4140 6382
607 380 740 445 1155

1911 373 2558 435 SUPPLEMENTUM.

3740 376 3888 442 1156

600 497 871 550 decimum
919 508 1103 547 verum
1150 491 1241 558 sit,
1281 490 1364 546 vel
1417 489 1529 546 sola
1577 504 1729 543 num.
1764 487 1827 542 7l
1869 497 2191 550 memorata,
2224 496 2267 547 Α
2302 485 2489 549 fuisse,
2539 482 2852 539 verosimile
2886 495 3130 556 apparet.
3188 486 3385 543 Verum
3420 500 3718 560 antequam
3779 493 3896 547 hoc

601 601 706 655 qua
739 585 1052 638 limmanuel
1079 583 1417 649 Comnenus,
1443 584 1512 637 ab
1537 597 1683 636 anno
1711 579 1846 634 “80
1866 579 2182 647 imperator,

602 691 702 744 per
730 675 989 730 Demetrii
1023 674 1143 729 l'esti
1184 683 1391 744 partem
1426 689 1454 727 a
1481 674 1606 744 jure
1638 671 1871 726 dicendo
1905 667 2187 722 abstinen-

603 767 729 820 dum
765 769 815 820 in
863 765 1050 822 Sancti
1097 767 1260 832 hujus
1297 766 1710 820 venerationem
1767 761 1978 824 statuit,
2034 774 2184 814 anno

609 857 744 910 “66
776 855 997 911 Novella
1023 863 1346 926 argumento
1371 864 1476 911 est.
1505 854 1662 921 Quod
1698 862 1879 908 autem
1917 851 1982 904 ad
2015 865 2186 904 sarcu-

606 950 714 1002 lum
736 954 989 1017 quartum
1017 949 1288 1003 decimum
1321 946 1478 1017 (nihil
1513 947 1679 1009 enim,
1709 946 1851 1016 quod
1875 944 1942 997 de
1973 943 2184 997 dccimo

607 1041 768 1092 tertio
797 1039 1122 1094 nominatim
1153 1040 1353 1102 dicam,
1381 1039 1641 1108 occurrit)
1673 1039 1780 1107 jam
1806 1043 2038 1100 Spectat,
2073 1035 2180 1088 De-

587 1130 864 1182 metrium
899 1139 1031 1185 tunc
1062 1129 1228 1185 etiam
1265 1130 1332 1185 ab
1369 1130 1502 1199 ipsis
1543 1127 1791 1182 Orientis
1832 1121 2186 1195 imperatori-

607 1221 712 1276 bus
744 1223 1069 1276 honoratum
1102 1222 1293 1283 fuisse,
1321 1223 1495 1292 palam
1522 1230 1603 1275 est
1638 1231 1750 1273 tum
1779 1236 1842 1274 ex
1872 1219 1940 1272 iis
1973 1233 2094 1287 qum
2119 1217 2186 1270 de

610 1314 922 1368 Andronico
958 1313 1206 1378 Juniore,
1249 1329 1392 1367 anno
1425 1312 1556 1366 13H
1605 1311 1716 1364 vita
1771 1309 1982 1372 functo,
2019 1314 2184 1360 antea

589 1405 776 1457 relata
813 1413 974 1467 sunt,
1026 1414 1135 1457 tum
1168 1423 1196 1456 e
1247 1417 1409 1472 supra
1445 1401 1552 1455 huc
1594 1396 1938 1466 transcriptis
1968 1390 2184 1463 Georgii

607 1496 795 1549 Cadini
829 1495 1033 1556 verbis,
1053 1495 1253 1563 quibus
1284 1494 1371 1547 hic
1403 1491 1586 1547 szeculi
1615 1488 1795 1560 quarti
1827 1485 2022 1542 decimi
2053 1485 2187 1540 scri-

610 1600 732 1657 ptor
761 1589 943 1649 docet,
982 1589 1344 1656 imperatores
1377 1593 1537 1640 aetate
1571 1598 1668 1637 sua
1701 1597 1765 1636 ac
1793 1581 1950 1651 proin
1985 1577 2185 1632 saeculo

608 1691 807 1749 quarto
852 1680 1064 1734 decimo
1112 1678 1177 1732 ad
1227 1678 1402 1732 sancti
1441 1676 1698 1731 Demetrii
1750 1672 2181 1736 monasterium,

606 1787 702 1826 seu
735 1773 903 1827 adem
937 1780 1128 1824 sancto
1158 1769 1284 1824 huic
1314 1784 1544 1826 sacram.
1582 1767 1670 1822 cui
1703 1765 2115 1825 monasterium,
2153 1777 2181 1816 a

607 1865 927 1936 Palaeologis
959 1865 1190 1925 dictum,
1234 1871 1380 1916 esset
1411 1861 1732 1929 adjunctum
1756 1899 1770 1922 ,
1800 1855 2028 1911 solemni
2060 1871 2188 1923 sup-

612 1957 933 2026 plicantium
981 1955 1086 2008 ritu
1121 1968 1239 2010 sese
1282 1968 1390 2007 una
1437 1967 1559 2005 cum
1593 1951 1715 2005 aula
1749 1964 1845 2004 sua
1892 1947 2189 2018 quotannis

603 2050 676 2102 26
707 2048 961 2102 Octobris
1007 2051 1116 2111 die,
1153 2045 1342 2099 Sancti
1379 2043 1554 2097 nostri
1603 2042 1773 2096 cultui
1825 2040 2065 2102 addicta,
2095 2055 2185 2093 so-

606 2138 777 2192 luisse
831 2137 1107 2191 conferre.
1154 2135 1232 2188 Ad
1283 2150 1345 2188 ea
1397 2134 1581 2196 modo,
1614 2148 1733 2201 quae
1784 2131 1985 2185 Sancto
2020 2132 2186 2184 etiam

607 2241 736 2285 ante
781 2230 1038 2285 saeculum
1090 2227 1442 2280 undecimum
1489 2224 1927 2285 venerationem,
1979 2225 2188 2280 sanctis

607 2324 814 2380 deferri
883 2321 1124 2382 solitam,
1169 2318 1338 2372 fuisse
1377 2316 1674 2372 cxhibitam
1721 2326 2186 2385 commonstrant,

607 2421 714 2486 iam
746 2413 1082 2484 progredior.
1108 2411 1390 2465 Pelerinus
1413 2409 1465 2462 in
1497 2409 1841 2463 diversorum
1873 2407 2177 2462 nomisma-

611 2520 725 2559 tum
779 2502 1162 2568 Miscellaneis,
1217 2516 1362 2555 anno
1421 2499 1562 2554 4765
1608 2498 1831 2554 Parisiis
1888 2499 1941 2552 in
2005 2498 2180 2555 lucem

609 2599 792 2662 editis,
835 2597 930 2652 lib.
969 2612 1009 2660 t,
1044 2595 1110 2649 ad
1150 2610 1274 2665 pag.
1316 2593 1423 2647 222
1472 2592 1691 2647 exhibet
1727 2592 1999 2658 tabulam,
2043 2592 2187 2647 inter

611 2692 790 2744 varias
829 2688 984 2752 alias,
1018 2687 1219 2756 quibus
1246 2685 1390 2740 varia
1415 2683 1801 2753 exprimuntur
1828 2684 2185 2757 nomismata,

611 2781 806 2835 ordine
841 2779 1242 2842 duodecimam,
1282 2776 1438 2846 cujus
1489 2777 1796 2841 numisma,
1841 2787 1966 2830 nota
1997 2793 2188 2830 nume-

609 2874 712 2928 ruli
745 2874 810 2928 l3
840 2873 1174 2932 distinctum,
1201 2870 1258 2924 in
1287 2869 1464 2924 antica
1491 2869 1711 2938 quidem
1744 2876 1897 2938 parte
1919 2868 2190 2922 Constan-

612 2967 790 3021 tinum
825 2966 1233 3034 imperatorem,
1277 2961 1332 3016 in
1368 2961 1572 3032 postica
1613 2976 1743 3016 vero
1788 2969 2036 3015 sanctum
2085 2961 2188 3014 De-

611 3059 885 3124 metrium,
917 3059 1139 3112 nomine
1173 3056 1244 3123 ei,
1275 3071 1386 3110 non
1419 3057 1756 3126 Δημήτριος,
1791 3057 1886 3109 sed
1929 3069 1960 3108 e
2006 3071 2181 3120 more,

611 3168 720 3221 quo
751 3151 853 3206 Eta
883 3160 942 3205 ut
986 3151 1104 3204 Iota
1131 3148 1468 3218 pronuntiari
1513 3148 1742 3211 solebat,
1781 3147 1923 3217 apud
1958 3147 2177 3204 Grtecos
2213 3171 2252 3230 ο

614 3255 744 3299 tunc
779 3243 1116 3307 introducto,
1166 3243 1387 3310 Διμιτρι
1440 3241 1699 3310 ascripta,
1725 3242 2009 3310 hastaque,
2041 3243 2184 3312 quod

614 3335 788 3389 hastis
827 3333 1112 3388 confossus
1147 3341 1311 3401 mart:
1328 3335 1470 3385 rium
1517 3333 1952 3397 consummarit,
1999 3333 2184 3387 manui

613 3431 816 3482 dextra:
840 3427 1064 3490 inserta,
1100 3425 1356 3490 exhibet;
1389 3423 1539 3478 addit
1568 3435 1748 3476 autem
1784 3438 1929 3486 esse,
1957 3439 2056 3477 cur
2086 3439 2186 3492 pu-

614 3527 812 3582 temus,
846 3519 1253 3589 imperatorem,
1288 3516 1380 3585 qui
1420 3516 1690 3569 numisma
1718 3515 1850 3568 illud
1877 3515 2186 3570 cadendum

611 3611 845 3675 curavit,
880 3610 1044 3664 alium
1078 3624 1188 3662 non
1229 3621 1368 3669 esse,
1415 3621 1576 3676 quam
1615 3606 2043 3661 Constantinum
2085 3607 2186 3671 γι,

614 3704 707 3774 qui
742 3717 847 3758 una
893 3718 1016 3757 cum
1049 3709 1223 3756 matre
1260 3715 1356 3754 sua
1399 3699 1552 3754 Irene
1587 3699 1885 3769 imaginum
1939 3699 2146 3753 cultum
2171 3739 2186 3765 ,

611 3811 643 3850 a
676 3795 1036 3850 Constantino
1075 3791 1418 3862 COpronymo
1448 3799 1504 3844 et
1534 3789 1719 3845 Leone
1748 3790 1960 3854 lsauro,
1993 3791 2188 3846 deces-

613 3889 832 3944 soribus
867 3887 1006 3949 suis,
1038 3886 1378 3956 abrogatum,
1413 3883 1671 3939 restituit.

605 4001 613 4004 -
685 3980 806 4034 125.
849 3979 927 4034 Ita
963 3989 1227 4048 quantum
1257 3977 1322 4031 ad
1361 3976 1723 4031 substantiam
1757 3976 1940 4031 verbis
1968 3975 2191 4031 Gallicis

614 4072 854 4141 scriptor
893 4070 1015 4136 ille;
1062 4070 1190 4124 licet
1230 4078 1436 4129 autem,
1472 4083 1592 4138 quae
1627 4069 1776 4123 nisce
1827 4068 2191 4138 exprimitur,

615 4163 807 4232 opinio
834 4171 1006 4225 certa,
1036 4159 1495 4232 quemadmodum
1531 4160 1761 4229 ipsemet
1809 4173 1930 4212 mox
1967 4157 2190 4220 fatetur,

617 4257 938 4323 neutiquam
973 4254 1063 4313 sit,
1091 4262 1172 4306 sat
1202 4261 1380 4305 tamen
1413 4250 1737 4330 verosimilis
1767 4257 2010 4317 apparet,
2037 4249 2194 4302 hinc-

616 4363 724 4416 que
758 4347 920 4399 etiam
973 4344 1100 4398 inde
1135 4359 1163 4396 a
1213 4343 1414 4396 smculo
1464 4350 1678 4402 octavo,
1727 4356 1834 4409 quo
1877 4340 1986 4406 jam
2035 4355 2194 4393 senc-

618 4445 833 4496 scentc,
875 4434 1266 4488 Constantinus
1307 4431 1366 4484 Vl
1412 4432 1640 4500 ejusque
1690 4439 1862 4483 mater
1908 4429 2060 4483 Irene
2092 4427 2192 4483 llo-

2287 579 2576 646 probatum
2637 577 2782 641 dem,
2844 578 3106 632 nonnulla
3161 581 3364 646 adhuc,
3427 597 3495 635 ne
3549 585 3675 652 quis
3739 582 3894 638 folle

2286 670 2452 723 etiam
2484 680 2745 737 quantum
2779 669 2845 723 ad
2878 671 3318 736 venerationem,
3358 672 3561 729 Sancto
3588 675 3657 728 ab
3699 675 3892 746 impe-

2286 768 2469 814 ratore
2505 761 2595 813 illo
2626 760 2885 823 delatam,
2924 761 2974 814 in
3009 777 3252 816 errorem
3287 765 3599 829 inducatur,
3635 770 3893 837 praemit-

2289 850 2448 906 tenda
2481 860 2628 906 sunt.
2669 849 2962 906 Victoriam
3001 853 3068 906 de
3121 853 3316 910 Russis
3348 856 3415 911 ab
3444 859 3640 911 eodem
3697 859 3758 912 in
3783 875 3888 928 pe-

2287 951 2493 1005 ratore,
2532 953 2720 998 sancto
2747 943 3041 998 Theodoro
3084 945 3224 1000 duce
3255 954 3309 1002 et
3341 959 3578 1020 martyre
3609 951 3659 1005 ei
3693 953 3889 1020 cpitu-

2287 1032 2455 1096 lante,
2506 1033 2671 1087 fuisse
2729 1034 2975 1098 relatam,
3029 1035 3315 1092 Cedrenus
3381 1038 3437 1092 in
3498 1038 3886 1094 Historiarum

2288 1125 2603 1190 Compendio
2635 1128 2908 1179 memoriae
2939 1127 3150 1194 prodit;
3181 1130 3367 1190 verba.
3397 1131 3597 1199 quibus
3632 1131 3682 1185 id
3721 1131 3880 1196 facit,

2289 1223 2409 1269 utut
2439 1217 2504 1269 ad
2529 1216 2790 1271 Sanctum
2829 1232 3080 1272 nostrum
3111 1222 3330 1289 preprie
3367 1221 3512 1275 haud
3543 1226 3878 1291 spectantia,

2287 1307 2492 1363 idcirco
2526 1320 2730 1375 tamen,
2782 1311 2926 1379 quod
2951 1312 3015 1365 ad
3049 1315 3122 1365 rei
3177 1313 3264 1367 hic
3294 1313 3673 1377 discutiendae,
3703 1327 3882 1384 atque

2287 1401 2352 1454 ad
2382 1401 2817 1464 venerationem,
2851 1420 2955 1470 qua
2985 1420 3111 1472 erga
3143 1403 3401 1459 Sanctum
3437 1406 3720 1461 Zemisces
3753 1407 3882 1464 fue—

2287 1493 2379 1557 rit,
2401 1493 2700 1562 spcc1autis
2729 1493 3149 1563 intelligentiam
3190 1497 3527 1562 conducant,
3570 1498 3673 1553 hac
3699 1507 3872 1553 tran-

2287 1583 2490 1638 scribo.

2357 1676 2479 1730 126.
2516 1675 2607 1731 Sic
2655 1675 2906 1732 habent:
2947 1696 2964 1728 ‹
3002 1677 3208 1732 Ferunt
3257 1692 3318 1732 ea
3373 1695 3549 1748 pugna
3601 1679 3872 1735 divinitus

2287 1783 2502 1838 quoque
2547 1767 2809 1823 Romanis
2843 1771 3007 1822 latum
3039 1770 3303 1823 auxilium
3339 1788 3351 1823 :
3387 1787 3510 1824 nam
3549 1773 3617 1825 ab
3661 1773 3874 1826 Austro

2291 1866 2538 1918 obortam
2571 1862 2858 1930 procellam
2895 1863 2947 1916 in
2989 1863 3156 1917 facies
3205 1863 3530 1933 Scytharum
3564 1865 3870 1936 ingruisset.

2290 1969 2491 2022 eosque
2522 1953 2889 2022 impedivisse,
2921 1970 2986 2007 ne
3016 1970 3117 2008 suo
3140 1955 3406 2008 arbitratu
3425 1971 3538 2009 rem
3563 1966 3820 2026 gererent
3849 1973 3867 2020 ;

2289 2055 2343 2099 ct
2379 2043 2446 2098 ab
2479 2045 2627 2099 omni
2657 2044 3027 2098 Romanorum
3052 2046 3292 2100 exercitu
3321 2059 3674 2114 conspectum
3695 2047 3870 2102 fuisse

2289 2136 2466 2191 virum
2501 2137 2623 2191 albo
2656 2153 2794 2208 equo
2835 2139 3146 2204 vt'hcntem,
3189 2138 3277 2208 qui
3317 2140 3573 2208 princeps
3628 2156 3867 2210 pugnam

2291 2229 2492 2290 inierit,
2535 2229 2887 2298 hostiumque
2921 2228 3142 2286 ordines
3173 2232 3606 2293 conturbaverit,
3656 2234 3868 2286 nemini

2289 2337 2467 2392 neque
2495 2333 2623 2376 ante
2668 2338 2848 2390 neque
2895 2324 3184 2392 postmodo
3213 2325 3512 2394 cognitum.
3570 2326 3706 2380 Eum
3748 2327 3866 2380 aie-

2291 2415 2420 2469 bant
2475 2412 2644 2466 t‘uisse
2698 2410 3049 2466 Theodorum
3111 2430 3278 2467 unum
3337 2417 3402 2470 de
3451 2415 3856 2484 pulcherrimas

2289 2501 2598 2557 consecutis
2635 2501 2894 2556 victorias
2931 2501 3286 2574 martyribus.
3341 2503 3486 2558 Sane
3537 2504 3622 2557 his
3650 2519 3869 2574 semper

2289 2593 2607 2663 auSpicibus
2635 2601 2797 2662 atque
2839 2594 3213 2664 antesignanis
3252 2595 3537 2649 adversum
3569 2595 3756 2649 hostes
3788 2596 3864 2648 uti

2290 2686 2499 2741 solebat
2543 2687 2840 2755 imperator
2890 2686 2978 2738 hic
3016 2725 3030 2738 .
3079 2695 3135 2740 et
3165 2702 3272 2756 quo
3305 2686 3392 2740 die
3426 2686 3539 2740 haec
3574 2703 3752 2756 pugna
3785 2695 3868 2740 est

2293 2790 2549 2850 pugnata,
2604 2778 2648 2833 is
2701 2778 2874 2833 festus
2919 2777 3022 2832 l‘uit
3073 2780 3353 2833 memoria:
3407 2779 3555 2833 illius
3587 2777 3865 2833 Theodori

2289 2874 2629 2926 exercituum
2685 2872 2952 2926 ductoris.
3000 2869 3104 2924 Sed
3155 2881 3210 2925 et
3263 2873 3570 2925 veneranda
3618 2871 3865 2940 quedam

2291 2963 2486 3017 mulier
2516 2962 2992 3031 Constantinopoli
3029 2962 3187 3018 ﬁdem
3223 2962 3373 3026 fecit.
3403 2964 3452 3019 id
3489 2965 3665 3018 visum
3696 2963 3866 3018 fuisse

2291 3053 2558 3107 divinum.
2606 3053 2678 3106 Ea
2712 3055 2859 3108 enim
2897 3055 3069 3123 pridie
3110 3055 3267 3110 istius
3295 3055 3401 3110 diei
3437 3057 3488 3111 in
3519 3057 3726 3111 somnis
3754 3059 3866 3112 visa

2291 3146 2466 3200 fuerat
2507 3156 2685 3200 astare
2748 3145 3009 3224 Deiparaa,
3057 3160 3112 3202 et
3156 3148 3346 3204 audire
3397 3163 3518 3203 eam
3588 3147 3861 3204 dicentem

2288 3236 2503 3292 cuidam
2529 3237 2682 3291 militi
2719 3253 2732 3289 :
2771 3237 2998 3294 Domine.
3024 3236 3332 3305 Theodore,
3359 3257 3513 3295 meus
3544 3241 3632 3296 ille
3659 3252 3712 3296 et
3741 3253 3864 3296 tuus

2287 3329 2523 3384 Joannes
2559 3330 2611 3385 in
2639 3331 2881 3400 periculo
2919 3341 3209 3397 versatur;
3240 3332 3437 3387 festina
3491 3333 3558 3388 ad
3609 3347 3766 3402 opem
3811 3332 3863 3387 ei

2290 3417 2609 3483 ferendam;
2665 3420 2827 3490 idque
2876 3419 3212 3475 insomnium
3274 3421 3450 3492 prima
3508 3421 3625 3477 luce
3671 3421 3865 3476 vicinis

2289 3521 2628 3566 narraverat.
2664 3509 2954 3566 Enimvero
2987 3512 3201 3584 Scytha:
3233 3529 3298 3569 eo
3328 3515 3516 3585 praelia
3541 3515 3862 3579 funduntur,

2289 3617 2523 3671 cumque
2556 3619 2615 3659 se
2650 3607 2826 3675 portis
2862 3605 3192 3660 interclusos
3219 3623 3245 3659 a
3280 3607 3455 3664 Barda
3487 3611 3770 3667 sent’rent.
3807 3610 3863 3664 in

2291 3707 2538 3761 campum
2575 3694 2696 3765 luga
2730 3697 3144 3767 disperguntur,
3182 3708 3522 3768 pereuntque
3557 3699 3867 3751 innumera-

2292 3782 2449 3846 biles,
2484 3786 2678 3853 partim
2711 3801 2741 3840 a
2773 3802 2830 3839 se
2865 3788 3096 3841 invicem
3127 3789 3452 3854 conculcati,
3480 3791 3674 3858 partim
3701 3804 3731 3842 a
3761 3788 3867 3842 Ro-

2295 3877 2474 3930 manis
2504 3878 2814 3931 obtruncati
2842 3918 2857 3943 ,
2892 3880 3162 3933 vulnerati
3203 3895 3342 3950 pene
3389 3898 3598 3936 omnes.
3650 3881 3866 3953 Martyri

2291 3968 2582 4022 Theodoro
2618 3972 2843 4040 gratiam
2874 3986 2971 4040 pro
2994 3987 3095 4042 ope
3131 3973 3240 4028 lata
3266 3974 3514 4029 referens
3546 3975 3864 4045 imperator.

2295 4062 2577 4130 templum,
2613 4063 2666 4114 in
2705 4078 2813 4131 quo
2855 4065 2898 4115 is
2928 4065 3180 4118 humatus
3229 4076 3366 4130 erat,
3400 4067 3466 4118 ad
3512 4067 3867 4122 fittidamen'a

2294 4164 2468 4222 usque
2487 4152 2780 4206 demolitus
2808 4195 2824 4218 ,
2853 4155 2999 4210 aliud
3029 4157 3625 4226 magniﬁcentissimum
3651 4167 3870 4211 exstru~

2294 4241 2394 4303 xit,
2427 4255 2490 4294 ac
2521 4242 2738 4310 praediis
2769 4244 2977 4312 amplos
3009 4247 3336 4300 habentibus
3373 4247 3582 4301 reditus
3610 4250 3864 4306 donavit:

2297 4331 2510 4393 urbem,
2540 4333 2594 4385 in
2623 4348 2725 4402 qua
2761 4335 2813 4388 id
2855 4346 2994 4400 erat,
3033 4352 3131 4405 pro
3181 4337 3499 4393 Euchaneia
3540 4339 3868 4395 Theodoro-

2293 4423 2461 4493 polim
2494 4425 2819 4478 nominavit.
2870 4441 2888 4476 ι
2923 4427 3219 4482 Bollandus
3252 4440 3440 4484 noster
3475 4430 3592 4485 haec
3633 4430 3867 4485 Cedrcni

624 4537 871 4589 ruerunt,
911 4527 1048 4592 apud
1081 4524 1434 4592 imperatores
1451 4522 2108 4592 Constantinopolitanos,
2149 4523 2194 4575 si
2228 4505 2270 4559 ί)
2305 4518 2464 4572 verba
2500 4519 2552 4572 in
2583 4519 3015 4586 Commentario,
3040 4521 3189 4578 Actis
3212 4525 3384 4578 sancti
3407 4523 3681 4580 Theodori
3713 4526 3815 4581 duc
3841 4542 3870 4581 s

623 4631 801 4673 tamen
836 4616 1226 4671 Iconomacbos
1277 4616 1583 4683 exceperis,
1614 4629 1824 4667 summa
1871 4612 1923 4665 in
1968 4627 2196 4666 venerao

609 4710 771 4763 tione
811 4708 980 4762 fuisse
1009 4748 1023 4773 ,
1075 4705 1380 4759 vcrosimile
1422 4714 1697 4774 utcunque
1743 4703 1832 4758 sit.
1870 4705 2046 4773 Atque
2081 4704 2197 4761 hate

620 4811 768 4860 sunt.
800 4816 920 4870 qua:
954 4799 1022 4853 de
1049 4797 1427 4861 veneratione,
1465 4813 1627 4866 quam
1659 4796 1890 4850 Sanctus
1923 4795 2066 4866 apud
2093 4794 2197 4849 im-

621 4903 907 4962 peratores
938 4888 1584 4953 Constantinopolitanos
1630 4884 1826 4941 saucqu
1867 4897 2060 4941 octavo
2100 4888 2197 4941 ha-

625 4985 768 5047 buit,
799 4980 1277 5038 commemoranda
1312 4978 1493 5032 inveni
1523 4995 1537 5043 ;
1568 4977 1712 5045 quod
1759 4985 1940 5030 autem
1974 4976 2044 5030 ad
2093 4987 2198 5030 sae-

626 5075 808 5128 culum
837 5072 1080 5143 proxime
1105 5080 1352 5124 secutum
1387 5084 1483 5123 seu
1533 5083 1738 5122 nonum
1781 5067 1895 5136 iam
1941 5075 2196 5136 spectat,

627 5179 730 5218 nec
763 5173 889 5219 tunc
913 5177 1044 5217 sane
1065 5160 1396 5215 Demetrium
1421 5157 1916 5224 Constantinopoli,
1939 5165 2031 5210 aut
2055 5157 2198 5225 apud

627 5252 712 5319 ips
730 5266 777 5304 is
826 5250 1068 5305 Orientis
1102 5250 1466 5317 imperatores
1496 5247 1692 5315 exigua
1739 5245 1797 5298 in
1848 5246 2201 5299 veneratione

627 5344 822 5408 luisse,
861 5345 946 5397 vel
971 5343 1147 5398 solum
1178 5341 1227 5396 ei
1255 5341 1457 5396 ibidem
1491 5356 1637 5394 anno
1671 5337 1912 5402 circiter,
1949 5350 2006 5392 ut
2035 5354 2200 5408 supra

627 5435 813 5498 docui,
846 5435 952 5490 850
980 5451 1007 5489 a
1055 5433 1232 5488 Barda
1281 5431 1496 5487 Caesare
1542 5439 1879 5484 exstructum
1937 5433 2201 5499 templum

630 5535 956 5596 argumento
1004 5535 1088 5580 est
1119 5540 1376 5594 perquam
1405 5523 1606 5578 valido.
1639 5523 1719 5576 Ad
1757 5523 2014 5577 saeculum
2051 5524 2200 5578 deci-

630 5631 780 5670 mum
817 5619 1000 5670 venio.
1033 5615 1299 5670 Sanctum
1351 5631 1380 5668 a
1419 5614 1631 5669 Joanne
1675 5613 1944 5672 Zemisce.
1991 5616 2082 5682 qui
2135 5616 2203 5670 ab

628 5722 778 5760 anno
803 5707 909 5762 969
939 5707 1004 5761 ad
1026 5721 1242 5760 «annum
1293 5719 1463 5775 usque
1511 5705 1617 5761 975
1658 5705 1889 5775 imperio
1939 5704 2201 5760 Orientali

635 5799 850 5869 praefuit
872 5841 886 5866 ,
931 5816 1125 5872 magno
1161 5801 1215 5854 in
1248 5799 1425 5871 pretio
1457 5813 1520 5853 ac
1553 5798 1903 5854 veneratione
1955 5798 2198 5854 habitum

2299 4618 2354 4663 et
2393 4611 2646 4680 martyris
2700 4612 2919 4681 praevio,
2948 4611 3014 4666 ad
3049 4614 3190 4667 diem
3243 4615 3274 4668 7
3307 4615 3611 4679 Februarii,
3661 4633 3770 4682 quo
3822 4617 3871 4671 is

2300 4699 2518 4761 colitur,
2551 4701 2717 4753 etiam
2752 4701 2944 4755 recitat
2970 4742 2986 4769 ,
3019 4717 3081 4756 ac
3111 4703 3329 4767 deinde,
3369 4706 3651 4760 nonnullis
3696 4707 3870 4760 inter-

2299 4790 2520 4859 positis,
2547 4806 2700 4845 num.
2727 4792 2818 4856 28,
2849 4793 3133 4863 subiungit
3174 4810 3188 4846 :
3223 4813 3239 4844 ι
3280 4794 3434 4860 Quod
3469 4812 3630 4865 supra
3676 4799 3866 4852 retuli-

2301 4893 2423 4934 mus
2451 4898 2513 4936 ex
2544 4881 2816 4950 Cedreno,
2848 4899 3063 4953 semper
3090 4889 3441 4942 consuevisse
3473 4887 3754 4945 Zemiscen
3789 4891 3867 4945 uti

2301 4968 2618 5037 auspicibus
2645 4979 2804 5040 atque
2831 4971 3208 5044 antesignanis
3237 4963 3494 5030 adversus
3524 4977 3710 5032 hostes
3732 4997 3868 5049 atpo-

2307 5063 2502 5130 μάχοις
2561 5077 2656 5114 και
2710 5061 3000 5132 προϐόλοις
3048 5065 3252 5119 sanctis
3308 5068 3679 5138 martyribus,
3731 5086 3870 5140 quos

2303 5152 2647 5215 καλλινίκους
2678 5143 3164 5224 τοοειιιέρυΙοΙιΗε
3191 5157 3478 5213 decoratos
3512 5161 3772 5226 victoriis,
3801 5178 3867 5216 ex

2304 5258 2370 5297 eo
2395 5243 2638 5299 fortassis
2664 5241 2803 5298 facto
2836 5245 2972 5301 ritus
3001 5245 3397 5304 ﬂammuiorum
3428 5254 3682 5314 manavit,
3707 5269 3866 5323 quem

2303 5337 2544 5391 Codinus
2559 5352 2678 5406 cap;
2706 5337 2740 5389 6
2754 5347 3022 5393 memorat
3043 5358 3056 5403 ς
3080 5350 3193 5402 aut,
3216 5340 3258 5396 si
3278 5341 3578 5412 antiquior,
3593 5344 3872 5399 conﬁrma.

2307 5437 2394 5482 tus
2428 5435 2576 5481 certe
2597 5427 2996 5500 religiosissimi
3038 5431 3183 5486 illius
3225 5435 3574 5504 imperatoris
3594 5438 3812 5506 pietate.
3833 5455 3863 5504 ,ι

2380 5519 2502 5574 127.
2542 5538 2561 5572 ‹
2599 5519 2760 5585 Dum,
2799 5520 2979 5590 inquit
3015 5521 3282 5589 Codinus,
3307 5525 3522 5596 liturgia
3574 5529 3868 5598 peragitur.

2305 5621 2400 5664 aut
2433 5609 2561 5665 solae
2590 5613 2752 5666 etiam
2792 5607 3046 5683 Vespera:
3079 5612 3319 5670 Sabbato
3347 5617 3431 5672 vel
3471 5616 3750 5672 Dominica
3779 5620 3873 5673 de-

2305 5712 2612 5765 cantantur,
2644 5717 2899 5772 proceres
2927 5705 2963 5759 ii
2993 5705 3086 5775 qui
3126 5707 3592 5765 circumstationis
3617 5711 3871 5766 modera-

2309 5805 2453 5850 tores
2480 5803 2627 5863 sunt,
2660 5803 2875 5864 gestant
2904 5797 3177 5855 llammula
3200 5839 3216 5866 ,
3252 5799 3366 5856 sive
3402 5800 3703 5872 φλάμουλα.
3738 5806 3875 5861 Sunt
