4140 6382
358 342 494 405 1157
643 354 646 358 ’
1005 333 1011 336 ’
1325 411 1330 418 ,
1425 346 1482 408 S.
1521 346 1900 408 DEMETRII

2036 349 2343 409 tli'IYBIS
2389 352 2600 415 ACTA.
3489 357 3624 426 “53

355 468 540 512 autem
590 455 693 510 ista
734 473 749 511 :
789 456 1031 512 Primum
1090 459 1540 530 archistratcgus,
1585 464 1700 516 sive
1750 467 1928 517 sancti
1959 469 2002 523 Α
2037 463 2186 518 hisce
2219 466 2379 520 illum
2417 467 2718 523 Bollandus
2753 467 2947 523 iisdem
2993 474 3392 538 aonumcranit,
3431 476 3627 531 Deme-

357 545 643 602 Michaelis
670 547 845 617 imago
869 564 884 613 ;
916 549 1170 613 alterum,
1190 552 1541 619 octapodion,
1561 552 1770 608 habens
1791 554 1933 607 Inul-

363 650 446 694 tas
471 640 797 708 divinosque
831 657 1110 696 sacrorum
1145 643 1461 710 pontiﬁcum
1505 646 1797 715 imagines,
1831 648 1926 700 Iin-

357 733 502 802 gulis
526 742 651 786 octo
678 749 693 796 ;
725 735 970 796 tertium,
999 751 1132 788 crux
1169 735 1381 790 habens
1414 737 1678 806 imagines
1702 748 1936 805 quatuor

361 839 685 894 magnorum
722 832 1015 895 martyrum
1053 825 1336 891 Demetrii,
1372 828 1617 896 Procopii
1649 838 1704 881 et
1733 831 1935 883 utrius-

361 930 468 982 que
517 915 832 978 Theodori;
874 926 1169 984 quartum,
1227 928 1628 988 reprazsentans
1685 933 1933 974 sanetum

358 1005 651 1076 Georgium
685 1009 946 1076 equitem;
976 1010 1250 1080 quintum,
1281 1011 1667 1078 Draconteutn;
1696 1022 1933 1078 sextum,

356 1098 707 1190 imperatoris
735 1100 964 1171 elligient
997 1103 1268 1158 exhibens
1291 1120 1433 1173 equo
1463 1105 1771 1164 insidentis.
1796 1105 1936 1160 Sunt

359 1194 704 1247 autem‘bina
734 1195 938 1260 omnia,
971 1196 1021 1248 id
1060 1205 1145 1250 est
1195 1199 1357 1252 simul
1387 1199 1694 1254 duodecim.
1737 1221 1754 1251 ι
1797 1199 1937 1254 llinc

359 1282 501 1338 forte
530 1285 652 1354 quis
678 1287 887 1350 credat,
925 1288 1070 1342 inter
1119 1300 1339 1345 sanctos
1370 1302 1654 1363 martyres,
1699 1294 1931 1346 καλλινί-

359 1394 488 1438 κους
503 1393 596 1431 seu
625 1379 855 1446 pu’chrir
879 1384 1153 1435 decoratos
1173 1384 1407 1442 cicloriia
1429 1396 1796 1454 nuncupatos.
1815 1388 1936 1454 qui-

360 1470 462 1525 bus
475 1469 742 1528 Joannem
761 1473 1037 1536 Zemisceu
1057 1475 1368 1546 auspicibus
1383 1489 1546 1548 atque
1565 1479 1936 1547 antesignanis

361 1563 622 1618 adversus
649 1564 855 1630 hostes,
881 1568 1190 1636 προμάχοις
1221 1569 1314 1624 καὶ
1350 1571 1660 1640 προϐόλοις,
1685 1572 1761 1626 uti
1795 1587 1935 1626 sem-

359 1669 459 1724 per
485 1655 860 1718 consucvisse,
892 1655 1179 1712 Cedrenus
1202 1661 1365 1714 tradit
1396 1675 1492 1729 per
1514 1662 1678 1716 verba
1709 1663 1932 1718 recitata

363 1761 396 1800 a
427 1746 686 1800 Bollando
725 1748 889 1802 etiam
938 1751 1212 1812 receuseri
1249 1762 1500 1807 sanetum
1550 1753 1930 1818 Demetrium;

365 1853 553 1892 verum
601 1854 686 1892 res
732 1854 897 1894 secus
948 1840 1133 1896 habet.
1179 1841 1471 1910 Bollaudus
1517 1845 1663 1900 enim
1711 1856 1933 1902 smctos

364 1945 651 2003 martyres,
679 1935 879 2003 quibus
915 1937 965 1990 in
992 1937 1136 1992 bello
1161 1939 1476 2007 auspicibus
1500 1941 1774 1997 Zemisces
1805 1959 1934 1998 usus

361 2025 434 2078 sit
459 2065 475 2086 ,
512 2041 622 2080 non
667 2027 822 2091 alios,
857 2044 1020 2097 quam
1059 2028 1360 2096 Cedrenus,
1411 2031 1568 2102 cujus
1602 2038 1935 2091 auctoritate

364 2119 576 2180 nititur,
609 2119 918 2190 designatos
951 2122 1220 2186 voluerit;
1257 2123 1348 2178 hic
1398 2134 1580 2180 autem
1628 2127 1766 2181 duos
1813 2143 1934 2184 san-

362 2219 479 2264 ctos
511 2210 779 2266 duntaxat
817 2212 1137 2270 Theodorus
1186 2228 1496 2287 martyres.
1541 2218 1682 2275 duos
1725 2221 1936 2278 scilicet

361 2304 696 2357 Celebriores
725 2306 865 2369 illos,
898 2322 1128 2374 quorum
1159 2307 1294 2361 alter
1332 2310 1547 2369 tironis.
1591 2311 1730 2365 alter
1776 2317 1933 2370 ducis

363 2395 519 2449 titulo
550 2395 690 2450 solet
715 2396 1004 2467 distingui.
1037 2414 1134 2467 pro
1161 2401 1478 2469 auspicibus
1523 2413 1686 2470 atque
1727 2406 1935 2462 antesiv-

358 2490 555 2558 gnanis
584 2489 639 2542 in
671 2490 812 2544 bello
857 2507 885 2544 a
932 2489 1175 2548 Zemisce
1207 2492 1484 2546 adhibitos
1515 2507 1929 2552 commemorat.

362 2580 432 2636 Ut
459 2597 544 2635 res
577 2581 864 2637 manifesta
894 2587 1110 2646 eva-lat,
1139 2583 1323 2642 Graeca
1357 2589 1498 2653 egus,
1524 2603 1644 2656 qua:
1676 2589 1783 2643 huc
1817 2606 1935 2659 spe-

360 2683 512 2728 ctant
547 2684 740 2743 satque
769 2685 1024 2730 accurate
1057 2675 1354 2733 Latinitate
1399 2679 1600 2736 donata
1639 2698 1748 2738 non
1781 2695 1931 2747 sunt,

361 2767 525 2820 verba
562 2767 669 2821 huc
699 2767 970 2823 transfero
998 2784 1103 2822 una
1133 2784 1258 2823 cum
1305 2771 1408 2826 alia
1453 2788 1482 2826 a
1527 2787 1615 2827 tne
1667 2775 1931 2830 adornata

363 2860 819 2930 interpretatione
853 2862 1064 2917 Latina.
1102 2862 1178 2917 ita
1234 2864 1436 2920 habent
1469 2881 1482 2916 :
1540 2866 1651 2918 Καί
1679 2883 1762 2928 τις
1793 2867 1933 2936 ἀνὴρ

362 2943 516 3003 dum
580 2953 745 3005 παντὶ
780 2953 857 3020 τῷ
911 2955 1266 3023 στρατοπέδῳ
1303 2954 1594 3025 Ῥωμαίων
1626 2956 1711 3024 to‘
1760 2958 1930 3011 ἵππου

362 3041 560 3096 λευκοῦ
610 3045 1147 3114 προαγωνιζόμευος,
1191 3047 1285 3098 καὶ
1329 3047 1430 3109 τὰς
1483 3047 1593 3100 τῶν
1655 3047 1931 3117 πολεμίων

2039 558 2204 612 trium
2237 569 2438 619 tamen.
2468 563 2612 628 quod
2646 563 2792 616 inter
2823 580 2915 617 sex
2958 563 3235 621 ﬂammula
3265 583 3361 623 seu
3396 571 3622 634 vexilla,

2039 662 2161 716 qua:
2211 649 2265 702 in
2309 647 2609 719 majoribus
2651 654 2806 708 l'cstis
2856 655 2931 709 rei
2984 657 3181 711 divina!
3217 658 3492 714 assistenti
3527 663 3628 716 im-

2038 740 2276 807 peratori
2342 758 2371 794 a
2424 746 2744 807 proceribus
2797 745 3036 814 praferri
3087 749 3375 809 solebant.
3450 769 3620 806 unum

2037 833 2237 893 etiam,
2285 835 2431 902 quod
2459 875 2472 897 ,
2522 838 2980 904 quemadmodum
3035 840 3265 896 adducta
3301 861 3328 896 a
3362 842 3625 898 Bollanth

2039 923 2235 979 Codlui
2271 930 2434 981 verba
2488 929 2648 982 ﬁdem
2699 930 2928 994 faciunt,
2979 944 3232 987 sanctum
3285 934 3621 990 Demetrium

2038 1019 2488 1085 repraesentabat,
2516 1031 2894 1083 recenseatur.
2922 1026 3213 1093 praecipuis
3239 1027 3370 1080 olim
3403 1029 3621 1096 imperii

2037 1106 3044 1182 Constantinopolitaniprotectoribus
3084 1116 3252 1169 fuisse
3298 1132 3619 1183 accensum,

2038 1198 2402 1256 indubitatum
2435 1214 2686 1274 apparet,
2735 1205 2896 1274 idque
2945 1207 3025 1260 vel
3056 1222 3085 1260 a
3119 1209 3322 1261 seculo
3352 1225 3518 1271 nono,
3556 1211 3606 1264 si

2037 1291 2434 1350 ﬂammulorum
2465 1295 2684 1349 illorum
2717 1311 2816 1350 seu
2848 1297 3165 1352 vexillorum
3200 1316 3379 1356 ususa
3404 1299 3620 1356 Joanne

2039 1384 2284 1442 Zetnisce
2320 1389 2553 1454 primum
2585 1389 2926 1443 introductus
2962 1389 3084 1455 fuit,
3111 1391 3189 1443 Vel
3220 1392 3382 1447 etiam
3421 1393 3606 1453 citius.

2035 1478 2082 1530 si
2114 1477 2162 1530 is
2203 1487 2330 1533 ante
2382 1479 2647 1548 principis
2679 1481 2842 1549 hujus
2881 1490 3098 1536 aetatem
3145 1484 3257 1551 jam
3291 1484 3617 1547 obtinuerit,

2037 1569 2497 1639 conlirmatusque
2525 1575 2593 1624 ab
2641 1571 2734 1625 illo
2775 1572 3042 1628 duntaxat
3075 1573 3616 1631 fueriLAiterutrum

2037 1675 2171 1716 sane
2209 1662 2412 1716 tat-tum
2444 1677 2565 1718 esse
2589 1701 2603 1723 .
2637 1679 2700 1717 ac
2738 1665 2894 1732 proin
2936 1667 3075 1734 apud
3121 1666 3389 1720 Joannem
3431 1667 3616 1722 lenii-

2037 1767 2168 1808 scen
2215 1769 2412 1822 magna
2443 1755 2498 1807 in
2531 1757 2882 1810 veneratione
2933 1756 3265 1812 Demetrium
3299 1761 3488 1822 fuisse,
3521 1778 3616 1816 ve-

2043 1842 2284 1902 rosituile
2315 1845 2485 1909 mihi,
2523 1848 2982 1915 quemadmodum
3030 1858 3086 1903 ct
3134 1848 3394 1906 Bollando
3441 1854 3613 1907 visunt

2042 1944 2148 1996 est.
2181 1935 2420 1990 videtur.

2106 2029 2234 2084 1°29.
2267 2031 2446 2099 Atque
2499 2030 2554 2084 in
2592 2032 2734 2086 hanc
2774 2032 3090 2102 opinionem
3145 2051 3210 2090 ex
3255 2050 3322 2090 co
3369 2036 3614 2092 concedo

2041 2123 2388 2193 propensius,
2417 2127 2559 2191 quod
2604 2125 2840 2180 Sanctus
2867 2126 3124 2194 equidem
3156 2129 3248 2182 diu
3282 2130 3449 2183 etiam
3485 2140 3614 2182 ante

2041 2216 2301 2270 szrculum
2330 2231 2536 2271 nonum
2568 2233 2665 2273 seu
2689 2217 2918 2272 Joannis
2945 2218 3208 2275 Zemisctc
3228 2259 3244 2284 ,
3271 2222 3552 2288 imperato:
3569 2221 3618 2274 is

2040 2306 2656 2378 Cuttstantittopolitaui,
2690 2321 2907 2366 tetatetn
2950 2313 3239 2383 σύμμαχος
3277 2330 3372 2368 seu
3420 2316 3475 2369 in
3505 2316 3613 2369 Μ-

2039 2401 2110 2456 iis
2137 2403 2432 2460 auxiliator
2463 2404 2531 2458 ab
2550 2404 2976 2474 imperatoribus
2996 2407 3617 2477 Constantinopolitanis

2043 2493 2261 2548 habitu-3
2289 2495 2477 2557 fuerit,
2511 2496 2723 2564 hocque
2753 2497 2921 2552 etiam
2949 2498 3172 2554 nomine
3202 2515 3392 2569 magna
3427 2500 3482 2554 in
3524 2515 3616 2560 ve-

2042 2585 2508 2654 tteratione'apud
2541 2588 2664 2642 illos
2698 2591 2992 2654 exstiterit,
3026 2593 3101 2644 uti
3134 2592 3217 2646 vel
3263 2609 3328 2646 ex
3359 2608 3425 2646 eo
3453 2593 3618 2649 Colli-

2039 2691 2156 2746 gas,
2188 2681 2330 2745 quod
2365 2678 2653 2734 Mauritius
2679 2723 2692 2743 ,
2723 2679 3368 2751 Constantinopolitanus
3417 2683 3616 2737 sucula

2039 2777 2196 2822 sexto
2225 2780 2542 2824 senescente
2571 2772 2960 2837 sequentisque
2992 2771 3150 2827 initio
3185 2773 3510 2843 imperator,
3547 2779 3616 2828 ah

2041 2858 2299 2922 Eusebio,
2341 2860 2816 2918 Thessalonicensi
2870 2865 3308 2936 archiepiscopo,
3357 2869 3616 2937 corporis

2040 2954 2212 3009 sancti
2243 2954 2500 3010 Demetrii
2547 2967 2756 3026 partem
2777 2997 2792 3018 ,
2824 2973 2933 3026 quo
2969 2959 3133 3028 hujus
3163 2960 3220 3013 in
3269 2960 3432 3015 bellis
3463 2962 3618 3016 auxi-

2043 3045 2175 3100 lium
2211 3045 2581 3114 experietur,
2602 3047 2906 3112 postularit.
2943 3050 3197 3119 idemque
3243 3063 3370 3105 ante
3421 3051 3620 3106 llam-io

360 3133 568 3188 κλονῶν
618 3136 712 3190 καὶ
745 3135 1131 3205 διαταρὰστων
1159 3137 1474 3206 φάλαγγας,
1512 3139 1707 3208 μηδενὶ
1738 3140 1928 3209 πρότε-

2039 3137 2174 3192 tium
2200 3137 2546 3194 Justinianus
2571 3139 2612 3199 l.
2644 3139 2737 3208 qui
2761 3148 2818 3194 ct
2841 3139 2958 3209 ipse
2980 3142 3183 3194 saecqu
3225 3151 3378 3196 sexto
3407 3142 3615 3208 ﬂoruit,

364 3244 454 3296 ρον
481 3227 513 3298 ἢ
549 3230 690 3297 pcta
720 3228 891 3288 ταῦτα.
921 3231 1218 3298 γενόμενος
1258 3230 1560 3302 γνώριμος,
1589 3231 1650 3289 ὃν
1690 3234 1932 3298 ἔφασκον

361 3319 460 3374 ινα
517 3316 658 3374 εἶναι
718 3322 828 3374 τῶν
863 3322 1190 3376 καλλινίκων
1252 3324 1560 3394 μαρτύρων
1616 3324 1934 3394 Θεοδὼρων.

363 3409 591 3474 Τούτοις
623 3412 678 3465 δὲ
714 3413 1023 3482 προμάχοις
1075 3416 1162 3468 ἀεὶ
1192 3414 1286 3467 καὶ
1331 3414 1618 3483 προϐόλοις
1650 3417 1793 3469 κατὰ
1821 3417 1934 3472 τῶν

362 3505 640 3572 πολεμίων
678 3505 879 3575 ἐχρῆτο
927 3509 956 3558 6
993 3506 1267 3576 βασιλεὺς
1304 3510 1399 3562 καὶ
1443 3510 1552 3578 γὰρ
1583 3509 1649 3579 δὴ
1679 3515 1774 3562 καὶ
1805 3528 1928 3565 συν·

362 3596 521 3666 stula
588 3595 739 3648 τόνδε
786 3598 877 3649 τὸν
922 3598 1110 3664 ἀγῶνα
1158 3597 1281 3652 κατ’
1347 3597 1520 3668 αὐτὴν
1591 3601 1929 3671 συναχθῆναι

360 3691 462 3760 τὴν
505 3691 741 3761 ἡμέραν,
775 3690 902 3744 καθ’
939 3691 1006 3761 ἢν
1034 3690 1311 3758 εἰώθαμεν
1341 3691 1630 3762 ἑορτάζειν
1664 3692 1764 3762 τὴν
1793 3695 1929 3765 μνήο

362 3801 471 3852 μην
512 3784 608 3836 τοῦ
661 3783 1060 3853 στρατηλάτου.
1115 3785 1396 3840 Hactenus
1447 3784 1634 3838 Greca
1692 3783 1927 3839 Cedretti

360 3872 560 3940 veiba;
589 3889 660 3928 en
703 3890 870 3937 nunc,
895 3891 1017 3944 qua:
1046 3876 1114 3930 iis
1141 3874 1450 3944 adaptanda
1484 3882 1588 3939 ut,
1618 3874 1808 3930 stricta
1842 3874 1929 3928 in-

361 3967 681 4036 terpretatio
716 3965 929 4024 Latina.

432 4060 556 4116 128.
593 4080 610 4112 ι
648 4059 813 4116 Visus
859 4061 1026 4116 etiam
1073 4059 1256 4114 fuerat
1284 4059 1350 4114 ah
1373 4059 1524 4114 omni
1556 4057 1928 4116 Romanorum

360 4156 603 4212 exercitu
633 4154 714 4208 vir
738 4155 982 4223 quidam,
1016 4167 1158 4221 equo
1183 4153 1309 4208 albo
1337 4160 1463 4205 ante
1493 4149 1724 4220 primam
1749 4150 1922 4204 aciem

361 4257 602 4312 certans,
647 4249 991 4316 hostiumque
1038 4245 1248 4314 pellens
1302 4253 1358 4298 et
1407 4244 1633 4297 turbans
1683 4241 1924 4304 ordines,

360 4341 567 4396 nemini
606 4348 736 4395 ante
760 4344 845 4395 vel
879 4347 1002 4408 post
1031 4341 1144 4393 hac
1171 4336 1443 4406 cognitus,
1476 4351 1637 4406 quem
1669 4350 1702 4390 e
1729 4345 1928 4404 marty-

358 4434 518 4487 ribus
569 4432 892 4496 Theudoria,
944 4429 1188 4500 pulchris
1234 4428 1614 4484 condecoratis
1658 4427 1924 4491 victoriis,

2039 3231 2247 3299 pariter
2291 3229 2627 3299 praestituit,
2669 3242 2828 3299 prout
2875 3232 3266 3287 Miraculorunt
3296 3236 3615 3290 edendorum

2040 3319 2165 3374 libri
2202 3335 2216 3372 ι
2260 3329 2426 3389 caput
2471 3320 2722 3388 quintum
2758 3321 2917 3378 (idem
2958 3323 3110 3379 facit.
3145 3324 3257 3380 Nec
3306 3341 3372 3384 ea
3403 3337 3614 3381 tantum

2037 3428 2103 3466 ex
2147 3413 2250 3467 hoc
2296 3413 2587 3477 habemus,
2624 3428 2810 3468 verum
2839 3415 3005 3468 etiam
3049 3416 3454 3480 Justinianum,
3488 3433 3612 3472 cum

2037 3504 2106 3559 ad
2145 3518 2270 3558 eum
2299 3503 2410 3574 (adi
2445 3520 2595 3558 num.
2632 3505 2754 3575 101)
2795 3521 2921 3575 pars
2953 3517 3134 3569 terrae,
3171 3524 3292 3577 qum
3333 3525 3399 3564 ex
3432 3509 3559 3580 igne
3581 3526 3615 3565 e

2039 3597 2228 3654 Sancti
2269 3599 2478 3653 tumulo
2510 3607 2838 3668 erumpente
2886 3599 3242 3666 fragrantiatn
3277 3601 3613 3658 incﬂ’abiletn

2038 3690 2368 3746 mirabiliter
2407 3700 2791 3754 contraxerat,
2827 3691 3180 3760 reliquiarum
3216 3695 3614 3760 postulatarnm

2035 3780 2156 3836 loco
2190 3782 2351 3836 missa
2397 3782 2606 3847 inisset,
2640 3783 2876 3838 maxima
2903 3798 3022 3838 eam
3063 3783 3276 3849 laetitia,
3323 3800 3432 3838 non
3455 3799 3615 3840 aecus

2033 3882 2198 3939 atque
2243 3875 2417 3940 ipsum
2455 3870 2641 3926 Sancti
2691 3888 2915 3942 corpus,
2955 3874 3271 3942 accepisse;
3303 3875 3448 3940 quod
3481 3889 3614 3927 sane

2037 3964 2184 4022 hunc
2208 3977 2422 4024 summa
2469 3963 2520 4016 itt
2554 3965 2910 4018 veneratione
2938 3964 3082 4032 apud
3130 3965 3516 4033 imperatorem
3550 3965 3613 4018 il-

2036 4057 2146 4112 lum
2179 4057 2369 4120 fuisse,
2401 4065 2723 4125 argumento
2759 4065 2846 4111 est
2876 4057 3100 4113 minime
3134 4058 3325 4112 dubio.

2036 4173 2064 4243 §
2097 4170 2161 4225 Χ.
2199 4171 2383 4226 Cultus
2414 4171 2796 4225 ecclesiastica
2835 4171 3031 4227 Sancto
3086 4174 3246 4226 etiam
3291 4177 3434 4242 apud
3463 4174 3611 4230 Lati-

2106 4259 2200 4366 :o;
2244 4243 2485 4311 aliusque
2515 4245 2754 4296 nationes
2797 4259 2832 4296 α
2872 4244 3172 4314 longissimo
3213 4244 3332 4312 jam
3384 4256 3612 4313 tempore

2146 4331 2172 4366 ι’
2197 4322 2338 4366 alus.
2760 4355 2764 4358 ‹

2146 4322 2226 4366 cla
2237 4322 2338 4366 tua.

2106 4425 2231 4480 130.
2252 4425 2563 4490 Leontium,
2583 4425 2778 4496 Illyrici
2801 4427 3004 4480 sarcu'o
3020 4427 3236 4495 quinto,
3256 4438 3312 4481 ut
3331 4444 3492 4499 supra
3521 4430 3611 4484 do-

357 4542 528 4580 unum
559 4540 681 4580 esse
709 4525 986 4581 dicebant.
1022 4523 1180 4577 llisce
1207 4525 1350 4576 enim
1375 4534 1592 4590 semper
1611 4519 1926 4588 auspicibus
1961 4539 2004 4595 υ
2031 4517 2770 4580 cui,verosimiliterineunte
2789 4519 3128 4586 praefectum,
3154 4522 3247 4588 qui
3265 4521 3608 4590 insignenex

360 4630 524 4689 atque
552 4617 925 4687 antesignanis
953 4616 1218 4671 adversus
1250 4616 1435 4668 hostes
1465 4613 1719 4668 utebatur
1749 4611 1927 4680 impe-

359 4722 531 4777 rator,
559 4711 868 4780 acciditque
897 4712 1139 4776 insuper,
1171 4721 1238 4761 eo
1280 4707 1397 4774 ipso
1427 4704 1540 4768 die,
1578 4717 1687 4772 quo
1713 4701 1931 4756 exerci-

364 4819 516 4858 tuum
548 4804 794 4858 ductoris
830 4803 1015 4868 (unius
1059 4797 1272 4854 scilicet
1301 4811 1332 4852 c
1359 4795 1593 4857 duobus,
1631 4794 1700 4849 de
1728 4793 1930 4862 quibus

357 4894 605 4963 proxime
642 4894 858 4948 locutus
904 4901 1009 4954 est,
1048 4889 1375 4959 Theudoris)
1407 4887 1752 4943 festivitatem
1786 4891 1930 4940 cete—

365 4987 524 5040 brare
554 4987 816 5048 solemus,
843 4983 1088 5053 pra-lium
1119 4982 1250 5037 illud
1274 4980 1594 5038 committi.»
1621 4977 1745 5034 llaec
1767 4977 1930 5032 modo

367 5081 531 5134 verba
557 5078 868 5141 considera,
903 5075 1170 5143 facileque
1198 5072 1468 5141 inteliigea
1488 5111 1505 5136 ,
1543 5079 1761 5127 sanctos
1789 5069 1930 5123 dun-

369 5181 517 5228 taxat
543 5172 868 5227 Theodoros
899 5177 1193 5238 martyres,
1234 5165 1434 5234 quibus
1473 5163 1717 5218 Joannes
1751 5161 1929 5217 lami-

365 5283 487 5320 sees
521 5265 836 5332 auspicibus
863 5270 1027 5330 atque
1051 5257 1424 5328 antesignanis
1449 5256 1711 5311 adversus
1744 5254 1930 5308 hostes

365 5358 442 5410 uti
472 5356 716 5419 soluerit,
752 5371 782 5410 a
821 5353 1071 5409 Cedreno
1108 5365 1173 5405 ac
1204 5348 1362 5419 proin
1394 5347 1560 5403 etiam
1597 5361 1628 5400 a
1655 5344 1926 5398 Bollando

361 5450 805 5504 cottttnemorari.
855 5447 1091 5508 Verum,
1123 5445 1227 5498 etsi
1275 5442 1328 5496 id
1379 5441 1452 5494 ita
1491 5439 1583 5500 sit,
1632 5443 1929 5503 nosterque

362 5541 594 5610 proinde
619 5550 844 5596 sanctus
871 5547 1076 5608 martyr
1111 5536 1416 5590 Demetrius
1439 5531 1768 5602 martyribus
1794 5527 1926 5588 illis,

365 5637 566 5704 quibus
589 5635 851 5690 adversus
876 5633 1060 5685 hostes
1085 5626 1401 5697 auspicibus
1429 5634 1594 5694 atque
1615 5621 1932 5690 antesigna-

369 5729 457 5781 nis
492 5728 732 5783 Joannes
760 5725 1036 5780 Zemisces
1064 5736 1196 5777 usus
1233 5719 1360 5783 fuit,
1389 5715 1735 5772 adnumerari
1762 5731 1792 5769 e
1825 5714 1929 5768 Ce-

370 5821 526 5877 dreni
569 5819 808 5876 recitatis
841 5818 1023 5875 verbis
1064 5813 1206 5870 haud
1238 5811 1432 5882 possit,
1465 5822 1642 5878 neque
1668 5808 1833 5864 etiam
1864 5821 1929 5862 ex

2030 4618 2160 4664 ante
2189 4609 2352 4664 dictis
2375 4607 2775 4666 Thcssaloitictc
2803 4623 2993 4665 saneto
3019 4610 3294 4666 Demetrio
3318 4613 3607 4667 ecclesiam

2028 4711 2400 4766 eutruxerat,
2422 4716 2453 4754 e
2483 4703 2708 4756 civitate
2741 4701 2845 4756 hac
2873 4701 3159 4766 Sirmium,
3190 4701 3389 4772 Illyrici
3414 4705 3607 4757 urbem

2031 4795 2431 4862 pet-celebrent.
2463 4794 2575 4848 into
2599 4809 2630 4847 a
2661 4794 3005 4848 Constantini
3033 4794 3212 4865 Magni
3249 4805 3408 4849 aetate
3439 4796 3609 4850 totius

2030 4885 2253 4954 ltlyrici.
2289 4897 2582 4956 antequam
2617 4886 2718 4940 hoc
2751 4885 3000 4939 bifariam
3033 4885 3087 4938 in
3114 4887 3385 4956 lliyricum
3409 4883 3582 4939 Oiicn

2033 4980 2139 5032 tale
2173 4987 2228 5032 et
2272 4977 2626 5033 Occidentale
2667 4978 2862 5032 tniea't
2909 4976 3144 5032 divisum
3175 5015 3190 5039 ,
3219 4977 3562 5043 metropolim
3589 5016 3605 5037 ,

2032 5068 2388 5139 pra-factique
2412 5069 2726 5138 pratoriani
2758 5075 2966 5133 sentem,
3002 5067 3333 5139 profectum,
3377 5066 3607 5120 alteram

2031 5163 2198 5216 etiam
2225 5161 2429 5216 ibidem
2453 5161 2654 5217 Sancto
2681 5161 2992 5222 ecclesiam,
3025 5159 3081 5214 in
3104 5175 3232 5228 qua.
3260 5173 3398 5227 quas
3419 5171 3607 5213 secum

2033 5253 2424 5310 Thessalonica
2453 5254 2736 5316 attulerat,
2761 5254 3007 5323 ejusdem
3040 5253 3328 5322 reliquias.
3357 5252 3610 5323 chlamy-

2029 5347 2153 5400 dem
2185 5347 2441 5400 nimirum
2469 5385 2485 5410 ,
2512 5349 2779 5414 sanguine
2823 5345 3083 5414 martyris
3114 5345 3295 5399 adhuc
3323 5353 3563 5397 notatam
3591 5379 3608 5404 ,

2027 5446 2194 5504 atque
2253 5438 2492 5490 orarium
2543 5438 2769 5504 lmjnsve
2812 5436 3007 5490 saltem
3059 5445 3268 5504 partem
3319 5433 3604 5504 deposuit,
3695 5442 3708 5452 '

2029 5526 2293 5586 erexisse.
2321 5525 2723 5594 Metapbrastts
2773 5525 3040 5592 simulque
3077 5540 3382 5596 anonymns
3402 5563 3417 5586 ,
3445 5537 3608 5604 quem

2031 5619 2136 5674 sibi
2171 5618 2552 5687 prIltlchem
2592 5617 2681 5671 hic
2714 5615 2922 5680 ha'ouit,
2962 5616 3144 5674 Sancti
3181 5615 3356 5672 nostri
3391 5615 3605 5684 biogra-

2033 5714 2174 5782 phus
2224 5713 2328 5767 81th
2372 5720 2750 5767 contestatam
2791 5727 2823 5766 a
2871 5723 2933 5766 se
2975 5709 3236 5768 Demetrii
3290 5708 3606 5778 passionum

2037 5804 2197 5859 ﬁnem
2232 5803 2501 5860 tneinoiire
2531 5803 2789 5874 produnt.
2820 5802 3018 5860 Verum
3063 5815 3208 5856 anne
3259 5800 3404 5856 binis
3450 5799 3603 5854 hisce
