4142 6380
540 330 671 395 λιν)

1829 320 2481 387 SUPPLEMENTUM.

3643 315 3777 379 1160

536 441 889 511 scriptoribus
931 453 992 492 ea
1038 438 1092 491 la
1144 452 1224 504 re,
1260 454 1289 492 a
1324 453 1429 507 qua
1467 447 1615 508 gesta
1668 437 1757 492 diu
1812 437 2102 490 admodum
2136 441 2179 495 Α
2209 434 2444 503 Caugius
2495 433 2854 487 nihilominus
2887 445 2939 485 tn
2973 416 3088 485 suis
3120 447 3174 483 ιη
3203 430 3350 483 hunc
3386 428 3774 496 transcriptum

538 547 644 590 tam
695 547 853 590 unus.
886 544 1045 597 quam
1084 529 1222 581 alter
1270 529 1679 583 vetositniliime
1727 528 1922 592 abfuit,
1972 527 2106 581 iich

541 636 656 679 tuto
690 622 934 677 adhiberi
969 621 1181 691 potest?
1230 620 1493 674 Photiana
1526 620 1743 688 quidem
1774 628 1829 673 et
1872 621 2106 671 Anasta-

536 720 684 772 siaua
732 717 910 770 Sancti
939 715 1070 769 Acta
1106 714 1375 774 ecclesia),
1406 723 1566 781 quam
1616 712 1876 766 Leontius
1921 709 2122 777 Sirmii

536 818 726 864 sancto
772 806 1044 861 Demetrio
1075 806 1411 860 exstruxerit
1436 845 1449 868 ,
1488 804 1815 858 mentionem
1859 804 2105 871 nuspiam

540 900 773 963 faciunt;
810 914 998 953 rerum
1027 896 1157 950 nihil
1186 896 1373 959 etiam,
1406 909 1514 962 quo
1540 892 1921 961 Metaphrastis
1979 902 2129 945 ano-‘

543 991 823 1061 nymique,
855 988 945 1056 qui
983 987 1106 1041 huic
1142 986 1413 1055 pra-luxit,
1458 986 1559 1037 ista
1608 984 1675 1035 tle
1728 997 1786 1036 re
1834 991 2107 1036 assertum

542 1082 792 1137 ialsitatis
820 1091 1093 1149 utcunque
1123 1078 1320 1132 evadat
1352 1084 1692 1145 suspectum,
1736 1075 2105 1144 suppeditant.

540 1176 744 1241 Quare,
773 1188 897 1225 cum
925 1186 1025 1226 nec
1055 1171 1379 1241 quidquam,
1415 1168 1560 1237 quod
1598 1167 1739 1221 binis
1775 1167 1894 1219 istis
1926 1163 2107 1218 Sancti

540 1265 713 1320 nostri
755 1266 1070 1335 biographis
1100 1263 1257 1316 fidem
1308 1262 1397 1315 hic
1446 1259 1818 1328 denegandam
1850 1256 2115 1319 suadeat,

539 1359 757 1413 aliunde
791 1366 1080 1422 occurrat,
1115 1356 1280 1410 fuisse
1325 1354 1500 1423 reipsa
1553 1368 1582 1405 a
1621 1351 1869 1413 Leontio,
1914 1348 2110 1419 illyrici

542 1448 820 1519 pra-tecto,
855 1447 1137 1502 ecclesiam
1185 1446 1387 1499 Sancto
1428 1453 1614 1498 nostro
1660 1440 1841 1496 Sirmii
1893 1449 2112 1495 exstru-

542 1550 710 1599 ctam.
747 1540 802 1593 in
840 1540 1079 1593 animum
1117 1538 1337 1593 induco.

616 1634 739 1688 i5i.
771 1634 949 1703 Atque
985 1632 1036 1685 id
1067 1631 1291 1700 quidem
1322 1645 1389 1685 ex
1419 1644 1485 1683 eo
1516 1628 1680 1684 etiam
1713 1628 1851 1683 iacio
1883 1643 2116 1698 propen-

2210 525 2458 579 Cinnami
2489 526 2667 579 locum
2718 523 3199 585 Adnotationibus,
3243 530 3429 588 utpote
3490 520 3543 573 in
3579 519 3777 589 quibus

2210 619 2277 671 de
2335 618 2549 680 eadem,
2611 616 2680 671 de
2728 630 2835 684 qua
2886 611 3283 683 Metaphrhstes
3338 625 3775 680 anonymusque,

2208 709 2299 779 qui
2342 710 2469 763 huic
2516 709 2790 777 prmiusit,
2839 706 3130 762 Sirmiensi
3164 703 3351 758 Sancti
3407 702 3664 768 ecclesia,
3696 704 3777 758 uti

2210 819 2274 858 cx
2302 803 2441 857 infra
2476 801 2721 857 dicendis
2752 808 3015 870 patescet,
3052 799 3201 867 loqui
3249 797 3522 856 videatur,
3557 810 3619 849 ea
3650 810 3777 865 sup-

2208 897 2438 965 peditat,
2472 911 2501 949 e
2538 897 2739 965 quibus
2792 910 2934 948 anne
2971 906 3211 962 unquam
3244 889 3556 954 ecclesiam,
3587 895 3777 942 sancto

2212 988 2488 1046 Demetrio
2512 1004 2743 1049 sacram,
2778 985 3042 1040 Leontius
3065 984 3248 1038 Sirmii
3283 982 3638 1043 exstruxerit,
3667 998 3776 1037 non

2212 1096 2374 1135 nemo
2405 1081 2545 1133 forte
2574 1078 2914 1133 subdubitet.
2961 1076 3176 1130 Etenim
3208 1075 3410 1129 ibidem
3450 1074 3531 1129 sic
3556 1074 3775 1142 scgilit:

2219 1193 2237 1226 ι
2280 1173 2434 1238 Quod
2468 1171 2555 1227 hic
2588 1170 2819 1224 habetur
2853 1167 3115 1237 templum
3143 1165 3204 1220 D.
3240 1165 3523 1230 Demetrii,
3566 1165 3779 1218 videtur

2214 1265 2325 1329 illc,
2353 1280 2381 1318 a
2414 1279 2523 1331 quo
2550 1262 2813 1333 oppidum
2834 1261 2897 1315 D.
2937 1259 3218 1319 Demetrii,
3242 1258 3307 1310 ad
3331 1257 3531 1311 Savum
3563 1270 3775 1311 amnem

2215 1357 2400 1421 situm,
2434 1370 2637 1408 nomen
2668 1352 2903 1421 accepit,
2961 1352 3123 1405 hodie
3146 1352 3201 1403 S.
3242 1348 3499 1403 Deseruit
3547 1349 3773 1416 dictum,

2214 1451 2358 1506 haud
2398 1449 2588 1522 procul
2644 1448 2713 1501 ab
2751 1447 2976 1515 antiquo
3004 1446 3225 1499 Sirmio.
3275 1444 3429 1510 Quod
3470 1459 3601 1499 vero
3641 1455 3775 1498 temo

2214 1544 2363 1612 plum
2392 1542 2524 1595 illud
2550 1542 2605 1595 in
2634 1539 2837 1594 Sirmio
2859 1548 3075 1593 exstare
3106 1538 3184 1591 ait
3203 1535 3527 1597 Cinnamus,
3560 1536 3612 1591 id
3643 1536 3781 1590 accl-

2217 1636 2475 1707 piendum
2531 1645 2663 1703 puto
2711 1646 2812 1701 pro
2844 1629 3129 1683 Sirmiensi
3187 1644 3315 1697 agro
3344 1645 3358 1693 ;
3386 1644 3509 1683 nam
3557 1627 3779 1695 Σίρμιον

542 1726 685 1789 sius,
730 1739 840 1793 quo
887 1722 1090 1777 sarculo
1127 1725 1322 1776 saltem
1373 1721 1665 1775 undecimo
1719 1719 1905 1775 Sirmii
1949 1721 2115 1774 exsti-

2223 1746 2329 1785 non
2365 1727 2533 1783 semel
2565 1726 2613 1780 is
2644 1724 2850 1779 dicitur
2880 1723 3060 1778 eidem
3094 1720 3371 1791 scriptori.
3404 1720 3599 1790 Oppidi
3651 1735 3780 1776 vero

549 1816 683 1870 tisse
716 1815 1003 1883 templum,
1043 1825 1237 1867 sancto
1256 1812 1538 1867 Demetrio
1571 1828 1812 1875 sacrum,
1846 1828 1876 1867 e
1902 1812 2114 1867 Joanne

546 1912 833 1975 Cinnamo,
856 1910 945 1977 qui
980 1908 1182 1962 saeculo
1212 1907 1319 1961 isto
1376 1906 1577 1967 ﬂoruit,
1609 1922 1806 1975 resque
1844 1922 1873 1960 a
1906 1906 2115 1961 Joanne

546 2014 601 2057 et
657 2003 928 2066 Manueie,
969 2002 1188 2071 imperii
1229 2000 1825 2067 Constantinopolitani
1875 2000 2117 2054 habenas

551 2107 683 2152 tunc
718 2094 1041 2154 moderatis,
1092 2104 1292 2161 geStas,
1331 2092 1663 2159 conscriptis
1701 2107 1731 2144 a
1777 2106 1921 2155 sese,
1964 2093 2117 2147 Pari-

550 2188 758 2254 siisque
792 2198 1037 2256 typorutu
1069 2185 1339 2238 beneﬁcio
1370 2197 1516 2237 anno
1547 2183 1684 2237 ib70
1728 2186 1965 2253 vulgatis
2019 2187 2118 2239 Hi-

550 2279 840 2331 storiarum
880 2276 1037 2329 libris
1064 2292 1159 2331 sex
1192 2277 1513 2345 complexus
1538 2286 1641 2341 est,
1665 2277 1932 2331 habeatur
1967 2294 2118 2333 com-

554 2380 790 2439 pertum.
833 2368 1047 2431 Etenim
1098 2370 1340 2437 scriptor
1382 2368 1473 2422 ille
1526 2368 1841 2423 concinnati
1886 2372 2047 2439 hujus
2086 2386 2117 2425 a

551 2474 612 2513 se
641 2460 823 2527 operis
860 2460 955 2512 lib.
994 2475 1047 2521 κ’,
1088 2474 1243 2512 num.
1284 2458 1353 2510 i3
1381 2458 1484 2511 sub
1520 2457 1710 2526 linem,
1740 2460 1809 2511 ita
1844 2462 2120 2515 memoria:

554 2550 768 2617 prodit:
810 2568 829 2600 ι
872 2548 1253 2617 ilungarorum
1288 2561 1420 2617 gens
1445 2562 1590 2615 sape
1630 2546 1999 2602 Romanorum
2023 2553 2118 2619 (ita

554 2645 760 2713 passim
794 2642 865 2695 ab
899 2641 1177 2695 historicis
1203 2639 1407 2693 Graecis
1440 2639 1477 2691 ii
1508 2654 1722 2703 omnes,
1756 2641 1849 2710 qui
1880 2642 2120 2696 Orientis

556 2735 984 2804 imperatoribus
1010 2734 1292 2795 suberant,
1320 2732 1502 2785 solent
1534 2732 1738 2797 vocari)
1768 2732 1904 2786 lines
1932 2734 2119 2787 incur-

554 2828 721 2890 savit,
760 2836 813 2879 et
856 2825 1016 2893 paulo
1053 2835 1346 2891 antequam
1382 2822 1677 2891 imperaret
1704 2823 1927 2878 Alexius
1956 2824 2118 2878 Com-

555 2933 753 2979 nenus,
820 2916 1085 2971 Sirmium
1144 2916 1311 2987 cepit,
1370 2916 1667 2985 multisque
1719 2914 2120 2971 'i‘ransistranis

556 3014 790 3067 urbibus
824 3009 1180 3081 expugnatis,
1220 3008 1437 3063 Narsqu
1492 3022 1666 3076 usque
1722 3010 1991 3078 pervenit.
2040 3010 2119 3063 ibi

2219 1822 2393 1877 sancti
2423 1818 2680 1873 Demetrii
2719 1816 2969 1871 meminit
3001 1814 3302 1873 Boniinius.
3342 1813 3470 1867 Dec.
3505 1829 3554 1874 v,
3588 1811 3683 1867 lib.
3727 1828 3780 1866 tv

2219 1927 2485 1970 extremo.
2522 1930 2539 1964 ι
2575 1911 2730 1978 Quod
2765 1910 2811 1964 si
2841 1923 2973 1979 ergo
2999 1907 3208 1977 Cangio
3243 1906 3655 1961 assentiendum
3689 1905 3777 1967 sit,

2219 2007 2391 2063 sancti
2429 2004 2685 2060 Demetrii
2722 2003 3005 2072 templum.
3053 2001 3215 2070 cuius
3266 2000 3566 2053 Cinnamus
3604 1998 3781 2052 verbis

2220 2100 2464 2156 rrcitatis
2498 2096 2770 2162 meminit,
2804 2111 2911 2148 non
2945 2095 2997 2147 in
3030 2093 3146 2162 ipsa
3175 2091 3462 2145 Sirmiensi
3496 2093 3654 2156 urbe,
3688 2090 3781 2146 sed

2223 2194 2277 2247 iu
2341 2208 2492 2261 agro,
2551 2190 2680 2243 huic
2715 2188 2953 2255 adjecto,
2989 2185 3155 2239 situm
3217 2183 3403 2245 luerit,
3456 2183 3781 2253 oppidoque.

2220 2285 2361 2355 quod
2413 2284 2467 2336 in
2521 2282 2625 2336 hoc
2677 2281 2879 2349 pariter
2930 2293 3025 2332 seu
3061 2275 3205 2330 haud
3259 2275 3447 2345 procul
3502 2290 3529 2328 a
3588 2274 3786 2329 Sirmio

2219 2377 2383 2430 situm
2414 2384 2550 2437 erat,
2580 2386 2743 2441 atque
2771 2370 2930 2424 hodie
2952 2369 3010 2421 S.
3037 2367 3287 2422 Demeter
3311 2377 3551 2430 vocatur,
3584 2382 3782 2421 nomen

2221 2469 2418 2523 deinde
2457 2466 2671 2520 fccerit.
2724 2462 2925 2517 Verum
2975 2463 3092 2516 hzec
3122 2461 3252 2515 mihi
3304 2464 3619 2530 neutiquam
3670 2461 3785 2530 pla-

2223 2568 2347 2612 cent
2379 2574 2393 2619 ;
2428 2557 2527 2610 etsi
2559 2558 2704 2609 enim
2732 2555 3053 2615 Cinnamus,
3080 2552 3160 2607 uti
3183 2553 3235 2605 in
3266 2551 3534 2606 dictorum
3562 2566 3781 2606 suorum

2225 2648 2606 2719 probationem
2640 2646 2877 2715 Cangius
2907 2645 3175 2714 adiungit,
3205 2643 3429 2712 Σὶρμιον
3448 2642 3686 2697 subinde
3720 2644 3784 2697 ad

2224 2756 2414 2811 agrum
2447 2740 2734 2803 duntaxat,
2770 2737 2977 2791 civitati
3003 2736 3130 2790 huic
3154 2736 3449 2805 adjectum.
3479 2735 3789 2804 signiﬁcan-

2222 2835 2351 2889 dum
2383 2832 2653 2893 adhibeat,
2689 2832 2741 2883 in
2778 2830 3105 2897 transcripta
3138 2835 3316 2880 tamen
3357 2836 3507 2880 testu
3554 2829 3790 2880 vocaba-

2224 2926 2336 2980 lum
2401 2923 2542 2978 istud
2574 2938 2639 2975 eo
2667 2921 2805 2985 loco,
2832 2934 2941 2989 quo
2984 2919 3052 2972 de
3091 2918 3353 2987 depositis
3392 2918 3459 2970 ab
3498 2915 3783 2987 iiungaris,

2229 3010 2487 3064 Sirmium
2523 3008 2780 3071 reversis,
2812 3008 2867 3060 in
2889 3020 3043 3061 sacra
3067 3006 3266 3061 ibidem
3295 3016 3485 3061 sancto
3517 3006 3787 3061 Demetrio

555 3104 611 3161 in
673 3103 852 3160 sancti
900 3103 1153 3173 martyris
1201 3101 1477 3173 (Procopii
1532 3104 1751 3172 nempe)
1816 3102 2191 3162 incidentesc
2226 3103 2344 3157 :ede
2394 3102 2569 3156 sancti
2622 3100 2872 3169 Procopii
2920 3100 3175 3171 martyris
3235 3100 3478 3169 reliquiis
3528 3100 3784 3169 loquitur,

555 3197 842 3263 feretrum,
866 3206 1036 3252 totum
1070 3196 1291 3266 quidem
1322 3196 1449 3249 inde
1478 3211 1687 3264 corpus
1720 3196 1936 3250 auferre
1960 3195 2122 3250 inhu-

553 3301 781 3353 matum,
864 3300 923 3344 ut
978 3289 1240 3353 arbitror,
1307 3288 1712 3351 existimantes,
1771 3289 1884 3343 sola
1954 3304 2119 3345 manu

553 3384 755 3447 ablata,
792 3397 1097 3446 recessere,
1142 3393 1196 3435 et
1224 3380 1483 3435 Sirmium
1532 3380 1762 3444 reversi,
1796 3396 1916 3435 eam
1947 3383 2120 3451 depo-

551 3488 713 3531 suere
752 3474 809 3526 in
847 3474 1053 3541 templo
1100 3473 1356 3525 Demetrii
1411 3472 1687 3542 martyris,
1727 3474 1871 3541 quod
1911 3474 2120 3542 pridem

553 3576 903 3622 exstruxerat
928 3566 976 3618 is
994 3564 1086 3632 qui
1119 3563 1394 3634 lilyricum
1418 3564 1705 3633 prmiuctus
1733 3566 2120 3635 regebat.Eam

553 3660 722 3729 igitur
776 3659 891 3712 illic
940 3657 1148 3725 (Sirmii
1213 3657 1499 3717 nimirum)
1556 3657 1836 3713 inventam
1900 3660 2124 3714 sustulit

553 3748 686 3803 inde
736 3748 1037 3817 imperator
1094 3747 1435 3816 (Emmanuel
1502 3746 1821 3804 Comnenus
1889 3751 2121 3815 scilicet)

538 3851 615 3895 ct
669 3840 901 3909 reliquo,
954 3852 1009 3893 ut
1042 3839 1307 3904 diximus,
1364 3840 1599 3894 reddidit
1657 3842 1893 3912 corpori.
1936 3861 1954 3893 ι
1987 3846 2123 3899 (tum

556 3930 877 3986 Emmanuel
892 3932 1207 3985 Comnenus
1227 3929 1546 3999 imperatur,
1570 3931 1663 3999 qui
1689 3947 1930 3997 manum,
1961 3948 2121 4002 quam

557 4025 857 4091 quondam,
892 4036 923 4077 α
958 4022 1133 4077 saneti
1172 4021 1420 4090 Procopii
1472 4023 1726 4093 martyris
1771 4038 1998 4093 corpore
2029 4027 2124 4079 ab-

554 4128 840 4180 stractam,
866 4114 1312 4186 iiungariSirmii
1346 4116 1401 4169 in
1432 4115 1606 4169 sancti
1639 4116 1895 4169 Demetrii
1922 4118 2124 4186 templo

542 4210 946 4277 deposuerant,
972 4208 1029 4261 in
1062 4204 1287 4262 civitate
1308 4206 1486 4260 isthac
1503 4206 1782 4262 invenisse
1805 4208 2125 4277 reliquoque

558 4301 743 4354 Sancti
802 4300 947 4353 illius
998 4299 1217 4368 corpori
1269 4298 1574 4354 reddidisse
1641 4314 1670 4352 a
1718 4298 1984 4355 Cinnamo
2037 4301 2127 4355 hic

556 4406 829 4457 narratur,
870 4405 1016 4444 anno
1063 4391 1201 4445 1180
1247 4390 1467 4455 abierit,
1518 4390 1681 4459 eique
1736 4399 1852 4445 tum
1886 4391 2124 4460 primum

553 4482 778 4537 Alcsius
804 4482 1141 4544 Coruncaus,
1176 4483 1340 4551 hujus
1373 4482 1613 4536 nominis
1653 4481 1949 4545 secundus,
1990 4496 2121 4535 suc-

546 4575 809 4637 cesserit,
838 4572 1087 4628 Alesium
1115 4574 1481 4637 Comnenum,
1501 4587 1614 4641 quo
1633 4573 1878 4627 nondum
1904 4571 2123 4642 imperii

552 4664 850 4721 Orientalis
897 4665 1129 4720 habenis
1168 4665 1411 4728 admato,
1445 4664 1685 4735 κυπεπί
1726 4662 1987 4717 Sirmium
2030 4675 2124 4717 ce-

557 4757 723 4829 pisse,
756 4757 1072 4826 ibidemque
1100 4757 1277 4811 stacti
1324 4755 1579 4825 Procopii
1618 4754 1876 4826 martyris
1902 4769 2124 4808 manum

556 4848 612 4901 iu
670 4849 845 4904 sancti
901 4848 1165 4903 Demetrii
1197 4847 1429 4902 ecclesia
1460 4846 1783 4916 deposuisse
1810 4846 1879 4900 ab
1924 4846 2126 4900 eodem

556 4939 828 4996 Cinnamo
860 4956 956 5012 per
982 4942 1144 4997 verba
1184 4941 1406 4995 recitata
1444 4940 1777 5005 referuntur,
1828 4939 2130 5009 imperato-

557 5046 673 5086 rem
704 5033 947 5089 nominis
975 5032 1125 5087 illius
1154 5032 1391 5102 primum
1422 5030 1614 5092 fuisse,
1644 5044 1876 5086 necesse
1913 5039 2016 5085 est.

630 5124 756 5180 £33.
807 5124 1008 5193 Quare.
1055 5138 1177 5179 cum
1236 5123 1326 5179 hic
1371 5123 1481 5192 jam
1524 5122 1655 5177 inde
1703 5125 1773 5176 ab
1815 5136 1962 5176 anno
1993 5121 2131 5177 1080

561 5219 834 5290 imperare
868 5219 1154 5288 inceperit,
1191 5218 1591 5272 consectarium
1632 5229 1736 5280 est,
1770 5226 1827 5269 ut
1861 5216 1970 5285 jam
2003 5216 2131 5271 inde

562 5328 591 5365 a
623 5311 822 5365 saeculo
850 5310 1141 5366 undecimo
1195 5309 1381 5363 Sirmii
1416 5309 1675 5371 ecclesia,
1709 5317 1903 5364 sancto
1935 5308 2131 5363 Deme-

563 5404 668 5458 trio
699 5418 874 5467 sacra,
905 5418 1061 5459 certo
1083 5403 1388 5467 exstiterit;
1424 5402 1568 5471 quod
1605 5416 1758 5461 sane,
1792 5415 1913 5469 qua;
1954 5416 1985 5453 a
2020 5400 2133 5453 Me-

564 5497 844 5566 taphraste
874 5510 1283 5566 anonymoque,
1318 5494 1415 5565 qui
1451 5495 1582 5548 huic
1632 5492 1910 5562 prmlusit,
1943 5492 2130 5546 Sancti

562 5589 861 5660 hiographa
893 5589 961 5643 de
991 5597 1269 5645 exstructa
1302 5598 1491 5644 sancto
1518 5586 1795 5641 Demetrio
1823 5602 1852 5638 a
1881 5585 2130 5645 Leontio,

563 5680 765 5749 illyrici
796 5681 1071 5750 praefecto,
1106 5676 1294 5737 Sirmii
1321 5680 1558 5736 ecclesia
1580 5679 1893 5743 traduntur,
1915 5677 2130 5732 veritati

566 5783 690 5824 esse
732 5786 994 5841 consona,
1052 5782 1375 5843 argumento
1403 5772 1568 5827 etiam
1606 5772 1975 5840 qualicunque
2024 5776 2130 5823 est.

2229 3198 2303 3251 ita
2336 3194 2405 3250 ab
2443 3196 2536 3249 illo
2567 3195 2762 3262 accipi,
2824 3192 3135 3247 vcrosimile
3169 3193 3311 3247 haud
3350 3203 3595 3263 apparet.

2301 3291 2423 3344 155.
2475 3287 2759 3356 liuagaros
2809 3288 2980 3349 enim,
3020 3288 3182 3355 paulo
3237 3298 3529 3356 antequam
3568 3288 3791 3342 Alexius

2225 3383 2541 3442 Comnenus
2572 3380 2787 3450 imperii
2814 3379 3111 3433 Orientalis
3150 3379 3391 3432 habenas
3438 3382 3787 3448 suscepisset,

2228 3488 2425 3547 praeter
2453 3474 2650 3528 multas
2678 3473 3098 3527 Transistt‘anas
3125 3472 3315 3537 urbes,
3352 3487 3381 3524 a
3422 3487 3480 3525 se
3509 3473 3788 3533 subactas,

2225 3568 2488 3622 Sirmium
2524 3566 2685 3619 etiam
2726 3567 2958 3635 cepisse,
3014 3564 3069 3617 in
3100 3564 3292 3617 eodem
3352 3572 3502 3617 textu
3553 3564 3649 3627 ait,
3688 3564 3793 3617 ibi—

2225 3676 2332 3730 que
2372 3660 2592 3715 indubie
2634 3659 2734 3711 hoc
2782 3656 3132 3718 vocabulum,
3177 3672 3285 3709 non
3322 3656 3386 3708 ad
3443 3670 3629 3720 agrum
3672 3656 3788 3708 Sir-

2225 3753 2339 3806 mio
2365 3752 2659 3819 adjectum.
2692 3748 2788 3802 sed
2819 3748 2884 3801 ad
2916 3747 3087 3815 ipsam
3126 3748 3267 3799 hanc
3300 3747 3574 3801 civitatem
3620 3747 3791 3815 signi.

2226 3842 2493 3898 licentiam
2526 3850 2796 3908 usurpat;
2833 3853 2945 3908 3am
2981 3853 3132 3901 vam,
3176 3852 3301 3892 cum
3352 3837 3405 3890 id
3447 3839 3517 3890 ita
3547 3838 3638 3899 sit,
3690 3852 3791 3892 nec

2224 3934 2520 4002 scriptores
2560 3947 2722 3985 unam
2751 3932 3109 3997 eamdemque
3131 3944 3315 3983 vocem
3347 3929 3413 3982 ad
3456 3942 3542 3984 rts
3570 3943 3790 3997 prorsus

2225 4026 2496 4087 diVOi‘IIS,
2531 4024 2685 4077 nullo
2718 4022 2965 4084 omnino,
2998 4037 3107 4091 quo
3158 4022 3212 4074 id
3262 4021 3517 4090 prodant,
3580 4022 3788 4075 submi-

2226 4117 2459 4170 nistrata
2486 4115 2713 4176 indicio,
2773 4114 3160 4184 signiﬁcantius
3191 4113 3246 4167 in
3284 4114 3427 4167 brevi
3461 4115 3597 4167 adeo
3622 4122 3786 4178 textu,

2225 4207 2403 4277 qualis
2464 4214 2550 4260 est
2605 4214 2769 4273 supra
2833 4219 2863 4258 e
2912 4204 3183 4258 Cinnamo
3239 4203 3349 4257 huc
3403 4202 3785 4271 transcriptus,

2226 4301 2485 4356 adhibere
2512 4298 2657 4353 haud
2694 4297 2925 4357 soleant.
2952 4297 3277 4365 scriptorem
3319 4296 3467 4351 hunc
3517 4295 3681 4350 etiam
3725 4310 3790 4349 eo

2231 4393 2370 4457 loco,
2406 4406 2516 4461 quo
2541 4390 2610 4444 de
2639 4388 2813 4444 sancti
2842 4387 3092 4456 Procopii
3123 4386 3388 4455 reliquiis,
3418 4386 3487 4440 ab
3521 4385 3790 4453 ﬂuugaris

2230 4485 2284 4538 in
2316 4484 2487 4537 sancti
2520 4481 2778 4536 Demetrii
2804 4479 3008 4549 templo
3039 4479 3227 4534 Sirmii
3257 4479 3381 4547 dept
3397 4479 3539 4538 s'tis,
3584 4492 3789 4531 sermo-

2226 4592 2353 4630 nem
2402 4575 2555 4639 i'acit,
2587 4573 2919 4628 vocabulum
2957 4571 3241 4636 Sirmium,
3274 4586 3383 4624 non
3421 4570 3486 4624 ad
3524 4569 3789 4623 Sirmiea-

2224 4683 2341 4723 scm
2394 4682 2607 4738 agrum,
2636 4666 2731 4720 sed
2761 4665 2827 4719 ad
2862 4664 3036 4734 irsam
3069 4664 3214 4717 hanc
3256 4663 3535 4718 civitatem
3581 4661 3790 4732 signiti-

2225 4761 2455 4815 candam
2488 4775 2782 4829 usurpare,
2811 4757 3307 4823 verosimiilimum,
3331 4772 3401 4812 ne
3425 4756 3601 4811 dicam
3630 4754 3789 4808 iadu~

2228 4855 2482 4917 bitatum,
2504 4861 2746 4923 apparet.
2781 4851 2984 4905 Adhaec
3005 4850 3327 4913 Cinnamus,
3351 4850 3584 4905 dicatam
3606 4855 3793 4902 sancto

2231 4945 2510 5002 Demetrio
2536 4944 2733 5009 adem,
2763 4942 2833 4997 de
2874 4957 2981 5011 qua
3018 4940 3074 4995 ia
3104 4949 3260 4995 textu
3286 4956 3451 5010 supra
3475 4941 3584 4994 huc
3620 4948 3794 4994 trana-

2230 5036 2439 5107 scripto
2473 5036 2737 5103 loquitur,
2766 5030 2867 5087 abs
2919 5031 3034 5097 illo,
3064 5032 3157 5101 qui
3192 5030 3463 5101 lllyrioum
3510 5030 3797 5101 ντεῐοοιυι

2234 5124 2484 5194 regebat,
2517 5120 2846 5177 addicam
2896 5122 3087 5184 fuisse,
3120 5122 3329 5176 diserte
3380 5122 3565 5184 tradit.
3600 5134 3800 5176 sermo-

2235 5232 2469 5286 nemque
2482 5216 2709 5287 proinde
2726 5214 2857 5269 iacit
2870 5215 2938 5269 de
2960 5215 3149 5269 eadem
3166 5228 3321 5269 sacra
3336 5211 3799 5269 sanctoDemt-trio

2232 5309 2370 5373 aede,
2401 5322 2567 5378 quam
2611 5307 3013 5377 Metaphrastcs
3061 5319 3500 5376 anonymusque,
3547 5307 3642 5375 qui
3673 5304 3802 5358 huic

2235 5400 2510 5471 prmium,
2567 5399 2755 5455 Sancti
2822 5398 2996 5452 nostri
3054 5398 3411 5468 biographus,
3490 5395 3799 5459 Leontium,

2238 5491 2437 5561 liiyrici
2466 5490 2804 5559 prml'ectum,
2828 5490 3033 5543 Sancto
3056 5490 3414 5553 esstrusisse,
3440 5488 3634 5551 aiunt;
3665 5487 3806 5540 hanc.

2239 5591 2421 5636 autem
2454 5581 2562 5634 bini
2595 5579 2648 5633 hi
2684 5580 3002 5648 scriptores,
3041 5594 3148 5633 non
3178 5578 3233 5633 iu
3266 5592 3418 5647 agro,
3466 5577 3559 5646 qui
3604 5575 3805 5630 Sirmio

2239 5673 2471 5741 adiacet,
2497 5672 2595 5729 sed
2624 5672 2678 5726 in
2712 5672 2827 5741 HS]
2866 5672 2968 5727 hac
3016 5671 3242 5727 civitate
3282 5677 3550 5725 statuunt.
3586 5666 3810 5724 Przter-

2240 5780 2403 5835 quam
2436 5766 2605 5831 enim,
2641 5765 2788 5834 quod
2842 5763 3152 5827 Leontium,
3191 5778 3315 5817 cum
3377 5760 3639 5817 Sirmium
3683 5771 3813 5827 pct-
