4142 6380
438 329 573 405 1161

1432 338 1494 400 S.
1563 335 1950 399 DEMETRII
1990 333 2415 400 ΔΜΑΙΥῙῪΚΙΞ
2472 336 2684 395 ACTA.

3559 339 3693 404 116!

438 452 708 515 venisset,
766 451 1030 522 templum
1086 450 1287 507 ibidem
1344 462 1541 508 sancto
1569 462 1763 508 nostro
1791 451 2017 523 martyri
2052 459 2094 517 Α
2123 451 2323 508 saeculo
2352 450 2644 506 undecimo
2666 447 2851 504 Sirmii
2870 450 3071 516 adhuc,
3092 460 3150 505 ut
3170 452 3487 523 jamdocui,
3526 461 3695 513 exsti-

437 543 802 608 exstruxisse,
848 542 1085 598 dilucide
1130 544 1384 614 prodant,
1426 559 1528 601 nec
1571 545 1760 601 Sirmii
1791 547 2021 601 nomine

440 633 800 690 Sirmiensem
856 650 1047 707 agrum
1121 652 1365 707 unquam
1427 651 1630 693 vocare
1694 649 2019 705 noscantur,

439 725 705 794 templum
769 726 905 781 illud
969 742 1139 798 prope
1198 728 1395 797 aedem,
1458 738 1666 785 sanctae
1722 730 2024 787 Anastasiar.

440 831 675 881 sacram,
714 816 880 872 silum
922 817 1093 874 fuisse
1149 820 1367 887 docent,
1421 822 1839 893 verosimileque
1878 824 2023 880 haud

439 910 681 973 videtur,
718 909 774 963 in
808 925 940 979 agro
981 907 1277 967 Sirmiensi
1310 928 1406 968 seu
1438 914 1722 969 rusticano
1764 914 2020 985 quopiam

440 1004 564 1059 loco
606 1004 717 1059 duo
746 1004 909 1059 simul
928 1003 1164 1072 Leontii,
1192 1005 1389 1077 lilyrici
1416 1006 1680 1077 pra-fecti,
1709 1014 1888 1075 aetate,
1928 1022 2023 1063 seu

442 1098 646 1153 sarculo
674 1097 872 1167 quinto
910 1098 1190 1155 exstitisse
1246 1100 1471 1169 templa,
1526 1116 1759 1172 quorum
1793 1102 2021 1156 alterum

442 1202 634 1245 sancto
671 1190 966 1256 Demetrio,
1020 1192 1255 1247 alterum
1289 1203 1497 1248 sancta
1526 1193 1833 1250 Anastas'm
1872 1210 2021 1249 mar—

438 1284 546 1354 tyri
581 1292 729 1339 esset
760 1292 1059 1338 sacratum.
1116 1284 1229 1340 Nec
1259 1295 1365 1350 est,
1414 1287 1558 1357 quod
1599 1302 1850 1357 reponas,
1887 1297 2022 1342 tern-

440 1377 612 1446 pium,
645 1377 791 1445 quod
830 1378 1136 1433 Anastasiz
1166 1378 1389 1449 martyri
1412 1391 1630 1435 sacrum
1650 1390 1814 1445 esset,
1837 1379 2021 1434 Sirmii

439 1469 737 1535 exstitisse,
791 1484 821 1523 a
851 1470 1223 1540 Metaphraste
1264 1471 1551 1537 duntaxat,
1611 1487 2019 1543 anonymoque,

440 1562 535 1630 qui
561 1561 690 1616 huic
718 1563 989 1632 przeluxit,
1026 1562 1214 1619 Sancti
1250 1562 1425 1619 nostri
1460 1565 1769 1636 biograpbo
1798 1581 2021 1621 asseve-

438 1654 546 1707 rari
574 1671 587 1719 ;
620 1654 721 1709 etsi
754 1655 900 1708 enim
935 1654 989 1709 id
1034 1655 1108 1710 ita
1165 1655 1258 1721 sit,
1292 1656 1439 1711 binis
1466 1666 1651 1711 tamen
1684 1657 1837 1712 hisce
1883 1657 2021 1711 scri-

440 1746 696 1814 ptoribus
738 1761 803 1800 ea
841 1745 899 1799 in
935 1762 997 1802 re
1042 1762 1165 1802 esse
1213 1749 1653 1817 assentiendum,
1690 1750 1775 1805 vel
1828 1766 1897 1805 ex
1952 1763 2020 1805 eo

2128 544 2276 610 terit,
2306 558 2536 598 necesse
2564 542 2791 597 omnino
2814 543 2907 603 sit.
2939 541 3299 601 Sirmiensem
3319 544 3503 604 Sancti
3519 552 3697 608 eccle-

2126 636 2289 703 siam,
2323 649 2352 688 a
2381 633 2612 691 Leontio
2663 650 2725 690 ex
2758 634 2921 690 dictis
2947 636 3296 703 :ediiicatam,
3337 650 3459 710 post
3487 642 3695 697 cladem

2126 726 2276 780 illam
2335 724 2637 780 liunnicam
2693 724 2864 779 fuisse
2927 725 3309 791 instauratam,
3370 730 3697 799 antiquaeve,

2082 878 2085 881 λ
2127 818 2348 888 penitus
2381 816 2497 873 fere
2527 833 2595 873 ex
2648 832 2711 871 ea
2751 818 3070 883 destructas,
3122 820 3244 875 loco
3277 835 3477 887 novam
3530 821 3700 877 fuisse

2124 921 2385 977 erectam,
2419 926 2538 982 qua:
2584 910 2807 977 deinde,
2834 912 2918 966 vel
2941 921 3091 968 certe
3120 912 3311 979 altera,
3345 915 3469 984 ejus
3500 916 3698 972 iterum

2124 1005 2248 1060 loco
2277 1011 2578 1069 exstructa,
2607 1002 2677 1057 ad
2706 1003 2965 1059 saeculum
2996 1018 3171 1075 iusque
3202 1006 3551 1063 undecimum
3584 1017 3696 1063 ste-

2127 1102 2278 1157 terit.

2199 1194 2323 1250 155.
2362 1194 2475 1251 Nec
2504 1203 2715 1251 tantum
2748 1192 2935 1249 Sirmii
2969 1193 3061 1250 diu
3095 1191 3280 1251 Sancti
3324 1196 3499 1251 nostri
3532 1212 3704 1254 vene-

2125 1284 2267 1339 ratio
2298 1284 2693 1354 perseveravit,
2726 1299 2918 1340 verum
2949 1286 3116 1340 etiam
3159 1284 3287 1341 inde
3327 1285 3544 1357 longius
3577 1303 3699 1343 sese

2122 1376 2373 1445 diﬂ'udit;
2409 1378 2510 1433 etsi
2544 1377 2714 1444 enim,
2741 1387 2800 1433 ut
2826 1378 2939 1448 jam
2978 1378 3243 1442 iudicavi,
3274 1394 3373 1450 per
3399 1396 3565 1436 omne
3591 1382 3701 1436 late

2124 1467 2396 1540 lliyricum
2425 1478 2721 1542 propagata
2774 1468 2912 1525 forte
2954 1469 3101 1527 haud
3152 1470 3338 1538 fuerit,
3389 1488 3488 1544 per
3530 1483 3699 1530 totam

2126 1572 2306 1616 tamen
2341 1560 2695 1633 llungariam,
2728 1559 2998 1617 Siavoniae
3030 1563 3347 1634 Sirmioque
3373 1565 3428 1619 in
3463 1566 3565 1621 hac
3595 1568 3701 1622 sito

2124 1653 2384 1719 vicinam,
2416 1668 2540 1709 sese
2573 1654 2726 1724 lapsu
2758 1654 3023 1725 temporis
3042 1656 3313 1711 extendit.
3344 1657 3562 1712 Etenim
3596 1658 3703 1715 De-

2126 1748 2351 1801 metrius
2383 1746 2673 1819 liungariae
2712 1748 2959 1818 patronis
2987 1764 3017 1803 a
3045 1750 3198 1820 regni
3228 1749 3393 1820 hujus
3429 1750 3702 1823 indigenis

440 1847 691 1909 apparet,
746 1839 896 1909 quod
929 1849 1130 1895 sanctae
1160 1842 1466 1896 Anastasizc
1524 1843 1771 1913 reliquim
1821 1844 2021 1899 simulo
2056 1835 2097 1889 D
2123 1838 2537 1907 adnumeratur,
2570 1842 2997 1912 quotannisque,
3028 1850 3089 1896 ut
3119 1842 3264 1908 talis,
3298 1844 3437 1897 ritus
3460 1844 3701 1914 duplicis

441 1930 637 1999 quinto
672 1946 769 1986 seu
804 1946 871 1986 eo
907 1939 1175 2003 tempore,
1229 1950 1339 2003 quo
1368 1949 1397 1987 a
1454 1933 1688 1989 Leontio
1731 1936 2020 1990 ecclesiam

442 2032 636 2078 sancto
682 2022 967 2079 Demetrio
984 2026 1142 2094 juxta
1173 2025 1425 2091 alteram,
1459 2042 1582 2097 quae
1613 2037 1819 2082 sanctae
1872 2027 2022 2082 Ana-

442 2116 632 2171 stasize
646 2131 803 2173 sacra
838 2125 1010 2183 esset,
1047 2117 1241 2172 Sirmii
1275 2117 1447 2174 fuisse
1477 2128 1835 2185 exstructam,
1856 2120 2021 2175 iidem

442 2209 555 2264 bini
605 2210 912 2281 scriptores
948 2213 1192 2277 tradunt,
1239 2211 1293 2265 in
1329 2212 1552 2273 civitate
1583 2212 1763 2268 isthac
1793 2214 2020 2268 exstite-

444 2301 579 2365 rint,
610 2303 687 2356 uti
714 2318 779 2357 ex
818 2302 887 2358 iis
918 2319 1041 2372 qua:
1084 2303 1409 2359 Theodorus
1440 2304 1637 2359 Lector
1674 2305 1772 2360 lib.
1804 2321 1865 2370 ιι,
1898 2322 2019 2377 pag.

444 2395 550 2449 568
569 2395 850 2459 editionis,
881 2411 912 2449 a
943 2395 1162 2451 Valesio
1190 2396 1488 2463 adornatae,
1515 2398 1795 2453 memoriae
1818 2399 2023 2470 prodit,

442 2487 811 2541 indubitatum
850 2488 1088 2542 videtur.

517 2580 643 2632 154.
688 2578 859 2633 Porro
896 2580 1042 2650 quod
1083 2581 1150 2635 ad
1190 2581 1383 2653 Cangii
1411 2583 1479 2639 de
1515 2585 1621 2641 sito
1660 2586 1804 2641 haud
1836 2587 2025 2657 procul

445 2667 514 2723 ab
540 2670 765 2739 antiquo
795 2670 999 2727 Sirmio
1041 2672 1264 2742 oppido,
1295 2674 1442 2746 quod
1480 2677 1756 2747 hodieque
1806 2688 2028 2735 sanctus

446 2762 703 2816 Demeter
725 2762 946 2828 dicitur,
983 2778 1299 2835 nomenque
1322 2783 1351 2821 a
1389 2769 1566 2823 sancti
1595 2769 1855 2826 Demetrii
1888 2779 2027 2824 tem-

446 2853 557 2923 plo,
600 2854 803 2909 ibidem
863 2866 1166 2921 exstructo,
1217 2860 1515 2929 acceperit,
1572 2862 1851 2917 Adnotata
1913 2862 2025 2932 jam

447 2956 680 3015 spectat,
713 2963 818 3002 nec
859 2949 976 3003 haec
1015 2950 1136 3019 ejus
1162 2950 1229 3005 de
1268 2952 1516 3007 ecclesiae
1554 2955 1731 3009 sancti
1767 2956 2027 3010 Demetrii

445 3055 476 3091 a
522 3039 771 3106 Leontio,
825 3041 1023 3111 Illyrici
1079 3044 1362 3113 przeiecto,
1418 3055 1729 3113 exstructas,
1789 3058 1951 3118 atque
1999 3064 2029 3103 a

445 3129 716 3186 Cinnamo
748 3148 847 3203 per
893 3136 1056 3189 verba
1087 3151 1252 3205 supra
1296 3138 1523 3194 recitata
1563 3150 1901 3207 memorate,
1921 3141 2028 3195 situ

2125 1932 2321 1997 officio,
2354 1934 2429 1987 uti
2456 1948 2489 1987 e
2513 1942 2827 1988 sanctorum
2854 1944 3211 2004 patronorum
3238 1937 3389 2007 regni
3414 1936 3705 2009 liungariz

2124 2024 2317 2079 otiiciis
2347 2024 2603 2095 propriis,
2635 2026 2931 2082 annoi703
2949 2026 3171 2082 Viennae
3202 2026 3437 2083 Austriae
3463 2029 3700 2094 excusis,

2125 2115 2301 2181 disco,
2347 2131 2446 2186 per
2490 2126 2656 2171 totam
2689 2116 2797 2172 late
2836 2116 3171 2188 Hungariam
3206 2118 3276 2172 26
3306 2117 3558 2177 Octobris
3588 2120 3702 2183 die.

2125 2221 2245 2276 quae
2276 2206 2325 2261 ei
2354 2205 2497 2277 apud
2526 2204 2743 2260 Gnaeos
2772 2221 2925 2261 sacra
2951 2216 3055 2271 est,
3090 2206 3308 2262 colitur.
3340 2209 3417 2263 Ac
3450 2209 3506 2263 in
3552 2210 3707 2266 horis

2127 2299 2349 2370 quidem
2386 2298 2684 2363 canonicis,
2720 2312 2842 2368 quae
2880 2298 2949 2352 de
2980 2313 3047 2353 eo
3079 2306 3210 2355 tunc
3253 2299 3547 2356 recitandae
3575 2316 3708 2371 pro-

2126 2402 2428 2463 ponuntur,
2468 2401 2577 2447 tres
2612 2391 2898 2457 lectiones,
2936 2398 3186 2461 quartam
3219 2391 3501 2459 videlicet,
3539 2393 3705 2463 quin-
3788 2398 3799 2405 '

2130 2496 2236 2541 tam
2267 2493 2321 2539 et
2350 2494 2584 2543 sextam.
2618 2499 2650 2538 e
2702 2484 3140 2554 metaphrasticis
3172 2484 3293 2554 ejus
3332 2485 3483 2539 Actis
3532 2486 3707 2541 maxi-

2129 2594 2271 2633 mam
2316 2586 2525 2648 partem
2566 2586 2889 2641 contextas,
2938 2577 3030 2632 ubi
3074 2577 3177 2632 sibi
3232 2578 3481 2648 proprias
3520 2578 3706 2645 habet,

2129 2672 2546 2740 orationemque
2574 2670 2698 2725 item
2730 2672 3009 2740 propriam
3039 2709 3053 2735 ,
3095 2669 3248 2725 hisce
3295 2671 3478 2725 verbis
3508 2686 3707 2726 conceo

2129 2770 2321 2831 ptam:
2360 2779 2378 2813 ι
2415 2761 2579 2824 Deus,
2626 2764 2720 2832 qui
2761 2763 2981 2817 beatum
3015 2760 3352 2817 Demetrium
3402 2773 3703 2833 martyrem

2134 2865 2310 2919 tuum,
2343 2856 2610 2909 virtutum
2641 2854 2811 2925 signis
2842 2853 3133 2918 clariﬁcas,
3186 2853 3308 2922 ejus
3349 2868 3449 2907 nos
3491 2869 3707 2922 quaesu-

2134 2962 2277 3012 mus,
2306 2947 2621 3002 interventu
2648 2963 2678 3001 a
2714 2948 2931 3001 cunctis
2958 2948 3223 3009 reati-bus,
3244 2955 3301 3000 et
3326 2961 3353 2999 a
3387 2947 3562 3011 malis,
3588 2964 3709 3016 quae

2134 3054 2234 3108 pro
2258 3040 2337 3094 eis
2362 3054 2659 3108 meremur,
2683 3039 2903 3094 absolve
2930 3039 3219 3108 prapitius,
3241 3054 3339 3108 per
3357 3038 3701 3094 Dominum.»

2134 3129 2193 3183 in
2225 3127 2387 3184 Missa
2424 3140 2632 3195 autem,
2663 3145 2784 3200 qua:
2816 3130 2883 3185 de
2903 3145 2967 3184 eo
3002 3138 3134 3183 tunc
3157 3129 3264 3184 dici
3288 3130 3454 3195 solet,
3479 3147 3709 3201 qumque

445 3224 761 3292 opinionem
811 3226 1052 3281 ﬁrmam,
1128 3228 1331 3294 Quidni
1375 3232 1545 3296 enim,
1608 3248 1731 3286 cum
1791 3232 2025 3301 primum
2057 3209 2097 3263 (ἶ
2134 3221 2240 3277 hoc
2277 3222 2504 3277 introitu
2542 3240 2556 3277 ε
2602 3240 2621 3275 r
2678 3221 2735 3275 in
2768 3223 2970 3278 virtute
3003 3232 3117 3284 tua,
3151 3222 3404 3287 Domine,
3436 3224 3711 3279 lambitur

446 3314 614 3381 aedes,
652 3327 845 3372 sancto
892 3318 1170 3375 Demetrio
1234 3337 1411 3387 sacra,
1461 3322 1652 3378 Sirmii
1711 3342 1741 3379 a
1794 3324 2026 3381 Leontio

446 3412 752 3480 erectajam
771 3411 984 3477 fuisset,
1006 3414 1176 3468 altera
1199 3415 1601 3481 deinde,eidem
1620 3418 1823 3474 Sancto
1836 3428 2026 3475 nostro

446 3515 625 3567 sacra,
668 3519 789 3572 quae
834 3504 952 3559 loco
983 3505 1085 3560 sibi
1135 3508 1333 3572 adsito,
1364 3509 1623 3578 paulatim
1672 3510 1727 3564 in
1760 3510 2020 3582 oppidum

444 3594 740 3658 crescenti,
776 3610 977 3649 nomen
1010 3596 1222 3661 fecerit,
1257 3598 1311 3652 in
1351 3614 1481 3669 agro
1518 3600 1807 3657 Sirmiensi
1858 3602 2026 3658 aediﬁ-

447 3694 569 3737 cata
619 3700 741 3739 esse
775 3687 1258 3755 potuerit?Sane,
1313 3706 1437 3744 cum
1487 3692 1767 3761 Oppidum,
1805 3704 2027 3751 sanctus

450 3775 700 3830 Demeter
750 3777 979 3846 dictum,
1042 3781 1186 3851 quod
1226 3781 1290 3835 ad
1352 3782 1553 3837 Savum
1614 3785 1781 3839 situm
1834 3797 1939 3853 est,
1996 3803 2027 3841 a

447 3865 835 3924 Boniinioloco
862 3885 1025 3940 supra
1058 3888 1156 3941 per
1182 3871 1447 3944 Cangium
1485 3875 1582 3930 cit.
1611 3876 1791 3946 reipsa
1821 3894 2028 3934 memo-

449 3967 619 4024 retur,
667 3960 829 4031 idque
878 3963 1174 4034 hodieque,
1217 3975 1409 4033 utpote
1452 3966 1507 4020 in
1561 3968 1841 4024 modernis
1899 3985 2031 4041 geoa-

446 4052 723 4121 graphicis
780 4053 1074 4125 Hungarize
1131 4057 1515 4129 Slavonimque
1571 4061 1770 4116 tabulis
1824 4066 2027 4133 passim

446 4153 721 4208 notatum,
783 4145 1008 4202 indubie
1071 4150 1254 4204 adhuc
1315 4152 1561 4217 exsistat,
1612 4153 1687 4208 ita
1739 4170 1867 4210 vere
1913 4172 2026 4210 rem

447 4238 719 4303 evenisse,
750 4239 805 4293 in
842 4241 1086 4296 animum
1120 4242 1339 4299 induco.
1387 4243 1523 4300 liinc
1550 4261 1714 4317 porro
1745 4248 1857 4318 jam
1892 4265 2029 4303 con-

449 4330 717 4398 sequitur,
758 4331 1078 4388 utSanctus
1125 4344 1318 4389 noster
1346 4335 1401 4390 in
1450 4337 1683 4408 liiyrico,
1713 4338 1871 4409 cujus
1899 4339 2028 4394 olim

451 4421 728 4484 Siavonia.
749 4424 1014 4481 Sirmium
1032 4428 1343 4496 antiquum,
1375 4429 1816 4501 oppidumque.a
1842 4441 2031 4487 sancto

2127 3314 2451 3385 justus,etc.
2484 3332 2503 3365 ι
2531 3314 2597 3369 de
2619 3318 2898 3369 communi
2918 3314 3079 3369 unius
3109 3316 3361 3384 martyris
3387 3324 3491 3381 est,
3511 3326 3710 3385 prater

2131 3410 2437 3465 orationem
2474 3409 2586 3477 jam
2625 3408 2905 3462 recitatam
2947 3407 3067 3462 dua:
3099 3407 3239 3471 aliae,
3274 3417 3486 3463 secreta
3514 3408 3709 3464 videli-

2131 3511 2219 3559 cet
2248 3501 2559 3570 alteraque,
2588 3515 2707 3567 qua:
2734 3500 3174 3570 postcommunio
3196 3500 3421 3567 dicitur,
3449 3500 3518 3556 ab
3546 3501 3711 3572 hujus

2130 3593 2346 3665 generis
2367 3591 2732 3655 orationibus,
2755 3606 2876 3661 quae
2902 3591 2957 3645 in
2985 3592 3110 3646 aliis
3136 3592 3202 3647 de
3225 3593 3505 3647 communi
3537 3594 3705 3649 unius

2130 3688 2444 3757 pluriumve
2499 3694 2800 3756 martyrum
2836 3683 3017 3738 Missis
3070 3684 3177 3739 dici
3227 3686 3433 3752 solent,
3482 3687 3711 3743 omnino

2132 3780 2390 3843 diversae,
2421 3778 2487 3831 de
2515 3786 2707 3832 sancto
2738 3776 3040 3841 Demetrio,
3080 3776 3160 3831 uti
3200 3775 3377 3831 Missae
3412 3777 3479 3832 de
3505 3779 3711 3833 sanctis

2132 3872 2283 3940 regni
2315 3870 2606 3940 llungariae
2639 3870 2911 3939 patronis,
2951 3884 3097 3923 anno
3132 3869 3271 3922 i755
3304 3869 3587 3939 Tyrnavia:
3612 3888 3709 3925 ex-

2133 3978 2297 4027 cusze,
2336 3978 2424 4017 me
2453 3963 2673 4025 docent,
2717 3962 3013 4016 recitanda:
3055 3961 3405 4016 exhibentur.
3439 3963 3515 4015 Ac
3555 3964 3711 4032 prior

2133 4058 2351 4127 quidem
2391 4057 2477 4111 his
2511 4056 2713 4120 verbis,
2756 4072 2774 4106 ι
2808 4053 3033 4107 Munera
3064 4062 3274 4115 nostra,
3313 4054 3560 4120 Domine,
3596 4070 3713 4109 me-

2136 4149 2255 4205 ritis
2290 4148 2437 4205 beati
2469 4146 2728 4202 Demetrii
2774 4145 3032 4215 martyris
3065 4144 3182 4207 tibi,
3213 4160 3552 4214 quaesumus.
3583 4147 3710 4201 red-

2132 4242 2333 4296 dantur
2366 4248 2587 4309 accepta
2608 4279 2622 4303 ,
2654 4247 2705 4293 et
2755 4236 3078 4306 nosmetipsi
3112 4245 3325 4306 gratum
3364 4236 3459 4291 tibi
3497 4237 3707 4293 eiiieia-

2134 4347 2257 4386 mur
2290 4330 2641 4385 sacrificium.
2681 4347 2699 4381 ι
2732 4326 3012 4382 Posterior
3044 4341 3173 4380 vero
3198 4328 3559 4396 sequentibus
3585 4345 3711 4384 ron-

2134 4432 2241 4477 stat
2272 4436 2287 4477 :
2324 4440 2342 4473 r
2388 4420 2645 4476 Puriiicet
2666 4434 2788 4482 nos,
2825 4432 3161 4487 quaesumus,
3186 4416 3437 4483 Domine,
3464 4420 3710 4476 caelestis

452 4513 726 4570 Demetrio
748 4516 978 4584 dictum,
1014 4519 1179 4579 modo
1210 4518 1606 4589 complecrens,
1642 4530 1853 4592 partem
1891 4538 2027 4578 ςοη-
2058 4547 2103 4603 D
2136 4529 2336 4569 mensa:
2388 4512 2599 4573 libatio,
2645 4520 2699 4565 et
2729 4548 2744 4573 ,
2797 4508 3191 4603 intercedente
3223 4508 3387 4564 beato
3433 4509 3708 4603 Demetrio

447 4604 731 4672 stituebat,
771 4622 883 4663 non
936 4625 1101 4663 unam
1158 4618 1394 4675 tantum,
1442 4611 1537 4666 sed
1578 4614 1713 4667 duas
1760 4614 2021 4670 ecclesias

445 4699 656 4754 nomini
690 4716 790 4755 suo
833 4712 1183 4757 consecratas
1217 4703 1498 4767 habuerit,
1551 4703 2024 4777 dubitandumque

446 4788 681 4857 proinde
706 4801 816 4845 nan
859 4791 946 4855 sit,
990 4793 1121 4862 quin
1181 4793 1378 4848 eximia
1440 4794 1624 4863 plane,
1676 4796 1719 4849 si
1762 4811 1871 4850 non
1925 4812 2023 4866 per

446 4893 612 4933 omne
635 4879 743 4934 late
770 4880 1068 4952 Illyricum,
1097 4881 1285 4938 Sirmii
1309 4884 1524 4952 saltem,
1555 4884 1647 4940 ubi
1669 4885 1831 4942 etiam
1857 4902 2021 4957 supra

446 4980 785 5040 memorata,
814 4988 948 5041 quas
978 4990 1044 5030 eo
1071 4975 1334 5031 Leontius
1364 4977 1642 5044 attulerat,
1688 4993 1856 5034 sacrze
1903 4978 2023 5049 ejus

445 5060 699 5129 reliquiae
752 5063 1144 5131 servabantur,
1205 5066 1484 5138 dictoque,
1516 5066 1605 5123 cui
1634 5082 1837 5124 nomen
1870 5067 2019 5132 fecit,

447 5150 503 5205 in
546 5152 751 5223 oppido
794 5157 1147 5212 veneratione
1174 5159 1569 5227 ecclesiastica,
1602 5169 1657 5214 et
1687 5158 1872 5215 Sirmii
1901 5160 2023 5230 qui~

444 5244 569 5300 dem
602 5246 672 5301 ob
694 5246 805 5317 jam
824 5248 969 5303 dicta
1000 5250 1066 5305 de
1088 5260 1363 5306 exstructa
1404 5252 1602 5307 ibidem
1650 5251 1702 5307 ei
1730 5268 1759 5306 a
1792 5251 2021 5309 Leontio

446 5341 676 5397 ecclesia
700 5342 810 5412 jam
831 5344 958 5400 inde
992 5345 1060 5401 ab
1083 5346 1246 5414 hujus
1274 5355 1435 5402 retate
1465 5362 1560 5402 seu
1582 5346 2020 5403 sazculoineunte

442 5435 659 5504 quinto,
714 5436 885 5492 fuerit
956 5438 1216 5510 gavisus;
1271 5440 1413 5496 hanc
1464 5450 1649 5496 autem
1712 5440 1802 5495 diu
1854 5440 2019 5495 etiam

440 5527 645 5582 ibidem
704 5544 1111 5600 perseverasse,
1161 5533 1247 5587 vel
1277 5548 1343 5587 ex
1368 5547 1434 5587 eo
1459 5532 1650 5604 liquet,
1683 5533 1849 5604 quod,
1895 5548 2021 5589 cum

444 5620 711 5677 Sirmium
745 5640 893 5681 anno
915 5625 1138 5681 circiter
1178 5625 1302 5693 Ml,
1330 5626 1411 5680 uti
1439 5626 1586 5681 inter
1622 5628 1864 5682 eruditos
1889 5643 2021 5682 conv

442 5716 614 5777 venit,
648 5715 717 5770 ab
752 5714 942 5783 Attila,
984 5716 1310 5771 Hunnorum
1366 5732 1516 5788 rege,
1546 5718 1712 5773 fuerit
1742 5733 2019 5783 eversum,

440 5806 792 5877 ecclesiaque
835 5809 1223 5875 nihilominus,
1278 5819 1470 5865 sancto
1520 5810 1796 5867 Demetrio
1844 5824 2018 5880 sacra,

684 5905 935 5968 Parnm.
988 5906 1103 5967 (in.
1134 5905 1364 5986 CXVI.

2133 4615 2371 4675 martyre
2397 4612 2512 4667 tuo,
2531 4602 2597 4657 ad
2626 4601 2791 4656 vitam
2813 4600 2976 4655 nobis
3001 4599 3258 4671 proiiciat
3284 4602 3703 4671 sempiternam.

2199 4697 2319 4751 136.
2352 4698 2528 4765 Atque
2563 4694 2634 4748 ita
2670 4708 2776 4763 quo
2813 4692 2964 4747 cultu
3023 4690 3264 4748 Sanctus
3298 4693 3370 4748 ab
3402 4693 3703 4766 Hungaris,

2126 4804 2156 4843 a
2189 4788 2388 4859 quibus
2422 4795 2480 4842 ut
2510 4795 2776 4855 patronus
2810 4785 3027 4849 colitur,
3075 4784 3343 4839 adiciatur
3367 4824 3382 4849 ,
3414 4786 3579 4841 modo
3606 4802 3704 4841 ex-

2127 4880 2319 4952 posui;
2352 4895 2499 4935 nunc
2528 4895 2698 4950 pauca
2733 4878 2912 4933 adhuc
2938 4877 3005 4933 de
3039 4887 3287 4948 tempore
3313 4918 3329 4943 ,
3360 4892 3469 4946 quo
3502 4878 3619 4933 ﬁeri
3651 4877 3705 4934 id

2125 4974 2196 5028 ab
2236 4973 2345 5028 illis
2395 4971 2695 5042 inceperit,
2728 4970 2864 5025 libet
2894 4969 3161 5043 proferre.
3206 4968 3266 5025 lu
3304 4967 3430 5024 Vita
3465 4969 3529 5025 Β.
3561 4969 3706 5024 Mar-

2127 5074 2346 5135 garetae,
2381 5062 2609 5134 virginis
2662 5060 3021 5133 Hungaricae,
3058 5061 3125 5115 ad
3154 5060 3298 5116 diem
3328 5058 3400 5114 28
3428 5057 3698 5126 Januarii,

2126 5174 2234 5231 quo
2260 5159 2377 5214 hac
2399 5157 2617 5223 colitur,
2644 5157 2786 5226 apud
2808 5172 2912 5212 nos
2929 5156 3095 5220 edita,
3122 5163 3347 5211 sanctus
3372 5154 3699 5224 Demetrius,

2127 5269 2234 5311 una
2266 5268 2390 5310 cum
2426 5251 2527 5307 SS.
2552 5250 2850 5306 Laurentio
2879 5257 2934 5304 et
2966 5248 3705 5312 Bartholomseo,sanctimo—

2124 5350 2255 5403 niali
2291 5348 2551 5411 cuidam,
2601 5350 2763 5400 acuta
2812 5342 2950 5398 febri
2992 5341 3287 5405 laboranti,
3336 5341 3701 5412 spectandum

2126 5454 2247 5496 sese
2278 5440 2330 5493 in
2366 5452 2559 5492 somno
2590 5435 2827 5496 dedisse.
2865 5448 3125 5504 eamque.
3163 5444 3224 5488 ut
3251 5433 3398 5504 apud
3428 5432 3704 5503 archiepio

2126 5545 2350 5601 secpum
2378 5528 2809 5598 Strigoniensem
2830 5526 2900 5583 de
2923 5526 3260 5582 instituenda
3299 5525 3515 5581 indictae
3530 5524 3705 5581 beatae

2126 5625 2443 5692 Margaret:
2507 5620 2854 5675 sanctitatem
2913 5627 2970 5674 et
3026 5618 3291 5674 miracula
3341 5616 3707 5687 inquisitinne

2126 5724 2334 5786 ageret,
2388 5711 2669 5766 monuisse
2715 5718 3011 5775 narratur;
3059 5723 3229 5780 quare
3280 5722 3406 5765 cum
3456 5707 3608 5769 hinc.
3644 5715 3706 5763 ut

2123 5808 2297 5863 beata:
2341 5805 2507 5877 hujus
2560 5804 2809 5876 virginis,
2852 5803 2962 5861 vita
3009 5800 3121 5874 jam
3177 5798 3404 5869 iunctas,
3436 5800 3705 5858 sanctitas

3289 5892 3361 5956 37
