4140 6382
453 384 595 454 illi!)

1388 379 1458 441 ‘S.
1497 375 1884 440 DEMETRII
1926 375 2322 438 MARTYRIS
2363 376 2578 437 ACTA.

3557 379 3701 446 1166

449 489 2034 571 majoribussuisolim,utiamdocui,maximeaurersati,
2064 487 2223 546 Avir
2255 488 2399 545 haud
2448 487 2602 543 rudis
2650 475 2942 555 exstiterit,
2997 501 3169 558 eaque
3222 501 3343 558 qua
3400 489 3456 544 in
3490 489 3702 548 litteras

458 590 830 663 patrocinium
859 588 1192 653 habuerint;
1227 595 1288 640 ut
1316 600 1468 650 sane,
1511 584 1640 654 quin
1674 583 1731 647 ii,
1770 596 2026 651 prospera

457 684 664 740 deinde
710 683 974 738 adversus
1001 680 1241 739 Gra'cos,
1267 690 1502 747 quorum
1536 675 1722 745 iugum
1763 688 2027 727 excusse-

457 776 606 839 rant,
650 776 866 830 fortuna
916 773 1027 834 usi,
1081 781 1272 825 sancto
1317 779 1508 823 nostro
1560 766 1810 836 martyri,
1857 778 2020 833 quem

454 867 602 922 Petri
627 875 683 922 et
716 865 914 920 Asanis
941 863 1150 917 artibus
1181 861 1357 916 delusi
1385 860 1440 914 in
1470 858 1800 926 Bulgarlam,
1841 855 2027 909 relicta

455 954 1288 1029 Thcssalonicayfirmcorumque
1311 953 1496 1018 tutela,
1512 952 1800 1021 migrasse,
1817 947 2030 1016 sibique

459 1048 960 1120 patrocinaturum,
994 1047 1284 1112 rebantur,
1313 1045 1520 1100 cultum
1567 1043 1758 1105 etiam,
1795 1038 2030 1094 maxime

452 1139 514 1193 in
565 1137 818 1198 ecclesia.
873 1151 1038 1206 quam
1090 1137 1142 1190 ei
1180 1135 1382 1190 Petrus
1415 1143 1472 1188 et
1519 1133 1664 1187 Asan
1710 1137 2025 1195 erexerant,

451 1230 718 1300 deinceps
776 1227 1095 1292 detulerint,
1153 1225 1516 1281 dubitandum
1567 1236 1678 1276 non
1731 1227 2027 1291 appareat;

453 1323 573 1377 imo
601 1336 754 1387 vero,
787 1335 910 1376 cum
941 1317 1136 1374 Petrus
1162 1327 1218 1372 et
1240 1317 1406 1382 Asan,
1440 1331 1551 1385 quo
1583 1315 1638 1369 in
1671 1320 1855 1382 partes
1896 1325 2027 1365 suas

462 1415 748 1486 Bulgaros,
797 1412 1087 1483 populares
1138 1426 1290 1474 suos,
1339 1409 1700 1471 attraherent,
1745 1403 2034 1465 auxilium,

463 1525 576 1564 non
604 1507 830 1564 alterius
858 1505 1238 1573 cujuscunque
1271 1502 1478 1564 Sancti,
1511 1501 1604 1558 sed
1657 1497 1910 1554 Demetrii
1955 1496 2036 1551 eis

465 1600 779 1656 adfuturum
833 1597 939 1652 sibi
973 1594 1508 1651 comminiscendu-m
1569 1591 1848 1654 duxerint,
1891 1589 2038 1644 hunc

457 1693 632 1747 etiam
658 1691 802 1761 apud
831 1689 1115 1759 Bulgaros,
1139 1703 1264 1742 cum
1293 1686 1559 1750 nondum,
1581 1683 1748 1739 Petro
1777 1691 1829 1738 et
1856 1683 2036 1736 Asane

462 1780 851 1842 suadentibus,
885 1793 1034 1833 arma
1065 1777 1120 1831 in
1159 1777 1399 1842 Graecos,
1429 1790 1536 1845 quo
1564 1789 1686 1830 sese
1731 1773 1784 1827 in
1811 1773 2036 1828 liberta-

471 1882 578 1926 tem
628 1878 958 1934 assererem,
1015 1869 1396 1938 arripuissent,
1428 1867 1662 1922 maxima
1701 1865 1756 1922 in
1805 1878 2035 1918 venera-

472 1961 622 2015 tione
688 1959 882 2025 fuisse,
947 1960 1264 2026 cultumque
1323 1955 1646 2018 obtinuisse,
1724 1951 2034 2006 verosimile

469 2053 631 2107 etiam
657 2059 900 2124 apparet.
937 2051 1072 2108 Utut
1093 2050 1179 2116 sit,
1199 2065 1324 2105 cum
1351 2048 1624 2118 equidem,
1647 2045 1770 2114 quis
1791 2043 2036 2114 qualisve

473 2147 522 2202 is
554 2146 742 2210 fuerit,
773 2155 1122 2216 perspect-um
1173 2145 1318 2207 haud
1372 2143 1618 2204 habeam,
1657 2140 1845 2208 sicque
1899 2135 2038 2192 nihil

469 2237 726 2307 amplius,
756 2251 864 2307 quo
891 2252 953 2292 ea
983 2237 1051 2291 de
1084 2250 1139 2289 re
1166 2235 1424 2292 lectorem
1455 2232 1732 2292 edoceam,
1762 2234 2036 2292 occurrat,

469 2330 540 2385 ad
568 2331 773 2384 cultum
806 2329 1260 2392 ecclesiasticum,
1291 2327 1489 2383 Sancto
1523 2334 1709 2379 nostro
1741 2321 1868 2378 alibi
1903 2336 2040 2390 prai-

473 2429 620 2476 tcrea
654 2421 914 2482 delatum,
943 2435 1254 2474 sermonem
1285 2418 1394 2487 jam
1435 2425 1718 2472 converto.

545 2512 665 2566 lii.
722 2510 1041 2565 Anastasius
1093 2507 1544 2564 Bibliothecarius
1595 2505 1648 2559 in
1693 2501 2037 2566 Prmfatione,

471 2621 634 2674 quam
667 2604 851 2659 Sancti
885 2603 1054 2658 nostri
1082 2600 1348 2666 Passioni,
1380 2615 1410 2653 a
1459 2613 1516 2652 se
1550 2607 1816 2652 contextae
1847 2595 2041 2650 Carolo

467 2695 638 2751 Calvo
702 2696 812 2767 (adi
858 2710 1008 2748 num.
1051 2693 1140 2761 14)
1200 2707 1353 2746 suam
1411 2691 1554 2744 hanc
1606 2687 2042 2744 lucubrationem

476 2789 803 2849 inscribens,
834 2785 1114 2854 praemisit,
1152 2785 1223 2839 ita
1262 2783 1364 2837 sub
1397 2780 1608 2836 initium
1641 2777 1874 2848 principi
1914 2773 2042 2831 huic

469 2881 753 2951 loquitur:
800 2896 817 2930 t
855 2877 1004 2931 Beati
1039 2875 1319 2938 Demetrii,
1355 2868 1853 2927 Thessalonicensis
1897 2881 2046 2920 mar-

471 2972 631 3042 tyris,
659 2969 976 3024 l’assionem
1017 2981 1179 3038 atque
1213 2965 1497 3028 miracula,
1547 2961 1892 3018 hortantibus
1929 2958 2044 3014 fra-

471 3065 672 3126 tribus,
703 3071 758 3116 et
792 3060 1026 3114 maxime
1056 3059 1172 3113 viro
1209 3055 1538 3126 peritissimo
1561 3051 1773 3106 Joanne
1791 3050 2042 3112 diacono,

477 3165 671 3209 vestra:
690 3153 810 3207 ﬁdei
838 3152 1070 3222 puritate
1098 3165 1160 3205 ac
1177 3149 1418 3204 scientia:
1449 3145 1696 3201 claritate
1737 3141 2043 3202 notissimo,

475 3258 655 3311 nuper
685 3243 752 3295 de
783 3239 970 3294 Caeco
1016 3239 1071 3292 in
1109 3238 1363 3292 Latinum
1405 3235 1658 3290 transtuli
1694 3245 2042 3294 sermonem;

475 3333 572 3402 qui
601 3349 698 3402 pra
716 3331 862 3386 fatus
881 3329 1126 3384 Joannes
1159 3327 1322 3396 hujus
1351 3327 1601 3397 martyris
1632 3328 1684 3378 in
1716 3325 1878 3377 domo
1925 3321 2046 3392 qui-

473 3427 601 3480 dem
631 3439 728 3478 sua
764 3423 919 3478 mirae
969 3422 1316 3492 antiquitatis
1356 3429 1410 3475 ct
1461 3415 1888 3490 pulchritudinis
1925 3428 2048 3467 ora-

476 3515 680 3570 torium
710 3513 966 3576 habebat,
999 3522 1178 3566 tamen
1209 3511 1386 3580 qualis
1442 3509 1542 3563 iste
1601 3516 1808 3576 martyr
1841 3502 2046 3558 Christi

480 3617 647 3672 esset,
671 3606 969 3676 ignorabat.
1008 3603 1119 3675 Ego
1148 3618 1299 3670 vero,
1323 3603 1732 3669 sicutcxpertus
1761 3611 1879 3651 sum
1904 3595 2048 3665 apud

480 3698 947 3760 Thessalonicam,
983 3696 1072 3748 ubi
1105 3693 1400 3763 pretiosum
1435 3705 1632 3759 corpus
1663 3690 1781 3756 egus
1814 3685 2044 3751 redolet,

477 3801 534 3846 et
567 3789 852 3859 splendore
894 3787 1282 3840 miraculorum
1323 3783 1574 3852 refulget,
1601 3778 1814 3834 innotui
1871 3777 1922 3832 ei
1954 3792 2049 3846 per

475 3885 752 3937 ordinem.
793 3899 811 3932 ι
847 3879 1108 3941 Joannes,
1141 3877 1230 3931 hic
1269 3876 1337 3929 ah
1363 3871 1655 3926 Anastasio
1686 3868 2049 3923 Bibliotheca-

483 3976 564 4028 rio
590 3980 944 4031 memoratus,
978 3970 1035 4023 S.
1065 3968 1132 4023 li.
1175 3965 1235 4020 Ε.
1265 3965 1530 4021 daconus
1567 3971 1704 4023 crat,
1752 3961 2050 4028 Romaeque

482 4063 737 4134 proinde,
771 4073 830 4117 ut
855 4060 1212 4116 dubitandum
1240 4073 1350 4112 non
1381 4063 1627 4126 apparet,
1673 4053 2049 4108 commoraba-

479 4168 614 4222 tur;
655 4171 844 4226 quare,
882 4153 927 4208 si
966 4154 1116 4207 mirae
1148 4150 1484 4220 antiquitatis
1516 4145 2051 4217 pulchritudinisque

484 4248 808 4309 oratorium,
833 4245 976 4315 quod
1012 4245 1122 4308 hic,
1158 4242 1452 4296 Anastasio
1485 4255 1581 4310 per
1630 4241 1792 4294 verba
1825 4238 2050 4293 recitata

482 4349 741 4401 testante,
770 4338 824 4392 in
859 4338 1022 4392 domo
1057 4351 1154 4390 sua
1183 4333 1394 4395 habuit,
1431 4331 1594 4386 fuerit
1627 4329 1936 4401 reipsa,luti
1963 4328 2050 4382 hic

485 4437 722 4503 scriptor
773 4445 895 4487 sese
972 4429 1278 4484 aestimasse
1333 4424 1563 4489 iudicat,
1621 4431 1806 4478 sancto
1861 4427 2050 4476 nostro

2132 583 2301 648 misit,
2335 591 2418 636 sat
2449 581 2740 652 diligenter
2789 579 3129 638 examinasse
3180 580 3453 648 videatur,
3481 597 3570 639 res
3614 594 3702 638 ut-

2129 692 2348 747 cunque
2381 675 2688 731 verosimile
2714 682 2878 744 Queat
2900 674 3112 730 haberi.

2204 769 2329 823 με.
2361 768 2490 823 Pari
2528 767 2643 822 fere
2664 767 2733 822 de
2768 783 2955 834 causa,
2983 776 3249 824 nostrane
3277 769 3344 825 de
3372 769 3592 838 Sancto,
3630 789 3695 826 an

2132 865 2200 919 de
2238 864 2345 917 alio
2377 862 2708 931 homunymo
2731 861 2985 921 Carolus.
3012 861 3361 918 Novaricusis
3386 867 3699 934 episcopus,

2136 957 2264 1011 dum
2297 953 2693 1009 lucubrationis
2719 969 2749 1008 a
2773 969 2830 1008 se
2864 955 3160 1018 adornatae,
3212 971 3374 1024 quam
3407 958 3700 1010 Novariam

2131 1044 2443 1115 inscripsit,
2507 1044 2600 1098 lib.
2644 1061 2680 1110 ι,
2724 1060 2846 1115 pag.
2882 1045 2982 1099 184
3031 1046 3105 1099 ita
3161 1046 3392 1101 scribit:
3432 1064 3450 1098 ι
3495 1046 3704 1102 Colitur

2137 1138 2406 1209 (Novariu-
2439 1137 2722 1207 nimirum)
2758 1136 2812 1190 in
2849 1135 3034 1194 eadem
3058 1136 3302 1192 ecclesia
3363 1138 3536 1192 sancti
3571 1138 3703 1193 Julii

2137 1230 2300 1284 etiam
2331 1230 2639 1283 Demetrius
2671 1238 2876 1300 martyr
2911 1229 3001 1284 die
3030 1229 3089 1283 Η
3126 1229 3272 1290 Maii,
3307 1229 3519 1298 fuitque
3555 1231 3608 1285 in
3641 1249 3703 1284 ra

2137 1322 2307 1377 altare
2343 1322 2393 1376 ei
2443 1321 2726 1387 dicatum;
2776 1322 2844 1375 de
2897 1321 3061 1390 cujus
3111 1330 3297 1386 tamen
3345 1322 3706 1375 trans-latione

2139 1413 2278 1466 nihil
2303 1413 2500 1475 habeo,
2555 1411 2700 1480 quod
2721 1413 2979 1478 referam,
3019 1431 3039 1465 ι
3071 1427 3382 1467 sermonem
3433 1415 3722 1473 instituat,

2139 1505 2499 1560 dubitandum
2551 1504 2826 1568 existimo,
2873 1515 3133 1573 certeque
3189 1505 3256 1559 de
3292 1505 3401 1559 alio
3431 1503 3710 1560 Demetrio

2139 1595 2399 1668 martyre,
2435 1611 2599 1665 quam
2652 1596 2720 1651 de
2774 1603 2982 1660 nostro,
3020 1597 3166 1666 loqui
3222 1598 3398 1666 ipsum
3455 1599 3710 1652 credide-

2142 1688 2275 1754 rim,
2307 1688 2350 1742 si
2381 1687 2752 1743 Novarienscs
2784 1687 3070 1756 Demetrii,
3097 1703 3258 1758 quem
3301 1688 3361 1742 ll
3397 1687 3543 1754 Maii,
3569 1688 3710 1744 forte

2141 1781 2285 1850 quod
2307 1781 2416 1836 hoc
2446 1780 2533 1835 die
2559 1795 2774 1836 sacrum
2808 1779 2953 1834 illius
2981 1793 3182 1849 corpus
3205 1780 3332 1834 olim
3366 1781 3706 1850 acceperint.

2142 1873 2198 1928 in
2236 1873 2418 1929 Sancti
2477 1872 2608 1927 Julii
2647 1873 2878 1927 ecclesia
2926 1872 3134 1936 colunt,
3191 1873 3463 1942 integrum
3525 1873 3592 1927 ad
3649 1889 3711 1928 se

2144 1975 2344 2032 corpus
2397 1963 2691 2033 aliquando
2725 1963 2894 2018 fuisse
2954 1963 3303 2028 translatum,
3353 1963 3708 2021 contendant.

2144 2071 2240 2110 seu
2303 2055 2502 2124 poti-us'
2540 2055 2810 2124 hodieque
2865 2064 2959 2109 aut
3015 2056 3206 2110 saltem
3256 2056 3388 2110 olim
3439 2056 3709 2128 integrum

2145 2146 2512 2216 posscderint.
2566 2145 2874 2208 Rationem,
2922 2145 2992 2201 ob
3043 2161 3204 2216 quam
3260 2147 3330 2202 ita
3375 2149 3709 2213 existimem,

2145 2239 2380 2308 quisque
2438 2254 2499 2291 ev
2535 2237 2631 2298 iis,
2692 2253 2813 2308 qua:
2870 2251 3024 2292 num.
3083 2253 3144 2292 nt
3175 2238 3244 2293 de
3300 2240 3473 2294 sacris
3525 2239 3713 2295 Sancti

2147 2331 2315 2384 nostri
2345 2330 2597 2400 reliquiis
2626 2344 2945 2400 corpurere,
3000 2329 3392 2385 Thessalonica
3425 2347 3710 2401 nunquam

2147 2423 2255 2477 alio
2283 2423 2581 2477 secundum
2629 2437 2824 2478 omnes
2855 2424 2936 2478 sui
2981 2434 3162 2491 partes
3216 2429 3427 2488 arceto,
3455 2423 3712 2489 disserui,

2148 2513 2308 2569 facile
2354 2514 2639 2584 intelliget.
2692 2513 2864 2570 Porro
2928 2530 3029 2570 nec
3087 2515 3305 2582 melius,
3366 2515 3718 2571 Demetrione

2147 2614 2361 2668 nostro,
2421 2619 2490 2659 an
2579 2605 2736 2659 alteri
2801 2607 3023 2676 martyri
3082 2607 3412 2678 homouymo
3487 2609 3716 2662 ecclesia

2151 2693 2422 2762 perniciei,
2489 2695 2678 2748 Sancti
2738 2694 3001 2749 Demetrii
3053 2697 3277 2750 nomine
3334 2695 3387 2749 in
3438 2695 3718 2750 Britannia

2151 2784 2462 2842 Aremorica
2499 2784 2795 2854 insignita',
2849 2801 2969 2854 quae
3023 2785 3080 2839 in
3138 2783 3258 2839 Vita
3297 2795 3501 2840 sancta:
3548 2785 3721 2842 Gildas

2152 2876 2384 2941 abbatis,
2422 2876 2488 2931 ad
2515 2875 2585 2932 29
2614 2876 2863 2931 Januarii
2899 2877 3066 2941 diem,
3097 2891 3207 2946 quo
3242 2877 3288 2932 is
3320 2877 3543 2942 colitur,
3573 2878 3718 2948 apud

2154 2985 2255 3026 nos
2282 2970 2450 3036 edita,
2503 2986 2658 3026 num.
2711 2969 2780 3024 27
2832 2978 3190 3035 memoratur,
3245 2979 3565 3025 consecrata
3623 2969 3714 3035 sit,

2155 3065 2332 3123 habeo
2367 3071 2742 3135 perspectum.
2771 3061 2970 3116 Verum
3007 3062 3113 3116 alia
3164 3069 3432 3133 praetcrea
3464 3063 3716 3129 ecclesia,

2073 3190 2115 3247 ε
2154 3171 2316 3228 quam
2347 3165 2538 3213 sancto
2576 3165 2765 3211 nostro
2816 3154 3094 3209 Demetrio
3141 3163 3474 3210 exstructam
3526 3169 3721 3212 conse-

2150 3259 2464 3315 cratamque
2491 3243 2682 3309 fuisse,
2717 3245 3083 3300 indubitatum
3111 3254 3217 3313 est,
3240 3245 3331 3301 hic
3362 3247 3524 3301 modo
3553 3247 3718 3301 etiam

2149 3339 2499 3394 memoranda
2529 3338 2788 3392 occurrit.

2222 3430 2343 3486 145.
2370 3429 2670 3500 Cyprianus
2700 3429 2919 3500 quidam
2950 3430 3005 3483 in
3031 3429 3115 3484 Afi
3129 3431 3211 3484 ica
3239 3430 3551 3501 episcopus,
3577 3429 3723 3487 infe-

2150 3520 2344 3585 liciter,
2372 3520 2449 3574 uti
2496 3519 2881 3574 Miraculorum
2927 3522 3249 3574 edendorum
3285 3522 3379 3576 lib.
3410 3538 3470 3588 li,
3500 3537 3620 3592 cap.
3654 3522 3715 3587 6,

2150 3610 2278 3666 sedc
2305 3621 2505 3672 tamen,
2536 3625 2697 3679 quam
2719 3610 2805 3664 hic
2841 3611 3146 3679 occuparit,
3171 3613 3420 3681 nuspiain
3459 3612 3719 3674 indicata,

2149 3710 2504 3761 memoratur.
2541 3716 2570 3756 a
2606 3701 2813 3768 Slavis,
2845 3718 2968 3756 cum
3006 3702 3360 3772 Byzantinum
3391 3705 3593 3773 negotii
3622 3719 3722 3759 cu—

2148 3791 2383 3860 }uSpiam
2411 3805 2571 3844 causa
2601 3800 2837 3860 peteret.
2866 3801 3078 3859 captus,
3108 3798 3408 3862 duramque
3431 3793 3504 3846 ita
3533 3795 3586 3845 in
3609 3807 3725 3848 ser-

2151 3885 2378 3933 vitutem
2418 3879 2666 3948 delapsus
2705 3879 2774 3933 ab
2812 3887 3108 3948 apparente
3136 3880 3238 3934 sibi
3278 3888 3468 3936 sancto
3527 3881 3720 3936 Demc-

2152 3973 2258 4027 trio
2289 3987 2454 4042 seque
2483 3974 2603 4032 viae,
2633 3987 2737 4043 qua
2760 3971 3206 4027 Thessalonicam
3257 3974 3568 4042 aufugeret,
3617 3975 3719 4030 du-

2151 4080 2270 4121 cem
2303 4065 2580 4134 praebente
2609 4065 2664 4120 in
2695 4063 3006 4121 libertatem
3044 4066 3148 4119 fuit
3189 4074 3452 4121 asscrtus.
3491 4065 3630 4122 llinc
3661 4068 3715 4122 in

2153 4156 2391 4210 Africam
2437 4173 2709 4222 reversus,
2750 4173 2856 4224 quo
2891 4171 3012 4211 sese
3040 4167 3232 4212 sancto
3265 4157 3589 4227 SospitatOri
3618 4174 3722 4213 suo

2150 4256 2358 4320 gratum
2385 4249 2687 4312 exhiberet,
2713 4249 2979 4317 templum
3003 4247 3235 4317 insigne,
3257 4263 3416 4318 opem
3443 4248 3492 4303 ei
3523 4247 3721 4303 iterum

2152 4339 2476 4395 mirabiliter
2511 4340 2720 4395 ferente
2764 4349 2956 4394 sancto
2995 4347 3269 4409 martyre,
3304 4339 3600 4406 exstruxit,
3641 4340 3724 4394 ei-

2154 4431 2386 4500 demque
2416 4431 2704 4486 dedicavit.‘
2733 4429 2901 4485 Porro
2932 4445 3054 4484 cum
3087 4429 3408 4484 miraculum
3431 4471 3446 4496 ,
3492 4430 3635 4500 quod
3667 4430 3720 4483 in

486 4525 714 4597 martyri
777 4533 1187 4585 consecratum,
1246 4516 1650 4573 consectarium
1720 4530 1750 4569 e
1809 4514 2051 4569 recitatis
2085 4537 2128 4594 ι)
2155 4523 2355 4578 laudati
2389 4523 2630 4593 episcopi
2671 4523 2902 4592 gratiam
2934 4520 3166 4576 Sanctus
3211 4522 3471 4592 patravit,
3523 4522 3723 4577 seculo

484 4617 756 4673 Anastasii
785 4616 966 4671 verbis
987 4616 1114 4679 erit,
1136 4622 1194 4668 ut
1233 4612 1280 4667 is
1307 4611 1470 4665 etiam
1499 4608 1706 4672 Romae,
1739 4616 1793 4661 et
1830 4607 2049 4676 quidem

479 4721 610 4765 ante
641 4709 898 4764 saeculum
935 4721 1160 4770 nonum,
1197 4719 1304 4772 quo
1327 4703 1472 4756 idem
1504 4701 1824 4755 Anastasius
1845 4699 2048 4762 floruit,

481 4805 851 4873 qualicunque
881 4803 1072 4856 saltem
1103 4799 1251 4854 cultu
1301 4795 1674 4852 ecclesiastico
1730 4795 1892 4848 fuerit
1955 4809 2052 4863 ga-

485 4899 654 4952 visus.
706 4897 907 4950 Verum
978 4907 1102 4948 cum
1157 4893 1270 4947 duo
1330 4890 1492 4944 etiam
1531 4889 1698 4943 Italiae
1757 4898 2048 4957 martyres,

487 4988 744 5044 Demetrii
767 4988 987 5042 nomine
1009 4985 1276 5050 distincti,
1292 4984 1430 5040 alter
1449 4983 1688 5048 Verulis,
1711 4982 1847 5035 alter
1863 4980 2050 5048 Ostize,

486 5082 538 5134 in
578 5078 822 5134 Romano
856 5078 1242 5150 martyrologio
1287 5077 1656 5139 ascribantur,
1691 5089 1794 5128 nec
1819 5075 2052 5136 Anasta-

482 5174 600 5226 sius
633 5171 952 5240 quidquam,
994 5185 1023 5222 e
1062 5185 1172 5238 quo
1227 5183 1286 5223 se
1339 5166 1697 5228 Demetrium,
1753 5166 2052 5220 oratorium

486 5265 540 5316 in
572 5262 799 5318 Joannis
848 5261 1064 5316 diaconi
1099 5261 1264 5314 domo
1304 5259 1622 5324 habentem,
1661 5258 2052 5327 homonymum

486 5371 606 5410 esse
664 5353 1212 5409 Thessalonicensem
1281 5359 1601 5420 martyrem.
1639 5349 1938 5420 collegerit,
1998 5349 2054 5402 in

487 5447 727 5502 medium
759 5447 1015 5510 adducat,
1065 5444 1309 5500 fueritne
1364 5442 1672 5498 Demetrius
1727 5451 1938 5504 noster,
1985 5451 2054 5495 an

487 5539 630 5594 alius
669 5549 895 5594 sanctus
952 5539 1342 5607 homonymus,
1401 5535 1582 5605 reipsa
1615 5534 1801 5589 Romae
1854 5533 2058 5588 seculo

489 5647 636 5685 nono
663 5647 727 5687 ac
759 5631 898 5686 forte.
924 5631 1087 5685 etiam
1135 5629 1300 5685 citius
1321 5627 1525 5690 cultus,
1559 5625 1692 5680 solis
1750 5624 1858 5681 huc
1906 5634 2055 5680 tran-

488 5721 708 5792 scriptis
741 5722 1016 5780 Anastasii
1046 5720 1225 5776 verbis
1256 5717 1477 5772 innixus
1511 5733 1608 5788 pro
1643 5728 1792 5771 certo
1833 5731 2055 5772 asseve-

491 5831 610 5869 rare
643 5831 747 5871 non
809 5818 1008 5882 ausim,
1048 5814 1171 5869 licet
1208 5811 1451 5875 interim,
1489 5808 1632 5879 quod
1691 5807 1777 5863 hic
1821 5809 2056 5878 scriptor

2154 4631 2301 4670 nono
2331 4624 2426 4669 aut
2457 4615 2595 4669 forte
2629 4615 2792 4669 etiam
2826 4613 3002 4684 'paulo
3028 4614 3210 4678 citius,
3245 4614 3324 4668 uti
3352 4613 3405 4667 in
3432 4613 3723 4669 Adnotatis

2152 4708 2326 4761 eidem
2360 4706 2655 4762 subdendis
2680 4705 2909 4767 docebo,
2939 4707 3216 4771 evenerit,
3258 4716 3464 4759 certum
3496 4706 3722 4760 omnino

2154 4808 2257 4864 est,
2291 4800 2346 4853 in
2389 4800 2629 4854 Africam
2661 4809 2775 4854 tum
2807 4799 2966 4855 etiam
3001 4809 3356 4870 propagatum
3411 4799 3579 4854 fuisse
3621 4800 3726 4854 Dc-

2156 4894 2332 4944 metrii
2357 4892 2526 4944 nostri
2550 4892 2774 4956 cultum,
2797 4905 2958 4959 quem
2987 4890 3186 4944 ibidem
3206 4889 3368 4943 etiam
3395 4889 3724 4946 incrementa

2160 4982 2423 5053 temporis
2473 4981 2627 5052 lapsu
2674 4982 2996 5052 sumpsisse,
3046 4980 3129 5034 fas
3161 4988 3248 5035 est
3297 4981 3548 5051 colligere
3581 4982 3665 5036 vel
3695 4997 3727 5035 θ

2158 5075 2313 5142 solis,
2346 5076 2545 5148 quibus
2573 5075 2819 5130 miraculi
2851 5075 3011 5130 istius
3039 5075 3305 5134 narratio.
3336 5074 3407 5128 ab
3443 5075 3727 5140 Anastasio

2158 5167 2580 5223 Bibliothecario
2611 5167 2667 5220 in
2695 5165 3080 5236 compendium
3112 5173 3412 5230 contracta,
3446 5167 3588 5236 apud
3619 5165 3729 5220 Ma.

2159 5258 2443 5314 billonium
2472 5267 2607 5312 tom.
2643 5257 2660 5310 l
2693 5255 2930 5312 Veterum
2959 5253 3336 5308 Analertorum
3367 5270 3490 5326 pag.
3515 5256 3586 5311 95
3617 5265 3728 5312 tero

2160 5350 2420 5414 minatur,
2452 5346 2810 5417 sequentibus
2841 5346 2992 5400 hisce
3017 5344 3198 5400 verbis
3229 5362 3244 5404 :
3280 5364 3300 5398 ι
3327 5343 3436 5400 Per
3451 5347 3732 5402 orationes

2159 5443 2278 5511 ejus
2317 5439 2514 5508 (sancti
2555 5436 2814 5492 Demetrii
2849 5435 3128 5506 videlicet)
3156 5437 3201 5492 si
3230 5438 3358 5507 quis
3394 5439 3648 5493 Inﬁrmus
3675 5439 3729 5495 in

2161 5533 2347 5588 eodem
2373 5529 2578 5601 templo
2595 5544 2694 5601 per
2717 5528 3054 5600 Cyprianum
3079 5543 3276 5600 nempe
3293 5532 3607 5604 episcopum
3635 5545 3732 5587 ex-

2161 5631 2388 5688 structa)
2433 5621 2664 5678 devotus
2693 5621 2997 5685 advenerit,
3048 5620 3094 5675 si
3125 5631 3427 5693 perunctus
3463 5615 3629 5681 fuerit
3659 5624 3734 5680 de

2161 5719 2282 5773 oleo
2301 5714 2570 5787 lampadis
2598 5712 2736 5782 eius,
2766 5713 2913 5769 illico
2938 5713 3241 5769 sanabitur.
3284 5731 3304 5766 ι

2237 5808 2356 5865 tu.
2398 5806 2531 5863 lluic
2567 5821 2730 5878 porro
2770 5804 3035 5872 ecclesia,
3065 5820 3249 5877 quam,
3279 5808 3488 5866 nomini
3514 5823 3614 5868 suo
3639 5822 3728 5866 sa-

2095 5925 2210 5948 μμ..
2223 5937 2246 5944 ω
2264 5935 2276 5940 ⁴
2325 5929 2353 5936 "
2421 5927 2429 5933 ’
