4140 6382
417 417 555 486 1467

1729 413 2386 476 SUPPLEMENTUM.

3557 412 3702 477 11:73

419 549 593 598 cram,
630 530 865 586 Sanctus
897 530 952 583 in
985 528 1166 583 Africa
1190 528 1403 594 habuit,
1435 528 1605 583 altera
1635 528 1836 594 adhuc,
1872 543 1998 596 pro-
2027 531 2072 586 Α
2099 526 2220 592 siis,
2251 524 2348 580 sed
2368 536 2424 580 et
2451 524 2697 596 pluribus
2735 525 2858 580 aliis
2892 522 3147 580 Ecclesiae
3171 522 3528 581 occidentalis
3557 525 3699 582 locis

421 627 508 680 cnl
539 626 607 680 ab
646 640 708 679 ea
738 631 968 686 remota,
1010 639 1172 694 quam
1209 622 1515 678 dedicatam
1557 621 1659 677 sibi
1689 620 2002 676 Demetrius

422 722 476 773 in
513 717 856 787 Cappadocia
891 716 1021 770 olim
1059 716 1282 780 habuit,
1316 714 1664 785 adjungenda
1694 722 1801 768 est.
1843 712 1917 766 Ita
1955 722 2005 766 te

419 810 808 866 Miraculorunt
859 809 1178 863 edendorum
1213 807 1336 862 libri
1380 807 1551 872 tertii,
1597 821 1720 877 cap.
1754 805 2002 874 quintum

420 915 477 959 et
512 905 764 960 ultimum
793 903 1032 967 docebit,
1061 917 1091 956 e
1135 918 1242 973 quo
1277 901 1464 967 etiam,
1511 900 1692 956 locum
1723 899 1872 953 illum
1911 911 2004 950 sa-

421 1013 571 1052 crum
613 997 889 1066 frequenti
927 995 996 1050 ad
1024 995 1173 1050 hunc
1206 993 1447 1048 ﬁdelium
1471 1033 1486 1058 ,
1530 991 1706 1048 sancti
1742 989 2002 1046 Demetrii

421 1105 580 1161 opem
615 1088 1046 1160 implorantium,
1069 1101 1360 1150 concursu,
1391 1085 1732 1156 patratisque
1759 1084 2001 1154 ejusdem

423 1182 730 1255 patrocinio
770 1180 1050 1236 miraculis
1081 1179 1412 1233 illustratum
1457 1178 1659 1246 fuisse,
1696 1177 2000 1244 intelliges;

424 1285 485 1330 nt
529 1289 682 1342 sane,
714 1274 822 1330 nisi
855 1273 1000 1328 citati
1047 1271 1434 1326 Miraculorum
1475 1269 1600 1325 libri
1639 1277 1830 1325 auctor
1867 1283 2004 1322 ano-

424 1381 622 1438 nynms
653 1381 680 1419 a
703 1363 1017 1432 vero,.quod
1035 1371 1216 1416 autem
1249 1361 1397 1416 haud
1424 1360 1600 1414 ausim
1618 1373 1887 1421 asserere,
1912 1356 2002 1412 hic

423 1460 678 1523 aberret,
736 1467 986 1512 sanetum
1046 1464 1290 1510 nostrum
1340 1456 1396 1508 in
1450 1452 1797 1524 Cappadocia
1838 1453 2003 1507 etiam

426 1551 804 1616 veneratione,
837 1549 1055 1604 Sanctis
1080 1547 1282 1603 deferri
1313 1547 1493 1612 solita,
1536 1545 1705 1601 fuisse
1729 1545 2003 1616 gavisum,

427 1643 790 1698 dubitandum
837 1641 988 1697 haud
1019 1647 1300 1712 appareat.
1350 1639 1458 1694 Nec
1507 1639 1610 1695 hac
1660 1638 1811 1692 illum
1863 1636 2016 1708 apud‘

427 1734 660 1800 Russos,
695 1732 883 1804 Syros,
923 1733 1277 1802 Coptitasque
1308 1729 1477 1784 fu'sse
1517 1728 1843 1784 destitutum
1870 1769 1886 1794 ,
1918 1726 2004 1782 vel

427 1845 492 1885 ex
524 1844 589 1883 eo
613 1837 822 1882 certum
850 1835 1094 1896 apparet,
1119 1823 1261 1894 quod
1290 1821 1487 1878 horum
1515 1823 1787 1886 omnium,
1817 1829 1880 1875 ut
1913 1835 2009 1874 su-

427 1932 525 1988 pra
556 1917 738 1980 docui,
772 1914 960 1970 Fastis
989 1916 1157 1968 sacris
1185 1915 1252 1968 ad
1282 1914 1373 1979 26,
1406 1927 1514 1981 quo
1544 1911 1711 1966 etiam
1739 1927 1768 1965 a
1802 1909 2009 1967 Graecis

428 2011 645 2073 colitur,
681 2007 934 2064 Octobris
959 2008 1104 2063 diem
1133 2007 1204 2061 sit
1238 2007 1497 2060 insertus.
1527 2003 1696 2059 Porro
1718 2003 2005 2070 'Bailletus,

431 2114 565 2160 tom.
605 2101 676 2156 III
721 2099 996 2166 Virorum,
1031 2100 1135 2155 col.
1173 2099 1273 2152 “5
1309 2098 1410 2152 sub
1459 2099 1621 2151 tinem
1659 2096 1845 2152 verbis
1880 2095 2011 2151 Gal-

429 2196 573 2262 licis,
609 2195 805 2250 Latine
836 2211 865 2248 a
899 2210 987 2249 me
1016 2192 1270 2256 redditis,
1308 2192 1388 2246 sic
1424 2190 1621 2246 scribit
1651 2205 1666 2244 :
1709 2207 1727 2242 ι
1761 2189 1880 2244 Non
1907 2190 2012 2244 du-

428 2289 657 2353 bitatur,
692 2288 822 2357 quin
859 2285 1120 2342 Demetrii
1151 2283 1663 2339 Thessalonicensis
1728 2283 1802 2338 sit
1832 2283 2014 2338 cultus

430 2382 656 2436 Parisiis
685 2379 960 2435 stabilitus
989 2379 1044 2433 in
1074 2391 1241 2449 parva
1293 2377 1469 2433 sancti
1517 2375 1760 2446 Dionysii
1809 2377 2012 2432 Passus

430 2485 555 2547 post
607 2474 857 2545 Deiparaa
908 2473 1171 2542 templum
1225 2472 1479 2538 ecclesia,
1525 2470 1619 2524 ubi
1661 2469 1918 2524 sacellum
1955 2470 2010 2524 in

431 2571 551 2639 ejus
581 2570 846 2624 honorem
888 2574 1274 2622 consecratum
1302 2573 1387 2620 est
1407 2605 1422 2629 ,
1457 2563 1809 2634 reliquiaeque
1833 2604 1848 2627 ,
1877 2579 2014 2634 quas

431 2663 576 2718 illius
619 2676 747 2718 esse
793 2659 1176 2724 contendunt,
1228 2665 1539 2712 servantur.
1579 2676 1601 2710 ι
1645 2655 1724 2711 Ita
1757 2656 1846 2710 ille
1888 2671 1902 2707 :
1936 2658 2016 2712 Ac

432 2753 630 2810 merito
678 2766 832 2814 sane,
872 2751 1004 2822 quin
1035 2750 1209 2805 sancti
1254 2749 1510 2804 Demetrii
1545 2749 1746 2811 cultus,
1791 2746 2014 2802 Parisiis

432 2845 486 2899 in
518 2860 682 2916 parva
722 2844 905 2898 verbis
973 2843 1058 2897 his
1123 2851 1420 2896 memorata
1457 2841 1688 2896 ecclesia
1719 2839 2012 2905 stabilitus,

433 2936 500 2991 ad
535 2945 785 2992 sanctum
817 2945 1068 2990 nostrum
1101 2943 1336 3004 spectet,
1367 2949 1480 2988 non
1508 2931 1767 2998 dubitari,
1803 2931 2016 2988 facilius

432 3029 518 3084 vel
562 3028 769 3083 idcirco
795 3029 1072 3094 existimo,
1117 3029 1292 3098 quod,
1326 3042 1450 3083 cum
1491 3028 1796 3083 Demetrius
1835 3044 2016 3084 sacra-

434 3136 554 3174 rum
583 3121 636 3174 in
664 3121 889 3176 Terram
933 3131 1178 3176 sanctam
1201 3122 1607 3192 expeditionum
1634 3131 1878 3193 tempore
1905 3139 2015 3179 non

2105 617 2252 674 cultu
2291 617 2666 674 ecclesiastico
2714 617 3103 681 honoraretur,
3151 617 3379 673 deberet
3420 617 3696 674 accidere.

2176 709 2299 764 145.
2331 710 2403 764 At
2431 725 2560 766 vero
2585 711 2731 765 aliud
2759 710 2960 775 adhuc,
2983 709 3127 781 quod
3151 709 3524 781 unus1uisque
3548 709 3698 764 haud

2105 801 2384 859 immerito
2429 803 2677 866 miretur,
2730 804 3273 858 commemorandum
3335 805 3425 857 hic
3498 813 3696 858 restatt

2106 894 2263 964 Apud
2287 896 2433 964 ipsos
2457 895 2624 950 etiam
2647 895 2855 949 Turcas
2879 893 3115 950 Sanctus
3142 896 3198 949 in
3214 895 3567 950 veneratione
3589 903 3696 949 est.

2105 987 2184 1042 Ita
2215 1003 2282 1043 ex
2315 988 2478 1050 libro,
2509 987 2604 1057 qui
2627 989 2729 1040 An
2763 989 3024 1058 [actorum
3053 987 3448 1048 historicorum,
3477 988 3700 1040 εὴπτιαι-

2107 1097 2256 1146 rum,
2291 1088 2423 1143 etc.,
2457 1089 2613 1133 notas
2647 1080 2922 1134 chronica:
2963 1081 3309 1133 examinandi
3353 1079 3697 1142 inscribitur,

2109 1173 2373 1243 intelligo.
2424 1173 2503 1228 En
2547 1173 2732 1238 verba,
2767 1173 2873 1227 huc
2899 1172 3235 1241 spectantia,
3269 1187 3388 1241 quae
3423 1187 3545 1240 pag.
3590 1171 3698 1224 154

2108 1269 2163 1324 in
2192 1283 2259 1323 eo
2284 1275 2598 1333 occurrunt,
2633 1279 2666 1320 e
2692 1264 2919 1322 Gallicis
2957 1264 3148 1318 Latina
3178 1281 3207 1316 a
3236 1279 3325 1318 me
3348 1263 3514 1318 facta.
3547 1284 3565 1316 ε
3595 1264 3701 1318 llic

2108 1374 2327 1419 sanctus
2375 1361 2706 1431 (Demetrius
2755 1357 3036 1429 nimirum)
3091 1359 3159 1412 ab
3197 1358 3344 1412 Italis
3380 1358 3557 1412 sancti
3607 1359 3700 1412 Die

2109 1457 2260 1512 mitri
2301 1457 2624 1526 appellatur.
2661 1453 2852 1508 Turcae
2897 1453 3117 1508 nomine
3160 1452 3518 1508 Casin’Giuni
3566 1467 3694 1508 eum

2107 1552 2412 1622 designant.
2438 1549 2736 1604 Fabulosas
2765 1562 2914 1610 suas,
2945 1547 3022 1601 ait
3042 1547 3300 1617 princeps
3327 1545 3686 1604 Cantimirus.

2108 1640 2178 1696 de
2203 1655 2270 1694 eo
2297 1639 2500 1694 habent
2534 1637 2812 1708 legendas,
2840 1637 3348 1707 Musulmanumque
3375 1637 3541 1691 fuisse
3565 1652 3694 1693 eum

2108 1744 2449 1800 asseverant;
2487 1735 2629 1806 quod
2656 1735 2802 1791 etde
2823 1745 3012 1791 saneto
3035 1733 3292 1802 Georgio,
3321 1734 3411 1804 qui
3438 1733 3577 1803 apud
3598 1747 3694 1788 eos

2111 1827 2382 1900 Hydyrlez
2419 1837 2672 1895 vocatur,
2714 1827 3006 1882 afﬁrmant.
3053 1828 3212 1882 Festa
3271 1826 3552 1880 amborum
3595 1825 3694 1878 ho-

2116 1937 2238 1977 rum
2265 1930 2575 1978 sanctorum
2608 1921 2800 1977 iisdem
2827 1961 2841 1985 ,
2878 1921 3080 1991 quibus
3108 1918 3408 1975 Christiani
3452 1917 3695 1973 orienta-

2113 2016 2210 2074 les.
2244 2015 2459 2071 scilicet
2503 2015 2576 2069 24
2602 2015 2830 2082 Aprilis,
2875 2024 2929 2069 et
2966 2012 3037 2067 26
3076 2011 3346 2075 Octobris,
3396 2011 3692 2067 celebrant.

2111 2107 2192 2161 Ad
2231 2108 2348 2164 dies
2386 2109 2553 2162 hosce
2593 2107 2782 2161 Turcae
2831 2105 3207 2176 expeditiones
3247 2121 3374 2159 snas
3417 2104 3693 2159 ordinant.

2113 2199 2242 2257 Post
2285 2201 2356 2255 25
2404 2200 2604 2270 Aprilis
2635 2201 2781 2254 diem
2809 2199 2865 2253 in
2894 2214 3147 2268 campum
3196 2199 3384 2268 copias
3415 2199 3652 2252 educunt
3676 2237 3692 2261 ,

2116 2294 2446 2364 servitioque
2477 2293 2701 2348 militari
2727 2292 2797 2348 26
2826 2292 3080 2349 Octobris
3125 2293 3284 2348 ﬁnem
3319 2294 3622 2363 impomtnt.
3664 2309 3686 2342 ι

2113 2388 2388 2458 Principis
2417 2387 2700 2442 Cantimiri
2725 2402 2883 2458 opus,
2917 2389 3058 2458 quod
3087 2388 3267 2444 verbis
3296 2388 3446 2442 hisce
3467 2389 3564 2442 abs
3594 2387 3700 2440 Ar-

2117 2482 2184 2536 tis
2225 2481 2322 2536 cit.
2368 2491 2592 2537 auctore
2633 2482 2908 2556 laudatur,
2949 2481 3018 2536 ad
3063 2497 3282 2536 manuni
3327 2497 3436 2535 non
3486 2479 3695 2541 habeo;

2115 2583 2444 2644 quapropter
2467 2589 2632 2642 penes
2663 2575 2806 2628 hunc
2831 2585 3096 2644 quantum
3135 2573 3202 2627 ad
3228 2588 3288 2628 ea
3320 2589 3442 2641 qua:
3468 2573 3557 2626 hic
3587 2582 3697 2626 tra-

2115 2666 2215 2731 dit,
2270 2665 2431 2720 ﬁdem
2482 2675 2628 2720 stare
2671 2667 2835 2726 volo.
2880 2667 3213 2734 Turcasque,
3245 2667 3358 2736 qui,
3388 2668 3528 2736 quod
3568 2680 3697 2720 sane

2116 2759 2314 2813 mirum
2359 2768 2465 2824 est,
2512 2768 2674 2814 secta:
2719 2774 2828 2812 sum
2874 2755 3210 2812 Demetrium
3237 2799 3252 2822 ,
3295 2768 3413 2811 utut
3447 2757 3536 2810 diu
3570 2766 3698 2810 ante

2118 2851 2258 2907 hanc
2302 2861 2546 2905 exortam
2578 2850 2824 2906 ﬂoruerit
2849 2891 2861 2913 ,
2897 2851 3205 2909 ascribunt,
3246 2849 3301 2902 in
3350 2848 3702 2902 veneratione

2117 2958 2241 2998 eum
2282 2944 2505 3006 habere,
2547 2943 2692 2997 haud
2723 2941 3015 2996 ditiiculter
3044 2942 3240 3015 credo,
3273 2956 3339 2995 eo
3382 2940 3542 2994 etiam
3577 2954 3704 3005 prn-

2118 3033 2383 3102 pcndens,
2415 3041 2529 3088 ute
2559 3032 2932 3096 veneratione,
2966 3048 3072 3100 qua
3121 3031 3175 3084 in
3225 3031 3374 3085 illum
3427 3027 3694 3085 feruntur.

2125 3127 2373 3181 fortassis
2420 3125 2616 3181 factum
2665 3137 2884 3196 putem,
2927 3137 2990 3180 ut
3024 3125 3241 3180 tandem
3289 3123 3700 3178 celeberrimum

434 3213 604 3268 semel
650 3229 793 3276 sese,
822 3214 903 3267 uti
950 3215 1005 3268 in
1039 3214 1307 3268 Analectis
1329 3253 1343 3279 ,
1374 3231 1492 3285 qua:
1521 3216 1691 3272 tribus
1721 3218 2015 3272 Miraculo-
2041 3209 2086 3270 C
2121 3217 2612 3274 Thessalonicense
2658 3217 2847 3273 Sancti
2908 3219 3168 3289 templum
3238 3215 3346 3285 (adi
3401 3229 3552 3268 num.
3610 3212 3701 3281 92)

433 3322 554 3360 rem
584 3307 902 3360 edendorum
929 3307 1083 3361 libris
1115 3308 1462 3378 snhjungam,
1490 3309 1717 3372 docebo,
1743 3309 2011 3364 Christia-

432 3399 520 3452 nis
570 3397 1000 3452 occidentalibus
1035 3399 1415 3454 anxiliaterem
1453 3401 1714 3455 adversus
1758 3401 2008 3455 infideles

434 3487 719 3558 pra-buerit
745 3527 758 3544 .
793 3487 990 3542 mirum
1017 3489 1370 3558 neutiquam,
1404 3491 1450 3543 si
1483 3505 1590 3545 non
1619 3501 1824 3544 tantum
1857 3491 2008 3545 Pari-

2117 3309 2445 3365 Christianis
2479 3311 2802 3380 eripuerint,
2851 3321 3014 3381 atque
3054 3311 3111 3363 in
3165 3319 3328 3364 sectae
3366 3321 3476 3361 sum:
3517 3308 3699 3359 fanum

2119 3402 2506 3457 converterint.

438 3641 3691 3678 MM

1550 3770 2050 3892 PASSIO
2130 3775 2582 3891 PRIMA

574 3996 677 4056 AB
718 3997 1096 4062 AUCTORE
1124 3998 1531 4062 ANONYMO
1565 3998 1894 4062 SCRIPTA
1932 3997 2208 4074 ATQUE
2244 4004 2347 4062 AB
2380 4003 2836 4066 ANASTASIO
2882 4000 3564 4064 BIBLIOTHECA‘RIO

1194 4126 1246 4187 E
1291 4125 1586 4188 LINGUA
1626 4127 1920 4188 GB/ECA
1961 4128 2041 4188 IN
2078 4127 2444 4187 LATINAM
2478 4126 2934 4190 CONVERSA.

848 4295 955 4356 Eae
989 4294 1261 4358 editione
1284 4293 1647 4357 Mabt'llom'i
1678 4313 1814 4356 cum
1846 4297 2046 4359 variis
2078 4313 2223 4356 mss.
2272 4304 2328 4356 el
2357 4295 2673 4357 Photiana
2708 4296 3014 4358 Passione
3046 4296 3302 4357 collata.

1859 4577 2296 4652 PROLOGUS.

521 4725 573 4781 ι.
608 4722 836 4779 Domino
875 4719 1119 4793 piissimo
1142 4723 1462 4792 imperatori
1486 4722 1682 4780 Karolo
1704 4725 1778 4796 (Ι)
1810 4741 2029 4798 semper
2055 4734 2107 4793 D
2139 4730 2270 4802 tyris
2299 4731 2611 4800 passionem
2641 4741 2804 4804 atque
2846 4732 3108 4789 miracula
3144 4730 3489 4788 hortantibus
3523 4731 3710 4790 fratri-

451 4815 1047 4889 augusto,Anastasius
1077 4815 1152 4886 (9.)
1181 4818 1410 4886 exiguus
1433 4830 1688 4870 coronam
1718 4826 1772 4872 et
1801 4833 2024 4891 regnum

452 4927 578 4966 cum
608 4911 846 4968 Christo.
878 4909 1028 4964 Beati
1056 4907 1314 4965 Demetrii
1343 4907 1850 4969 Thessalonicensis
1886 4929 2030 4969 mar-

525 5073 600 5146 (l)
663 5072 724 5128 Ei
760 5070 1118 5146 s_cilicet_,__qu1
1165 5069 1580 5146 cognominatus
1620 5070 1729 5146 fuit
1785 5072 2010 5141 Calvus,

453 5140 706 5213 annoque
765 5144 893 5214 877_
921 5140 1075 5207 obiit,
1135 5141 1214 5196 uti
1245 5140 1328 5194 ’in
1358 5141 1772 5198 Commentario
1813 5147 2018 5214 prtevio

453 5212 708 5269 num.l5
737 5212 920 5269 docui.
1530 5233 1540 5242 -

529 5285 604 5355 (Ξ)
641 5285 738 5339 llic
783 5300 899 5355 non
939 5283 1129 5346 alium,
1184 5296 1347 5355 quam
1377 5281 1528 5355 quia
1561 5282 1625 5355 Δ5.
1683 5281 1747 5336 Β.
1799 5283 1859 5338 Ε.
1899 5299 2024 5339 mu-

452 5351 605 5418 nere,
634 5372 738 5425 quo
769 5354 989 5409 functus
1040 5363 1146 5420 est,
1199 5351 1644 5425 bibliothecarius
1671 5355 2025 5425 cognomina-

456 5437 568 5489 tur,
590 5421 873 5494 Vit:iinque
890 5425 1063 5480 sancti
1083 5423 1318 5492 Dionysii
1339 5421 1699 5494 AreOpagitaa,
1732 5421 2028 5482 Latinitate

455 5512 486 5549 a
521 5511 579 5552 se
605 5491 884 5559 donatam,
939 5495 1008 5550 ad
1060 5491 1316 5549 Carolum
1352 5491 1602 5565 Calvum
1639 5495 2024 5565 imperatorem

455 5582 604 5621 anno
634 5566 737 5622 876
764 5567 933 5631 misit,
956 5565 1302 5621 Anastasium
1333 5563 1630 5635 designari,
1663 5563 2026 5621 indubitatum

457 5649 720 5705 apparet;
767 5637 1038 5707 quodnam
1081 5646 1262 5707 autem
1303 5643 1429 5707 ante
1451 5643 1667 5707 tempus
1701 5638 2028 5693 Anastasius

458 5704 550 5758 hic
605 5704 797 5763 sancti
842 5707 1126 5766 Demetrii,
1183 5704 1696 5777 Thessalonicensis
1743 5708 2025 5777 martyris,

457 5790 621 5842 quam
671 5778 759 5831 hic
808 5779 1023 5840 damus,
1078 5775 1395 5833 Passionem
1433 5790 1464 5828 e
1501 5775 1682 5844 lingua
1728 5775 1912 5831 orm
1968 5779 2024 5832 in

455 5844 708 5904 Latinam
742 5849 1095 5916 converterit,
1155 5844 1548 5914 Commentaiii
1607 5847 1794 5918 pret-vii
1865 5864 2018 5904 num.

2137 4825 2258 4889 bus,
2278 4833 2331 4878 et
2355 4825 2598 4881 maxime
2617 4825 2734 4880 viro
2760 4825 3096 4894 peritissimo
3113 4824 3322 4881 Joanne
3347 4825 3585 4880 Diacono
3609 4826 3709 4898 (ὅ),

2137 4925 2331 4970 vestra:
2363 4915 2486 4972 fidei
2521 4917 2762 4988 puritate
2783 4932 2847 4972 ac
2869 4916 3110 4972 scientiae
3129 4917 3375 4972 claritate
3401 4917 3710 4980 notissimo,

2124 5076 2193 5148 IS
2227 5075 2351 5148 vide
2383 5078 2719 5148 expositum,
2775 5075 3154 5148 intelligesquc
3186 5075 3352 5130 etiam
3412 5073 3712 5148 exihjdem

2127 5147 2292 5203 dictis
2320 5144 2761 5204 lucubrationem
2791 5148 3009 5201 isthanc
3028 5144 3097 5201 ab
3121 5148 3412 5202 Anastasio
3445 5146 3511 5198 ad
3544 5144 3710 5198 Caro-

2128 5219 2241 5273 lum
2271 5216 2500 5272 Calvum
2560 5219 2950 5285 imperatorem
3003 5233 3150 5270 anno
3203 5217 3308 5272 875
3337 5225 3433 5269 aut
3480 5215 3654 5268 altero
3685 5231 3717 5266 o

2131 5288 2276 5344 binis
2319 5287 2918 5358 sequentibusmissam
2953 5288 3147 5358 fuisse.

2208 5360 2284 5428 (5)
2321 5352 2479 5413 Ηυίιε
2534 5373 2668 5428 esse,
2703 5357 2855 5411 illum
2893 5355 3394 5428 ipsumrloannem,
3434 5355 3493 5428 SA.
3540 5352 3608 5406 [ἰ.
3643 5353 3705 5407 Ε.

2137 5425 2456 5489 diacOnum,
2489 5429 2545 5481 in
2589 5427 2747 5494 cujus
2786 5425 3013 5498 gratiam
3069 5427 3401 5498 Cotlectunea
3445 5425 3652 5498 Graeca,
3683 5438 3711 5474 a

2135 5498 2428 5554 Sirmondo
2458 5499 2624 5560 edita,
2657 5495 2976 5561 Latinitate,
3003 5507 3064 5552 ut
3087 5498 3264 5554 eidem
3291 5496 3513 5561 Joanni,
3539 5495 3716 5547 eccle-

2135 5570 2414 5623 siasticam
2451 5568 2749 5621 llistoriam
2782 5569 3092 5633 meditanti,
3152 5569 3710 5637 adjnmentonessent,

2139 5641 2466 5693 AnaStasius
2522 5638 2797 5699 donavit,.
2833 5632 3177 5692 Mabillonius
3221 5632 3372 5692 'tom.
3413 5653 3429 5690 ι
3477 5632 3716 5687 Veterum

2136 5710 2534 5775 Analectorum,
2561 5724 2684 5780 pag.
2720 5709 2790 5764 96
2819 5710 3076 5773 allirmat,
3129 5723 3252 5770 nec,
3283 5715 3552 5780 quantum
3599 5703 3716 5773 opi-

2136 5796 2256 5849 nor,
2289 5796 2319 5835 a
2361 5783 2669 5836 veritatem
2708 5781 2810 5834 hac
2843 5795 2940 5834 sua
2972 5781 3286 5835 assertione
3311 5779 3513 5833 deviat.
