4142 6380
505 313 645 385 Ῑ-Ῑϐθ

1552 318 1612 380 S.
1655 316 2039 379 DEMETRII
2080 320 2476 385 MARTYRIS
2516 326 2732 390 ACTA.

3616 332 3757 400 Ιῐῖθ

498 441 675 498 nuper
698 424 768 481 de
788 424 977 481 Graeco
1007 423 1060 480 in
1081 423 1330 479 Latinum
1361 423 1611 480 ῑηηοίυίε
1640 437 1949 483 sermonem
1971 427 2070 498 (4).
2103 434 2148 492 A
2176 434 2309 489 tanti
2354 436 2626 507 Agonista:
2661 435 2898 492 fraudari
2930 440 3123 495 notitia
3163 442 3310 509 novi,
3340 441 3497 499 vobis
3524 458 3746 515 quoque

500 519 592 588 qui
624 517 877 586 praefatus
904 517 1140 574 Joannes
1169 516 1335 586 hujus
1359 516 1639 588 martyris,
1672 516 1729 570 in
1766 517 1928 573 domo
1951 518 2075 587 qui-

497 609 622 664 dem
653 625 774 671 sua,
806 609 958 663 mirae
986 609 1327 678 antiquitatis
1352 617 1407 664 et
1445 608 1865 678 pulchritudinis
1892 621 2078 668 orato-

499 701 640 756 rium
676 702 928 762 habebat.
957 710 1162 761 tamen.
1193 700 1371 771 qualis
1399 702 1501 755 iste
1532 712 1736 773 martyr
1761 703 1961 759 Christi
1993 718 2080 759 es-

499 808 606 853 set.
636 794 935 864 ignorabat.

568 889 626 942 9.
662 889 779 956 Ego
806 904 957 953 vero,
986 888 1131 943 sicut
1176 896 1432 959 expertus
1460 904 1579 944 sum
1610 890 1750 959 apud
1781 889 2075 945 Thessalo-

502 984 704 1042 nicam.
736 983 827 1037 ubi
865 984 1160 1052 pretiosum
1211 998 1410 1053 carpus
1447 985 1571 1053 ejus
1598 985 1879 1040 conditum
1912 986 2069 1041 redo-

503 1073 579 1127 let
616 1072 717 1141 (5),
748 1080 803 1126 et
831 1072 1120 1144 splendore
1145 1073 1533 1129 miraculorum
1553 1076 1814 1147 refulget,
1861 1077 2074 1132 innotui

503 1164 555 1219 ei
601 1179 700 1234 per
736 1163 983 1220 ordinem
1027 1164 1125 1235 (6).
1174 1164 1281 1221 Sed
1325 1167 1451 1235 quia
1490 1167 1777 1237 imperium
1823 1177 2064 1224 vestrum

2178 525 2233 580 id
2282 526 2458 596 ipsum
2505 536 2807 597 opportune
2866 529 3082 587 mittere
3125 534 3430 601 procuravi,
3480 542 3751 603 quatenus

2178 627 2360 673 vestra
2400 619 2713 689 magnitudo
2740 635 2862 675 cum
2911 621 3399 682 intercessionibus
3433 637 3750 682 sanctorum

2181 716 2236 762 et
2262 709 2558 765 amicorum
2606 711 2718 776 Dei,
2760 712 2917 767 istius
2946 728 3162 783 quoque
3202 731 3362 783 prece
3405 718 3543 786 apud
3578 718 3748 773 Deum

2181 799 2433 854 obtinere
2458 800 2684 872 gratiam
2712 802 2908 870 valeat,
2941 810 2995 858 et
3030 802 3236 873 perfrui
3261 816 3536 862 mereatur
3582 808 3752 876 gloria

2183 888 2531 957 sempiterna.
2573 891 2686 947 Rex
2731 909 2919 964 regum
2971 904 3026 949 et
3059 894 3320 950 Dominus
3350 895 3751 952 dominantium

2180 995 2404 1050 regnum
2430 991 2671 1037 vestrum
2697 985 2920 1041 dextera
2948 1000 3045 1041 sua
3076 996 3343 1058 protegat,
3367 998 3422 1043 et
3449 990 3518 1045 de
3545 999 3753 1060 tempo-

2182 1072 2282 1127 rali
2312 1073 2379 1128 ad
2409 1081 2672 1130 aeternum
2706 1075 3000 1132 transferat
3024 1092 3271 1148 regnum.

1846 1305 2074 1362 CAPUT
2124 1302 2418 1361 UMCUM.

503 1415 738 1471 Sanctus
774 1416 932 1485 fidem
972 1419 1254 1490 prirdicat,
1288 1417 1619 1474 Maximiano
1665 1421 2001 1486 imperatori,
2039 1421 2110 1474 od
2134 1419 2500 1490 gladiatorum
2546 1418 2906 1490 spectaculum
2933 1418 3243 1490 properanti
3266 1419 3504 1487 captiuus
3524 1421 3750 1477 sistitur'

1032 1488 1280 1559 illiusque
1304 1489 1467 1557 jussu
1493 1490 1746 1545 custodia:
1810 1491 2043 1560 primum
2069 1488 2432 1561 mancipatur,
2475 1505 2539 1542 ac
2553 1489 2742 1542 deinde
2760 1489 2920 1541 etiam
2943 1489 3223 1544 occiditur.

570 1599 709 1655 Cum
749 1601 1448 1671 imperatorMaximianus
1499 1606 1557 1661 in
1601 1605 2068 1663 Thessalonicen-

501 1693 643 1749 sium
673 1694 896 1766 degeret
920 1697 1141 1753 civitate
1164 1697 1262 1768 (7).
1297 1699 1461 1753 homo
1490 1699 1913 1768 superstitiosus
1963 1699 2066 1769 piae

500 1788 786 1854 religione
838 1790 1116 1845 auditores
1165 1791 1613 1859 persequebatur,
1656 1802 1718 1846 et
1774 1791 2073 1847 interﬁcie-

500 1879 698 1934 bantur
730 1881 799 1935 ab
863 1896 931 1936 eo
978 1882 1075 1950 (8).
1138 1882 1286 1936 Inter
1338 1899 1476 1953 quos
1533 1892 1654 1937 erat
1709 1884 1905 1939 beatus
1968 1884 2074 1938 De-

500 1973 751 2032 metrius.
806 1974 1158 2030 manifestum
1227 1974 1434 2031 faciens
1488 1976 1844 2046 semetipsum
1873 1977 2078 2047 absque

502 2064 610 2119 ullo
637 2065 851 2129 timore,
878 2068 970 2136 qui
1001 2083 1031 2121 a
1063 2068 1349 2135 juventute
1380 2080 1434 2125 et
1470 2071 1613 2125 bona
1662 2082 1857 2140 egerat
1885 2086 2071 2141 opera,

501 2167 558 2214 et
594 2159 731 2213 alios
773 2161 1050 2216 docuerat.
1085 2162 1325 2216 Docebat
1375 2162 1545 2223 enim.
1607 2162 1841 2232 qualiter
1880 2161 2068 2219 divina
2116 2232 2119 2233 ν

504 2248 781 2319 Sapientia
813 2252 1168 2308 descenderat
1193 2253 1259 2307 ad
1285 2262 1488 2308 terram
1518 2252 1587 2307 de
1614 2253 1774 2315 cmlo,
1804 2262 1866 2307 ut
1892 2253 2070 2308 homi-

501 2360 650 2408 nem,
682 2346 775 2414 qui
816 2356 1065 2402 mortuus
1092 2348 1273 2402 fuerat
1328 2357 1577 2419 peccato,
1614 2348 1920 2405 viviﬁcarct
1948 2365 2077 2404 san-

502 2438 668 2507 guine
710 2443 931 2507 proprio
959 2441 1011 2508 (9
1016 2450 1064 2509 ).

577 2531 633 2585 4.
665 2531 803 2585 Cum
840 2532 957 2585 haec
992 2542 1051 2586 et
1086 2532 1190 2587 alia
1234 2534 1401 2588 multa
1451 2534 1795 2602 prtedicaret.
1854 2534 2077 2604 quidam

505 2622 746 2677 ministri
773 2624 1139 2693 imperatoris,
1166 2626 1259 2685 qui
1287 2626 1353 2680 ad
1407 2627 1703 2696 capiendos
1733 2627 2080 2682 Christianos

507 2715 728 2771 fuerant
786 2716 1055 2786 deputati,
1110 2725 1359 2771 tenentes
1433 2726 1684 2771 sanctum
1738 2716 2079 2771 Demetriunt

507 2807 826 2876 imperatori
908 2807 1227 2863 obtulerunt
1309 2808 1657 2863 Maximiano.
1768 2809 2082 2876 Contigerat

506 2901 656 2956 enim
687 2901 767 2956 ire
793 2902 1179 2970 imperatorem
1211 2901 1278 2955 ad
1315 2900 1551 2956 stadium
1584 2900 1823 2954 civitatis
1856 2908 2081 2969 propter

507 3008 602 3050 eos
631 2994 723 3065 qui
749 2994 815 3050 ad
845 2995 1120 3066 singulare
1142 3003 1420 3051 certamen
1452 2994 1672 3049 fuerant
1699 2992 2078 3063 congressuri;

2173 1606 2286 1662 illic
2335 1605 2484 1662 cnim
2547 1604 2840 1674 parabatur
2915 1620 3016 1674 per
3079 1604 3341 1674 quasdam
3393 1605 3606 1662 tabulas
3649 1609 3756 1663 cir-

2177 1697 2333 1753 culus
2384 1697 2811 1765 circumseptus,
2847 1695 2941 1751 ubi
2980 1704 3340 1765 suspecturus
3370 1707 3491 1752 erat
3540 1713 3635 1753 eos
3659 1701 3760 1769 qui.

2183 1805 2251 1846 ex
2277 1791 2506 1845 adverso
2534 1789 2767 1844 invicem
2793 1787 3055 1843 theatrice
3094 1804 3153 1843 se
3178 1771 3569 1859 impugnarent
3616 1789 3752 1861 (l0).

2186 1882 2322 1949 Quia
2349 1882 2779 1939 delectatioerat
2807 1881 2859 1936 ei
2886 1880 3135 1951 aspicere
3185 1881 3410 1936 humani
3470 1882 3755 1952 sanguinis

2185 1975 2480 2032 fusionem.
3728 2022 3731 2025 .

2253 2070 2305 2125 5.
2339 2071 2729 2126 Verumtamen
2784 2083 2896 2123 non
2941 2068 3062 2122 sine
3095 2083 3226 2123 cura
3283 2075 3342 2123 et
3388 2067 3755 2124 sollicitudine

2181 2163 2418 2219 habebat
2475 2162 2620 2233 quod
2673 2176 2795 2218 esse
2855 2160 2960 2216 sibi
3017 2160 3341 2215 delectabile
3400 2160 3750 2215 cernebatur.

2179 2255 2464 2327 Flagrabat
2490 2253 2713 2310 nomine
2764 2251 3209 2317 monomacbum,
3246 2251 3339 2321 qui
3393 2251 3505 2320 jam
3552 2250 3754 2305 multos

2175 2348 2388 2405 virtute
2410 2362 2473 2401 ac
2496 2347 2639 2401 mole
2675 2344 2922 2415 corporis
2947 2344 3177 2406 abusus,
3206 2342 3565 2406 exstinxerat,
3603 2343 3759 2398 occi-z

2185 2441 2349 2497 dendi
2378 2440 2811 2510 experimentum
2840 2451 2939 2507 per
2965 2434 3372 2491 meditationem
3429 2442 3488 2489 et
3516 2447 3753 2489 consue-

2190 2533 2430 2588 tudinem
2466 2531 2769 2600 possidens.
2796 2528 2956 2584 llunc
2988 2543 3053 2583 eo
3083 2528 3225 2599 quod
3255 2542 3448 2583 omnes
3494 2520 3754 2581 formida?

2187 2630 2329 2687 rent,
2361 2621 2647 2681 etnullus,
2698 2618 2887 2689 eiqui.
2931 2618 3238 2685 resisteret,
3275 2619 3576 2680 videretur,
3603 2616 3750 2670 inter

2183 2716 2391 2785 primos
2414 2712 2775 2767 Maximianus
2796 2711 3118 2778 habebaget
3140 2711 3421 2781 diligebat,
3447 2710 3755 2765 etlibenter

2185 2808 2241 2862 in
2271 2822 2396 2860 eum
2428 2805 2781 2875 respiciebat.

2255 2901 2308 2954 6.
2347 2898 2626 2953 Laudabat
2652 2907 2834 2951 autem
2864 2904 2919 2951 et
2942 2894 3265 2960 mirabatur,
3317 2904 3373 2949 et
3397 2894 3553 2963 quasi
3583 2909 3749 2965 super

2186 3005 2378 3062 magna
2406 3005 2463 3045 re
2495 2988 2551 3044 in
2582 2987 2836 3056 superbia
2878 2986 2980 3042 viri
3013 2987 3347 3058 gloriabatur
3384 2986 3521 3059 (il).
3576 2988 3769 3043 Porro»

581 3197 657 3266 (ιδ
683 3196 728 3251 Ε
782 3214 914 3253 voce
967 3215 1154 3264 nuper,
1183 3213 1291 3267 qua
1346 3200 1469 3253 hare
1509 3197 1781 3252 Anastasii
1831 3196 2131 3259 assertioc
2166 3199 2368 3252 tionem
2408 3206 2463 3251 et
2496 3197 2945 3268 significationem
2976 3196 3557 3267 admittenti‘,~tempus
3581 3212 3741 3253 vero-

440 3274 443 3277 '
507 3269 757 3326 allicitur.
809 3268 1078 3329 simulque
1108 3284 1180 3323 ex
1204 3284 1301 3332 eo,
1343 3268 1486 3337 quod
1543 3268 1864 3323 Anastasius
1909 3281 2061 3337 anno

509 3339 616 3395 875
647 3348 737 3392 aut
770 3337 941 3408 altero
969 3354 999 3392 e
1023 3338 1164 3392 binis
1200 3354 1343 3408 seq,
1364 3335 1537 3408 rutiad
1569 3339 1658 3408 lit.
1681 3337 1709 3391 ὁ
1762 3335 1963 3408 docui._
1997 3335 2065 3389 ad

506 3408 760 3464 Caroluin
789 3407 1014 3461 Calvum
1067 3403 1453 3475 impetatori-m
1478 3406 1665 3462 Sancti
1721 3404 1896 3461 nostri
1932 3403 2063 3459 Pas-

512 3480 723 3535 sionem
776 3478 1004 3539 miserit.
1063 3479 1459 3531 conSPctarium
1491 3487 1594 3541 est,
1648 3485 1707 3531 ut
1742 3478 1888 3534 hunc
1920 3482 2066 3529 certe

509 3549 604 3604 diu
624 3560 755 3602 ante
767 3564 968 3602 annum
991 3549 1096 3604 875
1123 3564 1156 3603 e
1181 3547 1370 3603 Graeco
1396 3548 1451 3603 in
1473 3547 1727 3603 Latinum
1755 3558 2064 3604 sermonem

513 3619 875 3674 transtulerit.

580 3690 656 3758 (5)
691 3690 973 3743 Alludatne
995 3688 1086 3744 hic
1105 3688 1425 3742 Anastasius
1438 3687 1503 3741 ad
1519 3697 1878 3760 unguentum,
1898 3692 2066 3760 quod.

510 3775 635 3816 cum
668 3759 1068 3819 Thessalonica:
1120 3768 1447 3828 versaretur,
1481 3772 1546 3812 ac
1597 3759 1754 3828 proin
1785 3759 1942 3815 aetate
1975 3777 2072 3817 seu

512 3830 711 3886 eiecqu
764 3846 906 3885 nono
955 3845 986 3882 e
1026 3829 1200 3884 sancti
1230 3827 1825 3883 nostri'l‘hessalonicae
1863 3832 2071 3886 tumulo

511 3900 818 3969 prodigiose
868 3900 1192 3957 scaturierit.
1252 3913 1347 3963 pro
1396 3907 1546 3969 certo
1595 3912 1906 3953 asseverare
1937 3906 2066 3953 ’non

514 3967 714 4032 ausint,
752 3970 880 4023 licet
915 3970 1129 4023 interim
1160 3968 1269 4035 jam
1296 3969 1419 4020 inde
1449 3967 1517 4020 ali
1539 3982 1605 4020 eo
1642 3977 1883 4035 tempore
1909 3970 2071 4023 mira-

511 4043 695 4096 culum
721 4039 861 4092 istiut
881 4040 1135 4093 habuisse
1163 4036 1765 4108 locuin,‘indnbitatum
1791 4047 2071 4108 appareat,

512 4112 589 4166 uti
625 4110 677 4162 in
706 4108 1110 4164 Commentario
1135 4107 1332 4173 pnevio
1370 4105 1398 4177 ᾗ
1435 4109 1467 4160 8
1500 4106 1686 4161 videre
1716 4107 1860 4162 licet.

586 4180 663 4247 (6)
692 4179 907 4234 Utinam
962 4179 1280 4248 Anastasius
1305 4187 1383 4235 ut.
1414 4190 1523 4246 quo
1568 4177 1635 4230 de
1683 4177 1854 4244 cultu,
1909 4195 2073 4248 quem

517 4252 749 4305 Saucius
787 4259 971 4304 noster
1028 4247 1313 4309 scriptoris
1361 4247 1508 4302 illius
1545 4254 1703 4302 aetate
1729 4263 1837 4302 seu:
1871 4247 2070 4304 saeculo

514 4335 661 4375 nono
700 4321 880 4372 Romae
941 4318 1209 4381 habuerit,
1271 4326 1421 4388 certo
1452 4326 1743 4372 constaret.
1778 4318 2083 4388 quidquam

517 4392 606 4446 hic
664 4390 994 4457 protulissm,
1053 4390 1199 4441 unde
1247 4387 1371 4446 sibi.
1424 4398 1669 4441 sanctum
1719 4388 2072 4454 Demetrium,

515 4462 602 4515 eui
644 4459 882 4513 Joannes
911 4459 1172 4513 diaconus
1205 4457 1259 4511 in
1295 4459 1458 4510 domo
1488 4474 1581 4510 sua
1627 4460 1923 4513 oratorium
1947 4476 2076 4514 ron.—

2176 3267 2453 3322 simillime
2505 3267 3281 3337 complectitttr,conformior
3333 3268 3598 3330 exsistat.
3648 3283 3751 3337 pro

2172 3349 2323 3392 certo
2352 3353 2565 3408 nequeo
2593 3340 2830 3408 edicere,
2886 3354 3010 3393 cum
3052 3337 3297 3408 Grecam
3353 3339 3529 3394 sancti
3573 3342 3746 3395 nostri

2175 3407 2375 3470 Vitam,
2404 3407 2563 3473 quam
2597 3407 2845 3464 Latinam
2871 3407 3194 3463 Anastasius
3225 3407 3353 3464 fecit
3376 3448 3391 3469 .
3422 3408 3487 3463 ad
3525 3424 3742 3464 manum

2171 3494 2281 3533 non
2348 3479 2596 3533 habeam.
2656 3478 2927 3541 Interim,
2979 3493 3105 3534 cum
3164 3479 3512 3533 Mombritius
3564 3479 3736 3541 legam

2174 3566 2194 3601 ι
2228 3548 2360 3602 Cum
2396 3547 2690 3616 imperator
2712 3547 3072 3604 Maximianus
3090 3548 3145 3603 in
3170 3547 3747 3606 Thessalonicensium

2173 3620 2392 3687 degeret
2425 3619 2662 3677 civitate.
2701 3619 2806 3689 pia:
2854 3619 3136 3686 religionis
3164 3620 3439 3676 auditores
3483 3635 3744 3689 persecu-

2174 3690 2377 3743 tionem
2413 3690 2760 3759 patiebantur
2793 3699 2846 3744 et
2881 3689 3351 3745 interﬁciebantur
3375 3690 3442 3743 ab
3471 3706 3555 3752 eo,
3590 3710 3608 3742 ι
3645 3705 3745 3745 ne-

2175 3759 2310 3830 scio,
2354 3758 2425 3812 an
2476 3758 2660 3814 forsan
2715 3761 3005 3830 primaevus
3048 3768 3231 3815 textus
3275 3759 3496 3815 Graecus
3551 3759 3743 3817 Latine

2175 3829 2320 3900 haud
2347 3829 2527 3894 aptius
2546 3829 2986 3900 conici-uniusque
3011 3830 3077 3883 ad
3101 3830 3341 3884 auctoris
3367 3845 3587 3900 sensum
3618 3834 3744 3887 red-

2175 3899 2399 3953 deretur
2438 3901 2539 3953 hoc
2568 3900 2767 3953 modo:
2810 3919 2829 3951 ι
2864 3899 3001 3954 Cum
3032 3900 3330 3966 imperator
3363 3899 3743 3961 Maximianus.

2176 3968 2339 4039 homo
2377 3969 2808 4039 superstitiosus,
2838 3970 2899 4023 in
2926 3969 3747 4039 'l‘hessalonicensiumdegeret

2176 4038 2417 4111 civitate.
2446 4037 2548 4107 piae
2577 4039 2862 4111 religionis
2880 4038 3169 4111 auditores
3182 4037 3749 4111 persecutionem-pa-

2179 4108 2456 4162 tiebautnr
2487 4116 2543 4161 ct
2574 4108 3046 4163 interﬁciebantur
3075 4109 3144 4163 ab
3168 4124 3259 4162 eo.
3300 4127 3320 4160 ι

2249 4176 2326 4249 (9)
2358 4176 2473 4232 Non
2507 4187 2711 4249 tantum
2739 4178 3061 4248 praedicasse
3089 4179 3333 4248 aliosque
3359 4179 3629 4239 docuisse.
3649 4181 3748 4238 sed

2179 4257 2235 4303 et
2261 4248 2540 4303 civitati-tn
2572 4248 3120 4304 Thessalonicensem
3164 4250 3231 4303 ad
3270 4249 3546 4305 Christum
3577 4252 3748 4307 addu-

2176 4319 2321 4374 xisse
2352 4327 2599 4373 sanctum
2634 4319 2985 4381 Demetrium,
3019 4318 3206 4375 Passio
3233 4321 3373 4388 ejus.
3406 4336 3435 4374 a
3466 4318 3662 4376 Photio
3688 4323 3744 4378 in

2179 4389 2510 4444 Bibliotheca
2550 4390 2914 4459 suppeditata,
2950 4388 3144 4451 docet:
3178 4400 3232 4444 ct
3261 4406 3394 4444 sane
3438 4391 3699 4448 Sanctum
3730 4434 3745 4458 ,

2184 4460 2231 4515 si
2263 4474 2371 4513 non
2410 4467 2575 4513 totam
2609 4461 2882 4514 civitatem
2924 4460 3472 4515 Thessiilonicensem
3508 4462 3631 4516 ﬁdei
3665 4464 3752 4519 lu—

515 4540 787 4601 secratuni
817 4530 1067 4601 habebat.
1098 4543 1264 4601 unum
1319 4526 1679 4601 eumdeinque
1711 4546 1832 4582 cum
1898 4541 2097 4585 sancto
2119 4528 2160 4582 D
2191 4530 2340 4584 mine
2386 4530 2713 4596 illustravit,
2763 4530 2990 4583 multum
3026 4539 3225 4601 tamen;
3247 4533 3326 4584 in-
3354 4547 3416 4586 ea
3458 4534 3755 4601 protulisse

514 4616 703 4656 nosrro
748 4597 1226 4654 Thessalonicensi
1264 4608 1507 4669 martyre
1542 4597 1911 4669 .homonyme
1959 4616 2081 4656 esse

515 4673 853 4738 exploratum
901 4669 1202 4725 exstiterit!
1264 4664 1837 4723 Vide'Commentarii
1893 4672 2080 4739 praei-ii

513 4758 645 4797 num
696 4741 815 4796 Ml.
1074 4744 1079 4749 ’

588 4813 665 4875 (7)
699 4814 831 4864 tium
859 4811 926 4865 de
964 4809 1292 4864 Maximiano
1317 4806 1662 4878 imperatore.
1692 4809 1793 4863 sub
1823 4824 1931 4878 quo
1954 4825 2079 4865 san-

518 4891 639 4933 ctus
667 4882 962 4934 Demetrius
989 4879 1304 4949 martyrium
1336 4876 1522 4949 subiit.
1542 4893 1721 4932 sermo
1747 4876 1942 4949 hic—sit,
1967 4897 2075 4936 non

518 4951 703 5012 alium.
731 4966 890 5018 quam
925 4947 1303 5004 Maximiannm
1332 4947 1605 5019 Galerium
1667 4949 1755 5003 hic
1782 4948 2076 5019 designari,

519 5017 759 5074 necesse
778 5028 882 5075 est.
911 5021 1009 5075 Adi
1039 5017 1504 5074 Commentarium
1533 5022 1793 5088 prtevium
1826 5017 1977 5074 nuin.
2008 5020 2079 5076 57

518 5096 575 5145 et
595 5105 717 5161 seq.
876 5159 887 5161 Α
1255 5158 1265 5161 _
1475 5157 1485 5161 _
1684 5158 1697 5161 Α
1726 5140 1739 5161 __

590 5157 758 5230 (3)'|n
790 5159 989 5230 codice
1004 5168 1197 5230 nostro
1223 5158 1432 5230 signato
1460 5157 1500 5227 ἰ·
1541 5174 1647 5213 ms.
1675 5158 1763 5223 84,
1821 5160 1900 5214 uti
1935 5170 1989 5215 et
2018 5161 2075 5215 in

522 5245 622 5284 nis.
650 5228 1045 5284 nubem-vallis
1076 5228 1370 5293 exemplari
1403 5229 1630 5282 habetur
1656 5246 1669 5281 :
1706 5231 1872 5283 «Cum
1903 5230 2075 5298 impe-

522 5308 669 5353 rator
699 5299 1052 5353 Maximianus
1077 5300 1128 5351 in
1160 5298 1727 5369 Thessalonicensium
1757 5300 1975 5369 degeret
1998 5301 2077 5356 ci-

521 5371 709 5434 vitate,
742 5371 906 5424 honio
940 5368 1475 5440 superstitiosus,pize
1503 5371 1776 5440 religionis
1802 5368 2079 5427 auditores

521 5447 989 5509 persequebantur
1012 5450 1067 5494 et
1093 5439 1577 5494 interﬁciebantur.
1612 5439 1633 5491 i
1667 5441 1860 5496 Verum
1894 5451 2081 5497 nostra

520 5511 704 5573 lectio,
732 5511 920 5566 Latina
948 5510 1352 5566 constructione
1386 5519 1624 5579 spectata
1645 5553 1659 5576 ,
1694 5511 1913 5566 indubic
1945 5527 2080 5580 prte-

521 5591 657 5648 stat;
692 5590 816 5636 utru
843 5604 870 5632 ιι
904 5591 1083 5636 autem
1108 5589 1163 5651 et
1188 5581 1358 5635 textui
1387 5580 1598 5647 Grtnco,
1630 5584 1717 5651 qui
1744 5585 2080 5651 respondi-ns

520 5651 843 5723 imperfecto
900 5650 1361 5723 persequebantur,
1401 5664 1635 5723 sensum
1665 5653 1936 5720 passitum
1993 5655 2081 5708 hic

524 5719 744 5775 babenti
781 5719 1065 5792 huiusque
1098 5720 1450 5792 nihilominus
1498 5722 1642 5775 haud
1671 5726 1877 5792 capaci,
1911 5723 2082 5779 dedi-

522 5799 668 5845 rtum
701 5807 730 5844 a
773 5794 937 5848 verbo
966 5790 1206 5858 διώκειν,
1268 5791 1532 5857 passivam
1564 5790 1794 5849 simulet
1824 5796 2083 5850 termina—

2192 4600 2427 4655 fructum
2453 4639 2468 4660 ,
2503 4611 2585 4654 sat
2626 4610 2834 4653 certum
2867 4609 3107 4669 apparet.
3145 4600 3247 4655 Adi
3285 4600 3751 4661 Commentarium

2190 4673 2447 4741 pra'vittttt
2480 4687 2630 4725 num.
2662 4671 2730 4723 37
2769 4679 2825 4725 et
2854 4673 3023 4725 tribus
3054 4687 3205 4741 seqq.

2262 4743 2277 4806 (
2290 4742 2371 4807 l0)
2401 4740 2457 4794 ln
2491 4756 2620 4795 mss.
2651 4744 2849 4796 nostris
2888 4740 3199 4795 Trevirensi
3238 4744 3410 4798 snncti
3480 4742 3751 4798 Maximini

2185 4823 2239 4868 et
2270 4811 2645 4866 [lubeat-vallis
2675 4812 3092 4881 exemplaribus,
3131 4812 3329 4879 quibus
3373 4812 3531 4866 etiam
3586 4815 3757 4869 codex

2183 4891 2370 4937 noster
2402 4883 2640 4947 signatus
2680 4881 2721 4952 -ι-
2768 4899 2870 4936 ms.
2915 4881 3003 4943 84,
3065 4891 3346 4952 consonat.
3406 4883 3477 4935 ita
3522 4883 3751 4950 legitur:

2192 4972 2210 5004 α
2246 4952 2343 5007 Hic
2365 4953 2512 5006 enim
2540 4951 2828 5020 parabatur
2861 4966 2955 5020 per
2986 4951 3241 5019 quasdam
3270 4952 3477 5006 tabulas
3511 4953 3750 5008 circulus

2184 5022 2603 5091 circumseptus,
2630 5022 2722 5075 ubi
2752 5028 3102 5086 suscepturus
3135 5029 3253 5074 erat
3277 5036 3389 5084 eos,
3419 5024 3506 5091 qui
3554 5037 3619 5076 ex
3652 5024 3752 5078 ad-

2184 5106 2342 5146 verso
2372 5091 2606 5145 invicem
2659 5091 3413 5160 theatriceimpugnaverant.
3466 5110 3484 5144 i
3541 5091 3746 5147 Verum

2182 5178 2284 5234 nec
2308 5162 2441 5234 haec,
2463 5176 2562 5215 nec
2588 5172 2770 5234 nostra
2796 5160 3120 5234 laec‘tio,_utut
3142 5160 3244 5234 ista
3269 5161 3442 5215 etiam.
3462 5163 3751 5234 aliquando

2179 5231 2315 5286 forte
2343 5233 2551 5292 melior,
2593 5230 2921 5285 admittenda
2948 5230 3175 5285 videtur.
3215 5229 3493 5286 Lectorein
3536 5229 3634 5287 cur
3681 5235 3752 5289 ita

2181 5301 2726 5372 existimemrdocebo
2755 5302 2807 5354 in
2840 5299 3150 5372 Adnotatis,
3180 5315 3302 5370 qua:
3349 5300 3495 5372 infra
3509 5304 3751 5372 subjun-

2182 5388 2301 5441 gain
2338 5371 2529 5441 textui.
2550 5370 2644 5441 qui
2671 5370 3008 5441 transcriptis
3034 5370 3181 5441 hisce
3214 5371 3485 5427 Passionis
3526 5370 3752 5428 Anasta-

2182 5437 2347 5512 sianze
2386 5437 2673 5512 verbis—in
2726 5437 2980 5512 Passieno
3034 5437 3215 5495 Sancti
3272 5442 3462 5509 altera,
3507 5444 3749 5512 proxime

2184 5511 2335 5571 huic,
2358 5526 2388 5564 e
2406 5527 2510 5579 qua
2530 5510 2728 5581 etiam,
2756 5509 2832 5562 uti
2862 5508 2918 5562 in
2942 5510 3349 5581 Commentario
3372 5508 3568 5581 praevio
3595 5529 3747 5571 num.

2184 5582 2250 5635 15
2281 5590 2335 5635 et
2369 5595 2483 5704 sqq.
2510 5580 2692 5648 docui,
2721 5594 3070 5649 promanasse
3098 5580 3334 5648 videtur,
3374 5580 3746 5655 subjicienda,

2193 5667 2409 5704 resoont
2431 5660 2504 5704 et.

2193 5660 2504 5706 resnontlct.

2264 5667 2673 5797 Suifliotiana
2697 5720 2884 5797 §ancti
2919 5718 3037 5775 Vita
3065 5720 3134 5775 de
3163 5721 3338 5797 ξιξερο,
3369 5725 3459 5795 qui
3481 5726 3619 5782 alias
3649 5724 3722 5797 Ly
3748 5754 3755 5764 ο

2195 5808 2289 5850 cus
2321 5790 2412 5848 aut
2450 5791 2612 5848 etiam
2652 5790 2852 5847 L‘bcus
2897 5800 3140 5860 vocatur,
3171 5790 3277 5850 hoc
3322 5790 3440 5854 loco
3489 5790 3751 5854 duntax'it
