4142 6380
409 363 547 428 1175

1717 371 2364 440 SUPPLEMENTUM.

3527 379 3673 445 ιιῖσ.

408 486 510 539 btts
537 496 751 546 eorum,
799 481 890 552 qui
922 497 1044 537 cum
1082 482 1378 554 recipiunt,
1427 485 1746 554 produxerit
1805 489 1974 553 diem,
2006 518 2018 554 Α

2117 495 2198 557 αῖς
2231 493 2432 565 ψυχαῖς
2461 494 2567 548 τῶν
2597 495 2907 566 δεχομένων
2951 494 3122 566 αῢτην
3155 492 3552 564 ἀπειργάσατο,
3584 498 3662 549 δι-

408 574 500 645 qui
536 572 826 646 justitiam,
861 575 1365 642 mansuetudinem,
1392 591 1602 644 pacem,
1627 580 1979 648 charitatem,

409 683 562 738 spem
596 666 720 721 vita:
747 674 964 721 aeterna:
987 667 1215 737 praebet,
1241 669 1566 738 temporaria
1585 669 1794 741 abiicit,
1828 679 1986 726 aeter-

411 775 542 814 num
583 767 748 829 atque
805 758 1190 830 incorruptum
1234 761 1434 832 pignus
1459 760 1694 826 confert,
1733 777 1984 817 resurre-

409 852 649 907 ctionem
707 867 738 908 a
771 852 1026 921 mortuis,
1087 854 1513 925 ingressumque
1566 853 1620 908 in
1667 855 1982 924 paradisum

410 943 691 999 conciliat.

482 1039 536 1092 3.
589 1037 727 1096 Cum
781 1038 898 1096 hac
946 1040 1206 1095 audacter
1257 1039 1484 1096 doceret
1538 1036 1730 1094 beatus
1787 1045 1988 1110 martyr

416 1129 751 1194 Demetrius,
776 1146 1200 1201 sermonemque
1240 1130 1391 1185 illum
1417 1130 1542 1184 ﬁdei
1571 1130 1832 1199 operibus
1857 1144 1988 1184 con-

419 1224 701 1288 ﬁrmaret;
759 1222 915 1278 multi
950 1233 1135 1280 autem
1182 1232 1476 1295 propterea
1540 1239 1606 1278 ex
1644 1223 1989 1278 ethnicorum

420 1316 768 1372 multitudine
797 1317 864 1371 ad
897 1307 1022 1371 eum
1055 1303 1405 1382 accederent,
1438 1325 1604 1384 atque
1640 1315 1711 1369 ad
1741 1315 1989 1370 occiden-

419 1410 581 1464 talem
619 1409 800 1479 magni
841 1408 945 1464 fori
982 1408 1223 1464 civitatis
1255 1409 1471 1478 plagam
1502 1409 1557 1462 in
1608 1409 1730 1463 loco
1792 1408 1992 1462 ibidem

419 1503 547 1567 sito,
579 1502 674 1571 qui
709 1501 886 1556 1Enea
924 1502 1172 1570 porticus
1201 1501 1523 1567 vocabatur,
1550 1501 1644 1556 ubi
1675 1502 1838 1556 etiam
1894 1501 1997 1555 sub

374 1657 376 1659 ς
419 1594 725 1664 adjacentis
769 1594 956 1648 balnei
1010 1593 1214 1664 publici
1271 1592 1650 1648 subterraneis
1695 1592 1997 1646 fornicibus

421 1693 598 1742 cmt‘us
625 1699 789 1754 agere
817 1684 1047 1748 solebat,
1075 1684 1328 1754 famaque
1351 1684 1498 1740 illius
1521 1699 1619 1754 per
1663 1693 1830 1738 totam
1863 1682 2000 1737 civi-

425 1785 592 1828 tatem
626 1775 991 1845 viciniamque
1022 1784 1394 1845 spat-geretur,
1421 1774 1775 1846 imperatoris
1797 1773 1998 1828 milites

425 1882 530 1920 una
565 1882 688 1921 cum
717 1842 1006 1922 lictoribus
1023 1842 1520 1939 p_ublicis,quibus—.
1551 1875 1612 1921 ut
1635 1867 1691 1921 in
1733 1865 2002 1921 Christia—
2029 1842 2071 1896 Β

427 1975 528 2014 nos
597 1959 966 2030 inquirerent,
1053 1968 1172 2014 erat
1256 1955 1593 2030 injunctum,
1654 1957 1999 2014 Demetrium

427 2051 890 2122 comprehensum
924 2051 1126 2121 (neque
1157 2050 1303 2106 enim
1331 2051 1564 2120 fugiens,
1598 2049 1693 2106 sed
1740 2059 2002 2105 consueta

429 2157 554 2197 eum
589 2141 851 2197 fratribus
886 2142 1170 2214 religionis
1214 2142 1520 2196 ministeria
1553 2141 1748 2197 obiens
1811 2150 2004 2212 captus

431 2236 534 2305 est)
573 2233 904 2290 Maximiano
934 2235 1030 2290 Dei
1064 2235 1312 2301 inimico,
1339 2235 1510 2290 veluti
1530 2235 1824 2291 maximam
1861 2250 2006 2306 prae-

431 2327 579 2390 dam,
608 2327 887 2392 stiterunt,
907 2325 1154 2380 futurum
1180 2325 1584 2392 existimantes,
1611 2309 2022 2396 utimpcratori'

339 2452 344 2456 -
433 2418 667 2473 maxime
698 2419 1016 2488 probarent,
1047 2425 1303 2490 quantam
1335 2417 1696 2488 diligentiam,
1731 2433 1800 2472 ne
1847 2415 2005 2472 Chri-

434 2512 649 2566 stianus
686 2511 850 2578 ullus,
905 2517 1098 2581 utpote
1143 2517 1199 2565 et
1231 2509 1401 2580 ipsos,
1429 2510 1522 2580 qui
1550 2507 1799 2565 celsioris
1822 2507 2009 2565 condi~

437 2603 605 2658 tionis
637 2611 845 2670 essent,
880 2602 1181 2674 prodentes
1207 2601 1565 2659 absconditus
1609 2608 1879 2664 maneret,
1908 2599 2010 2654 im-

435 2697 761 2768 penderent.

507 2790 560 2844 4.
595 2787 1038 2860 Contigitautem
1070 2797 1131 2843 ut
1154 2787 1221 2854 is,
1249 2785 1396 2858 quod
1421 2785 1686 2858 singulari
1715 2784 2013 2841 certamine

440 2878 841 2945 decertaturos,
872 2879 1190 2948 reliquaque
1241 2877 1512 2948 pentathli
1548 2877 1704 2932 lusus
1737 2877 1814 2947 (7)
1885 2891 2015 2945 spe-

440 2970 652 3027 ctacula
682 2972 926 3028 edituros
978 2978 1231 3026 cerneret
1298 2970 1368 3026 ad
1419 2969 1658 3025 civitatis
1712 2969 2013 3032 theatrum,

2082 586 2397 657 καιοσύνην,
2455 586 2778 651 ἐπιείκειαν,
2847 587 3094 658 είρήνην,
3157 586 3415 658 ἀγάπην.
3470 587 3717 664 ἐλπίδα

2084 677 2231 748 ζωῆς
2252 677 2644 748 περιποιοῦσαν
2670 677 2908 744 αἰωνίου,
2938 678 3006 732 τὰ
3026 678 3341 748 πρόσκαιρα
3366 679 3462 747 μὲν
3493 680 3667 750 ἀπορ-

2086 768 2402 839 ρίπτουσαν,
2457 771 2548 824 τὸν
2605 771 2661 825 δὲ
2710 771 2881 824 ἀΐδιον
2930 770 3027 824 καὶ
3059 769 3338 839 ἄφθαρτον
3365 770 3661 842 ἀρραϐῶνα
3699 797 3710 864 δ

2085 861 2453 932 παρέχουσαν,
2492 864 2593 931 τήν
2622 864 2685 915 ἐκ
2719 862 2928 934 νεκρῶν
2955 861 3277 926 ἀνάστασιν,
3330 860 3424 916 καὶ
3453 861 3550 931 τὴν
3586 863 3665 922 είς

2088 958 2416 1029 παράδεισον
2446 957 2811 1029 προξενοῦσαν
2845 958 3227 1024 ἐπανάξευξιν.

2160 1050 2230 1120 γ’.
2268 1051 2454 1104 Ταῦτα
2507 1050 2853 1112 διδάσκοντος
2915 1049 3012 1104 τοῦ
3073 1050 3342 1121 μακαρίου
3395 1051 3666 1120 μάρτυρος

2089 1144 2399 1214 Δημητρίου
2438 1147 2576 1212 μετά
2623 1144 2949 1214 παρουσίας,
3001 1145 3097 1198 καὶ
3142 1144 3234 1197 τὸν
3282 1143 3439 1210 λόγον
3473 1143 3668 1195 τοῦτον

2091 1232 2409 1303 πρακτικῶς
2440 1231 2782 1302 βεϐαιοῦντος
2801 1233 2890 1286 διὰ
2925 1235 3024 1303 τῆς
3059 1233 3294 1296 πίστεως
3316 1249 3332 1265 ·
3375 1233 3586 1286 πολλῶν
3612 1233 3669 1285 δὲ

2093 1322 2242 1393 αὐτῷ
2271 1321 2359 1375 διὰ
2385 1320 2558 1376 ταῦτα
2586 1323 2649 1375 ὲκ
2675 1324 2772 1390 τῆς
2795 1323 2904 1375 τῶν
2937 1323 3209 1394 Ἐλλήνων
3231 1322 3470 1394 πληθύος
3501 1339 3673 1390 προσ-

2097 1415 2304 1477 ιόντων,
2360 1414 2454 1467 καὶ⁶
2511 1413 3011 1485 συνευρισκομένων
3060 1415 3124 1467 ἐκ
3181 1414 3402 1483 δυσμῶν
3435 1409 3527 1466 τοῦ
3577 1417 3676 1481 τῆς

2097 1505 2301 1567 πόλεως
2334 1502 2704 1574 μεγαλοφόρου
2744 1505 2802 1556 ἐν
2828 1506 2890 1574 τῇ
2919 1506 3094 1557 ἐκεῖσε
3147 1504 3493 1572 Χαλκευτικῇ
3525 1503 3676 1569 λεγο-

2101 1595 2236 1664 μένῃ
2266 1595 2417 1664 στοᾷ,
2471 1593 2599 1647 ἔνθα
2652 1595 2747 1647 καὶ
2785 1593 2973 1647 εἰώθει
3003 1596 3100 1657 τὰς
3127 1595 3380 1657 συνόδους
3412 1594 3675 1647 ποιεῖσθαι

2101 1687 2204 1741 ὑπὸ
2237 1687 2334 1750 τὰς
2357 1684 2450 1740 τοῦ
2480 1687 2647 1755 ἐγγὺς
2678 1687 2939 1756 δημοσίου
2983 1687 3210 1757 λουτροῦ
3242 1687 3543 1756 ὑπογαίους
3578 1705 3677 1738 κα-

2105 1777 2306 1848 μάρας,
2334 1777 2779 1849 μεγαλυνομένης
2802 1795 2861 1831 τε
2885 1780 2984 1846 τῆς
3003 1780 3132 1848 περὶ
3155 1779 3319 1832 αὐτὸν
3347 1780 3536 1849 φήμης
3558 1778 3678 1830 καθ’

2102 1869 2231 1939 ὅλης
2260 1869 2356 1940 τῆς
2386 1870 2596 1934 πόλεως
2631 1870 2724 1924 καὶ
2751 1870 2850 1939 τῆς
2892 1870 3225 1941 περιχώρου,
3259 1873 3308 1924 οί
3338 1871 3438 1940 τὴν
3474 1871 3675 1937 ἀναζήο

2103 1980 2261 2033 τησιν
2293 1962 2402 2016 τῶν
2431 1963 2770 2034 Χριστιανῶν
2793 1962 3124 2032 στρατιῶται
3159 1962 3251 2016 τοῦ
3283 1961 3548 2032 βασιλέως
3564 1961 3676 2026 ἅμα

2104 2058 2216 2119 τοῖς
2246 2054 2526 2127 δημοσίοις
2551 2054 3046 2126 προστεταγμένοις
3068 2055 3364 2122 ποιεῖσθαι,
3391 2053 3681 2108 συλλαὸὀν-

2105 2167 2196 2214 τες
2229 2148 2320 2202 τὸν
2353 2147 2622 2220 μακάριον
2651 2147 2961 2218 Δημήτριον
2989 2147 3145 2218 (οὐδὲ
3177 2146 3288 2217 γὰρ
3316 2145 3532 2215 φεύγων
3557 2159 3678 2196 συν-

2109 2242 2340 2313 ελήφθη,
2366 2240 2502 2296 ἀλλά
2526 2242 2622 2304 τὰς
2650 2241 2899 2311 συνήθεις
2922 2239 3038 2309 ἅμα
3065 2241 3179 2302 τοῖς
3199 2239 3450 2307 ἀδελφοῖς
3471 2238 3680 2304 ἱερουρο

2109 2333 2222 2402 γῶν
2249 2331 2543 2403 λατρείας)
2574 2331 2649 2402 τῷ
2683 2332 2933 2402 θεομάχῳ
2962 2329 3290 2401 Μαξιμιανῷ
3338 2329 3587 2395 καθάπερ
3622 2342 3672 2378 τι

2115 2427 2368 2498 μέγιστον
2399 2424 2626 2494 θήραμα
2664 2424 3038 2494 προσήγαγον,
3064 2422 3302 2493 οίόμενοι
3331 2421 3557 2481 ἑαυτοὺς
3583 2422 3683 2486 μά-

2109 2519 2268 2573 λιστα
2296 2517 2371 2588 τῷ
2407 2518 2616 2588 βασιλεῖ
2646 2516 3009 2587 παραθέσθαι,
3032 2517 3080 2568 εί
3113 2517 3214 2585 τὴν
3244 2513 3559 2584 ἐπιμέλειαν
3589 2510 3680 2562 τοῦ

2115 2608 2321 2678 μηδένα
2379 2605 2702 2677 Χριστιανὸν
2755 2606 3036 2659 λανθάνειν
3084 2604 3465 2671 ἐπιδείξαιντο,
3499 2601 3560 2655 τὸ
3592 2600 3685 2653 καὶ

2112 2699 2236 2762 τοὺς
2269 2699 2507 2770 ὑπεροχῇ
2544 2697 2702 2761 ὄντας
2727 2696 3198 2767 καταμηνύοντες.

2139 2857 2142 2860 ,
2185 2790 2248 2845 δ’.
2288 2791 2399 2844 Καὶ
2425 2790 2460 2843 δ,
2489 2790 2586 2859 μὲν
2626 2789 2817 2860 ἔτυχεν
2851 2790 2943 2844 ἐπὶ
2989 2789 3048 2844 τὸ
3080 2792 3178 2861 τῆς
3207 2789 3413 2852 πόλεως
3447 2787 3683 2859 θέατρον

2117 2885 2176 2940 τὸ
2197 2884 2530 2954 καλούμενον
2568 2883 2780 2937 στάδιον
2812 2883 3021 2937 ἀνιέναι
3052 2882 3183 2946 θέας
3209 2882 3399 2936 ἕνεκεν
3425 2881 3535 2935 τῶν
3593 2896 3690 2948 μο-

2118 2979 2374 3049 νομαχεῖν
2423 2975 2759 3047 μελλόντων,,
2794 2975 2889 3030 καὶ
2941 2975 3008 3032 τὰ
3039 2975 3205 3053 λοιπά
3247 2974 3339 3028 τοῦ
3393 2973 3694 3028 πεντὰθλου

441 3064 589 3136 quod
643 3064 880 3120 stadium
935 3064 1162 3132 dicitur,
1205 3063 1403 3119 adiret.
1432 3063 1551 3118 lllic
1581 3063 1730 3117 enim
1763 3078 1793 3116 e
1819 3061 2017 3116 tabulis

2121 3071 2371 3140 θεάματα
2396 3067 2787 3122 ἐπιτελούντων
2809 3080 2822 3096 ·
2849 3068 2967 3120 ἐκεῖ
2987 3067 3095 3138 γὰρ
3117 3067 3267 3137 αύτῷ
3289 3064 3695 3134 παρεσκεύαστο

441 3157 765 3228 quibusdam
788 3158 1178 3228 sepimentum,
1206 3156 1260 3211 in
1294 3157 1462 3212 altum
1487 3171 1839 3227 suspensum,
1871 3155 2017 3226 quod

2127 3163 2217 3218 διά
2240 3179 2400 3216 τινων
2441 3161 2671 3215 σανίδων
2702 3159 3228 3232 περιπεφραγμένος
3267 3158 3452 3229 κύκλῳ
3489 3160 3546 3212 ἐν
3576 3157 3696 3227 ῦψει

449 3251 822 3322 ingredientes
878 3259 1268 3320 suscepturum
1297 3258 1436 3314 erat,
1469 3248 1657 3304 circuli
1707 3249 1761 3302 in
1796 3249 2017 3302 modum

2126 3253 2497 3327 κρεμάμενος,
2519 3251 2547 3305 ὃ
2584 3251 2828 3321 δέχεσθαι
2861 3252 3070 3323 μέλλων
3098 3252 3223 3316 τοὺς
3251 3252 3308 3306 ἐν
3333 3250 3484 3321 αὐτῷ
3509 3250 3702 3303 είσιόν-

447 3343 496 3398 ei
519 3351 639 3398 erat
667 3351 912 3412 paratum
942 3341 1016 3412 (8)
1043 3358 1059 3406 ;
1091 3356 1321 3397 cernere
1353 3341 1500 3397 enim
1541 3341 1770 3397 humani
1801 3339 2018 3410 sangui-

2126 3361 2244 3412 τας,
2275 3347 2408 3400 διότι
2435 3345 2624 3416 τέρψις
2660 3339 2727 3415 ἦν
2775 3343 2925 3415 αὐτῷ
2971 3342 3063 3398 τοῦ
3099 3343 3316 3414 βλέπειν
3348 3340 3698 3413 ἀνθρωπίνων

448 3433 536 3490 nis
562 3432 914 3493 effusionem,
939 3430 1234 3485 delectatio
1257 3430 1306 3485 ei
1330 3439 1470 3496 erat,
1489 3443 1593 3485 nec
1612 3438 1796 3483 tamen
1822 3428 2018 3500 absque

2127 3436 2376 3506 αἱμάτων
2408 3437 2653 3508 ἔκχυσιν.
2670 3435 2814 3504 Πλὴν
2850 3435 2960 3490 οὐκ
2980 3434 3135 3499 ἐκτδς
3169 3433 3449 3505 φροντίδος
3481 3433 3514 3504 ἢ
3548 3431 3701 3500 μερί-

449 3540 584 3582 cura
629 3539 726 3580 seu
779 3520 1178 3588 sollicitudine,
1223 3522 1372 3591 quod
1397 3521 1447 3576 ei
1470 3520 1828 3592 spectandum
1857 3520 2026 3576 daba-

451 3630 565 3684 tur,
625 3623 843 3688 poterat
882 3614 1110 3671 intueri.
1145 3615 1348 3671 Amore
1367 3622 1549 3669 autem
1604 3611 1883 3668 ferebatur
1921 3611 2025 3667 im-

453 3716 674 3781 perator
729 3724 858 3780 erga
913 3707 1204 3779 quemdam
1281 3707 1730 3770 monmuachum,
1805 3705 2028 3762 nomine

459 3801 698 3876 Lyaeum,
728 3816 760 3857 e
779 3800 1174 3856 Wandalorum
1211 3809 1374 3872 gente
1411 3799 1767 3858 exsistentem
1794 3797 1892 3871 (9),
1921 3797 2030 3853 for-

457 3893 693 3950 titudine
727 3892 1217 3966 magnitudineque
1234 3892 1481 3962 corporis
1501 3891 1786 3955 eximium,
1809 3889 1902 3960 qui
1920 3904 2028 3944 non

458 3985 622 4044 modo
675 3983 886 4050 Romae,
945 3983 1042 4039 sed
1082 3991 1139 4038 et
1193 3981 1381 4036 Sirmii
1416 3979 1526 4052 (10)
1565 3979 2031 4035 Thessalonicen-

459 4079 712 4144 siumque
743 4077 800 4131 in
831 4076 1052 4130 civitate
1082 4075 1286 4130 multos
1313 4073 1518 4136 duello,
1563 4081 1754 4141 utpote
1785 4086 1851 4125 ex
1875 4084 2032 4126 exer-

2131 3544 2270 3598 μνης
2295 3524 2407 3596 εἶχε
2434 3527 2493 3580 τὸ
2513 3528 2788 3600 ὁρώμενον
2808 3539 2822 3554 '
2857 3525 3086 3580 διέκειτο
3109 3525 3216 3596 γὰρ
3239 3527 3269 3580 δ
3295 3524 3546 3594 βασιλεὺς
3575 3522 3700 3590 περί

2129 3635 2249 3670 τινα
2297 3618 2601 3687 μονομάχον
2631 3617 2831 3672 Λυαῖον
2884 3616 3109 3686 ὀνόματι
3150 3616 3218 3670 ἐκ
3245 3614 3341 3670 τοῦ
3390 3615 3574 3678 ἔθνους
3597 3613 3702 3666 τῶν

2131 3707 2451 3762 υύανδάλων
2480 3707 2812 3777 ὑπάρχοντα,
2874 3705 3018 3778 ἰσχύι
3046 3706 3141 3760 καὶ
3190 3706 3422 3776 μεγέθει
3457 3705 3704 3774 σώματος

2130 3799 2544 3868 ἀνεσταλμένον,
2579 3798 2639 3861 ὂς
2684 3799 2747 3852 ού
2804 3798 2965 3868 μόνον
3000 3799 3058 3852 ἐν
3115 3797 3299 3868 Ῥώμῃ
3345 3797 3573 3858 ⁸ιοολλοίις
3627 3795 3705 3857 είς

2129 3889 2229 3958 τήν
2257 3890 2440 3944 λοῦδον
2495 3891 2782 3961 ἀνῃρήκει,
2821 3889 2960 3943 ἀλλά
3009 3890 3104 3944 καὶ
3132 3891 3188 3943 ἐν
3215 3889 3292 3960 τῷ
3335 3889 3576 3959 Σερμίῳ,
3615 3887 3704 3940 καὶ

2133 3985 2191 4037 ἐν
2217 3986 2282 4052 τῇ
2308 3981 2744 4036 Θεσσαλονικέων
2774 3981 2927 4035 πόλει
2951 3998 2966 4014 ο
2996 3981 3240 4052 διέτρεχε
3267 3980 3377 4051 γὰρ
3405 3979 3493 4033 διά
3516 3997 3576 4033 τε
3601 3977 3707 4031 τῶν

2136 4075 2362 4128 σανίδων
2383 4076 2475 4127 καὶ
2501 4074 2595 4129 τοῦ
2631 4076 2932 4145 μαγγάνου,
2962 4074 3057 4131 ate
3075 4075 3164 4130 διά
3185 4074 3388 4142 πολλήν
3415 4069 3706 4142 ἐμπειρίαν

461 4170 731 4224 citatione
749 4167 1260 4237 consuetudineque
1284 4165 1427 4220 haud
1447 4165 1724 4242 vulgarem
1744 4162 2018 4218 occidendj

2134 4167 2213 4228 εἰς
2236 4165 2296 4218 τὸ
2331 4165 2573 4235 φονεύειν
2603 4166 2691 4220 διά
2731 4167 2966 4237 μελέτης
2997 4167 3092 4221 καὶ
3126 4164 3414 4238 συνηθείας
3441 4160 3708 4232 κεκτημέ-

463 4262 720 4336 peritiam
751 4268 967 4326 nactus,
994 4268 1242 4314 necarat.
2136 4275 2244 4322 νος.

533 4354 584 4410 5.
633 4353 812 4418 llunc,
863 4367 988 4406 cum
1041 4351 1322 4415 omnibus,
1368 4347 1514 4418 quod
1568 4363 1730 4402 nemo
1779 4361 1906 4401 cum
1963 4357 2018 4398 ec

2205 4350 2266 4406 ε’.
2295 4350 2517 4416 Τοῦτον,
2559 4353 2857 4424 ἐπειδήπερ
2893 4353 3131 4413 ἅπαντες
3167 4349 3500 4404 ἐδεδοίκεσαν
3529 4341 3619 4400 διὰ
3651 4342 3709 4397 sb

465 4461 624 4519 posse
655 4444 912 4512 congredi
953 4443 1251 4506 videretur,
1284 4449 1432 4495 esset
1469 4440 1690 4505 terrori,
1741 4439 2018 4508 imperatm

2142 4439 2343 4510 μηδένα
2379 4439 2544 4494 αὑτοῦ
2578 4439 2982 4512 ἀνταγωνιστήν
3027 4437 3436 4507 ἀναφαίνεσθαι,
3469 4438 3526 4489 ἐν
3565 4433 3709 4506 πρώ-

464 4539 612 4593 inter
641 4535 868 4607 primos,
923 4535 1068 4605 quod
1113 4542 1168 4588 et
1202 4533 1465 4588 continuo
1500 4531 1681 4587 facere
1715 4531 2018 4594 affectabat1

2133 4548 2242 4594 τοις
2269 4527 2414 4602 εἶχεν
2434 4532 2461 4584 ὁ
2489 4531 2762 4603 βασιλεὺς,
2804 4533 2832 4586 ὃ
2864 4534 2957 4586 καὶ
3011 4531 3184 4601 φιλεῖν
3213 4528 3584 4589 ἐπεδείκνυτο.
3615 4526 3708 4580 καὶ

469 4633 706 4692 habebat
753 4629 1145 4704 placidiorique
1175 4626 1328 4686 vultu
1376 4625 1733 4684 intuebatur:
1774 4623 2018 4683 laudabat

2138 4623 2568 4698 ήδέωςζέδλεπεν
2601 4627 2681 4688 είς
2735 4626 2930 4683 αὐτόν·
2983 4623 3171 4696 ἐπῄνει
3221 4622 3283 4681 δὲ,
3309 4619 3402 4674 καὶ
3431 4617 3711 4689 ἐθαύμαζε

541 4864 706 4936 (7)1ι1
747 4875 853 4932 est,
903 4867 1236 4938 certaminis
1274 4864 1530 4938 gymnici,
1583 4864 1739 4938 quod
1782 4861 2031 4938 quinque

473 4931 887 4997 certaminibus.
917 4953 1078 4994 cursu
1100 4931 1371 5000 videlicet,
1403 4938 1565 5001 lucta,
1594 4931 1862 5004 pugilatu,
1890 4931 2034 4986 saltu

472 5021 528 5064 et
555 5008 758 5076 jaculo.
791 5019 849 5061 ut
872 5008 1064 5063 Festus
1093 5009 1271 5070 docet,
1299 5002 1610 5076 constabat;
1632 5005 1731 5056 Adi
1769 5002 1838 5076 a_d
1872 5016 2036 5056 voca-

473 5072 659 5146 bulum
694 5076 1102 5146 Quinquertium
1124 5077 1312 5132 Pitisci
1343 5075 1740 5145 Antiquitatum
1771 5072 2042 5127 Romana-

475 5166 596 5203 rum
635 5145 892 5202 chicon.

549 5219 626 5287 (8)
663 5218 797 5292 (ium
851 5220 938 5292 hic
987 5219 1054 5274 de
1095 5216 1288 5292 cellula
1339 5231 1433 5292 seu
1459 5214 1525 5269 de
1568 5210 2043 5292 suggestu,uquotl

479 5283 805 5343 Makintiano
851 5289 1078 5358 aliisque
1126 5286 1494 5358 ingressuris,
1547 5283 1709 5354 prout
1766 5283 1929 5339 hodie
1991 5283 2045 5333 in

480 5363 813 5414 theatrorum
838 5359 975 5412 aulis
994 5356 1275 5427 usuvenit,
1301 5366 1662 5427 praeparatum
1681 5363 1844 5427 essv-t3
1870 5365 2050 5406 sermo

482 5431 568 5484 ius
598 5430 692 5484 itui
724 5427 992 5491 videatur,
1021 5431 1093 5482 ita
1130 5425 1324 5482 Latine
1356 5427 1601 5480 ultimam
1643 5427 1782 5478 hanc
1805 5425 2045 5479 Graecam

482 5499 762 5569 periodum
823 5495 1482 5569 interpretandamduxi,
1534 5496 2046 5569 substantivumque

481 5561 535 5624 in
593 5585 656 5626 ea
693 5611 708 5636 ,
763 5585 883 5623 cum
957 5561 1067 5636 quo
1124 5567 1467 5636 participium
1530 5561 2050 5636 περιπεφραγμένος

481 5631 814 5693 cctteordare
843 5631 1090 5702 deberet,
1119 5631 1204 5692 vel
1225 5631 1346 5692 esse
1375 5631 1635 5692 omissum
1665 5634 1748 5688 vel
1779 5631 1926 5688 certe
1953 5631 2054 5682 hoc

483 5707 568 5787 ad.
587 5709 1005 5789 signiﬁcandum
1036 5701 1397 5789 sepimeutum
1417 5705 1840 5789 subsuntive'ad
1855 5701 2048 5789 IIIiIZCI'l,

485 5773 773 5848 existimo.
793 5778 955 5848 idque
981 5778 1063 5831 vel
1099 5773 1301 5848 ideirco
1325 5776 1582 5848 maxime,
1623 5774 1776 5848 quod
1795 5773 2047 5848 substant-

487 5845 656 5901 tivum
711 5840 915 5916 κύκλῲ,
963 5847 1246 5917 participio
1287 5847 1376 5903 isti
1414 5840 1717 5914 subjectum
1767 5845 1821 5901 in
1863 5840 2045 5900 dativo

2132 4870 2388 4934 ptmatur,
2423 4861 2563 4918 adeo
2594 4860 2666 4915 ἰιι
2705 4855 2998 4934 significari
3058 4853 3199 4934 haud
3255 4848 3717 4934 adsciscit-culus

2134 4921 2544 5002 circumseptus
2571 4971 2585 4997 ,
2623 4921 2820 5002 prout
2873 4924 3193 5002 Anastasius
3233 4921 3718 5002 bibliotheca-itu

2137 5003 2246 5072 (adi
2282 4988 2583 5062 Adnotata;
2619 4988 2756 5072 Vitae
2781 4993 3115 5072 praecedenti
3161 4994 3266 5049 sub
3298 5007 3455 5046 uum.
3488 4992 3555 5045 tu
3591 4988 3722 5042 sub-

2132 5069 2300 5143 jecta)
2332 5073 2679 5143 esiSIimasse
2705 5069 2948 5143 videtur.
2986 5135 2999 5143 _
3128 5134 3146 5143 _
3519 5130 3528 5141 _

2217 5130 2295 5211 (9),
2330 5142 2659 5197 Wandalum
2686 5140 2901 5211 natione
2922 5135 3096 5211 fuisse
3126 5134 3366 5211 Lyaeum,
3393 5145 3494 5186 nec
3519 5130 3568 5183 in
3594 5130 3727 5181 Ana-

2151 5203 2396 5269 stasi'ana»
2431 5213 2762 5266 Pbotianave
2789 5203 3147 5278 SanctiVita,
3176 5203 3280 5258 nec
3324 5206 3376 5278 in
3409 5213 3728 5278 ιιιοτιιιιιιειι-

2153 5287 2245 5346 tis,
2277 5283 2704 5352 scriptoribus-sva
2735 5278 2883 5352 ullis,
2915 5275 3075 5330 fidem
3104 5285 3310 5352 certam
3354 5272 3727 5352 facerematis,

2154 5343 2528 5416 asseveratur;
2571 5365 2742 5418 quare
2774 5349 2963 5412 etiam,
2992 5359 3131 5400 atme
3168 5344 3299 5398 illud
3339 5343 3558 5396 veritati
3591 5353 3725 5392 con-

2155 5434 2332 5483 sonet,
2377 5435 2460 5478 est
2492 5421 2738 5476 dubium.
2797 5489 2800 5490 ν
3070 5486 3084 5490 _
3161 5484 3210 5490 __
3362 5483 3372 5490 _
3553 5479 3602 5490 _,

2229 5477 2340 5562 (10)
2385 5477 2587 5547 Civitas
2618 5491 2764 5552 hare,
2795 5489 2928 5562 licet
2962 5486 3124 5541 modo
3156 5483 3424 5539 Slavonite
3488 5477 3730 5562 urbicula

2157 5547 2420 5620 duntaxat
2474 5563 2576 5621 sit,
2628 5547 2884 5615 Demetrii
2939 5567 3115 5610 tamen
3166 5565 3322 5607 aetate
3373 5568 3471 5607 seu
3529 5547 3733 5603 saeculo

2160 5645 2352 5704 quarto
2393 5633 2611 5686 ineunte
2644 5639 2763 5704 erat
2789 5625 3123 5704 amplissima
3166 5621 3733 5704 frequentissi'tuaquf.

2163 5689 2262 5758 nec
2291 5715 2417 5758 ante
2449 5716 2653 5756 annum
2687 5689 2905 5756 circiter
2929 5697 3055 5758 ιιι,
3086 5711 3195 5764 quo
3224 5695 3292 5749 ab
3315 5689 3608 5772 Attii-afuit
3644 5701 3736 5740 ex-

2159 5775 2290 5843 cisa,
2325 5790 2354 5830 a
2379 5772 2610 5841 ﬂorenti,
2643 5775 2694 5827 in
2723 5784 2829 5841 quo
2856 5777 2982 5824 tunc
3006 5763 3146 5835 erat,
3173 5773 3316 5822 statu
3347 5763 3564 5819 excidit.
