4142 6380
397 311 536 377 1177

1428 305 1494 366 S.
1538 297 1925 364 DEMETRII
1971 296 2371 363 MARTYll‘I-S
2410 304 2622 366 ACTA.

3517 309 3655 373 1178

387 427 490 497 τὴν
519 421 707 493 ἀκμὴν
749 420 849 489 τῆς
875 419 1092 490 ἡλικίας
1119 418 1307 486 αὑτοῦ,
1342 419 1435 473 καὶ
1486 421 1566 482 είς
1605 419 1706 489 τὴν
1737 420 1968 486 περιφά-

2086 427 2266 473 autem
2299 435 2364 474 ac
2383 420 2688 475 mirabatur
2715 422 2892 478 anatis
2926 422 3046 492 ejus
3070 421 3336 495 vigorem,
3363 439 3465 480 nec
3496 425 3658 482 aliter

388 533 540 571 νειαν
561 512 727 568 αὑτοῦ
756 511 1104 582 ἐσεμνύνετο.
1135 513 1264 565 Ὀτε
1297 512 1361 582 δὴ
1383 511 1610 582 πλησίον
1635 510 1848 579 ἐγένετο
1880 508 1974 563 τοῦ

393 607 628 668 σταδίου,
662 604 944 666 κατιόντος
975 603 1138 656 αὑτοῦ
1166 605 1229 656 ἐκ
1274 603 1367 656 τοῦ
1399 604 1694 673 ὀχήματος,
1725 603 1844 655 τότε
1874 620 1976 673 μη-

390 699 650 758 νύσαντες
682 695 1055 764 προσάγουσιν
1081 693 1159 764 τῷ
1212 693 1540 763 Μαξιμιανῷ
1580 694 1671 746 τὸν
1703 694 1973 764 μακάριον

391 790 448 844 οι·
467 787 848 857 συνειληφότες
877 789 950 856 Δη
961 787 1206 857 μήτριον.
1227 786 1552 855 ηειοόμενος
1573 785 1628 839 δέ
1649 787 1696 838 εί
1724 785 1974 853 ἐπιμένει

393 882 490 934 τὸν
521 880 759 950 Χριστδν
791 879 1136 949 προσκυνῶν,
1161 879 1252 931 καὶ
1285 879 1473 949 μαθὼν
1508 882 1600 932 καὶ
1631 881 1854 947 ἐτέρους
1879 877 1974 931 ati-

390 974 487 1028 τὸν
516 973 792 1026 διδάσκειν
826 972 924 1025 τὸν,
968 973 1384 1042 ἐσταυρωμένον
1435 971 1635 1040 σέϐειν,
1673 971 1814 1044 ἢχθη
1874 971 1973 1041 μὲν

393 1065 531 1135 πρὸς
559 1064 751 1119 αὐτόν,

463 1245 530 1310 4".
573 1246 719 1300 Ἰδὼν
750 1246 808 1298 δὲ
849 1244 948 1316 τὴν
983 1245 1303 1317 παρῤησίάν
1333 1243 1428 1297 τοῦ
1461 1244 1671 1311 ἁνδρ“λς,
1710 1246 1972 1314 Χριστιακ-

390 1338 481 1390 νὺν
520 1337 712 1390 ἐαυτὸν
749 1334 1174 1398 ἀποκαλοῦντος,
1209 1336 1305 1388 καὶ
1354 1336 1462 1388 πᾶν
1483 1335 1664 1387 ὁτιοῦν
1721 1335 1857 1402 ὑπὲρ
1878 1333 1970 1386 τοῦ

389 1429 653 1499 ὀνόματος
683 1426 777 1479 τοῦ
812 1426 1020 1496 Κυρίου
1056 1425 1213 1496 ἡμῶν
1254 1424 1431 1495 Ἰησοῦ
1467 1424 1701 1496 Χριστοῦ
1743 1425 1970 1492 ὑπομεῖ-

391 1537 480 1572 ναι
512 1518 866 1591 θαρροῦντος,
901 1512 1021 1570 εἶτα
1053 1520 1148 1570 καὶ⁵
1197 1519 1258 1569 τὸ
1305 1518 1600 1586 πρόσωπον
1633 1515 1797 1569 αὐτοῦ
1835 1517 1968 1568 πάνυ

390 1612 589 1683 ὡραῖον
620 1611 939 1680 γενόμενον,
992 1612 1084 1662 καὶ
1117 1610 1227 1662 τῶν
1258 1611 1634 1681 προκειμένων
1681 1611 1968 1678 θεαμάτων

389 1705 509 1767 ἕλος
539 1703 634 1769 ὢν,
660 1704 751 1756 τὸν
785 1703 883 1772 μὲν
914 1702 1154 1770 ἀοίδιμον
1189 1701 1442 1772 μάρτυρα
1493 1702 1780 1754 ἐκέλευσεν
1808 1700 1971 1752 αὐτὸν

391 1795 541 1865 παρὰ
599 1796 662 1848 τὸ
717 1795 932 1848 στάδιον
968 1795 1230 1864 δημοσίου
1292 1795 1639 1861 γειτνιῶντος
1687 1793 1967 1863 βαλανείου

390 1889 519 1956 περὶ
545 1887 643 1950 τὰς
663 1888 770 1941 τῶν
799 1877 977 1940 ἐκεῖσε
1010 1887 1260 1957 καμίνων
1289 1887 1645 1958 φρουρεῖσθαι
1683 1887 1967 1956 καμάρας.

393 1978 562 2032 Ἔνθα
591 1979 1012 2049 φυλαττόμενος.
1049 1981 1152 2051 ὁρᾷ
1179 1979 1438 2050 σκορπίον
1482 1982 1546 2032 ἐκ
1573 1981 1672 2050 τῆς
1727 1979 1832 2046 γῆς
1868 1977 1972 2031 ὑπὸ

388 2074 518 2134 τοῦς
552 2072 716 2135 πόδας
745 2073 910 2125 αὐτοῦ
940 2073 1257 2134 ἀνελθόντα,
1299 2073 1593 2142 πειρᾶσθαι
1651 2071 1707 2125 δὲ
1742 2071 1817 2140 τῷ
1849 2071 1972 2124 κέν-

389 2181 502 2234 τρῳ
529 2163 726 2231 πλῆξαι
756 2164 845 2216 τὸν
871 2163 1044 2230 ἅγιον.
1091 2165 1149 2216 ’0
1175 2165 1232 2218 δὲ
1259 2165 1319 2217 τὸ
1347 2167 1573 2233 σημεῖον
1609 2163 1699 2215 τοῦ
1731 2161 1968 2231 σταυροῦ

388 2253 480 2304 τοῦ
507 2252 744 2324 Χριστοῦ
773 2255 1004 2322 ποιήσας
1028 2253 1170 2307 κατὰ
1191 2254 1282 2306 τοῦ
1313 2255 1597 2324 σκορπίου,
1617 2255 1708 2307 καὶ
1729 2270 1971 2322 προσαρ-

386 2344 562 2413 τήσας
617 2345 780 2397 αὐτὸν
815 2347 1011 2412 νεκρὸν
1060 2345 1364 2411 ἀπέδειξεν.
1411 2344 1761 2415 Παραχρῆμα
1789 2344 1846 2397 δέ
1874 2343 1972 2412 ἄγ-

390 2437 548 2502 γελος
578 2437 782 2506 Κυρίου
805 2437 975 2490 ἐλθὼν
1001 2438 1263 2507 στέφανον
1285 2437 1519 2507 ἐπέθηκε
1542 2441 1606 2510 τῇ
1638 2442 1849 2510 κορυφῇ
1877 2437 1969 2490 τοῦ

392 2529 686 2597 μάρτυρος,
719 2530 816 2582 καὶ
847 2523 1001 2582 εἶπεν
1025 2529 1195 2598 αὐτῷ,
1232 2531 1440 2602 Εἰρήνη
1469 2547 1572 2598 σοι,
1611 2530 1822 2601 sema
1874 2529 1970 2584 τοῦ

304 2625 312 2634 “
392 2621 656 2691 Χριστοῦ,
688 2622 838 2692 ἴσχυε
863 2623 956 2674 καὶ
988 2623 1261 2690 άνδρίζου.

461 2714 529 2779 ζ’.
571 2715 632 2768 '0
669 2715 724 2767 δέ
757 2715 1009 2784 βασιλεὺς
1039 2715 1293 2768 είσελθὼν
1318 2717 1375 2769 ἐν
1406 2716 1482 2787 τῷ
1507 2718 1702 2790 σταδίῳ
1723 2722 1812 2772 καὶ
1840 2736 1973 2790 προ-

390 2802 650 2864 καθίσας,
701 2803 794 2856 τόν
831 2820 892 2856 τε
922 2806 1123 2858 Λυαῖον
1170 2805 1482 2874 εἰσαγαγὼν
1511 2808 1694 2862 ἐκάλει
1749 2809 1835 2862 διὰ
1862 2803 1970 2862 τῶν

393 2891 654 2962 κηρύκων
688 2892 778 2945 τὸν
831 2893 1159 2962 βουλόμενον
1199 2896 1604 2966 μονομαχῆσαι,
1658 2899 1970 2969 προστιθεὶς

392 2985 532 3055 μετὰ
557 2985 666 3037 τῶν
691 2983 940 3039 ἐπάθλων
969 2987 1066 3039 καὶ
1111 2990 1369 3059 χρήματα
1423 2990 1593 3044 πολλά
1617 3007 1632 3022 ·
1670 2991 1764 3045 καί
1794 3011 1875 3054 τις
1905 2994 1969 3046 ἐκ

2079 525 2240 578 quam
2283 511 2352 566 de
2401 528 2592 584 magna
2652 527 2732 578 re,
2762 513 2830 567 de
2857 513 2959 568 viri
2992 515 3248 582 superbia
3295 516 3656 585 gloriabatur.

2078 598 2214 653 Cum
2247 616 2406 669 porro
2431 603 2498 656 ad
2530 603 2770 658 stadium
2798 603 2907 673 jam
2938 603 3202 669 venisset,
3230 611 3396 674 atque
3428 623 3458 660 e
3489 622 3657 661 curru

2079 691 2473 756 descendisset,
2527 697 2749 749 beatum
2794 695 3147 759 Demetrium,
3198 697 3291 765 qui
3315 713 3441 750 eum
3498 713 3660 766 cepe-

2078 791 2222 845 rant,
2251 782 2318 835 ad
2353 782 2758 851 Maximiauum,
2791 787 2868 840 rei
2899 787 3302 856 prmmonitnm,
3330 795 3463 842 tunc
3489 790 3656 844 addu-

2077 884 2230 928 cunt.
2271 873 2560 945 lnquirens
2589 887 2792 942 autem,
2822 894 2891 931 an
2919 877 3200 933 Christum
3255 880 3482 934 adorare
3533 897 3659 950 per-

2079 975 2254 1035 geret,
2278 983 2516 1038 eumque
2554 973 2718 1023 etiam
2753 970 2909 1030 alios,
2938 979 2996 1024 ut
3027 971 3357 1025 Crucil‘uum
3409 977 3654 1038 adorent,

2077 1061 2326 1115 doctrina
2375 1077 2471 1115 sua
2507 1061 2807 1132 impellere,
2849 1063 3097 1127 edoctus,
3126 1062 3294 1133 jussit
3325 1063 3476 1116 illum
3509 1066 3575 1119 ad
3599 1081 3657 1119 se

2077 1151 2226 1205 duci.

2149 1239 2201 1293 6.
2235 1239 2347 1294 Viri
2399 1248 2603 1303 autem,
2657 1239 3038 1295 Christianum
3071 1257 3192 1296 sese
3225 1243 3572 1310 agnoscentis
3603 1251 3657 1295 et

2074 1346 2429 1400 quaecumque
2457 1347 2553 1398 pro
2572 1332 2790 1385 Domini
2834 1334 3009 1387 nostri
3035 1334 3163 1388 Jesu
3197 1334 3400 1388 Christi
3438 1335 3658 1388 nomine

2076 1422 2308 1476 suil'erre
2363 1424 2642 1483 audentis.
2699 1427 3093 1491 constantiam,
3154 1428 3484 1496 vultumque
3537 1426 3657 1495 ejus

2077 1515 2318 1568 maxime
2349 1525 2639 1568 venustum
2666 1519 3044 1586 conspicatus,
3075 1520 3219 1588 quod
3255 1528 3401 1572 totus
3439 1527 3656 1587 specta-

2075 1605 2212 1659 culis
2240 1605 2567 1660 exhibendis
2597 1617 2745 1661 esset
2778 1609 3045 1674 intentus,
3105 1611 3481 1664 venerandum
3509 1627 3657 1664 mar-

2075 1707 2243 1769 tyrem
2288 1699 2440 1767 juxta
2500 1699 2676 1768 ipsum
2727 1717 2899 1770 prope
2958 1703 3233 1771 publicum
3293 1705 3546 1758 balneum
3599 1705 3654 1758 in

2075 1791 2448 1845 subterraneis
2481 1791 2808 1858 fornicibus,
2848 1794 3054 1848 ibidem
3100 1797 3525 1855 exsistentihus.
3561 1812 3654 1850 cu-

2075 1881 2265 1938 stodiae
2318 1883 2620 1952 mancipari
2672 1885 2838 1952 jussit
2885 1884 3020 1953 (ll).
3080 1884 3286 1939 Ibidem
3345 1885 3656 1940 custoditus

2075 1976 2375 2046 scorpium,
2411 1991 2450 2030 e'
2484 1986 2626 2030 terra
2667 1977 2768 2031 sub
2808 1979 3041 2047 pedibus
3068 1979 3204 2041 suis,
3264 1979 3359 2048 qui
3400 1988 3452 2032 et
3478 1979 3651 2032 cauda

2073 2083 2322 2127 sanctum
2356 2082 2641 2144 percutere
2663 2075 2988 2136 conabatur.
3015 2074 3389 2145 egredientem
3419 2079 3651 2143 aspexit.

2074 2163 2174 2218 Hic
2195 2174 2398 2229 autem,
2421 2163 2563 2217 facto
2589 2163 2642 2216 in
2666 2163 2940 2231 scorpium
2965 2163 3144 2217 crucis
3162 2162 3336 2230 signo.
3364 2163 3657 2222 suspendit

2073 2265 2129 2310 et
2165 2265 2436 2309 mortuum
2502 2256 2650 2311 illico
2712 2255 2948 2308 reddidit
2988 2255 3119 2326 (12).
3176 2254 3372 2308 Statim
3430 2255 3657 2324 angelus

2078 2345 2292 2398 Domini
2325 2345 2624 2400 adveniens
2659 2360 2915 2400 coronam
2952 2345 3114 2414 capiti
3154 2345 3411 2415 martyris
3477 2346 3656 2412 impo-

2075 2438 2205 2499 suit,
2277 2438 2384 2490 Pax
2444 2446 2648 2503 tecum,
2695 2437 2845 2509 pugil
2889 2438 3114 2503 Christi,
3169 2437 3430 2491 robustus
3478 2436 3556 2491 sis
3600 2445 3657 2490 et

2075 2530 2411 2585 confortare.

2145 2709 2200 2763 7.
2229 2709 2364 2763 Cum
2395 2725 2559 2779 porro
2588 2708 2890 2778 imperator
2915 2708 3162 2765 stadium
3180 2716 3327 2762 esset
3349 2707 3652 2770 ingressus,

2075 2803 2370 2872 locumque
2419 2819 2578 2857 suum
2621 2811 2969 2872 occupasset,
3020 2802 3240 2871 Lyaeum
3294 2799 3657 2855 introduccns

2075 2911 2172 2965 per
2203 2894 2449 2953 nuntios.
2485 2894 2575 2963 qui
2606 2909 2730 2948 cum
2763 2908 2830 2948 eo
2861 2894 3141 2963 singulare
3181 2902 3456 2947 certamen
3520 2892 3658 2946 inire

2075 2987 2265 3048 vellet,
2301 2987 2627 3050 advocabat,
2665 3002 2791 3042 cum
2832 2987 3015 3050 donis,
3045 2985 3330 3041 victoriam
3373 2984 3660 3040 referenti-

387 3077 486 3130 τοῦ
517 3079 688 3148 δήμου
712 3080 996 3144 νεανίσκος
1041 3080 1242 3151 ὡραῖος
1292 3082 1456 3142 πάνυ,
1485 3082 1684 3152 κομιδῆ
1721 3083 1838 3147 νέος
1869 3083 1965 3148 ὢν,

2079 3077 2225 3132 tibus
2249 3078 2364 3132 dari
2404 3078 2606 3142 solitis,
2628 3079 2854 3132 multam
2893 3079 3056 3134 etiam
3087 3077 3378 3149 pecuniam
3423 3075 3658 3146 promit-

392 3169 620 3240 Νέστωρ
652 3170 843 3239 ὄνομα,
875 3171 1002 3240 ἄρτι
1053 3172 1146 3224 τὸν
1199 3171 1377 3225 ἴουλον
1401 3173 1736 3228 ἐπανθοῦντα
1769 3175 1968 3246 φέρων,

2081 3177 2225 3224 tens.
2263 3168 2495 3235 Quidam
2528 3178 2713 3223 autem
2739 3185 2770 3223 e
2807 3169 2970 3239 vulgo
3003 3168 3326 3223 adolescens
3359 3168 3657 3223 admodum

391 3259 630 3325 γνωστδς
658 3259 919 3329 ὑπάρχων
947 3259 1024 3329 τῷ
1044 3261 1352 3331 πανενδόξῳ
1397 3263 1633 3331 μάρτυρι
1677 3265 1976 3335 Δημητρίῳ

393 3351 409 3413 (
430 3346 652 3416 ἐθεώρει
675 3351 784 3418 γάρ
809 3349 876 3401 τὰ
892 3349 983 3402 ὑπ’
1006 3349 1172 3402 αὐτοῦ
1203 3351 1472 3420 γενόμενα
1496 3353 1773 3422 θαύματα,
1805 3354 1974 3407 πολύν

391 3455 450 3490 τε
472 3438 602 3490 λαὸν
628 3440 1028 3510 προστρέχοντα
1045 3440 1214 3511 αὐτῷ,
1240 3444 1333 3495 καὶ
1360 3442 1750 3512 διδασκόμενον
1770 3446 1969 3510 σέϐειν,

389 3531 485 3584 καὶ
517 3533 844 3600 προσκυνεῖν
902 3532 994 3584 τὸν
1029 3533 1302 3602 Χριστὸν)
1358 3535 1647 3605 ἐκδραμὼν
1681 3538 1739 3590 ἐν
1769 3532 1813 3606 ᾧ
1841 3541 1971 3607 ἐφυ-

390 3621 613 3676 λάττετο
640 3624 812 3693 τόπῳ,
839 3625 932 3677 καὶ
968 3623 1150 3677 πεσὼν
1180 3627 1417 3688 είςτοὺς
1457 3627 1622 3690 πόδας
1654 3629 1820 3682 αὐτοῦ
1851 3629 1970 3684 ελε-

393 3732 510 3785 γεν·
539 3715 700 3768 Δοῦλε
725 3716 820 3770 τοῦ
843 3717 978 3770 Θεοῦ
1027 3718 1333 3789 Δημήτριε,
1389 3717 1648 3788 βούλομαι
1679 3720 1757 3790 τῷ
1786 3722 1972 3793 Λυαίῳ

397 3809 798 3877 μονομαχῆσαι,
827 3808 942 3860 ἀλλ’
972 3808 1126 3873 εὖξαι
1162 3827 1253 3878 μοι
1281 3809 1374 3861 τὸν
1410 3810 1646 3879 Χριστὸν
1671 3813 1966 3881 ὀνομάσας.

404 3899 464 3968 Ὀ
485 3898 541 3951 δὲ
573 3899 728 3966 ἅγιος
758 3900 986 3966 ποιήσας
1008 3899 1107 3969 τὴν
1135 3902 1228 3952 τοῦ
1283 3899 1522 3969 Χριστοῦ
1567 3905 1838 3971 σφραγῖδα
1889 3907 1970 3967 είς

390 4006 450 4041 τε
476 3989 537 4041 τὸ
567 3990 817 4058 μέτωπον
850 3993 946 4043 καὶ
965 3990 1065 4061 τὴν
1097 3991 1325 4058 καρδίαν
1353 3992 1546 4055 αὐτοῦ,
1572 3993 1844 4048 ἀπέλυσεν
1872 3997 1971 4049 αὑ-

391 4079 481 4132 τὸν
509 4079 765 4150 εἰρηκώς.
816 4081 924 4134 Καὶ
978 4080 1070 4134 τὸν
1118 4081 1318 4135 Λυαῖον
1366 4082 1633 4153 νικήσεις,
1682 4085 1777 4137 καὶ
1831 4084 1970 4156 ὑπὲρ

394 4171 632 4240 Χριστοῦ
667 4173 1057 4244 μαρτυρήσεις.

2080 3258 2379 3324 formosus,
2412 3259 2504 3326 qui
2556 3259 2738 3313 adhuc
2776 3259 2933 3314 valde
2964 3259 3189 3329 juvenis
3237 3267 3373 3323 erat,
3433 3260 3659 3316 nomine

2076 3350 2298 3414 Nestor,
2354 3352 2585 3420 primam
2623 3351 2784 3407 modo
2844 3351 3160 3420 lanuginem
3227 3351 3432 3413 ferens.
3486 3358 3655 3404 notus

2078 3441 2354 3496 exsisteus
2409 3441 2802 3511 gloriosissimo
2865 3442 3091 3513 martyri
3150 3440 3428 3496 Demetrio
3488 3441 3652 3511 (facta

2076 3534 2222 3590 enim
2257 3534 2325 3589 ab
2353 3549 2419 3589 eo
2458 3534 2744 3596 miracula.
2777 3532 3125 3605 multumque
3155 3536 3434 3606 populum,
3460 3535 3551 3605 qui
3586 3535 3654 3589 ad

2075 3637 2202 3678 eum
2268 3623 2612 3691 aceurrebat,
2680 3624 2934 3678 venerari
2985 3635 3041 3679 et
3103 3625 3252 3694 quod
3287 3625 3544 3690 docebat,
3598 3633 3656 3680 et

2075 3713 2356 3769 Christum
2388 3714 2620 3769 adorare
2647 3714 2887 3784 videbat)
2929 3716 2998 3770 ad
3029 3716 3234 3780 locum,
3272 3717 3326 3771 in
3389 3732 3500 3785 quo
3561 3731 3656 3769 cu-

2077 3807 2444 3872 ‘stodiebatur,
2482 3806 2798 3876 cadensque
2829 3807 2896 3862 ad
2929 3809 3097 3876 pedes
3128 3809 3248 3876 ejus
3272 3809 3449 3862 dixit:
3487 3807 3654 3863 Serve

2078 3895 2174 3951 Dei
2196 3897 2455 3962 Demetri,
2489 3899 2615 3952 volo
2647 3907 2840 3952 contra
2869 3897 3085 3969 Lymum
3116 3899 3377 3968 singulari
3407 3913 3654 3966 pugnare

2077 3989 2401 4051 certamine,
2438 3989 2535 4044 sed
2594 4004 2689 4044 ora
2731 4006 2831 4060 pro
2888 4004 2996 4047 me.
3030 3990 3310 4044 Christum
3366 3990 3652 4043 invocans.

2084 4077 2284 4132 Verum
2345 4078 2606 4142 Sanctus,
2668 4089 2723 4134 et
2759 4080 2814 4134 in
2859 4079 3040 4134 fronte
3074 4080 3242 4147 ipsius
3300 4087 3355 4133 et
3395 4079 3448 4132 in
3490 4076 3654 4132 corde

2077 4171 2281 4225 Christi
2317 4171 2473 4239 signo
2530 4173 2769 4227 formato
2810 4173 2945 4240 (15),
2985 4172 3136 4226 illum
3179 4171 3386 4226 dimisit
3417 4171 3651 4224 dicens:

2073 4265 2142 4319 Et
2177 4264 2395 4336 Lyaeum
2427 4265 2634 4330 vinces,
2666 4273 2722 4319 et
2752 4281 2850 4336 pro
2904 4264 3124 4321 Christo
3151 4265 3473 4336 martyrium
3511 4264 3650 4319 sub-

2075 4357 2200 4412 ibis.

395 4640 783 4705 Naximianus,
818 4642 878 4726 ob
892 4657 1072 4726 necem
1096 4640 1252 4711 Lya’o
1284 4640 1686 4726 iilatwnira‘tu‘s.
1716 4649 1997 4726 Nestorem
2040 4655 2214 4726 primo
2236 4671 2298 4708 ac
2323 4655 2445 4709 dein
2469 4656 2631 4709 etiam
2679 4664 2923 4709 sanctum
2947 4655 3276 4710 Demetrium
3297 4657 3450 4726 jubet
3490 4658 3654 4713 inter-

815 4713 926 4778 ﬁci,
960 4713 1168 4775 Iticque,
1197 4721 1379 4779 postea
1408 4716 1686 4769 miraculis
1710 4713 2082 4790 indurescens,
2114 4724 2242 4779 locis
2269 4727 2436 4779 sacris
2464 4727 2563 4780 sibi
2589 4729 2867 4780 exstructis
2907 4728 3220 4781 honoratur.

462 4833 534 4894 η’.
573 4827 852 4880 ’Δπελθὼν
896 4828 989 4882 οὖν
1015 4831 1072 4883 ἐν
1097 4829 1172 4898 τῷ
1209 4830 1428 4902 σταδίῳ,
1468 4834 1563 4887 καὶ
1587 4835 1675 4889 διὰ
1700 4838 1808 4892 τῶν
1835 4838 1968 4909 βαθ-

2145 4845 2352 4900 Abiens
2390 4861 2521 4918 ergo
2566 4847 2633 4902 ad
2691 4849 2950 4914 stadium,
3009 4863 3136 4904 cum
3188 4856 3246 4902 et
3284 4848 3351 4903 de
3384 4849 3648 4918 gradibus

396 4917 566 4985 μίδων
621 4920 1036 4990 καταπηδήσας,
1097 4921 1261 4992 ῥίψας
1291 4939 1352 4974 τε
1410 4926 1520 4977 τῶν
1549 4927 1751 4996 χιτῶνα
1781 4932 1969 4998 αὐτοῦ,

392 5007 619 5076 ἔστησεν
650 5009 959 5080 ἔμπροσθεν
983 5012 1077 5064 τοῦ
1100 5013 1465 5084 Μαξιμιανοῦ,
1497 5016 1573 5080 ὡς
1624 5020 1969 5089 ἐκπλαγέντα

463 5185 576 5251 (ll)
612 5183 692 5262 Ab
735 5186 896 5239 initio
914 5186 1086 5262 modo
1111 5188 1177 5242 ad
1224 5190 1369 5262 hunc
1407 5207 1578 5262 usque
1615 5195 1794 5250 locum
1826 5196 1966 5253 San-

391 5255 460 5308 cti
491 5255 680 5314 nostri,
715 5271 875 5324 quam
913 5257 1001 5309 hic
1030 5257 1243 5324 damus,
1286 5255 1600 5318 Passioniem
1629 5267 1820 5322 confer
1841 5284 1963 5323 cum

388 5325 476 5406 iis,
510 5341 628 5392 qua:
656 5325 706 5378 in
724 5328 994 5406 .Passione
1027 5327 1266 5406 ejusdem
1298 5333 1486 5406 altera,
1517 5338 1680 5402 priori
1709 5337 1827 5391 lovo
1846 5337 1960 5406 jam

389 5395 612 5474 data,_a
655 5396 1122 5474 principiousque
1152 5400 1216 5474 ad
1249 5416 1398 5474 num.
1440 5402 1472 5474 7
1502 5395 1613 5458 lere
1639 5395 1958 5472 occmrnnt,

385 5466 710 5539 videbisque
739 5466 1084 5539 antiquioris
1109 5468 1264 5539 hujus
1306 5472 1700 5530 lucubratioois
1730 5466 1956 5531 alteram

387 5532 568 5606 Sam-ti
619 5532 806 5600 nostri,
861 5532 1022 5606 quam
1076 5532 1427 5603 hic'damus,
1473 5544 1784 5600 l’assionem
1834 5563 1958 5602 esse

388 5602 739 5685 duntaxatad
771 5602 917 5685 hunc
940 5609 1132 5662 saltem
1166 5625 1339 5685 usque
1359 5602 1544 5685 locum
1563 5619 1959 5685 paraphrasim,

390 5673 939 5753 variisadjunctisab
962 5685 1183 5732 auctore
1207 5673 1289 5734 vel
1321 5695 1416 5748 pro
1434 5673 1658 5753 arbitrio
1683 5673 1954 5752 conﬁctis,

391 5742 473 5799 vel
511 5742 724 5800 alitmde
754 5746 938 5803 ascitis
999 5757 1237 5816 auctam,
1271 5742 1429 5821 prout
1461 5752 1514 5807 in
1545 5742 1952 5814 Commentario

2080 4933 2401 5001 desiliisset,
2445 4939 2799 5011 tunicamque
2848 4955 3002 4995 suam
3067 4939 3433 5009 deposuisset,
3468 4956 3650 4998 coram

2076 5027 2405 5086 Maximiano
2456 5033 2627 5098 stetit,
2659 5033 2734 5087 ita
2773 5042 2834 5087 ut
2867 5033 3286 5103 ohstupesceret
3331 5032 3646 5102 imperator.

2073 5205 2274 5272 prmvio
2307 5222 2458 5260 num.
2498 5205 2561 5260 i6
2585 5206 2696 5273 jam
2727 5207 2985 5264 iudicavi.

2145 5274 2256 5342 (1‘2)
2293 5276 2446 5341 Quod
2490 5278 2576 5331 hic
2625 5287 2899 5340 narratur,
2950 5294 2977 5330 τι
3022 5276 3282 5332 Photiana
3322 5287 3376 5332 et
3421 5278 3651 5334 Anasta-

2069 5343 2221 5398 siana
2264 5345 2450 5399 Sancti
2479 5346 2738 5401 Passione
2769 5348 2947 5404 abest.
2978 5357 3264 5416 potestque
3300 5349 3382 5403 vel
3415 5350 3643 5416 idcirco,

2067 5429 2197 5467 num
2232 5417 2445 5468 veritati
2471 5425 2756 5475 consonet,
2792 5416 2935 5471 haud
2969 5419 3238 5473 immerito
3269 5419 3528 5474 dubitari.

2140 5485 2250 5555 (15)
2281 5484 2512 5548 Verene,
2543 5488 2618 5540 uti
2660 5487 2748 5555 hic
2801 5496 3077 5552 narratur,
3128 5486 3360 5546 Sanctus
3407 5488 3643 5552 Nestori,

2063 5553 2322 5628 singulari
2376 5559 2673 5628 certamine
2705 5553 2918 5628 Lyajum
2953 5573 3294 5628 aggressum,
3342 5559 3644 5628 benedixe-

2063 5625 2165 5690 rit,
2189 5636 2406 5707 .statucs
2438 5642 2501 5682 ex
2532 5627 2598 5681 iis
2627 5641 2745 5696 quae
2784 5625 3173 5683 Commentarii
3203 5631 3386 5698 pmvii
3415 5627 3443 5700 §
3469 5628 3502 5682 4
3529 5630 3613 5686 dis

2057 5711 2222 5753 SCI‘UI.

2546 5882 2596 5888 __
2649 5871 2782 5883 V4,-..
2829 5872 2912 5880 ι--γ
