4140 6382
589 317 725 382 11e3

1907 311 2566 382 SUPPEEMENTUM.

3741 305 3894 372 1184

589 445 701 488 met
731 444 785 486 et
818 431 915 495 illi,
965 431 1056 500 qui
1109 433 1160 486 ei
1229 429 1479 495 aderant,
1517 430 1866 486 cel'errimam
1908 429 2164 500 martyris

2272 428 2552 498 ἐπέτυχεν,
2582 426 2724 481 ὥστε
2771 423 3078 496 θαυμάζειν
3123 421 3288 476 αὐτόν
3331 439 3389 475 τε
3439 419 3702 484 καὶτοὺς
3736 420 3881 490 περὶ

589 524 961 579 visitationem
993 523 1352 590 mirarentur,
1379 525 1693 595 gratiasque
1719 523 1832 578 Deo
1864 531 1920 578 et
1964 523 2170 592 glorio-

590 615 806 668 sissimo
839 615 1056 686 martyri
1093 615 1368 670 Demetrio
1397 625 1654 684 agerent;
1679 614 1770 684 qui
1800 614 2010 680 statim,
2042 630 2169 670 cum

591 713 940 757 arcuatorum
978 718 1206 772 operum
1243 704 1487 760 for-nives
1543 721 1650 758 uua
1713 720 1841 760 cum
1897 721 2166 775 aquarum

591 794 896 846 calidarum
959 793 1122 847 domo
1156 795 1522 864 publicisque,
1578 813 1697 866 qua:
1756 796 1955 852 ibidem
1992 807 2170 862 erant,

591 887 841 954 portibus
881 886 1248 940 desirmisset
1281 903 1344 941 ac
1366 897 1756 958 expurgasset,
1793 893 2173 943 venerandum

547 1022 550 1024 ν
595 988 787 1030 saneto
815 979 1038 1048 martyri
1071 980 1330 1048 templum
1365 981 1509 1034 inter
1542 981 1822 1050 publicum
1886 982 2169 1036 lavacrum

591 1079 644 1121 et
696 1069 933 1122 stadium
989 1069 1279 1135 exstruxit,
1345 1085 1632 1124 munerum
1691 1071 1848 1140 copia
1902 1070 1954 1124 id
2013 1085 2169 1125 exor-

593 1177 760 1218 nans.

663 1343 748 1397 l6.
783 1343 918 1397 Cum
973 1355 1154 1399 autem
1191 1345 1246 1399 in
1298 1345 1571 1417 lilyricum
1602 1347 1714 1418 (9.0)
1748 1357 1898 1404 esset
1961 1350 2172 1406 disces-

595 1453 783 1498 surus.
813 1449 1020 1506 partem
1054 1440 1348 1508 quamdam
1383 1440 1742 1508 reliquiarum
1799 1444 2077 1512 martyris,
2115 1451 2173 1497 ut

593 1542 646 1584 et
685 1531 755 1584 ibi
781 1533 1043 1601 templum
1077 1534 1179 1585 sub
1208 1534 1328 1602 ejus
1354 1537 1578 1587 nomine
1613 1536 1872 1605 erigeret,
1921 1537 2174 1606 accipere

593 1623 762 1676 voluit
791 1641 805 1688 ;
855 1640 1014 1692 quem
1048 1625 1477 1693 gloriosissimus
1511 1637 1736 1690 martyr,
1770 1636 1933 1682 noctu
1963 1637 2173 1694 astans,

591 1715 646 1769 id
708 1717 934 1785 exsequi
991 1717 1292 1786 prohibuit.
1353 1721 1590 1788 Accepta
1649 1720 1812 1789 igitur
1860 1721 2171 1792 chlamyde,

591 1813 859 1878 sanguine
893 1811 1062 1878 lpsius
1101 1810 1291 1873 tincta,
1325 1820 1590 1880 parteque
1642 1813 1832 1875 orarii.
1893 1815 1947 1867 in
2001 1815 2171 1884 lipsa-

591 1904 824 1955 notlieca
857 1913 1134 1973 argentea,
1166 1919 1291 1958 eum
1327 1905 1378 1957 in
1409 1905 1569 1960 ﬁnem
1600 1906 1872 1971 confecta,
1907 1923 1969 1962 ea
1999 1909 2171 1978 depo-

593 1993 740 2059 suit;
775 2009 900 2048 cum
953 2007 1138 2048 autem
1192 1996 1296 2048 iter
1345 1996 1571 2059 faceret.
1625 1997 1914 2068 hiemsque
1975 2016 2173 2068 aspera

591 2096 756 2143 esset.
793 2102 1154 2157 egressusque
1180 2089 1340 2147 alveo
1364 2089 1644 2143 Danubius
1685 2091 1877 2147 diebus
1893 2092 2171 2147 subicien-

594 2178 741 2232 tibus
771 2179 938 2232 etiam
970 2180 1206 2249 navibus
1243 2181 1344 2234 iter
1398 2181 1544 2234 haud
1583 2184 1938 2250 relinqueret,
1993 2186 2166 2239 viam-

591 2283 700 2338 que
742 2286 1070 2339 promovere
1119 2272 1432 2342 impediret,
1469 2274 1654 2331 animo
1701 2277 1994 2347 despondit
2027 2295 2168 2349 prte-

593 2360 795 2420 fectus.

668 2639 753 2692 l7.
797 2651 977 2707 ipsum
1008 2648 1190 2693 autem
1217 2638 1350 2695 vidit
1387 2631 1836 2712 gloriosissimum
1872 2656 2168 2716 martyrem

594 2733 950 2796 Demetrium,
981 2732 1081 2802 ipsi
1115 2733 1408 2800 dicentem,
1438 2735 1739 2791 Diﬂidentia
1767 2739 1916 2793 omni
1943 2741 2171 2810 pusilla-

590 2826 951 2895 nimitateque
994 2827 1267 2898 deposita,
1290 2829 1590 2899 accipiens.
1611 2831 1754 2899 quod
1777 2833 1907 2896 fers,
1940 2831 2165 2887 ﬂuvium

590 2921 801 2988 absque
835 2923 1187 2975 cunctatione
1219 2921 1530 2993 ingredere.
1583 2921 1738 2977 Mane
1771 2924 1960 2993 igitur,
1997 2940 2167 2980 curru

525 3001 530 3004 ’
590 3010 920 3080 conscenso,
979 3015 1323 3070 venerandas
1396 3015 1659 3085 reliquias
1725 3032 1890 3071 manu
1947 3028 2167 3088 gestans

590 3103 814 3158 ﬂuvium
842 3105 1101 3161 innoxius
1139 3107 1396 3162 transivit
1428 3106 1569 3179 (21),
1605 3109 1791 3178 itaque
1823 3119 2169 3166 transvectus

2275 513 2438 566 αὐτὸν
2475 514 2574 584 τὴν
2602 513 2868 584 ταχίστην
2906 511 3002 564 τοῦ
3045 511 3329 581 μάρτυρος
3379 511 3723 580 ἐπισκοπὴν,
3775 513 3882 562 καὶ

2274 605 2502 676 χάριτας
2525 605 2809 674 ὁμολογεῖν
2839 601 2915 672 τῷ
2938 602 3079 673 Θεῷ,
3109 601 3306 670 καὶτῷ
3353 601 3664 672 πανενδόξῳ
3720 601 3882 671 μάρο

2273 716 2399 770 τυρι
2423 697 2755 768 Δημητρίῳ·
2792 695 2852 759 ὃς
2881 695 3082 748 αὐτίκα
3139 694 3282 748 κατά
3328 696 3427 756 τὰς
3467 693 3577 745 τῶν
3610 693 3880 761 καμίνων
3964 706 3978 715 ·

2276 790 2556 858 καμάρας,
2616 790 2732 859 ἅμα
2772 790 2864 842 καλ⁵
2895 788 2988 841 τοῦ
3025 788 3132 840 τῶν
3183 786 3403 857 θερμῶν
3451 786 3661 838 ὑδάτων
3713 787 3874 838 οἶκε-δ

2275 883 2522 938 καθελὼν
2549 883 2644 936 καὶ
2679 881 3060 952 περικαθάρας
3103 881 3242 951 μετὰ
3295 880 3390 933 καὶ
3423 881 3529 931 τῶν
3567 881 3758 931 ἐκεῖσε
3789 880 3878 930 δι-

2275 995 2382 1030 των
2435 977 2708 1047 δημοσίων
2757 975 3002 1045 ἐμϐόλων
3052 975 3148 1026 καὶ
3206 971 3510 1038 προπινῶν,
3563 971 3878 1040 ἀνήγειρεν

2277 1071 2586 1123 πάνσεπτον
2609 1063 2756 1121 οἷκον
2786 1067 2864 1136 τῷ
2899 1066 3160 1137 μάρτυρι,
3195 1063 3446 1134 δαψιλείᾳ
3505 1063 3878 1132 κατακοσμή⁶

2279 1181 2378 1226 σας
2407 1179 2466 1233 χε
2476 1161 2635 1234 ρειῶν
2658 1161 2821 1232 μέσον
2837 1159 2931 1214 τοῦ
2959 1159 3220 1231 δημοσίου
3243 1157 3470 1228 λουτροῦ
3490 1159 3582 1211 καὶ
3619 1157 3718 1210 τοῦ
3749 1174 3878 1209 στα-

2275 1257 2408 1310 δίου.

2349 1351 2433 1407 ις’.
2500 1345 2728 1399 Μέλλων
2786 1345 2845 1398 δὲ
2913 1343 3258 1414 ἀπέρχεσθαι
3314 1344 3372 1395 ὲν
3425 1341 3503 1410 τῷ
3577 1339 3872 1409 Ἰλλυρικῷ

2277 1437 2554 1507 ἠϐουλήθη
2590 1437 2712 1490 τινὰ
2738 1437 2844 1491 τῶν
2879 1437 3151 1505 λειψάνων
3204 1435 3392 1489 λαϐεῖν
3447 1434 3542 1486 τοῦ
3581 1433 3872 1502 μάρτυρος

2279 1530 2414 1600 πρὸς
2436 1529 2500 1582 τὸ
2523 1532 2752 1583 κάκεῖσε
2778 1530 2908 1584 ναὸν
2939 1528 3090 1596 αύτῷ
3123 1527 3487 1596 οἰκοδομῆσαι
3545 1528 3628 1588 είς
3689 1526 3872 1592 amp;

2276 1621 2372 1674 τοῦ
2401 1621 2558 1690 ἁγίου
2585 1637 2599 1652 °
2633 1616 2790 1690 ᾧτινι
2821 1623 2848 1674 ό
2877 1618 3199 1684 πανένδοξος
3224 1618 3525 1689 ἀθλοφόρος
3575 1617 3669 1670 τοῦ
3730 1618 3872 1684 Χρι-

2281 1713 2407 1766 στοῦ
2446 1715 2758 1785 Δημήτριος
2807 1713 3000 1775 νυκτὸς
3060 1711 3292 1773 ἐπιστὰς
3351 1709 3542 1762 τοῦτον
3575 1708 3870 1776 προελθεῖν

2276 1805 2630 1862 διεκώλυσεν.
2679 1805 2886 1861 ·Λαϐὼν
2917 1801 3011 1859 οὖν
3040 1804 3139 1876 τήν
3173 1802 3422 1874 χλαμύδα
3463 1801 3631 1854 αὑτοῦ
3661 1801 3766 1870 τὴν
3799 1803 3865 1854 ἐκ

2273 1901 2382 1953 τῶν
2441 1901 2618 1968 ἁγίων
2676 1900 2927 1968 αἱμάτων
2996 1897 3356 1965 πεφυρμένην
3414 1897 3508 1949 καὶ
3547 1897 3715 1964 μέρος
3768 1895 3864 1946 τοῦ

2275 1992 2521 2062 ὀραρίου,
2578 1992 2674 2045 καὶ
2712 1990 2944 2062 ποιήσας
3007 1989 3398 2058 γλωσσόκομον
3453 1986 3753 2056 ἀργύριον,
3797 1988 3861 2037 ὲν

2273 2084 2427 2155 αὐτῷ
2460 2084 2719 2139 ἀπέθετο.
2781 2081 3232 2154 Ὀδοιποροῦντος
3280 2081 3338 2134 δὲ
3367 2081 3558 2141 αὑτοῦ,
3593 2079 3687 2130 καὶ
3722 2095 3857 2147 σφο-

2272 2177 2400 2248 δροῦ
2429 2179 2699 2248 χειμῶνος
2712 2177 3022 2244 γεγονότος,
3056 2177 3149 2230 καὶ
3167 2174 3260 2228 τοῦ
3283 2173 3577 2229 Λανουϐίου
3605 2172 3857 2240 ποταμοῦ

2273 2269 2634 2339 καχλάζοντος
2665 2271 2742 2341 τῷ
2773 2270 3034 2341 ῥεύματι,
3061 2270 3137 2332 ὡς
3171 2269 3307 2338 μηδὲ
3336 2275 3497 2321 ναυσὶ
3529 2267 3694 2335 πόρον
3732 2265 3859 2318 τοῦ»

2271 2379 2362 2415 τον
2402 2363 2670 2432 ὑπάρχειν
2703 2364 2792 2415 ἐπὶ
2828 2363 3020 2425 ἱκανάς
3069 2379 3129 2414 τε
3158 2362 3372 2432 ἡμέρας
3415 2361 3489 2429 μὴ
3531 2359 3853 2412 ὑπολείπον-

2269 2471 2360 2516 τος
2391 2454 2580 2517 αὑτοῦ,
2612 2453 2728 2506 ἀλλ’
2756 2453 3038 2525 εἴργοντος
3068 2452 3166 2524 τὴν
3190 2453 3283 2505 ἐπὶ
3309 2451 3368 2504 τὸ
3402 2449 3845 2514 προσωπορείαν,

2271 2547 2330 2598 ὲν
2363 2547 2571 2617 ἀθυμίᾳ
2593 2546 2890 2615 ἐτύγχανεν
2923 2547 2950 2598 ό
2981 2545 3249 2615 ἔπαρχος.

2344 2639 2429 2704 ιζ’.
2455 2642 2567 2694 Καὶ
2602 2640 2667 2712 δὴ
2711 2641 2856 2710 ἑώρα
2905 2641 2999 2694 τὸν
3047 2639 3368 2706 πανένδοξον
3409 2641 3731 2710 Δημήτριον
3760 2640 3850 2691 λέ-

2226 2742 2229 2746 ’
2270 2749 2434 2801 γοντα
2469 2733 2639 2801 αύτῷ,
2674 2736 2860 2788 Πᾶσαν
2893 2734 3162 2788 ἀπιστίαν
3194 2734 3292 2786 καὶ
3341 2732 3578 2802 ἀθυμίαν
3619 2732 3851 2786 ἀπωσά-

2274 2845 2457 2898 μενος,
2496 2826 2675 2880 λαϐὼν
2707 2830 2844 2897 ὅπερ
2877 2829 3187 2897 ὲπιφέρεις,
3217 2825 3453 2896 πάρελθε
3484 2827 3573 2878 τὸν
3605 2824 3852 2893 ποταμὸν

2269 2922 2631 2984 ἀδιστάκτως.
2663 2919 2872 2974 Ἐωθεν
2900 2920 2992 2975 οὖν
3023 2921 3221 2984 ἐπιϐάς
3251 2920 3328 2989 τῷ
3351 2921 3590 2990 ὀχήματι
3632 2919 3774 2988 ἔχων
3795 2920 3853 2970 ἐν

2271 3015 2430 3088 χερσὶ
2467 3016 2568 3086 τὴν
2601 3013 2792 3084 τιμίαν
2818 3013 2998 3084 σορδν,
3041 3013 3264 3084 διῆλθεν.
3295 3013 3536 3083 ἀϐλαϐὴς
3563 3012 3657 3065 τὸν
3688 3030 3856 3065 ποτα-

2279 3111 2401 3178 μὸν,
2422 3111 2515 3165 καὶ
2542 3107 2718 3173 οὓτως
2749 3107 3025 3174 ἀπελθὼν,
3050 3108 3109 3160 ὲν
3140 3105 3216 3178 τῷ
3244 3106 3461 3177 Σερμίῳ
3487 3105 3723 3159 ἀπέθετο
3754 3105 3852 3174 τὴν

592 3199 776 3253 Sirmii
811 3197 922 3268 (22)
962 3215 1173 3254 sacram
1224 3201 1659 3271 lipsanothecam
1701 3217 1824 3257 cum
1877 3205 2164 3270 thesauro,

2273 3203 2435 3272 ἁγίαν
2503 3203 2660 3274 σορὸν
2712 3203 2854 3273 μετά
2897 3200 2991 3255 τοῦ
3061 3201 3118 3254 ὲν
3173 3200 3313 3270 αὐτῇ
3365 3199 3644 3270 θησαυροῦ
3683 3198 3744 3249 ὲν
3774 3195 3852 3262 τῷ

591 3289 646 3343 in
679 3291 781 3344 hac
811 3299 1094 3354 contento,
1126 3291 1178 3344 in
1221 3291 1396 3346 sancti
1430 3292 1684 3346 Demetrii
1719 3293 1970 3360 ecclesia,
1996 3312 2167 3366 prope

591 3383 968 3437 venerandum
1015 3382 1265 3452 pulchris
1294 3384 1542 3438 victoriis
1574 3384 1846 3440 decoratas
1906 3389 2166 3458 martyris

591 3474 898 3528 Anastasite
955 3475 1218 3543 templum
1266 3484 1567 3540 exstructa,
1635 3478 1912 3548 deposuit.
1998 3480 2165 3538 Multa

589 3575 773 3622 autem
813 3575 866 3622 et
901 3567 1166 3622 miracula
1222 3577 1279 3622 et
1329 3571 1650 3626 sanationes
1685 3572 1741 3625 in
1785 3574 1894 3638 via,
1927 3589 2052 3630 cum
2111 3585 2166 3632 et

592 3675 791 3715 currus
843 3669 900 3715 et
966 3659 1224 3715 animalia
1281 3662 1655 3732 quiescerent,
1701 3663 1919 3719 Domini
1987 3667 2164 3721 nostri

589 3750 719 3805 Jcsu
744 3750 948 3806 Christi
977 3761 1033 3807 et
1083 3753 1258 3824 gratia
1292 3763 1348 3808 et
1397 3753 1821 3822 longanimitate
1853 3765 1910 3810 et
1949 3756 2162 3811 miseri.

588 3843 775 3898 cordia
803 3843 948 3900 Deus
976 3845 1215 3914 patravit
1245 3860 1262 3910 ;
1291 3843 1378 3898 cui
1413 3843 1584 3915 gloria
1619 3855 1676 3901 et
1730 3845 1905 3903 virtus
1936 3865 2085 3904 nunc
2111 3858 2166 3905 et

586 3949 806 4007 semper
841 3945 895 3991 et
926 3937 981 3991 in
1013 3936 1210 3992 saecula
1243 3939 1589 3993 saeculorum.
1623 3939 1819 3996 Amen.

655 4202 1158 4277 (QDi‘Oceidentale
1189 4205 1487 4277 nimirum;
1533 4206 1943 4262 Thessalonicae
1973 4209 2121 4265 enim
2146 4248 2164 4277 ,

584 4274 931 4347 quaaglllvrici
969 4276 1254 4347 orientalis
1286 4277 1479 4330 civitas
1508 4287 1644 4336 erat.
1681 4281 2018 4333 versabatur.

655 4344 770 4419 (2i)
809 4344 917 4397 Nee
953 4346 1122 4419 liuius
1155 4347 1422 4419 miraculi.
1459 4363 1558 4402 nec
1589 4348 1837 4408 alterius.
1869 4366 2033 4419 supra
2065 4351 2156 4408 hic

587 4416 769 4476 relati,
800 4431 908 4483 quo
953 4416 1237 4488 Leontius1
1286 4417 1490 4472 Saneto
1525 4427 1620 4488 pat
1649 4416 2167 4482 ocinante.'sanita-

588 4495 696 4539 tem
728 4485 1088 4553 recuperarit,
1131 4489 1179 4539 iu
1211 4485 1474 4542 letiaua
1505 4485 1559 4542 et
1589 4493 1950 4546 Anastasiana
1974 4493 2165 4548 Sancti

587 4556 757 4608 nostri
785 4553 899 4606 Vita
931 4556 1130 4610 mentio
1162 4555 1240 4610 ﬁt.

658 4623 770 4702 (22)
827 4623 1086 4679 Sirmium
1133 4625 1680 4702 ergoThessalonica
1731 4631 1994 4686 Leontius
2040 4648 2168 4702 per-

587 4697 764 4770 rexit;
790 4711 999 4770 verum,
1031 4712 1153 4770 cum
1188 4698 1316 4770 inde
1349 4698 1476 4753 illuc
1505 4703 1857 4770 pergentibus
1885 4697 2163 4758 Danubius

587 4764 940 4836 trajiciendus
971 4765 1112 4822 haud
1155 4767 1244 4825 sit.
1278 4764 1515 4825 rectene
1533 4764 1625 4826 me
1644 4773 1845 4826 ﬂumen
1881 4773 2025 4826 istud
2062 4773 2162 4829 Le-

2275 3297 2404 3367 παρ’
2433 3294 2596 3349 αὐτοῦ
2652 3295 2928 3349 κτισθέντι
2978 3295 3159 3348 ἐκεῖσε
3222 3292 3518 3361 πανσέπτῳ
3581 3291 3694 3361 ναῷ
3755 3290 3849 3344 τοῦ

2272 3387 2430 3455 ἁγίου
2464 3386 2741 3457 μάρτυρος
2785 3386 3097 3456 Δημητρίου
3158 3383 3390 3456 πλησίον
3417 3382 3513 3436 τοῦ
3547 3383 3849 3451 σεϐασμίου

2273 3478 2424 3532 οἴκου
2458 3478 2559 3549 τῆς
2592 3477 2907 3532 καλλινίκου
2942 3480 3218 3548 μάρτυρος
3258 3475 3644 3538 Ἀναστασίας.
3672 3475 3852 3527 Πολλά

2271 3588 2332 3624 τε
2363 3570 2642 3640 θαύματα,
2671 3572 2766 3623 καὶ
2792 3571 2964 3633 ἰάσεις
2995 3571 3023 3624 ὁ
3046 3569 3246 3640 Κύριος
3287 3569 3566 3633 εποίησεν,
3592 3567 3722 3622 ἔνθα
3760 3568 3852 3622 διὰ

2270 3664 2367 3734 τῆς
2393 3661 2513 3716 όδοῦ
2560 3662 2622 3715 τὸ
2646 3661 2831 3732 ὄχημα
2864 3662 2957 3716 καὶ
2985 3661 3052 3715 τὰ
3090 3661 3206 3726 ζῶα
3237 3660 3634 3723 ἀνεπαύσαντο,
3660 3659 3852 3730 χάριτι

2273 3757 2369 3810 καὶ
2405 3756 2738 3825 οίκτειρμοῖς
2765 3754 2862 3807 καὶ
2886 3752 3269 3826 φιλανθρωπίᾳ
3312 3752 3408 3807 τοῦ
3455 3753 3662 3824 Κυρίου
3689 3750 3851 3820 ἡμῶν

2285 3849 2460 3919 Ἰησοῦ
2519 3848 2779 3920 Χριστοῦ,
2825 3843 2869 3918 ᾧ
2895 3851 2929 3920 ή
2980 3848 3130 3915 δόξα,
3179 3849 3275 3902 κα)⁸
3311 3849 3370 3902 τδ
3399 3848 3598 3918 κράτος
3627 3845 3722 3900 νῦν
3752 3843 3851 3898 καὶ

2271 3944 2382 4007 ἀεὶ,
2413 3943 2508 3996 καὶ
2537 3944 2623 4006 εἰς
2649 3941 2775 4006 τοὺς
2803 3943 3008 4006 αίῶνας
3033 3942 3145 3996 τῶν
3169 3944 3399 3998 αἰώνων.
3447 3940 3644 4011 Ἀμήν.

2267 4212 2453 4289 ontius
2483 4210 2767 4289 traiecisse
2793 4210 3111 4289 indicatur?
3145 4209 3200 4264 in
3250 4209 3490 4289 Daciam,
3537 4207 3826 4289 quaE'i‘hes

2270 4284 2537 4345 salonica,
2569 4283 2675 4336 nisi
2721 4283 2950 4351 trajectu
2982 4282 3121 4335 Istro
3150 4296 3245 4335 seu
3273 4279 3543 4338 Danubio,
3579 4279 3712 4331 adiri
3742 4293 3852 4332 non

2270 4362 2476 4428 potest.
2511 4351 2794 4428 profectus
2832 4353 3019 4428 fuisse.
3057 4367 3232 4428 supra
3265 4354 3563 4428 asseritur;
3591 4364 3714 4402 cum
3743 4364 3835 4428 au-

2273 4417 2379 4500 iem
2414 4417 2752 4500 ﬁeripossn,
2789 4432 2847 4476 ut
2878 4417 3237 4500 Leontiusjn
3278 4420 3578 4500 Da_ciam,_e
3603 4433 3702 4500 qua

2273 4495 2462 4558 mium,
2491 4489 2595 4548 nisi
2629 4495 2768 4548 ISII‘O
2801 4495 3003 4558 pariter
3028 4509 3121 4546 seu
3153 4492 3396 4563 Danubio
3431 4490 3673 4563 traiecto,
3705 4489 3876 4563 adiri,

2274 4579 2381 4618 non
2409 4576 2604 4634 potest,
2640 4563 2876 4634 primum
2911 4578 3029 4617 sese
3060 4562 3374 4634 contulerit.
3407 4577 3478 4634 ac
3509 4560 3575 4614 de
3601 4561 3700 4612 nde
3731 4567 3848 4611 lan-

2272 4643 2385 4688 tuiu
2411 4631 2674 4689 Sirmium
2704 4633 2920 4695 adierit,
2954 4632 3158 4687 errOris
3192 4633 3282 4685 hic
3327 4631 3484 4701 argui
3529 4644 3636 4684 non
3669 4636 3854 4697 potest

2272 4720 2571 4777 anonymus
2615 4705 2803 4759 Sancti
2840 4702 3010 4758 nostri
3042 4703 3401 4772 biographus.
