4140 6382
581 299 712 364 1191

1883 290 2522 355 SUPPLEMENTUM.

3711 284 3850 354 lli

513 427 516 430 ’
581 415 747 471 simul
803 413 1090 467 laetabatur
1123 421 1180 466 et
1228 409 1566 464 adiciebatur
1597 404 1823 463 dolore:
1861 406 2147 462 laetabatur

2271 405 2408 476 ξδετό
2440 420 2500 456 τε
2536 399 2672 472 ὁμοῦ
2706 401 2800 455 καὶ
2829 399 3073 470 ἀνιαρῶς
3103 401 3340 455 διέκειτο
3361 418 3375 435 ο
3403 402 3564 474 ἦόετο
3599 403 3734 474 μὲν,
3767 409 3853 459 ὅτι

581 507 829 578 quidem,
864 501 1004 572 quod
1029 498 1348 570 martyrium
1377 513 1499 552 mox
1531 506 1680 550 esset
1710 504 2149 562 consecuturus;

578 613 721 669 aegre
759 595 970 650 ferebat
1005 603 1212 654 autem,
1244 589 1393 662 quod
1425 605 1536 642 non
1571 588 1785 644 videret
1819 596 2060 642 tortores
2085 587 2151 641 ad

577 706 638 747 se
669 689 834 744 citius
883 688 1172 748 accedere,
1232 695 1293 740 et
1331 701 1441 740 non
1474 685 1582 752 jam
1640 685 1707 740 ad
1760 693 2038 740 tormenta
2095 693 2155 738 et

579 793 813 840 mortem
867 782 1267 849 corriperetu‘r.
1301 779 1536 834 Tantum
1586 779 1732 833 enim
1787 776 2156 832 contendebat

582 876 892 932 Demetrius
930 873 1070 927 mori
1101 881 1325 941 propter
1355 869 1658 934 Christum,
1717 879 1982 938 quantum
2035 875 2156 921 stu-

579 969 746 1021 debat
778 965 1137 1018 Maximianus
1165 977 1290 1016 eum
1320 960 1684 1015 amelioribus
1713 973 1990 1014 revocare.
2019 957 2154 1012 Cum

581 1074 711 1129 ergo
745 1070 946 1125 martyr
968 1056 1211 1109 venisset
1244 1053 1296 1106 in
1331 1067 1632 1117 carcerem,
1664 1051 1922 1105 dicebat:
1958 1068 1975 1101 ι
2013 1050 2155 1104 Deus

583 1153 634 1206 in
672 1149 1002 1219 adjutorium
1063 1161 1245 1201 meum
1303 1146 1546 1208 intende,
1612 1143 1863 1206 Domine,
1901 1143 1968 1196 ad
2001 1142 2158 1211 adju-

582 1245 820 1298 vandum
880 1256 964 1296 me
1016 1240 1241 1294 festina.
1278 1257 1298 1292 ι
1330 1239 1603 1304 Quoniam
1646 1244 1703 1291 tu
1762 1251 1822 1291 es
1887 1235 2154 1306 patientia

583 1352 724 1397 mea,
760 1335 1008 1397 Domine,
1062 1346 1189 1400 spes
1248 1345 1365 1384 mea
1426 1345 1455 1383 a
1488 1329 1778 1399 juventute
1811 1341 1952 1380 mea.
2009 1327 2070 1379 In
2106 1334 2157 1378 te

581 1426 940 1481 confirmatus
992 1438 1111 1476 sum
1149 1422 1216 1475 ab
1248 1430 1441 1475 utero:
1476 1435 1506 1473 a
1550 1431 1745 1472 ventre
1796 1417 1990 1471 matris
2024 1429 2158 1470 mea:

582 1528 638 1572 tu
673 1534 730 1571 es
761 1524 1038 1586 protector
1071 1527 1245 1566 meus.
1297 1511 1352 1564 ln
1387 1519 1437 1565 te
1474 1510 1714 1565 laudatio
1756 1524 1878 1562 mea
1916 1523 2154 1576 semper.

582 1609 814 1664 Psallam
853 1606 962 1660 Deo
994 1619 1138 1668 meo,
1172 1603 1415 1672 quandiu
1448 1603 1624 1656 luero.
1658 1602 1956 1670 Pr0pterea
1979 1597 2158 1651 exsul-

584 1703 782 1757 tabunt
807 1697 949 1752 labia
1005 1710 1148 1758 mea,
1181 1710 1306 1749 cum
1364 1705 1658 1748 cantavero
1717 1691 1840 1756 tibi,
1875 1700 1930 1743 et
1977 1689 2159 1758 lingua

580 1807 700 1846 mea
736 1799 847 1846 tota
881 1791 969 1844 die
991 1788 1346 1844 meditabitur
1371 1785 1642 1857 justitiam
1677 1793 1827 1840 luam
1865 1782 1969 1854 (8).

658 1969 744 2024 10.
804 1967 1053 2022 Peractis
1105 1973 1291 2020 autem
1353 1963 1627 2034 precibus,
1685 1961 1834 2016 vitlet
1861 1959 2160 2030 scorpium,

584 2076 684 2130 per
714 2069 913 2114 terram
948 2067 1384 2128 proserpentem,
1423 2055 1515 2126 qui
1552 2063 1607 2109 et
1642 2053 1892 2108 aculeum
1925 2048 2164 2108 sustule-

589 2163 694 2214 rat,
729 2161 783 2205 et
815 2151 936 2220 ejus
964 2149 1157 2220 pedem
1178 2159 1294 2202 erat
1327 2155 1654 2216 puncturus.
1677 2144 1769 2198 Ille
1799 2155 1977 2198 autent
2002 2159 2165 2199 cruce

585 2243 854 2307 munitus,
915 2256 1037 2296 enm
1094 2255 1217 2294 eum
1265 2238 1602 2300 invocasset,
1628 2237 1721 2306 qui
1751 2235 1904 2289 dedit
1935 2251 2034 2290 suo
2069 2235 2166 2307 lig-

588 2345 772 2390 mento
818 2333 1032 2387 calcare
1089 2345 1252 2402 posse
1287 2339 1574 2398 serpentes
1605 2336 1660 2383 et
1711 2329 1976 2399 scorpios,
2013 2327 2162 2382 illum

588 2427 768 2480 reddit
801 2434 1100 2486 mortuum,
1153 2423 1239 2477 vel
1275 2421 1458 2492 potius
1513 2435 1637 2475 eum
1672 2421 1764 2490 qui
1807 2420 2163 2490 intelligentia

529 2540 532 2543 ·
589 2519 916 2587 percipitur,
950 2516 1255 2585 scorpium,
1313 2513 1405 2584 qui
1460 2512 1514 2567 in
1571 2529 1636 2567 eo
1686 2513 1912 2567 latebat.
1969 2512 2163 2566 Statim

591 2617 782 2660 autem
816 2606 1034 2660 divinus
1059 2605 1394 2675 eiapparens
1424 2604 1648 2674 angelus
1671 2604 1790 2673 ejus
1817 2604 1976 2673 capiti
2010 2618 2168 2658 coro-

589 2715 714 2753 nam
748 2699 1003 2768 imponit,
1059 2699 1286 2752 dicens:
1347 2695 1458 2750 Pax
1516 2696 1634 2760 tibi,
1669 2695 1877 2750 Christi
1938 2695 2163 2750 athleta.

594 2791 722 2845 Esto
771 2791 952 2858 fortis,
984 2799 1038 2844 et
1079 2799 1130 2844 te
1165 2790 1339 2843 virum
1376 2789 1558 2858 przebe
1584 2789 1684 2859 (9).
1721 2787 1811 2842 Sic
1860 2788 1953 2858 qui
2009 2789 2166 2843 velox

590 2885 761 2940 estad
846 2882 1283 2937 consolationem
1344 2897 1535 2936 eorum
1597 2881 1688 2950 qui
1746 2881 1920 2949 ipsum
1955 2881 2164 2946 timent,

595 2977 874 3040 Dominus,
911 2975 1073 3029 simul
1105 2984 1271 3044 atque
1319 2972 1422 3027 fuit
1459 2973 1794 3027 inclususin
1832 2989 2078 3037 carcere,
2115 2981 2169 3027 et

2261 495 2458 566 μικρδν
2522 497 2646 550 ὅσον
2697 493 2851 547 οὔπω
2916 491 3011 547 τοῦ
3077 494 3381 566 μαρτυρίου
3433 495 3854 568 άξιωθήσεσθαι

2257 591 2513 662 ἔμελλεν·
2567 589 2760 659 ὴνιᾶτο
2804 588 2884 650 δὲ,
2945 589 3029 642 ὅτι
3095 589 3171 660 μὴ
3215 588 3308 643 καὶ
3336 587 3533 643 θᾶττον
3582 591 3854 653 ἐπιόντας

2257 683 2405 753 αὒτῴ
2430 683 2557 740 τοὺς
2583 681 2852 744 κολαστὰς
2881 680 3093 743 ἐθεᾶτο,
3145 682 3240 734 καὶ
3267 681 3405 750 πρὸς
3427 681 3707 750 βασάνους
3742 681 3849 754 ἤδη

2259 776 2354 828 καὶ
2384 773 2474 826 τὸν
2499 773 2729 827 θάνατον
2755 773 3166 843 συνηρπάςετο.
3204 773 3477 837 Τοσοῦτος
3500 775 3613 845 γὰρ
3651 779 3850 845 Am";-

2256 867 2391 937 τρίῳ
2422 864 2518 919 τοῦ
2545 865 2632 919 διὰ
2664 861 2905 934 Χριστὸν
2937 864 3232 920 ἀποθανεῖν
3265 863 3417 932 ἁγὼν
3447 861 3538 936 ἦν,
3566 867 3670 935 ὅση
3724 868 3854 920 Μαι

2259 959 2496 1028 ξιμιανῷ
2525 957 2684 1012 πάλιν
2710 957 2802 1010 τοῦ
2829 957 2920 1010 τὸν
2941 957 3114 1026 ἄνδρα
3149 957 3298 1010 ἑλεῖν
3332 957 3421 1010 διὰ
3460 958 3572 1010 τῶν
3600 973 3850 1027 χρηστο-

2258 1052 2434 1119 τέρων
2469 1050 2704 1120 σπουδή.
2741 1050 2853 1119 Τὴν
2889 1050 3114 1119 εἱρκτὴν
3144 1049 3324 1102 τοίνυν
3347 1048 3375 1102 ὁ
3406 1049 3620 1120 μάρτυς
3651 1064 3854 1101 κατειο

2259 1142 2467 1213 ληφὼς,
2532 1161 2553 1195 ί
2602 1142 2659 1197 Ὀ
2719 1141 2874 1206 Θεὸς,
2932 1141 3140 1209 ἔλεγεν.
3177 1143 3257 1203 είς
3309 1140 3412 1212 τὴν
3445 1140 3711 1212 βοήθειάν
3745 1156 3854 1210 μου

2263 1235 2574 1305 πρόσσχεςο
2631 1232 2831 1303 Κύριε,
2889 1233 2970 1295 είς
3000 1225 3060 1284 τὸ
3095 1230 3363 1302 βοηθῆσαί
3431 1248 3525 1300 μοι
3586 1230 3853 1285 σπεῦσον.

2262 1326 2387 1379 Ὀτι
2412 1327 2474 1379 σὺ
2516 1328 2548 1397 ἡ
2581 1325 2829 1394 ὑπομονὴ
2875 1342 3001 1394 μου,
3035 1323 3234 1391 Κύριε,
3262 1321 3470 1394 astat;
3505 1339 3611 1392 μου
3640 1324 3712 1374 tu
3733 1323 3856 1374 νεόο

2262 1414 2423 1483 τητός
2469 1432 2595 1484 μου.
2637 1413 2762 1467 Ἐπὶ
2795 1414 2853 1466 σὲ
2883 1408 3292 1482 ὲπεστηρίχθην
3322 1412 3433 1464 άπδ
3470 1411 3717 1482 γαστρός
3739 1428 3753 1442 ο
3784 1413 3854 1464 ἐκ

2262 1505 2472 1568 κοιλίας
2503 1505 2711 1576 μητρός
2754 1523 2855 1576 μου
2891 1503 2956 1558 σύ
2997 1522 3097 1574 μου
3128 1499 3178 1556 εί
3204 1505 3543 1575 σκεπαστής.
3585 1505 3676 1558 Ἐν
3709 1505 3794 1557 σοὶ
3819 1504 3852 1571 ἡ

2265 1595 2499 1666 ὖμνησίς
2543 1615 2646 1667 μου
2707 1596 3019 1659 διαπαντός.
3057 1595 3230 1649 Ψαλῶ
3263 1595 3342 1665 τῷ
3395 1596 3516 1666 Θεῷ
3563 1614 3691 1665 μου,
3744 1595 3854 1657 ἓως

2266 1688 2521 1760 ὑπάρχω.
2587 1688 2688 1741 Διὰ
2734 1689 2896 1742 τοῦτο
2945 1688 3341 1757 άγαλλιάσεται
3385 1689 3453 1741 τὰ
3489 1687 3641 1758 χείλη
3701 1704 3806 1756 μου
3833 1724 3850 1747 ,

2264 1783 2393 1834 ὅταν
2415 1780 2606 1850 ψάλλω
2632 1789 2740 1844 σοι,
2773 1781 2870 1834 καὶ
2899 1785 2932 1849 η
2964 1780 3190 1847 γλῶσσά
3222 1797 3322 1844 μου
3343 1779 3474 1850 ὃλην
3502 1781 3601 1849 τὴν
3629 1779 3853 1848 ἡμέραν

2268 1873 2557 1942 μελετήσει
2589 1871 2688 1942 τὴν
2712 1871 3063 1941 δικαιοσύνην
3090 1888 3205 1926 σου.
3222 1889 3240 1923 ι
3515 1903 3550 1929 ν

2347 1962 2549 2026 ι’.,Καὶ
2578 1962 2673 2030 τῆς
2706 1962 2874 2032 εὐχῆς
2913 1963 3064 2032 αὐτῷ
3089 1962 3466 2032 τελεσθείσης,
3523 1962 3624 2032 ὁρᾷ
3681 1978 3855 2031 σκορο

2267 2055 2390 2108 πίον
2421 2055 2663 2126 ἓρποντα
2690 2054 2834 2108 κατὰ
2860 2053 2968 2124 γῆς
3003 2054 3064 2108 τδ
3103 2055 3333 2126 κέντρον
3381 2073 3442 2108 τε
3469 2055 3702 2126 ὴρκότα,
3748 2055 3853 2108 καὶ

2267 2147 2433 2200 αὐτοῦ
2465 2150 2559 2200 τὸν
2591 2147 2728 2199 πόδα
2776 2145 2963 2217 βαλεῖν
3003 2146 3290 2217 μέλλοντα.
3329 2146 3390 2199 Ὀ
3429 2146 3486 2199 δὲ
3514 2144 3592 2215 τῷ
3624 2145 3852 2214 σταυρῷ

2272 2239 2744 2312 σφραγισάμενος,
2768 2239 2978 2292 καὶτὸν
3001 2239 3189 2293 ἐπάνω
3224 2240 3403 2307 ὄφεων
3439 2237 3534 2292 καὶ
3563 2239 3852 2308 σκορπίων

2267 2335 2344 2404 τῷ
2371 2335 2557 2405 οἰκείῳ
2585 2333 2867 2403 πλάσματι
2898 2333 3059 2386 δόντα
3095 2336 3290 2385 πατεῖν
3348 2331 3849 2402 ἐπικαλεσάμενος,

2268 2427 2461 2498 νεκρὸν
2482 2422 2952 2489 ἐκεῖνον-εὐθέως,
2989 2424 3193 2493 μᾶλλον
3217 2423 3276 2476 δὲ
3317 2423 3407 2476 τὸν
3440 2425 3498 2476 ὲν
3528 2423 3678 2492 αὐτῷ
3719 2441 3853 2491 νοη-

2268 2517 2360 2570 τὸν
2401 2517 2665 2587 σκορπίον
2719 2515 3233 2587 ὖποκρυπτόμενον,
3284 2514 3678 2585 ἀπεργάζεται.
3738 2516 3849 2568 Καὶ

2271 2609 2613 2678 παραχρῆμα
2646 2607 2788 2670 θτίος
2817 2606 3048 2674 ἄγγελος
3099 2606 3410 2675 ἐπιφανεὶς,
3465 2607 3732 2671 στέφανον
3751 2606 3851 2660 αὖ..

2269 2700 2360 2754 τοῦ
2406 2703 2470 2772 τῇ
2511 2703 2724 2771 κορυφῇ
2789 2698 3090 2767 ἐπιτίθησι,
3134 2696 3478 2770 προσειπὼν,
3501 2697 3708 2768 Εἰρήνη
3741 2714 3848 2757 σοι.

2271 2794 2484 2864 ἁθλητὰ
2527 2794 2620 2848 τοῦ
2665 2795 2926 2864 Χριστοῦ,
2963 2795 3119 2864 ἴσχυε
3178 2794 3272 2846 καὶ
3299 2789 3572 2862 άνδρίζου.
3600 2789 3792 2851 Οὕτως
3819 2791 3849 2844 ὁ

2271 2885 2439 2954 ταχὺς
2463 2887 2542 2944 εἰς
2586 2885 2936 2956 παράκλησιν
2970 2887 3080 2939 τῶν
3135 2885 3490 2955 φοϐουμένων
3546 2883 3710 2937 αὐτὴν
3734 2884 3850 2936 Κύ-

2277 2994 2392 3047 ριος
2449 2979 2564 3045 ἅμα
2597 2982 2660 3046 τῇ
2694 2978 2796 3046 τῆς
2823 2979 3048 3048 εἱρκτῆς
3087 2977 3437 3031 κατακλείσει
3489 2974 3584 3028 καὶ
3614 2976 3754 3045 πρὸς
3787 2973 3851 3028 τὸ

594 3073 649 3126 in
682 3070 1047 3141 prmsentibus
1080 3068 1294 3138 placide
1329 3067 1624 3121 admodum
1659 3067 2164 3122 consolaturathle.

2275 3069 2450 3139 παρὸν
2476 3069 2698 3139 ἡμέρως
2729 3069 2870 3137 ἄγαν
2900 3070 3312 3140 παραμυθεῖται
3347 3069 3440 3122 τὸν
3471 3067 3735 3138 ἀθλητὴν,
3756 3066 3852 3120 καὶ

595 3175 726 3226 tam,
753 3172 807 3215 et
836 3164 903 3215 ad
929 3161 1114 3215 futura
1145 3160 1336 3230 implet
1381 3159 1547 3212 animi
1579 3157 1882 3214 alacritate.
1922 3157 2033 3218 Sed.
2068 3158 2174 3214 De-

595 3255 824 3310 metrius
854 3254 1078 3323 quidem
1114 3251 1193 3307 sic
1221 3259 1338 3306 erat
1371 3252 1425 3305 in
1463 3250 1739 3306 custodia.

2280 3162 2415 3232 πρὸς
2437 3163 2496 3214 τὸ
2517 3163 2708 3232 μέλλον
2743 3161 3050 3232 προθυμίας
3075 3162 3438 3233 ἐμπίπλησιν.
3470 3160 3853 3230 ’Δλλα-Δημήο

2282 3266 2432 3324 τριον
2475 3253 2573 3323 μὲν
2604 3252 2778 3315 οὕτως
2819 3251 3091 3322 ἡφρουρὰ
3125 3248 3264 3322 εἶχε.

2063 3390 2294 3448 CAPUT
2340 3393 2407 3448 ll.

599 3507 786 3578 Lyceus
827 3523 858 3559 a
895 3503 1123 3559 Nestore
1150 3505 1435 3572 occiditur,
1464 3503 2025 3586 Masintiattus,_hiuc
2056 3508 2253 3570 iratus,
2295 3508 2572 3564 Nestorem
2615 3521 2662 3586 et
2701 3509 3027 3566 Demetrium
3072 3508 3219 3582 iubet
3273 3508 3536 3581 interﬁci,
3589 3511 3774 3582 hicque
3802 3519 3856 3565 ει

1509 3575 1786 3629 miraculis
1829 3575 1994 3629 claret
2033 3590 2082 3631 et
2120 3586 2612 3647 tanquamsanctus
2641 3581 2959 3636 honoratur.

679 3692 1054 3749 Maximianus
1089 3702 1272 3746 autem
1307 3692 1599 3747 exhibebat
1643 3695 2012 3762 spectaculum
2065 3695 2176 3765 gla-

601 3788 903 3849 diatorum.
939 3795 994 3841 ct
1038 3785 1452 3855 complebantur
1494 3802 1686 3840 omnes
1717 3789 1979 3856 pentathli
2037 3789 2172 3844 ludi.

601 3882 736 3952 (10).
781 3882 870 3935 Ille
908 3895 1038 3935 vero
1068 3879 1292 3934 sedebat
1340 3879 1392 3932 iu
1430 3878 1650 3934 sublimi
1685 3882 1931 3951 specula,
1978 3883 2176 3950 jucun-

600 3975 885 4030 dissimum
925 3987 1050 4026 esse
1085 3981 1332 4026 statuens
1377 3971 1585 4025 versari
1635 3973 1688 4024 in
1727 3974 2026 4042 spectando
2056 3990 2177 4028 cer-

599 4069 824 4121 tamine.
863 4065 1175 4118 La-tabatur
1214 4064 1387 4129 enim,
1422 4073 1483 4117 ut
1521 4062 1756 4128 videtur,
1795 4066 2015 4119 humani
2049 4081 2178 4120 san-

599 4162 778 4233 guinis
811 4159 1000 4214 videns
1038 4157 1384 4213 ell'usionem.
1442 4157 1572 4210 Erat
1608 4166 1793 4211 autem
1846 4159 2063 4227 quidam
2097 4161 2178 4214 vir

600 4255 866 4309 barbarus
904 4268 966 4306 ex
1023 4249 1338 4306 Maximiani
1392 4249 1748 4315 necessariis,
1787 4266 1948 4304 manu
2001 4251 2177 4318 fortis,

601 4357 658 4402 et
685 4347 894 4401 validus
925 4345 993 4400 ad
1029 4345 1257 4408 luctam,
1288 4353 1342 4397 et
1379 4343 1775 4414 magnitudine,
1804 4360 1924 4415 quae
1959 4347 2176 4400 modum

604 4439 901 4508 superabat
937 4452 952 4490 :
978 4445 1032 4491 et
1061 4437 1184 4491 ideo
1214 4445 1331 4489 erat
1355 4434 1406 4489 ei
1429 4435 1588 4489 valde
1618 4445 1825 4506 gratus,
1851 4445 1906 4491 et
1937 4438 2181 4493 habeba-

605 4545 694 4586 tur
722 4531 778 4612 in
809 4546 1000 4601 magna
1024 4528 1458 4582 existimatione.
1488 4527 1697 4583 Nomen
1729 4537 1844 4582 erat
1865 4530 1913 4584 ei
1949 4529 2138 4602 Lyaeus
2165 4547 2178 4583 :
2215 4511 2259 4566 ί)

605 4623 780 4694 patria
815 4637 944 4675 vero
981 4630 1098 4674 erat
1129 4619 1432 4674 Wandalus
1459 4619 1592 4691 (ll).

678 4711 850 4769 12.15
882 4712 1181 4767 insolenter
1222 4711 1437 4780 jactans
1487 4725 1546 4765 se
1590 4726 1783 4765 omnes
1823 4711 2043 4765 vincere
2095 4726 2186 4765 ro-

607 4807 740 4861 bore
788 4803 1055 4872 corporis,
1104 4812 1368 4870 stansque
1418 4801 1471 4854 in
1523 4801 1752 4871 pulpito,
1786 4811 1845 4856 ut
1902 4800 1998 4854 ιοιί
2043 4809 2187 4854 esset

2362 3698 2454 3752 ια’.
2489 3697 2818 3769 Μαξιμιανῷ
2873 3699 2931 3753 δὲ
2981 3699 3042 3753 τὸ
3089 3699 3197 3754 τῶν
3238 3699 3559 3770 μονομάχων
3596 3713 3861 3769 συνεκρο-

2277 3792 2423 3844 τεῖτο
2450 3790 2699 3862 θέατρον,
2729 3793 2825 3844 καὶ
2857 3791 3023 3846 τᾶλλα
3046 3793 3146 3845 ὃσα
3171 3793 3237 3845 τά
3258 3791 3348 3844 τοῦ
3389 3792 3691 3844 πεντάθλου
3729 3808 3860 3844 συν-

2279 3883 2528 3954 επλήρου
2563 3883 2839 3953 θεάματα.
2875 3884 2936 3937 ’0
2965 3884 3017 3936 δὲ
3052 3888 3112 3936 ἐκ
3137 3883 3713 3955 περιωπῆςααθῆστο,
3736 3883 3826 3936 δια
3846 3911 3862 3923 -

2279 3973 2474 4045 τριϐὴν
2511 3975 2734 4047 ἡδίστην
2763 3975 2854 4027 τὸν
2885 3976 3076 4044 ἀγῶνα
3117 3976 3462 4047 ποιούμενος.
3496 3977 3692 4030 "nam
3723 3978 3861 4047 γὰρ,

2281 4065 2356 4128 ὡς
2379 4066 2577 4129 ἔοικεν,
2616 4067 2866 4135 αἱμάτων
2899 4066 3260 4137 ἀνθρωπίνων
3299 4067 3438 4137 ὀρῶν
3473 4068 3716 4138 ἔκχυσιν.
3746 4062 3863 4122 Ἦν

2281 4159 2337 4213 δέ
2363 4177 2448 4222 τις
2493 4160 2633 4230 ἀνὴρ
2661 4159 2937 4231 βάρϐαρος
2969 4161 3076 4214 τῶν
3122 4161 3447 4230 ἐπιτηδείων
3501 4161 3861 4233 Μαξιμιανῷ,

2285 4254 2422 4322 πρός
2450 4270 2510 4305 τε
2543 4255 2703 4324 χεῖρα
2731 4256 3117 4321 γενναῖος,“καὶ
3150 4255 3284 4323 πρὸς
3315 4254 3490 4322 πάλην
3526 4255 3624 4324 οὐχ
3653 4257 3865 4324 ἥκιστα

2284 4347 2513 4414 ἀγαθὸς,
2553 4347 2787 4416 μέγεθός
2819 4364 2880 4399 τε
2910 4346 3006 4400 τοῦ
3039 4348 3261 4417 μετρίου
3308 4348 3531 4417 μείζων,
3583 4350 3674 4401 καὶ
3702 4348 3863 4417 παρᾶ

2283 4439 2444 4494 τοῦτο
2467 4439 2672 4510 σφόδρα
2697 4441 3099 4511 κεχαρισμένος
3122 4439 3290 4510 αὐτῷ,
3337 4441 3433 4493 καὶ
3461 4440 3620 4509 λόγου
3654 4441 3866 4510 κομιδῆ

2290 4530 2486 4584 πολλοῦ
2518 4531 2842 4602 ἀξιούμενος
2868 4549 2883 4565 °
2910 4535 3110 4593 Λυαῖος
3133 4533 3306 4603 ὄνομα
3329 4533 3404 4604 τῷ
3451 4534 3626 4603 ἀνδρὶ,
3657 4535 3866 4604 πατρὶς

2289 4621 2592 4677 Οὑάνδαλα.

2374 4712 2464 4783 ιβ’.
2493 4705 2660 4776 Οὗτος
2689 4712 2758 4765 τά
2780 4728 2844 4782 γε
2869 4714 2946 4776 είς
2975 4711 3169 4784 ῥώμην
3201 4713 3452 4783 σώματος
3478 4715 3699 4769 πάντων
3723 4733 3868 4785 κρα-

2285 4805 2400 4856 τεῖν
2429 4802 2914 4872 ἀλαζονευόμενος,
2948 4802 3035 4855 ἐπ’
3083 4804 3396 4874 ὀκρίὸαντος
3427 4807 3551 4858 τότε
3601 4807 3753 4869 στάς,
3786 4805 3868 4866 ὼς

610 4900 824 4952 theatro
861 4893 1207 4960 manifestus,
1233 4901 1460 4948 caeteros
1493 4893 1822 4962 gladiatores
1853 4893 2158 4962 provocabo

2288 4896 2542 4968 ἐπίδηλος
2571 4895 2655 4966 εῐη
2715 4895 2792 4965 τῷ
2828 4895 3047 4968 θεάτρῳ
3075 4898 3259 4957 παντὶ,
3303 4899 3395 4951 τον
3433 4896 3754 4968 βουλόμενον
3785 4901 3867 4963 είς

680 5040 756 5108 (8)
789 5038 943 5093 Hanc
975 5037 1042 5091 ad
1077 5037 1241 5091 Deum
1267 5035 1592 5108 orationem,
1618 5049 1739 5103 qua:
1761 5049 1788 5085 a
1825 5033 2010 5088 Sancti
2043 5033 2175 5089 Pas-

609 5104 762 5164 sione
814 5107 1060 5176 proxime
1107 5105 1470 5168 antecedenti,
1518 5104 1587 5158 ab
1633 5113 1854 5157 auctore
1882 5119 2170 5176 anonymo,

613 5181 702 5247 qui
754 5175 1106 5246 Metaphrasi
1146 5176 1415 5247 prteluxit,
1469 5176 1802 5247 conscripta,
1862 5175 2036 5247 abest,
2077 5189 2176 5242 pro

609 5243 838 5302 arbitrio
885 5243 984 5300 suo
1025 5243 1290 5316 posterior
1321 5243 1411 5297 hic
1459 5244 1692 5316 scriptor
1732 5243 2026 5316 Demetrio,
2077 5261 2169 5298 cu—

609 5320 801 5373 stodiae
831 5317 939 5384 jam
983 5311 1307 5385 mancipato.
1345 5313 1754 5385 verosimtllime
1782 5311 2068 5385 allinxerit.
2104 5316 2177 5368 lta

609 5383 855 5452 autumo,
887 5389 1030 5454 quod
1073 5383 1276 5440 smiles
1312 5395 1514 5456 sanctis
1561 5383 1838 5456 orationes
1877 5384 2178 5438 attribui-re

611 5457 659 5511 is
683 5459 854 5512 soleat
901 5453 953 5510 in
999 5459 1250 5510 mnnihus
1290 5453 1417 5509 fere
1441 5455 1632 5508 borum
1672 5453 1844 5519 Actis,
1892 5469 2009 5522 qua:
2041 5457 2180 5525 ston

611 5542 712 5583 suo
737 5527 1061 5596 expolivisse
1097 5526 1358 5580 noscitur.

684 5601 760 5666 (9t
801 5592 871 5652 De
901 5597 1140 5666 angelica
1170 5597 1363 5657 ismae,
1401 5611 1521 5665 quae
1556 5593 1757 5666 Sancto
1787 5592 1945 5666 fuerit
1973 5595 2175 5657 oblata,

611 5665 1352 5753 apparitione,intiracnlique
1381 5665 1602 5735 scorpii,
1631 5682 1660 5745 a
1703 5665 1974 5746 Demetrio
2003 5667 2178 5753 projdi-

615 5734 762 5812 giose
793 5741 991 5807 necati,
1016 5737 1156 5807 quod
1191 5751 1308 5791 eam
1342 5734 1718 5807 pra'oeseerit,
1750 5737 2051 5805 patr-alioue
2081 5734 2180 5790 du-

2281 5034 2441 5108 bitari
2473 5035 2610 5089 haud
2646 5034 2922 5108 immerito
2965 5034 3049 5108 v_e_l
3102 5034 3309 5091 idcirco
3342 5047 3544 5107 potest,
3580 5042 3722 5108 quod
3751 5049 3866 5094 tam

2283 5107 2418 5179 haec,
2446 5120 2607 5172 quam
2641 5106 2729 5179 illa
2771 5121 2801 5179 ᾳ
2842 5107 2959 5179 solo
2994 5105 3356 5179 hletapltraste
3379 5149 3393 5169 ,
3453 5105 3864 5179 artonytttoque,

2282 5175 2373 5249 qui
2403 5175 2844 5249 ltuicupraeluxit,
2881 5176 3066 5230 Sancti
3099 5179 3267 5230 nOstri
3289 5175 3616 5249 biographo,
3649 5175 3868 5235 metuo-

2286 5246 2379 5298 t'iae
2410 5246 2620 5313 prodita
2653 5246 2980 5300 inveniatur.

2361 5315 2467 5382 (ιο)
2505 5315 2607 5390 Adi
2642 5317 2934 5390 Adnotata,
2965 5313 3069 5369 Pas
3101 5315 3252 5371 iouis
3282 5317 3638 5386 praecedentis
3669 5337 3792 5390 cap.
3840 5323 3863 5374 ι

2291 5385 2358 5439 ad
2393 5401 2542 5437 Itum.
2578 5385 2607 5436 7
2644 5389 2909 5441 subnexa.

2363 5455 2472 5524 (ll)
2527 5452 2782 5510 Ftteritne
2819 5471 2850 5509 e
2899 5455 3257 5522 Wandalica,
3304 5473 3371 5511 an
3425 5459 3592 5511 altera
3647 5460 3870 5515 natione

2287 5524 2496 5598 Lrya:us,
2523 5525 2857 5598 antiquiores
2888 5527 3010 5582 duae
3040 5529 3237 5598 Sancti
3281 5529 3570 5583 PaSsiones
3594 5571 3609 5592 ,
3639 5545 3868 5598 quarum

2286 5597 2454 5647 altera
2479 5597 2620 5663 apud
2654 5596 2906 5650 l’hotium
2942 5604 2994 5653 in
3029 5597 3353 5652 Bibliotheca
3389 5610 3586 5663 exstat,
3635 5596 3808 5654 altera
3840 5617 3872 5655 e

2284 5664 2468 5733 lingua
2510 5665 2698 5718 ϐείω-α
2754 5668 2804 5718 in
2857 5666 3109 5723 Latinam
3149 5668 3218 5723 ab
3253 5669 3542 5725 Anastasw
3584 5674 3685 5726 fuit
3733 5686 3872 5726 con-

2287 5750 2463 5802 versa,
2501 5738 2642 5792 haud
2669 5737 2913 5794 edicunt.
