4142 6380
386 345 543 424 1193'

1436 359 1497 420 S.
1544 355 1928 418 DEME'I‘RII
1969 357 2361 419 MARTYRIS
2402 357 2614 419 ACTA.

3513 360 3648 426 1298

380 477 558 547 πάλην
587 473 972 545 προεκαλεῖτο.
994 469 1276 544 Είργαστο
1304 469 1361 524 δὶ
1387 469 1494 542 ἄρα
1526 469 1605 541 τῷ
1631 470 1963 542 Μαξιμιανῷ

2070 469 2136 524 ad
2178 479 2487 526 certamen.
2526 471 2682 528 Tunc
2723 479 2905 530 autem
2946 472 3125 532 factus
3174 473 3352 533 fuerat
3393 492 3424 532 a
3476 476 3640 533 Mario
3691 527 3696 536 .

312 589 321 601 ι
376 569 577 631 κύκλος
602 565 780 620 σανίσι
800 563 1186 635 διειλημμένος
1213 564 1435 633 συχναῖς
1459 579 1471 593 ·
1515 561 1602 633 ἐφ’
1632 561 1693 616 ὃν
1725 564 1775 616 οί
1804 578 1964 633 μονο-

381 663 581 733 μαχεῖν
607 657 901 729 μέλλοντες
931 657 1211 728 είσῄεσαν,
1241 656 1337 709 καὶ
1372 655 1432 708 τὸ
1479 655 1824 725 παγκράτιον
1854 655 1961 707 ὑπ-

377 757 615 828 ήρχοντο
652 751 750 805 καὶ
775 751 877 822 τὴν
914 750 1116 818 πάλην.
1164 749 1319 803 Ἐπεὶ⁵
1342 749 1526 802 τοίνυν
1553 752 1622 821 τῇ
1643 749 1740 802 τοῦ
1773 748 1961 817 σώμα-

375 861 468 909 τος
504 844 666 916 ῥώμῃ
698 843 922 896 πάντων
951 842 1177 914 ἐκράτει
1197 842 1417 903 Λυαῖος,
1444 840 1537 894 καὶ
1569 842 1677 905 πᾶς
1705 841 1857 904 ὅστις
1884 841 1964 904 είς

377 939 564 1009 χεῖρας
587 936 737 1006 αὐτῷ
757 935 1079 1006 ἐρχόμενος,
1099 935 1274 1006 χαμαὶ
1291 933 1541 1004 κείμενος
1559 934 1725 999 εὐθὺς
1748 933 1962 1002 ἐθεᾶτο,

378 1035 411 1104 ἢ
439 1034 531 1088 καὶ
565 1033 797 1086 θάνατον
821 1034 885 1086 ὲκ
918 1031 1012 1085 τοῦ
1047 1031 1395 1103 παραχρῆμα
1432 1029 1807 1100 σπασάμενος,
1833 1047 1962 1084 τοσ-

377 1123 537 1178 οῦτον
558 1123 781 1196 ἥδεσθαι
806 1121 884 1192 τῷ
917 1123 1172 1194 τυράννῳ
1217 1124 1506 1194 παρεῖχεν,
1532 1122 1628 1187 οὒς
1659 1120 1963 1178 κατέϐαλλε

379 1215 507 1279 τοὺς
538 1214 1056 1286 συμπλεκομένους,
1087 1215 1213 1268 ὅσον
1247 1213 1308 1268 οὐ
1339 1213 1520 1284 πολλῷ
1549 1211 1779 1282 ὕστερον
1818 1211 1966 1283 λύπῃ

379 1309 700 1380 περιϐαλεῖν
727 1307 890 1361 αὑτὸν
925 1306 1174 1377 ἔμελλεν.

455 1488 542 1554 ιγ’.
596 1487 766 1558 Ἀνὴρ
795 1486 905 1557 γάρ
935 1503 1041 1553 τις,
1073 1485 1246 1557 ὄνομα
1276 1485 1529 1557 Νέστωρ,
1577 1484 1678 1556 τὴν
1714 1483 1811 1554 μὲν
1842 1484 1963 1555 ἠλι-

375 1584 505 1637 κίαν
529 1582 728 1652 κομιδῆ
756 1583 901 1646 νέος,
927 1581 1054 1651 ἄρτι
1075 1581 1168 1632 τὸν
1191 1578 1367 1633 ἴουλον
1387 1577 1730 1633 ὲπανθοῦντα
1755 1579 1961 1648 φέρων,

379 1678 512 1732 ίδεῖν
533 1677 589 1730 δὲ
615 1676 854 1747 ἥδιστος,
879 1675 974 1729 καὶ
996 1673 1188 1727 κάλλει
1206 1673 1701 1743 διαπρεπέστατος,
1719 1669 1965 1740 γνωστὸς

376 1769 454 1837 τῷ
486 1769 752 1842 περιδόξῳ
803 1770 1044 1839 μάρτυρι
1075 1769 1375 1838 Δημητρίῳ
1422 1765 1618 1833 τελῶν,
1649 1766 1794 1835 ὀρῶν
1819 1763 1964 1818 οὕτω

2069 563 2249 616 tniano
2299 565 2496 631 circus,
2555 565 2740 622 multis
2795 568 3234 638 comprehensus
3292 569 3526 632 tabulis.
3591 571 3646 625 in

2067 670 2229 726 quem
2263 658 2496 728 ingressi
2531 671 2710 725 erant,
2739 661 2834 732 qui
2870 672 3027 718 erant
3049 662 3311 735 singulari
3345 645 3649 718 certamine
3688 691 3690 693 >

2065 751 2352 816 certaturi,
2374 761 2430 807 et
2460 755 2807 822 pancratium
2834 755 3169 826 tncipiebant
3192 771 3256 810 ac
3283 755 3484 811 luctam
3510 755 3646 824 (12).

2067 841 2202 896 Cum
2227 857 2356 912 ergo
2388 843 2596 899 viribus
2626 845 2876 916 corporis
2901 861 3094 902 omnes
3116 855 3404 917 superaret
3432 845 3645 917 Lyaeus,

2067 943 2123 990 et
2163 935 2480 1006 quicunque
2535 951 2733 994 manus
2782 953 2907 992 cum
2950 955 3016 994 eo
3062 940 3431 1007 conserebat,
3463 941 3645 996 statim

2066 1039 2386 1082 cerneretur
2447 1027 2601 1082 humi
2657 1038 3000 1098 prostratus,
3057 1042 3150 1087 aut
3198 1033 3361 1088 etiam
3414 1043 3646 1088 mortem

2069 1119 2196 1175 inde
2228 1120 2411 1176 statim
2442 1131 2733 1192 oppeteus,
2765 1131 2970 1178 tantam
3003 1134 3232 1196 tyranno
3263 1126 3530 1182 afferebat
3555 1142 3648 1180 vo-

2068 1211 2334 1283 luptatem
2361 1215 2506 1283 quod
2540 1225 2918 1285 prosterneret
2945 1231 3041 1272 eos
3067 1218 3158 1286 qui
3193 1233 3319 1274 cum
3358 1219 3479 1290 ipso
3515 1235 3649 1273 con-

2064 1307 2482 1376 grediebantur,
2520 1317 2728 1377 quanta
2776 1324 2902 1365 cum
2954 1309 3098 1365 haud
3159 1311 3333 1367 multo
3383 1322 3507 1384 post
3555 1329 3652 1385 op-

2069 1414 2326 1468 pressura
2358 1410 2476 1456 erat
2508 1401 2747 1458 tristitia.

2143 1491 2231 1546 l3.
2271 1491 2502 1557 Quidam
2548 1493 2696 1549 enim
2742 1495 2966 1552 nomine
2992 1495 3208 1564 Nestor,
3238 1507 3398 1555 relate
3429 1499 3646 1569 quidem

2069 1583 2228 1638 valde
2260 1583 2502 1653 juvenis,
2535 1594 2594 1640 ut
2622 1588 2714 1656 qui
2752 1587 2916 1642 modo
2946 1597 3129 1643 natam
3174 1590 3400 1646 haberet
3432 1591 3647 1662 lanugi-

2068 1689 2217 1738 nem,
2250 1685 2477 1745 aspectu
2517 1686 2701 1732 autem
2735 1679 3195 1748 iucundissimus,
3219 1690 3273 1736 et
3303 1682 3476 1736 forma
3505 1697 3649 1751 prae-

2069 1767 2461 1831 stantissitnus,
2487 1768 2580 1839 qui
2613 1779 2735 1825 erat
2760 1781 2924 1827 notus
2954 1771 3156 1844 iuclyto
3189 1775 3411 1843 martyri
3449 1773 3647 1829 Deme-

376 1864 721 1936 Μαξιμιανδν
783 1864 914 1934 περὶ
976 1863 1068 1916 τὸν
1114 1862 1394 1935 βάρϐαρον
1442 1860 1812 1933 διακείμενον,
1869 1857 1963 1912 καὶ

2071 1859 2200 1926 trio,
2249 1875 2375 1916 cum
2428 1861 2640 1917 videret
2692 1843 3082 1919 Maximianum
3137 1865 3218 1921 sic
3271 1866 3530 1922 aﬂ'ectum
3591 1867 3644 1922 in

379 1957 552 2012 nulla
591 1957 728 2029 πρὸς
780 1959 894 2020 τοῖς
949 1957 1295 2028 μονομαχίας
1353 1955 1542 2018 ἄθλοις
1575 1954 1672 2008 καὶ
1698 1953 1964 2025 χρήματα

377 2049 732 2121 προτιθέντα,
759 2048 918 2102 τοῦτο
951 2047 1052 2118 μὲν
1090 2049 1150 2101 τὸ
1181 2048 1540 2120 ὑπερήφανον
1574 2041 1777 2102 Δυαίὸυ
1804 2045 1966 2116 μισή-

379 2161 497 2207 σας,
532 2143 694 2196 τοῦτο
723 2143 779 2196 δὲ
805 2143 900 2196 καὶ
923 2141 992 2194 τὰ
1025 2140 1133 2194 ὑπὸ
1153 2139 1250 2194 τοῦ
1288 2141 1437 2194 θείου
1487 2141 1767 2211 μάρτυρος
1815 2137 1964 2206 γινόο

380 2255 517 2308 μενα
547 2236 804 2306 θαύματα
834 2234 1096 2300 κατιδὼν,
1153 2235 1247 2290 καὶ
1306 2235 1462 2298 ὅπως
1515 2233 1668 2303 αὐτῷ
1721 2233 1966 2286 πλεῖστοι

379 2329 700 2402 προσιόντες
737 2329 840 2400 τὴν
867 2329 953 2392 είς
975 2329 1216 2400 Χριστὸν
1242 2328 1558 2382 θεοσέϐειαν
1597 2325 1962 2391 ἐδιδάσκοντο,

378 2420 436 2474 ἓν
457 2421 516 2474 δὲ
538 2419 698 2472 τοῦτο
727 2420 964 2489 θελήσας
988 2418 1246 2488 γενέσθαι
1270 2418 1380 2472 τῶν
1404 2418 1724 2488 Δημητρίου
1755 2416 1968 2486 Θαυμά-

379 2527 514 2576 των,
542 2509 605 2563 τὸ
633 2513 750 2573 ταῖς
789 2511 977 2581 εὐχαῖς
1015 2510 1228 2564 ἐκείνου
1256 2509 1697 2565 καθοπλισθέντα
1716 2508 1879 2562 λῦσαί
1904 2525 1963 2560 τε

319 2624 322 2628 ’
379 2602 586 2656 Λυαίου
611 2603 674 2657 τὸ
699 2603 906 2674 θράσος
935 2604 1028 2656 καὶ
1047 2605 1148 2674 τὴν
1168 2603 1343 2674 ὀφρὺν
1367 2603 1533 2659 αὐτὸν
1558 2603 1654 2657 τοῦ
1685 2601 1966 2674 βαρϐάρου

377 2696 738 2759 καταϐαλεῖν,
772 2695 1102 2766 προστρέχει
1135 2695 1212 2767 τῷ
1246 2696 1509 2767 μάρτυρι,
1545 2694 1770 2749 καὶτῶν
1791 2696 1967 2750 ποδῶν

374 2789 591 2842 ἐκείνου
618 2789 727 2844 τῶν
761 2788 938 2857 ἁγίων
973 2789 1364 2861 προκείμενος,
1399 2788 1564 2841 Δοῦλε
1586 2787 1681 2842 τοῦ
1701 2787 1842 2842 Θεοῦ
1861 2791 1969 2860 Δη-

379 2882 602 2950 μήτριε,
639 2880 812 2949 λέγει,
845 2880 1126 2951 πρόθυμός
1157 2881 1274 2951 είμι
1318 2879 1414 2933 καὶ
1451 2880 1593 2950 ὀργᾷ
1631 2897 1721 2950 μοι
1745 2879 1891 2933 ἔνδον
1933 2881 1968 2952 ἠ

375 2973 524 3046 ψυχὴ
585 2974 776 3044 Λυαίῳ
829 2976 966 3045 πρὸς
1007 2973 1336 3044 συμπλοκὴν
1385 2973 1685 3038 συνελθειν,
1721 2974 1769 3026 εί
1806 2973 1968 3042 μόνον

377 3066 541 3130 αὐτὸς
579 3067 824 3132 ὁπλίσεις
849 3084 917 3139 με
941 3069 1065 3132 ταῖς
1095 3069 1304 3138 εὐχαῖς,
1328 3065 1424 3122 καὶ
1453 3065 1680 3132 ταύταις
1707 3068 1807 3138 τὴν
1833 3084 1970 3139 κρα-

375 3161 537 3214 ταιὰν
566 3163 728 3232 χεῖρα
769 3161 1175 3231 συμμαχοῦσαν
1208 3161 1527 3234 παράσχῃς.

449 3252 533 3306 ιδ’.
576 3251 641 3304 Τί
686 3247 782 3306 οὖν
830 3252 859 3304 ὁ
891 3252 1036 3316 θεῖος
1067 3253 1417 3324 Δημήτριος;
1465 3254 1682 3324 Ὠσπερ
1730 3254 1964 3324 αἰτήσας

374 3345 541 3410 αὐτὸς
567 3345 771 3416 μᾶλλον
803 3345 835 3416 ἦ
876 3345 1152 3416 αἰτηθεὶς,
1213 3347 1416 3416 μικροῦ
1444 3349 1511 3417 τῇ
1543 3345 1832 3400 τελειώσει
1862 3346 1964 3416 τὴν

374 3442 598 3511 αἴτησιν
628 3433 952 3510 ὲπιφθάνειο
986 3441 1080 3494 καὶ
1110 3441 1325 3511 ταχέως
1372 3441 1653 3495 ἐπιϐαλὼν
1683 3441 1835 3512 αὐτῷ
1863 3444 1964 3512 τὴν

373 3536 432 3588 ιν
457 3533 683 3604 Χριστῷ
718 3532 997 3604 σφραγῖδα
1014 3533 1095 3596 είς
1115 3533 1178 3586 τὸ
1211 3534 1464 3603 μέτωπόν
1489 3551 1548 3588 τε
1581 3535 1677 3588 καὶ
1699 3535 1800 3605 τὴν
1830 3551 1966 3606 καρ⁶

373 3625 512 3692 δίαν,
549 3624 798 3693 ἀφίησιν,
835 3623 1111 3678 ἐπειπών·
1157 3623 1270 3678 Καὶ
1315 3625 1407 3678 τὸν
1459 3627 1660 3680 Λυαῖον
1694 3629 1962 3697 νικήσεις,

374 3720 468 3772 καὶ
499 3719 639 3788 ὑπὲρ
659 3717 898 3789 Χριστοῦ
927 3708 1302 3788 μαρτυρήσεις
1322 3731 1337 3747 ⁶
1375 3718 1509 3787 ὅπερ
1536 3718 1736 3772 ταυτ³ιν
1793 3715 1861 3790 ἧν
1891 3720 1968 3772 εί-

374 3816 500 3867 πεῖν
527 3830 538 3844 ·
581 3815 694 3867 Καὶ
724 3813 817 3866 τὸν
841 3811 1074 3881 φανερὸν
1103 3811 1399 3864 ἀντίπαλον
1429 3809 1526 3864 καὶ
1548 3811 1639 3864 τὸν
1668 3812 1848 3880 ἀφανῆ
1880 3826 1964 3862 νι-

375 3909 589 3978 κήσεις.
617 3905 803 3971 Οὕτως
823 3907 884 3959 οὐ
919 3906 1078 3976 μόνον
1109 3905 1310 3975 θάρσος
1329 3904 1523 3975 ἐνῆκεν
1561 3901 1727 3957 αὐτοῦ
1763 3905 1826 3973 τῇ
1856 3901 1964 3972 ψυ-

374 4004 468 4072 χῇ,
503 3999 640 4053 ἀλλὰ
671 3998 764 4053 καὶ
793 3999 923 4068 περὶ
951 3997 1046 4050 τοῦ
1072 3997 1356 4069 μέλλοντος
1385 3995 1768 4064 ἀσφαλέστατα
1791 4009 1964 4062 προσ.

373 4089 700 4160 εφθέγξατο.
765 4087 976 4142 Αὐτίκα
1012 4087 1146 4156 γοῦν
1193 4087 1222 4139 ὁ
1267 4085 1498 4154 Νιστωρ
1525 4083 1853 4153 ἀφικόμενος
1885 4081 1966 4143 είς

372 4185 431 4236 τὸ
458 4182 673 4237 στάδιον
716 4182 810 4235 καὶ
839 4181 927 4236 διὰ
961 4181 1072 4234 τῶν
1112 4177 1390 4251 βαθμίδων
1425 4176 1842 4248 καταπηδήσας,
1867 4174 1963 4227 τόν

373 4292 432 4329 τε
466 4275 670 4344 χιτῶνα
699 4274 1040 4336 ἀποτίθεται,
1098 4272 1194 4326 καὶ
1247 4269 1442 4324 ἑαυτὸν
1473 4269 1634 4339 δῆλον
1665 4267 1962 4336 καθίστησι

374 4369 450 4435 τῷ
476 4367 686 4438 βασιλεῖ
725 4365 1030 4438 παραστάς.
1084 4361 1427 4433 Μαξιμιανὺς
1483 4360 1540 4414 δὲ
1589 4358 1690 4430 τὴν
1749 4359 1956 4429 πολλὴν

375 4463 582 4530 τόλμαν
612 4460 826 4530 ἐκείνην
859 4459 956 4512 τοῦ
983 4457 1268 4511 νεανίσκου
1292 4453 1689 4520 καταπλαγεὶς,
1719 4452 1812 4505 καὶ
1833 4450 1967 4506 ἄλλο

2068 1951 2362 2010 barbarum
2396 1963 2452 2010 et
2494 1955 2857 2026 gladiatorum
2889 1959 3289 2016 certaminibus
3317 1961 3515 2017 multas
3549 1977 3651 2016 ex-

2071 2043 2263 2100 hibere
2325 2047 2620 2116 pecunias;
2689 2049 2888 2119 partim
2950 2051 3169 2120 quidem
3249 2051 3378 2108 odio
3439 2053 3649 2109 habens

2069 2135 2213 2208 Lyaei
2271 2139 2626 2207 superbiam,
2669 2141 2867 2208 partim
2923 2151 3105 2197 autem
3159 2143 3432 2213 aspiciens
3484 2146 3652 2200 mira-

2067 2229 2210 2290 cula.
2249 2245 2370 2300 quae
2402 2230 2608 2286 fiebant
2631 2247 2662 2286 a
2697 2232 2884 2288 divino
2920 2245 3177 2307 martyre,
3205 2247 3259 2292 et
3299 2238 3444 2307 quod
3478 2237 3654 2308 pluri-

2069 2321 2165 2386 mi,
2211 2322 2277 2376 τιό
2322 2339 2449 2378 eum
2493 2325 2841 2393 accedentes,
2893 2324 3231 2383 docebantur
3279 2329 3537 2399 pietatem
3591 2329 3648 2384 in

2065 2412 2370 2483 Christum,
2409 2417 2747 2488 cupiensque
2793 2419 2898 2475 hoc
2957 2419 3122 2474 etiam
3191 2435 3314 2478 esse
3361 2437 3530 2478 unum
3579 2437 3651 2478 ex

2070 2507 2350 2564 miraculis
2401 2508 2704 2576 Demetrii,
2756 2520 2816 2566 ut
2861 2513 3119 2582 precibus
3169 2513 3318 2569 illius
3375 2523 3646 2581 armatus,

2071 2596 2210 2668 Lyaei
2251 2600 2526 2672 frangeret
2572 2601 2858 2657 audaciam
2879 2643 2894 2668 ,
2922 2611 2978 2658 et
3017 2603 3235 2659 barbari
3265 2605 3527 2676 dejiceret
3553 2622 3651 2662 su-

2071 2693 2390 2763 percilium;
2427 2694 2669 2750 accurrit
2700 2695 2768 2750 ad
2817 2704 3112 2767 martyrem
3146 2740 3159 2762 ,
3199 2707 3255 2752 et
3305 2699 3373 2753 ad
3424 2710 3648 2756 sanctos

2069 2788 2192 2858 ejus
2229 2788 2396 2858 pedes
2427 2788 2740 2859 procidens,
2792 2790 2927 2845 dicit
2971 2805 2985 2843 :
3023 2790 3190 2847 Serve
3240 2792 3333 2846 Dei
3388 2792 3650 2859 Demetri,

2071 2897 2190 2935 sum
2221 2891 2466 2951 paratus,
2507 2893 2562 2937 et
2591 2881 2724 2937 mihi
2751 2883 2932 2954 gliscit
2965 2883 3183 2938 animus
3229 2888 3486 2957 congredi
3523 2905 3648 2944 cum

2074 2973 2251 3044 Lyzo,
2282 2975 2326 3030 si
2363 2990 2448 3030 me
2478 2975 2656 3030 solum
2683 2977 2981 3032 armaveris
3007 2977 3284 3048 precibus,
3319 2994 3521 3051 perque
3559 2996 3653 3037 eas

2073 3066 2304 3122 validam
2339 3083 2560 3122 manum
2595 3067 2990 3124 auxiliatricem
3029 3069 3350 3140 praabueris.

2141 3249 2231 3305 14.
2264 3246 2408 3313 Quid
2441 3261 2572 3319 ergo
2606 3245 2828 3304 divinus
2860 3247 3206 3306 Demetrius?
3238 3251 3472 3308 Perinde
3498 3270 3562 3310 ac
3606 3256 3652 3313 si

2069 3340 2188 3412 ipse
2239 3350 2509 3410 rogasset,
2561 3356 2672 3395 non
2721 3351 2905 3397 autem
2951 3341 3148 3398 fuisset
3199 3355 3446 3414 rogatus,
3488 3364 3653 3402 exse-

2068 3432 2290 3503 quendo
2345 3432 2740 3503 propemodum
2789 3433 3058 3498 praevenit
3103 3436 3423 3504 petitionem
3461 3455 3475 3492 :
3509 3452 3566 3494 et
3603 3443 3653 3494 ei

2067 3526 2330 3581 velociter
2358 3525 2617 3597 imposito
2643 3524 2847 3582 Christi
2897 3526 3184 3598 signaculo
3213 3539 3321 3584 tam
3355 3529 3410 3584 in
3445 3515 3680 3599 fronte,.

2071 3633 2234 3685 quant
2269 3617 2324 3673 in
2355 3615 2544 3682 corde,
2588 3633 2714 3674 eum
2745 3619 2975 3674 dimittit
3003 3660 3018 3681 .
3065 3621 3252 3677 dicens
3286 3640 3299 3676 :
3336 3623 3403 3678 Et
3431 3623 3648 3695 Lyaeum

2072 3711 2280 3776 vinces,
2315 3721 2370 3766 et
2415 3711 2524 3767 eris
2573 3719 2781 3780 martyr
2825 3711 3033 3768 Christi
3064 3713 3201 3785 (I5).
3240 3714 3396 3782 Quod
3429 3719 3650 3786 quidem

2069 3801 2299 3871 perinde
2327 3811 2432 3866 est,
2464 3815 2528 3856 ac
2552 3802 2596 3856 si
2621 3802 2774 3857 dicas
2805 3819 2820 3857 :
2859 3803 2928 3858 Et
2960 3805 3311 3861 manifestum
3339 3808 3528 3866 vinces
3555 3813 3652 3866 ad-

2069 3896 2398 3957 versarium,
2431 3903 2485 3949 et
2534 3909 2683 3958 eum,
2734 3896 2828 3963 qui
2883 3911 2994 3949 non
3041 3907 3126 3952 est
3173 3898 3523 3956 manifestus.
3561 3902 3652 3959 Sic

2068 3985 2190 4055 ejus
2215 3984 2400 4040 animo
2425 4001 2535 4040 non
2562 3986 2739 4040 solum
2768 3986 2996 4042 immisit
3022 3989 3328 4058 audaciam,
3360 3993 3455 4047 sed
3482 3994 3648 4050 etiam

2069 4077 2137 4133 de
2171 4077 2356 4133 futuro
2386 4077 2764 4148 pronuntiavit
2785 4079 3115 4136 certissime.
3153 4080 3346 4137 Statim
3377 4099 3510 4153 ergo
3544 4086 3649 4142 Ne-

2068 4177 2186 4226 stor
2211 4168 2438 4224 veniens
2466 4169 2519 4224 in
2550 4169 2810 4232 stadium.
2830 4186 2956 4226 cum
2990 4188 3084 4240 per
3107 4173 3308 4244 gradus
3330 4175 3648 4244 desiliisset,

2071 4270 2125 4317 et
2155 4261 2384 4333 deponit
2426 4262 2694 4327 tunicam,
2724 4272 2780 4318 et
2809 4265 3079 4320 assistens
3123 4267 3363 4338 seipsum
3408 4273 3650 4329 ostendit

2070 4351 2401 4422 imperatori.
2451 4352 2817 4410 Maximianus
2854 4364 3038 4411 autem
3092 4357 3506 4429 obstupefactus
3558 4365 3651 4422 illa

2069 4445 2296 4501 audacia
2322 4446 2706 4510 adolescentis,
2731 4454 2788 4501 et
2817 4460 2938 4504 esse
2985 4447 3190 4520 aliquid
3220 4452 3367 4508 aliud
3393 4456 3650 4527 opinatus

374 4570 429 4606 τι
460 4547 602 4608 εἶναι
636 4551 921 4606 ὑπολαϐὼν
949 4551 980 4621 ἢ
1015 4549 1240 4620 ἀνδρίας
1263 4548 1526 4612 ἐπίδειξιν
1553 4545 1614 4599 τὸ
1644 4546 1957 4616 γινόμενον,

2070 4551 2234 4607 quam
2265 4537 2696 4594 ostentationem
2733 4539 2974 4603 virtutis.
3019 4541 3178 4610 jubet
3210 4559 3333 4599 eum
3365 4547 3488 4602 sisti
3518 4565 3651 4620 pro-

376 4646 660 4716 ὲγγυτέρω
703 4643 1052 4716 παραστῆναι
1105 4641 1340 4704 κελεύει,
1380 4641 1497 4705 καὶ,
1551 4633 1622 4690 Ὦ
1678 4637 1952 4702 νεανίσκε,

376 4739 761 4809 συμϐουλεύων
820 4737 1005 4806 φησὶν,
1061 4731 1156 4789 οἷδ’
1186 4735 1269 4789 ὃτι
1321 4732 1624 4804 χρημάτων
1657 4730 1835 4786 ἔνδεια
1881 4732 1965 4793 εἰς

371 4832 528 4884 τοῦτό
554 4848 612 4882 σε
656 4830 862 4899 τόλμης
896 4828 1208 4897 ἠνάγκασεν
1241 4825 1571 4896 ἐπαρθῆναι,
1615 4825 1704 4877 ἴνα
1735 4822 1768 4894 ἢ
1802 4840 1963 4894 περι-

375 4921 666 4991 γενόμενος
727 4918 958 4973 πλοῦτον
1015 4917 1225 4988 σεαυτῷ
1276 4917 1475 4988 ἁθρόον
1529 4917 1894 4989 περιποιήσῃ,
1925 4913 1960 4985 ἢ

376 5014 688 5082 ἀποτυχὼν,
720 5010 908 5064 πενίαν
936 5011 1010 5074 ὡς
1041 5011 1234 5081 ἐχθρὸν
1264 5008 1528 5063 ἄσπονδον
1569 5009 1709 5078 μετὰ
1745 5006 1839 5060 καὶ
1862 5007 1962 5076 ζῇν

377 5089 697 5176 ἀποφύγῃς.
734 5102 968 5171 Ἐγὼδέ
1023 5120 1082 5155 σε
1143 5106 1236 5156 καὶ
1285 5101 1385 5170 τῆς
1415 5100 1656 5168 ἡλικίας,
1717 5099 1811 5153 καὶ
1859 5098 1958 5168 τῆς

377 5197 540 5250 καλὸν
563 5197 986 5265 ὲπιλαμπούσης
1056 5211 1137 5248 σοι
1185 5193 1332 5264 ὥρας
1367 5192 1677 5264 οἰκτείρων,
1735 5189 1958 5262 παρέξω

373 5290 470 5370 καὶ.
505 5289 646 5358 ὑπὲρ
697 5288 868 5358 μόνης
913 5303 976 5356 γε
999 5285 1096 5356 τῆς
1129 5285 1336 5355 τόλμης
1360 5283 1485 5350 ἄξια
1511 5283 1608 5339 καὶ
1637 5283 1797 5338 ἱκανὰ
1823 5283 1959 5352 χρή-

373 5393 542 5446 ματα.

445 5633 555 5703 (t2)
594 5632 776 5688 Genus
809 5632 861 5687 id
889 5642 1003 5688 erat
1031 5631 1465 5697 exercitationis,
1508 5646 1572 5686 ex
1609 5633 1750 5703 lucta
1772 5638 1830 5703 et
1861 5646 1960 5700 pu-

371 5702 539 5772 gilatu
567 5703 951 5773 compositum,
983 5703 1446 5773 quemadmodum
1474 5703 1528 5773 in
1564 5702 1956 5773 Antiquitaium

372 5774 744 5898 Hotttlalnarum
776 5771 978 5828 ch'tco
1005 5771 1040 5828 δ
1079 5773 1248 5828 variis
1277 5772 1643 5844 scriptoribus
1671 5771 1829 5827 docet
1860 5771 1930 5826 Sa
1949 5798 1960 5812 -

370 5861 496 5899 mue
587 5857 798 5898 tttscus.

699 5941 971 6002 ΡΑτιιοῐ..
1008 5941 1127 6002 Gn.
1163 5941 1381 6004 CXVI.
1419 5976 1426 5982 ο

2071 4630 2214 4702 pius,
2242 4639 2299 4686 et
2325 4647 2340 4684 :
2372 4629 2417 4686 ο
2443 4631 2786 4698 adolescens,
2823 4632 3024 4702 inquit,
3055 4633 3104 4687 ei
3151 4638 3466 4704 consulens,
3507 4644 3646 4704 seio.

2068 4721 2214 4791 quod
2241 4721 2488 4792 pecunias
2516 4722 2697 4791 inopia
2727 4725 2906 4797 coegit
2936 4734 2991 4780 te
3017 4727 3084 4782 ad
3123 4727 3265 4784 hanc
3293 4745 3651 4801 prorumpere

2069 4816 2386 4880 audaciam,
2430 4825 2491 4871 ut
2522 4817 2603 4871 vel
2636 4816 2684 4872 si
2715 4816 2938 4882 viceris,
2972 4819 3172 4879 multas
3199 4837 3334 4894 opes
3369 4825 3462 4878 tibi
3497 4841 3653 4880 com-

2068 4923 2266 4979 pares;
2298 4919 2392 4964 aut
2418 4909 2463 4965 si
2507 4909 2678 4965 fueris
2713 4921 3032 4980 superatus,
3085 4915 3488 4984 implacabilem
3543 4916 3652 4970 ini-

2068 4999 2295 5066 micum,
2332 5010 2710 5071 paupertatem
2741 5002 2905 5057 simul
2935 5019 3057 5058 cum
3109 5005 3218 5059 vita
3259 5005 3507 5076 eﬂ’ugias.
3541 5007 3652 5077 Ego

2068 5099 2254 5147 autem
2289 5103 2395 5150 tua:
2442 5094 2621 5149 aetatis
2664 5101 2720 5148 et
2763 5093 3186 5163 pulchritudinis
3241 5095 3521 5159 misertus,
3562 5099 3649 5153 vel

2068 5200 2170 5256 pro
2217 5185 2331 5241 sola
2380 5187 2608 5244 audacia
2645 5187 2743 5243 tibi
2772 5187 3028 5258 prebebo
3055 5187 3202 5259 quod
3247 5189 3380 5247 satis
3424 5198 3508 5246 est
3546 5203 3646 5261 pe-

2066 5295 2264 5338 cunne.

2135 5630 2248 5700 (l3)
2282 5629 2497 5685 Nestori
2529 5628 2846 5701 praestitisse
2893 5628 3492 5701 dixissequesanctum
3532 5627 3640 5685 Do-

2065 5699 2345 5766 metrium,
2368 5716 2498 5772 qure
2531 5699 2623 5756 hic
2657 5709 2973 5763 narrantur,
3006 5699 3272 5772 credibile
3299 5702 3440 5756 haud
3472 5716 3644 5772 appa-

2068 5783 2169 5829 ret.
2205 5772 2303 5828 Adi
2341 5769 2809 5829 Cdntmetttarium
2841 5771 3106 5843 praevium
3143 5769 3252 5839 ξι.

3129 5929 3206 5994 38
