4140 6382
496 315 634 381 1195

1796 304 2444 373 SUPPLEMENTUM.

3614 304 3757 371 1196

565 427 654 483 15.
683 426 801 493 Qua
836 432 1079 494 accepta,
1109 422 1197 478 abi
1229 421 1390 477 simul
1415 433 1541 476 cum
1566 417 1673 475 vita
1700 419 1885 475 fruens
1917 437 2054 490 quo-

2235 416 2315 469 ιε’.
2352 418 2465 470 Καὶ
2493 381 2673 469 λαϐὼν
2703 416 2859 470 ἄπιθι
2887 413 3029 484 μετά
3064 412 3158 479 τοῦ
3184 414 3285 486 ζῇν
3331 414 3621 470 ἀπολαύων
3654 419 3756 473 καὶ

490 535 596 591 que
622 514 891 589 pecuniis.
922 515 1001 571 Ne
1028 522 1208 571 autem
1239 512 1371 568 cum
1387 511 1549 584 Lyaeo
1576 510 1802 567 omnino
1834 524 2062 583 congre-

488 608 705 679 diaris;
739 606 850 675 jam
883 604 1032 660 enim
1079 603 1284 658 multos
1323 603 1434 657 vita
1469 601 1728 672 privavit,
1772 616 1975 666 eosque
2010 611 2061 658 te

491 701 653 770 longe
683 692 1044 755 robustiores.
1076 695 1174 751 liis
1228 694 1434 751 auditis
1465 695 1660 750 Nestor
1687 709 1864 764 neque
1896 695 2063 765 impe-

492 794 691 847 I‘BIOI'lS
736 788 973 859 arripuit
1016 789 1425 854 liberalitatem,
1470 801 1650 857 neque
1691 801 1884 842 rursus
1917 784 2059 858 Lyaei

489 884 743 939 laudibus
775 882 878 937 fuit
905 881 1150 937 territus.
1176 879 1489 950 Imperatori
1533 888 1744 944 autem,
1789 879 1910 933 Non
1961 894 2058 933 cu-

488 975 601 1043 pio,
627 976 826 1045 inquit,
860 974 1143 1044 pecunias,
1176 987 1357 1042 neque
1384 988 1445 1027 ea
1475 972 1542 1027 de
1568 986 1736 1027 causa
1767 971 1971 1042 prodeo
2004 970 2057 1024 in

487 1077 800 1133 certamen;
837 1066 934 1123 sed
961 1064 1183 1137 gloriam
1211 1064 1393 1134 potius
1421 1063 1673 1135 cupiens,
1703 1071 1758 1118 et
1782 1062 1940 1134 Lymo
1964 1078 2057 1117 vo-

488 1161 610 1214 lens
636 1173 901 1229 apparere
921 1156 1285 1227 praestantior.
1312 1155 1428 1212 Non
1446 1155 1622 1212 solum
1646 1155 1790 1211 enim
1818 1154 2056 1218 divitias,

487 1252 581 1306 sed
617 1251 780 1306 etiam
806 1252 981 1319 ipsam
1010 1250 1177 1304 vitam
1210 1249 1373 1304 statui
1408 1247 1658 1318 rejicere,
1685 1246 1729 1302 si
1761 1245 1917 1318 Lymo
1942 1247 2057 1317 glo-

489 1345 568 1397 ria
609 1342 840 1398 inferior
873 1342 1053 1405 fuero,
1093 1349 1147 1397 et
1198 1342 1408 1411 primas
1436 1341 1512 1395 illi
1549 1355 1787 1395 cessero.
1822 1340 1949 1393 Haec
1978 1337 2058 1393 sic

487 1436 654 1498 dicta,
686 1443 742 1489 et
787 1435 1197 1502 imperatorem,
1226 1441 1281 1488 et
1311 1448 1407 1488 eos
1452 1448 1643 1488 omnes
1688 1433 1780 1503 qui
1829 1432 2058 1486 aderant

487 1528 629 1581 circa
658 1525 858 1596 ipsum,
886 1527 954 1580 ad
1004 1525 1139 1579 iram
1178 1533 1552 1594 provocarunt
1582 1538 1598 1577 :
1641 1524 1731 1593 qui
1760 1522 2058 1595 (quomodo

485 1620 630 1674 cnim
661 1626 925 1683 armatus,
958 1625 1013 1672 et
1039 1631 1148 1687 quo
1171 1626 1318 1673 esset
1348 1616 1539 1681 fretus,
1575 1616 1665 1671 ille
1702 1615 1944 1671 nondum
1972 1613 2057 1671 di-

486 1713 660 1779 xerat)
682 1709 1007 1780 arrogantire
1037 1718 1244 1764 tantum
1274 1718 1332 1764 et
1366 1723 1520 1762 vanae
1545 1708 1728 1779 gloriae
1745 1709 1906 1765 verba
1934 1722 2057 1764 esse

2163 503 2271 560 τῶν
2295 506 2612 578 χρημάτων.
2667 506 2853 576 Λυαίῳ
2899 506 2958 560 δὲ
2999 505 3225 559 σεαυτὸν
3274 505 3336 565 τὸ
3375 508 3639 580 παράπαν
3670 508 3755 580 μὴ

2165 598 2495 670 ἀπιστήσῃς
2527 614 2544 631 ’
2577 598 2807 662 πολλοὺς
2850 598 2961 669 γὰρ
3016 597 3112 652 τοῦ
3152 597 3253 667 ζῇν
3303 597 3619 669 ἀπήλλαξε,
3650 599 3754 652 καὶ

2163 688 2270 742 τῶν
2300 689 2576 743 καταπολὺ
2601 688 2697 742 σοῦ
2739 687 3206 760 ρωμαλεωτέρων.
3236 686 3421 742 Ταῦτα
3448 688 3476 741 ό
3515 689 3752 758 Νέστωρ

2163 781 2424 847 ἀκούσας,
2448 780 2570 834 οὔτε
2591 780 2806 852 ἥρπασε
2846 781 2946 854 τὴν
2971 780 3067 835 τοῦ
3102 781 3369 852 βασιλέως
3399 782 3747 851 φιλοτιμίαν.

2160 873 2286 928 οὔτε
2312 872 2477 927 πάλιν
2520 874 2656 943 πρὸς
2684 873 2778 928 τὸν
2808 874 2903 928 τοῦ
2940 873 3149 928 Λυαίου
3199 873 3424 928 ἔπαινον
3452 875 3748 929 ἐδειλίασε.

2162 964 2253 1034 Τῷ
2304 964 2361 1018 δὲ
2420 964 2651 1034 βασιλεῖ,
2699 964 2773 1018 Οὐ
2816 965 3121 1035 χρημάτων
3152 964 3427 1035 ἐπιθυμῶ,
3464 964 3591 1034 ἔφη.
3624 963 3753 1016 ούδέ

2163 1058 2316 1129 παρὰ
2360 1056 2521 1110 τοῦτο
2548 1055 2786 1126 ἐμαυτὸν
2815 1059 2898 1120 είς
2925 1056 3075 1110 τόνδε
3123 1057 3213 1110 τὸν
3269 1057 3456 1124 ἀγῶνα
3499 1055 3750 1123 καθῆκα,

2160 1147 2296 1200 ἀλλά
2318 1145 2477 1217 δόξης
2509 1146 2650 1217 ἐρῶν
2686 1147 2908 1216 μᾶλλον.
2944 1148 3042 1201 καὶ
3073 1146 3280 1202 Λυσίου
3309 1147 3576 1217 κρείττων
3614 1148 3753 1199 ἀνα-

2161 1237 2396 1305 φανῆναι
2426 1235 2772 1306 βουλόμενος.
2810 1235 3127 1309 ’Δπώμοτον
3164 1238 3272 1309 γάρ
3302 1239 3426 1308 ἐμοὶ
3461 1239 3536 1307 μὴ
3569 1238 3651 1290 ὅτι
3679 1254 3750 1303 γε

2158 1323 2220 1377 τὸ
2248 1325 2498 1379 πλουτεῖν
2524 1363 2540 1391 ,
2597 1326 2735 1381 ἀλλά
2778 1326 2876 1380 καὶ
2928 1327 3063 1381 αὐτὸ
3101 1328 3162 1387 τὸ
3198 1326 3320 1399 ζῇν,
3353 1327 3512 1397 δόξης
3536 1326 3750 1392 εἴξαντι

2158 1420 2365 1492 Λυαίῳ,
2391 1421 2487 1475 καλ⁵
2515 1422 2626 1475 τῶν
2669 1423 2959 1493 πρωτείων
2992 1423 3189 1493 ἐκείνῳ
3246 1424 3746 1496 παραχωρήσαντι.

2160 1512 2345 1567 Ταῦτα
2369 1511 2515 1567 οὕτω
2535 1513 2802 1585 λεχθέντα
2828 1516 2922 1567 καὶ
2954 1515 3183 1584 βασιλέα
3212 1516 3308 1570 καὶ
3340 1516 3467 1581 τοὺς
3495 1516 3627 1586 περὶ
3649 1515 3751 1570 αύ-

2158 1600 2248 1654 τδν
2272 1601 2516 1666 ἅπαντας
2545 1601 2809 1675 ἠρέθισαν
2835 1606 2915 1667 είς
2944 1604 3117 1676 ὀργήν
3136 1622 3153 1639 ·
3178 1605 3329 1669 ὅπως
3349 1605 3458 1677 γὰρ
3474 1605 3746 1677 ὡπλίσθη,

2159 1695 2256 1749 καὶ
2284 1696 2372 1766 ἐφ’
2398 1689 2444 1765 ᾧ
2477 1696 2755 1761 πεποιθὼς
2778 1698 2988 1760 ἐκεῖνος
3013 1696 3190 1763 οὕτως
3211 1698 3535 1768 ἐφθέγγετο,
3587 1699 3747 1753 αὐτοὶ

486 1761 895 1859 existimabant.
929 1803 1110 1871 Atque
1134 1802 1433 1872 imperator
1457 1761 1678 1870 quidem
1711 1799 1929 1871 Lyaeum
1957 1816 2054 1858 ve-

2160 1761 2507 1853 ἀγνοούντες.
2557 1786 2880 1852 ἀλαζονείας
2937 1788 3111 1859 μόνης
3162 1761 3442 1843 καὶ-κενοῦ
3471 1787 3641 1858 τύφου
3672 1787 3744 1840 τά

488 1895 775 1955 hemeuter
797 1892 1063 1950 incitabat
1095 1893 1164 1948 ad
1196 1900 1495 1955 certamen,
1529 1892 1845 1962 impetuque
1874 1900 1927 1946 et
1958 1906 2059 1947 au—

484 1987 639 2043 dacia
667 1986 886 2058 plenum
913 1986 1035 2058 ejus
1057 1984 1301 2042 animum
1332 1984 1597 2041 reddebat
1622 1984 1913 2040 acriorem.

562 2167 645 2223 £6;
682 2164 900 2221 Nestori
939 2174 1122 2221 autem
1157 2165 1399 2220 animum
1432 2165 1702 2220 addebant
1745 2165 1907 2219 verba
1945 2165 2046 2220 De-

482 2256 690 2318 metrii,
722 2266 778 2311 et
801 2255 1079 2312 Christus.
1109 2254 1190 2310 Ad
1211 2269 1373 2324 quem
1398 2254 1664 2309 attollens
1691 2255 1880 2309 oculos
1905 2255 2055 2309 dicc-

478 2350 577 2405 bat
616 2364 631 2402 :
668 2349 813 2405 Deus
856 2346 1137 2417 Demetrii,
1166 2347 1407 2403 concede
1459 2347 1633 2410 mihi,
1691 2358 1749 2403 ut
1795 2363 1915 2417 ego,
1960 2335 2055 2417 qui

482 2456 604 2497 sum
634 2449 794 2497 atate
826 2440 1009 2496 brevis
1053 2439 1245 2506 David,
1294 2449 1559 2510 tanquam
1607 2440 1773 2496 alium
1811 2440 2054 2502 Goliatli,

482 2535 690 2605 pudore
713 2543 773 2589 et
795 2532 1092 2605 ignominia
1120 2532 1335 2605 Lyaeum
1360 2533 1612 2590 afficiam.
1647 2532 1723 2589 Te
1748 2534 1893 2589 enim
1945 2535 2055 2589 ἰτρ-

480 2634 573 2680 tus
602 2624 821 2695 suscepi
855 2625 961 2680 hoc
993 2633 1274 2680 certamen
1302 2625 1358 2680 in
1406 2624 1589 2680 medio
1621 2626 1916 2681 multorum
1945 2669 1959 2691 ,
1995 2636 2057 2683 ut

480 2726 637 2775 tuum
665 2730 866 2773 nomen
900 2716 1254 2787 gloriﬁcetur,
1286 2715 1380 2786 qui
1428 2715 1577 2772 solus
1622 2730 1683 2771 es
1728 2731 1860 2772 vere
1886 2716 2051 2780 Deus,

474 2808 626 2864 etiis
650 2808 743 2877 qui
777 2808 833 2862 in
861 2816 918 2865 te
948 2807 1204 2862 virtutem
1230 2805 1461 2871 faciunt,
1494 2806 1667 2862 mittis
1697 2807 1963 2863 auxilium
1989 2812 2055 2863 de

474 2908 673 2957 sancto
694 2898 832 2970 (14).
863 2898 955 2954 Sic
979 2897 1140 2962 dixit,
1167 2906 1245 2963 et,
1279 2897 1477 2955 stricto
1502 2899 1749 2963 acinace,
1773 2899 2052 2968 ingresurs

479 2993 775 3056 theatrum.
801 3002 863 3047 et
895 3006 1018 3048 cum
1068 2991 1301 3047 barbaro
1342 3006 1706 3060 congressus,
1734 2991 1902 3047 infert
1933 2994 2054 3062 ejus

2164 1878 2386 1949 ῥήματα
2409 1877 2813 1949 ὑπελάμϐανον.
2855 1880 2917 1933 ’0
2947 1881 3045 1951 μὲν
3066 1875 3162 1937 οὖν
3197 1879 3451 1952 βασιλεὺς
3478 1881 3645 1943 πολὺς
3669 1874 3745 1951 ἦν

2161 1969 2243 2032 είς
2263 1969 2356 2025 τὸν
2376 1968 2566 2039 ἀγῶνα
2592 1968 2877 2042 διεγείρων
2911 1972 3114 2027 Λυαῖον
3151 1972 3251 2028 καὶ
3282 1972 3382 2028 τὴν
3419 1971 3598 2046 ὁρμῆς
3642 1971 3742 2026 καὶ

2161 2059 2399 2130 θάρσους
2428 2059 2684 2131 ἔμπλεων
2709 2062 3039 2132 παροξύνων
3074 2063 3278 2137 ψυχήν.

2237 2158 2334 2219 ις’.
2367 2154 2600 2226 Νέστορι
2642 2154 2700 2209 δέ
2728 2156 2790 2209 τὸ
2820 2154 3027 2228 θάρσος
3049 2157 3099 2210 ol
3131 2157 3449 2229 Δημητρίου
3475 2151 3623 2226 λόγοι
3646 2156 3743 2213 καὶ

2162 2242 2395 2314 Χριστὸς
2430 2240 2520 2315 ἦν,
2549 2243 2688 2318 πρὸς
2715 2244 2775 2299 ὃν
2809 2245 3102 2311 ἀνατείνας
3148 2248 3276 2311 τοὺς
3298 2247 3630 2318 ὀφθαλμοὺς,
3674 2248 3741 2303 Ὅ

2161 2336 2331 2400 Θεὸς,
2381 2337 2555 2407 ἔλεγε,
2617 2339 2935 2410 Δημητρίου
2957 2380 2972 2405 ,
3001 2340 3092 2405 δδς
3140 2341 3241 2411 ἐμὲ
3275 2343 3366 2394 τὶν
3405 2341 3612 2413 βραχὺν
3643 2341 3743 2411 τὴν

2162 2431 2383 2499 ἠλικίαν
2427 2431 2593 2485 Δαδὶδ
2644 2431 2836 2485 Γολιάθ
2897 2432 3060 2486 ἄλλον
3111 2432 3475 2505 καταισχῦναι
3516 2434 3739 2489 Λυαῖον.

2164 2524 2255 2577 Σοὶ
2275 2525 2385 2596 γὰρ
2413 2522 2692 2589 πεποιθὼς
2714 2524 2806 2579 τὸν
2831 2526 3018 2587 ἀγῶνα
3046 2526 3237 2581 τοῦτον
3264 2528 3321 2581 ὲν
3346 2530 3497 2598 μέσῳ
3527 2527 3741 2580 πολλῶν

2161 2620 2404 2690 ἠράμην,
2443 2610 2531 2674 ῖνα
2561 2622 2621 2674 τὸ
2660 2621 2757 2675 σὺν
2790 2621 2965 2693 ὄνομα
2997 2622 3230 2694 δοξασθῇ
3261 2622 3361 2677 τοῦ
3405 2624 3568 2693 μόνου
3607 2622 3743 2696 ἀλη-

2162 2711 2270 2776 θῶς
2297 2712 2455 2777 Θεοῦ,
2492 2714 2587 2767 καὶ
2619 2717 2735 2780 τοῖς
2771 2716 2830 2768 ἐν
2860 2716 2943 2769 σοὶ
2974 2715 3210 2786 δύναμιν
3244 2717 3593 2787 ποιουμένοις
3613 2718 3738 2770 ἐπι-

2160 2801 2473 2871 πέμποντος
2512 2803 2764 2874 βοήθειαν
2798 2805 2857 2870 ἐξ
2887 2805 3065 2873 ἁγίου.
3103 2805 3292 2870 Οὕτως
3321 2807 3448 2876 ἔφη,
3499 2806 3593 2861 καὶ
3624 2808 3741 2876 ἅμα

2159 2894 2249 2946 τὸν
2282 2896 2553 2967 ἀκινάκην
2583 2898 2957 2968 σπασάμενος,
2999 2900 3095 2953 καὶ
3123 2899 3185 2953 τὸ
3212 2898 3439 2970 θέατρον
3473 2901 3739 2972 εἰσπηδή-

2161 3003 2279 3049 σας,
2303 2989 2405 3054 τῆς
2444 2988 2766 3059 συμπλοκῆς
2805 2988 2905 3059 ἤδη
2937 2990 3241 3062 γενομένης
3271 2991 3455 3063 βάλλει
3510 2993 3739 3064 καιρίως

472 3084 629 3140 cordi
663 3095 867 3140 certam
898 3084 1130 3156 plagam.
1152 3082 1218 3139 Et
1241 3083 1427 3138 statim
1450 3083 1603 3138 illum
1635 3084 1859 3154 quidem
1891 3086 2053 3140 inter-

2163 3077 2306 3131 κατὰ
2344 3080 2443 3148 τῆς
2482 3080 2709 3150 καρδίας
2742 3080 3181 3152 τδνβάρσαρον·
3210 3083 3307 3139 καὶ
3329 3083 3490 3149 εὐθὺς
3511 3086 3604 3139 τδν
3635 3084 3737 3156 μὲν

477 3176 638 3244 imit,
700 3173 818 3230 fere
849 3183 1036 3230 autem
1069 3176 1247 3244 ipsum
1284 3189 1509 3243 quoque
1537 3174 1923 3230 Maximiannm
1953 3177 2050 3232 do-

476 3267 615 3334 lore,
653 3282 817 3337 quem
845 3266 915 3322 de
947 3281 1013 3321 eo
1040 3265 1253 3334 accepit
1282 3280 1299 3319 :
1324 3264 1499 3321 multo
1517 3281 1647 3320 vero
1670 3265 1842 3337 magis
1872 3266 2049 3337 ipsum

476 3376 697 3431 quoque
729 3375 996 3424 errorem,
1026 3368 1083 3413 et
1110 3373 1235 3413 cum
1266 3373 1333 3413 eo
1359 3358 1479 3429 eius
1511 3368 1792 3415 auctorem
1811 3400 1827 3428 ,
1861 3365 2053 3416 occul-

479 3464 617 3518 tum,
654 3455 902 3522 inquam,
932 3451 1322 3507 Maximianum
1348 3459 1527 3509 morte
1557 3451 1742 3507 allicit.

547 3545 637 3600 17.
666 3544 1039 3601 Maximianus
1062 3552 1249 3600 autem
1276 3543 1577 3614 imperator
1601 3559 1711 3598 non
1743 3546 1920 3615 potuit
1946 3561 2055 3601 am-

476 3638 620 3706 plius
646 3637 861 3702 sedere,
898 3635 994 3692 sed
1024 3634 1210 3691 statim
1248 3636 1488 3691 surrexit
1515 3635 1599 3691 ira
1630 3636 1828 3707 plenus
1858 3649 1915 3694 et
1947 3640 2050 3695 tri-

476 3729 648 3793 stitia,
702 3728 842 3783 etin
888 3727 1068 3782 aulam
1114 3726 1252 3782 abiit
1302 3727 1531 3798 regiam,
1581 3729 1764 3800 gravia
1814 3734 1961 3803 apud
1991 3749 2052 3790 se

476 3835 726 3882 versans,
760 3828 817 3874 et
845 3817 1093 3877 veritatis
1112 3817 1399 3889 splendori
1426 3819 1619 3874 volens
1648 3820 1851 3891 impius
1878 3823 2055 3879 oﬂun-

476 3914 611 3970 dere
659 3911 934 3978 tenebras,
981 3909 1345 3982 Nestorisque
1394 3912 1680 3971 victoriam
1728 3914 2050 3987 obscurare,

474 4023 540 4062 ac
568 4022 666 4077 per
694 4004 827 4061 illud
854 4005 1063 4061 cultum
1102 4004 1346 4074 Christi,
1391 4021 1506 4078 prae
1536 4008 1707 4064 multa
1742 4008 2051 4080 ignorantia

475 4114 593 4155 rem
630 4113 832 4154 vocans
861 4097 1180 4170 praestigias.
1206 4097 1396 4170 Neque
1440 4101 1589 4155 enim
1611 4143 1625 4167 ,
1659 4103 1883 4169 aiebat,
1917 4106 2054 4162 alias

476 4191 545 4245 ab
574 4205 640 4245 eo
665 4188 857 4246 {uisset
894 4190 1256 4260 interemptus
1287 4190 1356 4257 is,
1384 4191 1476 4263 qui
1509 4200 1616 4247 tam
1646 4197 1903 4265 praiclara
1930 4198 2054 4255 eﬂ'eo

477 4291 630 4338 cerat
654 4282 922 4353 facinora.
950 4281 1162 4352 Itaque,
1200 4298 1470 4355 generoso
1499 4285 1730 4344 Nestore
1760 4294 2050 4359 accersito,

477 4382 734 4445 tanquam
766 4387 855 4427 res
887 4381 1033 4429 esset
1061 4382 1236 4438 certa,
1271 4383 1327 4430 et
1357 4375 1502 4430 nulla
1532 4392 1669 4448 opus
1701 4378 1929 4437 haberet
1960 4384 2045 4438 in-

475 4464 819 4538 quisitione:
859 4465 954 4519 Dic
1004 4465 1161 4529 mihi,
1209 4465 1381 4532 dicit,
1436 4469 1781 4541 adolescens,
1818 4476 2067 4543 quanam"

2161 3174 2393 3242 ἀναιρεῖ,
2453 3173 2641 3242 σχεδὸν
2679 3173 2737 3228 δὲ
2797 3168 2893 3228 καὶ
2927 3175 3268 3248 Μαξιμιανδν
3307 3182 3375 3251 τῇ
3404 3183 3533 3252 περὶ
3572 3182 3738 3236 αὐτον

2150 3264 2303 3337 ¹λύττῃ
2324 3279 2339 3294 ·
2374 3266 2553 3335 πολλῷ
2581 3266 2643 3318 δὲ
2699 3266 2904 3336 μᾶλλον
2935 3271 3112 3324 είπεῖν
3157 3273 3251 3327 καὶ
3296 3274 3511 3346 πλάνην
3542 3275 3738 3345 αὐτὴν,

2160 3358 2252 3409 καὶ
2270 3357 2371 3411 σὺν
2393 3359 2575 3430 ἐκείνῃ
2603 3359 2698 3411 τὸν
2715 3360 2923 3432 ταύτης
2946 3363 3031 3417 ait
3042 3381 3138 3430 ιον,
3154 3365 3245 3418 τὸν
3275 3366 3539 3436 κρυπτὸν,
3568 3383 3643 3438 φη
3654 3368 3738 3438 μὶ,

2160 3450 2303 3513 Magi
2314 3468 2433 3519 μια·.
2445 3451 2502 3502 δν
2540 3452 2783 3509 (iuvaret.

2230 3540 2318 3605 ιζ’.
2354 3542 2688 3615 Μαξιμιανῷ
2737 3546 2921 3616 μέντοι
2984 3548 3063 3619 τῷ
3110 3547 3326 3621 βασιλεῖ
3373 3551 3476 3607 οὐκ
3525 3547 3596 3625 ἦν
3653 3553 3740 3609 ἔτι

2159 3633 2388 3687 ἀνεκτὸν
2409 3636 2443 3706 ἠ
2473 3636 2749 3708 καθέδραο
2782 3640 2921 3694 ἀλλά
2959 3642 3175 3713 πλήρης
3205 3645 3379 3716 ὀργῆς
3427 3647 3522 3700 καὶ
3566 3664 3739 3720 κατη-

2160 3720 2320 3790 φείας
2343 3724 2505 3788 εὐθὺς
2529 3726 2814 3799 ἐξανέστη,
2837 3731 2932 3783 καὶ
2958 3731 3095 3804 πρὸς
3114 3731 3215 3795 τὰς
3244 3734 3550 3804 βασιλείους
3568 3737 3740 3802 αὐλὰς

2159 3815 2309 3872 δεινὰ
2336 3818 2588 3889 στρέφων
2619 3821 2744 3875 καθ’
2775 3824 2972 3879 ἐαυτὸν
3011 3827 3316 3898 ἀπεχώρει,
3373 3814 3738 3904 ἐπισκοτῆσαι

2157 3909 2238 3980 τῷ
2271 3912 2468 3981 φέγγει
2495 3914 2597 3984 τῆς
2622 3915 2883 3986 ἀληθείας
2915 3919 2945 3971 δ
2968 3918 3237 3993 δυσσεὸὴς
3261 3922 3603 3995 βουλόμενος,
3632 3924 3743 3979 Νέ-

2163 4005 2354 4075 στορός
2376 4022 2437 4058 τε
2466 4005 2565 4077 τὴν
2596 4006 2757 4078 νίκην
2787 4012 2883 4063 καὶ
2910 4010 2978 4064 δι’
2996 4013 3208 4065 ἐκείνου
3244 4013 3307 4067 rb
3336 4016 3474 4086 πρὸς
3503 4017 3739 4088 Χριστὸν

2160 4098 2500 4168 ἀμαυρῶσαι
2558 4100 2745 4164 σέϐας,
2795 4104 3055 4174 γοητείαν
3112 4107 3177 4159 ἐκ
3208 4105 3412 4176 πολλῆς
3464 4110 3649 4169 ἀνοίας
3677 4110 3739 4165 τὸ

2161 4193 2392 4264 πρᾶγμα
2430 4192 2637 4249 καλῶν.
2697 4195 2852 4248 Ἐπεὶ
2896 4197 2996 4251 οὐκ
3043 4196 3131 4263 ἀν,
3161 4202 3317 4270 φησὶ,
3349 4202 3500 4272 παρὰ
3530 4201 3741 4258 τοιοῦδε

2157 4282 2416 4347 τοιαύτας
2450 4285 2822 4356 ἀνδραγαθίας
2849 4286 3264 4359 ἐπιδειξάμενος
3280 4292 3553 4364 ἀνῃρεῖτο.
3576 4295 3630 4346 ’Λ
3641 4295 3741 4364 μέ-

2160 4376 2242 4428 λει
2274 4375 2370 4431 καὶ
2408 4376 2662 4447 Νέστορα
2691 4378 2784 4430 τὸν
2815 4382 3067 4446 γενναῖον
3095 4384 3619 4455 μεταπεμψάμενος,
3658 4386 3739 4450 ῶς

2159 4470 2253 4523 ἐπὶ
2281 4469 2572 4541 πράγματι
2597 4471 3018 4541 όμολογουμένῳ
3064 4474 3159 4526 καὶ
3195 4475 3451 4546 οὐδεμιᾶς
3481 4477 3737 4548 δεομένου

475 4566 592 4609 arte
631 4568 765 4619 usus
794 4554 1004 4625 magica
1026 4596 1040 4621 ,
1072 4564 1170 4610 aut
1198 4572 1467 4625 quosnam
1502 4560 1710 4618 habens
1752 4564 2050 4633 adiutores,

2160 4561 2465 4632 ζητήσεως,
2494 4561 2630 4616 Είπέ
2657 4580 2771 4633 μοι,
2803 4564 3075 4627 νεανίσκε,
3125 4565 3296 4635 λέγει,
3340 4568 3453 4621 τίσι
3482 4570 3738 4638 μαγείαις

472 4647 715 4718 Lyaeum,
743 4647 920 4712 virum
950 4656 1192 4714 tantum,
1218 4648 1587 4707 interfecisti?
1611 4654 1708 4710 Cui
1739 4655 1932 4711 Nestor
1964 4658 2050 4712 ni-

475 4742 552 4794 hil
581 4739 825 4804 territus.
855 4739 952 4796 sed
984 4741 1212 4797 omnino
1240 4741 1549 4814 conﬁdens,
1581 4748 1752 4816 quod,
1787 4750 1878 4818 qui
1905 4750 2054 4806 dedit

474 4832 628 4907 illum
663 4833 963 4905 superbum
1009 4841 1066 4891 et
1101 4832 1432 4891 insolentem
1481 4838 1551 4894 de
1593 4839 1774 4896 medio
1821 4843 2009 4898 tollere
2036 4884 2050 4908 ,

474 4925 593 4994 ipse
617 4941 838 4997 quoque
867 4929 934 4983 de
985 4941 1050 4983 eo
1077 4928 1497 4985 convenientem
1544 4931 1696 4987 dabit
1740 4934 2057 5003 responsio-

473 5032 601 5073 nem
630 5034 647 5072 :
673 5017 846 5085 Nihil,
881 5019 1102 5091 inquit,
1131 5036 1165 5078 o
1197 5021 1520 5093 imperator,
1555 5024 1681 5089 tale,
1728 5041 1832 5081 nec
1875 5027 2007 5082 mihi
2037 5068 2052 5090 ,

471 5110 713 5166 neciulii
740 5122 824 5177 est
854 5112 1168 5175 Christiano
1211 5115 1363 5172 utile.
1413 5115 1609 5172 Nullus
1654 5129 1836 5173 autem
1886 5119 2052 5175 hOIllO

474 5201 614 5257 mihi
641 5201 839 5273 fuitad
874 5205 980 5263 hoc
1010 5206 1249 5278 adiutor,
1272 5206 1378 5262 nisi
1404 5207 1553 5264 solus
1582 5207 1726 5264 Deus
1763 5210 2048 5277 Demetrii,

477 5292 643 5359 Deus,
669 5310 704 5351 ο
732 5294 1049 5367 imperator,
1076 5298 1535 5356 Christianorum.

546 5605 658 5728 tia
699 5605 837 5660 Cum
872 5622 1176 5682 anonymus
1197 5610 1372 5666 sancti
1401 5611 1658 5670 Demetrii
1689 5615 2045 5689 biograplius,

551 5690 563 5724 ι
657 5678 954 5728 ctanhrasd
1008 5679 1292 5728 nrzrlitxit-
1339 5682 1477 5728 hanc
1529 5676 1776 5728 Npatm-ic'
1859 5701 2045 5728 mmim

474 5676 563 5751 qui
606 5676 955 5746 Hctaphrasﬁ
1008 5676 1293 5751 prwlnxit,
1339 5682 1478 5737 hanc
1528 5676 1813 5751 Nestoris:
1859 5676 2045 5743 contra

477 5745 695 5813 Lyaeum
719 5745 1093 5816 certaturifad
1116 5752 1286 5806 Deum
1315 5753 1611 5810 orationem
1643 5774 1746 5811 non
1773 5745 2045 5828 exhibeat,

2157 4660 2505 4729 χρησάμενος
2543 4657 2576 4730 ἢ
2617 4657 2771 4722 τίνας
2805 4658 2946 4729 ἔχων
2980 4661 3106 4724 τοὺς
3163 4664 3481 4732 συνεργοὺς,
3534 4665 3736 4716 Λυαῖον

2159 4752 2445 4823 ἀνῄρηκας
2470 4750 2565 4805 τὸν
2590 4752 2850 4805 τοσοῦτον
2872 4767 2887 4817 ;
2918 4739 3067 4823 Πρὸς
3086 4752 3259 4806 ταῦτα
3279 4755 3308 4806 ό
3333 4754 3564 4826 Νέστωρ
3584 4756 3735 4809 οὐδὲν

2160 4836 2583 4907 ὐποδειλιάσας,
2636 4842 2776 4897 ἀλλὰ
2825 4843 3113 4915 θαρρήσας
3159 4846 3401 4910 πάντως,
3433 4848 3517 4901 ὅτι
3547 4849 3577 4902 ό
3612 4848 3737 4912 δοὺς

2160 4937 2371 4989 ἐκεῖνον
2415 4936 2511 4989 τὸν
2565 4935 2918 5007 ὑπερήφανον
2973 4935 3208 5000 ἀνελεῖν,
3250 4939 3413 5001 αὐτὸς
3442 4939 3607 4992 δώσει
3638 4939 3735 4994 καὶ

2163 5029 2551 5093 προσήκουσαν
2612 5024 2714 5095 τὴν
2774 5025 2903 5095 περὶ
2971 5025 3140 5079 αὐτοῦ
3193 5025 3383 5080 θέσθαι
3414 5027 3735 5096 ἀπολογίαν,

2163 5112 2352 5176 Οὐδὲν,
2382 5113 2508 5185 εφη,
2544 5112 2793 5184 βασιλεῦ,
2831 5115 3076 5171 τοιοῦτον
3111 5116 3233 5171 οὐδὲ
3262 5117 3408 5185 ἐμοὶ,
3437 5116 3561 5171 οὔτε
3590 5118 3739 5189 ἄλλῳ

2163 5206 2506 5276 Χριστιανῶν
2525 5221 2541 5239 ο
2573 5207 2836 5279 συνεργὸς
2857 5207 2914 5262 δέ
2942 5225 3035 5279 μοι
3062 5209 3200 5279 πρὸς
3224 5210 3386 5263 τοῦτο
3403 5210 3740 5282 τῶνάνθρὼ-

2164 5316 2283 5352 πων
2310 5298 2509 5364 οὐδεὶς,
2550 5300 2634 5352 ὅτι
2658 5298 2733 5369 μὴ
2771 5299 2934 5369 μόνος
2965 5303 2995 5355 ό
3017 5303 3335 5374 Δημητρίου
3355 5302 3509 5368 Θεὸς,
3532 5303 3738 5372 ἁΘεὸς,

2166 5389 2412 5461 βασιλεῦ,
2450 5391 2559 5445 τῶν
2583 5392 2950 5462 Χριστιανῶν.

2157 5619 2518 5675 dubitandum
2563 5621 2651 5695 vix
2694 5631 2953 5695 apparet,
3004 5624 3136 5694 quin
3162 5638 3285 5681 eam
3337 5623 3608 5695 posterior
3649 5625 3741 5682 hie

2158 5703 2416 5815 scrt‘ptor,
2446 5692 2755 5814 verosimili
2777 5692 3108 5766 ﬁwujectura
3162 5711 3315 5763 usus,
3338 5692 3465 5765 ipro
3506 5695 3737 5752 arbitrio

2159 5775 2263 5814 cun
2287 5775 2456 5815 nixcrt
2489 5797 2504 5814 .
