4142 6380
359 373 496 437 1197

1389 380 1442 438 S.
1495 378 1879 440 DEMETRII
1921 381 2317 444 MARTYRIS
2357 384 2572 446 ACTA.

3480 379 3618 442 H98

423 487 514 558 ιη’.
549 486 754 540 Τούτου
806 484 1040 558 φανερὸς
1070 483 1228 553 ἆθλος
1268 489 1296 542 ὁ
1326 489 1549 555 ξΛυαίου
1583 491 1836 558 θάνατος,
1872 493 1933 558 ὃς

2111 495 2194 550 l8.
2229 495 2576 550 Manifestum
2615 494 2737 566 eius
2770 502 3050 550 certamen
3103 491 3206 546 fuit
3247 504 3400 546 mors
3448 489 3619 560 Lyaei,

347 583 408 635 ἐν
437 580 586 650 χειρὶ
621 580 867 650 κραταιᾷ
903 583 1000 634 καὶ
1040 583 1098 635 ἐν
1135 581 1404 653 βραχίονιε
1443 583 1635 653 ὑψηλῷ
1663 587 1758 639 καὶ
1784 586 1938 655 Σηὼν

279 697 286 710 λ
351 675 446 729 καὶ
478 675 580 728 Ὢκ
619 675 716 728 καὶ
747 677 977 744 μυρίους
1017 675 1210 740 ἄλλους
1243 679 1420 746 πολλῷ
1453 681 1654 748 μᾶλλον
1682 683 1938 753 ἢΛυαῖον

352 767 448 838 τὴν
477 765 671 838 ῥώμην
700 767 990 836 ἐπιφανείς
1021 769 1266 839 εὐχερῶς
1291 771 1524 838 ἀνεῖλεν,
1567 775 1628 826 ού
1684 776 1811 829 καθ’
1843 776 1942 830 ἕνα

353 857 533 928 μόνον,
561 856 700 910 ἀλλά
731 859 828 911 καὶ
862 858 1004 912 κατὰ
1037 858 1243 927 πλῆθος
1275 861 1835 933 συναθροισαμένους.
1873 866 1939 917 Τί

354 947 428 1018 μὴ
452 948 598 1016 λέγω
631 946 700 1001 τὰ
749 950 964 1002 ἐκείνου
998 950 1161 1018 μόνου
1209 950 1427 1020 ἀληθῶς
1454 952 1616 1020 ἀξια,
1687 949 1749 1008 οὗ
1777 955 1940 1024 ἔργον

349 1040 577 1110 οὐρανὸς
596 1041 690 1093 καὶ
722 1041 792 1110 γῆ
818 1041 913 1094 καὶ
932 1041 1002 1095 τὰ
1032 1043 1090 1094 ὲν
1113 1043 1298 1107 αὐτοῖς
1321 1043 1561 1113 ἆπαντα;
1595 1045 1711 1102 Ούκ
1739 1047 1938 1119 ἤνεγκε

349 1133 420 1185 τὰ
457 1133 670 1204 μεγάλα
702 1133 877 1186 ταῦτα
909 1135 942 1204 ἠ
974 1134 1156 1206 φαύλη
1185 1137 1539 1206 Μαξιμιανοῦ
1592 1140 1754 1211 ἀκοὴ,
1801 1142 1942 1196 ἀλλά

349 1225 461 1278 τῶν
490 1225 671 1279 καλῶν
699 1226 876 1294 λόγων
909 1227 1159 1297 μισθοὺς,
1189 1230 1284 1282 καὶ
1313 1234 1415 1301 τῆς
1447 1233 1606 1302 νίκης
1631 1234 1781 1305 αὐτῷ
1807 1234 1940 1304 βρα-

351 1317 473 1370 σεία
499 1317 592 1370 τὸν
615 1318 701 1371 διὰ
734 1318 923 1387 ξίφους
951 1321 1148 1389 ἐπάγει
1181 1320 1437 1377 θάνατον.
1463 1325 1696 1395 Νέστωρ
1723 1327 1822 1396 μὲν
1845 1326 1938 1380 οὖν

348 1408 494 1463 οὕτω
519 1410 614 1463 τοῦ
648 1411 736 1464 διὰ
774 1413 1013 1480 Χριστδν
1037 1417 1310 1484 μακαρίου
1349 1417 1536 1480 τέλοοις
1560 1419 1938 1488 ἐπιτυγχάνει,

349 1503 445 1556 καὶ
476 1501 554 1573 τῷ
587 1503 703 1574 ίδίῳ
736 1504 884 1573 ξίφει
905 1505 1123 1575 δέχεται
1155 1509 1254 1576 τὴν
1279 1509 1474 1578 τομὴν,
1513 1509 1658 1562 οὕτω
1691 1509 1792 1578 μὲν
1817 1511 1940 1564 Μα-

349 1593 608 1664 ξιμιανοῦ
645 1595 1030 1662 κελεύσαντος,
1064 1598 1154 1652 ἵνα
1189 1599 1416 1652 κάκεῖνο
1440 1600 1581 1669 τάχα
1615 1598 1940 1670 μαρτυρικῷ

349 1685 548 1755 αἵματι
607 1687 980 1760 καθαγιασθῇ,
1042 1691 1412 1745 Μινουκιανοῦ
1473 1692 1528 1746 δὲ
1560 1691 1940 1761 προτίκτωρος

350 1778 487 1846 πρὸς
519 1778 618 1849 τὴν
675 1781 892 1852 σφαγὴν
952 1783 1426 1855 ὑπουργήσαντος.
1496 1786 1606 1838 Καὶ
1629 1783 1939 1851 οῦτωπρὸς

349 1870 605 1938 Χριστὸν,
632 1871 691 1924 δν
714 1872 964 1943 ἐφίλησε,
991 1876 1446 1946 παραπέμπεται,
1471 1875 1603 1946 παρ’
1631 1869 1692 1930 οὗ
1726 1875 1939 1944 καὶτῆς

349 1963 733 2032 διπλῆςνίκης
761 1965 1106 2036 ἀπολήψεται
1131 1969 1260 2032 τοὺς
1297 1971 1622 2038 στεφάνους.

422 2055 508 2132 ιϐ’.
559 2056 844 2110 Ἐντεῦθεν
898 2059 1166 2113 ύποϐολαὶ
1219 2061 1362 2114 κατὰ
1412 2063 1734 2132 Δημητρίου
1769 2063 1938 2117 πάλιν

349 2149 447 2200 καὶ
485 2149 732 2218 διαϐολαὶ
754 2149 1152 2222 πιθανώτεραι,
1184 2152 1258 2216 ὼς
1287 2154 1451 2218 αὐτὸς
1483 2155 1570 2225 εἴη
1600 2154 1694 2208 τοῦ
1732 2156 1936 2209 Λυαίου

348 2239 573 2309 σφαγῆς
633 2241 827 2304 αίτιος.
893 2241 1104 2296 Αὐτίκα
1139 2243 1271 2312 γοῦν
1309 2244 1662 2317 Μαξιμιανδς
1699 2247 1937 2314 ὀξύτατα

349 2331 634 2400 χολωθεὶς,
653 2332 750 2386 καὶ
770 2333 888 2404 ἅμα
920 2336 1308 2406 οἰωνισάμενος
1326 2337 1398 2401 ὡς
1429 2340 1531 2393 οὐκ
1552 2339 1760 2409 ἀγαθὸν
1784 2341 1936 2413 αύτῷ

351 2423 671 2493 συνάντημα
747 2426 1062 2498 Δημήτριος
1136 2429 1350 2498 γένοιτο
1409 2433 1548 2502 πρὸς
1605 2433 1666 2486 τὸ
1717 2435 1935 2488 στάδιον

350 2515 577 2577 ἀνιόντι,
604 2514 822 2568 κελεύει
853 2519 948 2572 τὸν
973 2519 1227 2591 μάρτυρα
1256 2522 1312 2573 ὲν
1354 2522 1549 2587 αὐταῖς
1577 2519 1670 2587 αἷς
1733 2528 1938 2596 ἐφρου-

351 2607 500 2675 ρεῖτο
518 2607 770 2676 καμίνοις
799 2608 1024 2679 λόγχαις
1063 2612 1438 2683 ἀναιρεθῆναι.
1477 2617 1542 2669 Ὃ
1574 2615 1636 2686 δὴ
1663 2617 1758 2670 καὶ
1785 2619 1936 2686 γίνε-

347 2715 460 2752 ται.
497 2700 608 2752 Καὶ
634 2702 661 2752 ό
684 2701 847 2764 καλὸς
882 2704 946 2756 σὺ
993 2704 1062 2756 τά
1097 2705 1295 2770 πάντα,
1341 2708 1677 2778 Δημήτριος,
1737 2711 1765 2762 ὁ
1813 2711 1936 2765 λίαν

352 2790 447 2844 τοῦ
480 2792 754 2844 Δεσπότου
783 2796 1195 2866 περιεχόμενος,
1226 2797 1425 2866 ὁμοίως
1452 2800 1601 2869 αῦτῴ
1630 2801 1730 2870 τὴν
1763 2803 1932 2855 πλευ-

350 2883 454 2956 {ab
476 2883 748 2954 λογχεύει,
772 2888 868 2939 καὶ
901 2886 1062 2940 τοῦτο
1098 2889 1356 2959 ἀφορμὴν
1385 2893 1479 2944 καὶ
1508 2891 1627 2944 ὁδὸν
1656 2893 1936 2963 εὑρίσκεις

350 2975 450 3043 τῆς
491 2976 625 3046 πρὸς
654 2979 865 3030 ἐκεῖνον
905 2978 1177 3046 ἀφίξεως·
1225 2982 1498 3052 μακάριος
1543 2984 1642 3053 μὲν
1669 2985 1760 3036 τοῦ
1794 2984 1933 3054 βίου,

352 3069 772 3140 μακαριώτερος
799 3070 856 3123 δὲ
887 3072 982 3124 τοῦ
1007 3073 1194 3136 τέλους
1221 3073 1318 3127 καὶ
1341 3075 1450 3128 τῶν
1474 3075 1756 3144 στεφάνων
1781 3077 1936 3144 γενό-

353 3177 535 3231 μενος,
564 3162 656 3214 καὶ
688 3163 787 3232 τῆς
813 3165 894 3227 είς
926 3164 1129 3230 αἰῶνας
1163 3166 1312 3238 αύτῷ
1342 3167 1420 3237 τῷ
1455 3167 1781 3240 ποθουμένῳ
1804 3187 1933 3237 συγ·
1964 3192 2008 3250 c

354 3253 758 3322 κατοικήσεως.

426 3525 494 3574 κ’.
534 3516 662 3591 Εἶχε
717 3522 814 3590 μὲν
853 3517 947 3576 οὖν
973 3523 1116 3578 οὕτω
1150 3524 1348 3592 ταῦτα,
1404 3528 1502 3580 καὶ
1534 3529 1561 3582 ό
1611 3530 1807 3598 νεκρὸς
1839 3531 1933 3585 τοῦ

356 3617 638 3690 μάρτυρος
664 3615 809 3667 κατὰ
840 3615 944 3684 γῆς
975 3617 1224 3688 ἔρριπτο.
1259 3620 1352 3671 καὶ
1383 3619 1556 3683 οὐδεὶς
1578 3621 1744 3674 αὐτοῦ
1782 3623 1933 3692 λόγος

355 3708 519 3778 μέχρι
556 3707 722 3769 τινός.
761 3707 986 3770 Πάντως
1029 3707 1088 3760 δὲ
1141 3707 1272 3761 οὔτε
1304 3712 1450 3763 ὅσιον
1506 3706 1596 3781 ἦν,
1635 3712 1762 3765 οὔτε
1798 3713 1935 3766 Θεοῦ

351 3800 492 3861 ὅλως
519 3798 691 3864 ἀξιον,
715 3799 853 3868 ὑπὲρ
877 3791 940 3852 οὗ
968 3798 1242 3852 πέπονθεν
1278 3802 1453 3853 ἐκεῖνο
1477 3802 1536 3854 τὸ
1573 3802 1722 3872 ἱερὸν
1755 3803 1935 3873 σῶμα,

351 3889 525 3953 οὕτως
550 3890 681 3943 αὐτὸ
707 3891 981 3960 παριδεῖν.
1031 3888 1246 3944 Οὔκουν
1281 3891 1402 3944 οὐδὲ
1452 3893 1730 3961 παρεῖδεν.
1774 3895 1937 3949 Ἀλλά

354 3983 464 4036 τῶν
492 3982 880 4052 ’φιλοχρίστων
930 3982 1074 4045 τινὲς
1115 3981 1408 4044 ὑποϐολαῖς
1429 3984 1680 4051 ι,ἐκείνου
1743 3989 1938 4049 νυκτὸς

355 4074 772 4145 προσελθόντες,
805 4073 900 4128 καὶ
926 4073 1141 4142 ἀτίμως
1174 4073 1431 4143 κείμενον
1458 4075 1519 4128 τὸ
1541 4075 1738 4147 κομιδῆ
1758 4077 1938 4144 τίμιον

353 4169 672 4236 ἀνελόμενοι
713 4167 960 4230 εὐλαϐῶς
987 4165 1452 4237 περιστέλλουσιν.
1502 4163 1638 4221 Εἶτα
1670 4171 1765 4221 καὶ
1792 4169 1938 4223 κόνιν

354 4259 714 4322 ἐπιϐαλόντες
763 4262 822 4312 ἒν
877 4259 1028 4328 αὐτῷ
1071 4259 1149 4330 τῷ
1180 4261 1333 4329 τόπῳ
1362 4258 1491 4312 ἔνθα
1537 4260 1602 4330 δὴ
1655 4261 1750 4312 καὶ
1788 4278 1938 4313 τετε-

353 4353 546 4406 λείωτο
569 4351 833 4421 Θεοφιλῶς
862 4351 1186 4407 θάπτουσιν.
1220 4345 1313 4414 Εἷς
1343 4351 1399 4404 δέ
1433 4369 1519 4415 τις
1573 4352 1683 4405 τῶν
1711 4354 1938 4408 οἰκετῶν

354 4444 448 4498 τοῦ
476 4444 630 4513 ἁγίου
656 4444 944 4513 παραστὰς
966 4443 1117 4514 αὐτῷ
1141 4445 1240 4514 τὴν
1267 4444 1547 4516 μακαρίαν
1575 4446 1936 4517 ύφισταμένῳ

2041 590 2131 658 qui
2166 590 2216 642 iu
2252 606 2410 642 manu
2441 589 2571 643 furti
2608 597 2660 643 et
2695 588 2918 643 brachio
2944 586 3166 642 excelso
3201 583 3384 638 Sebon
3415 595 3464 638 et
3498 582 3578 653 Og
3601 623 3618 648 ,

2041 690 2097 732 et
2121 681 2257 733 alios
2287 680 2736 744 innumerabiles,
2768 680 2928 749 longe
2961 677 3136 748 magis
3159 717 3173 739 ,
3205 691 3367 746 quam
3404 674 3620 744 Lyatus.

2044 771 2242 826 virtute
2271 771 2517 842 insignes
2544 771 2702 826 facile
2727 773 2792 826 de
2827 771 3008 825 medio
3034 768 3280 831 sustulit,
3308 783 3417 822 non
3447 765 3619 818 solum

2042 863 2309 932 singulos,
2335 865 2428 918 sed
2447 867 2611 918 etiam
2646 880 2838 933 magna
2863 861 3231 917 circumdatos
3254 857 3620 913 multitudine.

2044 951 2150 1006 Sed
2182 967 2280 1006 cur
2307 968 2417 1006 non
2452 953 2578 1006 dico
2609 968 2673 1005 ea
2698 967 2818 1020 quae
2845 961 2974 1005 sunt
3010 951 3104 1004 illo
3129 949 3247 1004 solo
3279 962 3405 1002 vere
3435 945 3620 1016 digna,

2042 1046 2196 1113 cujus
2221 1061 2360 1115 opus
2393 1056 2478 1101 est
2507 1047 2706 1100 coelum
2747 1055 2801 1100 et
2833 1055 2999 1110 terra,
3035 1053 3091 1098 et
3119 1057 3238 1113 quae
3283 1051 3411 1096 sunt
3453 1040 3506 1093 in
3542 1039 3625 1093 eis

2042 1135 2266 1190 omnia?
2298 1135 2416 1190 Non
2449 1138 2695 1191 tulerunt
2727 1136 2843 1190 haec
2872 1151 3065 1205 magna
3100 1147 3262 1202 aures
3292 1131 3430 1184 viles
3456 1129 3626 1182 Maxi-

2046 1229 2235 1291 miani,
2270 1229 2363 1283 sed
2391 1228 2748 1298 pulchrorum
2781 1230 3070 1282 verborum
3106 1222 3416 1279 mercedem
3452 1231 3507 1275 et
3541 1219 3623 1273 vi-

2042 1323 2226 1376 ctoria:
2277 1323 2591 1392 praemium,
2641 1323 2691 1376 ei
2730 1331 2960 1376 mortem
2991 1319 3151 1373 aﬂ’ert
3182 1315 3378 1388 gladio.
3431 1315 3496 1367 Et
3541 1311 3624 1367 sic

2043 1414 2264 1483 quidem
2300 1412 2494 1469 Nestor
2525 1417 2742 1469 beatum
2777 1416 2939 1469 linem
2977 1418 3202 1482 propter
3227 1408 3508 1464 Christum
3537 1413 3622 1458 est
3673 1473 3675 1476 γ

2042 1514 2406 1559 consecutus:
2427 1514 2482 1559 et
2512 1521 2612 1558 suo
2639 1521 2770 1558 ense
2801 1505 3008 1575 plagam
3034 1500 3264 1570 accepit,
3291 1499 3370 1554 sic
3396 1497 3626 1568 jubente

2043 1596 2393 1660 Maximiano,
2420 1596 2558 1650 forte
2588 1606 2641 1650 ut
2667 1597 2756 1650 ille
2788 1610 3006 1664 quoque
3031 1593 3324 1663 martyrico
3356 1587 3626 1657 Sanguine

2043 1688 2498 1744 sanetiﬁcaretur.
2547 1688 2684 1744 Cum
2731 1689 2894 1758 igitur
2943 1686 3282 1740 Minutianus
3342 1689 3625 1753 protector

2045 1781 2209 1835 Cu’dis
2246 1780 2438 1835 fuisset
2487 1780 2830 1843 administer,
2880 1779 2958 1834 sic
2991 1780 3188 1834 Nestor
3232 1774 3626 1831 transmittitur

2045 1872 2110 1927 ad
2143 1872 2454 1935 Christum,
2489 1889 2650 1942 quem
2683 1873 2892 1937 dilexit,
2921 1881 2976 1926 et
3019 1888 3046 1926 a
3077 1887 3183 1940 quo
3217 1879 3336 1926 erat
3363 1875 3627 1939 acceptu-

2042 1979 2138 2018 rus
2165 1979 2397 2018 coronas
2425 1963 2660 2034 duplicis
2692 1963 2932 2016 victoriae
2955 1962 3094 2034 (i5).

2113 2055 2195 2107 19.
2233 2055 2373 2108 Hinc.
2403 2054 2624 2110 fraudes
2657 2055 2710 2108 in
2749 2054 3085 2108 Demetrium
3113 2068 3325 2117 rursus,
3362 2050 3626 2108 crimina-

2041 2146 2222 2200 tiones
2272 2146 2632 2200 intenduntur
2681 2145 3098 2216 probabiliores,
3134 2145 3281 2214 quod
3313 2145 3427 2214 ipse
3475 2152 3625 2200 esset

2039 2251 2203 2292 causa
2235 2237 2398 2292 czedis
2425 2236 2588 2308 Lyaei.
2613 2236 2884 2292 Continuo
2913 2236 3078 2305 igitur
3117 2236 3482 2290 vehementer
3515 2235 3622 2290 ira-

2042 2336 2130 2383 tus
2157 2327 2542 2395 Maximianus,
2563 2337 2618 2384 et
2637 2328 2797 2384 simul
2822 2338 3120 2399 auguratus
3149 2342 3257 2381 non
3283 2327 3398 2382 fore
3422 2327 3625 2380 bonum

2039 2435 2224 2484 omen,
2253 2421 2298 2476 si
2324 2421 2371 2475 ei
2399 2429 2714 2475 occurreret
2740 2419 3048 2474 Demetrius
3072 2419 3129 2472 in
3159 2417 3394 2472 stadium
3430 2414 3626 2472 ascen-

2036 2511 2212 2576 denti,
2241 2512 2308 2567 ad
2341 2513 2484 2582 quod
2521 2528 2619 2582 per
2664 2512 2941 2566 lavacrum
2993 2517 3110 2567 erat
3161 2509 3621 2578 accessus,jubet

2036 2615 2330 2676 martyrem
2366 2605 2597 2660 interﬁci
2624 2606 2830 2660 lanceis
2864 2605 2917 2658 in
2960 2603 3027 2659 iis
3064 2603 3198 2673 ipsis
3245 2601 3501 2666 caminis,
3552 2601 3612 2656 in

2037 2695 2241 2765 quibus
2271 2695 2704 2753 custodiebatur.
2739 2695 2894 2760 Quod
2930 2695 2988 2749 tit
3021 2695 3203 2748 etiam.
3246 2695 3312 2748 Et
3345 2692 3441 2747 tibi
3490 2692 3619 2762 qui-

2036 2787 2186 2850 dem,
2217 2786 2308 2857 qui
2351 2801 2416 2841 ex
2445 2787 2597 2842 omni
2645 2803 2709 2841 ex
2749 2795 2903 2857 parte
2937 2785 3166 2856 pulcher
3216 2795 3272 2838 et
3324 2785 3613 2848 honestus,

2043 2877 2303 2943 Demetri,
2331 2878 2422 2946 qui
2450 2878 2748 2932 Dominum
2771 2876 3063 2946 diligenter
3086 2875 3335 2938 sectaris,
3365 2884 3420 2929 et
3442 2873 3630 2930 omnia

2037 2971 2188 3026 illius
2220 2970 2427 3039 diligis.
2458 2971 2714 3026 similiter
2735 2978 2903 3040 atque
2931 2971 3033 3040 ipsi
3067 2969 3254 3024 lancea
3289 2968 3433 3022 latus
3462 2965 3628 3022 conti-

2041 3063 2206 3134 gitur,
2245 3063 2498 3132 hancque
2530 3063 2748 3118 invenis
2793 3062 3143 3119 occasionem
3187 3070 3243 3116 et
3275 3060 3418 3115 viam
3452 3060 3527 3115 tui
3555 3059 3625 3114 ad

2041 3170 2167 3209 eum
2201 3153 2499 3215 adventus;
2535 3154 2726 3208 beatus
2764 3155 2984 3224 quidem
3023 3161 3246 3224 propter
3272 3152 3460 3215 vitam,
3499 3151 3628 3206 bea-

2044 3245 2148 3298 tior
2188 3252 2368 3309 autem
2403 3254 2624 3315 propter
2647 3245 2936 3300 decessum
2964 3253 3020 3300 et
3049 3259 3302 3311 coronas,
3318 3253 3373 3298 et
3404 3251 3627 3313 propter

2039 3343 2302 3392 aeternam
2346 3348 2496 3392 tuam
2528 3336 2990 3394 cohabitationem
3023 3353 3152 3394 cum
3183 3353 3248 3392 eo
3285 3351 3448 3406 quem
3480 3334 3628 3391 desi-

2041 3426 2272 3482 derabas
2310 3425 2447 3498 (i6).

2109 3518 2198 3575 ΞΟ.
2239 3519 2365 3574 Haec
2398 3520 2619 3591 quidem
2663 3521 2744 3577 sic
2780 3535 2840 3576 se
2870 3519 3170 3586 habebant,
3199 3530 3256 3575 et
3292 3520 3444 3575 humi
3469 3517 3624 3587 jaco-

2038 3611 2133 3668 bat
2166 3629 2368 3684 corpus
2419 3616 2698 3688 martyris,
2749 3629 2928 3685 neque
2979 3597 3306 3684 aliquandiu
3354 3616 3464 3668 ulla
3501 3615 3626 3684 ejus

2040 3704 2344 3760 habebatur
2378 3707 2538 3762 ratio.
2569 3705 2810 3761 Omnino
2844 3713 3029 3760 autem
3059 3721 3162 3761 nec
3192 3714 3312 3761 crat
3338 3717 3620 3768 sanctum,

2040 3812 2146 3852 nec
2173 3799 2282 3853 Deo
2313 3800 2472 3869 plane
2503 3800 2756 3870 dignum,
2791 3815 2886 3868 pro
2916 3815 3026 3869 quo
3051 3816 3269 3869 passum
3302 3810 3420 3855 erat
3442 3816 3629 3857 sacro-

2042 3898 2297 3942 sanctum
2332 3889 2464 3942 illud
2498 3904 2721 3958 corpus,
2749 3889 2829 3943 sic
2872 3889 3051 3958 ipsum
3099 3890 3401 3960 despicere.
3435 3891 3627 3958 Neque

2041 3995 2170 4052 ergo
2207 3981 2454 4049 despexit
2497 3997 2511 4035 :
2558 3981 2655 4036 sed
2689 3981 2912 4050 quidam
2959 3997 3024 4036 ex
3084 3981 3152 4036 iis
3202 3982 3296 4051 qui
3345 3982 3625 4038 Christum

2042 4075 2318 4137 amabant,
2364 4077 2484 4144 ejus
2540 4075 2828 4140 instinctu,
2882 4083 3044 4129 nocte
3101 4075 3446 4138 accedentes,
3498 4089 3624 4130 cum

2043 4163 2199 4218 valde
2232 4165 2460 4234 turpiter
2479 4165 2670 4234 jaccns
2700 4180 2901 4234 corpus
2927 4165 3228 4235 pretiosum
3251 4168 3625 4235 sustulissent,

2045 4257 2096 4312 id
2134 4257 2220 4326 pie
2254 4267 2612 4326 componunt.
2665 4258 2872 4313 Deinde
2905 4259 3070 4312 etiam
3119 4259 3324 4328 injecto
3375 4260 3624 4329 pulvere,

2047 4349 2102 4403 in
2138 4365 2203 4403 eo
2247 4349 2362 4418 ipso
2399 4351 2542 4412 loco,
2571 4350 2628 4404 in
2664 4366 2774 4420 quo
2801 4349 2975 4404 fuerat
3004 4361 3434 4412 consummatus,
3465 4366 3629 4422 sepe-

2042 4441 2184 4495 liunt
2215 4442 2300 4512 pie
2337 4457 2399 4494 ac
2431 4442 2705 4512 religiose.
2732 4442 2966 4508 Quidam
3000 4455 3181 4498 autem
3227 4458 3296 4499 ex
3327 4444 3512 4499 Sancti
3546 4444 3628 4499 ia-

357 4540 596 4610 σφαγὴν,
634 4539 723 4592 καὶ
754 4539 830 4602 ὡς
854 4534 966 4591 οἷόν
997 4555 1054 4590 τε
1089 4533 1178 4608 ἦν,
1205 4537 1265 4590 τὸ
1295 4537 1436 4593 θεῖον
1472 4539 1651 4592 ἐκεῖνο
1679 4534 1818 4609 αἷμα
1849 4541 1931 4602 είς

2042 4533 2224 4598 mulis,
2260 4543 2410 4588 stans
2439 4550 2606 4603 prope
2633 4551 2780 4596 eum.
2812 4536 3033 4604 quando
3064 4537 3278 4592 beatam
3310 4537 3456 4592 illam
3491 4537 3624 4592 sub-

353 4632 416 4686 τὸ
460 4633 605 4702 ἱερὸν
651 4631 744 4684 τοῦ
787 4632 1066 4701 μάρτυρος
1105 4630 1432 4700 ἀνελόμενος
1469 4631 1738 4701 επὼμιον,
1793 4633 1930 4684 ἀλλά

355 4723 450 4775 καὶ
479 4722 538 4774 δν
568 4724 755 4791 ὲφόρει
788 4722 929 4775 κατά
966 4723 1124 4792 χεῖρα
1153 4719 1461 4787 δακτύλιον,
1487 4723 1579 4775 καὶ
1607 4723 1769 4774 αὑτὸν
1800 4722 1928 4776 συλ-

353 4811 535 4865 λαϐὼν
561 4813 656 4868 καὶ
685 4812 762 4880 τῷ
799 4810 1123 4882 μαρτυρικῷ
1159 4811 1354 4881 αίματι
1411 4812 1762 4882 περιχρίσας,
1793 4813 1928 4866 πολύ

353 4920 405 4956 τι
439 4908 629 4974 χρῆμα
656 4903 957 4972 τεραστίων
984 4904 1270 4972 εἰργάζετο
1293 4903 1360 4954 δι’
1390 4903 1576 4956 αὑτοῦ.

425 5081 534 5136 καί.
567 5081 674 5134 Καὶ
699 5079 857 5134 οὐδὲν
887 5077 954 5150 ἦν
995 5080 1119 5134 οὔτε
1152 5082 1262 5136 τῶν
1285 5080 1633 5152 νοσημάτων,
1667 5079 1790 5134 οὔτε
1821 5081 1930 5134 τῶν

355 5176 611 5247 πονηρῶν
646 5174 971 5243 πνευμάτων
1017 5173 1189 5238 οὕτως
1223 5174 1466 5246 ἰσχυρὸν,
1498 5174 1639 5228 ὥστε
1669 5176 1750 5238 είς
1786 5174 1928 5227 ἐκεί.

428 5405 540 5474 (15)
574 5406 742 5460 Multa
770 5405 882 5469 hic,
908 5419 973 5460 ex
1001 5419 1272 5476 anonymo
1299 5403 1482 5476 Sancti
1518 5405 1688 5460 nostri
1722 5404 1940 5474 biogra-

352 5475 465 5544 pho
507 5477 793 5532 maximam
827 5485 1034 5546 partem
1084 5475 1274 5530 hausta
1306 5517 1320 5538 ,
1351 5492 1380 5529 a
1409 5475 1772 5545 Metaphrastc
1807 5491 1936 5530 nar-

356 5557 588 5609 rantur,
633 5563 753 5616 qute
803 5563 832 5600 a
881 5546 1140 5601 Demetrii
1183 5547 1445 5601 Passione
1482 5557 1591 5600 tum
1645 5546 1933 5610 Photiana,

355 5623 470 5668 tum
507 5617 858 5674 Anastasiana
889 5617 1120 5679 absunt;
1154 5632 1343 5672 verum
1374 5632 1436 5670 ea
1482 5634 1542 5670 ac
1590 5617 1934 5672 nominatum

354 5683 661 5756 Nestorem.
681 5689 773 5756 qui
792 5687 1004 5756 Lyaeum
1029 5687 1290 5753 singulari
1316 5688 1612 5741 certamine
1636 5687 1935 5755 interfecit,

353 5754 610 5827 cchctuin
643 5754 762 5811 esse
784 5754 988 5811 Christi
1019 5769 1338 5827 martyrem,
1367 5757 1703 5825 duplicisque
1737 5760 1802 5811 ab
1831 5754 1931 5814 hoc

356 5822 616 5892 victoriae]
677 5827 755 5880 uti
809 5827 899 5882 hic
942 5822 1336 5897 Metaphrastcs
1382 5822 1654 5892 laquitur',
1707 5843 1937 5882 coronas

2040 4625 2102 4679 iit
2146 4626 2346 4680 cmdem
2369 4665 2385 4690 ,
2432 4643 2590 4689 cum,
2623 4638 2683 4681 ut
2712 4629 2910 4697 potuit,
2938 4629 3184 4684 divinum
3223 4630 3376 4684 illum
3402 4630 3628 4701 sangui-

2039 4733 2162 4770 nem
2187 4719 2492 4790 collegisset
2529 4721 2580 4774 in
2610 4737 2768 4777 sacro
2796 4723 3048 4792 martyris
3075 4723 3538 4792 superhumerali,
3568 4733 3627 4778 et

2038 4824 2200 4878 quem
2235 4826 2396 4865 manu
2441 4813 2708 4882 gestabat,
2742 4815 3001 4868 annulum
3035 4816 3360 4883 accepisset,
3399 4822 3453 4867 et
3484 4831 3625 4868 mar-

2042 4899 2174 4970 tyris
2206 4902 2470 4972 sanguine
2499 4904 2775 4970 tinxisset,
2812 4920 2907 4975 per
2950 4906 3069 4975 ipsa
3114 4905 3352 4960 faciebat
3386 4905 3626 4974 plurima

2041 4992 2329 5046 miracula.

2113 5083 2206 5138 2|.
2238 5084 2427 5155 Neque
2457 5095 2578 5142 erat
2615 5085 2760 5142 ullus
2805 5086 3052 5153 morbus,
3097 5102 3275 5156 neque
3306 5085 3481 5141 malus
3518 5087 3628 5142 dae-
3693 5093 3701 5118 “·

2042 5191 2168 5232 mon
2201 5185 2308 5231 tam
2343 5176 2525 5243 fortis,
2560 5179 2692 5251 quin
2727 5180 2936 5244 statim,
2973 5179 3020 5234 si
3052 5179 3196 5234 illius
3223 5178 3449 5236 fecisset
3482 5181 3630 5251 peri—
3726 5231 3732 5239 .

2039 5406 2337 5476 accepisse,
2367 5405 2617 5478 exiguam
2659 5406 2954 5462 admodum
3007 5406 3165 5460 ﬁdem
3213 5415 3515 5478 merentur,
3547 5405 3628 5460 uti

2038 5479 2174 5604 satis
2204 5481 2613 5602 prﬁangqtm
2656 5478 3047 5532 Commentarii
3080 5478 3270 5548 przevii
3301 5477 3328 5549 §
3357 5479 3390 5533 4
3421 5480 3474 5531 in
3514 5492 3629 5532 me-

2078 5564 2189 5602 tum
2225 5564 2252 5601 a
2338 5563 2450 5601 uxt.

2078 5564 2189 5602 tum
2225 5563 2450 5602 auuuxr.

2109 5618 2235 5689 (l6),
2265 5617 2411 5689 Hu'c,
2442 5631 2560 5686 qua:
2584 5614 2650 5670 ad
2683 5615 3016 5689 Demetrium
3049 5617 3137 5672 hic
3174 5616 3254 5680 tit,
3273 5615 3532 5672 allocutio
3559 5617 3629 5673 ab

2040 5685 2160 5758 ipso
2197 5687 2558 5756 Mctaphraste
2585 5685 2999 5758 verosimilliine
3031 5697 3115 5742 est
3155 5689 3424 5752 conlicta;
3453 5703 3630 5757 neque

2039 5755 2185 5813 enim
2222 5759 2306 5813 vel
2342 5755 2423 5828 in,
2448 5772 2739 5828 anonymo,
2765 5755 2857 5826 qui
2889 5757 3147 5828 scriptori
3177 5757 3304 5812 huic
3333 5755 3584 5828 praeluxit
3607 5803 3623 5825 ,

2039 5830 2223 5885 Sancti
2259 5827 2429 5885 nostri
2459 5826 2781 5898 biograpbo,
2817 5826 2903 5884 vel
2929 5826 3062 5886 alibi
3092 5829 3300 5900 uspiam
3334 5826 3622 5901 reperitur.

2319 6049 2356 6071 3
