4142 6380
373 398 509 463 1201

1408 400 1469 460 s.
1514 365 1895 463 D‘EMETRII
1937 403 2334 466 MARTYRIS
2371 407 2589 473 ACTA.

3489 402 3626 467 1202

371 515 462 579 νδς
494 515 605 570 ⁴νῶν
632 513 810 569 ἄλλων
859 516 975 569 ὅσοι
1009 514 1146 584 πρὸς
1179 514 1364 583 Θαῦμα
1395 513 1490 568 καὶ
1528 513 1724 583 ἡδονὴν
1751 513 1952 583 ὀφθαλ-

2055 518 2470 589 pulcbritudine
2498 519 2646 573 enim
2678 525 2734 572 et
2759 517 3134 589 magnitudine
3173 515 3308 570 nulli
3358 515 3448 569 alii
3481 517 3630 572 cedit

372 609 507 678 μοὺς
548 607 763 661 κινοῦσι
799 607 1032 670 κάλλους
1075 605 1110 677 ἦ
1145 605 1435 676 μεγέθους,
1493 604 1946 675 ἀπολειπόμενος.

370 701 595 755 Μέλλων
626 699 685 752 δὲ
731 702 757 752 ὁ
781 697 1106 768 φιλευσεϐὴς
1131 689 1283 760 οὗτος
1309 696 1554 765 καὶπρὸς
1575 695 1951 767 τδῚλλυρικὸν

370 792 608 854 ἀπιέναι,
642 790 736 842 καί
763 807 889 844 τινα
915 789 1023 843 τῶν
1066 791 1245 861 μερῶν
1270 787 1367 840 τοῦ
1401 785 1552 857 ίεροῦ
1584 787 1835 856 σώματος
1857 788 1952 840 λα-

371 883 488 935 ϐεῖν
516 879 824 952 βουληθεὶς,
865 878 1006 935 ὥστε
1048 881 1271 934 κάκεῖσε
1309 879 1437 931 ναδν
1470 877 1548 948 τῷ
1569 879 1784 932 εὐκλεεῖ
1812 881 1951 949 pip.-

370 991 493 1042 τυρι
527 974 849 1043 ἀναστῆσαι,
888 972 987 1025 οὐκ
1037 972 1160 1041 ἔσχε
1190 972 1614 1025 συνευδοκοῦντα
1648 970 1740 1022 τὸν
1769 969 1947 1037 ἅγιον,

372 1066 510 1120 ἀλλὰ
535 1067 878 1134 νυκτεριναῖς
912 1064 1074 1116 αὑτὸν
1114 1063 1461 1131 ιπιφανείαις
1488 1062 1664 1132 εἴργει
1708 1061 1803 1113 τοῦ
1831 1063 1951 1113 ἑπι-

373 1158 532 1229 χειρή
542 1174 730 1226 ματος.
749 1156 846 1209 Διά
867 1155 1039 1209 ταῦτα
1054 1156 1150 1209 καὶ
1170 1154 1422 1224 δεύτερον
1445 1152 1636 1215 πλοῦν,
1663 1152 1691 1205 ὃ
1706 1152 1947 1220 λέγεται,

374 1252 472 1319 τὴν
503 1248 747 1319 χλαμύδα
768 1246 859 1300 τοῦ
888 1245 1164 1319 μάρτυρος
1193 1248 1410 1309 σεπτοῖς
1440 1246 1639 1316 αἵμασι
1667 1246 1778 1307 τοῖς
1806 1241 1951 1296 ὲκεί-

375 1359 470 1393 νου
493 1355 746 1407 πεφοινιγ
755 1338 945 1408 μένην,
963 1336 1057 1390 καί
1074 1354 1125 1389 τι
1144 1335 1239 1389 τοῦ
1262 1336 1510 1406 ἐπωμίου
1526 1334 1729 1400 λαϐὼν,
1747 1333 1775 1386 ὃ
1794 1332 1951 1403 σύνη·

378 1432 468 1490 θες
485 1432 708 1502 ὀράριον
724 1429 1027 1499 ὀνομάζειν,
1047 1429 1144 1482 καὶ
1160 1427 1376 1495 κιϐωτῴ
1391 1427 1551 1496 τιμίου⁵
1568 1427 1628 1479 τὸ
1643 1425 1857 1493 ἀληθῶς
1871 1425 1953 1476 τί·

378 1542 502 1595 μιον
534 1523 926 1591 καταθέμενος,
953 1520 1098 1575 οὓτω
1120 1520 1199 1590 τῷ
1231 1521 1468 1591 μάρτυρι
1496 1519 1594 1590 μὲν
1618 1520 1832 1587 ἀφοσιοῖ
1858 1517 1951 1571 τὸν

377 1615 560 1680 πόθον,
577 1613 754 1683 ἑαυτῷ
772 1613 829 1666 δὲ
845 1612 941 1681 τὴν
961 1612 1229 1681 μεγίστην
1244 1611 1607 1680 περιποιεῖται
1629 1606 1949 1677 ἀσφάλειαν.

446 1703 543 1766 κδ’,
589 1703 809 1772 Ἀμέλει
841 1703 939 1755 κα).
979 1700 1081 1771 τὴν
1114 1701 1213 1753 ὲπ).
1235 1700 1295 1752 τὸ
1320 1698 1545 1768 Σίρμιον
1591 1695 1710 1767 ὥρᾳ
1747 1694 1951 1766 χειμῶ-

376 1815 466 1861 νος
502 1795 798 1851 διαϐαίνειν
852 1794 1082 1864 μέλλων,
1138 1792 1240 1863 ἤδη
1258 1790 1420 1859 ’παρὰ
1469 1792 1588 1852 ταῖς
1636 1788 1826 1859 ὄχθαις
1855 1786 1950 1839 τοῦ

380 1889 597 1958 Ἴστρου
620 1887 936 1954 γενόμενος,
986 1883 1108 1935 ἐπεὶ
1137 1882 1303 1944 πολὺς
1353 1877 1422 1951 ἦν
1458 1881 1687 1943 ἐκεῖνος,
1734 1879 1828 1931 κα).
1862 1877 1954 1929 ἐπὶ

383 1980 526 2050 μέγα
582 1978 646 2031 τὸ
695 1975 913 2050 ῥεῖθρον
962 1973 1199 2044 ἐξαίρων
1257 1972 1511 2027 ἐντεῦθέν
1560 1989 1619 2024 τε
1646 1971 1823 2024 οὐδενὶ
1847 1970 1956 2023 τῶν

379 2071 599 2125 πάντων
632 2069 884 2131 διαϐατὸς
905 2066 1192 2136 γινόμενος
1217 2081 1229 2096 ³
1263 2066 1359 2118 κα)¹
1385 2066 1413 2117 ὁ
1452 2064 1550 2134 μὲν
1572 2064 1764 2135 χρόνος
1792 2062 1955 2127 πολὺς

380 2162 584 2232 μεταξὺ
617 2158 705 2233 ἧν,
753 2161 914 2232 ἔληγε
944 2160 999 2213 δὲ
1038 2159 1288 2228 οὐδαμῶς
1343 2156 1403 2210 τὸ
1424 2155 1660 2228 ῥεῖθρον,
1699 2154 1832 2209 ἀλλά
1861 2153 1956 2208 καὶ

375 2253 458 2306 ἔτι
487 2257 605 2317 τοῖς
655 2251 1004 2324 βουλομένοις
1053 2250 1366 2321 ἀπηγόρευε
1432 2251 1532 2321 τὴν
1588 2246 1863 2309 διάϐασιν,
1897 2247 1955 2299 ἐν

376 2344 638 2414 ἀθυμίαις
667 2346 695 2396 ὁ
721 2343 857 2415 ἀνὴρ
886 2340 956 2414 ἦν
983 2343 1272 2411 λογισμοῖς
1306 2358 1366 2393 τε
1401 2340 1658 2394 ἐϐάλλετο
1694 2339 1788 2392 καὶ
1817 2339 1957 2391 ἀπο-

377 2438 471 2511 ρίᾳ
496 2436 795 2505 συνείχετο.
845 2434 1160 2503 Ἐπιφανεὶς
1194 2431 1288 2485 οὖν
1326 2432 1354 2484 ὁ
1403 2432 1546 2495 θεῖος
1574 2428 1722 2501 αὐτῷ
1770 2428 1956 2499 Δημή-

378 2546 553 2599 τριος,
582 2530 772 2582 Πᾶσαν
797 2526 1058 2597 ἀθυμίαν,
1095 2526 1219 2594 ἔφη,
1247 2526 1343 2578 καὶ
1371 2523 1629 2578 ἀπιστίαν
1654 2522 1738 2577 ὅτι
1763 2522 1956 2592 σεόρρω

382 2620 606 2687 θέμενος
636 2617 743 2671 ἀπὸ
768 2618 866 2687 τῆς
889 2616 1091 2687 ψυχῆς,
1109 2615 1137 2668 ὃ
1163 2616 1399 2687 ἐπιφέρῃ
1432 2615 1571 2686 μετά
1603 2612 1955 2686 χεῖραςὶέχων

379 2708 600 2778 διάϐηθι
627 2707 717 2762 τὸν
740 2706 983 2777 ποταμὸν
1014 2707 1375 2772 άδιστάκτως.

450 2980 551 3031 κε’.
611 2975 866 3029 Πείθεται
905 2975 983 3047 τῷ
1040 2976 1260 3046 φανέντι
1297 2977 1327 3031 δ
1357 2976 1621 3047 ἔπαρχος,
1658 2976 1751 3029 καὶ
1788 2975 1955 3029 ἕωθεν

379 3064 471 3119 τοῦ
500 3065 785 3138 ὀχήματος
831 3068 1028 3131 ἐπιϐάς
1059 3068 1259 3138 ἐχώρει
1309 3069 1399 3123 διά
1423 3068 1514 3123 τοῦ
1548 3068 1772 3141 ῥείθρου
1814 3068 1957 3137 μετά

2052 626 2118 665 ex
2149 611 2216 664 iis
2236 626 2359 680 quae
2387 620 2612 665 movent
2642 610 2830 666 oculos
2855 609 2921 664 ad
2950 609 3367 664 admirationem
3395 618 3451 662 et
3476 611 3634 665 volu-

2053 710 2284 772 ptatem.
2317 703 2583 757 Abiturus
2613 712 2795 755 autem
2826 701 2919 755 hic.
2950 700 3032 754 vir
3061 700 3184 769 pius
3220 699 3271 753 in
3308 699 3582 768 Illyricum
3609 737 3628 764 ,

2051 806 2173 846 cum
2205 792 2368 846 vellet
2397 794 2632 861 aliquam
2665 805 2869 860 partem
2899 792 3041 844 sacri
3073 792 3326 858 corporis
3349 790 3624 855 accipere,

2054 893 2113 939 ut
2145 884 2256 938 illic
2280 900 2496 953 quoque
2527 886 2789 939 excitaret
2821 883 3080 952 templqu
3110 882 3347 952 glorioso
3378 882 3625 951 martyri,

2053 977 2287 1030 Sanctus
2317 991 2429 1029 non
2460 985 2545 1029 est
2591 975 2641 1029 ei
2685 991 2969 1036 assensus.
2999 975 3095 1028 sed
3130 974 3414 1028 nocturnis
3459 988 3629 1043 appa-

2051 1067 2347 1122 ritionibus
2375 1082 2499 1120 eum
2532 1076 2681 1120 arcet
2713 1082 2740 1119 a
2775 1076 2976 1134 coepto.
3019 1065 3319 1133 Propterea
3356 1066 3624 1127 secunda.

2052 1166 2112 1212 ut
2153 1158 2373 1218 dicitur,
2410 1157 2760 1227 navigatione
2795 1172 2919 1210 cum
2975 1156 3318 1227 chlamydem
3351 1157 3629 1227 martyris.

2050 1263 2171 1318 quae
2203 1246 2350 1302 illius
2382 1246 2698 1302 venerando
2729 1246 2992 1316 sanguine
3023 1245 3128 1300 fuit
3158 1254 3469 1306 cruentata,
3489 1255 3629 1300 etex

2051 1340 2173 1411 ejus
2199 1338 2637 1410 superhumerali
2670 1340 2879 1409 aliquid
2913 1341 3237 1408 accepisset,
3273 1338 3418 1407 quod
3452 1337 3633 1393 solent

2051 1430 2322 1499 appellare
2342 1429 2607 1491 orarium,
2624 1438 2677 1483 et
2700 1429 2754 1482 in
2780 1429 3021 1495 pretiosa
3042 1441 3191 1487 arca,
3205 1425 3348 1493 quod
3368 1437 3498 1477 vere
3516 1431 3634 1477 erat

2051 1521 2743 1593 pretiosum,deposuisset,
2759 1521 2839 1575 sic
2859 1520 3113 1590 martyris
3129 1518 3351 1588 quidem
3365 1516 3633 1571 satisfecit

2052 1613 2348 1678 desiderio,
2374 1622 2430 1668 et
2463 1612 2568 1668 sibi
2601 1612 2895 1665 maximam
2923 1610 3220 1680 acquisivit
3248 1610 3628 1663 securitatem.

2121 1705 2214 1761 24.
2250 1707 2408 1759 Certe
2431 1720 2554 1759 cum
2588 1703 2790 1758 hiemis
2823 1712 3070 1771 tempore
3102 1716 3427 1757 reversurus
3472 1700 3528 1754 in
3567 1699 3633 1752 ll-

2054 1799 2279 1871 lyricum
2329 1795 2466 1869 (21),
2515 1795 2587 1851 ob
2639 1795 2781 1850 seria
2813 1794 3058 1863 quadam
3094 1791 3314 1863 negotia
3366 1789 3631 1846 Sirmium

2058 1893 2397 1956 properaret.
2429 1894 2485 1939 et
2509 1885 2619 1954 jam
2661 1885 2999 1954 pervenisset
3035 1882 3102 1937 ad
3131 1882 3280 1949 ripas
3315 1881 3462 1946 lstri,
3491 1895 3632 1950 quo-

2057 1976 2202 2030 niam
2229 1977 2276 2031 is
2297 1986 2634 2033 excreverat.
2663 1985 2718 2031 et
2749 1990 3003 2047 magnum
3031 1975 3312 2029 attollebat
3337 1972 3630 2035 ﬂuentum,

2056 2076 2110 2121 et
2142 2076 2426 2138 propterea
2460 2083 2489 2121 a
2531 2069 2685 2122 nullo
2720 2076 2935 2136 poterat
2963 2066 3191 2121 omnino
3229 2063 3548 2125 transmitti.
3579 2072 3634 2119 et

2056 2160 2286 2213 multum
2329 2160 2549 2229 quidem
2605 2160 2866 2229 temporis
2913 2160 3323 2221 intercesserat,
3373 2155 3631 2210 ﬂuentem

2056 2259 2237 2304 autem
2285 2250 2510 2305 minime
2547 2252 2813 2315 cessabat,
2851 2251 2945 2304 sed
2982 2251 3051 2304 iis
3102 2250 3194 2319 qui
3252 2249 3633 2303 transmittere

2055 2341 2328 2405 volebant,
2354 2341 2679 2412 prohibebat
2704 2343 2993 2401 transitum
3023 2341 3134 2409 (22)
3161 2357 3175 2405 ;
3212 2341 3258 2396 is
3287 2340 3633 2395 adiciebatur

2056 2450 2249 2506 magna
2278 2435 2448 2491 animi
2483 2435 2829 2506 aegritudine,
2869 2445 2925 2489 et
2955 2444 3074 2498 erat
3102 2434 3256 2495 valde
3303 2433 3631 2504 cogitabun-

2057 2528 2181 2593 dus,
2212 2540 2267 2583 et
2298 2528 2620 2582 versabatur
2646 2527 2701 2581 in
2730 2526 3378 2596 perplexadubitatione.
3413 2523 3476 2577 Ei
3505 2537 3634 2578 vero

2056 2636 2330 2693 apparens
2367 2620 2589 2676 divinus
2619 2618 2929 2676 Demetrius
2960 2635 2972 2669 :
3006 2617 3190 2680 Omni,
3229 2616 3428 2684 inquit,
3463 2613 3632 2669 animi

2057 2714 2375 2785 aegritudine
2399 2721 2455 2768 et
2484 2712 2873 2771 incredulitate
2890 2712 3083 2780 procul
3108 2709 3285 2779 ejecta
3317 2708 3386 2763 ab
3416 2708 3628 2772 animo,

2056 2806 2202 2876 quod
2235 2814 2416 2863 tecum
2452 2804 2583 2869 fers,
2626 2811 2847 2876 gestans
2877 2803 3166 2868 manibus,
3204 2800 3377 2857 transi
3405 2799 3633 2855 ﬂuvium

2056 2898 2197 2952 citra
2230 2896 2647 2955 dubitationem.

2126 2989 2219 3047 25.
2254 2991 2414 3049 Paret
2443 2990 2732 3060 praefectus
2770 2988 2821 3045 ei
2871 2989 2963 3060 qui
3015 2994 3344 3059 apparuerat
3376 3001 3391 3041 :
3422 2995 3634 3041 etcum

2058 3097 2217 3141 mane
2252 3082 2595 3138 ascendisset
2641 3082 2979 3148 vehiculum,
3028 3097 3126 3152 per
3159 3080 3362 3136 ﬂumen
3414 3092 3634 3148 eapsam

377 3159 567 3229 χεῖρας
615 3157 714 3229 τὴν
774 3158 932 3228 σορὸν
986 3157 1148 3228 ἔχων,
1208 3159 1323 3213 ἀνω
1357 3159 1415 3212 δὲ
1473 3160 1601 3224 τοὺς
1639 3159 1952 3230 ὀφθαλμοὺς

2058 3180 2284 3242 portans
2330 3171 2609 3234 manibus,
2651 3180 2707 3226 et
2755 3186 2881 3227 cum
2929 3172 3117 3226 animo
3169 3179 3366 3225 tenens
3412 3178 3632 3223 erectos

381 3249 520 3320 μετά
546 3250 646 3319 τῆς
669 3249 873 3320 ψυχῆς,
909 3250 1088 3321 ησυχῆ
1116 3250 1209 3308 τοῦ
1233 3250 1509 3322 ῥεύματος
1540 3250 1955 3322 ὑποχωροῦντος

378 3338 554 3409 αὐτῷ,
582 3340 925 3404 καὶείκοντος
948 3341 1214 3410 νεύμασιν
1229 3340 1672 3405 ἀθεάτοις-,ἀξίαν
1698 3341 1796 3410 μὲν
1823 3340 1956 3393 θαύ-

382 3449 572 3503 ματος,
598 3431 661 3484 οὑ
688 3431 793 3504 μὴν
815 3433 1039 3496 ἀναξίαν
1061 3434 1155 3487 καὶ
1175 3433 1274 3503 τῆς
1298 3433 1434 3504 πρὸς
1461 3433 1553 3485 τὸν
1583 3432 1956 3502 μάρτυραξπίο

380 3539 573 3589 στεως,
588 3526 686 3594 τὴν
707 3523 953 3581 διάϐασιν
976 3524 1229 3583 ὑποστάς.
1248 3524 1436 3587 Οῦτως
1449 3524 1540 3577 οὖν
1558 3522 1797 3594 ἀϐλαϐὴς
1822 3523 1963 3576 διελ-

382 3613 623 3678 θὼνριαὶ
640 3616 775 3686 πρὸς
795 3615 873 3683 τῷ
895 3616 1105 3687 Σιρμίῳ
1135 3615 1424 3685 γενόμενος
1442 3616 1542 3685 τὴν
1564 3614 1716 3684 ίεράν
1739 3615 1957 3684 ἐκείνην

381 3706 540 3776 σορὸν
570 3707 706 3777 μετά
755 3705 848 3759 τοῦ
882 3708 941 3759 ὲν
988 3708 1127 3777 αὐτῇ
1191 3705 1466 3778 θησαυροῦ
1516 3706 1593 3775 τῷ
1625 3703 1957 3777 παρίαὐτοῦ

381 3798 764 3869 νεουργηθέντι
789 3797 903 3869 ναῷ
923 3797 1001 3868 τῷ
1022 3798 1261 3868 μάρτυρι
1286 3797 1523 3851 δίδωσιν.
1578 3795 1668 3848 Ἐν
1697 3796 1957 3865 γειτόνων

380 3890 437 3947 δὲ
470 3882 623 3953 οὗτος
655 3887 734 3958 τῷ
762 3888 863 3956 τῆς
893 3887 1210 3941 καλλινίκου
1254 3885 1535 3957 μάρτυρος
1590 3885 1959 3948 Ἀναστασίας

382 3977 596 4050 ἵδρυται
627 3978 815 4047 σηκῷο
846 3976 936 4030 ἵνα
982 3977 1076 4030 καὶ
1120 3974 1398 4045 μάρτυρες
1435 3973 1706 4044 μάρτυσιν
1758 3972 1872 4028 ἄνω
1899 3989 1958 4025 τε

384 4071 480 4124 καὶ
505 4071 656 4124 κάτω
678 4073 798 4133 ταῖς
822 4071 1048 4141 σκηναῖς
1075 4066 1460 4137 πλησιάζουσι.
1488 4066 1705 4120 Πολλῶν
1730 4067 1828 4136 μὲν
1850 4067 1959 4119 τῶν

385 4161 681 4231 θαυμάτων
738 4161 938 4232 δηλαδὴ
973 4161 1066 4214 καὶ
1125 4160 1341 4223 ίάσεων,
1392 4159 1490 4211 καὶ
1524 4158 1657 4230 παρ’
1691 4159 1864 4230 αὐτήν
1894 4176 1957 4228 γε

383 4252 481 4323 τὴν
504 4253 619 4305 ὁδ’,ν
643 4251 884 4305 πλεῖστοι
913 4255 1011 4320 τῆς
1040 4250 1370 4319 ἀγιαστικῆς
1401 4251 1618 4319 ἐκείνης
1649 4251 1957 4322 φερομένης

384 4344 653 4415 χλαμύδος
712 4343 1026 4396 ἀπέλαυσαν
1078 4343 1265 4412 χάριτι
1315 4342 1409 4395 καὶ
1436 4340 1664 4411 δυνάμει
1710 4342 1959 4413 ΔΧριστοῦ

384 4435 478 4488 τοῦ
509 4434 765 4505 ἀληθινοῦ
819 4433 957 4487 Θεοῦ
1015 4435 1195 4503 ἡμῶν,
1235 4426 1281 4501 ᾧ
1336 4434 1536 4503 πρέπει
1602 4434 1752 4488 πᾶσα
1808 4433 1956 4500 δόξα,

2060 3278 2276 3333 quoque
2318 3264 2528 3326 oculos,
2580 3263 2970 3334 gradiebatur,
3008 3261 3214 3318 iluento
3261 3262 3425 3316 tacite
3482 3275 3634 3315 rece-

2060 3355 2245 3418 dente,
2295 3363 2349 3409 et
2393 3355 2625 3409 cedente
2664 3355 2910 3419 nutibus,
2968 3355 3060 3424 qui
3118 3370 3228 3408 non
3272 3355 3477 3410 cadunt
3531 3354 3635 3410 sub

2058 3457 2371 3514 aspectum;
2412 3446 2633 3515 dignum
2672 3445 2893 3516 quidem
2943 3445 3326 3510 admiratione,
3384 3444 3490 3499 [ide
3535 3459 3636 3498 au-

2060 3545 2192 3604 tem,
2219 3552 2383 3607 quam
2423 3537 2661 3592 habebat
2705 3540 2759 3591 in
2810 3548 3141 3609 martyrem,
3192 3553 3300 3591 non
3346 3537 3631 3609 indignum

2059 3630 2287 3684 subiens
2326 3630 2613 3684 transitum
2658 3629 2792 3700 (25).
2843 3631 2979 3684 Cum
3014 3631 3094 3685 sic
3128 3645 3258 3698 ergo
3291 3630 3493 3685 illaesus
3526 3642 3633 3684 tra-

2054 3721 2296 3791 jecisset,
2356 3730 2413 3775 et
2461 3720 2722 3775 Sirmium
2778 3722 3144 3791 pervenisset,
3204 3737 3423 3783 sacram,
3480 3721 3643 3781 illam.

2059 3825 2278 3880 capsam
2313 3827 2436 3864 cum
2482 3812 2759 3870 thesauro.
2803 3828 2964 3881 quam
3014 3814 3289 3877 servabat,
3341 3812 3394 3866 in
3441 3826 3634 3875 recens

2058 3910 2341 3957 exstructo
2386 3900 2509 3955 istic
2547 3902 2751 3971 templo
2781 3901 3032 3971 deponit.
3065 3902 3195 3955 Erat
3243 3912 3427 3956 autem
3462 3915 3635 3971 prope

2061 3994 2323 4064 templum
2360 3992 2605 4062 gloriosa:
2639 3994 2892 4064 martyris
2916 3994 3216 4047 Anastasia:
3243 3994 3377 4060 (2i),
3406 4003 3465 4048 ut
3494 4009 3635 4046 tuar-

2063 4092 2207 4159 tyres
2230 4083 2557 4154 martyribus
2588 4084 2989 4152 quodammodo
3014 4099 3258 4148 sursum,
3276 4083 3356 4140 sic
3389 4092 3444 4136 et
3472 4082 3633 4143 deor-

2061 4189 2180 4228 sum
2239 4175 2420 4229 vicina
2474 4175 2740 4229 haberent
2799 4174 3172 4230 tabernacula.
3226 4175 3391 4230 Multa
3445 4184 3637 4241 autem

2062 4266 2321 4321 miracula
2356 4276 2412 4319 et
2439 4265 2751 4320 curationes
2785 4266 2948 4320 etiam
2976 4266 3031 4320 in
3074 4267 3188 4336 ipsa
3224 4268 3327 4327 via.
3360 4266 3487 4321 dum
3524 4256 3633 4319 fer?

2060 4367 2211 4413 retur
2239 4356 2329 4419 illa
2353 4356 2597 4426 chlamys
2619 4357 2988 4421 sanctiﬁcans,
3020 4358 3239 4427 plurimi
3273 4367 3400 4412 sunt
3431 4373 3623 4419 conse-

2060 4446 2175 4503 cuti
2203 4446 2336 4517 (25),
2365 4447 2537 4518 gratia
2570 4456 2624 4501 et
2654 4450 2859 4508 virtute
2888 4448 3090 4503 Christi
3122 4449 3234 4503 veri
3286 4448 3380 4509 Dei
3414 4448 3583 4511 nostri
3613 4488 3626 4511 ,

382 4526 517 4599 τιμὴ
543 4528 637 4582 καὶ
661 4524 1055 4597 προσκύνησις,
1076 4525 1170 4578 νῦν
1189 4530 1282 4579 καὶ
1312 4527 1392 4590 είς
1421 4527 1547 4592 τοὺς
1563 4527 1952 4597 ἀτελευτήτους

2059 4550 2221 4609 quem
2251 4533 2408 4588 decet
2438 4534 2616 4589 omnis
2650 4534 2820 4605 gloria
2851 4550 2998 4591 nunc
3029 4547 3084 4592 et
3115 4552 3332 4608 semper
3358 4547 3413 4592 et
3448 4539 3501 4592 in
3531 4552 3630 4593 Ste-

384 4621 589 4685 αίῶνας
617 4620 727 4675 τῶν
755 4620 990 4676 αἰώνων.
1035 4618 1231 4690 Ἀμήν.

460 4815 572 4883 (21)
607 4813 948 4869 Occidentali
973 4815 1227 4869 nimirum
1254 4831 1267 4868 :
1297 4815 1385 4869 adi
1428 4815 1695 4870 Adnotata
1729 4816 1946 4874 Passio-

386 4884 471 4939 nis
488 4885 846 4956 praecedentis
873 4902 992 4954 cap.
1008 4886 1043 4939 2
1059 4885 1126 4940 ad
1144 4902 1292 4939 num.
1306 4886 1378 4940 20
1393 4886 1652 4941 subnexa.
1671 4885 1734 4939 Et
1764 4902 1943 4956 porro,

384 4955 528 5023 quod
564 4955 700 5007 bene
740 4957 1056 5019 notandum,
1086 4973 1208 5013 non.
1247 4972 1505 5017 reversus.
1558 4964 1621 5009 ut
1664 4955 1945 5023 LipOmani

319 5009 327 5051 ⁸
385 5009 761 5089 interpretatio
810 5026 992 5087 habet,
1040 5009 1136 5079 sed
1170 5009 1559 5082 riturusifuis'se
1589 5009 1947 5084 1,εόιῖιῖιέζῶ

382 5093 571 5148 Graeco
599 5093 978 5159 Metaphrastis
1005 5103 1150 5148 textu
1183 5100 1465 5150 asscritur.

458 5162 569 5233 (22)
614 5165 682 5218 L‘t
719 5166 976 5235 Leontius
1007 5165 1389 5221 Thessalonica
1421 5166 1681 5221 Sirmium
1715 5177 1944 5235 peteret,

384 5233 520 5306 Ister
548 5236 594 5287 ei
625 5248 721 5288 seu
763 5234 1049 5306 Danubius
1077 5236 1428 5303 trajiciendus
1459 5236 1597 5291 haud
1629 5233 1745 5299 fuit.
1784 5239 1945 5306 iqute

382 5303 737 5377 nihilominus
765 5307 811 5358 ei
844 5304 1144 5358 faciendum
1176 5307 1364 5368 fuisse,
1395 5322 1425 5360 a
1465 5306 1824 5377 lictaphrasre
1857 5303 1943 5364 hic

382 5373 669 5445 indicatur.
703 5385 755 5430 et
789 5387 934 5430 reete
965 5391 1092 5430 sane
1120 5394 1132 5429 :
1165 5377 1421 5431 Leontius
1449 5373 1619 5442 enim,
1652 5390 1940 5445 antequam

384 5442 646 5517 Sirmium
679 5448 892 5517 adiret,
923 5461 1038 5500 sese
1087 5448 1323 5517 primum
1372 5448 1426 5500 in
1461 5445 1698 5511 Daciam,
1729 5442 1846 5517 qua:
1875 5450 1937 5501 ad

378 5512 656 5568 sinistram
689 5514 915 5570 Danubii
948 5512 1115 5585 ripam
1148 5519 1248 5570 sila
1291 5525 1411 5571 erat
1437 5558 1451 5578 ,
1492 5512 1785 5574 contulisse
1817 5534 1940 5571 nar-

385 5591 568 5647 ratur;
618 5585 743 5638 inde
793 5596 970 5656 autem
1030 5587 1292 5640 Sirmiqu
1342 5591 1576 5656 pet‘turo
1629 5589 1936 5643 necessario

381 5661 499 5716 erat
530 5655 878 5717 traiiciendus
912 5655 1203 5711 Danubius.

453 5721 770 5803 (ifillsthoc
794 5725 979 5803 Sancti
1005 5726 1348 5803 miraculum,
1367 5726 1943 5803 ap_parit_ioque,l.eon-

386 5792 463 5849 tio
492 5792 690 5860 oblata,
718 5809 836 5865 quae
864 5795 916 5851 id
948 5795 1179 5865 praeivit,
1202 5812 1233 5852 a
1256 5797 1371 5854 solo
1401 5792 1779 5867 Sietaphraste,
1814 5813 1941 5855 ano-

2060 4627 2180 4694 cula
2210 4627 2554 4681 saeculorum.
2587 4626 2780 4691 Amen.

2048 4835 2337 4891 nymoque,
2372 4820 2465 4890 qui
2505 4821 2553 4876 ei
2605 4820 2873 4887 praelusit,
2922 4822 3109 4875 Sancti
3149 4822 3451 4892 htographo
3487 4835 3625 4873 nar-

2053 4890 2285 4958 rantur;
2316 4907 2487 4960 quare
2515 4892 2643 4959 quid
2676 4901 2788 4945 tum
2841 4896 2906 4945 de
2964 4895 3083 4955 hac,
3134 4890 3346 4945 tum'de
3384 4890 3475 4943 illo
3504 4905 3631 4944 sen-

2054 4960 2297 5085 tlienduiu
2339 4961 2428 5027 sit,
2473 4971 2681 5017 statues
2707 4977 2771 5016 ex
2819 4960 2887 5016 iis
2932 4976 3053 5031 qua:
3100 4976 3223 5015 mox
3267 4960 3322 5013 iu
3382 4968 3495 5015 not.
3561 4962 3627 5015 19

2097 5041 2201 5085 tcla
2230 5040 2374 5085 sunt.

2097 5041 2201 5085 tcla
2230 5040 2374 5085 sunt.

2129 5101 2240 5169 (24)
2271 5102 2541 5172 Tempore
2580 5101 2693 5163 illo,
2724 5116 2833 5172 quo
2878 5099 3155 5172 Leontius.
3192 5097 3387 5172 Illyrici
3436 5100 3627 5172 praefe-

2053 5179 2174 5227 ctus
2200 5187 2361 5239 supra
2402 5170 2751 5232 memoratus,
2792 5170 2996 5231 ﬂoruil,
3046 5185 3141 5223 seu
3190 5170 3389 5224 aeculo
3432 5170 3625 5239 quinto

2054 5240 2275 5296 ineunte
2320 5256 2447 5295 vere
2500 5242 2685 5295 Sirtnii
2734 5240 3011 5296 exstitisse
3072 5240 3376 5299 ecclesiam,
3421 5251 3626 5295 Stlttt‘l-B

2053 5310 2351 5364 Anastasiaa
2400 5326 2630 5374 satram,
2682 5320 2961 5379 utcunque
3022 5310 3377 5362 confirmatur
3430 5325 3494 5363 ex
3554 5310 3624 5364 iis

2050 5395 2171 5502 ψιιῗ
2233 5380 2625 5460 ίῖοιηωθιιιοιδὶἱ
2668 5380 2855 5448 przevii
2909 5395 3058 5434 num.
3112 5379 3212 5432 153
3270 5379 3326 5433 in
3385 5382 3620 5433 medium

2050 5464 2095 5502 at
2159 5465 2269 5502 uxt.

2048 5464 2269 5502 auunxn.

2122 5518 2235 5589 (25)
2278 5516 2437 5572 Fides
2469 5527 2733 5586 quantum
2773 5516 2841 5573 ad
2870 5518 3127 5574 miracula
3158 5519 3255 5574 ista
3283 5520 3622 5573 curationes-

2051 5605 2157 5660 que
2192 5595 2299 5642 stet
2323 5602 2508 5660 ‘pvnes
2535 5595 2833 5660 auctorem,
2868 5591 2957 5659 qui
3002 5590 3214 5644 interim
3248 5600 3448 5660 prteler
3487 5603 3620 5645 ano-

2055 5656 2290 5730 nymum
2319 5656 2502 5730 Sancti
2551 5657 2717 5712 nostri
2767 5656 3146 5730 hiog’raphum.
3197 5676 3228 5715 e
3248 5656 3367 5729 quo
3396 5674 3489 5713 sua
3520 5660 3617 5713 de-

2052 5727 2338 5799 prompsit,
2390 5727 2596 5800 nullum
2645 5727 2881 5794 prorsus
2922 5727 3242 5800 scriptorem
3277 5727 3461 5786 'alium
3507 5730 3621 5797 sibi

2051 5796 2440 5871 sullragantem
2485 5796 2668 5854 habet.
