4142 6380
373 5940 418 5959 ν

2508 249 2678 276 ..ιν-ι·-

407 382 544 450 ηοξ,
1459 384 1509 446 s.
1562 381 1947 445 DEME'l‘ItIl
1991 358 2387 441 MAttTYtttS
2432 383 2644 447 ACTA.
3540 346 3677 447 1266

404 501 585 571 πέρας
636 498 706 552 τὰ
765 497 848 570 τῷ
898 495 1057 568 θυμῷ
1095 494 1474 567 μελετώμενα.
1545 492 1834 565 Ἀποτυχία
1867 490 1997 563 γὰρ,

2124 508 2225 560 pne
2252 495 2439 550 animo
2469 494 2767 551 meditatus
2820 502 2957 560 erat,
2995 494 3062 549 ad
3097 491 3255 549 tinem
3292 494 3440 553 haud
3476 499 3679 568 perdu-

404 592 596 663 φησὶν,
622 587 840 661 ἀμύνης
878 587 1057 659 λύπην
1086 587 1272 656 γεννᾷ.

2124 590 2376 669 Γοιόῑιιιηκ
2436 587 2564 658 Spei
2624 588 2770 643 enim
2821 586 3124 653 frustratio,
3153 585 3393 655 dicebat,
3453 590 3678 647 ultionis

2096 670 2341 728 dolorem
2385 682 2636 744 generat.

479 780 549 845 γ’.
592 770 684 837 Ὠς
721 771 780 827 δὲ
811 769 909 826 καὶ
939 770 1297 843 ἀμφοτέρους
1333 769 1459 834 τοὺς
1495 766 1725 840 βρόχους
1769 774 1995 831 τουτους

2167 765 2222 819 5.
2264 763 2337 821 Ut
2359 760 2543 822 autem
2578 766 2743 822 etiam
2775 764 2915 824 duos
2974 769 3141 825 hosce
3169 769 3393 841 laqueos
3426 753 3680 829 mansue—

405 863 624 936 διέκοψε
658 865 727 934 τῇ
769 862 1049 932 πραΰτητι
1082 861 1179 916 καὶ
1326 858 1713 932 φιλανθρωπίᾳ
1764 857 1853 912 διὰ
1903 857 1995 912 τοῦ

2124 859 2311 922 udine.
2342 869 2574 930 ortaque
2608 875 2673 916 ex
2698 876 2789 926 eo,
2814 862 2962 932 quod
2990 873 3044 918 et
3070 863 3154 918 sui
3187 864 3364 934 ipsius
3404 878 3460 921 et
3487 880 3678 922 eorum

406 956 701 1029 γινώσκειν
724 954 833 1024 τὴν
854 954 1167 1025 ταυτότητα
1197 952 1293 1006 τοῦ
1347 952 1472 1007 καθ’
1519 951 1736 1016 ἑαυτὸν,
1783 952 1878 1006 καὶ
1901 950 1996 1004 τοῦ

2124 953 2192 1023 lui
2224 952 2275 1008 ei
2311 953 2595 1019 suberant,
2637 955 2781 1011 idem
2815 971 2938 1011 esse
2967 954 3293 1026 ﬁgmentum
3324 970 3532 1027 nosset,
3576 961 3681 1015 htt-

407 1049 516 1104 τῶν
545 1045 808 1114 ὑπηκόων
862 1044 1212 1117 φυράματος,
1272 1043 1350 1115 τῷ
1395 1043 1493 1113 τῆς
1550 1043 1784 1113 ἀκηδίας
1812 1040 2000 1096 λοιπὸν

410 1138 555 1211 ῑκτῳ
582 1139 679 1210 τῆς
726 1136 930 1201 κακίας
978 1135 1329 1208 βλαστήματι
1379 1133 1688 1190 καθεστῶτι
1744 1132 1936 1188 τοῦτον
1973 1136 2002 1188 ό

413 1232 671 1302 ἀλάστωρ
706 1228 1030 1301 συνέτριϐεν
1061 1228 1333 1291 Σατανᾶς,
1371 1227 1466 1281 καὶ
1500 1225 1774 1280 ὑπέϐαλεν
1812 1227 1886 1290 ὥς
1910 1227 2003 1279 οὐ-

417 1326 531 1387 δεὶς
556 1323 711 1377 ἔσται
750 1320 863 1374 τῶν
911 1320 1098 1374 κόπων
1142 1320 1349 1373 τούτων
1403 1318 1616 1389 μισθὸς,
1652 1318 2004 1389 ὑποσπείρων

414 1417 516 1488 τὴν
555 1414 818 1469 ἀπιστίαν
864 1413 975 1467 τῶν
1012 1411 1110 1467 τοῦ
1142 1413 1397 1483 Σωτῆρος
1450 1411 1610 1483 ἡμῶν
1658 1410 2004 1480 ἐπαγγελιῶν

416 1511 510 1564 καὶ
532 1505 672 1577 λήθῃ
703 1505 807 1575 τῆς
827 1502 938 1557 τῶν
972 1501 1259 1575 ἑπομένων
1278 1501 1566 1573 ᾀμηρύτου
1583 1501 1742 1570 δόξης
1770 1504 2004 1573 ὲπιχων-

415 1601 515 1666 νύς
540 1599 730 1669 ὥσπερ
755 1597 852 1653 καὶ
880 1595 1107 1652 θάπτων
1127 1595 1220 1649 τὸν
1254 1595 1415 1649 νοῦν·
1459 1595 1576 1666 ἀμα
1606 1596 1664 1649 δὲ
1687 1595 1782 1649 καὶ
1816 1594 2006 1648 ὑπετί-

418 1690 545 1745 θετο
600 1691 714 1755 τοῖς
759 1689 1047 1759 λογισμοῖς
1099 1684 1197 1741 τοῦ
1253 1686 1479 1758 ἀρίστου
1525 1687 1734 1740 ἐκείνου
1792 1686 2008 1758 ἀνδρὸς,

414 1782 496 1845 ’ὡς
531 1781 560 1834 ό
584 1780 693 1834 τῶν
714 1778 932 1851 ἀρετῶν
968 1779 1218 1848 κάματος
1253 1778 1447 1841 πολὺς,
1484 1779 1575 1830 καὶ
1624 1777 1785 1846 ἱδρὼς
1823 1776 2006 1849 ψυχῆς

421 1874 524 1928 οὐκ
546 1873 752 1941 ὀλίγος,
785 1866 880 1925 καὶ
907 1870 1099 1926 τοῦτον
1128 1871 1289 1941 μόνον
1323 1870 1516 1939 μισθὸν
1540 1871 1635 1922 καὶ
1660 1868 2003 1937 ἀνάπαυλαν,

420 1966 524 2039 τὴν
555 1965 615 2031 ἐξ
641 1962 947 2033 ἀνθρώπων
975 1963 1254 2032 εὐφημίαν
1275 1978 1289 1992 ·
1343 1961 1594 2015 ἐντεῦθεν
1636 1962 1814 2015 ἕλκων
1844 1961 2006 2016 αὐτὶν

421 2060 502 2123 είς
530 2060 591 2113 το
612 2054 899 2120 σαλπίζειν
925 2055 1027 2119 τὰς
1062 2053 1268 2125 ἀρετάς
1314 2054 1506 2118 αὐτοῦ,
1556 2054 1648 2106 καὶ
1675 2055 1816 2124 φανῇ
1861 2053 1914 2105 τί
1940 2051 2007 2106 ἂν

421 2144 490 2221 τῇ
520 2146 674 2220 παρά
701 2148 812 2211 τοῖς
837 2145 1105 2217 ὑπηκόοις
1130 2143 1366 2217 εὐδοξίᾳ,
1416 2146 1511 2197 καὶ
1543 2145 1621 2215 τῷ
1648 2143 1861 2215 ἑϐδόμῳ
1895 2145 2008 2198 τῶν

427 2240 615 2294 παθῶν
640 2238 881 2310 δαίμονι,
930 2236 1075 2305 λέγω
1102 2236 1166 2309 δὴ
1196 2235 1274 2306 τῷ
1302 2240 1402 2306 τῆς
1434 2237 1765 2305 κενοδοξίας,
1798 2237 2005 2292 εὐάλω-

422 2349 515 2388 τον
544 2331 707 2386 αὐτὸν
739 2326 1138 2403 μηχανώμενος
1162 2329 1453 2399 καθιστᾷν.

494 2421 559 2478 δ’.
596 2422 755 2476 Ἐπεὶ
805 2422 862 2476 δὲ
916 2423 986 2494 τῇ
1034 2421 1132 2474 τοῦ
1168 2418 1412 2490 Χριστοῦ
1450 2412 1677 2492 βοηθείᾳ
1706 2423 1914 2487 ἐκεῖνος
1948 2423 2011 2478 οὐ

426 2515 543 2571 τῶν
564 2514 824 2585 ὑπηκόων
850 2512 1128 2579 τοσοῦτον,
1164 2516 1288 2569 ὅσον
1322 2514 1517 2567 ἑαυτοῦ
1547 2515 1768 2584 κρατῶν
1792 2517 2014 2569 ἀπεδεί-

428 2622 614 2669 κνυτο,
663 2606 759 2657 καὶ
818 2605 929 2657 τῶν
971 2605 1406 2675 ἐπηγγελμένων
1448 2606 1671 2673 ἀγαθῶν
1729 2606 1883 2677 παρά
1917 2606 2013 2661 τοῦ

428 2694 566 2751 Θεοῦ
592 2699 704 2759 τοῖς
735 2698 793 2750 ἐν
822 2695 900 2766 τῷ
922 2694 1117 2766 κόσμῳ
1161 2695 1337 2767 τούτῳ
1369 2698 1834 2767 κακουχουμένοις
1858 2697 2015 2751 ἐκου-

431 2788 563 2852 σίως
586 2786 674 2842 διὰ
705 2788 907 2850 παντὸς
943 2786 1323 2858 μεμνημένος,
1354 2788 1449 2840 καὶ
1480 2786 1590 2840 τῶν
1622 2787 2011 2858 ἠπειλημένων

430 2877 669 2934 αίωνίων
707 2876 961 2945 βασάνων
992 2879 1105 2941 τοῖς
1142 2878 1404 2951 ῥᾳθύμως
1435 2879 1493 2931 ὲν
1542 2877 1621 2950 τῷ
1649 2880 1876 2951 παρόντι
1911 2881 2015 2954 βίῳ

427 2971 839 3041 διαγινομένοις
895 2970 1262 3035 ἀδιαλείπτως
1307 2970 1498 3042 ὥσπερ
1554 2971 1883 3042 ποιούμενος
1912 2974 2015 3042 τὴν

433 3064 692 3135 μελέτην,
720 3063 821 3137 τὴν
854 3064 954 3135 μὲν
981 3064 1217 3135 ἀκηδίαν
1247 3066 1314 3137 τῇ
1344 3066 1592 3137 ὑπομονῇ
1614 3065 1703 3119 διά
1744 3065 1846 3137 τῆς
1880 3084 2014 3119 στα-

2103 1044 2372 1101 manitate
2426 1044 2749 1113 disciderat,
2804 1047 3024 1103 tandem
3071 1047 3224 1102 illum
3284 1051 3495 1118 aredia,
3530 1063 3683 1108 sexto

2103 1138 2326 1196 malitiae
2395 1140 2669 1210 germine,
2742 1140 3014 1196 scelestus
3091 1139 3304 1207 aillixit,
3367 1142 3685 1214 nullamque

2102 1227 2351 1283 laborum
2414 1228 2635 1285 illorum
2693 1229 2935 1285 futuram
2992 1230 3304 1288 mercedem
3387 1238 3682 1305 suggessit,

2106 1320 2531 1390 promissionum
2561 1320 2870 1377 Servatoris
2890 1322 3065 1377 nostri
3096 1322 3450 1378 diﬁidentiam
3472 1327 3688 1382 occulte

2109 1413 2409 1479 smninans,
2444 1398 2798 1485 mentemque
2834 1424 3114 1486 perpetuae
3161 1415 3473 1471 futurorum
3507 1417 3690 1489 gloria:

2109 1504 2386 1559 oblivione
2409 1503 2653 1561 obruens
2679 1521 2743 1560 ac
2777 1508 2926 1562 velut
2960 1507 3256 1576 sepelieris.
3282 1508 3456 1565 Simul
3507 1523 3689 1568 autem

2112 1609 2165 1651 et
2231 1595 2331 1650 viri
2394 1596 2543 1651 illius
2596 1598 2791 1667 optimi
2847 1598 3282 1669 cogitationibus
3336 1603 3693 1673 subjiciebat,

2114 1690 2347 1744 multum
2376 1689 2581 1762 requiri
2617 1691 2683 1746 ad
2743 1692 2979 1746 virtutes
3013 1694 3212 1747 animae
3260 1692 3502 1749 laborem
3529 1697 3694 1753 sudo-

2120 1796 2343 1850 remque
2368 1781 2511 1836 haud
2549 1781 2857 1841 modicum,
2894 1792 3059 1852 atque
3099 1782 3251 1839 hunc
3281 1784 3458 1839 solum
3514 1788 3695 1845 homi-

2118 1893 2360 1947 numque
2407 1893 2473 1932 ex
2509 1876 2651 1932 fama
2701 1877 2943 1948 quietem
3007 1895 3134 1935 esse
3164 1882 3515 1948 mercedem;
3560 1882 3695 1938 hinc

2118 1982 2240 2021 sesc
2270 1967 2336 2021 ad
2372 1967 2492 2037 ejus
2522 1966 2895 2023 decantandas
2923 1966 3154 2027 virtutes
3185 1981 3514 2028 convertens
3540 1974 3696 2029 bona:

2116 2059 2268 2114 illmn
2323 2060 2468 2130 apud
2498 2075 2594 2115 eos
2633 2062 2792 2132 quiei
2822 2063 3113 2133 parebant,
3136 2054 3378 2120 nominis
3414 2066 3700 2123 existimato

2118 2153 2251 2207 tioni
2305 2154 2652 2224 septimoque
2705 2153 3002 2210 ail'ectuum
3035 2155 3295 2224 daemoni,
3332 2158 3457 2214 dico
3488 2167 3695 2225 autem,

2120 2261 2273 2300 vanm
2304 2245 2512 2318 gloriae,
2556 2247 2717 2303 facile
2742 2257 3058 2319 expugnati:
3091 2246 3309 2306 efﬁcere
3341 2259 3436 2306 est-
3452 2246 3698 2306 molitus.

2192 2426 2245 2481 ε.
2297 2424 2433 2480 Cum
2482 2434 2662 2478 autem
2707 2423 2800 2479 ille
2837 2420 3051 2479 Christi
3097 2425 3322 2488 auxilio,
3356 2439 3465 2479 non
3505 2432 3612 2479 tam
3633 2422 3702 2478 iis

2124 2518 2216 2590 qui
2246 2518 2296 2574 ei
2330 2518 2614 2581 suberant,
2651 2531 2815 2586 quam
2867 2515 2970 2571 sibi
2998 2515 3123 2586 ipsi,
3180 2502 3453 2585 imperare
3491 2514 3705 2571 videre-

2125 2622 2234 2677 tur,
2268 2609 2779 2681 promissorumque
2816 2622 2845 2661 ιι
2884 2607 2997 2661 Deo
3037 2606 3107 2661 iis
3151 2607 3243 2677 qui
3274 2607 3467 2681 inrhoc
3498 2605 3706 2660 mundo

2123 2680 2397 2759 aerumnas
2412 2701 2684 2770 patienter
2706 2697 2914 2763 ierunt,
2937 2692 3210 2753 bonorum
3234 2680 3451 2750 assidue
3474 2709 3702 2759 memor,

2124 2808 2227 2849 nec
2272 2808 2384 2847 non
2433 2801 2793 2856 aeternorum,
2831 2804 2953 2859 qua:
2987 2784 3324 2843 desidiosam
3379 2783 3551 2840 vitam
3610 2784 3703 2840 hic

2127 2884 2459 2942 ducentibus
2489 2882 2635 2939 Deus
2660 2882 2925 2947 minatur,
2954 2881 3354 2952 suppliciorum
3388 2877 3704 2933 meditatio-

2123 2995 2253 3034 nem
2284 2978 2494 3047 absque
2548 2975 2967 3031 intermissione
3010 2973 3417 3045 quodammodo
3472 2970 3704 3034 faciens,

2123 3072 2370 3129 acediam
2402 3070 2620 3142 quidem
2658 3062 2952 3123 tolerantia
2989 3062 3087 3138 per
3114 3064 3277 3121 iidem
3314 3064 3528 3120 ﬁrmam
3576 3064 3709 3120 abe-

430 3158 595 3229 θεράς
633 3157 872 3220 πίστεως
899 3157 1188 3221 ἀπεσόϐει,
1210 3156 1313 3227 τὴν
1336 3156 1393 3211 δὲ
1423 3157 1734 3223 κενοδοξίαν
1758 3151 1835 3230 τῷ
1864 3159 2012 3229 φόϐῳ

2124 3163 2223 3234 git,
2272 3177 2468 3216 vanam
2520 3168 2704 3215 autem
2737 3158 2968 3230 gloriam
3019 3156 3288 3229 gehennae
3324 3157 3520 3210 timore
3558 3155 3708 3210 subi—

431 3249 532 3318 τῆς
548 3246 777 3319 γεέννης
802 3248 1087 3320 μαραίνων
1114 3249 1194 3312 είς
1225 3247 1735 3321 ταπεινοφροσύνην
1763 3252 2019 3321 μετέτρε-

431 3355 556 3402 πεν,
592 3337 666 3401 ὡς
695 3337 884 3393 λοιπὸν
913 3336 1083 3392 αὐτοῦ
1114 3339 1242 3402 τοὺς
1275 3338 1420 3392 ἑπτὰ
1456 3340 1559 3410 τῆς
1592 3340 1794 3403 κακίας
1845 3340 2017 3412 ὑπερ.

431 3428 629 3495 ϐάντας
647 3430 966 3502 λογισμοὺς,
1001 3429 1099 3484 καὶ
1128 3430 1229 3495 τάς
1260 3431 1471 3489 τούτων
1502 3432 1705 3499 πάγας,
1740 3431 2021 3503 ἀχυρμιᾶς

430 3524 590 3594 δίκην
614 3526 680 3595 τῇ
712 3522 961 3595 Χριστοῦ
986 3522 1211 3597 βοηθείᾳ
1241 3524 1759 3595 κίαταπατήσαντος,
1811 3524 2021 3594 τρίζειν

434 3615 559 3670 κατ’
594 3615 761 3671 αὐτοῦ
809 3617 939 3681 τοὺς
981 3615 1205 3682 ὀδόντας
1263 3619 1356 3672 τὸν
1383 3616 1786 3687 ἀντικείμενον,
1824 3619 1917 3672 καὶ
1956 3614 2021 3690 δὴ

432 3706 537 3778 τὴν
555 3708 645 3763 ὐπ’
692 3708 943 3779 ἄμφαλοῦ
994 3711 1256 3782 γαστρὸς,
1304 3710 1368 3763 τὸ
1397 3711 1462 3781 δὴ
1496 3709 1818 3780 λεγόμενον,
1853 3727 2020 3764 πανο-

435 3800 600 3856 πλίαν
639 3801 808 3856 αὐτοῦ
857 3805 1023 3869 κινεῖ,
1051 3803 1153 3875 τὴν
1183 3801 1438 3857 ἑλέπολιν
1490 3801 1599 3855 τῶν
1622 3801 1924 3875 λογισμῶν,
1962 3798 2024 3856 τὸ

436 3895 801 3965 πρωτόφυτον
853 3895 954 3965 τῆς
991 3894 1195 3957 κακίας
1244 3894 1561 3964 βλάστημα,
1676 3896 1769 3947 καὶ
1798 3892 1964 3954 αὐτὸς
1997 3896 2026 3946 ό

436 3984 745 4058 ἀρχέκακος
774 3983 901 4055 δφις
923 3986 1029 4057 πρὸ
1055 3987 1276 4040 πάντων
1299 3985 1490 4040 ἑαυτὸν
1513 3987 1581 4058 τῇ
1604 3983 1715 4039 τῶν
1745 3984 2026 4055 λογισμῶν

436 4078 736 4151 διαστροφῇ
772 4078 1131 4150 περιέπειρεν
1150 4093 1170 4113 ο
1227 4078 1308 4133 διδ
1332 4078 1431 4133 καὶ
1480 4078 1589 4133 τῶν
1617 4078 1866 4151 οὐρανῶν
1895 4098 2026 4134 κατ-

439 4170 637 4225 έπεσεν
666 4173 747 4234 είς
777 4173 885 4241 γῆν
916 4172 1117 4242 ῥιφείς.
1322 4243 1336 4251 ἡ

511 4259 575 4317 ε’.
602 4262 670 4316 Τί
710 4260 767 4317 δι
789 4262 953 4317 τοῦτό
981 4265 1171 4331 ἐστινς
1221 4262 1286 4319 Ἥ
1327 4263 1385 4318 δὲ
1421 4264 1857 4336 ὑπερηφανείας,
1886 4252 2026 4332 ἀγα-

2125 3270 2260 3325 gens
2287 3269 2406 3310 eam
2443 3253 2497 3307 in
2526 3251 2900 3308 humilitatem
2924 3244 3221 3315 convertit,
3250 3249 3326 3304 ita
3356 3257 3417 3303 ut
3459 3248 3704 3312 tandem,

2124 3356 2335 3416 septem
2399 3342 2621 3398 malitia:
2695 3341 2844 3395 illius
2903 3340 3181 3410 superatis
3230 3330 3703 3410 s‘uggestionibus,

2127 3438 2433 3507 harumque
2465 3433 2760 3504 decipnlis,
2796 3433 3082 3505 palearum
3132 3431 3313 3485 acervi
3368 3430 3421 3484 iu
3459 3428 3704 3493 modum,

2124 3528 2330 3583 Christi
2389 3541 2494 3596 ope
2545 3524 2906 3587 conculcatis,
2960 3521 3227 3577 dentibus
3280 3512 3477 3576 contra
3525 3512 3708 3590 ipsum

2124 3619 2385 3675 inimicus
2406 3616 2688 3684 strideret,
2721 3630 2990 3685 suamque
3039 3631 3070 3669 a
3096 3612 3307 3668 ventris
3331 3609 3614 3677 umbilico,
3648 3618 3707 3662 ut

2124 3712 2300 3777 aiunt,
2326 3720 2680 3775 armaturam,
2696 3706 2897 3764 animis
2915 3704 3293 3779 expugnandis
3316 3699 3710 3758 validissimum

2130 3810 2484 3868 tormentum,
2520 3799 2743 3855 malitia:
2775 3798 3209 3871 primogenitum
3244 3809 3495 3866 germen,
3522 3808 3630 3864 quo
3655 3801 3711 3846 et

2128 3893 2247 3964 ipse
2279 3892 2555 3946 malorum
2579 3898 2710 3945 ante
2742 3903 2936 3943 omnes
2968 3896 3162 3942 auctor
3207 3899 3437 3955 serpens
3461 3884 3705 3953 seipsum

2131 3999 2423 4057 pravarum
2451 3981 2852 4052 cogitationum
2882 3978 3214 4034 distortione
3246 3974 3546 4043 transﬁxit,
3583 3990 3710 4046 pro-

2130 4088 2252 4150 pter
2276 4073 2418 4149 quod
2441 4084 2497 4132 et
2527 4073 2683 4129 caelis
2710 4071 2936 4139 excidit,
2968 4072 3023 4126 in
3057 4077 3259 4128 terram
3291 4067 3599 4138 coniectus.

2202 4255 2254 4311 5.
2281 4254 2423 4322 Quid
2451 4260 2635 4309 autem
2665 4250 2721 4307 id
2744 4251 2866 4306 est?
2892 4248 3196 4319 Superbiae,
3230 4246 3440 4311 dilecti,
3487 4248 3708 4301 incura-

441 4352 629 4421 πητοὶ,
655 4352 916 4420 δυσίατος
952 4354 1223 4426 σηπεδὼν,
1245 4358 1280 4427 ἡ
1314 4356 1530 4430 κορυφὴ
1553 4358 1650 4412 καὶ
1675 4358 1908 4429 κορωνὶς
1928 4357 2018 4427 τῆς

2134 4347 2258 4403 bilis
2284 4346 2543 4418 putredo,
2572 4352 2739 4414 caput
2778 4352 2830 4400 et
2849 4357 3055 4398 corona
3082 4340 3327 4407 malitiae,
3356 4340 3571 4411 primus
3624 4357 3712 4396 ra-

440 4442 662 4509 κακίας,
688 4445 722 4514 ἡ
754 4444 953 4518 πρώτη
997 4444 1101 4517 τῆς
1139 4446 1369 4519 λογικῆς
1420 4448 1632 4513 οὐσίας,
1696 4451 1790 4502 καὶ
1821 4448 2018 4520 ἐσχάτη

2133 4439 2352 4497 tionalis
2375 4437 2701 4496 substantiae
2736 4444 2795 4493 et
2850 4448 3149 4505 supremus
3183 4434 3448 4490 morbus:
3502 4435 3713 4506 primus

439 4534 595 4600 νόσος
616 4551 634 4568 ο
669 4538 865 4609 πρώτη
892 4539 992 4608 μὲν
1015 4538 1106 4592 διὰ
1136 4537 1198 4591 τὸ
1218 4539 1394 4611 ταύτῃ
1426 4539 1667 4610 πρῶτον,
1686 4538 1762 4605 ὡς
1784 4541 2018 4612 εἶ’ρηται¹

2128 4534 2374 4605 quidem,
2396 4532 2523 4603 quia
2554 4531 2789 4602 primum
2817 4543 2904 4590 eo,
2933 4537 2996 4582 ut
3040 4526 3214 4589 aiunt,
3249 4525 3487 4583 Satanas
3511 4527 3711 4583 volun-

443 4627 822 4697 mptmpﬁvat
853 4629 950 4681 τὸν
972 4629 1223 4682 Σατανᾶν
1251 4629 1469 4682 ἑκοντὶ-ο
1503 4629 1707 4703 ἐσχάτη
1738 4630 1794 4683 δὲ
1851 4630 1939 4684 διὰ
1968 4629 2018 4683 τί

2134 4625 2271 4682 tarie
2314 4622 2419 4679 fuit
2471 4622 2760 4684 confixus;
2812 4631 3108 4689 supremus
3150 4629 3306 4678 vero,
3358 4615 3489 4686 quia
3553 4616 3710 4670 nulla

450 4721 618 4789 μηδὲν
651 4720 826 4785 πάθος
860 4722 1229 4793 ὑπερνικῆσαι
1260 4720 1467 4792 ταύτην
1487 4722 1567 4793 τῷ
1590 4724 1748 4792 κακῷ
1777 4738 1791 4754 ο
1823 4724 2030 4794 ταύτην

448 4812 656 4882 ἐγείρει
679 4814 795 4875 τοῖς
822 4813 1110 4882 λογισμοῖς
1160 4813 1254 4867 τοῦ
1294 4813 1488 4883 ἀνδρὸς
1524 4814 1846 4869 τελευταίαν
1891 4820 2031 4884 συμ-

447 4901 677 4971 πλοκὴν,
716 4903 817 4956 καὶ
847 4904 1363 4973 δυσκαταγώνιστον
1386 4907 1414 4959 ό
1458 4908 1558 4975 τῆς
1594 4906 1779 4973 κοινῆς
1816 4905 2030 4972 φύσεως

443 4992 557 5045 τῶν
613 4992 919 5061 ἀνθρώπων
974 4994 1170 5066 ἐχθρὸς
1223 4995 1578 5067 ὑποσπείρων
1637 4996 1788 5065 αὐτῷ
1815 4996 2029 5050 τοιάσδε

443 5081 601 5143 τινάς
640 5080 899 5146 ὑπονοίας
922 5099 937 5114 ·
984 5083 1139 5148 Ἰδοὺ,
1162 5087 1320 5159 φησὶ,
1350 5084 1714 5157 κατηγωνίσω
1734 5089 1796 5157 τῇ
1829 5089 2032 5157 ἐγκρα-

442 5170 569 5244 τείᾳ
613 5187 713 5227 σου
746 5173 843 5227 καὶ
863 5178 930 5244 τῇ
963 5176 1179 5229 συνέσει
1205 5178 1276 5231 τά
1302 5176 1449 5247 πάθη
1480 5179 1577 5246 τῆς
1616 5177 1795 5249 ψυχῆς
1823 5176 2030 5232 καὶτοῦ

444 5264 727 5336 σώματος,
744 5266 826 5338 τῷ
849 5267 1144 5338 λογιστικῷ
1169 5270 1338 5341 αὐτῆς
1375 5272 1532 5341 μέρει
1561 5272 1735 5339 σοφῶς
1758 5273 1852 5325 καίι
1880 5288 2033 5325 νουν-

444 5357 586 5428 εχῶς
619 5356 690 5412 τά
726 5359 827 5412 τοῦ
861 5360 1039 5429 θυμοῦ
1074 5362 1167 5415 καὶ
1196 5362 1300 5433 τῆς
1329 5363 1633 5433 ἐπιθυμίας
1667 5364 1839 5431 αὐτῆς
1884 5366 2032 5436 ἠνιο-

443 5449 623 5519 χήσας
650 5452 1008 5521 φρυάγματα,
1066 5453 1162 5507 καὶ
1190 5455 1288 5517 τὰς
1323 5454 1718 5510 τῶνὰπάντων
1763 5454 2034 5527 δαιμόνων

448 5543 697 5611 μηχανὰς
724 5546 807 5606 είς
838 5544 1250 5615 ἀέραδιέλυσας
1275 5560 1290 5573 ⁸
1319 5548 1469 5618 παρά
1499 5548 1592 5602 σοῦ
1617 5549 1651 5618 ἡ
1684 5564 2035 5619 γαστριμαρ-

445 5630 543 5697 γία
575 5633 925 5703 δεδούλωται,
953 5638 1023 5691 τᾶ
1037 5639 1138 5708 τῆς
1168 5638 1371 5710 σαρκὸς
1402 5642 1649 5710 ἀκρατὲς
1692 5641 1791 5710 τῆς
1820 5642 2034 5711 φιληδο-

447 5720 569 5786 νίας
592 5726 763 5792 πάθος
793 5731 1121 5803 πεπέδηται,
1171 5734 1204 5801 ἡ
1238 5731 1579 5804 φιλαργυρία
1638 5734 1978 5806 πεπότηται,
2008 5737 2036 5789 ό

439 5813 627 5895 ⁸θυμὸς
665 5820 769 5875 ὑπὸ
821 5825 918 5894 τῆς
958 5825 1270 5897 πραότητος
1306 5825 1608 5896 κατεπόθη,
1655 5827 1687 5895 η
1751 5827 1896 5899 λύπη
1923 5828 2034 5883 τῶν

2132 4732 2256 4774 eum
2283 4716 2465 4789 passio
2503 4713 2710 4770 malitia
2732 4711 2938 4777 vincit;
2971 4720 3305 4780 postremam
3352 4708 3493 4762 hanc
3523 4705 3713 4762 diiilci-

2130 4811 2348 4879 lemque
2371 4824 2605 4881 pugnam
2629 4801 3075 4876 suggestionibns
3099 4799 3214 4857 suis
3242 4800 3506 4854 adversus
3535 4797 3710 4853 virum

2134 4902 2344 4957 excitat
2371 4882 2679 4955 communis
2707 4896 2995 4952 hominum
3030 4902 3248 4948 natura!
3297 4890 3492 4956 hostis,
3523 4891 3715 4961 hujus.

2137 4994 2287 5049 modi
2318 4994 2368 5047 ei
2402 4990 2765 5061 cogitationes
2825 4986 3043 5042 occulte
3075 4984 3362 5039 inferens‘:
3393 4980 3559 5047 Ecce,
3612 4982 3709 5048 ait,

2135 5083 2473 5142 continentia
2501 5095 2590 5136 tua
2616 5079 3020 5151 prudentiaqttc
3047 5077 3242 5131 animae
3271 5090 3466 5131 omnes
3519 5091 3714 5144 corpo-

2135 5178 2323 5250 risque
2353 5176 2582 5232 aﬁectus
2603 5174 2899 5245 superasti,
2933 5170 3187 5228 rationali
3210 5170 3358 5226 illius
3385 5180 3541 5241 parte
3576 5171 3712 5223 scite

2135 5288 2200 5327 ac
2255 5268 2558 5342 prudenter
2610 5265 3234 5336 animl,ipsiusquemet
3280 5262 3524 5317 libidinis
3549 5271 3713 5316 :cstus

2136 5362 2450 5428 reirenasti,
2491 5361 2848 5430 omniumque
2904 5356 3215 5413 daemonum
3263 5354 3425 5410 astus'
3468 5356 3525 5409 in
3582 5368 3710 5409 aera

2139 5454 2292 5509 abire
2331 5454 2554 5515 fecisti;
2588 5469 2616 5507 a
2662 5462 2714 5506 te
2749 5450 3019 5523 ingluvies
3047 5449 3099 5503 in
3144 5449 3465 5505 servitutem
3494 5450 3710 5505 redacta

2138 5555 2243 5611 est,
2265 5544 2450 5601 carnis
2482 5544 2900 5608 incontinentia,
2927 5542 3133 5598 amoris
3161 5542 3500 5613 voluptatum
3530 5543 3713 5612 passio

2138 5639 2365 5694 subacta
2425 5646 2531 5701 est,
2596 5632 2828 5690 avaritia
2883 5636 3206 5692 conculcata
3269 5644 3372 5699 est,
3429 5633 3710 5689 iracundia

2138 5728 2562 5787 mansuetudine
2618 5730 2875 5800 absorpta
2939 5735 3044 5793 est,
3109 5718 3335 5784 tristitia
3421 5729 3495 5783 dc'
3544 5728 3710 5784 rebus

2140 5824 2439 5882 mundanis
2507 5840 2605 5898 spe
2662 5821 3203 5896 incorruptibilitatis
3257 5821 3535 5881 contraeta
3574 5833 3735 5887 εει..-
