4142 6380
461 309 597 374 1207

1763 297 2324 360 SUPPLEMENTU
2335 299 2415 358 Μ.

3573 286 3706 353 1208

459 431 726 482 virtutum
773 420 1056 494 neglectus
1094 433 1190 490 per
1243 416 1432 483 ﬁdem,
1479 414 2032 486 hujusquell'aculta-

2152 416 2416 486 ιοσμικῶν
2441 415 2506 484 τῇ
2531 413 2627 482 τῆς
2650 409 2960 484 ἀφθαρσίας
2990 407 3166 464 ἐλπίδι
3193 406 3432 480 ἐρράγη,
3449 407 3484 477 ἡ
3510 409 3710 476 ἀκηδία

465 534 594 586 tem,
655 514 978 590 patientiam
1029 513 1176 578 dico,
1198 519 1491 582 superatus
1522 517 1629 575 est,
1660 523 1802 562 vana
1838 507 2034 579 gloria,

462 631 584 678 seu,
627 621 709 673 ut,
765 607 909 679 quod
943 623 1032 662 res
1065 606 1182 677 ipsa
1221 613 1328 671 est,
1368 603 1570 667 dicam,
1600 600 1784 672 gloriae
1813 601 2038 671 placen-

463 708 630 774 «lique
686 700 1004 756 hominibus
1057 697 1334 769 cupiditas
1363 696 1630 751 virtutum
1669 694 2036 750 occultatione

456 797 606 867 jacet
630 794 872 849 devicta.

532 887 588 941 6.
621 886 786 942 Hisce
811 885 978 957 igitur
1009 884 1292 946 omnibus,
1322 881 1637 937 beatissime
1678 888 1840 948 atque
1895 877 2036 945 apud

466 981 634 1036 Deum
666 989 724 1035 et
757 979 1008 1034 homines
1036 977 1432 1051 gloriosissime
1459 971 1715 1044 praefecte
1738 1013 1752 1037 ,
1789 968 2039 1040 superior

460 1073 665 1138 factus,
708 1070 988 1142 quomodo
1036 1069 1269 1134 sanctis,
1331 1067 1620 1138 ipsiusmet
1680 1062 1877 1117 animae
1932 1069 2038 1114 tuae

462 1167 694 1228 virtute,
720 1180 829 1219 non
863 1163 1073 1219 cmlesti
1109 1161 1314 1216 auxilio
1344 1161 1542 1229 (neque
1571 1156 1741 1219 enim,
1778 1155 1825 1209 si
1857 1151 2039 1207 alieno

466 1259 623 1312 ﬂeret
661 1255 928 1317 subsidio,
989 1268 1188 1308 corona
1240 1253 1336 1306 tibi
1395 1245 1759 1319 impenderet)
1810 1256 2040 1314 magnus

466 1348 718 1414 eﬂ‘ectus,
771 1345 984 1400 vicinus
1035 1343 1177 1396 haud
1215 1341 1334 1397 sis?
1367 1339 1489 1394 Haec
1543 1337 1813 1393 scelestus
1857 1332 2038 1388 consi-

467 1441 658 1495 liarius
689 1437 977 1492 memorati
1013 1433 1320 1491 beatissimi
1354 1430 1580 1487 Mariani
1615 1425 1858 1501 praefecti
1890 1421 2039 1495 cogi-

473 1532 776 1587 tationibus
809 1543 1104 1600 suggerens
1155 1528 1221 1582 ad
1281 1525 1480 1582 fastum
1535 1521 1809 1578 excitabat
1839 1518 2037 1580 virum,

469 1605 812 1694 virtutesque
837 1638 971 1692 quas
1000 1622 1263 1686 diximus,
1297 1619 1478 1690 ipsum
1506 1632 1573 1672 ex
1608 1631 1686 1682 se,
1719 1628 1825 1668 non
1857 1619 2038 1666 autem

473 1735 538 1774 ex
582 1717 676 1772 Dei
728 1715 930 1770 auxilio
971 1713 1196 1779 habere,
1243 1711 1476 1766 suadere
1504 1710 1555 1764 ei
1615 1706 1940 1767 conabatur,
1983 1709 2041 1756 ut

2139 507 2247 560 τῶν
2271 505 2484 576 ἀρετῶν
2504 503 2594 558 διὰ
2623 503 2720 574 τῆς
2742 503 3003 568 πίστεως,
3027 501 3123 556 καὶ
3141 501 3241 571 τῆς
3261 500 3494 576 θεωρίας
3521 500 3707 571 αὐτῆς,

2139 599 2283 668 λέγω
2312 575 2373 668 δὴ
2400 597 2501 666 τῆς
2527 596 2832 667 ὑπομονῆς,
2856 593 3134 665 ἐνευρώθη
3155 607 3172 624 ⁸
3200 595 3233 664 ὴ
3260 575 3560 658 κενοδοξία,
3589 610 3714 646 ταυ-

2139 690 2231 744 τὸν
2260 689 2319 744 δὲ
2346 689 2543 754 εἰπεῖν,
2593 686 2886 759 φιλοδοξία,
2939 685 3035 739 καὶ
3089 683 3583 756 ἀνθρωπαρέσκεια
3631 684 3709 755 τῷ

2140 779 2358 852 κρυφίῳ
2389 778 2498 831 τῶν
2530 777 2742 847 ἀρετῶν
2774 776 3138 840 ἐξαπόλωλεν.

2212 871 2288 936 ς’.
2331 871 2551 924 Τούτων
2580 864 2673 923 οὖν
2698 869 2954 924 ἁπάντων
2984 868 3285 939 ὑπέρτερος
3312 868 3572 938 γεγονὼς,
3613 887 3712 938 μα-

2142 962 2447 1033 καριὼτατε
2479 959 2716 1032 ὓπαρχε,
2739 960 2834 1014 καί
2876 960 3185 1025 ἐνδοξότατε
3250 962 3404 1032 παρά
3438 941 3572 1030 Θεῷ
3619 964 3712 1016 καὶ

2139 1055 2473 1127 ἀνθρώποις,
2510 1053 2628 1117 πῶς
2657 1054 2755 1106 οὐκ
2789 1053 2957 1122 ἐγγὺς
2978 1048 3028 1107 εἰ
3056 1054 3167 1106 τῶν
3205 1053 3398 1122 ἁγίων,
3426 1056 3494 1124 τῇ
3523 1055 3712 1126 ἀνδρίᾳ

2140 1148 2239 1217 τῆς
2271 1145 2466 1200 ἑαυτοῦ
2497 1145 2678 1216 ψυχῆς
2708 1146 3064 1216 μεγαλυνθείς
3093 1145 3174 1211 (οὐ
3214 1145 3320 1214 γὰρ
3363 1146 3428 1217 δὴ
3455 1148 3522 1215 τῇ
3553 1146 3713 1215 οὐρα-

2142 1238 2295 1293 νόθεν
2325 1235 2566 1307 βοηθείᾳ)
2591 1253 2606 1302 ;
2639 1233 2702 1289 Εἰ
2726 1235 2915 1306 γὰρξέξ
2940 1236 3102 1291 ἀλλου
3119 1231 3190 1306 ἦν
3216 1235 3572 1307 ἠάντίληψις,
3597 1237 3712 1288 οὐδὲ

2145 1329 2406 1398 στέφανός
2446 1346 2530 1382 σοι
2581 1328 2860 1384 ἀπέκειτο.
2891 1328 3077 1382 Ταῦτα
3115 1331 3142 1383 6
3185 1332 3381 1401 μιαρὸς
3414 1329 3712 1398 σύμϐουλος

2141 1423 2256 1485 τοῖς
2293 1421 2573 1490 λογισμοῖς
2609 1419 2930 1474 ὗποϐἀλλων
2980 1421 3074 1474 τοῦ
3121 1419 3584 1492 μνημονευθὲντος
3613 1439 3713 1490 μα-

2145 1513 2487 1585 καριωτάτου
2556 1511 2843 1583 Μαριανοῦ
2899 1511 2991 1565 τοῦ
3032 1512 3296 1582 ἐπάρχου,
3353 1513 3432 1576 εἰς
3483 1512 3712 1583 ἔπαρσιν

2146 1606 2508 1677 προεκαλεῖτο
2537 1607 2629 1660 τὸν
2663 1605 2853 1676 ἄνδρα,
2879 1605 2978 1659 καὶ
3000 1604 3209 1658 πείθειν
3229 1606 3485 1676 ἐπειρᾶτο
3506 1605 3713 1660 οἴκοθεν

2145 1700 2309 1752 αὑτὸν
2337 1698 2644 1768 κτήσασθαι
2676 1697 2779 1759 τὰς
2809 1697 3033 1767 ἀρετὰς,
3057 1695 3124 1760 ἃς
3151 1695 3508 1766 προείπομεν,
3533 1698 3625 1750 καὶ
3652 1698 3710 1750 οὐ

467 1811 514 1866 εἰ
551 1811 730 1880 ipsum
764 1808 995 1864 consilio
1027 1806 1149 1877 ejus
1185 1803 1443 1860 assentiri
1475 1800 1743 1858 eveniret,
1785 1797 1851 1852 ad
1901 1797 2040 1850 iram

2152 1791 2210 1859 τῇ
2251 1787 2344 1842 τοῦ
2373 1787 2508 1841 Θεοῦ
2533 1787 2780 1860 βοηθείᾳ,
2815 1787 2924 1852 ἵνα,
2961 1788 3011 1841 εἰ
3043 1787 3244 1857 ωνὲὁη
3275 1787 3468 1840 τοῦτον
3513 1804 3714 1856 συγκα-

467 1904 632 1968 Deus,
660 1909 844 1970 utpote
874 1900 1173 1971 gratiarum
1198 1896 1409 1952 actione
1438 1894 1620 1949 debita
1649 1891 1788 1945 haud
1818 1896 2040 1957 accepta

469 2003 823 2058 provocatus,
857 1991 1065 2046 auxilio
1095 2004 1198 2045 suo
1239 1989 1391 2043 illum
1445 1985 1695 2049 orbarel,
1753 1982 2043 2047 solumque

475 2095 668 2141 nactus
697 2083 1122 2140 scelestissimus
1147 2095 1306 2135 suum
1341 2093 1530 2142 omne,
1558 2074 1858 2130 secundum
1894 2068 2044 2141 quod

469 2179 738 2248 scriptum
759 2186 861 2243 est,
895 2173 1228 2232 desiderium
1259 2172 1312 2226 in
1342 2185 1409 2228 eo
1439 2175 1856 2238 exsequeretur.

542 2272 597 2325 7.
627 2267 910 2325 Ut'autem
947 2275 1003 2322 et
1055 2265 1109 2319 in
1162 2264 1266 2318 hoc
1325 2277 1354 2316 a
1393 2259 1616 2316 Christo
1653 2258 1902 2313 devictus
1941 2254 2046 2310 fuit

473 2361 666 2426 Belial,
691 2359 1016 2416 beatissimo
1055 2355 1302 2411 Mariano
1329 2353 1574 2409 divinum
1622 2349 1884 2404 auxilium
1936 2349 2042 2404 im-

469 2456 723 2526 plorante
753 2453 1100 2521 dicenteque,
1153 2447 1290 2516 Quia
1341 2457 1402 2501 tu
1461 2460 1519 2500 es
1555 2443 1716 2507 Deus,
1754 2444 1845 2512 qui
1879 2443 2046 2498 doces

473 2546 751 2604 hominem
790 2544 1105 2610 scientiam,
1155 2540 1351 2596 animae
1406 2536 1661 2593 conditor
1688 2534 2046 2606 corporisque

473 2651 713 2706 creator,
798 2636 1131 2707 unionisque
1189 2631 1509 2690 earumdem
1585 2638 1923 2698 compactor,
1983 2641 2046 2682 ac

474 2725 885 2796 disjunctionis,
906 2724 1210 2780 secundum
1226 2719 1371 2792 quod
1385 2719 1660 2782 convenit,
1679 2717 2044 2787 dispensator.

477 2831 806 2886 rursumque
861 2815 918 2870 in
953 2824 1300 2871 mortuorum
1355 2810 1759 2866 resurrectione
1810 2809 2047 2864 reiictio-

486 2910 573 2964 nis
598 2946 612 2970 ,
678 2905 1199 2977 temperationisque
1235 2901 1380 2957 haud
1442 2900 1685 2956 confusae
1718 2916 1782 2956 ac
1827 2910 2046 2956 aeternae

474 3005 528 3056 in
551 2977 1082 3070 incorruptibilitate
1103 2997 1227 3051 vitae
1247 2993 1518 3066 provisor,
1543 2992 2046 3060 miraculorumque

472 3093 668 3156 iactor,
709 3089 940 3158 aliisque
972 3086 1226 3159 pluribus
1257 3084 1532 3140 similibus
1580 3083 1823 3153 seipsum
1867 3082 2047 3136 humi-
2071 3128 2118 3190 Ο

477 3185 685 3247 tiaute,
745 3181 968 3252 Deoque
1043 3192 1264 3233 omnem
1322 3176 1548 3248 gloriam
1612 3189 1677 3230 ac
1742 3173 2044 3245 gratiarum

474 3275 748 3330 actionem
781 3273 1139 3337 attribuente,
1171 3271 1390 3325 invidus
1444 3270 1682 3332 daemon,
1715 3283 1837 3322 cum
1897 3266 2046 3321 deci-

478 3369 664 3439 pulam
699 3366 963 3422 adversus
997 3365 1115 3434 eius
1149 3364 1388 3418 animam
1423 3361 1569 3417 haud
1598 3362 1891 3422 inveniret,
1925 3375 2049 3414 sese

474 3458 696 3514 tandem
731 3456 799 3510 ad
848 3470 1046 3524 corpus
1102 3455 1222 3524 ejus
1275 3453 1702 3524 oppugnandum
1754 3451 2048 3516 convertit,

472 3559 637 3618 atque
672 3548 877 3619 ipsum,
911 3561 1021 3600 non
1074 3559 1235 3601 secus
1287 3553 1452 3614 atque
1507 3542 1610 3597 Job
1642 3543 1845 3612 (neque
1901 3541 2050 3594 enim

472 3641 579 3696 nisi
609 3640 750 3695 Deus
783 3637 1070 3704 concedat,
1102 3636 1185 3692 vel
1214 3645 1407 3691 contra
1445 3649 1663 3706 porcos,
1695 3635 1771 3688 uti
1804 3633 2050 3703 Evange-

475 3736 607 3790 Lium
668 3731 932 3795 ostendit,
991 3729 1192 3785 nedum
1228 3737 1420 3784 contra
1464 3727 1747 3782 hominem
1811 3739 2051 3794 eumque

478 3829 656 3902 pium,
692 3835 1019 3896 potestatem
1051 3821 1237 3885 habet)
1279 3821 1621 3886 examinans,
1671 3819 1946 3890 percussit
1969 3821 2052 3874 vi-

479 3935 598 3973 rum
647 3915 913 3989 paralysis
957 3927 1236 3984 corporeae
1266 3911 1445 3984 plaga,
1500 3910 1576 3966 ita
1606 3919 1666 3964 ut
1706 3909 1889 3964 omnia
1930 3908 2053 3979 ejus

473 4009 718 4066 membra
753 4009 808 4064 iu
849 4007 992 4062 lecto
1031 4005 1281 4075 iacerent
1338 4003 1624 4073 preclusa,
1677 4017 1779 4057 nec
1828 4001 2052 4056 omnino

478 4102 574 4156 ulli
606 4117 637 4157 e
689 4097 939 4169 corporis
987 4095 1236 4166 partibus
1284 4092 1494 4148 moveri
1534 4107 1564 4146 a
1591 4091 1770 4161 seipsa
1803 4092 2049 4155 daretur,

477 4197 574 4251 sed
605 4202 662 4249 et
684 4191 767 4247 ori
807 4190 929 4260 ejus
956 4189 1112 4244 cibus
1135 4185 1332 4242 alienis
1359 4183 1615 4239 manibus
1645 4182 1925 4239 admoveri
1957 4181 2053 4237 de-

476 4289 652 4343 heret.

547 4398 600 4456 8.
633 4395 838 4450 Adhac
881 4389 1128 4457 medicis,
1183 4404 1295 4446 non
1360 4383 1607 4443 civitatis
1659 4394 1894 4447 tantum,
1956 4383 2050 4440 sed

2143 1880 2403 1935 ταθέσθαι
2434 1883 2503 1952 τῇ
2536 1879 2720 1952 βουλῇ,
2758 1880 3024 1952 λυπηθεὶς
3049 1881 3078 1933 6
3123 1880 3256 1942 Θεὸς
3292 1879 3367 1944 ὡς
3421 1881 3715 1952 ἀχαριστηο

2147 1972 2282 2037 θεὶς,
2313 1973 2557 2044 στερήσῃ
2581 1973 2742 2026 αὐτὸν
2783 1972 2888 2042 τῆς
2922 1971 3120 2026 ἑαυτοῦ
3153 1971 3426 2043 βοηθείας,
3458 1974 3552 2024 καὶ
3585 1971 3712 2043 {pq-

2146 2083 2250 2136 μον
2275 2066 2441 2120 αὐτὸν
2471 2065 2770 2136 λαϐόμενος
2811 2066 2839 2118 6
2891 2065 3253 2135 παμπόνηρος
3304 2065 3715 2136 κατεργάσηται

2145 2161 2205 2212 ἐν
2235 2159 2384 2228 αὑτῷ
2417 2159 2561 2213 κατὰ
2583 2157 2645 2212 τδ
2679 2158 3070 2228 γεγραμμένον
3104 2158 3284 2212 πᾶσαν
3311 2156 3631 2228 ἐπιθυμίαν.

2216 2250 2282 2316 ζ’.
2329 2250 2416 2315 Ὠς
2449 2251 2504 2304 δὲ
2531 2252 2625 2304 καὶ
2659 2252 2718 2303 ἐν
2747 2251 2923 2321 τούτῳ
2952 2249 3338 2322 κατηγωνίσθη
3360 2250 3449 2304 διὰ
3481 2249 3713 2318 Χριστοῦ

2145 2343 2174 2396 ὁ
2199 2341 2416 2411 Βελίαρ,
2447 2339 2542 2392 τοῦ
2577 2342 3001 2409 μακαριωτάτου
3040 2340 3324 2410 Μαριανοῦ
3355 2339 3451 2410 τὴν
3488 2341 3551 2392 ἐκ
3580 2339 3715 2392 Θεοῦ

2150 2430 2404 2501 βοήθειαν
2427 2428 2983 2500 ἐπικαλουμένου,καί
3001 2429 3276 2498 λέγοντος,
3290 2429 3459 2484 ὃτιΣὺ
3477 2427 3526 2481 εἰ
3542 2431 3568 2482 6
3581 2429 3722 2482 διδά-

2150 2539 2295 2577 σκων
2308 2521 2598 2593 ἄνθρωπον
2613 2521 2838 2591 γνῶσιν,
2855 2523 2952 2591 τῆς
2964 2523 3142 2593 ψυχῆς
3159 2522 3390 2594 ποιητὴς
3408 2521 3498 2575 καὶ
3511 2522 3603 2574 τοῦ
3620 2523 3721 2573 σώ-
3793 2533 3806 2540 ’

2152 2633 2318 2688 ματος
2363 2615 2652 2685 πλάστης,
2685 2615 2781 2668 καὶ
2823 2615 2920 2683 τῆς
2972 2615 3242 2685 ἁρμονίας
3282 2614 3461 2668 αὐτῶν
3507 2614 3722 2683 συμπή-

2151 2725 2324 2777 κτωρ,
2367 2706 2463 2760 καὶ
2489 2706 2588 2776 τῆς
2618 2705 2945 2771 διαζεύξεως
2990 2707 3169 2759 αὐτῶν
3196 2707 3334 2776 πρὸς
3354 2705 3414 2759 τὸ
3445 2706 3720 2775 συμφέρον

2149 2799 2472 2870 οἰκονόμος,
2533 2799 2630 2852 καὶ
2697 2797 2862 2853 πάλιν
2924 2799 3021 2868 τῆς
3076 2796 3436 2860 ἀναπλάσεως
3509 2795 3607 2867 τῆς
3663 2798 3722 2849 ἐν

2148 2893 2215 2962 τῇ
2241 2890 2536 2943 ἀναστάσει
2559 2889 2654 2943 καί.
2681 2892 2780 2958 τῆς
2798 2889 3108 2959 ἀσυγχύτου
3131 2889 3488 2961 συγκράσεως
3521 2890 3718 2951 αὐτῶν,

2150 2987 2246 3036 καὶ
2281 2982 2378 3054 τῆς
2411 2985 2467 3034 ἐν
2505 2981 2789 3052 ἀφθαρσίᾳ
2815 2980 2964 3050 ζωῆς
2995 2982 3217 3035 αἰωνίου
3251 2981 3558 3053 προνοητὴς
3582 3022 3598 3045 ,
3624 2983 3721 3034 καὶ

2153 3075 2690 3145 θαυματουργὸς,καὶ
2702 3072 2880 3135 ἄλλοις
2901 3073 3109 3128 πλείοσι
3123 3076 3385 3139 τοιούτοις
3403 3075 3725 3129 ταπεινοῦν·

2151 3183 2242 3229 τος
2275 3166 2486 3227 ἑαυτὸν,
2529 3166 2626 3219 καὶ
2656 3165 2734 3236 τῷ
2772 3164 2891 3236 Θεῷ
2920 3167 3022 3235 τὴν
3071 3166 3294 3222 ἃπασαν
3323 3167 3483 3234 δόξαν
3508 3166 3602 3220 καὶ
3639 3167 3729 3221 εὐ-

2150 3259 2441 3328 χαριστίαν
2488 3259 2874 3328 ἀπονέμοντος,
2930 3261 3024 3313 καί
3087 3259 3362 3330 εὑρίσκων
3390 3263 3418 3313 6
3453 3259 3725 3330 βάσκανος

2151 3349 2361 3416 δαίμων
2390 3351 2590 3417 παγίδα
2611 3351 2733 3405 τινὰ
2759 3351 2901 3406 κατά
2927 3351 3026 3421 τῆς
3053 3351 3231 3422 ψυχῆς
3254 3353 3442 3418 αὑτοῦ,
3474 3353 3724 3423 ἐστράφη

2151 3441 2337 3496 λοιπὸν
2369 3442 2446 3512 τῷ
2480 3439 2711 3512 σώματι⁸
2733 3444 2897 3498 αὑτοῦ
2943 3444 3225 3516 πολεμεῖν.
3253 3445 3362 3499 Καὶ
3395 3445 3729 3514 ἐξετασάμε-

2151 3551 2240 3597 νο;
2269 3535 2430 3589 αὐτὸν
2455 3535 2646 3608 ὥσπερ
2673 3536 2763 3592 τὸν
2805 3537 2928 3592 ’1ὼό
2988 3538 3150 3610 (οὐδέ
3193 3537 3302 3608 γὰρ
3335 3539 3476 3592 κατά
3526 3539 3726 3608 χοίρων

2153 3627 2265 3698 ἔχει
2316 3628 2588 3694 ἐξουσίαν,
2647 3630 2787 3701 πλὴν
2816 3632 2866 3683 εἰ
2917 3631 2992 3701 μὴ
3023 3630 3157 3695 Θεὸς
3199 3632 3534 3701 συγχωρείη,
3564 3629 3639 3693 ὡς
3665 3631 3728 3684 τὸ

2153 3720 2488 3791 Εὑαγγέλιον
2508 3720 2807 3787 δείκνυσιν,
2841 3721 2973 3792 μήτι
3009 3737 3075 3790 γε
3105 3721 3246 3775 κατά
3293 3721 3608 3790 ἀνθρώπου,
3632 3720 3728 3774 καὶ

2153 3811 2327 3868 ταῦτα
2347 3809 2678 3882 θεοσεϐοῦς),
2698 3810 2900 3880 ἔπληξε
2922 3812 3014 3864 τὸν
3038 3812 3207 3880 ἄνδρα
3233 3811 3416 3881 πληγῇ
3441 3811 3730 3881 παρέσεως

2156 3907 2500 3975 σωματικῆς,
2532 3902 2608 3968 ὡς
2639 3905 2817 3958 πάντα
2864 3904 3029 3958 αὐτοῦ
3080 3905 3152 3957 τὰ
3187 3905 3329 3974 μέλη
3362 3902 3730 3973 συλλελυμένα

2154 3997 2371 4052 κεῖσθαι
2435 4000 2530 4051 ἐπὶ
2589 3997 2803 4067 κλίνης,
2845 3999 2940 4050 καὶ
2994 3995 3118 4068 μηδ’
3152 3996 3288 4058 ὅλως
3343 3993 3611 4048 κινεῖσθαι
3637 3992 3729 4062 ἀφ’

2155 4089 2350 4142 ἑαυτοῦ
2399 4088 2588 4161 μηδενί
2642 4087 2752 4141 τῶν
2800 4087 2895 4140 τοῦ
2929 4086 3182 4158 σώματος
3234 4085 3441 4157 μερῶν,
3471 4085 3607 4139 ἀλλά
3636 4087 3733 4138 καὶ

2153 4186 2252 4258 τὴν
2283 4186 2489 4256 τροφὴν
2511 4185 2578 4239 δι’
2606 4185 2905 4256 ἀλλοτρίων
2936 4184 3138 4255 χειρῶν
3159 4183 3236 4254 τῷ
3265 4183 3497 4253 στόματι
3537 4181 3728 4235 τούτου

2156 4277 2558 4351 προσάγεσθαι.

2226 4370 2297 4443 η’.
2323 4366 2459 4425 Εἶτα
2481 4372 2594 4424 τῶν
2637 4369 2836 4442 ἰατρῶν
2862 4371 2923 4424 οὐ
2977 4371 3080 4440 τῆς
3110 4371 3318 4434 πόλεως
3356 4372 3542 4442 μόνον,
3596 4371 3732 4424 dini

475 4503 530 4548 et
586 4488 829 4560 regionis
877 4486 1046 4541 tetius
1106 4493 1333 4554 propter
1391 4493 1642 4551 personae
1700 4477 2042 4533 nobilitatem

2153 4465 2249 4519 καί
2279 4465 2377 4534 τῆς
2407 4462 2591 4534 χώρας
2621 4462 2838 4533 ἀπάσης
2869 4463 2962 4516 διὰ
2987 4464 3047 4516 τὸ
3067 4463 3163 4516 τοῦ
3199 4462 3494 4534 προσώπου
3526 4461 3733 4525 ἔνδοξον

404 4643 413 4663 ε
474 4581 810 4646 convocatis,
850 4580 1016 4634 totius
1041 4577 1176 4632 artis
1202 4575 1427 4631 medicae
1462 4573 1744 4643 specimen
1771 4571 2048 4626 diversum

473 4679 529 4732 in
551 4676 670 4745 ipso
693 4667 1020 4733 estfactum,
1040 4665 1284 4722 exterius
1300 4665 1723 4735 pharmacorum
1749 4660 2052 4730 omnigene

482 4768 726 4822 misturte
787 4759 1038 4824 artiﬁcia,
1117 4757 1376 4813 duritiem
1442 4763 1730 4811 externam
1804 4751 2054 4821 corporis

476 4854 837 4918 emollientia,
871 4850 1161 4922 potionum
1226 4864 1256 4903 e
1283 4847 1472 4904 multis
1515 4844 1820 4901 commistis
1862 4858 1960 4914 per
1991 4857 2054 4899 os

437 4961 440 4966 '
476 4948 806 5006 donationes
843 4944 1095 5010 diversae,
1131 4941 1366 4996 interius
1422 4938 1875 4994 constitutionem
1913 4937 2054 4991 male

480 5040 731 5097 aﬂectam
760 5051 825 5091 ac
850 5034 1310 5091 collabascentem
1364 5029 1625 5084 conﬂictu
1658 5027 1940 5082 contrario
1964 5039 2052 5080 re-

480 5133 819 5190 suscitantes
868 5139 1035 5196 atque
1095 5123 1520 5185 confortantes;
1580 5119 1812 5174 inferius
1871 5127 2053 5172 autem

481 5225 924 5284 immittebantur
985 5220 1145 5276 mista
1203 5216 1436 5272 remissu
1497 5214 1697 5275 lacilia,
1761 5212 2056 5267 scitissime

400 5349 408 5356 -
481 5322 724 5383 iuventa,
757 5315 1142 5371 intestinorum
1200 5309 1388 5374 ﬂatus,
1426 5307 1631 5362 exitum
1695 5305 1844 5360 haud
1905 5306 2056 5359 inve-

482 5415 724 5473 nientes,
774 5409 936 5464 facile
988 5404 1282 5467 solventia,
1336 5402 1596 5470 illamque
1635 5398 1744 5453 late
1811 5410 2054 5467 spat-Sum

484 5510 649 5569 atque
678 5497 744 5550 ad
772 5496 948 5566 ipsum
983 5493 1268 5549 cerebrum
1302 5490 1538 5546 delatam
1570 5501 1746 5543 atram
1771 5485 2056 5540 materiem

480 5607 512 5661 ι)
535 5609 575 5641 -r
609 5603 789 5658 partes
821 5585 1113 5642 inl'eriOres
1150 5583 1446 5654 abigentia.
1480 5585 1658 5653 Atque
1695 5581 1810 5635 haec
1844 5578 2056 5645 aliaque

484 5681 709 5746 similia,
747 5696 870 5735 cum
903 5679 1050 5733 circa
1081 5677 1261 5734 virum
1316 5676 1457 5731 facta
1509 5674 1770 5739 fuissent,
1803 5671 2056 5726 morbum

483 5772 734 5842 corporis
775 5771 1067 5843 augebant,
1114 5767 1689 5851 desperationcmque
1716 5765 1898 5848 animo
1929 5759 2057 5832 inji-

2163 4558 2598 4637 συγκληθέντων,
2628 4557 2756 4627 ὅλης
2787 4559 2865 4619 εἰς
2892 4556 3056 4610 αὑτὸν
3079 4556 3178 4626 τῆς
3212 4556 3734 4626 ἰατρικῆςπαιδείας

2159 4651 2418 4721 διάφορος
2481 4646 2748 4714 ἐπίδειξις
2799 4649 3046 4718 γέγονεν,
3099 4647 3460 4718 ἀλειμμάτων
3535 4645 3735 4710 ἔξωθεν

2162 4743 2472 4813 παμμιγεῖς
2525 4740 2821 4811 εὐτεχνίαι,
2876 4738 2940 4793 τὸ
3003 4737 3238 4809 σκληρὸν
3281 4739 3383 4807 τῆς
3413 4737 3736 4806 ἐπιφανείας

2160 4837 2257 4888 τοῦ
2307 4833 2559 4904 σώματος
2612 4833 2893 4904 ἀοχλήτως
2949 4832 3493 4902 καταμαλάττουσαι,
3561 4827 3736 4882 ποτῶν

2164 4929 2633 4998 συγκεκραμένων
2664 4927 3026 4996 παμποίκιλοι
3048 4927 3136 4979 διὰ
3166 4925 3432 4994 στόματος
3457 4924 3652 4988 δόσεις,
3678 4922 3737 4975 τὺ

2164 5022 2483 5096 κακόχυμον
2505 5023 2604 5091 τῆς
2635 5019 2782 5075 ἔνδον
2804 5019 3096 5082 διαθέσεως
3143 5018 3238 5070 καὶ
3294 5017 3614 5088 νεκροποιὸν
3669 5016 3736 5087 τῇ

2167 5114 2427 5182 ἀντιδότῳ
2450 5111 2742 5182 συμπλοκῇ
2771 5109 3308 5181 ἀναζωπυροῦσαίτε
3338 5109 3434 5163 καὶ
3464 5109 3738 5179 ρωννύου-

2167 5223 2293 5261 σαιο
2347 5205 2441 5263 καὶ
2504 5204 2751 5260 κάτωθεν
2787 5203 2844 5258 δέ
2885 5203 3258 5272 ἁναπόμπιμα
3311 5201 3740 5271 παριπέμποντο

2165 5299 2428 5370 κράματσ.
2484 5300 2779 5367 πανσόφως
2808 5297 3206 5368 τετεχνημένα,
3239 5295 3331 5348 τὸν
3362 5294 3474 5348 τῶν
3506 5293 3742 5365 ἐντέρων

2167 5392 2535 5456 ἁδιεξόδευτον
2601 5387 2991 5444 διευλυτοῡντα
3026 5385 3446 5459 βορϐορυγμὺν,
3504 5387 3602 5440 καί
3643 5383 3743 5456 τὴν

2164 5484 2491 5555 ἁναδοτικὴν
2529 5483 2746 5550 ἐκείνην
2803 5481 3132 5550 δυσθυμίαν,
3181 5481 3277 5533 καὶ
3329 5477 3526 5550 μέχρις
3573 5477 3742 5531 αὑτοῦ

2165 5574 2628 5646 διακομιζομένην
2653 5574 2748 5627 τοῦ
2775 5571 3082 5639 ἐγκεφάλου
3106 5572 3198 5622 ἐπὶ
3221 5569 3288 5622 τά
3321 5570 3472 5622 κάτω
3513 5567 3748 5638 προτρέ-

2168 5683 2356 5730 ποντα,
2398 5667 2494 5720 καὶ
2522 5667 2702 5721 πάντα
2727 5665 2792 5734 δὴ
2811 5681 2982 5719 ταυτα
3007 5665 3102 5718 καὶ
3134 5661 3206 5716 τά
3231 5662 3460 5716 τοιαῦτα
3484 5660 3746 5730 γινόμενα

2169 5759 2298 5830 περὶ
2323 5758 2415 5814 τὸν
2443 5758 2612 5830 ἄνδρα
2637 5757 2737 5830 τὴν
2771 5758 2926 5812 νόσον
2957 5754 3052 5810 τοῦ
3079 5753 3332 5827 σώματος
3364 5751 3620 5824 ηὔξανον,
3650 5748 3746 5810 κα)
