4140 6382
416 353 553 418 12.9
629 331 632 335 ’

1439 358 1499 418 S.
1548 354 1932 417 DEMETHII
1978 355 2381 418 MARTYRIS
2417 359 2630 420 ACTA.

3523 359 3658 427 1210

413 465 506 518 τὸν
529 463 876 536 άπιλπισμδν
907 465 1212 522 ὑπέϐαλλον
1248 469 1314 538 τῇ
1342 468 1512 536 ψυχῇ,
1542 465 1618 529 ὡς
1637 468 1701 520 ὲκ
1727 468 1825 537 τῆς
1853 467 1973 519 άθυ·

2090 467 2326 534 ciebant,
2363 471 2500 524 adeo
2525 480 2584 525 ut
2608 487 2674 526 ex
2704 472 2869 527 animi
2927 473 3233 545 dejectione
3279 475 3445 547 duplo
3478 481 3658 548 majus

415 557 545 626 μίας
564 557 904 621 διαπλασίως
935 558 1232 628 τρέφεσθαι
1261 558 1322 612 τὸ
1342 559 1533 622 κακὸν,
1559 556 1682 611 οὔτε
1711 557 1769 611 δὲ
1804 559 1984 628 πάσης

410 650 761 720 ἀνθρωπίνης
791 650 1046 720 βοηθείας
1087 653 1363 706 ἀπεῖπενό
1393 653 1555 722 ἀνὴρ,
1579 653 1677 706 καὶ
1705 652 1892 705 λοιπὸν
1917 653 1987 706 τὰ

412 741 544 811 περὶ
579 741 673 795 τὸν
709 742 941 798 θάνατον
973 744 1166 798 τούτου
1211 744 1542 817 ηύτρέπιζον
1573 745 1624 798 oi
1677 745 1984 815 προσήκον-

410 851 522 896 τες.

482 927 550 981 θ’.
605 927 740 980 Τότε
788 945 876 994 τις
923 929 1033 983 τῶν
1085 929 1456 1000 εύνουστέρων
1503 927 1653 999 αὐτῷ
1683 927 1986 982 δοκούντων

410 1018 678 1088 ὑπάρχειν
737 1019 871 1088 πρὸς
909 1019 971 1073 τὸ
1021 1019 1114 1082 οὖς
1171 1022 1356 1090 ἠρέμα
1407 1019 1577 1090 ἔφησε
1646 1018 1983 1090 προσελθὼν,

412 1112 570 1163 Ἐστι
602 1127 686 1172 τις
709 1111 867 1180 ἀνὴρ,
895 1110 952 1174 ὃς
984 1111 1181 1182 είρηκέ
1211 1130 1303 1181 μοι
1327 1112 1594 1167 δύνασθαί
1621 1106 1767 1175 σε,ιῖ›
1793 1114 1986 1166 δέσπο-

407 1219 496 1267 τα,
528 1202 654 1272 ὑγιῆ
687 1203 973 1274 καθιστᾷν,
1005 1204 1053 1257 εί
1084 1202 1340 1275 θελήσεις
1373 1205 1474 1275 τὴν
1520 1205 1984 1276 ὲγγεγραμμένην

411 1294 755 1364 μεμϐράναν,
807 1295 876 1365 ἢν
926 1295 1110 1349 δίδωσί
1167 1312 1270 1360 σοι,
1324 1296 1540 1366 ἀφάψαι
1572 1297 1716 1350 κατὰ
1741 1296 1836 1349 τοῦ
1890 1296 1984 1348 σοῦ

406 1385 703 1455 τραχήλου,
766 1386 862 1437 καὶ¹
911 1387 1118 1455 φορεῖν.
1173 1385 1233 1440 '0
1265 1387 1321 1440 δὲ
1377 1387 1649 1457 μακάριος
1704 1385 1986 1455 Μαριανὺς

405 1477 741 1547 ἀπεκρίνατο
768 1493 782 1507 ·
821 1478 932 1530 Καὶ
959 1478 1010 1530 τί
1041 1481 1211 1542 ἔστιν,
1241 1479 1270 1532 ὃ
1308 1495 1474 1550 φησιν
1505 1478 1885 1548 ἐγγεγράφθαι
1913 1479 1982 1548 τῇ

407 1567 702 1637 μεμϐράνῃ
728 1583 743 1631 ;
774 1562 908 1619 Εῐπε
938 1567 993 1620 δὲ
1021 1569 1049 1618 ό
1076 1569 1204 1631 παῖς
1245 1584 1260 1600 ο
1304 1568 1712 1639 Ἐρωτήσαντός
1753 1587 1855 1640 μου
1889 1587 1980 1637 μι-

403 1657 535 1723 κρόν
568 1675 620 1709 τι
643 1655 1068 1726 περιεργότερον
1098 1657 1187 1710 διά
1225 1657 1322 1728 τὴν
1362 1658 1571 1725 άφατόν
1603 1676 1708 1729 μου
1745 1660 1877 1727 περὶ⁵
1901 1658 1980 1723 σὲ,

403 1742 450 1801 ὦ
474 1748 732 1810 δέσποτα,
785 1748 1049 1815 φροντίδα
1074 1788 1091 1815 ,
1131 1749 1253 1802 οὐδὲ
1300 1749 1458 1803 τοῦτό
1498 1767 1564 1820 με
1597 1748 1979 1821 ἀπεκρύψατο,

405 1838 524 1892 ἀλλ’
561 1837 666 1907 ἔφη
926 1808 1195 1908 γραμμάς
1245 1841 1426 1894 ἐκεῖσε
1472 1808 1844 1912 δίαγράφεὶνί
1883 1808 1982 1895 καί
2017 1808 2058 1863 Β

405 1930 788 1998 ἀστερίσκους,
821 1929 916 1982 καὶ
947 1929 1275 2000 ἡμικύκλια,
1333 1933 1430 1985 καί
1481 1947 1604 1985 τινα
1655 1932 1822 2002 ἔτερα
1851 1934 1983 2004 σχή-

407 2037 556 2090 ματα
589 2022 918 2090 γράμμασιν
960 2021 1296 2092 Ἑϐραϊκοῖς,
1339 2023 1434 2076 καὶ
1471 2023 1739 2093 ὀνόμασιν
1788 2025 1973 2092 ἀγνώ-

403 2125 546 2162 στων
587 2111 700 2172 τοῖς
760 2109 1000 2174 πολλοῖς,
1035 2111 1238 2165 ἔσωθεν
1275 2130 1332 2165 τε
1378 2113 1472 2166 καὶ
1522 2112 1726 2178 ἔξωθεν
1759 2132 1984 2190 περιγε-

399 2197 723 2267 γραμμένα.
757 2199 822 2251 Τί
846 2199 956 2268 γὰρ
985 2200 1146 2269 χρεία
1179 2199 1274 2254 καὶ
1302 2200 1398 2255 τοῦ
1449 2201 1647 2271 μαθεῖν
1677 2204 1785 2257 τῶν
1816 2207 1980 2274 ἐγγε-

398 2289 738 2360 γραμμένων
767 2290 864 2360 τὴν
896 2290 1130 2361 δύναμιν
1171 2293 1268 2346 καὶ
1300 2293 1368 2348 τὰ
1396 2296 1674 2366 σχήματα,
1708 2290 1800 2359 Εἷς
1846 2297 1980 2368 ἡμῖν

397 2385 514 2446 τοῖς
543 2383 753 2446 δούλοις
808 2401 902 2437 σου
946 2386 1113 2438 πᾶσιν
1166 2386 1390 2451 σκοπὸς,
1445 2388 1508 2440 τό
1559 2404 1626 2441 σε
1656 2388 1755 2458 τῆς
1787 2390 1980 2458 ὑγείας

397 2477 606 2545 τυχεῖν,
643 2477 742 2530 καὶ
770 2477 845 2548 μὴ
879 2476 1088 2540 πάντας
1118 2477 1288 2546 ἡμᾶς,
1316 2478 1460 2549 τάχα
1502 2477 1560 2532 δι
1588 2479 1683 2533 καὶ
1711 2479 1812 2550 τὴν
1849 2481 1978 2552 ὅλην

403 2568 562 2622 πόλιν
614 2568 707 2623 διὰ
734 2569 831 2638 τῆς
862 2568 962 2639 σῆς
992 2569 1308 2640 στερήσεως
1351 2570 1562 2636 ζῶντας
1603 2573 1682 2635 είς
1713 2571 1840 2648 ᾅδου
1869 2591 1980 2648 χωρ

401 2659 619 2730 σθῆναι.

479 2758 534 2809 ι’.
562 2752 707 2806 Λάϐε
741 2746 857 2817 οὖν,
895 2746 940 2806 ὧ
985 2753 1248 2823 δέσποτα,
1275 2754 1337 2807 τὺ
1384 2754 1560 2826 βραχὺ
1595 2757 1758 2811 τοῦτο
1798 2758 1976 2829 δέρμα

400 2846 495 2900 καὶ
545 2848 796 2914 φόρεσον,
852 2846 946 2899 καὶ
975 2846 1268 2916 ύγιάσθητι
1311 2846 1512 2914 αὐτὸς,
1547 2850 1641 2902 καὶ
1667 2850 1796 2914 τοὺς
1825 2853 1975 2922 παρὰ

406 2938 500 2991 σοῦ
530 2937 740 2999 πάντας
763 2936 862 3005 τῆς
900 2937 1226 3006 φθοροποιοῦ
1266 2938 1464 3008 λύπης,
1500 2941 1594 2992 καὶ
1621 2940 1721 3017 τῆς
1752 2945 1878 3012 περὶ
1916 2945 1972 3019 σε

397 3026 591 3096 ὀδύνης
613 3027 942 3092 ἀπάλλαξον.
978 3022 1114 3080 Εῐπε
1141 3027 1198 3080 δὲ
1221 3028 1358 3098 πρὸς
1389 3029 1553 3082 αὑτὸν
1595 3030 1624 3081 ό
1656 3031 1844 3106 πιστὸς
1882 3032 1970 3098 όν-

395 3121 636 3183 τως,κα“ι
658 3117 801 3171 κατὰ
833 3117 969 3171 Θεὸν
995 3116 1336 3184 ἐνδοξότατος
1369 3105 1613 3192 ὕπαρχος
1632 3121 1817 3183 ἀτενὲς
1859 3123 1916 3176 ἐν
1944 3151 1969 3166 -

396 3210 552 3264 ιδῶνο
588 3209 810 3282 Πρῶτον
842 3209 964 3278 μὲν,
987 3203 1031 3263 ὧ
1067 3210 1366 3280 σαθρότατε
1393 3211 1663 3282 σύμϐουλε
1682 3219 1775 3266 καὶ
1807 3214 1974 3285 ψυχο-

395 3300 614 3365 6λα6ὲς,
643 3301 808 3356 πόθεν
846 3319 935 3371 μοι
962 3300 1121 3370 δῆλον
1146 3300 1222 3364 ὡς
1253 3301 1524 3373 φεύξομαι
1548 3302 1648 3374 τὴν
1685 3303 1841 3356 νόσον
1873 3321 1972 3373 φο-

394 3392 562 3462 ρέσας
589 3392 687 3462 τὴν
730 3392 1079 3463 μεμϐράναν,
1133 3393 1336 3462 μᾶλλον
1361 3394 1569 3458 δεπῶς
1596 3395 1656 3447 ού
1705 3396 1972 3466 πρόδηλον

395 3484 567 3556 μηδὲν
595 3484 801 3552 ἀγαθὸν
830 3485 889 3536 ἐν
907 3483 1044 3554 αὐτῇ
1063 3483 1488 3556 διαγεγράφθαι,
1509 3485 1605 3538 τοῦ
1629 3487 1971 3558 γεγραφότος

394 3578 469 3647 μὴ
502 3575 825 3646 βουλομένου
851 3574 952 3647 τὴν
989 3575 1098 3630 τῶν
1131 3576 1539 3647 γεγραμμένων
1582 3577 1813 3648 δύναμιν
1866 3596 1970 3648 φα-

390 3667 656 3739 νερῶσαις
692 3669 808 3722 Πᾶν
842 3667 949 3739 γάρ
975 3667 1036 3720 τὸ
1062 3668 1470 3738 φανερούμενον
1495 3668 1640 3722 κατὰ
1663 3669 1754 3722 τὸν
1805 3671 1969 3724 Ἀπό-

390 3760 578 3811 στολον
633 3757 748 3827 φῶς
783 3759 954 3812 ἐστιν.
1002 3757 1068 3812 El
1107 3757 1164 3811 δὲ
1194 3757 1289 3812 καὶ
1329 3758 1593 3828 ὑποτίθης
1624 3777 1715 3829 μοι
1750 3761 1969 3826 πάντως

390 3848 657 3916 ὑγιαίνειν
688 3849 826 3918 μετὰ
873 3847 974 3914 τῆς
1006 3848 1360 3917 περιεργείας
1397 3849 1616 3918 ὲκείνης
1658 3851 1968 3919 φορέσαντα

389 3939 718 4008 γράμματα,
752 3938 813 3989 ού
845 3935 1109 4012 βούλομαι
1150 3938 1210 3989 τὸ
1256 3937 1416 4007 σῶμα
1453 3937 1750 4007 ῥωσθῆναι,
1783 3939 1883 4009 τὴν
1911 3941 1967 3993 δὲ

387 4032 570 4102 ψυχήν
596 4047 698 4101 μου
728 4029 1093 4100 ζημιωθῆναι,
1127 4029 1250 4083 οὐδὲ
1279 4033 1326 4082 εί
1351 4031 1440 4082 τὸν
1468 4030 1670 4100 κόσμον
1700 4030 1820 4082 ὅλον
1842 4048 1972 4102 κερ-

387 4124 546 4195 δῆσαί
582 4141 674 4195 μοι
701 4123 1016 4194 προύκειτο.
1039 4122 1254 4190 Ἄπαγε
1278 4117 1393 4188 οὖν,
1425 4123 1519 4176 καὶ
1546 4123 1827 4187 τοιούτους·
1844 4126 1968 4194 ἐμοὶ

387 4217 581 4285 λόγους
610 4217 808 4286 μηκέτι
843 4214 1144 4286 προσάξῃς.
1169 4215 1333 4280 Λέγει
1361 4212 1418 4266 δὲ
1451 4213 1480 4266 ό
1501 4216 1627 4276 παῖς
1651 4231 1666 4246 ο
1703 4214 1966 4285 Ἔκρινας

389 4307 503 4375 οὖν,
531 4305 577 4366 ὧ
607 4311 865 4381 τρόφιμε,
901 4310 1098 4364 σαυτὸν
1131 4309 1438 4376 ἀπαλλάξαι
1471 4308 1566 4364 τοῦ
1597 4307 1721 4379 ζῇν,
1752 4308 1839 4362 ίνα
1872 4310 1967 4364 καὶ

384 4405 538 4472 ,ἡμᾶς
566 4402 676 4473 πρὸ
709 4402 802 4456 οοῦ
827 4401 1178 4472 θανατώσῃςς

2093 556 2247 612 fieret
2280 560 2504 625 malum,
2539 577 2641 615 nec
2674 563 2837 616 ullam
2897 563 2949 617 in
2978 566 3124 619 omni
3157 565 3399 621 humano
3454 568 3659 624 auxilio

2089 663 2240 717 spem
2272 652 2356 704 vir
2390 653 2638 717 haberet,
2664 653 2829 723 iique,
2862 655 2952 724 qui
2981 657 3028 710 ei
3054 656 3349 712 familiares
3388 666 3565 726 erant,
3589 660 3656 714 ad

2086 750 2322 808 mortem
2351 744 2526 812 ipsius
2564 746 2867 815 spectantia
2904 756 3182 815 pararent.

2158 921 2211 974 9.
2242 919 2396 976 Tunc
2424 923 2622 992 aliquis
2648 939 2836 978 eorum
2861 927 2952 995 qui
2983 927 3177 996 majori
3215 929 3265 982 in
3300 945 3421 984 eum
3457 929 3657 988 aﬂ'ectu

2088 1011 2218 1066 ferri
2246 1013 2591 1077 videbantur,
2632 1017 2902 1072 accedens
2938 1021 3100 1072 tacite
3150 1020 3214 1072 ad
3250 1037 3434 1076 aurem
3461 1024 3600 1078 dixit
3637 1042 3650 1079 :

2091 1103 2187 1158 Est
2217 1105 2299 1159 vir
2327 1105 2545 1176 aliquis,
2577 1108 2669 1177 qui
2715 1108 2854 1164 dixit
2887 1110 3043 1173 mihi,
3073 1126 3265 1166 sanum
3321 1124 3393 1180 te,
3431 1131 3464 1170 0
3503 1122 3655 1181 here,

2089 1195 2204 1251 ﬁeri
2242 1213 2424 1266 posse,
2451 1200 2497 1254 si
2529 1200 2790 1271 scriptam
2818 1205 3212 1271 membranam,
3244 1223 3404 1276 quam
3433 1210 3529 1264 tibi
3562 1212 3654 1276 do,

2089 1301 2118 1340 ε
2170 1286 2312 1341 collo
2379 1287 2837 1346 ferrevolueris.
2898 1293 3096 1350 Beatus
3155 1280 3338 1352 autem
3383 1299 3657 1359 Marianus

2085 1377 2392 1446 respondit,
2419 1378 2670 1449 dixitque
2696 1397 2710 1433 :
2734 1381 2875 1448 Quid
2895 1393 2997 1451 est,
3017 1387 3162 1455 quod
3201 1390 3296 1453 ait,
3329 1392 3656 1449 membrana:

2085 1477 2209 1519 esse
2248 1465 2616 1536 inscriptum?
2657 1471 2800 1526 Dixit
2828 1483 3007 1528 autem
3059 1476 3334 1534 famulus:
3377 1481 3656 1541 Curiosius

2086 1572 2199 1622 me,
2231 1572 2296 1612 ex
2354 1573 2475 1615 mea
2503 1576 2632 1631 erga
2693 1572 2745 1617 te
2785 1579 2914 1620 cura
2951 1566 3344 1638 inquirentem,
3381 1590 3560 1644 neque
3602 1578 3654 1632 id

2084 1650 2255 1706 latere
2289 1652 2483 1717 voluit,
2519 1653 2616 1710 sed
2667 1656 2824 1724 dixit,
2885 1659 3098 1714 litteras
3125 1666 3384 1731 quasdam
3438 1683 3559 1723 sese
3598 1671 3653 1725 in

2084 1755 2147 1795 ea
2207 1743 2519 1813 scripsisse,
2573 1759 2737 1816 atque
2789 1737 3098 1804 asteriscos
3134 1768 3197 1806 ac
3250 1758 3652 1828 semicirculos,

2083 1845 2246 1905 atque
2297 1836 2434 1892 alias
2485 1840 2749 1908 quasdam
2805 1841 3006 1912 ﬁguras
3062 1842 3345 1902 Hebraicis
3431 1849 3650 1919 litteris,

2083 1929 2381 1999 multisque
2442 1931 2752 2001 ignotorum
2818 1936 3137 1992 nominibus
3204 1939 3435 1998 interius
3491 1955 3653 2014 atque

2081 2018 2323 2074 exterius
2367 2019 2839 2092 circumscriptas.
2874 2025 3014 2091 Quid
3061 2029 3207 2082 enim
3267 2047 3493 2088 necesse
3545 2043 3649 2102 est,

2077 2107 2472 2181 inscriptorum
2518 2112 2732 2170 discere
2795 2116 3052 2174 virtutem
3087 2121 3450 2193 figurasque?
3494 2125 3648 2182 Unus

2081 2203 2239 2258 nobis
2268 2205 2525 2260 omnibus
2552 2208 2724 2264 servis
2754 2209 2859 2264 tuis
2891 2195 3092 2283 scapus
3124 2224 3226 2280 est,
3263 2227 3322 2272 ut
3359 2221 3650 2275 sanitatem

2079 2296 2455 2362 consequaris,
2503 2303 2559 2350 et
2607 2312 2676 2352 ne
2713 2313 2814 2354 nos
2859 2315 3049 2356 omnes
3083 2311 3304 2375 totaque
3342 2307 3480 2364 forte
3519 2312 3654 2365 civi-

2081 2394 2164 2441 tas
2185 2401 2252 2443 ex
2283 2387 2430 2444 obitu
2457 2396 2551 2444 tuo
2584 2389 2698 2446 vivi
2742 2393 2810 2448 ad
2844 2395 3111 2452 tumulum
3153 2413 3327 2469 usque
3356 2403 3652 2459 contriste-

2079 2493 2224 2534 mur.

2151 2750 2236 2804 id.
2271 2745 2423 2804 Hanc
2453 2748 2645 2820 igitur,
2682 2749 2832 2816 here,
2864 2767 3090 2822 parvam
3145 2767 3520 2812 membranam
3555 2774 3648 2815 ac-

2077 2843 2197 2911 cipe
2253 2851 2308 2896 et
2360 2842 2464 2909 fer,
2505 2852 2669 2914 atque
2728 2844 2845 2913 ipse
2902 2860 3118 2910 sanare,
3164 2855 3396 2916 tuosque
3451 2866 3644 2907 omnes

2079 2933 2244 2988 noxio
2297 2933 2484 2988 dolore
2537 2946 2909 3012 conceptaque
2964 2937 3032 2992 de
3064 2946 3116 2992 te
3166 2941 3421 2995 ltlms‘litia
3456 2942 3646 3000 libera.

2078 3015 2431 3094 Vereautem
2473 3027 2644 3083 ﬁdelis
2697 3043 2760 3083 ac
2816 3029 2960 3098 apud
3017 3027 3184 3084 Deum
3217 3032 3647 3100 gloriosissimus

2077 3115 2368 3186 praefectus
2404 3126 2558 3172 torvo
2585 3119 2734 3174 vultu
2797 3120 2934 3174 dixit
2968 3121 3053 3175 ei:
3101 3121 3345 3176 Primum
3399 3127 3642 3194 quidem,

2075 3209 2392 3266 {utilissime
2455 3211 2761 3281 animmque
2811 3213 3274 3282 perniciosissime
3336 3219 3647 3286 consiliari,

2076 3300 2220 3355 unde
2247 3299 2378 3354 mihi
2403 3310 2616 3356 constat
2645 3300 2760 3356 fore
2791 3312 2850 3356 ut
2892 3303 3260 3359 membranam
3293 3305 3472 3363 ferens
3501 3325 3647 3364 mor-

2071 3389 2201 3444 bum
2231 3389 2468 3460 abigam,
2494 3390 2602 3445 imo
2627 3407 2778 3453 vero.
2809 3394 3143 3462 scriptorum
3175 3395 3227 3448 in
3265 3411 3327 3451 ea
3361 3399 3470 3452 vim
3529 3415 3640 3456 non

2074 3481 2311 3545 volente,
2345 3481 2438 3556 qui
2500 3497 2562 3535 ea
2595 3483 2833 3552 scripsit,
2890 3483 3188 3550 declarare,
3228 3489 3501 3555 quomodo
3533 3506 3640 3545 non

2072 3570 2423 3626 manifestum
2449 3572 2760 3636 sit,nihilin
2790 3573 2879 3628 illa
2910 3575 3034 3630 boni
3067 3591 3188 3630 esse
3218 3580 3589 3647 conscriptum
3619 3581 3644 3636 τ

2072 3657 2281 3713 Lumen
2309 3660 2457 3713 enim
2486 3663 2787 3715 secundum
2812 3663 3130 3732 Apostolum
3159 3682 3278 3720 sese
3308 3671 3638 3727 manifestat.

2073 3747 2184 3802 Etsi
2223 3759 2404 3802 autem
2463 3751 2688 3805 omnino
2721 3767 2828 3814 me,
2875 3755 3285 3823 superstitiosas
3318 3761 3459 3816 illas
3493 3763 3640 3818 litte-

2073 3853 2160 3890 ras
2195 3846 2524 3907 gestantem,
2550 3853 2974 3898 conseculurutn
3001 3847 3295 3902 sanitatem
3330 3867 3636 3921 assevcres,

2071 3944 2268 3998 corpus
2303 3940 2448 3986 recte
2477 3932 2678 3999 valere,
2704 3935 2939 3988 animam
2971 3947 3176 4002 autem,
3209 3956 3386 4009 neque
3415 3944 3458 3997 si
3488 3960 3640 4000 mun-

2070 4022 2198 4077 dum
2252 4023 2570 4079 universum
2637 4025 2840 4080 lucrari
2904 4028 3038 4082 mihi
3098 4041 3244 4085 esset
3273 4036 3635 4104 propositum,

2071 4114 2332 4169 damnum
2360 4115 2468 4185 pati
2501 4114 2645 4170 haud
2696 4107 3059 4191 volo/Apage
3087 4121 3273 4190 igitur,
3307 4141 3410 4179 nec
3438 4127 3638 4183 similia

2065 4206 2302 4276 amplius
2333 4207 2501 4263 verba
2535 4207 2669 4262 mihi
2706 4209 2979 4279 proferas.
3007 4211 3149 4266 Dixit
3179 4224 3361 4270 autem
3400 4233 3593 4275 servus
3621 4239 3634 4275 :

2068 4299 2330 4368 Delegisti
2356 4315 2506 4372 ergo,
2543 4300 2785 4368 domine,
2816 4309 2867 4356 te
2894 4301 3072 4373 ipsum
3105 4305 3213 4358 vita
3248 4307 3465 4373 orbare,
3503 4320 3561 4364 ut
3583 4321 3638 4366 et

2066 4405 2165 4445 nos
2188 4399 2314 4445 ante
2337 4399 2390 4444 te
2419 4391 2639 4447 occidas
2666 4391 2688 4445 ἲ

457 4492 548 4549 ια’.
596 4495 654 4547 '0
699 4492 940 4564 ἔπαρχος
985 4493 1355 4564 ἀπεκρίνατο·
1399 4493 1577 4562 ’Υμᾶς
1617 4493 1678 4546 οὐ
1721 4492 1959 4562 θανάτῳ,

2135 4481 2224 4536 Η.
2260 4482 2556 4537 Praefectus
2591 4483 2874 4553 respondit
2903 4502 2916 4538 :
2953 4483 3066 4540 Vos
3099 4487 3245 4543 haud
3279 4492 3489 4556 occido,
3535 4508 3638 4549 nec

385 4587 504 4640 ἀλλ’
526 4586 636 4640 οὐδ’
667 4586 928 4656 ιμαυτὸν,
954 4587 1002 4638 εί
1027 4585 1120 4638 καὶ
1145 4585 1239 4638 τοῦ
1272 4585 1527 4655 σώματος
1553 4584 1830 4655 χωρισθῶ,
1860 4583 1962 4655 τὴν

385 4679 443 4732 δὲ
473 4677 654 4748 ψυχὴν
686 4678 775 4731 διὰ
803 4676 902 4747 τὴν
929 4677 1011 4740 είς
1045 4676 1281 4748 Χριστὸν
1315 4676 1520 4742 πίστιν,
1557 4676 1649 4728 καὶ
1679 4675 1740 4728 τὸ
1773 4677 1848 4746 μὴ
1875 4692 1962 4728 τεο

388 4766 674 4836 θεληκέναι
724 4784 790 4836 με
833 4765 1154 4837 περιεργείᾳ
1194 4764 1520 4835 δαιμονικῆς
1569 4764 1768 4836 χλεύης
1805 4765 1964 4836 εύερ-

387 4858 714 4928 γετηθῆναι,
747 4857 865 4927 εἰμὶ
927 4857 1024 4911 καὶ
1073 4857 1230 4926 δίκην
1261 4857 1416 4923 τίσω,
1457 4857 1784 4928 εὐεργεσίαν
1821 4857 1960 4920 ὅλως

383 4949 733 5012 ἀποκαλέσας
797 4947 896 5018 τὴν
942 4950 1042 5020 τῆς
1098 4949 1394 5019 ἀλλοτρίας
1445 4949 1728 5018 δυνάμεως
1781 4965 1961 5019 παρα-

387 5041 608 5110 σκευήν.
653 5038 777 5102 Πῶς
806 5038 912 5107 γὰρ
944 5038 1403 5110 εὐεργετήσουσίν
1439 5055 1570 5091 ποτε
1605 5038 1654 5091 οἱ
1691 5038 1792 5107 τῆς
1827 5038 1961 5109 ἁληο

387 5130 514 5194 θοῦς
545 5131 801 5201 προνοίας
824 5130 1053 5192 ἑαυτοὺς
1080 5131 1414 5200 χωρίσαντες
1447 5128 1536 5183 διὰ
1564 5130 1762 5189 κακίας
1795 5128 1964 5198 ὑπερ-

385 5221 592 5292 σολήν;
627 5215 722 5283 Οἷς
753 5223 862 5290 γὰρ
899 5221 959 5274 τὸ
989 5218 1047 5272 εὖ
1077 5216 1218 5274 εῖναι
1263 5222 1339 5291 μὴ
1368 5222 1650 5292 πρόσεστι,
1687 5219 1802 5280 πῶς
1839 5220 1959 5271 ἑτέ-

387 5331 501 5382 ροις
534 5311 693 5366 τοῦτο
745 5313 1124 5383 παρέξουσινς
1173 5313 1383 5382 Ἀπάτη
1430 5309 1524 5365 οὖν
1581 5316 1614 5381 ἡ
1654 5309 1960 5379 ἐπαγγελία

381 5407 610 5471 τούτων,
649 5406 744 5458 καὶ
779 5405 930 5458 οὐδὲν
974 5405 1165 5474 ἕτερον
1202 5405 1234 5476 ἢ
1279 5405 1614 5473 φενακισμὸς
1650 5403 1955 5472 προφανής.

383 5498 608 5560 Τούτοις
667 5497 1142 5568 ἀποπεμψάμενος
1195 5499 1284 5549 τὸν
1333 5496 1500 5550 παῖδα
1540 5497 1652 5558 τοῖς
1691 5497 1955 5564 ῥήμασιν,

2069 4574 2235 4629 etiam
2287 4575 2582 4644 meipsum.
2648 4575 2872 4631 Etiamsi
2935 4593 2964 4632 a
2999 4592 3233 4650 corpore
3285 4583 3636 4644 discessurus

2069 4668 2193 4731 sim,
2223 4667 2460 4720 animam
2488 4676 2670 4722 tamen
2699 4682 2794 4736 per
2818 4668 2976 4724 (idem
3008 4671 3061 4725 in
3091 4671 3369 4728 Christum
3394 4677 3637 4747 mihique

2068 4756 2348 4812 diabolicae
2401 4757 2610 4813 fraudis
2663 4760 3055 4828 superstitione
3115 4763 3436 4820 beneﬁcium
3499 4784 3632 4823 con-

2069 4848 2200 4902 ferri
2233 4850 2373 4904 haud
2402 4852 2636 4907 volcudo
2676 4853 2906 4908 servabo
2939 4853 3040 4924 (4),
3072 4855 3398 4911 beneﬁcium
3441 4875 3469 4912 a
3523 4861 3633 4915 vir-

2070 4947 2184 4995 tute
2215 4941 2503 5013 peregrina
2529 4953 2776 5013 paratum
2791 4945 3015 4999 omnino
3036 4961 3317 5001 aversans.
3349 4950 3633 5014 Quomodo

2063 5032 2232 5098 enim,
2272 5034 2364 5105 qui
2389 5051 2485 5104 per
2516 5037 2736 5092 malitia:
2765 5039 3207 5106 exsuperantiam
3246 5054 3372 5093 vera
3429 5051 3633 5096 semet-

2063 5125 2211 5194 ipsos
2266 5126 2644 5184 benefaciendi
2699 5128 2984 5183 voluntate
3040 5139 3267 5197 exuunt,
3299 5131 3629 5188 beneﬁcium

2062 5217 2355 5287 aliquando
2411 5221 2623 5289 possint
2676 5220 2967 5275 conferre?
3017 5219 3231 5286 Quibus
3287 5225 3436 5279 enim
3493 5227 3632 5280 bene

2062 5325 2183 5363 esse
2222 5325 2330 5362 non
2375 5295 2635 5380 suppetit,
2679 5312 2954 5379 quomodo
3014 5313 3068 5368 id
3112 5314 3234 5369 aliis
3289 5315 3634 5386 largiantur?

2062 5400 2243 5455 Illusio
2269 5401 2432 5472 igitur
2460 5410 2542 5456 est
2572 5403 2786 5456 illorum
2816 5404 3125 5473 promissio,
3150 5421 3252 5462 nec
3289 5409 3433 5462 aliud
3469 5410 3631 5478 quid-

2062 5506 2224 5561 quam
2284 5507 2444 5560 quam
2496 5492 2793 5562 iuipostura
2851 5494 3164 5552 manifesta.
3226 5497 3416 5554 Verbis
3481 5501 3632 5556 hisce

459 5699 534 5770 (4)
571 5698 788 5770 Aliquid
818 5697 909 5753 hic
939 5697 992 5750 in
1027 5705 1174 5751 textu
1204 5693 1396 5770 Greco
1439 5694 1524 5748 vel
1552 5692 1827 5770 redundat
1861 5692 1946 5747 vel
1977 5691 2156 5759 deest;
2191 5707 2386 5748 sensus
2417 5700 2602 5748 tamen
2628 5693 2739 5762 [aut
2770 5694 2909 5748 hanc
2971 5706 3065 5750 aut
3121 5705 3269 5752 certe
3339 5714 3445 5754 non
3491 5702 3630 5756 mul-

393 5764 843 5824 tm'nahsimiletn
874 5765 1382 5837 interpretationem
1413 5767 1690 5834 requirere
1715 5764 1948 5819 videtur.
