4142 6380
508 379 641 448 1211

1805 365 2459 434 SUPPLEMENTUM.

3621 358 3760 429 1212

505 506 668 550 servo
698 491 941 562 repulso,
960 504 1070 560 prae
1101 488 1274 544 multo
1302 487 1491 543 dolore
1521 485 1830 555 animaque
1867 500 1932 539 ac
1953 496 2072 537 cor-

2184 481 2430 537 ὕπνωσεν
2469 484 2534 536 ἐκ
2572 479 2774 551 πολλῆς
2806 478 3152 549 ἀδολεσχίας,
3187 474 3282 532 κοιλ⁵
3320 476 3485 531 πόνου
3514 476 3751 549 ψυχικοῦ

505 586 656 658 poris
677 582 994 654 fatigatione
1012 579 1292 646 dormivit,
1317 579 1560 650 viditque
1581 579 1638 633 in
1671 592 1866 632 somno
1887 589 2079 646 quem-

508 682 656 739 dam,
693 676 785 745 qui
831 691 862 728 e
927 673 1205 746 germanis
1259 672 1381 743 eius
1420 669 1613 726 amicis
1651 669 2083 737 notissimusque

505 770 669 828 simul
719 777 884 838 atque
943 767 1282 837 conspicuus
1345 764 1400 819 in
1458 763 1582 818 aula
1615 761 1888 833 imperiali
1942 770 2082 824 erat,

504 863 844 919 Demetrium
876 860 981 915 sibi
1018 859 1314 915 dicen'em.
1373 855 1513 922 Quid
1567 855 1763 921 babes,
1804 852 2081 908 amabilis-

504 957 665 1015 sime.
721 952 1070 1021 graviterque
1125 947 1279 1002 fers?
1330 946 1613 1018 Cognosce
1652 960 1739 1000 me
1768 944 2023 1000 celeriter
2061 959 2077 997 :

505 1046 638 1117 quid
672 1044 811 1099 forte
872 1043 1034 1097 etiam
1079 1055 1273 1095 eorum
1331 1054 1452 1109 quae
1512 1035 1779 1092 medelam
1829 1034 2079 1099 aﬂ'erant,

510 1136 742 1193 suadere
772 1132 868 1188 tibi
902 1142 1113 1200 potero.
1153 1129 1451 1184 Praefectus
1478 1134 1659 1183 autem
1687 1128 1742 1182 in
1774 1142 1969 1183 somno
1997 1142 2085 1180 re-

504 1228 781 1300 spondens
808 1225 944 1279 dixit
973 1224 1023 1279 ei
1057 1241 1070 1277 :

580 1325 668 1379 12.
696 1321 837 1388 Quid
869 1334 1056 1376 eorum
1091 1316 1181 1388 qui
1243 1314 1297 1369 in
1331 1315 1468 1370 vivis
1499 1324 1648 1378 sunt,
1704 1312 1904 1378 habeo,
1951 1310 2081 1381 quid

506 1431 640 1470 vero
670 1428 885 1477 eorum,
923 1411 1016 1482 qui
1066 1411 1120 1464 in
1173 1410 1429 1479 sepulcro
1476 1409 1683 1478 jacen’t.
1719 1420 1829 1460 non
1861 1400 2085 1460 habeo?

503 1500 665 1564 Cmni
725 1507 875 1562 enim
933 1507 1110 1574 capite
1170 1505 1312 1556 male
1373 1498 1589 1566 affecto,
1644 1497 1849 1554 frustra
1890 1508 2083 1552 omnes

503 1597 775 1656 sentiendi
842 1584 1130 1652 facultates
1189 1586 1464 1664 possideo.
1516 1592 1706 1662 Neque
1756 1592 1924 1657 enim,
1989 1593 2083 1664 qui

505 1693 656 1750 clare
731 1690 977 1752 videant,
1054 1686 1243 1742 oculos
1298 1685 1495 1749 habeo,
1566 1699 1747 1751 neque
1804 1684 2080 1751 auditum,

504 1784 596 1856 qui
648 1791 849 1856 praeter
889 1780 1159 1836 maximos
1195 1778 1460 1849 strepitus
1496 1777 1793 1847 quidquam
1850 1776 2078 1843 audiat;

502 1878 598 1935 sed
648 1889 829 1945 neque
876 1888 1049 1928 nasus
1092 1886 1281 1927 eorum
1332 1882 1454 1940 quae
1495 1868 1699 1931 olfacit,
1759 1869 2078 1938 qualitatem

504 1978 633 2040 apte
661 1966 950 2031 discernit,
976 1977 1155 2033 neque
1179 1964 1233 2016 in
1257 1963 1440 2033 lingua
1465 1976 1553 2015 me
1584 1960 1761 2015 dulcia
1788 1959 1855 2014 ab
1881 1960 2080 2014 amaris

504 2062 786 2119 diﬂ'eruut.
823 2058 903 2135 Ita
935 2058 1083 2111 enim
1115 2060 1289 2110 totum
1314 2063 1680 2127 permutatum
1717 2061 1801 2108 eSt
1858 2067 2076 2122 corpus,

505 2165 566 2212 ut
621 2155 790 2209 etiam
841 2161 1074 2222 tangens
1103 2148 1280 2211 calida
1322 2147 1512 2201 videar
1548 2141 1880 2214 refrigerari,
1937 2142 2081 2212 frigi-

504 2247 701 2314 disque
758 2242 1011 2297 admotus
1041 2237 1277 2293 caleﬁeri
1337 2251 1426 2290 me
1483 2235 1810 2289 existimem.
1860 2231 2077 2287 llumeri

503 2353 674 2410 porro
704 2342 761 2390 et
788 2331 983 2387 lacerti
1018 2330 1073 2385 et
1106 2342 1298 2383 manus
1340 2342 1371 2381 a
1399 2338 1628 2396 corpore
1679 2326 1942 2380 duntaxat
1980 2323 2079 2377 de-

505 2427 748 2500 pendent
807 2422 1009 2478 otiosa.
1049 2420 1387 2488 Quocunque
1437 2427 1619 2472 motus
1670 2414 1920 2485 impellit,
1968 2428 2081 2468 non

504 2535 615 2592 quo
642 2518 784 2582 volo,
819 2515 985 2570 feror.
1026 2512 1141 2566 Etsi
1172 2512 1318 2566 enim
1376 2509 1517 2565 velle
1549 2508 1686 2562 mihi
1714 2507 1879 2572 adsit,
1918 2516 2082 2576 posse

505 2628 617 2668 non
651 2607 912 2680 suppetit.
967 2605 1119 2661 Idem
1152 2603 1317 2657 etiam
1376 2601 1557 2671 patior
1595 2600 1739 2654 circa
1767 2598 1976 2653 femora
2026 2604 2082 2652 et

504 2718 682 2775 genua
734 2708 792 2755 et
845 2696 1068 2754 brachia
1131 2696 1389 2766 ipsasque
1426 2693 1589 2747 etiam
1653 2691 1856 2763 pedum
1897 2690 2077 2745 bases.

507 2784 710 2865 Specie
734 2791 956 2863 quidem
1012 2803 1132 2842 mea
1167 2800 1289 2841 esse
1351 2785 1438 2840 illa
1494 2780 1752 2840 videntur
1810 2784 2077 2849 membra,

504 2884 824 2954 Operatione
862 2890 1042 2936 autem
1068 2877 1290 2932 alterius
1341 2876 1669 2947 cuiuspiam,
1708 2884 1764 2931 et
1792 2888 1904 2929 non
1934 2888 2075 2930 mea.

504 2976 650 3044 Quid
697 2976 885 3047 igitur,
916 2970 1064 3042 quod
1105 2969 1287 3035 nobis,
1333 2968 1390 3022 in
1423 2976 1531 3023 tam
1564 2969 1709 3023 malo
1762 2967 2078 3022 morborum

503 3069 696 3141 pelago
740 3064 1031 3129 demersis,
1065 3061 1297 3119 suadeas
1329 3068 1423 3115 aut
1447 3060 1638 3128 iacias,
1664 3060 1855 3125 babes,
1885 3076 1919 3115 ο
1944 3059 2083 3115 dile-

504 3170 651 3217 ctum
683 3157 886 3230 caput?

580 3252 664 3304 15.
688 3247 999 3303 Demetrius
1023 3254 1228 3310 autem,
1252 3245 1523 3316 genuinus
1544 3244 1822 3309 videlicet,
1851 3258 2083 3313 respon-

508 3341 637 3397 dit:
670 3334 919 3392 Primum
969 3337 1194 3406 quidem
1242 3336 1343 3392 tibi
1406 3336 1637 3401 suadeo,
1678 3345 1738 3390 ut
1772 3335 1840 3389 ad
1896 3350 2081 3389 rerum

504 3432 752 3488 omnium
808 3429 1112 3483 conditoris
1170 3427 1267 3483 Dei
1323 3426 1725 3499 providentiam
1785 3426 2083 3497 respiciens

507 3522 659 3579 bono
687 3519 764 3574 sis
789 3517 999 3584 animo,
1029 3533 1132 3572 nec
1168 3517 1409 3582 tristitia,
1438 3533 1560 3587 quae
1603 3518 1795 3572 animae
1821 3517 2081 3572 damnum

505 3609 1069 3681 aﬂert,opprimaris.
1125 3608 1278 3664 Nosti
1339 3608 1486 3663 enim
1545 3608 1798 3680 ipsemet,
1860 3624 2080 3664 omnem

505 3704 781 3767 morbum,
816 3700 1046 3772 provida
1101 3700 1220 3764 Dei,
1253 3700 1346 3771 qui
1404 3715 1508 3755 nos
1545 3701 1770 3768 creavit,
1834 3700 2082 3773 potentia

504 3792 801 3862 largiente,
859 3790 917 3845 in
951 3798 1217 3862 aegrotare
1277 3791 1445 3845 etiam
1476 3788 1659 3857 datur,
1693 3808 1763 3847 ne
1794 3791 2079 3860 elieratur,

507 3885 687 3953 potius
717 3890 924 3947 autem,
969 3890 1028 3936 ut
1051 3888 1105 3935 et
1133 3881 1306 3952 magis
1335 3880 1482 3937 velut
1535 3897 1754 3947 aurum,
1788 3882 1934 3952 quod
1958 3884 2083 3954 igne

507 3974 565 4029 in
609 3987 737 4027 vase
768 3972 1056 4043 probatius
1090 3981 1175 4027 est
1200 3973 1430 4040 factum,
1462 3971 1847 4043 splendescat;
1876 3973 1922 4027 si
1951 3990 2082 4044 pec-

510 4073 669 4120 cator
699 4063 794 4128 sit,
828 4064 1156 4117 conceditur
1188 4070 1244 4116 et
1274 4071 1564 4132 aegrotare,
1616 4070 1676 4117 ut
1708 4063 1797 4117 hic
1833 4078 1928 4133 pro
1957 4079 2083 4134 pec-

511 4158 648 4211 catis
682 4171 878 4227 poenas
927 4156 1066 4209 dans
1121 4155 1292 4210 multa
1328 4155 1386 4209 in
1412 4152 1600 4210 futuro
1631 4155 1835 4225 iudicio
1864 4157 2081 4213 miseri-

508 4248 697 4303 cordia
734 4246 993 4302 induatur
1018 4246 1321 4300 sccundum
1349 4246 1494 4315 quod
1536 4245 1735 4301 dicitur
1760 4263 1789 4300 a
1816 4247 2083 4319 propheta

505 4336 723 4393 Nahum
750 4353 767 4393 :
806 4333 1238 4404 «Nonjudicabit
1266 4334 1532 4391 Dominus
1552 4336 1717 4391 bis‘in
1760 4336 1993 4409 idi'psum
2026 4338 2082 4395 in

508 4429 863 4485 tribulatione
883 4431 925 4481 '.
956 4446 975 4479 ι
1002 4428 1239 4497 Reponit
1262 4429 1552 4498 praefectus
1579 4448 1593 4484 :
1630 4426 1709 4493 Si,
1733 4431 1825 4500 qni
1856 4430 2081 4486 adversa

2184 573 2276 626 mi
2309 571 2645 642 σωματικοῦ.
2684 570 2796 625 Καὶ
2823 569 2889 641 δὴ
2918 565 3041 623 καθ’
3075 569 3278 633 ὕπνους
3307 571 3411 640 δρᾷ
3443 567 3763 640 Δημήτριον

2180 680 2305 719 τινα
2337 663 2449 718 τῶν
2484 664 2728 733 γνησίων
2788 662 2957 717 αὐτοῦ
3002 661 3196 731 φίλων,
3230 662 3326 715 καὶ
3372 660 3468 714 τὸν
3514 662 3576 715 εν
3608 660 3762 730 βασι-

2183 759 2349 821 λείοις
2392 756 2588 819 αύλαῐς
2634 755 2972 825 τυγχάνοντα
3002 753 3437 825 γνωριμώτατον
3469 753 3610 823 ἅμα,
3661 755 3760 808 καὶ

2185 850 2463 921 περιφανῆ
2506 849 2735 918 λέγοντα
2781 846 2930 917 αύτῷ
2954 865 2967 878 ·
3001 847 3067 900 Τί
3093 845 3159 915 δὴ
3191 842 3357 916 ἔχεις,
3385 839 3432 899 ὦ
3465 846 3766 917 προσφιλέ-

2187 950 2374 1008 στατε,
2401 942 2495 996 καὶ
2538 939 2750 1011 βαρέως
2798 939 3019 1010 φέρεις;
3051 937 3333 1008 Γνώρισάν
3370 954 3439 1007 με
3471 937 3533 991 τὸ
3556 937 3724 1007 τάχος
3744 955 3761 970 ο

2186 1035 2316 1098 ἴσως
2369 1033 2462 1088 καί
2513 1051 2568 1086 τι
2618 1031 2731 1085 τῶν
2787 1033 3135 1102 δνησιφόρων
3187 1029 3654 1102 συμϐουλεύσοιμι
3691 1032 3763 1087 ἄν

2185 1146 2288 1183 σοι.
2335 1129 2399 1183 Ὁ
2431 1129 2489 1182 δὲ
2532 1126 2781 1197 ὕπαρχος
2814 1124 2938 1179 καθ’
2972 1123 3180 1189 ὕπνους
3225 1124 3571 1196 ἀποκριθεὶς,
3605 1120 3761 1178 εἶπεν

2183 1220 2332 1290 αὐτῷ
2351 1238 2366 1253 ο
2848 1266 2849 1269 η

2264 1311 2352 1381 ιβ’.
2384 1312 2450 1363 Τί
2477 1311 2586 1381 γὰρ
2619 1309 2727 1381 ἔχω
2757 1311 2864 1364 τῶν
2893 1311 2950 1363 ὲν
2977 1308 3134 1374 ζῶσι,
3170 1305 3225 1361 τί
3279 1307 3336 1361 δὲ
3371 1307 3479 1361 τῶν
3518 1306 3578 1363 ιν
3603 1307 3760 1375 τάφῳ

2185 1404 2457 1476 κειμένων
2490 1406 2590 1457 οὐκ
2626 1402 2763 1474 ἔχως
2797 1401 3012 1472 κεφαλὴ
3058 1401 3158 1471 μὲν
3179 1401 3288 1471 γὰρ
3329 1401 3483 1453 πᾶσα
3514 1415 3765 1453 κεκακω-

2187 1499 2323 1569 μένη
2352 1496 2569 1560 δεινῶς,
2591 1497 2767 1550 πάντα
2791 1497 2860 1548 τὰ
2884 1490 3217 1564 αἰσθητήρια
3248 1488 3426 1561 μάτην
3454 1491 3757 1562 κέκτημαι·

2183 1587 2305 1641 οὔτε
2335 1589 2446 1659 γὰρ
2479 1586 2797 1657 ὀφθαλμοὺς
2833 1584 2941 1656 ἔχω
2987 1576 3291 1654 βλέποντας
3325 1583 3594 1654 ἐναργῶς,
3634 1580 3763 1635 οὔτε

2183 1681 2358 1752 ἀκοὴν
2399 1679 2723 1744 ὲπαῖουσαν,
2756 1677 2899 1748 πλὴν
2943 1675 3051 1729 τῶν
3082 1676 3356 1745 μεγίστων
3388 1674 3598 1742 ψόφων,
3644 1672 3761 1725 ἀλλ’

2186 1771 2311 1825 οὔτε
2341 1773 2371 1841 ἡ
2402 1773 2489 1843 ρἱ
2512 1770 2782 1842 διακρίνει
2815 1768 3003 1840 σαφῶς
3032 1769 3142 1821 τῶν
3176 1765 3626 1837 δσφραινομένων
3661 1763 3762 1836 τὴν

2187 1865 2475 1932 ποιότητα,
2503 1858 2629 1916 οὔτε
2658 1863 2809 1931 παρὰ
2945 1863 3164 1933 γλώττῃ
3208 1879 3311 1931 μου
3351 1863 3619 1929 διαφορὰν
3643 1859 3761 1931 ἔχει

2183 1957 2255 2011 τὰ
2284 1956 2493 2025 γλυκέα
2534 1956 2670 2027 πρὸς
2707 1955 2775 2010 τὰ
2812 1954 3023 2025 πικρά·
3048 1954 3194 2007 οὕτω
3228 1956 3336 2023 γὰρ
3372 1953 3668 2021 ἠλλοίωται
3698 1954 3763 2007 τὸ

2184 2051 2295 2104 πᾶν
2320 2050 2501 2118 σῶμα,
2531 2048 2614 2101 ὅτι
2645 2047 2879 2101 καὶτῶν
2903 2045 3128 2118 θερμῶν
3156 2046 3464 2116 ἁπτόμενος
3490 2044 3763 2116 ψύχεσθαι

2183 2138 2349 2205 δοκῶ,
2414 2140 2509 2191 καί
2554 2140 2667 2200 τοῖς
2727 2136 2958 2207 ψυχροῖς
3005 2134 3348 2205 κολλώμενος
3386 2135 3760 2206 ὑπολαμϐάνω

2185 2229 2582 2301 θερμαίνεσθαι
2633 2246 2648 2261 ο
2692 2223 2836 2299 ὦμοι
2889 2228 2945 2282 δὲ
2991 2228 3088 2283 καὶ
3136 2226 3385 2298 ἇγκῶνες
3434 2228 3532 2280 καὶ
3578 2230 3764 2298 χεῖρες

2181 2320 2602 2394 ἀποκρέμανται
2645 2322 2809 2393 μόνον
2836 2320 2928 2375 τοῦ
2979 2321 3231 2391 σώματος
3259 2321 3506 2391 ἀεργεῖς.
3542 2321 3692 2392 Ὅττη
3716 2321 3763 2375 δ’

2182 2414 2309 2484 avi]
2339 2416 2555 2485 κίνησις
2583 2415 2731 2484 ἄγοι,
2758 2415 3023 2486 φέρομαι,
3055 2414 3155 2485 οὐχ
3192 2415 3300 2485 ὅπη
3336 2413 3595 2485 βούλησις
3625 2415 3755 2486 ἐμή.

2182 2505 2305 2560 Κᾶν
2334 2506 2444 2578 γὰρ
2476 2506 2537 2559 τὺ
2589 2502 2769 2559 θέλειν
2807 2523 2903 2577 μοι
2940 2509 3116 2577 παρῇ,
3146 2507 3206 2561 τὸ
3236 2505 3498 2561 δύνασθαι
3532 2508 3594 2560 οὐ
3635 2523 3762 2560 συν-

2180 2598 2393 2671 τρέχει.
2418 2596 2631 2653 Ταυτὸν
2654 2599 2710 2653 δὲ
2739 2602 2937 2671 πάσχω
2968 2603 3065 2655 καὶ
3097 2600 3227 2671 περὶ
3252 2600 3377 2663 τοὺς
3403 2601 3636 2672 μηρούς,
3662 2602 3761 2654 καὶ

2181 2694 2253 2747 τὰ
2286 2692 2515 2763 γόνατα,
2552 2692 2649 2747 καὶ
2684 2692 2783 2757 τὰς
2812 2693 3082 2762 ἀγκάλας,
3115 2693 3211 2748 καὶ
3238 2693 3411 2758 αὑτὰς
3446 2690 3565 2746 τῶν
3579 2691 3761 2748 ποδῶν

2184 2787 2283 2848 τὰς
2332 2784 2544 2857 βάσεις.
2596 2782 2689 2857 Τῷ
2739 2787 2840 2855 μὲν
2893 2786 3003 2857 γὰρ
3048 2787 3337 2855 φαίνεσθαι
3370 2786 3480 2855 spe
3509 2785 3760 2839 δοκοῦσιν

2182 2875 2325 2933 εἶναι
2351 2878 2524 2933 ταῦτα
2554 2878 2627 2932 τὰ
2675 2878 2834 2949 μέλη,
2870 2879 2953 2950 τῷ
2998 2879 3055 2934 δὲ
3091 2880 3340 2951 ἐνεργεῖν
3390 2877 3554 2933 ἄλλον
3587 2877 3758 2944 τινὸς,

2183 2972 2280 3024 καὶ
2330 2970 2433 3024 οὐκ
2479 2969 2612 3041 ὲμά.
2648 2970 2715 3023 Τί
2764 2965 2858 3025 οῦν
2903 2971 3047 3043 ἔχεις
3083 2964 3308 3044 ήμῖν,ὧ
3353 2970 3482 3042 φίλη
3519 2973 3755 3042 κεφαλὴ,

2184 3063 2617 3133 συμϐουλεῦσαι,
2652 3063 2685 3134 ἢ
2721 3064 2973 3134 ποιῆσαι,
3004 3063 3247 3137 τοσούτῳ
3290 3063 3447 3134 κακῷ
3468 3065 3567 3119 καὶ
3596 3080 3757 3136 νοση-

2109 3185 2153 3244 c
2189 3156 2376 3244 μάτων
2398 3154 2628 3244 πελάγει
2657 3153 3115 3244 βεδυθισμένοις;

2260 3241 2350 3312 ιγ’.
2392 3243 2459 3297 ’0
2480 3244 2538 3297 δὲ
2578 3245 2803 3316 γνήσιος
2833 3243 2999 3316 δῆθεν
3028 3238 3343 3316 Δημήτριος
3374 3245 3713 3317 ἁπεκρίνατο
3736 3261 3754 3277 ο

2185 3336 2411 3407 Πρῶτον
2442 3336 2542 3407 μὲν
2572 3336 2839 3407 εὐθυμεῖν
2880 3350 2967 3391 σοι
3014 3334 3291 3409 παραινῶ,
3349 3337 3447 3392 καὶ
3486 3339 3562 3409 μὴ
3586 3355 3758 3393 κατα-

2184 3428 2493 3499 χώννυσθαι
2521 3428 2723 3493 λύπαις
2758 3422 3148 3500 ψυχοφθόροις,
3184 3431 3263 3493 είς
3282 3429 3380 3503 τὴν
3410 3431 3665 3503 πρόνοιαν
3698 3431 3759 3484 ἀ-

2186 3521 2370 3591 φορῶν
2391 3522 2491 3592 τὴν
2512 3519 2605 3573 τοῦ
2633 3519 2977 3593 δημιουργοῦ
2995 3521 3106 3574 τῶν
3122 3520 3378 3575 ἁπάντων
3394 3519 3551 3575 Θεοῦ.
3584 3516 3755 3574 Οἶσθα

2185 3614 2293 3683 γὰρ
2324 3612 2420 3665 καὶ
2464 3610 2628 3675 αὐτὸς
2657 3610 2730 3673 ὡς
2767 3610 2956 3665 ἅπασα
2992 3609 3169 3677 νόσος,
3213 3606 3285 3681 τῇ
3310 3608 3642 3681 προνοητικῇ
3669 3609 3758 3664 δυ-

2185 3705 2352 3775 νάμει
2382 3703 2477 3756 τοῦ
2511 3702 2800 3766 κτίσαντος
2829 3702 2981 3773 ἡμᾶς
3003 3703 3440 3774 συγχωρουμένη
3468 3702 3757 3773 προσγίνε-

2186 3795 2313 3852 σθαι
2358 3795 2446 3850 ἐπ’
2487 3794 2726 3866 ὠφελείᾳ
2756 3793 2851 3848 τοῦ
2884 3793 3171 3857 νοσοῦντος
3210 3792 3524 3863 ἐγγίνεται·
3558 3795 3608 3847 εί
3643 3792 3755 3864 γὰρ

2183 3888 2395 3953 δίκαιός
2423 3890 2563 3953 ἐστι,
2588 3888 2683 3942 καὶ
2712 3886 3081 3957 ἀυγχωρεῐται
3111 3888 3311 3953 νοσεῖν,
3355 3887 3447 3941 ἴνα
3480 3887 3555 3960 μὴ
3584 3887 3754 3957 ὑπερ-

2182 3977 2430 4047 αίρηται,
2486 3976 2688 4047 μᾶλλον
2728 3975 2785 4030 δὲ
2825 3975 2914 4029 ἵνα
2984 3976 3082 4030 καὶ
3128 3974 3295 4031 πλέον
3341 3975 3753 4047 λαμπρύνηται,

2183 4068 2257 4132 ὡς
2285 4072 2342 4123 ὲν
2370 4070 2515 4138 χώνῃ
2548 4068 2747 4138 χρυσὸς
2771 4067 2849 4139 τῷ
2879 4069 3016 4138 πυρὶ
3038 4067 3323 4138 γινόμενος
3346 4066 3754 4138 δοκιμώτερος·

2185 4162 2231 4214 εί
2263 4160 2588 4232 ἁμαρτωλός
2620 4162 2757 4227 ἐστι,
2808 4161 2905 4213 καὶ
2954 4161 3226 4230 παρεᾶται
3256 4157 3527 4225 ἀσθενεῖν,
3556 4160 3644 4213 ῐνα
3672 4161 3756 4213 ιν-

2182 4253 2357 4307 ταῦθα
2406 4252 2514 4304 τῶν
2543 4250 3101 4320 πεπλημμελημένων
3140 4249 3265 4314 δοὺς
3298 4246 3400 4314 τᾶς
3438 4247 3669 4313 εὐθύνας
3696 4252 3754 4304 ἐν

2182 4347 2249 4415 τῇ
2279 4343 2547 4413 μελλούσῃ
2574 4341 2757 4414 κρίσει
2790 4342 2993 4412 πολλῆς
3018 4339 3248 4412 ἔσθ-ἧτται
3292 4341 3393 4412 τῆς
3444 4342 3756 4413 φιλανθρω-

2187 4436 2341 4502 πίας,
2384 4433 2528 4486 κατὰ
2552 4433 2610 4485 τὸ
2642 4433 2935 4503 εἰρημένον
2963 4431 3040 4502 τῷ
3073 4434 3333 4504 προφήτῃ
3372 4432 3571 4502 Ναούμ
3591 4450 3607 4464 ο
3638 4433 3755 4487 Οὐκ

507 4520 827 4574 veletudine
875 4519 1109 4581 laborat,
1147 4520 1362 4589 placide
1398 4520 1663 4589 patiatur,
1694 4532 1843 4577 recte
1877 4523 1959 4577 ais
1989 4541 2002 4575 :
2036 4523 2080 4577 si

2188 4525 2470 4594 ἐκδικήσει
2500 4522 2705 4594 Κύριος
2743 4524 2828 4585 δὶς
2857 4522 2951 4575 ἐπὶ
2995 4521 3061 4575 τὺ
3084 4523 3216 4576 αὐτὸ
3244 4521 3517 4593 ὲνθλίῴει
3537 4540 3549 4552 ο
3590 4522 3754 4591 Λέγει

513 4620 695 4666 autem
744 4612 934 4665 dolore
974 4626 1195 4682 pressus
1227 4612 1294 4668 ad
1325 4612 1461 4666 iram
1498 4615 1660 4667 etiam
1712 4616 2079 4681 accendatur;

510 4704 748 4773 hincque
802 4701 987 4768 verba,
1021 4701 1148 4756 odio
1207 4704 1394 4775 digna,
1462 4704 1839 4774 proloquatur,
1879 4705 2080 4777 duplex

517 4805 602 4851 est
645 4793 892 4861 malum;
937 4794 1111 4863 magis
1156 4794 1304 4847 enim
1351 4803 1406 4848 et
1452 4810 1652 4865 corpus
1695 4796 2082 4866 discruciatur,

518 4892 855 4957 pecca’taque
892 4885 1148 4955 peccatis.
1180 4885 1377 4939 animae
1425 4888 1773 4952 accumulat;
1826 4891 1971 4958 quod
2026 4890 2083 4944 in

512 4994 601 5036 me
631 4978 835 5035 factum
866 4994 1053 5035 cerno.
1081 4977 1220 5035 Dicit
1244 4979 1294 5033 ei
1326 4981 1577 5034 amabilis
1596 4981 1859 5036 nimirum
1893 4981 2084 5037 Deme-

509 5072 683 5129 trius:

583 5250 671 5306 M.
703 5242 874 5304 Tuam
906 5248 1114 5317 accepi,
1149 5247 1540 5320 gloriosiSsime
1585 5248 1640 5301 in
1684 5246 1865 5314 terris,
1900 5248 2084 5302 humi-

506 5342 740 5409 litatem,
772 5356 893 5412 quae
929 5341 1027 5397 tibi
1066 5342 1122 5396 in
1168 5340 1320 5395 caelis
1361 5340 1586 5413 gloriam
1620 5340 1899 5396 conciliat.
1938 5342 2079 5397 Cor-

508 5429 680 5497 porali
709 5430 875 5500 igitur
900 5429 1008 5484 hoc
1045 5429 1258 5497 morbo,
1294 5428 1524 5485 Domino
1553 5439 1744 5487 nostro
1786 5446 1850 5486 ac
1877 5430 2081 5487 Serva-

510 5527 629 5574 torc
672 5518 797 5574 Jesu
829 5518 1048 5576 Christo
1105 5522 1401 5591 potentiam
1431 5522 1496 5577 ad
1540 5521 1595 5577 id
1643 5523 1934 5591 largiente,
1970 5527 2079 5579 cito

507 5606 832 5666 liberabere.
859 5610 998 5666 Veni
1028 5610 1196 5682 igitur
1222 5611 1277 5668 in
1309 5612 1533 5671 domum
1564 5628 1778 5682 meam,
1807 5629 2080 5687 opemque

582 5785 605 5820 ¹
628 5785 840 5841 Nahum
869 5803 905 5854 ι,
944 5790 1024 5844 12.

2185 4616 2216 4668 ὁ
2276 4614 2521 4684 ὕπαρχος
2557 4610 2582 4643 ”
2631 4611 2760 4664 Ἐὰν
2817 4611 3160 4681 εύχαρίστως
3207 4613 3350 4684 φέρῃ
3382 4615 3413 4666 δ
3449 4613 3639 4678 νοσῶν,
3692 4608 3752 4667 εὖ

2186 4706 2368 4771 λέγεις
2392 4719 2406 4733 ’
2442 4705 2490 4755 εί
2524 4702 2580 4755 δὲ
2604 4702 2711 4755 ὑπὸ
2744 4700 2841 4755 τοῦ
2881 4703 3090 4766 πάθους
3116 4703 3473 4773 συνεχόμενος
3518 4704 3755 4773 ἑξάπτη-

2187 4813 2278 4848 ται
2308 4796 2404 4849 καὶ
2426 4795 2505 4858 είς
2544 4794 2731 4863 θυμὸν,
2770 4795 3065 4850 κάντεῦθεν
3099 4796 3319 4866 ῥήματα
3355 4799 3754 4866 προπέμπηται

2187 4888 2548 4958 ἀποτρόπαια,
2585 4886 2810 4940 διπλοῦν
2860 4885 2921 4940 τὸ
2951 4887 3125 4940 κακόν
3149 4904 3165 4917 ·
3218 4890 3314 4942 καὶ
3338 4888 3399 4940 τὸ
3439 4888 3601 4958 σῶμα
3648 4890 3757 4961 γὰρ

2193 4977 2353 5031 πλέον
2404 4976 2551 5048 ἀνιᾷ,
2606 4979 2701 5032 καὶ
2749 4980 2814 5046 τῇ
2848 4977 2996 5048 ψυχῇ
3032 4978 3313 5047 ἁμαρτίας
3352 4980 3434 5046 ἐφ’
3460 4980 3758 5049 ἁμαρτίαις

2190 5067 2570 5138 προστίθησιν,
2599 5066 2628 5120 δ
2677 5071 2805 5133 περὶ
2848 5068 2949 5137 ἐμὲ
2981 5068 3269 5137 γινόμενον
3324 5067 3539 5139 θεωρῶ.
3595 5070 3757 5138 Λέγει

2189 5158 2341 5227 αὑτῷ
2363 5159 2390 5210 ὁ
2419 5154 2722 5227 προσφιλὴς
2747 5153 2907 5226 δῆθεν
2932 5158 3248 5227 Δημήτριος
3282 5173 3298 5192 ⁸

2263 5249 2347 5304 ιδ’.
2391 5248 2771 5319 Ἀπεδεξάμην
2802 5265 2896 5301 σου
2919 5249 2993 5311 ὡς
3027 5250 3123 5302 ἐπὶ
3153 5249 3260 5319 γῆς
3294 5248 3629 5317 ὲνδοξὸτατε,
3659 5253 3761 5323 τὴν

2190 5338 2541 5395 ταπείνωσιν.
2569 5340 2689 5410 ἥτις
2711 5341 2770 5393 ὲν
2800 5340 3017 5410 οὐρανῷ
3043 5356 3123 5393 σοι
3153 5341 3255 5412 τὴν
3277 5341 3434 5406 δόξαν
3464 5344 3766 5412 μνησιεύε-

2178 5449 2289 5486 ται.
2327 5430 2633 5503 Τοιγαροῦν
2670 5434 2778 5497 ,καὶ
2827 5432 2929 5501 τῆς
2980 5432 3304 5501 σωματικῆς
3346 5431 3556 5502 ταύτης
3599 5434 3760 5487 νόσου

2178 5523 2374 5575 θᾶττον
2403 5520 2795 5592 ἀπαλλαγήσῃ,
2814 5521 2910 5575 τοῦ
2942 5522 3152 5593 Κυρίου
3181 5525 3280 5576 καὶ
3309 5521 3571 5593 Σωτῆρος
3600 5522 3763 5593 ἡμῶν

2190 5614 2369 5684 Ἰησοῦ
2404 5613 2644 5686 Χριστοῦ
2676 5613 2738 5684 τὶ)
2764 5614 3035 5697 δύνασθαι
3059 5615 3432 5692 παρέχοντος.
3473 5615 3630 5671 Ἐλθὲ
3662 5611 3763 5671 οὖν
