4140 6382
418 357 563 426 1213
619 353 622 358 ’

1445 366 1504 423 8.
1546 362 1930 424 ΒΕΜΕΊἮΠ
1980 361 2379 425 MARTYRIS
2421 365 2633 427 ACTA.

3543 367 3677 434 ιειι

412 472 493 532 εἰς
531 469 627 526 τδν
671 465 824 528 οἶκον
874 472 972 528 τὸν
1020 471 1178 544 ἐμὸν,
1213 476 1308 528 καὶ
1347 472 1711 544 ἀνακλήθητι,
1763 475 1989 529 κάκεῖσε

2118 474 2348 544 mplora,
2380 484 2542 544 atque
2572 475 2645 529 ibi
2677 475 2773 530 Dei
2804 477 3031 548 gloriam
3051 519 3064 543 ,
3103 477 3199 533 tibi
3236 494 3336 549 per
3367 495 3454 535 me
3485 481 3679 536 maui-

391 561 534 630 .Dt'fﬂ
568 561 668 635 τὴν
694 563 854 630 δόξαν
881 565 978 620 τοῦ
1009 565 1145 618 Θεοῦ
1171 565 1238 619 δι’
1264 563 1402 635 ἐμοῦ
1436 580 1520 620 σοι
1554 568 1988 639 φανερουμένην.

424 651 483 705 ’0
513 653 570 706 δὲ
591 655 861 727 μακάριος
887 657 1170 728 Μαριανὺς
1196 657 1554 724 διυπνισθεὶς,
1602 661 1699 715 καὶ
1728 660 1994 731 διηγησά-

415 763 576 813 μενος
601 748 717 808 τοῖς
747 748 977 818 πλησίον
1009 749 1078 802 τὰ
1107 750 1375 819 ὁραθέντα
1420 751 1570 821 αὐτῷ
1611 752 1735 804 καθ’
1767 751 1992 817 ῦπνους,

412 839 600 906 ἔλεγεν
627 840 951 910 ὀδυρόμενος
980 858 995 874 ο
1028 843 1140 898 Καὶ
1171 843 1276 897 ποῦ
1307 843 1527 914 εὕροιμι
1575 862 1636 898 σε
1681 843 1796 912 νῦν,
1826 847 1858 917 ἢ
1903 847 1994 902 τδν

416 929 509 981 σὺν
539 928 710 996 οἷκον,
741 924 786 984 ὧ
818 932 975 1002 κύριέ
1013 950 1140 1004 μου,
1175 937 1272 990 καὶ
1308 935 1654 1005 γνησιώτατε
1688 940 1994 1008 Δημήτριε,

416 1023 512 1075 σοῦ
567 1024 664 1092 μὲν
702 1025 845 1077 κατά
891 1025 993 1095 τὴν
1047 1025 1446 1097 βασιλεύουσαν
1486 1028 1644 1082 πόλιν
1688 1030 1995 1098 διάγοντος,

414 1114 551 1183 ἐμοῦ
603 1116 660 1169 δὲ
704 1118 848 1170 κατά
896 1117 1304 1190 Θεσσαλονίκης
1357 1123 1654 1192 κειμένους
1716 1124 1864 1194 οἴμοι
1918 1124 1998 1193 τῷ

417 1207 623 1278 ἀθλίῳί
663 1208 810 1279 Πόσῃ
845 1212 993 1281 χαρᾷ
1034 1229 1103 1282 με
1137 1215 1166 1265 δ
1199 1214 1412 1284 ὄνειρος
1447 1217 1868 1285 κατεφαίδρυνε,
1903 1218 1998 1272 καὶ

420 1297 628 1369 πηλίκη
657 1299 838 1368 θλίψει
865 1301 923 1354 τὸ
955 1300 1109 1372 ῦπαρ
1139 1304 1473 1374 κατέχωσεν.
1500 1306 1633 1358 Τότε
1658 1301 1740 1370 εἷς
1767 1307 1876 1362 τῶν
1901 1326 2000 1362 παο

420 1389 710 1456 ρεστὼτων
747 1395 930 1460 νυγεὶς
977 1395 1082 1448 ὑπὸ
1129 1395 1264 1452 Θεοῦ
1295 1398 1632 1465 ἀπεκρίνατο
1657 1415 1672 1430 ·
1721 1400 1861 1468 Ἐγώ
1893 1419 1996 1464 σοι,

417 1480 678 1548 δέσποτα,
715 1485 943 1554 μηνύσω
995 1488 1086 1541 τὸν
1145 1490 1460 1560 προστάτην
1493 1507 1588 1544 σου
1637 1493 1732 1546 καὶ
1779 1494 2002 1563 γνήσιον

421 1572 598 1640 φίλον,
629 1579 725 1632 καὶ
774 1579 915 1648 μετὰ
940 1579 1075 1632 Θεὸν
1113 1582 1381 1651 δεσπότην
1408 1583 1746 1654 Δημήτριον,
1777 1584 1868 1637 τὸν
1911 1587 2006 1639 καὶ

419 1665 480 1719 ὲν
511 1669 580 1737 τῇ
617 1667 979 1741 βασιλευούσῃ
1021 1673 1178 1726 πόλει
1216 1673 1312 1727 νῦν
1337 1673 1490 1737 ὄντα,
1523 1677 1618 1730 καὶ
1646 1676 1834 1731 ἐνθάδε
1868 1694 2004 1730 κατ-

419 1757 697 1826 οικοῦντα,
735 1763 959 1816 κάκεῖσε
1003 1763 1082 1833 τῷ
1136 1764 1349 1835 βασιλεῖ
1384 1768 1496 1820 τῶν
1551 1768 1690 1823 ὅλων
1737 1770 2008 1842 παριστά-

425 1865 612 1918 μενον,
643 1853 852 1906 καὶτὸν
884 1854 1119 1910 ἐνταῦθα
1155 1857 1229 1927 μὴ
1262 1857 1723 1927 ἀπολειπόμενον.

495 2026 577 2082 ιε’.
611 2028 784 2082 Τοῦτο
825 2030 883 2084 δὲ
925 2031 1034 2084 τῶν
1065 2033 1247 2101 σάρκα
1273 2035 1368 2089 καὶ
1400 2031 1540 2106 αἷμα
1569 2037 1882 2108 φορούντων
1912 2039 2007 2092 οῦ·

424 2117 536 2172 δενὶ
570 2119 820 2186 δυνατὸν,
873 2121 953 2192 τῷ
993 2123 1052 2178 δὲ
1105 2129 1364 2197 παναγίῳ
1403 2129 1501 2180 καὶ
1543 2129 1715 2199 ἐξόχῳ
1764 2129 2009 2202 μάρτυρι

422 2211 520 2267 τοῦ
546 2212 786 2285 Χριστοῦ
816 2216 1140 2288 Δημητρίῳ,
1186 2219 1282 2273 καὶ
1332 2220 1477 2288 μάλα
1517 2221 1724 2293 ῥᾴδιον.
1772 2225 1850 2295 Τῇ
1899 2225 2009 2295 γάρ

424 2306 576 2376 ἀθλῳ
603 2309 954 2386 αύτοῦψυχῇ
1000 2311 1096 2366 καὶ
1132 2315 1200 2382 τῇ
1235 2312 1498 2385 ἀθολὼτῳ
1533 2315 1724 2370 πίστει
1779 2317 1875 2371 καὶ
1906 2318 2008 2388 τὴν

425 2399 541 2454 ἄνω
581 2399 830 2468 βασιλίδα
876 2403 1035 2457 πόλιν
1079 2403 1440 2477 Ἰερουσαλὴμ
1473 2411 1743 2473 κατοικεῖ,
1776 2410 1874 2462 κα)⁸
1908 2411 2010 2478 τῆς

427 2489 777 2562 θρεψαμένης
798 2495 961 2549 αὑτὸν
977 2497 1382 2570 Θεσσαλονίκης
1409 2500 1510 2554 οὐκ
1534 2502 2007 2572 ἀπολιμπάνεται.

432 2581 591 2650 Ἔχει
617 2580 712 2636 οὖν
733 2586 791 2636 ὲν
819 2585 1162 2657 ἀμφοτέραις
1190 2591 1313 2651 ταῖς
1339 2589 1562 2644 πόλεσιν
1591 2593 1773 2657 οἴκους
1797 2609 1812 2624 ·
1841 2610 2010 2663 προε-

428 2673 746 2741 τρέψατοδέ
773 2691 840 2731 σε
866 2677 958 2730 τὸν
987 2678 1119 2747 ἐμὸν
1149 2679 1418 2750 δεσπότην
1451 2682 1533 2743 είς
1547 2684 1640 2735 τὸν
1659 2678 1808 2736 οἷκον
1838 2681 2010 2738 αὐτοῦ

431 2763 730 2832 γενόμενον
791 2765 893 2834 τῆς
929 2765 1121 2832 ὑγείας
1171 2771 1381 2837 τυχεῖν.
1419 2769 1762 2840 Σκεψώμεθα
1813 2766 1926 2836 οῦν,
1962 2773 2012 2826 εί

430 2856 656 2910 δυνατόν
684 2874 746 2910 σε
769 2858 828 2910 ὲν
850 2855 928 2928 τῷ
951 2859 1086 2929 οῐκῳ
1115 2859 1282 2913 αὑτοῦ
1314 2861 1393 2931 τῷ
1417 2861 1498 2924 εἰς
1525 2863 1626 2932 τὴν
1659 2861 1774 2916 ἀνω
1816 2862 2016 2933 Ἰερου-

434 2947 622 3018 σαλὴμ
670 2949 1082 3019 παραγενέσθαι
1143 2951 1305 3021 σῶμα
1356 2951 1665 3022 φοροῦνταο
1698 2952 1855 3006 τοῦτο
1903 2953 2013 3024 γὰρ

433 3039 529 3091 καὶ¹
579 3039 678 3106 τῆς
714 3039 874 3092 νόσου
909 3040 1226 3107 ἀπαλλάξαι
1267 3042 1560 3113 ὑπέσχετο.
1602 3042 1767 3097 Ἀλλά
1802 3045 1909 3115 μὴν
1949 3046 2012 3099 ού

2101 566 2376 633 festatam,
2435 567 2667 623 videbis.
2724 566 2863 623 Cum
2922 578 3103 625 autem
3159 571 3350 626 beatus
3407 572 3682 628 Marianos

2098 669 2249 714 esset
2277 658 2714 729 expergefactus,
2745 670 2800 715 et
2826 677 2946 728 quae
2976 661 3078 715 sibi
3129 662 3181 714 in
3215 678 3406 717 somno
3434 665 3552 721 visa
3583 681 3671 720 es-

2102 759 2245 814 sent,
2276 752 2580 804 astantibus
2614 762 2912 818 narrasset,
2951 752 3255 808 lamentans
3304 755 3561 810 dicebat:
3599 755 3672 812 Et

2103 840 2193 894 ubi
2225 856 2372 895 nunc
2405 850 2458 895 te
2491 842 2572 896 vel
2599 841 2822 897 domum
2852 854 3022 909 tuam,
3057 845 3126 898 mi
3157 845 3376 899 domine
3405 861 3468 900 ac
3505 847 3681 900 since-

2103 931 2323 986 rissime
2354 933 2608 999 Demetri,
2648 934 2944 1000 inveniam,
2987 944 3039 990 te
3093 937 3314 1005 quidem
3366 937 3421 991 in
3462 938 3685 992 civitate

2102 1038 2272 1092 penes
2317 1039 2480 1093 quam
2516 1025 2802 1094 imperium
2843 1036 2949 1091 est,
2981 1036 3383 1092 commorante,
3424 1044 3512 1082 me
3549 1046 3680 1082 vero

2101 1115 2510 1172 Thessalonica:
2574 1117 2974 1172 decumbentel
3044 1117 3140 1172 Hei
3229 1119 3364 1172 mihi
3438 1121 3682 1175 misero!

2103 1207 2319 1273 Quanto
2349 1223 2437 1263 me
2463 1207 2683 1280 gaudio,
2707 1209 2853 1278 quod
2884 1209 2937 1263 in
2969 1225 3161 1265 somno
3190 1211 3300 1265 vidi
3332 1211 3686 1278 cxhilaravil,

2107 1309 2278 1366 tanta,
2297 1303 2442 1372 quod
2471 1303 2703 1371 vigilans
2729 1302 2995 1372 comperi,
3026 1303 3244 1358 tristitia
3273 1320 3359 1358 me
3387 1305 3685 1374 depressit,

2106 1394 2260 1449 Tunc
2296 1411 2438 1448 unus
2470 1397 2793 1462 astantium,
2845 1414 2874 1452 a
2932 1401 3043 1453 Deo
3097 1407 3299 1460 motus,
3349 1398 3686 1467 respondit:

2108 1486 2220 1558 Ego
2255 1488 2375 1554 tibi,
2411 1490 2654 1553 domine,
2693 1491 2981 1544 ostendam
3031 1499 3326 1560 patronum
3361 1501 3515 1544 tuum
3563 1505 3688 1558 ger-

2109 1594 2444 1648 mauumque
2481 1582 2716 1635 amicum
2745 1622 2759 1648 ,
2791 1597 2855 1635 ac
2902 1590 3028 1650 post
3068 1579 3236 1634 Deum
3265 1581 3547 1635 dominum
3579 1580 3686 1634 De-

2111 1670 2389 1736 metrium,
2417 1671 2510 1739 qui
2539 1683 2596 1725 et
2623 1671 2678 1724 in
2711 1671 3018 1739 imperante
3070 1671 3292 1724 civitate
3343 1686 3490 1726 nunc
3537 1686 3689 1726 com-

2111 1777 2352 1827 morans,
2381 1763 2577 1832 hicque
2620 1762 2895 1828 habitans,
2931 1777 3117 1817 rerum
3158 1761 3405 1816 omnium
3442 1762 3688 1830 impera-

2113 1853 2216 1906 tori
2253 1852 2452 1907 ibidem
2483 1861 2668 1918 astat,
2704 1867 2806 1908 nec
2839 1853 2995 1907 illum
3023 1894 3038 1920 ,
3064 1852 3158 1923 qui
3194 1851 3283 1906 hic
3307 1861 3411 1918 est,
3454 1852 3692 1907 derelin-

2107 1943 2245 2012 quit.

2182 2035 2268 2090 l5.
2305 2036 2361 2091 id
2405 2049 2586 2090 autem
2621 2051 2849 2090 carnem
2900 2044 2959 2091 et
3000 2034 3327 2106 sanguinem
3357 2034 3688 2106 gestantium

2111 2126 2243 2181 nulli
2276 2127 2558 2198 possibile,
2585 2127 2933 2182 sanctissimo
2969 2137 3156 2182 autem
3205 2142 3269 2182 ac
3307 2126 3692 2196 praeeminenti

2109 2219 2314 2276 Christi
2366 2221 2592 2291 martyri
2644 2220 2918 2276 Demetrio
2961 2220 3119 2275 valde
3159 2220 3324 2274 etiam
3365 2219 3543 2274 facile.
3579 2219 3692 2276 Sua

2109 2312 2256 2366 enim
2285 2311 2630 2366 immateriali
2665 2312 2847 2366 anima
2879 2313 3096 2384 ﬁdeque
3121 2321 3280 2383 parat
3309 2315 3536 2381 regiam,
3572 2327 3696 2383 quae

2111 2418 2329 2460 sursum
2361 2413 2465 2470 est,
2497 2405 2776 2460 civitatem
2806 2405 3114 2460 Jerusalem
3147 2405 3438 2470 inhabitat,
3465 2403 3696 2459 Thessa-

2112 2496 2482 2566 lonicamque,
2515 2514 2639 2567 qua:
2686 2499 2867 2568 ipsum
2913 2501 3165 2566 enutriit,
3216 2499 3361 2555 haud
3413 2499 3692 2569 relinquit.

2113 2588 2286 2644 Habet
2316 2589 2499 2660 itaque
2534 2591 2590 2645 in
2634 2593 2903 2648 ambabus
2939 2593 3262 2648 civitatibus
3313 2592 3530 2646 domos.
3580 2591 3697 2645 Mo-

2113 2680 2238 2735 nuit
2265 2690 2449 2736 autem
2483 2689 2556 2749 te,
2589 2683 2875 2739 dominum
2904 2701 3110 2750 meum,
3137 2694 3196 2738 ut
3225 2686 3294 2738 ad
3319 2685 3544 2739 domum
3577 2684 3698 2752 ejus

2113 2771 2382 2827 accedens
2402 2772 2690 2827 sanitatem
2707 2773 3084 2844 consequaris.
3115 2773 3482 2843 Dispiciamus
3505 2773 3694 2842 igitur,

2114 2878 2247 2916 num
2301 2871 2376 2928 te,
2427 2878 2630 2932 corpus
2679 2871 3006 2935 gestantem.
3031 2867 3254 2918 domum
3298 2865 3442 2932 ejus,
3473 2881 3594 2932 qua:
3641 2865 3696 2917 in

2115 2968 2352 3023 superna
2374 2953 2680 3010 Jerusalem
2706 2966 2809 3023 est,
2844 2957 2998 3011 adire
3021 2957 3094 3011 sit
3151 2956 3430 3026 possibile.
3463 2956 3516 3010 Id
3544 2956 3696 3010 enim

2116 3045 2282 3100 etiam
2322 3054 2376 3102 te
2424 3047 2615 3102 morbo
2657 3047 3011 3103 liberaturum
3047 3048 3321 3118 promisit.
3354 3047 3562 3102 Verum
3603 3063 3699 3100 na-

431 3130 665 3200 φυσικδν
691 3131 839 3202 ἡμᾶς
863 3130 959 3186 νῦν
992 3135 1136 3202 μετὰ
1160 3132 1400 3202 γεώδους
1431 3135 1668 3206 σκήνους
1717 3135 1792 3188 τὰ
1830 3137 2011 3189 ἐκεῖσε

2120 3138 2294 3194 turale
2340 3139 2487 3194 haud
2535 3148 2640 3204 est,
2673 3153 2779 3194 nos
2813 3139 2976 3194 modo
3009 3153 3138 3193 cum
3179 3149 3403 3193 terreno
3442 3153 3696 3206 corpore,

431 3224 806 3279 καταλαϐεῖν·
867 3225 1116 3279 λείπεται
1161 3226 1349 3280 τοίνυν
1387 3225 1520 3297 περὶ
1584 3225 1680 3280 τοῦ
1731 3227 1789 3280 ὲν
1835 3225 2010 3299 ταύτῃ

429 3317 498 3385 τῇ
536 3314 894 3385 θεοφυλάκτῳ
923 3315 1032 3369 τῶν
1063 3315 1510 3370 Θεσσαλονικέων
1555 3319 1892 3389 μητροπόλει
1925 3337 2013 3372 σε-

431 3404 671 3475 ϐασμίου
696 3405 850 3459 οἴκου
872 3406 1040 3461 αὑτοῦ
1074 3406 1168 3461 τὸν
1199 3409 1258 3460 ὲν
1287 3405 1367 3478 τῷ
1407 3407 1561 3480 ῦπνῳ
1587 3409 1904 3482 λαλήσαντά
1927 3430 2010 3466 σοι

433 3495 804 3565 σημάνασθαι.
1189 3507 1197 3513 ’

505 3593 605 3654 ις’.
633 3587 700 3643 Τί
741 3585 837 3645 οῦν
871 3588 1166 3662 μέλλομεν,
1205 3585 1250 3645 ὦ
1274 3591 1534 3658 δέσποτα,
1567 3593 1663 3648 καὶ
1721 3595 1827 3649 οὐκ
1881 3597 2012 3652 επι-

435 3697 558 3752 μεν,
595 3681 694 3735 καὶ
716 3682 815 3753 τὴν
841 3683 975 3755 παρ’
997 3685 1164 3738 αὑτοῦ
1193 3685 1494 3756 τρυγῶμεν
1526 3689 1871 3759 ὲπισκοπήν;
1902 3691 2016 3744 Καὶ

431 3774 610 3830 ταῦτα
639 3777 822 3847 φήσας
851 3777 880 3830 ό
913 3779 1064 3842 παῖς,
1099 3777 1294 3847 ἧγειρε
1331 3777 1434 3847 τῆς
1464 3779 1654 3848 κλίνης
1686 3781 1778 3833 τὸν
1814 3781 2012 3835 ἑαυτοῦ

434 3864 731 3937 δεσπότην,
770 3868 865 3922 καὶ
901 3867 1023 3936 μεθ’
1053 3867 1261 3938 ἑτέρων
1290 3869 1592 3923 συνδούλων
1624 3871 1789 3924 αὑτοῦ
1816 3871 2017 3942 βαστά-

437 3976 539 4022 σας
589 3963 712 4023 ταῖς
755 3961 936 4031 χερσὶ,
971 3960 1325 4031 συμπλέγδην
1370 3961 1714 4031 ἑκατέρωθεν
1764 3964 2018 4034 αὐτοφυῆ

435 4051 708 4122 καθέδραν
736 4052 887 4120 αὐτῷ
919 4051 1372 4124 μηχανησάμενοι
1405 4051 1547 4123 (οὐδὲ
1591 4053 1701 4125 γὰρ
1746 4055 1899 4127 ἵππῳ
1927 4057 2016 4109 εύ-

437 4145 622 4214 φόρως
636 4144 954 4215 ἐποχεῖσθαι
979 4145 1250 4212 ἐδύνατο),
1274 4146 1515 4216 ἡνεγκαν
1534 4148 1592 4201 ὲν
1617 4147 1694 4217 τῷ
1717 4149 2018 4220 πανσέπτῳ

439 4235 554 4306 ναῷ
602 4235 700 4288 τοῦ
762 4235 1088 4302 πανενδόξου
1142 4237 1420 4307 μάρτυρος
1467 4239 1806 4308 Δημητρίου.
1853 4239 1912 4294 '0
1958 4241 2018 4295 δὲ

438 4327 724 4393 εἰσελθὼν,
756 4327 854 4381 καὶ
908 4327 1030 4381 ἰδὼν
1075 4327 1174 4396 τὴν
1209 4328 1544 4396 εὐπρέπειαν
1583 4329 1690 4384 τοῦ
1717 4331 1890 4397 οἴκου,
1919 4333 2016 4387 καὶ

437 4418 539 4488 τὴν
583 4419 642 4471 ὲν
682 4418 832 4488 αὐτῷ
873 4418 1255 4489 πνευματικὴν
1289 4419 1543 4481 εὐωδίαν.
1575 4420 1674 4492 τὴν
1702 4422 2018 4492 τρέφουσαν

2117 3245 2238 3299 qua:
2267 3228 2467 3284 ibidem
2512 3239 2661 3296 sunt,
2691 3239 2902 3285 tenere.
2931 3227 3127 3284 Restat
3163 3241 3318 3300 ergo,
3352 3237 3431 3294 ut,
3462 3228 3553 3296 qui
3603 3227 3698 3280 tibi

2119 3323 2174 3378 in
2205 3338 2400 3377 somno
2429 3323 2646 3378 locutus
2673 3334 2776 3389 est,
2800 3324 2867 3377 de
2894 3323 3203 3376 veneranda
3232 3321 3398 3375 domo
3429 3334 3551 3384 sua,
3578 3330 3700 3388 quae

2121 3417 2175 3470 in
2203 3415 2309 3470 hac
2339 3416 2612 3470 custodita
2645 3431 2675 3469 a
2725 3414 2838 3469 Deo
2874 3413 3455 3470 Thessalonicensium
3497 3422 3701 3466 metro-

2119 3506 2227 3576 poli
2259 3515 2364 3569 est,
2395 3504 2588 3560 fecerit
2619 3521 2956 3561 sermonem.

2193 3597 2280 3652 16.
2313 3597 2460 3664 Quid
2504 3597 2668 3669 igitur
2721 3606 3070 3663 cunctamur,
3109 3594 3262 3662 here,
3309 3610 3416 3650 nec
3462 3594 3699 3658 abimus,

2122 3688 2540 3759 iaciondamque
2568 3692 2636 3744 ab
2667 3704 2735 3744 eo
2756 3689 3132 3743 visitationem
3165 3685 3481 3742 moramur?
3500 3687 3701 3754 Atque,

2123 3782 2212 3836 bis
2238 3781 2432 3846 dictis,
2467 3781 2751 3836 dominum
2799 3795 2957 3834 suum
3010 3794 3203 3834 servus
3230 3779 3431 3833 electo
3465 3775 3700 3840 levavit,

2124 3871 2508 3941 sublatumque
2539 3886 2667 3926 cum
2695 3870 2818 3926 aliis
2847 3873 3134 3925 conservis
3164 3871 3303 3936 suis,
3337 3867 3470 3924 sede
3501 3869 3574 3936 ei,
3602 3883 3702 3921 cuo

2119 3963 2214 4032 jus
2234 3963 2404 4046 latera
2423 3963 2702 4032 utrimque
2720 3971 2882 4017 erant
2903 3961 2956 4014 in
2982 3975 3042 4014 se
3064 3958 3381 4028 conjuncta,
3399 3967 3702 4027 exstructa,

2124 4045 2377 4111 manibus
2405 4056 2522 4110 suis
2554 4056 2756 4126 (neque
2775 4054 2922 4108 enim
2949 4067 3098 4123 equo
3119 4053 3282 4108 facile
3305 4052 3429 4105 vehi
3466 4053 3702 4123 poterat)

2125 4147 2181 4202 in
2205 4145 2574 4202 venerandum
2603 4145 2982 4218 gloriosissimi
3009 4145 3266 4216 martyris
3293 4145 3556 4215 templum
3581 4160 3704 4215 por-

2125 4247 2332 4294 tarunt.
2363 4237 2501 4293 Cum
2533 4247 2716 4293 autem
2743 4248 2894 4293 esset
2924 4237 3229 4309 ingressus,
3264 4237 3511 4307 aedisque
3540 4253 3704 4292 orna-

2125 4342 2240 4386 tum
2269 4345 2335 4385 ac
2363 4330 2703 4400 spiritualem
2740 4329 2909 4396 illius.
2933 4331 3027 4400 qui
3062 4330 3304 4385 ﬁdelium
3334 4332 3546 4384 animas
3567 4372 3582 4396 ,
3614 4345 3704 4385 ve-

2125 4423 2206 4478 lut
2227 4423 2319 4478 Dei
2342 4423 2630 4490 paradisus
2657 4464 2672 4492 ,
2703 4424 2823 4488 alit,
2852 4423 3078 4480 odorem
3107 4423 3486 4492 comperisset,
3517 4423 3584 4476 iis
3611 4422 3704 4492 qui

437 4511 537 4573 τὰς
565 4509 744 4580 ψυχὰς
786 4510 896 4563 τῶν
925 4509 1156 4574 πιστῶν,
1187 4509 1262 4573 ὡς
1293 4511 1320 4563 ό
1351 4511 1680 4580 παρῶεισος
1724 4514 1821 4567 τοῦ
1855 4514 2011 4581 Θεοῦ,

2125 4517 2275 4572 ilium
2322 4517 2592 4585 ferebant,
2652 4517 2970 4573 domesticis
3016 4516 3199 4572 dixit:
3238 4517 3298 4572 In
3356 4517 3505 4570 nudo
3551 4517 3706 4585 pavi-

439 4598 565 4657 εἷπε
612 4604 725 4666 τοῖς
779 4601 1145 4673 βαστάζουσιν
1182 4601 1348 4658 αὑτὸν
1387 4605 1650 4670 οἰκέταις,
1693 4606 1916 4677 Ῥίψατὲ
1949 4625 2020 4679 με

438 4695 650 4749 πλωτὸν
689 4697 771 4757 είς
805 4694 866 4748 τὸ
898 4694 1114 4763 εδαφος.
1147 4694 1210 4748 Οί
1243 4694 1304 4747 δὲ
1340 4695 1440 4748 οὐκ
1463 4695 1752 4752 ἐϐούλοντο
1793 4698 1891 4768 μὲν
1929 4699 2022 4754 διὰ

437 4787 504 4839 τὸ
532 4787 697 4841 παντὶ
730 4786 890 4856 μέρει
933 4786 1030 4839 τοῦ
1057 4784 1312 4856 σώματος
1339 4787 1600 4858 ἀκίνητον
1633 4789 1798 4844 αὑτὸν
1845 4791 2022 4861 ὑπάρ-

440 4895 589 4947 χειν·
639 4879 790 4946 ὅμως
827 4879 1243 4949 ὲγκελευομένῳ
1285 4880 1643 4952 σφοδρότερον
1695 4881 2019 4954 ὑπήκουσαν

440 4971 690 5033 ἄκοντες.
734 4969 794 5023 '0
837 4971 892 5022 δὲ
938 4971 1118 5040 ριφεὶς
1165 4972 1260 5024 ἐπὶ
1289 4971 1389 5042 τὴν
1432 4973 1744 5044 μάρμαρον,
1775 4977 2022 5040 καὶτοῖς

441 5061 744 5130 ὀφθαλμοῖς
773 5060 1086 5131 ἀναϐλέψας
1120 5063 1311 5132 μόνον,
1337 5063 1464 5118 οὐδὲ
1504 5065 1613 5135 γὰρ
1640 5066 1741 5135 τὴν
1776 5067 2023 5139 κεφαλὴν

445 5153 710 5208 σαλεῦσαι
735 5154 981 5220 ἐδύνατο,
1004 5155 1112 5209 τῶν
1129 5156 1394 5210 τενόντων
1425 5157 1604 5228 πάντη
1628 5157 2022 5230 διαλυομένων,

441 5247 511 5315 ηῦ
521 5247 650 5312 ξατο
669 5245 840 5310 οῦτως
859 5263 874 5277 ·

519 5341 606 5403 ιζ’.
640 5339 800 5406 Ἀγιε
845 5340 940 5392 καὶ
958 5341 1193 5409 πανάγιε
1221 5342 1514 5415 ἀθλοφόρε,
1540 5345 1635 5398 καὶ
1657 5347 1846 5416 γνήσιε
1871 5344 2026 5398 δοῦλε

444 5431 711 5501 Χριστοῦ,
749 5433 778 5484 ὁ
806 5433 904 5501 τὴν
931 5432 1118 5504 ψυχήν
1147 5451 1242 5488 σου
1263 5435 1388 5499 δοὺς
1415 5437 1557 5506 ὑπὲρ
1592 5437 1780 5503 αὑτοῦ,
1811 5439 1908 5491 καὶ
1927 5439 2028 5506 ψυ-

445 5521 546 5591 χὰς
575 5521 790 5577 πολλῶν
821 5525 1117 5595 κερδήσας,
1150 5534 1247 5580 καὶ
1277 5530 1656 5598 προσενέγκας
1690 5530 1838 5600 αὐτῷ
1859 5548 1871 5560 ·
1908 5533 1936 5583 ὁ
1965 5533 2028 5584 τὸ

448 5615 611 5684 σῶμα
672 5633 768 5669 σου
837 5619 958 5680 ταῖς
1021 5617 1247 5690 λόγχαις
1315 5625 1757 5694 τιτρωσκόμενον
1818 5624 2029 5695 Θεωρή-

450 5721 549 5770 σας
579 5708 720 5779 ὑπὲρ
749 5708 936 5775 αὑτοῦ,
970 5711 1064 5764 καὶ
1093 5713 1478 5780 μεγαλυνθεὶς,
1508 5715 1603 5768 καὶ
1637 5716 1868 5786 σώματα
1904 5716 2029 5770 πολ·-

449 5794 561 5850 λῶν
597 5799 659 5851 ἑκ
691 5799 799 5854 τῶν
853 5801 1039 5864 μυλῶν
1068 5803 1163 5857 τοῦ
1200 5803 1414 5865 λέοντος
1440 5805 1828 5870 ἐξαιρούμενος
1861 5807 2025 5872 μέγρι

2127 4617 2320 4664 mento
2350 4623 2440 4664 me
2470 4608 2751 4680 deponite.
2795 4608 2877 4663 llli
2906 4617 3114 4676 autem,
3137 4609 3284 4679 quod
3321 4608 3472 4662 omni
3507 4621 3706 4676 corpo-

2124 4699 2202 4753 ris
2232 4709 2386 4768 parte
2419 4699 2714 4755 immobilis
2740 4699 2787 4754 is
2814 4709 2984 4767 esset,
3025 4715 3134 4754 non
3169 4701 3427 4754 volebant
3459 4698 3702 4766 quidem,

2124 4792 2433 4848 districtius
2465 4800 2647 4847 tamen
2692 4791 2914 4859 iubenti
2931 4792 3090 4847 inviti
3123 4800 3447 4862 paruerunt.
3479 4789 3569 4842 llle
3603 4803 3704 4841 au-

2128 4895 2233 4939 tem
2287 4885 2344 4938 in
2398 4899 2768 4940 marmoreum
2827 4885 3006 4940 solum
3053 4885 3375 4954 coniectus,
3419 4881 3706 4949 oculisque

2127 4977 2392 5032 duntaxat
2437 4979 2637 5048 (neque
2682 4977 2856 5042 enim,
2905 4976 3090 5031 nervis
3129 4975 3357 5030 omnino
3397 4973 3704 5033 dissolutis,

2127 5079 2289 5142 caput
2326 5086 2550 5126 movere
2590 5069 2829 5140 poterat)
2878 5069 3132 5136 sublatis,
3184 5067 3332 5122 hunc
3371 5065 3429 5120 in
3479 5064 3709 5120 modum

2127 5162 2308 5219 oravit
2341 5180 2356 5218 :

2203 5345 2290 5399 17.
2318 5344 2519 5397 Sancte
2552 5357 2616 5396 ac
2647 5341 2959 5397 beatissime
2992 5338 3358 5395 certaminum
3389 5337 3583 5401 victor,
3614 5351 3710 5407 ge-

2130 5436 2412 5505 nuineque
2439 5433 2648 5489 Christi
2685 5447 2865 5498 serve,
2893 5432 3023 5502 qui,
3071 5433 3251 5486 anima
3303 5440 3394 5485 tua
3437 5446 3536 5500 pro
3585 5430 3710 5499 ipso

2129 5528 2276 5589 data,
2313 5524 2525 5578 animas
2548 5521 2714 5578 etiam
2745 5521 3042 5577 multorum
3071 5521 3314 5577 lucratus
3336 5535 3416 5586 es,
3445 5528 3609 5590 atque
3640 5519 3707 5574 ad

2128 5633 2254 5675 eum
2290 5614 2602 5682 adduxisti;
2654 5615 2750 5685 qui
2793 5629 2996 5684 corpus
3021 5623 3176 5671 tuum
3214 5611 3421 5669 lanceis
3453 5629 3551 5683 pro
3587 5614 3709 5684 ipso

2128 5712 2472 5766 vulneratum
2503 5707 2852 5777 conspicatus
2886 5706 3377 5778 magniﬁcatusque
3406 5705 3708 5760 multorum

2131 5803 2294 5862 etiam
2322 5817 2552 5873 corpora
2578 5819 2608 5858 e
2643 5801 2818 5859 leonis
2838 5799 3099 5858 dentibus
3127 5811 3298 5871 usque
3332 5811 3480 5855 nunc
3511 5795 3704 5869 eripis,
