4142 6380
429 341 566 404 1215

1721 338 1812 398 SU
1825 336 2366 399 PPLEMENTUM.

3530 328 3668 395 1216

427 457 650 522 Deoque
677 453 904 506 honesta
925 448 1146 505 vivendi
1179 447 1389 503 ratione
1411 460 1702 503 consecras
1725 462 1788 500 ac
1807 444 1989 500 oﬂ‘ers.

2116 449 2215 512 νῦν,
2247 451 2341 501 καὶ
2371 444 2650 514 ἀφανίζων
2706 442 2952 512 πολιτείᾳ
2993 442 3166 510 σεμνῇ
3203 441 3296 494 καὶ
3344 441 3670 510 προσφέρων

428 548 543 601 Etsi
581 546 726 600 enim
764 557 911 596 nunc
955 541 1239 595 nobiseum
1275 538 1604 594 sensibiliter
1637 537 1781 591 haud
1813 553 1995 592 verse-

428 639 541 700 ris,
577 646 666 690 tua
705 646 883 689 tamen
942 633 1189 687 doctrina
1241 631 1730 699 benevolentiaque
1777 645 1993 683 omnem

429 730 702 798 regionem
736 725 1063 795 pervadens,
1095 724 1386 791 cordaque,
1411 722 1557 775 velut
1585 737 1686 775 vox
1707 721 1847 783 viva,
1883 736 1998 774 mo-

429 834 586 883 vens,
637 833 697 870 ea
732 826 786 869 ct
815 815 1041 877 emollit,
1087 823 1142 868 et
1187 822 1344 867 sanat
1376 821 1428 866 et
1459 811 1748 873 convenit,
1787 811 1999 879 ﬁdeque

431 911 634 978 repleta
670 924 733 962 ac
765 915 913 960 recta
946 906 1166 960 vivendi
1210 905 1424 958 ratione
1471 915 1662 956 ornata
1709 901 1774 954 ad
1828 902 1996 955 Deum

433 1001 674 1060 adducit,
711 998 820 1052 imo
845 997 1010 1050 etiam
1043 1005 1184 1049 tuam
1215 993 1589 1049 visitationem
1611 994 1830 1047 morbos
1864 991 1998 1043 mul—

434 1101 517 1144 los
549 1091 821 1160 abegisse,
865 1097 921 1144 et
957 1087 1139 1142 audivi
1169 1095 1222 1140 et
1254 1085 1484 1139 credidi.
1526 1083 1660 1136 Cum
1699 1082 1881 1153 igitur,
1926 1081 1999 1134 mi

433 1181 676 1243 domine,
709 1191 828 1248 post
861 1181 1028 1233 Deum
1059 1194 1219 1247 supra
1257 1192 1342 1231 me
1373 1176 1534 1230 etiam
1565 1174 1663 1238 sis,
1689 1174 1872 1228 datam
1903 1173 2001 1226 tibi

432 1273 502 1328 ab
539 1273 628 1326 illo
662 1273 1008 1326 sanationum
1038 1272 1264 1340 gratiam
1306 1284 1470 1337 supra
1505 1282 1592 1321 me
1623 1281 1824 1320 novum
1855 1279 2004 1334 para-

374 1397 376 1401 -
435 1365 681 1436 lyticum,
713 1365 806 1433 qui
841 1364 906 1419 ad
948 1363 1224 1418 viscerum
1255 1371 1472 1416 tuorum
1512 1359 1780 1430 piscinam
1807 1357 2004 1412 confu-

435 1459 546 1529 gio,
578 1457 816 1511 elIunde.

512 1634 598 1690 18.
632 1636 744 1689 Etsi
778 1637 923 1690 enim
952 1635 1171 1704 triginta
1203 1645 1258 1690 et
1303 1644 1428 1691 octo
1461 1650 1634 1690 annos
1680 1635 1735 1688 in
1779 1633 2010 1688 inﬁrmi-

445 1732 555 1779 tate
584 1743 691 1778 non
729 1727 978 1791 habeam,
1017 1727 1261 1780 tricesies
1298 1734 1476 1780 tamen
1507 1734 1560 1779 et
1595 1727 1768 1780 octies
1800 1725 2006 1778 dolori-

2097 543 2236 610 Θεῷ.
2271 542 2331 593 Ei
2356 541 2464 608 γὰρ
2489 541 2580 592 καί
2607 537 2885 608 αἰσθητῶς
2913 534 3008 587 νῦν
3039 535 3098 586 ού
3127 533 3481 602 προσομιλεῖς
3515 536 3666 604 ἡμῖν,

2097 637 2215 691 ἀλλ’
2246 637 2278 706 ἡ
2315 632 2635 689 διδασκαλία
2669 647 2762 682 σου
2793 629 2887 680 καὶ
2933 629 2965 696 ἡ
2998 627 3157 696 χάρις
3189 625 3334 678 κατὰ
3359 627 3543 696 πάσης
3575 644 3670 678 πε-

2100 727 2397 800 ριπολοῦσα
2449 728 2549 795 τῆς
2593 723 2798 792 χώρας,
2843 720 2936 771 καὶ
2987 719 3095 770 τῶν
3138 717 3375 788 καρδιῶν
3410 719 3485 779 ὡς
3519 716 3665 781 ζῶσα

2101 823 2250 892 φωνὴ
2308 817 2655 890 δρασσομένη
2712 812 3129 882 περιμαλάττει,
3173 811 3264 864 καὶ
3313 811 3528 878 ὑγιάζει
3575 811 3668 860 καὶ

2100 914 2439 983 ἐπιστρέφει,
2499 911 2594 963 καὶ
2645 907 2882 968 πίστεως
2927 905 3176 974 πλήρεες,
3235 904 3333 955 καὶ
3397 901 3670 961 πολιτείας

2104 1002 2510 1074 σεμνυνομένας
2536 999 2804 1068 προσάγει
2837 993 2975 1064 Θεῷ,
3011 991 3148 1046 ἀλλὰ
3189 993 3281 1043 καὶ
3323 989 3672 1047 παντοδαπὰς

2102 1098 2292 1158 νόσους
2317 1095 2548 1163 ἀκήκοα,
2578 1090 2671 1144 καὶ
2700 1088 3044 1142 πεπίστευκα
3091 1083 3194 1152 τὴν
3230 1083 3328 1150 σὴν
3357 1082 3668 1134 ὲπισκέατιν

2103 1191 2448 1260 ὲξορίσασαν.
2493 1186 2645 1238 Ἐπεὶ
2688 1182 2747 1236 δὲ
2799 1181 2912 1242 οὖν,
2949 1178 3185 1232 δέσποτά
3227 1193 3326 1245 μου
3377 1174 3512 1243 μετὰ
3539 1173 3670 1223 θεὸν

2104 1284 2199 1337 καὶ
2256 1281 2344 1334 ἐπ’
2375 1279 2497 1348 ἐμὲ,
2535 1277 2630 1330 καὶ
2676 1275 2774 1346 τὴν
2831 1269 3211 1341 δεδωρημένην
3259 1284 3338 1320 σοι
3378 1267 3538 1334 χάριν
3579 1263 3672 1315 ὑπ’
3766 1304 3769 1307 .

2105 1373 2269 1430 αὑτοῦ
2323 1371 2432 1425 τῶν
2482 1369 2726 1438 ἰαμάτων
2753 1367 2941 1435 ἔκχεον
2980 1365 3058 1424 εἰς
3105 1362 3203 1428 ἐμὲ
3226 1359 3316 1411 τὸν
3339 1358 3458 1408 νέον
3494 1353 3671 1423 παρά-

2104 1467 2284 1528 λυτον,
2319 1464 2414 1517 τὸν
2446 1463 2502 1514 ὲν
2529 1463 2596 1532 τῇ
2623 1457 2982 1528 κολυμϐήθρᾳ
3043 1453 3149 1506 τῶν
3207 1449 3529 1518 σπλάγχνων
3576 1461 3668 1498 σου

2109 1557 2518 1625 καταφυγόντα.

2181 1655 2272 1717 ιη’.
2311 1647 2373 1699 Ei
2409 1645 2519 1713 γὰρ
2560 1644 2654 1695 καὶ⁵
2681 1638 2974 1709 τριάκοντα
3002 1635 3095 1688 καὶ
3119 1634 3261 1687 ὀκτὼ
3288 1632 3380 1700 ἔτη
3425 1629 3525 1682 οὐκ
3564 1627 3669 1696 ἔχω

2110 1743 2168 1794 ὲν
2195 1743 2261 1808 τῇ
2294 1737 2565 1805 ἀσθενείᾳ,
2609 1732 2744 1786 ἀλλὰ
2786 1728 3174 1801 τριακοντάκις
3197 1724 3342 1776 ὀκτὼ
3364 1723 3478 1783 τοῖς
3505 1719 3671 1784 ἀλγή-

443 1817 542 1870 hus
578 1818 753 1886 ipsum
786 1833 905 1871 sum
939 1834 1344 1889 supergressus.
1374 1819 1446 1873 Ut
1477 1819 1605 1886 quid
1637 1817 2008 1871 autemioin-

2117 1798 2280 1900 μασιν
2339 1798 2673 1896 ὑπερέδαλον
2705 1798 2934 1874 ἐκεῖνον.
2963 1818 3061 1870 Διά
3106 1818 3160 1868 τί
3203 1816 3299 1879 δέ;
3339 1813 3560 1873 Πάντως
3593 1810 3706 1862 ὅτι.

441 1907 576 1960 nino
615 1907 740 1975 quia
780 1916 835 1960 et
861 1909 1098 1976 peccatis
1130 1925 1254 1962 eum
1285 1910 1558 1978 superavi.
1598 1909 1668 1962 Ut
1716 1909 1882 1977 igitur
1932 1907 2009 1961 le-

441 2000 617 2053 nitate
668 2009 722 2053 et
751 1999 991 2053 bonitate
1021 2008 1075 2054 et
1107 2001 1366 2054 doctrinae
1395 2000 1655 2054 exercitio
1688 1998 1964 2052 Christum
1992 2039 2005 2062 ,

443 2089 611 2144 Deum
644 2100 816 2156 tuum,
848 2091 1092 2146 imitatus
1130 2108 1210 2158 es,
1243 2093 1421 2162 ipsum
1453 2102 1506 2145 et
1536 2093 1587 2143 in
1625 2090 2008 2144 misericordia

443 2183 575 2236 etin
614 2181 951 2236 humanitate
980 2183 1260 2246 zemulare,
1302 2184 1672 2250 aemulansque
1713 2197 1879 2250 super
1923 2196 2010 2235 me

441 2273 876 2326 misericordiam
907 2282 1052 2327 tuam
1085 2279 1646 2341 commiserantesque
1697 2281 1817 2326 tuas
1852 2287 2013 2325 sana-

445 2367 623 2419 tiones
654 2365 896 2419 ell'unde.
920 2364 1074 2432 Quod
1102 2366 1150 2420 si
1184 2366 1330 2420 enim
1360 2366 1692 2419 voluntatem
1720 2376 1865 2418 tuam
1899 2379 2008 2417 non

444 2456 747 2525 impediant
791 2467 1012 2526 peccata
1064 2473 1204 2522 mea,
1253 2458 1467 2512 eﬂicerc
1499 2466 1554 2511 et
1589 2472 1769 2526 posse,
1822 2455 1912 2524 qui
1959 2463 2012 2508 te

445 2552 750 2615 coronavit,
779 2551 873 2605 tibi
915 2560 1000 2607 est
1044 2553 1288 2622 largitus.
1315 2549 1401 2605 Uti
1452 2549 1616 2620 igitur
1665 2549 1774 2610 ille,
1830 2548 2010 2602 statim

443 2653 606 2712 atque
637 2642 778 2697 Deus
807 2643 943 2698 dixit
973 2660 988 2698 :
1025 2663 1043 2695 ι
1078 2658 1239 2712 surge
1262 2652 1318 2697 et
1357 2643 1483 2697 tolle
1508 2641 1828 2711 grabbatum
1856 2647 2009 2692 tuum

445 2744 500 2791 et
539 2735 755 2789 ambula
784 2736 828 2800 ⁸,
871 2755 889 2789 ι
935 2736 1358 2806 respondentem
1388 2735 1554 2789 verbo
1586 2733 1886 2802 potentiam
1928 2739 2013 2785 est

446 2835 663 2888 nactus,
692 2827 768 2880 ita
812 2836 867 2881 et
899 2835 956 2881 tu
979 2865 994 2889 ,
1021 2827 1170 2880 velut
1218 2826 1311 2880 Dei
1365 2825 1697 2879 domesticus
1737 2823 2014 2895 gratiaque

447 2918 566 2986 ejus
596 2920 662 2971 ah
689 2934 754 2972 eo
780 2927 1042 2987 tempore,
1066 2934 1173 2986 quo
1195 2934 1290 2988 pro
1316 2917 1436 2986 ipso
1463 2925 1762 2980 certamen,
1787 2914 2010 2970 victoria

448 3019 788 3076 coronatum,
816 3009 1039 3076 inivisti,
1072 3010 1312 3072 indutus,
1334 3008 1388 3061 in
1410 3024 1496 3061 me
1522 3008 1684 3062 etiam
1713 3007 1826 3060 ﬁeri
1853 3006 2010 3061 velis.

2111 1922 2203 1973 καὶ
2254 1921 2370 1980 ταῖς
2420 1915 2717 1985 ἁμαρτίαις
2753 1911 3155 1980 ὑπερηκόντισα
3205 1905 3412 1958 τοῦτον.
3455 1903 3543 1962 Ὠς
3584 1896 3674 1952 οὖν

2109 2013 2190 2075 είς
2213 2011 2385 2080 πρᾷον
2410 2007 2502 2060 καὶ
2532 2007 2592 2058 τὸ
2614 2000 2843 2072 ἀγαθὸν,
2880 2002 2972 2054 καὶ
2997 2000 3056 2052 τὸ
3080 1996 3388 2050 διδακτικον
3418 1993 3672 2062 ἐμιμήσω

2109 2104 2202 2156 τὸν
2225 2103 2360 2155 Θεόν
2393 2117 2486 2153 σου
2521 2097 2778 2167 Χριστὸν,
2813 2093 3053 2162 ζήλωσον
3079 2089 3240 2142 αὑτὸν
3267 2087 3361 2140 καλ⁵
3385 2087 3466 2147 εἰς
3494 2085 3551 2136 τὸ
3587 2082 3676 2135 εὖ·

2114 2198 2446 2266 σπλαγχνον,
2485 2193 2582 2246 καὶ
2625 2189 3026 2260 φιλάνθρωπον,
3073 2183 3170 2236 καὶ
3213 2180 3460 2250 ζηλώσας
3487 2178 3675 2245 ἔκχεον

2113 2289 2200 2343 ἐπ’
2235 2289 2333 2356 ἐμὲ
2379 2288 2478 2356 τὴν
2505 2281 2874 2353 ἐλεημοσύνην
2906 2294 3021 2342 σου,
3071 2275 3164 2329 καὶ
3213 2273 3282 2324 τὰ
3327 2267 3677 2340 οίκτείρμονά

2115 2398 2209 2433 σου
2247 2381 2468 2448 ἰάματα.
2521 2376 2646 2429 Ἐὰν
2687 2373 2796 2442 γὰρ
2825 2372 2885 2423 τὸ
2918 2370 3093 2422 θέλειν
3127 2384 3220 2419 σου
3257 2364 3331 2434 μὴ
3363 2361 3678 2416 κωλύσωσιν

2114 2475 2170 2528 αἱ
2202 2471 2467 2542 ἁμαρτίαι
2504 2485 2625 2539 μου,
2661 2467 2723 2519 τδ
2755 2465 2994 2534 ἐνεργεῖν
3022 2462 3114 2514 καὶ
3147 2456 3407 2511 δύνασθαι
3449 2451 3679 2506 δέδωκέν

2115 2583 2198 2619 σοι
2253 2568 2279 2617 ὁ
2331 2561 2682 2630 στεφανώσας
2716 2574 2796 2609 σε.
2829 2557 3042 2623 Ὥσπερ
3072 2547 3164 2604 οὖν
3203 2551 3408 2609 ἐκεῖνος
3448 2547 3523 2607 ὡς
3548 2545 3679 2606 Θεὸς

2114 2656 2285 2711 εἰπὼν
2312 2655 2371 2708 τδ
2409 2673 2428 2706 ‹
2473 2653 2717 2722 Ἔγειρε,
2749 2650 2841 2701 καὶ
2876 2643 3008 2717 ἆρον
3063 2644 3156 2697 τὸν
3198 2640 3538 2712 κράεϐαττὸν
3565 2653 3680 2699 σου,

2114 2753 2210 2802 καὶ
2255 2743 2568 2815 περιπάτει,
2610 2761 2629 2794 ι
2669 2739 2965 2808 σύνδρομον
3017 2735 3143 2804 ἔσχε
3197 2731 3273 2801 τῷ
3326 2731 3529 2799 ῥήματι
3581 2726 3680 2796 τὴν

2115 2840 2422 2908 ἐνέργειαν,
2458 2835 2601 2889 οὕτω
2631 2833 2724 2885 καὶ
2763 2832 2826 2884 σὺ
2853 2829 2926 2892 ώς
2957 2829 3155 2888 οἰκεῖος
3185 2823 3343 2887 Θεοῦ,
3370 2825 3464 2876 καὶ
3497 2820 3595 2890 τὴν
3626 2819 3682 2908 ἐξ

2115 2907 2280 2986 αὑτοῦ
2341 2929 2496 2999 χάριν
2542 2924 2940 2996 ἠμφιεσμένος,
2982 2920 3073 2988 ἀφ’
3112 2909 3280 2984 οὗπερ
3326 2912 3464 2982 ὑπὲρ
3507 2907 3672 2964 αὑτοῦ

2115 3024 2175 3076 τὺ
2226 3020 2534 3075 καλλίνικον
2603 3013 2764 3070 ἆθλον
2828 3014 3128 3083 διήνυσας,
3191 3007 3428 3076 θέλησονῖ
3479 3003 3571 3055 καὶ
3626 3002 3684 3053 ἐν

448 3101 627 3168 Atque
652 3115 752 3171 ego
781 3101 1078 3170 potentiam
1113 3111 1284 3166 tuam,
1311 3100 1507 3154 elTectu
1541 3101 1844 3170 probatam,
1877 3113 2014 3168 prte-

2118 3115 2261 3186 ὲμοὶ,
2298 3113 2454 3180 κάγὼ
2482 3107 2798 3181 πρακτικῶς
2820 3099 3158 3176 ἐξηγήσομαι
3185 3117 3276 3152 σου
3306 3097 3404 3167 τὴν
3433 3093 3682 3193 δύναμιν,

449 3189 665 3244 dicabo.
701 3189 1248 3260 Suscitahor,atqne,
1285 3199 1345 3245 ut
1387 3206 1582 3246 cervus
1627 3191 1877 3253 claudus,
1917 3206 2015 3253 ap-

454 3280 782 3347 prehendar,
814 3281 1105 3348 tollamque
1136 3297 1243 3334 non
1277 3282 1438 3335 modo
1472 3282 1672 3335 lectum
1705 3295 1910 3345 meum,
1940 3279 2020 3333 uti

453 3370 711 3440 antiquus
746 3371 834 3426 ille
866 3373 1210 3442 paralyucus,
1241 3373 1334 3425 sed
1364 3372 1550 3436 etiam,
1587 3388 1709 3441 qua:
1742 3371 1798 3424 in
1820 3370 2018 3440 gratia-

451 3476 572 3514 rum
604 3462 872 3515 actionem
915 3464 1097 3516 domui
1131 3473 1220 3516 tua
1247 3463 1492 3528 olTeram,
1523 3463 1685 3516 dona.

527 3553 614 3606 19.
668 3551 746 3605 Ita
795 3552 942 3606 enim
985 3568 1082 3621 per
1127 3563 1203 3620 te,
1244 3553 1752 3608 misericordissime
1801 3553 2017 3608 Domini

455 3653 680 3714 martyr,
709 3643 875 3712 gloria
902 3654 955 3698 et
997 3645 1172 3700 honor
1204 3655 1258 3699 et
1289 3645 1535 3699 adoratio
1566 3645 1668 3715 ipsi
1698 3654 1753 3699 et
1788 3645 1934 3700 Patri
1967 3652 2042 3699 et-

455 3733 682 3804 Spiritui
720 3745 910 3791 sancto
955 3736 1174 3791 dabitur
1204 3739 1273 3792 ab
1314 3739 1379 3793 iis
1412 3739 1504 3807 qui
1539 3754 1625 3792 me
1651 3738 1812 3793 modo
1835 3739 2023 3793 vident

453 3825 674 3894 meique
701 3825 964 3896 deinceps
989 3829 1438 3892 recordabuntur,
1464 3828 1797 3888 hominibus,
1831 3842 2024 3895 super-

455 3920 648 3986 nisque
682 3920 1045 3988 potestatibus
1093 3920 1148 3974 in
1198 3921 1396 3974 saecula
1444 3919 1789 3974 saeculorum.
1823 3919 2020 3973 Amen.

455 4014 635 4079 Atque
661 4028 784 4066 eum
813 4011 928 4067 haec
958 4028 1081 4067 cum
1112 4013 1385 4083 lacrymis,
1407 4013 1622 4067 cunctis
1647 4012 2020 4076 audientibus,

457 4104 711 4169 dixisset,
750 4103 968 4158 famulis
1003 4105 1258 4174 iniunxit,
1291 4114 1351 4158 ut
1379 4119 1502 4157 eum
1533 4103 1808 4176 tollerent,
1845 4103 2024 4156 humi-

457 4210 566 4261 que
600 4195 654 4247 in
682 4205 873 4263 parato
900 4196 1102 4250 ibidem
1137 4205 1308 4250 strato
1360 4203 1646 4264 ponerent.
1690 4195 1767 4248 Ac
1814 4195 2025 4262 positus

457 4286 639 4341 statim
671 4301 781 4355 prae
816 4287 1060 4356 corporis
1095 4287 1481 4358 defatigatiqne
1530 4287 1836 4355 animmque
1889 4299 2027 4340 mm-

461 4377 612 4431 stitia
651 4392 841 4432 somno
869 4387 1158 4448 correptus
1190 4389 1305 4445 est;
1337 4387 1393 4433 et
1421 4394 1570 4442 ecce,
1605 4379 1800 4432 iterum
1834 4378 1980 4431 illum
2007 4416 2022 4441 ,

2120 3209 2492 3280 ὲγερθὴσομαι
2551 3205 2646 3260 καὶ
2689 3201 2926 3270 ἀλοῦμαι
2967 3199 3042 3262 ὡς
3081 3198 3275 3263 ἒλαςςος
3306 3195 3333 3246 ὁ
3364 3190 3555 3261 χωλὸς,
3587 3187 3684 3280 καὶ

2122 3303 2376 3372 βαστάσω
2427 3300 2487 3352 ού
2537 3298 2696 3367 μόνον
2745 3296 2846 3364 τὴν
2897 3291 3086 3359 κλίνην
3143 3305 3266 3357 μου,
3299 3284 3371 3347 ώς
3405 3279 3683 3341 ὀπαλαιὺς

2121 3397 2327 3456 ἐκεῖνος
2375 3391 2704 3461 παράλυτος,
2744 3384 2879 3439 ἀλλὰ
2930 3387 3027 3437 καὶ
3086 3378 3480 3450 εὑχαριστήρια
3534 3372 3682 3442 δῶρά

2127 3502 2251 3556 μου,
2277 3484 2311 3538 ἃ
2348 3481 2606 3552 προσάξω
2640 3478 2713 3548 τῷ
2743 3479 2875 3544 οἴκῳ
2903 3491 3016 3529 σου.

2197 3575 2281 3628 ιθ¹.
2312 3573 2468 3626 Οὕτω
2501 3571 2608 3639 γὰρ
2650 3569 2739 3623 διὰ
2781 3566 2899 3631 σοῦ,
2939 3561 3426 3634 φιλανθρωπότατε
3472 3559 3682 3629 μάρτυς

2124 3666 2356 3737 Κυρίου,
2384 3663 2675 3732 δοθήσεται
2699 3659 2848 3728 αὐτῷ
2869 3658 2995 3723 δόξα
3019 3657 3112 3709 καὶ
3139 3654 3276 3723 τιμὴ
3317 3651 3409 3704 καὶ
3445 3645 3683 3737 προσκύ-

2125 3735 2282 3828 νησις
2311 3757 2408 3808 σὺν
2442 3754 2618 3821 Πατρὶ
2653 3751 2749 3804 καὶ
2782 3749 2923 3819 ἁγίῳ
2954 3747 3235 3816 ιινεύματι
3266 3741 3418 3811 παρὰ
3454 3740 3560 3791 τῶν
3589 3735 3686 3828 νύν

2123 3815 2378 3920 ὁρώντων
2407 3863 2474 3917 με
2501 3815 2937 3915 ἀνθρώπων,καὶ
2973 3841 3051 3902 εἰς
3073 3837 3296 3905 ὕστερον
3326 3850 3390 3904 με
3401 3815 3688 3902 μνημένθῶν

2128 3960 2250 4008 μου.
2278 3941 2376 3995 καὶ
2399 3939 2552 4007 παρὰ
2581 3937 2687 3990 τῶν
2716 3937 2826 3990 ἄνω
2855 3932 3141 4000 δυνάμεων
3176 3930 3256 3990 είς
3287 3928 3410 3986 τοὺς
3443 3924 3689 3981 ἅπαντας

2125 4032 2329 4094 αἰῶνας
2351 4031 2460 4082 τῶν
2487 4028 2718 4079 αἰώνων.
2763 4026 2958 4093 Ἀμήν.
3001 4022 3111 4075 Καὶ
3152 4018 3324 4071 ταῦτα
3352 4014 3520 4068 εἰπὼν
3551 4010 3686 4081 μετὰ

2125 4119 2402 4190 δακρύων,
2435 4117 2654 4170 πάντων
2678 4114 3006 4176 ἀκουόντων,
3041 4107 3340 4181 προσέταξε
3358 4108 3470 4167 τοῖς
3498 4101 3687 4154 παισὶν

2128 4209 2260 4282 ἆραι
2292 4213 2388 4265 καὶ
2438 4209 2610 4262 θεῖναι
2661 4205 2823 4260 αὐτὸν
2879 4204 2971 4256 ἐπὶ
2996 4201 3073 4272 τῷ
3120 4203 3296 4272 χαμαὶ
3347 4197 3560 4266 στράτῳ
3611 4191 3693 4260 τῷ

2128 4302 2509 4374 ἑτοιμασθέντι
2562 4299 2710 4368 αὐτῷ
2764 4299 2971 4360 ἐκεῖσε,
3003 4293 3097 4348 καὶ
3129 4291 3311 4354 τεθεὶς
3359 4287 3690 4357 ἀφύπνωσεν

2129 4397 2293 4459 εὐθὺς
2322 4397 2386 4449 ἐκ
2416 4391 2666 4461 καμάτου
2703 4388 2977 4459 σώματος,
3021 4386 3117 4438 καὶ
3144 4385 3309 4438 πόνου
3343 4381 3541 4451 ψυχῆς.
3579 4377 3691 4429 Καὶ

455 4484 622 4534 quem
655 4478 712 4522 et
754 4478 913 4524 antea
951 4471 1104 4536 vidit,
1132 4471 1277 4525 omni
1307 4472 1511 4526 virtute
1540 4481 1791 4524 ornatum
1823 4468 2014 4540 glorio«

2131 4490 2244 4542 ἰδοὺ
2281 4489 2444 4542 πάλιν
2472 4487 2576 4556 ὁρᾷ
2602 4483 2724 4538 καθ’
2755 4482 2955 4544 ὖπνους
2981 4481 3072 4533 τὸν
3107 4476 3448 4546 πανάριστον
3483 4473 3689 4522 ἐκεῖνον

457 4561 842 4630 sissimumqne
871 4561 1049 4616 virum
1079 4561 1415 4617 Demetrium
1447 4564 1501 4616 in
1525 4579 1717 4618 somno
1739 4562 2024 4631 conspica-

461 4663 548 4706 tus
581 4661 666 4706 est
695 4652 796 4705 sibi
822 4652 1090 4708 dicentem
1143 4673 1156 4708 :
1201 4653 1371 4709 Recte
1399 4655 1808 4723 obtemperans,
1845 4664 2023 4708 recte-

460 4760 587 4814 que,
639 4759 761 4813 qua:
795 4745 893 4800 tibi
927 4762 956 4799 a
986 4761 1073 4800 me
1107 4745 1251 4800 dicta
1289 4755 1415 4800 sunt
1457 4747 1826 4810 considerans,
1877 4753 2026 4800 recte

463 4837 662 4892 venisti
697 4847 896 4906 :atque
943 4837 1064 4892 ideo
1117 4853 1243 4892 cum
1293 4839 1422 4904 Deo,
1461 4853 1580 4906 quae
1614 4839 1710 4892 tibi
1756 4838 2025 4906 promissa

463 4939 612 4995 sunt,
649 4929 906 4998 implebo.
929 4930 1130 4984 Verum
1176 4931 1394 4985 sanitati
1445 4946 1646 5000 corpus
1678 4940 1828 4986 tuum
1865 4932 2027 4986 resti-

464 5035 635 5087 tuere,
668 5025 814 5079 haud
846 5041 1098 5094 maguum
1118 5026 1336 5094 quidem
1369 5025 1500 5079 mihi
1533 5034 1637 5090 est,
1665 5027 1757 5080 sed
1791 5027 2025 5080 animant

471 5126 616 5170 tuam
652 5125 772 5185 post
799 5118 1046 5186 corporis
1075 5117 1414 5170 sanationem
1444 5117 1498 5169 in
1528 5131 1612 5181 eo,
1662 5118 1715 5170 in
1746 5133 1854 5186 quo
1886 5133 2028 5171 nunc

469 5217 572 5271 est,
607 5208 661 5262 in
715 5209 916 5264 bonum
968 5223 1244 5279 propenso
1284 5217 1432 5264 statu
1471 5224 1716 5276 manere,
1755 5211 1856 5264 hoc
1888 5209 2026 5264 ditii-

463 5301 588 5355 cile.

539 5397 626 5449 ΞΟ.
664 5395 849 5449 Solent
881 5397 1024 5450 enim
1060 5396 1461 5466 quodammodo
1490 5396 1707 5463 animae,
1730 5396 2028 5453 adversita-

467 5487 610 5540 tibus
654 5485 868 5553 quidem
907 5501 1138 5555 pressae,
1173 5501 1202 5540 e
1233 5487 1493 5540 malorum
1528 5485 1880 5555 dolorumque
1936 5501 2028 5540 se-

461 5577 704 5630 cundum
734 5576 878 5646 quod
927 5577 1190 5647 scriptum
1232 5589 1335 5646 est,
1380 5579 1730 5635 tribulatione
1774 5579 2028 5634 domina-

530 5754 549 5784 ³
584 5755 744 5808 Marc.
775 5772 831 5818 it,
856 5758 908 5810 9.

2129 4579 2301 4648 ἄνδρα
2340 4577 2436 4632 καὶ
2482 4576 2827 4641 ἐνδοξότατον
2867 4572 3201 4640 Δημήτριον,
3232 4567 3291 4619 δν
3324 4564 3418 4618 καὶ
3458 4558 3691 4629 πρόσθεν

2129 4667 2260 4735 εἶδε,
2299 4670 2527 4737 λέγοντα
2553 4667 2704 4737 αύτῷ
2728 4685 2743 4699 ’
2779 4664 2976 4726 Καλῶς
3001 4660 3184 4732 ἦλθες,
3218 4657 3400 4718 καλῶς
3447 4648 3691 4706 ὑπακού-

2132 4780 2252 4826 σας,
2283 4761 2375 4815 καὶ
2399 4758 2581 4821 καλῶς
2609 4759 2808 4826 νοήσας
2851 4754 2920 4807 τὰ
2951 4753 3081 4821 παρ’
3115 4749 3248 4819 ἐμοῦ
3285 4763 3369 4799 σοι
3406 4743 3685 4812 λεχθέντα.

2131 4854 2222 4908 Διὸ
2250 4852 2404 4920 κάγὼ
2450 4851 2548 4904 σὺν
2579 4847 2700 4919 Θεῷ
2726 4845 3039 4901 ἁποτελέσω
3076 4842 3143 4895 τὰ
3172 4836 3553 4908 ,ὑποσχεθέντα
3584 4849 3690 4883 σοι.

2145 4945 2309 4999 Ἀλλὰ
2334 4944 2396 4996 τὸ
2427 4943 2526 5012 μὲν
2567 4941 2726 5010 σῶμά
2760 4956 2854 4991 σου
2889 4937 3062 5008 ῥῶσαι
3095 4938 3155 4986 ού
3193 4934 3336 5001 μέγα
3377 4929 3510 4996 παρ’
3545 4924 3690 4994 ἐμοὶ,

2129 5037 2192 5090 τὸ
2219 5036 2276 5089 δὲ
2311 5035 2408 5106 τὴν
2443 5035 2618 5103 ψυχήν
2651 5048 2742 5084 σου
2773 5031 3050 5098 διαμεῖναι
3092 5027 3229 5097 μετὰ
3259 5024 3360 5093 τὴν
3394 5021 3560 5091 ρῶσιν
3598 5014 3694 5068 τοῦ

2129 5127 2384 5197 σώματος
2434 5127 2495 5178 ἐν
2547 5126 2613 5193 τῇ
2658 5121 2752 5176 νῦν
2781 5121 2953 5189 αὐτῆς
2997 5115 3389 5184 εὖκατανύκτῳ
3433 5109 3695 5181 προθέσει

2129 5219 2287 5273 τοῦτο
2315 5216 2592 5270 δύσκολον.

2203 5401 2272 5448 κ’.
2306 5391 2542 5445 Εἰώθασι
2580 5389 2688 5459 γάρ
2737 5404 2852 5449 πως
2903 5385 2960 5438 αἱ
3003 5383 3173 5452 ψυχαὶ
3221 5378 3538 5449 πιεζόμεναι
3593 5372 3696 5442 μὲν

2135 5487 2276 5541 κατὰ
2301 5485 2361 5537 τὸ
2390 5481 2780 5552 γεγραμμένον
2809 5476 2919 5531 ἀπὸ
2949 5474 3180 5543 θλίψεως
3211 5471 3420 5534 κακῶν,
3455 5468 3547 5521 καὶ
3576 5465 3700 5516 ὀδυ-

2136 5579 2240 5633 νῶν
2271 5577 2556 5646 ὁμολογεῖν
2594 5574 2691 5644 τὴν
2719 5568 3058 5634 δεσποτείαν,
3111 5566 3203 5621 καὶ
3250 5561 3542 5619 ταπεινοῦν
3571 5559 3702 5612 ἑαυ-
