4142 6380
426 307 562 376 i217

1442 313 1500 371 S.
1547 313 1935 376 DEMETRII
1967 315 2369 382 MARTYBIS
2403 324 2616 388 ACTA.

3530 317 3666 382 1218

420 429 540 490 ταῖς
578 423 900 496 πρεσϐείαις
945 441 1003 478 τι
1040 425 1140 479 καὶ
1172 427 1498 497 ἱκετηρίαις,
1524 429 1666 483 κατά
1694 429 1757 483 τὸ
1782 429 1989 500 ψαλμι·

2100 438 2211 484 tum
2250 434 2524 500 conllteri,
2563 448 2731 505 seque
2761 434 2910 506 ipsas
2928 433 3191 504 precibus
3219 445 3285 487 ac
3316 432 3670 503 supplicatio—

420 519 536 583 κῶς
596 519 786 589 ᾀσθὲν,
836 538 854 570 ι
891 518 1011 573 Ὀτ’
1065 519 1133 574 ἂν
1189 520 1513 574 ἀπέκτεινεν
1576 521 1809 588 αὑτοὺς,
1872 523 1993 576 τότε

420 610 710 677 ὲξεζήτουν
732 609 921 675 αὑτὸν,
944 610 1038 664 καὶ
1057 611 1419 682 ἐπέστρεφον,
1450 612 1543 666 καλ⁵
1562 611 1835 684 ὥρθριζον
1858 613 1994 684 πρὸς

417 702 512 754 τὸν
551 700 719 753 Θεόν·
754 702 993 766 ἀνέσεως
1034 702 1090 756 δὲ
1120 703 1465 773 ἀξιούμεναι,
1514 705 1611 758 καὶ
1667 705 1993 775 εὐημερίας,

419 795 515 847 καλ.
545 791 754 845 ἀλύπου
810 792 958 860 ζωῆς
1013 791 1463 858 ἀλαζονεύεσθαι,
1498 796 1595 848 καὶ
1638 796 1989 864 ἐπαίρεσθαι,

419 882 491 945 ὡς
522 883 597 951 μὴ
630 882 773 936 κατά
803 882 1107 952 ἀνθρώπων
1155 885 1340 955 μόνον,
1375 885 1513 938 ἀλλὰ
1541 885 1637 939 καὶ
1682 886 1826 938 κατά
1854 886 1991 938 Θεοῦ

418 973 603 1029 λαλεῖν
638 974 875 1037 ἀδικίαν,
910 992 928 1024 ι
967 974 1136 1027 Πάλιν
1188 976 1525 1043 γέγραπται,
1581 994 1601 1028 ι
1648 977 1757 1030 Καὶ
1786 976 1993 1045 ἔφαγεν

432 1068 631 1125 ’Ῑακὼϐ
662 1069 758 1119 καὶ
788 1065 1118 1135 ἐνεπλήσθη,
1148 1067 1243 1119 καὶ
1289 1066 1658 1121 ἀπελάκτισεν
1704 1069 1732 1120 ό
1770 1069 1993 1137 ἠγαπη-

423 1160 609 1232 μένος,
650 1158 912 1225 ἐλιπάνθη
938 1198 953 1222 ,
1002 1161 1096 1211 καὶ
1137 1159 1468 1226 ἐγκατέλιπε
1513 1159 1647 1212 Θεὸν
1697 1159 1788 1213 τὸν
1832 1161 1994 1231 ποιή-

422 1270 597 1306 σαντα
621 1253 805 1314 αὑτὸν,
824 1252 921 1305 καὶ
944 1252 1156 1321 ἀπέστη
1182 1253 1292 1305 ἀπὸ
1325 1251 1460 1306 Θεοῦ
1486 1253 1729 1321 σωτῆρος
1746 1252 1934 1307 αὑτοῦ.
1966 1271 1986 1305 ι

423 1346 484 1398 El
511 1344 603 1397 οὖν
636 1344 912 1414 ἀσφαλίζῃ
966 1360 1033 1412 με
1081 1343 1168 1398 διὰ
1208 1343 1480 1413 ἀψευδοῦς
1528 1346 1625 1398 καὶ
1666 1344 1993 1414 εἰλικρινοῦς

419 1435 795 1504 ὑποσχέσεως,
858 1434 935 1497 ὡς
990 1434 1254 1502 ὑγιαίνων
1316 1436 1672 1505 σωματικῶς,
1725 1436 1993 1503 φυλάσσει

421 1544 517 1580 σου
550 1528 644 1578 καὶ
676 1526 777 1595 τὴν
822 1525 918 1579 νῦν
952 1526 1119 1580 οὖσαν
1155 1528 1254 1595 τῆς
1280 1527 1455 1598 ψυχῆς
1489 1528 1703 1596 ὑγείαν,
1753 1526 1901 1596 λέγω
1927 1528 1993 1591 δὴ

418 1618 517 1689 τὴν
543 1618 899 1683 ταπείνωσιν,
925 1619 1020 1672 καὶ
1041 1619 1143 1690 τὴν
1174 1621 1304 1689 περὶ
1336 1620 1472 1674 Θεὸν
1504 1622 1601 1674 καὶ
1646 1620 1736 1673 τὸν
1767 1621 1993 1693 πλησίον

418 1707 664 1780 ἀγάπην,
713 1708 931 1777 ἕτοιμος
982 1707 1136 1778 ἡτοῦ
1169 1709 1408 1780 Χριστοῦ
1464 1710 1533 1763 δι’
1566 1711 1702 1781 ἐμοῦ
1738 1730 1819 1766 σοι
1863 1712 1991 1784 βοή-

2101 520 2261 576 nibus
2287 523 2607 579 submittere
2644 525 2946 580 secundum
2973 522 3117 592 quod
3150 523 3203 576 in
3241 521 3470 576 Psalmis
3507 521 3667 577 cani-

2098 621 2186 668 tur
2218 630 2231 666 :
2271 634 2288 666 ι
2317 615 2449 670 Cum
2483 614 2814 671 interficeret
2839 616 2984 677 illos,
3007 624 3134 669 tunc
3167 615 3487 679 qurerebant
3514 629 3664 676 eum,

2096 716 2260 772 seque
2288 706 2684 760 convertebant
2714 721 2777 760 ac
2831 704 3128 775 vigilabant
3169 704 3235 758 ad
3276 704 3442 758 Deum
3470 721 3485 768 ;
3515 704 3669 772 quie-

2095 802 2202 847 tem
2236 804 2417 849 autem
2450 806 2642 860 nactae,
2676 806 2730 851 et
2763 797 3125 866 prosperitate
3166 795 3407 862 vitaque,
3432 809 3668 849 maerore

2097 900 2288 947 vacua,
2326 896 2382 941 et
2419 888 2639 956 gloria-ri
2672 896 2726 941 et
2752 879 2953 949 eﬂ'erri,
2987 896 3045 942 ut
3071 902 3182 941 non
3217 896 3426 940 tantum
3475 895 3667 940 contra

2095 978 2368 1035 homines.
2422 979 2514 1033 sed
2557 992 2614 1035 et
2655 992 2847 1034 contra
2887 981 3057 1034 Deum
3109 980 3404 1049 iujustitias
3444 980 3668 1047 loquau~

2095 1078 2182 1123 tur
2202 1069 2244 1121 ⁸.
2284 1088 2301 1119 ι
2334 1069 2543 1124 Rursus
2566 1071 2825 1140 scriptum
2861 1081 2945 1125 est
2976 1088 2989 1123 :
3042 1091 3061 1122 ι
3102 1072 3169 1125 Et
3196 1073 3545 1125 manducavit
3576 1070 3669 1124 Ja-

2093 1158 2196 1213 cob
2251 1168 2306 1213 et
2354 1166 2633 1213 saturatus
2686 1168 2789 1214 est.
2856 1158 2922 1213 Et
2976 1158 3341 1212 recalcitravit
3396 1157 3663 1221 dilectus,

2093 1248 2315 1318 pinguis
2344 1246 2523 1303 factus
2551 1257 2657 1314 est,
2695 1248 2956 1303 dilatatus
2986 1256 3090 1308 est,
3118 1254 3172 1300 et
3198 1246 3386 1310 Deum,
3419 1246 3511 1315 qui
3542 1260 3666 1298 eum

2093 1339 2365 1403 condidit,
2398 1339 2643 1408 reliquit,
2672 1350 2727 1393 et
2771 1355 2801 1393 a
2854 1338 2985 1403 Deo,
3016 1348 3295 1393 servatorc
3330 1353 3449 1395 suo.
3488 1352 3665 1393 reces-
3758 1404 3761 1407 Α

2093 1430 2166 1484 sit
2203 1430 2243 1481 ⁵.
2287 1448 2305 1481 ι
2341 1429 2498 1495 Quod
2529 1434 2576 1483 si
2608 1430 2775 1501 igitur
2817 1445 2905 1484 me
2934 1444 3031 1499 per
3060 1440 3264 1484 certam
3297 1445 3361 1484 ac
3395 1428 3668 1484 sinceram

2092 1519 2516 1591 promissionem
2571 1536 2824 1577 securum
2888 1521 3105 1583 reddas.
3161 1520 3277 1575 l'ore
3332 1529 3392 1574 ut
3441 1535 3666 1589 corpore

2094 1621 2319 1665 sanatus
2340 1612 2537 1665 animm
2569 1621 2696 1676 tua,
2745 1626 2908 1679 quam
2955 1624 3103 1665 nunc
3146 1610 3340 1672 habes,
3377 1610 3667 1663 sanitatem

2098 1702 2487 1776 (humilitatem
2517 1711 2699 1757 autem
2729 1703 2852 1757 dico
2888 1712 3051 1771 atque
3077 1716 3203 1771 erga
3236 1700 3405 1755 Deum
3440 1710 3496 1755 et
3540 1717 3666 1771 pro-

422 1765 562 1852 οεια.
589 1765 696 1851 ἔπὀῦ
727 1799 782 1851 δὲ
812 1765 1117 1869 εἰρηκότος,
1160 1765 1243 1853 ﬁsi
1298 1802 1370 1853 Σὺ
1404 1765 1693 1870 γινώσκεις
1739 1803 1830 1856 τὸν
1860 1765 1989 1873 Μ.

2097 1765 2300 1850 simum
2331 1796 2677 1866 cbaritatem)
2716 1795 2980 1864 integram
3028 1808 3234 1854 serves.
3272 1802 3521 1862 paratum
3571 1794 3665 1849 tibi

424 1892 541 1945 σιόν
580 1910 672 1946 σου
707 1893 1013 1963 Μαριανὸν,
1063 1894 1339 1965 μηδέποτε
1389 1896 1651 1969 χαίροντα
1690 1900 1754 1969 τῇ
1786 1898 1984 1971 ὑπερη-

421 1984 645 2055 φανείᾳ,
697 1985 970 2057 ἀπεκρίθη
1018 1988 1047 2040 6
1103 1986 1443 2057 πανάριστος
1487 1990 1721 2053 είκεῖνος
1761 1990 1921 2061 δῆθεν
1964 1993 1993 2045 6

401 2079 498 2158 .Aq
508 2078 615 2148 μήτ
623 2095 759 2147 ριος.

487 2266 593 2316 καν.
639 2261 806 2315 Οὐδὲν
838 2263 1011 2317 κακὸν
1044 2263 1213 2335 ἔχεις,
1270 2281 1316 2319 ω
1355 2265 1602 2334 φίλτατε,
1650 2264 1727 2335 μὴ
1768 2264 1990 2337 ἀθύμει,

416 2354 511 2406 καὶ
536 2352 599 2424 δὴ
635 2353 968 2424 καταψήχων
1005 2356 1106 2425 τὴν
1135 2357 1381 2429 κεφαλὴν
1413 2356 1580 2410 αὑτοῦ
1615 2360 1680 2429 τῇ
1715 2356 1865 2430 δεξιᾷ
1898 2356 1993 2411 καὶ

416 2447 509 2497 τὸν
536 2445 761 2500 τένοντα
788 2446 1066 2516 ὑπορθῶν.
1101 2448 1194 2502 καὶ⁵
1238 2449 1367 2512 τοὺς
1412 2449 1599 2516 ὤμους
1636 2450 1732 2504 σὺν
1756 2450 1834 2517 τῷ
1864 2451 1991 2519 στή-

419 2534 508 2587 θει
567 2537 974 2607 περισφίγγων,
1012 2539 1105 2590 καὶ
1152 2538 1272 2591 ὅλον
1315 2539 1376 2591 τὸ
1423 2539 1586 2609 σῶμα
1632 2542 1753 2603 ταῖς
1801 2541 1991 2610 χερσὶν

418 2623 709 2696 ἀφώμενος
758 2626 932 2691 οὑτως
989 2627 1206 2696 ἔλεγεν·
1260 2631 1496 2700 Χριστός
1548 2649 1606 2684 σε
1658 2632 1923 2702 ρὠνυσιν
1965 2636 1993 2687 6

420 2720 555 2782 Θεὸς
605 2720 788 2790 ἡμῶν,
823 2723 850 2773 6
884 2721 1129 2790 ἀνορθῶν
1174 2722 1303 2785 τοὺς
1346 2705 1863 2795 κατεῤῥαγμένους·
1898 2729 1993 2781 καὶ

419 2810 626 2873 εύθέως
662 2810 956 2884 δξυπνίσοη
991 2813 1019 2865 6
1049 2811 1318 2884 ὕπαρχος,
1350 2796 1557 2882 Eruci}:
1590 2816 1771 2886 φωνῆς
1802 2815 1992 2891 ὥσπερ

422 2899 725 2968 ὶνηχούσης
784 2900 955 2972 αὑτῷ,
1002 2905 1098 2955 καὶ
1156 2904 1328 2971 γλυκὺ
1387 2902 1665 2972 δακρύσας
1709 2909 1777 2977 τῇ
1824 2910 1990 2981 χαρᾷ,

416 2987 669 3041 ἐϐούλετο
690 2988 1055 3061 διηγήσασθαι
1091 2995 1202 3054 τοῖς
1237 2993 1396 3047 παισὶ
1422 2993 1494 3046 τὰ
1519 2994 1789 3065 ὁραθέντα
1818 2998 1989 3070 αὑτῷ.

2096 1905 2195 1961 per
2223 1905 2309 1946 me
2336 1899 2418 1945 est
2447 1890 2648 1946 Christi
2680 1889 2967 1943 auxilium.
2992 1887 3127 1941 Cum
3158 1895 3339 1940 autem
3361 1926 3376 1952 ,
3408 1888 3665 1956 quoniam

2097 1995 2178 2049 tu,
2211 1984 2487 2038 sincerum
2522 1992 2673 2037 tuum
2730 1981 3035 2035 Marianum
3081 1979 3336 2048 superbia
3382 1994 3665 2048 nunquam

2093 2078 2265 2133 fuisse
2312 2076 2536 2140 elatum,
2567 2074 2734 2136 nosti,
2783 2073 3031 2136 dixisset,
3075 2071 3359 2141 reSpondit
3404 2073 3667 2127 virtutum

2093 2169 2339 2226 omnium
2378 2168 2591 2223 cultura
2627 2177 2875 2227 ornatus,
2908 2165 2998 2219 ille
3032 2164 3243 2219 scilicet
3268 2164 3595 2219 Demetrius:

2161 2261 2253 2315 2|.
2279 2259 2518 2324 Nullum,
2542 2258 2916 2335 dilectissime,
2945 2257 3143 2311 malum
3171 2256 3361 2320 habes,
3393 2271 3460 2310 ne
3483 2257 3667 2310 animo

2093 2354 2459 2423 despondeas,
2491 2353 2789 2421 dextraque
2813 2366 2976 2404 manu
3005 2358 3169 2420 caput
3204 2349 3324 2419 ejus
3353 2348 3666 2403 demulcens

2094 2462 2158 2501 ac
2210 2445 2482 2501 cervicem
2533 2444 2788 2513 erigens,
2847 2443 3217 2511 humerosque
3271 2456 3395 2495 cum
3448 2448 3666 2509 pectore

2094 2537 2477 2607 constringens
2505 2550 2570 2589 ac
2602 2544 2774 2589 totum
2803 2550 3004 2603 corpus
3029 2543 3254 2603 tangens
3287 2533 3431 2586 hunc
3455 2534 3668 2587 locutus

2092 2638 2180 2684 est
2218 2629 2273 2682 in
2304 2628 2528 2683 modum
2564 2646 2579 2683 :
2613 2627 2867 2682 Christus
2899 2627 3040 2681 Dens
3069 2635 3256 2680 noster
3285 2635 3335 2679 te
3359 2634 3537 2685 sanat,
3574 2621 3667 2691 qui

2093 2720 2254 2790 erigit
2291 2721 2491 2788 elisos;
2523 2736 2587 2774 ac
2617 2721 2797 2774 statim
2830 2718 3121 2788 prafectus
3141 2758 3158 2783 ,
3191 2732 3324 2771 voce
3358 2717 3535 2771 adhuc
3567 2716 3668 2786 ipsi

2092 2812 2244 2868 velut
2283 2813 2590 2877 insonante,
2621 2811 3033 2881 expergefactus
3051 2819 3157 2874 est,
3180 2810 3527 2877 snaviterquo
3557 2824 3669 2879 prae

2094 2910 2279 2966 laetitia
2328 2910 2635 2981 lacrymans
2683 2909 2859 2964 servis
2902 2908 3040 2972 suis,
3070 2922 3192 2976 qua:
3225 2906 3274 2961 ei
3311 2908 3425 2961 visa
3466 2916 3624 2961 erant
3660 2942 3670 2971 ι

2096 3016 2324 3056 narrare
2358 3002 2594 3057 volebat.
2624 3002 2701 3056 Ac
2733 3016 2797 3055 ea
2826 3000 3068 3071 quidem,
3098 3018 3221 3072 qua:
3250 3015 3422 3070 usque
3454 3000 3519 3054 ad
3557 3014 3669 3053 mo-

416 3080 526 3133 Καὶ
563 3080 724 3152 μέχρι
754 3082 856 3152 μὲν
882 3084 949 3137 τὰ
981 3086 1121 3139 κατά
1149 3086 1247 3158 τὴν
1272 3090 1554 3145 νουθεσίαν
1584 3093 1679 3145 καλ.
1707 3109 1989 3162 παραγγε-

2100 3093 2366 3147 nitionem
2416 3092 2993 3162 adhortationemque,
3028 3107 3094 3147 ac
3138 3091 3335 3147 factam
3381 3108 3412 3145 a
3450 3105 3509 3145 se
3542 3105 3668 3145 cum

416 3171 540 3225 λίαν
585 3171 851 3244 ἐξηγεῖτο,
886 3175 979 3228 καὶ
1025 3176 1123 3247 τὴν
1159 3179 1327 3233 αὑτοῦ
1375 3183 1669 3253 ὁμολογίαν
1718 3185 1857 3253 μετὰ
1899 3185 1993 3238 δα-

418 3265 601 3334 κρύων
621 3283 635 3297 ·
670 3268 705 3339 ἠ
741 3267 957 3334 γλῶττα
990 3270 1153 3338 μόνον
1178 3273 1434 3342 ἐκινεῖτο,
1465 3274 1560 3328 τοῦ
1588 3276 1750 3330 ἄλλου
1790 3276 1993 3340 παντὸς

416 3359 679 3427 ἀκινήτου
717 3360 969 3427 μένοντος
1017 3360 1267 3428 σώματος
1295 3380 1310 3395 ⁸
1344 3365 1434 3418 ὅτε
1481 3366 1537 3419 δὲ
1571 3366 1776 3437 ήρεατο
1811 3367 1990 3434 λέγειν

416 3451 493 3514 ὡς
519 3448 612 3503 τοῦ
640 3449 832 3521 ἀνδρὸς
864 3451 1013 3522 αύτῷ
1045 3453 1329 3525 εἰρηκότος
1371 3457 1452 3510 ὅτι
1480 3458 1716 3528 Χριστός
1750 3475 1809 3511 σε
1854 3458 1992 3529 ῥών-

417 3558 574 3594 νυσιν
607 3542 635 3594 6
664 3543 796 3606 Θεὸς
819 3543 975 3613 ἡμῶν
1003 3547 1032 3599 6
1059 3546 1304 3617 ἀνορθῶν
1332 3548 1460 3612 τοὺς
1483 3551 1987 3622 κατερῤαγμένους,

417 3636 624 3701 εὐθέως
678 3636 759 3690 ἔτι
812 3636 906 3691 τοῦ
954 3639 1114 3707 λόγου
1164 3639 1239 3709 μὴ
1276 3640 1675 3715 πληρωθέντος,
1727 3643 1989 3713 ὀρθωθεὶς

414 3725 510 3795 ἀφ’
535 3727 733 3780 ἑαυτοῦ
763 3728 1014 3783 ἐκάθισεν
1069 3731 1159 3784 ἐπὶ
1205 3731 1308 3800 τῆς
1342 3733 1776 3803 χαμαιστρώτου
1805 3736 1987 3801 εὐνῆς,

416 3817 475 3869 ιν
597 3818 903 3885 κατέκειτο,
937 3820 1032 3873 καὶ
1086 3820 1161 3892 μὴ
1190 3824 1367 3885 συνεὶς
1404 3823 1467 3876 τὸ
1501 3825 1869 3893 γεγενημένον
1900 3822 1990 3895 (ἦν

414 3908 525 3977 γὰρ
559 3908 749 3980 ὥσπερ
792 3909 1103 3980 ἐξεστηκὼς
1140 3915 1205 3983 τῇ
1249 3913 1442 3985 χαρᾷ),
1478 3916 1598 3985 ⁴ᾔτει
1631 3916 1861 3985 φορέσαι
1894 3919 1990 3970 καὶ

416 3998 717 4068 προελθεῖν.
751 4001 815 4055 Οἱ
837 4001 892 4054 δὲ
912 4002 1077 4055 αὑτοῦ
1110 4003 1273 4057 πλέον
1296 4005 1506 4059 ἐκείνου
1537 4006 1990 4075 καταπλαγέντες

413 4088 478 4144 τὸ
515 4090 723 4162 θαῦμα,
757 4094 853 4146 καὶ
895 4095 1030 4163 μηδὲ
1079 4096 1445 4168 ἀποκριθῆναι
1476 4098 1785 4167 δυνάμενοι,
1835 4100 1991 4168 μόλις

417 4182 474 4236 ιν
502 4183 719 4246 ἑαυτοῖς
749 4186 1055 4255 γενόμενοι,
1084 4189 1177 4240 καὶ
1224 4191 1362 4259 πρὸς
1394 4188 1520 4253 τοὺς
1561 4189 1727 4258 ἐγγὺς
1779 4190 1991 4243 οἰκοῦν-

416 4290 514 4336 τας
558 4273 971 4344 διαδραμόντες,
1003 4278 1092 4331 διά
1139 4278 1200 4331 τὸ
1238 4280 1457 4349 μακρὰν
1511 4281 1882 4351 ἀφεστηκέναι
1929 4280 1991 4335 τὸ

416 4364 751 4437 πραιτώριον
777 4367 886 4419 τῶν
912 4368 1195 4438 ὑπάρχων,
1224 4371 1530 4441 ἐχρήσαντο
1582 4375 1862 4442 στιχάριον
1891 4372 1987 4426 καὶ

419 4455 622 4525 ζώνην,
650 4459 744 4510 καὶ
772 4459 1019 4529 χλαῖναν,
1054 4461 1148 4512 καὶ
1180 4461 1532 4530 ὑποδήματα.

484 4545 588 4615 κβ’.
623 4549 789 4601 Οὐδὲν
825 4551 936 4617 γὰρ
975 4550 1183 4603 τούτων
1209 4551 1399 4621 ἔτυχον
1430 4552 1550 4621 μεθ’
1573 4554 1780 4607 ἑαυτῶν
1810 4556 1992 4609 ἐκεῖσε

416 4636 805 4707 βαστάσαντες,
832 4639 920 4692 διὰ
948 4641 1007 4693 τὸ
1036 4641 1171 4710 μηδὲ
1198 4641 1436 4705 ἐλπίζειν
1466 4644 1665 4707 αὑτοὺς
1694 4648 1773 4709 είς
1799 4647 1989 4716 χρείαν

414 4728 520 4779 τῶν
551 4729 811 4780 τοιούτων
848 4732 1186 4801 καταστῆναί
1220 4749 1348 4784 ποτε
1382 4734 1475 4785 τὸν
1507 4735 1686 4789 αὐτῶν
1716 4734 1989 4806 δεσπότην

415 4819 675 4885 ἀκίνητον
699 4820 1038 4875 καθεστῶτα.
1076 4820 1135 4872 Ὅ
1166 4822 1221 4875 δὲ
1257 4825 1513 4890 φορέσας,
1542 4826 1635 4879 καλ⁸
1665 4827 1802 4896 μηδὲ
1832 4829 1986 4896 παρά

415 4923 561 4968 τινος
596 4908 1113 4980 ὑποστηριζόμενος,
1170 4913 1390 4966 ἄπεισιν
1451 4917 1531 4978 είς
1584 4918 1644 4968 τὸ
1693 4916 1986 4986 λεγόμενον

417 4997 672 5067 κιϐώριον
725 5000 783 5051 τὸ
838 5002 1114 5070 ἀργυροῦν
1167 5004 1260 5056 τοῦ
1316 5005 1473 5072 ἁγίου
1525 5008 1619 5059 καὶ
1664 5008 1987 5074 πανενδόξου

419 5093 699 5158 μάρτυρο,
732 5093 1069 5162 Δημητρίου,
1097 5093 1227 5147 ἔνθα
1261 5097 1427 5163 φασίν
1462 5115 1609 5162 τινες
1641 5100 1850 5154 κεῖσθαι
1883 5102 1987 5154 ὑπὸ

343 5176 351 5201 ³
413 5181 516 5249 γῆν
568 5183 629 5233 τὸ
673 5186 946 5250 πανὰγιον
991 5186 1159 5240 αὑτοῦ
1202 5186 1475 5258 λείψανον.
1541 5192 1755 5245 Ἐκεῖσε
1807 5194 1988 5247 τοίνυν

413 5273 808 5342 πχραγεγονὼς
850 5278 876 5328 6
909 5276 1151 5347 ἔπαρχος
1181 5280 1404 5344 οίκείοις
1452 5283 1601 5345 ποσὶ,
1638 5283 1734 5336 καὶ
1764 5285 1986 5354 ἀπερεί-

414 5376 509 5421 σας
552 5361 613 5413 τὸ
644 5363 935 5432 πρόσωπον
960 5367 1039 5428 είς
1074 5367 1132 5418 τὸ
1160 5366 1220 5421 ὃν
1251 5369 1462 5436 αὑτόθι,
1495 5371 1570 5434 ὡς
1598 5372 1663 5425 ἂν
1696 5374 1746 5427 εί
1774 5374 1986 5443 κραϐά-

411 5466 526 5505 τιον
557 5451 614 5518 ἐξ
642 5454 908 5526 ἀργύρου,
941 5456 1071 5512 ἔνθα
1121 5460 1215 5513 καὶ
1246 5462 1617 5517 heard-morat
1663 5465 1724 5518 τὸ
1753 5466 1985 5530 θεοειδὲς

414 5546 731 5615 προσώπιον
770 5548 865 5603 τοῦ
902 5551 1068 5606 αὑτοῦ
1108 5556 1420 5608 πανσέπτου
1464 5557 1795 5627 ἀθλοφόρου,
1826 5556 1981 5627 ἔλεγε

481 5724 504 5756 ⁵
533 5725 675 5780 Psal.
702 5744 907 5793 Lsxvn.
950 5731 1018 5787 56
1049 5747 1206 5803 seqq.
1280 5730 1303 5762 ⁸
1328 5731 1472 5788 Psal.
1509 5749 1657 5801 χχιχ,
1690 5734 1780 5792 50.

2095 3183 2352 3254 laerymis
2404 3182 2758 3254 sponsionem
2802 3184 3158 3248 acciderant,
3210 3183 3509 3246 narrabat,
3558 3182 3669 3236 sola

2091 3277 2273 3347 lingua
2298 3276 2642 3339 movebatur,
2663 3291 2891 3344 corpore
2909 3276 3119 3346 reliquo
3140 3284 3398 3331 manente
3421 3275 3666 3340 immoto:

2092 3370 2311 3437 quando
2350 3379 2558 3434 autem,
2591 3370 2683 3437 qui
2717 3369 2833 3422 viro
2860 3369 3072 3423 dicente
3102 3369 3152 3423 ei
3182 3408 3197 3432 ,
3238 3367 3376 3434 Quia
3417 3368 3669 3423 Christus

2092 3460 2236 3515 Deus
2268 3470 2459 3517 noster
2489 3470 2542 3514 te
2572 3468 2751 3522 sanat,
2782 3459 2874 3529 qui
2906 3460 3066 3530 erigit
3094 3459 3281 3525 elisos,
3334 3458 3518 3513 statim
3550 3472 3666 3512 ser-

2091 3568 2256 3609 mone
2307 3552 2553 3607 nondum
2597 3552 2842 3620 impleto,
2889 3566 2918 3604 a
2968 3548 3269 3620 semetipso
3329 3542 3549 3604 erectus
3608 3548 3665 3602 in

2091 3653 2263 3699 strato
2290 3643 2447 3698 humi
2478 3642 2642 3705 lecto,
2671 3641 2725 3695 in
2756 3657 2864 3709 quo
2889 3641 3131 3711 jacebat,
3158 3642 3412 3706 sedisset,
3445 3656 3668 3696 narrare

2092 3733 2412 3803 incipiebat,
2448 3746 2553 3785 nec
2580 3729 2781 3785 factum
2816 3731 2951 3800 (prae
2980 3730 3169 3786 lzetitia
3198 3730 3344 3786 enim
3377 3730 3544 3786 veluti
3575 3746 3669 3786 εει

2093 3833 2173 3878 tra
2208 3838 2269 3879 se
2296 3831 2482 3892 raptus
2506 3821 2646 3888 erat)
2677 3820 3027 3891 intelligeret,
3056 3822 3299 3891 petebat,
3327 3831 3387 3876 ut
3418 3835 3665 3889 surgere,

2093 3930 2157 3968 ac
2201 3913 2259 3966 in
2290 3912 2571 3982 publicum
2615 3911 2834 3981 prodire
2870 3921 3071 3980 posset.
3116 3911 3197 3965 illi
3243 3920 3425 3966 autem
3473 3913 3665 3982 magis,

2094 4018 2258 4074 quam
2310 4004 2400 4059 hic
2447 4002 2702 4072 ipsemet,
2731 4000 3056 4056 miraculum
3088 4000 3373 4063 mirantes.
3412 4003 3661 4073 nihilque

2095 4093 2432 4164 respondere
2481 4093 2749 4153 valentes,
2774 4092 2862 4145 vix
2913 4092 2980 4145 ad
3024 4106 3083 4145 se
3128 4091 3357 4151 reversi,
3392 4100 3555 4161 atque
3600 4093 3668 4147 ad

2094 4203 2188 4242 eos
2230 4186 2322 4255 qui
2369 4186 2426 4240 in
2468 4185 2667 4240 vicinia
2703 4183 3055 4247 habitabant,
3090 4181 3238 4251 quod
3286 4181 3666 4252 praefectorum

2094 4276 2406 4349 prmturium
2432 4277 2591 4347 longe
2640 4275 2879 4339 abesset,
2910 4284 3217 4339 currentes,
3252 4281 3307 4327 et
3338 4274 3581 4327 tunicam
3612 4282 3669 4329 et

2096 4383 2287 4422 zonam
2319 4376 2369 4421 et
2393 4366 2836 4436 paludamentum
2863 4375 2918 4421 et
2947 4366 3313 4419 calceamenta
3337 4373 3669 4435 acceperunt

2097 4468 2306 4514 tuatua.

2161 4552 2251 4607 ἓξ.
2283 4551 2485 4608 Horum
2506 4552 2659 4608 enim'
2674 4552 2834 4616 nihil,
2860 4550 3004 4621 quod
3033 4550 3169 4614 fore,
3199 4558 3258 4605 ut
3287 4549 3415 4605 talia
3440 4550 3667 4606 domino

2092 4659 2215 4707 suo,
2250 4644 2476 4698 immoto
2528 4643 2841 4707 essistenti,
2892 4642 3204 4698 neot-ssario
3240 4643 3536 4713 aliquando
3579 4658 3668 4697 es-

2089 4745 2235 4801 sent,
2266 4735 2410 4789 haud
2455 4745 2763 4804 putassent,
2812 4734 2941 4789 illuc
2980 4735 3300 4789 attulerant.
3340 4732 3435 4787 Ille
3482 4742 3666 4787 autem

2087 4828 2442 4898 progrediens
2471 4843 2573 4882 nec
2616 4828 2685 4881 ab
2712 4828 2897 4896 aliquo
2926 4826 3182 4881 sull‘ultus
3228 4826 3294 4879 ad
3335 4824 3665 4894 appellatum

2085 4921 2258 4975 sancti
2299 4936 2362 4975 ac
2404 4920 2786 4989 gloriosissimi
2817 4919 3066 4989 martyris
3110 4917 3365 4971 Demetrii
3390 4917 3662 4972 ciborium

2084 5021 2426 5083 argenteum,
2446 5011 2539 5065 ubi
2559 5010 2663 5065 sub
2687 5018 2830 5064 terra
2859 5016 3234 5063 sacrosanctas
3258 5007 3380 5077 ejus
3402 5007 3666 5076 reliquias

2080 5101 2262 5172 jacere
2287 5101 2510 5171 quidam
2555 5101 2731 5164 aiunt,
2763 5114 2883 5154 sese
2910 5099 3163 5153 contulit.
3191 5098 3326 5153 Cum
3379 5114 3446 5153 eo
3494 5099 3662 5169 igitur

2085 5193 2373 5263 praal'cctns
2401 5192 2640 5262 pr0priis
2671 5190 2905 5261 pedibus
2950 5187 3313 5259 pervenisset,
3357 5186 3664 5259 faciemque

2090 5288 2158 5341 ad
2190 5302 2339 5346 eum,
2389 5284 2480 5352 qui
2507 5284 2618 5338 illic
2648 5293 2753 5347 est,
2799 5292 3119 5354 argenteum
3155 5281 3555 5350 quodammodo
3589 5282 3667 5337 le—

2091 5376 2320 5437 ctulum,
2350 5373 2442 5427 ubi
2485 5382 2541 5427 et
2579 5371 2827 5441 ejusdem
2860 5369 3158 5424 venerandi
3180 5368 3545 5423 certaminum
3580 5368 3667 5423 vi-

2090 5467 2259 5521 ctoris
2294 5465 2496 5531 vultus,
2549 5462 2722 5519 divini
2778 5461 2961 5516 vultus
3026 5459 3263 5530 speciem
3325 5452 3665 5530 praeferens,

2091 5557 2340 5629 depictus
2368 5544 2470 5625 est,
2519 5562 2846 5613 convertens
2889 5567 3013 5608 cum
3059 5551 3299 5607 clamore
3328 5560 3383 5608 et
3410 5550 3664 5624 lacrymis
