  <div class='ocr_page' id='page_1' title='image "/cluster/home/n/w/nwhite01/storage/ocr_20150623/116/hvd.32044073502221/616.png"; bbox 0 0 4142 6380; ppageno 0'>
   <div class='ocr_carea' id='block_1_1' title="bbox 1284 232 1320 260">
    <p class='ocr_par' dir='ltr' id='par_1_1' title="bbox 1284 232 1320 260">
     <span class='ocr_line' id='line_1_1' title="bbox 1284 232 1320 260; baseline 0 0"><span class='ocrx_word' id='word_1_1' title='bbox 1284 232 1320 260; x_wconf 68' lang='grc' dir='ltr'><em>Ι</em></span> 
     </span>
    </p>
   </div>
   <div class='ocr_carea' id='block_1_2' title="bbox 376 310 511 381">
    <p class='ocr_par' dir='ltr' id='par_1_2' title="bbox 376 310 511 381">
     <span class='ocr_line' id='line_1_2' title="bbox 376 310 511 381; baseline 0 -1"><span class='ocrx_word' id='word_1_2' title='bbox 376 310 511 381; x_wconf 63' lang='grc'><strong>1221</strong></span> 
     </span>
    </p>
   </div>
   <div class='ocr_carea' id='block_1_3' title="bbox 1395 312 2564 381">
    <p class='ocr_par' dir='ltr' id='par_1_3' title="bbox 1395 312 2564 381">
     <span class='ocr_line' id='line_1_3' title="bbox 1395 312 2564 381; baseline -0.005 -6"><span class='ocrx_word' id='word_1_3' title='bbox 1395 315 1456 377; x_wconf 89' lang='lat' dir='ltr'><strong>S.</strong></span> <span class='ocrx_word' id='word_1_4' title='bbox 1482 312 1873 374; x_wconf 73' lang='lat' dir='ltr'><strong>DEMETRII</strong></span> <span class='ocrx_word' id='word_1_5' title='bbox 1912 313 2317 381; x_wconf 77' lang='lat' dir='ltr'><strong>MARTYRlS</strong></span> <span class='ocrx_word' id='word_1_6' title='bbox 2353 312 2564 372; x_wconf 83' lang='lat' dir='ltr'><strong>ACTA.</strong></span> 
     </span>
    </p>
   </div>
   <div class='ocr_carea' id='block_1_4' title="bbox 3510 313 3652 385">
    <p class='ocr_par' dir='ltr' id='par_1_4' title="bbox 3510 313 3652 385">
     <span class='ocr_line' id='line_1_4' title="bbox 3510 313 3652 385; baseline -0.049 0"><span class='ocrx_word' id='word_1_7' title='bbox 3510 313 3652 385; x_wconf 76' lang='lat'><strong>1222</strong></span> 
     </span>
    </p>
   </div>
   <div class='ocr_carea' id='block_1_5' title="bbox 371 406 1978 497">
    <p class='ocr_par' dir='ltr' id='par_1_5' title="bbox 371 418 1962 492">
     <span class='ocr_line' id='line_1_5' title="bbox 371 418 1962 492; baseline 0.001 -19"><span class='ocrx_word' id='word_1_8' title='bbox 371 421 541 485; x_wconf 86' lang='grc' dir='ltr'>δόλως</span> <span class='ocrx_word' id='word_1_9' title='bbox 571 419 904 474; x_wconf 80' lang='grc' dir='ltr'>ύπενδοῦναι</span> <span class='ocrx_word' id='word_1_10' title='bbox 935 419 1036 492; x_wconf 78' lang='grc' dir='ltr'>τὴν</span> <span class='ocrx_word' id='word_1_11' title='bbox 1068 418 1241 491; x_wconf 85' lang='grc' dir='ltr'>φοράν</span> <span class='ocrx_word' id='word_1_12' title='bbox 1269 418 1366 479; x_wconf 82' lang='grc' dir='ltr'><strong>τοῦ</strong></span> <span class='ocrx_word' id='word_1_13' title='bbox 1392 419 1649 490; x_wconf 79' lang='grc' dir='ltr'>αἵματος,</span> <span class='ocrx_word' id='word_1_14' title='bbox 1673 419 1747 483; x_wconf 83' lang='grc' dir='ltr'>ὡς</span> <span class='ocrx_word' id='word_1_15' title='bbox 1770 421 1962 475; x_wconf 84' lang='grc' dir='ltr'>λοιπδν</span> 
     </span>
    </p>
   </div>
   <div class='ocr_carea' id='block_1_6' title="bbox 2080 406 3661 497">
    <p class='ocr_par' dir='ltr' id='par_1_6' title="bbox 2080 406 3661 497">
     <span class='ocr_line' id='line_1_6' title="bbox 2080 406 3661 497; baseline 0.006 -21"><span class='ocrx_word' id='word_1_16' title='bbox 2080 422 2276 476; x_wconf 85' lang='lat' dir='ltr'><strong>mentia</strong></span> <span class='ocrx_word' id='word_1_17' title='bbox 2310 420 2650 483; x_wconf 80' lang='lat' dir='ltr'><strong>extenuatis,</strong></span> <span class='ocrx_word' id='word_1_18' title='bbox 2683 419 2735 474; x_wconf 89' lang='lat' dir='ltr'><strong>in</strong></span> <span class='ocrx_word' id='word_1_19' title='bbox 2765 419 3029 479; x_wconf 77' lang='lat' dir='ltr'><strong>extremis</strong></span> <span class='ocrx_word' id='word_1_20' title='bbox 3056 425 3282 480; x_wconf 79' lang='lat' dir='ltr'><strong>tandem</strong></span> <span class='ocrx_word' id='word_1_21' title='bbox 3300 424 3384 480; x_wconf 81' lang='lat' dir='ltr'><strong>vir</strong></span> <span class='ocrx_word' id='word_1_22' title='bbox 3411 406 3661 497; x_wconf 52' lang='lat' dir='ltr'><strong>iaceret,i</strong></span> 
     </span>
    </p>
   </div>
   <div class='ocr_carea' id='block_1_7' title="bbox 373 510 1969 582">
    <p class='ocr_par' dir='ltr' id='par_1_7' title="bbox 373 510 1969 582">
     <span class='ocr_line' id='line_1_7' title="bbox 373 510 1969 582; baseline -0.003 -13"><span class='ocrx_word' id='word_1_23' title='bbox 373 519 434 569; x_wconf 81' lang='grc' dir='ltr'><strong>ἐν</strong></span> <span class='ocrx_word' id='word_1_24' title='bbox 471 515 596 574; x_wconf 79' lang='grc' dir='ltr'>ταῖς</span> <span class='ocrx_word' id='word_1_25' title='bbox 634 510 987 576; x_wconf 86' lang='grc' dir='ltr'>τελευταίαις</span> <span class='ocrx_word' id='word_1_26' title='bbox 1043 512 1263 579; x_wconf 79' lang='grc' dir='ltr'>κεῖσθαι</span> <span class='ocrx_word' id='word_1_27' title='bbox 1320 511 1414 565; x_wconf 74' lang='grc' dir='ltr'><strong>τὸν</strong></span> <span class='ocrx_word' id='word_1_28' title='bbox 1442 511 1616 581; x_wconf 73' lang='grc' dir='ltr'>ἄνδρα</span> <span class='ocrx_word' id='word_1_29' title='bbox 1651 514 1839 577; x_wconf 78' lang='grc' dir='ltr'>πνοαῖς</span> <span class='ocrx_word' id='word_1_30' title='bbox 1869 513 1969 582; x_wconf 75' lang='grc' dir='ltr'>τῆς</span> 
     </span>
    </p>
   </div>
   <div class='ocr_carea' id='block_1_8' title="bbox 372 604 1970 679">
    <p class='ocr_par' dir='ltr' id='par_1_8' title="bbox 372 604 1970 679">
     <span class='ocr_line' id='line_1_8' title="bbox 372 604 1970 679; baseline -0.002 -19"><span class='ocrx_word' id='word_1_31' title='bbox 372 606 467 660; x_wconf 87' lang='grc' dir='ltr'><strong>τοῦ</strong></span> <span class='ocrx_word' id='word_1_32' title='bbox 501 605 715 667; x_wconf 72' lang='grc' dir='ltr'>πάθους</span> <span class='ocrx_word' id='word_1_33' title='bbox 761 604 1130 675; x_wconf 81' lang='grc' dir='ltr'><strong>σφοδρότητος</strong></span> <span class='ocrx_word' id='word_1_34' title='bbox 1171 604 1638 679; x_wconf 78' lang='grc' dir='ltr'>καταχαλασάσης</span> <span class='ocrx_word' id='word_1_35' title='bbox 1678 605 1776 674; x_wconf 81' lang='grc' dir='ltr'>τὴν</span> <span class='ocrx_word' id='word_1_36' title='bbox 1813 604 1970 657; x_wconf 86' lang='grc' dir='ltr'>δύνα-</span> 
     </span>
    </p>
   </div>
   <div class='ocr_carea' id='block_1_9' title="bbox 377 693 1970 767">
    <p class='ocr_par' dir='ltr' id='par_1_9' title="bbox 377 693 1970 767">
     <span class='ocr_line' id='line_1_9' title="bbox 377 693 1970 767; baseline 0 -19"><span class='ocrx_word' id='word_1_37' title='bbox 377 713 493 766; x_wconf 88' lang='grc' dir='ltr'>μιν,</span> <span class='ocrx_word' id='word_1_38' title='bbox 531 693 689 762; x_wconf 79' lang='grc' dir='ltr'>ἄφνω</span> <span class='ocrx_word' id='word_1_39' title='bbox 725 695 853 758; x_wconf 83' lang='grc' dir='ltr'>τοὺς</span> <span class='ocrx_word' id='word_1_40' title='bbox 883 693 1201 765; x_wconf 76' lang='grc' dir='ltr'>ὀφθαλμοὺς</span> <span class='ocrx_word' id='word_1_41' title='bbox 1242 695 1437 765; x_wconf 79' lang='grc' dir='ltr'><strong>διάρας</strong></span> <span class='ocrx_word' id='word_1_42' title='bbox 1463 694 1648 765; x_wconf 77' lang='grc' dir='ltr'>ἡρέμα</span> <span class='ocrx_word' id='word_1_43' title='bbox 1676 694 1829 763; x_wconf 89' lang='grc' dir='ltr'>λέγει</span> <span class='ocrx_word' id='word_1_44' title='bbox 1857 699 1970 767; x_wconf 86' lang='grc' dir='ltr'>τοῖς</span> 
     </span>
    </p>
   </div>
   <div class='ocr_carea' id='block_1_10' title="bbox 377 783 1969 858">
    <p class='ocr_par' dir='ltr' id='par_1_10' title="bbox 377 783 1969 858">
     <span class='ocr_line' id='line_1_10' title="bbox 377 783 1969 858; baseline -0.001 -15"><span class='ocrx_word' id='word_1_45' title='bbox 377 789 529 851; x_wconf 78' lang='grc' dir='ltr'>ἰδίοις</span> <span class='ocrx_word' id='word_1_46' title='bbox 561 803 577 820; x_wconf 76' lang='grc' dir='ltr'><strong>ο</strong></span> <span class='ocrx_word' id='word_1_47' title='bbox 605 786 995 849; x_wconf 87' lang='grc' dir='ltr'>Βαστάσαντες</span> <span class='ocrx_word' id='word_1_48' title='bbox 1028 787 1351 858; x_wconf 83' lang='grc' dir='ltr'>άπαγάγετέ</span> <span class='ocrx_word' id='word_1_49' title='bbox 1386 805 1452 856; x_wconf 87' lang='grc' dir='ltr'>με</span> <span class='ocrx_word' id='word_1_50' title='bbox 1480 788 1558 850; x_wconf 80' lang='grc' dir='ltr'>εἰς</span> <span class='ocrx_word' id='word_1_51' title='bbox 1584 787 1675 841; x_wconf 73' lang='grc' dir='ltr'>τὸν</span> <span class='ocrx_word' id='word_1_52' title='bbox 1703 783 1852 841; x_wconf 79' lang='grc' dir='ltr'>οἶκον</span> <span class='ocrx_word' id='word_1_53' title='bbox 1873 787 1969 842; x_wconf 91' lang='grc' dir='ltr'><strong>τοῦ</strong></span> 
     </span>
    </p>
   </div>
   <div class='ocr_carea' id='block_1_11' title="bbox 375 878 1969 951">
    <p class='ocr_par' dir='ltr' id='par_1_11' title="bbox 375 878 1969 951">
     <span class='ocr_line' id='line_1_11' title="bbox 375 878 1969 951; baseline 0 -17"><span class='ocrx_word' id='word_1_54' title='bbox 375 880 690 951; x_wconf 77' lang='grc' dir='ltr'><strong>προστάτου</strong></span> <span class='ocrx_word' id='word_1_55' title='bbox 747 879 849 949; x_wconf 82' lang='grc' dir='ltr'>τῆς</span> <span class='ocrx_word' id='word_1_56' title='bbox 913 878 1130 944; x_wconf 89' lang='grc' dir='ltr'>πόλεως</span> <span class='ocrx_word' id='word_1_57' title='bbox 1170 879 1352 951; x_wconf 85' lang='grc' dir='ltr'>ήμῶν.</span> <span class='ocrx_word' id='word_1_58' title='bbox 1405 880 1469 937; x_wconf 80' lang='lat' dir='ltr'><strong>0i</strong></span> <span class='ocrx_word' id='word_1_59' title='bbox 1514 879 1574 934; x_wconf 76' lang='grc' dir='ltr'>δὲ</span> <span class='ocrx_word' id='word_1_60' title='bbox 1611 879 1751 951; x_wconf 70' lang='grc' dir='ltr'>μετὰ</span> <span class='ocrx_word' id='word_1_61' title='bbox 1798 880 1969 950; x_wconf 83' lang='grc' dir='ltr'>φόϐου</span> 
     </span>
    </p>
   </div>
   <div class='ocr_carea' id='block_1_12' title="bbox 374 971 1967 1046">
    <p class='ocr_par' dir='ltr' id='par_1_12' title="bbox 374 971 1967 1046">
     <span class='ocr_line' id='line_1_12' title="bbox 374 971 1967 1046; baseline -0.003 -17"><span class='ocrx_word' id='word_1_62' title='bbox 374 973 770 1046; x_wconf 80' lang='grc' dir='ltr'><strong>ἀποκριθέντες</strong></span> <span class='ocrx_word' id='word_1_63' title='bbox 816 972 1073 1041; x_wconf 85' lang='grc' dir='ltr'>λέγουσιν</span> <span class='ocrx_word' id='word_1_64' title='bbox 1102 973 1251 1044; x_wconf 81' lang='grc' dir='ltr'>αὐτῷ</span> <span class='ocrx_word' id='word_1_65' title='bbox 1282 990 1295 1004; x_wconf 76' lang='grc' dir='ltr'><strong>ο</strong></span> <span class='ocrx_word' id='word_1_66' title='bbox 1328 973 1425 1036; x_wconf 77' lang='grc' dir='ltr'><strong>Εἰς</strong></span> <span class='ocrx_word' id='word_1_67' title='bbox 1457 971 1619 1027; x_wconf 88' lang='grc' dir='ltr'>ποίου</span> <span class='ocrx_word' id='word_1_68' title='bbox 1654 974 1967 1044; x_wconf 83' lang='grc' dir='ltr'>προστάτου</span> 
     </span>
    </p>
   </div>
   <div class='ocr_carea' id='block_1_13' title="bbox 379 1064 1969 1136">
    <p class='ocr_par' dir='ltr' id='par_1_13' title="bbox 379 1064 1969 1136">
     <span class='ocr_line' id='line_1_13' title="bbox 379 1064 1969 1136; baseline -0.002 -14"><span class='ocrx_word' id='word_1_69' title='bbox 379 1064 533 1122; x_wconf 75' lang='grc' dir='ltr'>οἷκον</span> <span class='ocrx_word' id='word_1_70' title='bbox 561 1065 814 1130; x_wconf 80' lang='grc' dir='ltr'><strong>κελεύεις</strong></span> <span class='ocrx_word' id='word_1_71' title='bbox 846 1067 981 1136; x_wconf 80' lang='grc' dir='ltr'>ἡμῖν</span> <span class='ocrx_word' id='word_1_72' title='bbox 1033 1067 1353 1136; x_wconf 78' lang='grc' dir='ltr'><strong>ἀπαγαγεῖν</strong></span> <span class='ocrx_word' id='word_1_73' title='bbox 1417 1081 1477 1121; x_wconf 80' lang='grc' dir='ltr'><strong>σε</strong></span> <span class='ocrx_word' id='word_1_74' title='bbox 1513 1084 1528 1133; x_wconf 91' lang='lat'><strong>;</strong></span> <span class='ocrx_word' id='word_1_75' title='bbox 1560 1066 1725 1135; x_wconf 82' lang='grc' dir='ltr'>Λέγει</span> <span class='ocrx_word' id='word_1_76' title='bbox 1762 1067 1969 1135; x_wconf 75' lang='grc' dir='ltr'>αὐτοῖς,</span> 
     </span>
    </p>
   </div>
   <div class='ocr_carea' id='block_1_14' title="bbox 379 1158 1972 1234">
    <p class='ocr_par' dir='ltr' id='par_1_14' title="bbox 379 1158 1972 1234">
     <span class='ocr_line' id='line_1_14' title="bbox 379 1158 1972 1234; baseline -0.002 -18"><span class='ocrx_word' id='word_1_77' title='bbox 379 1162 489 1217; x_wconf 83' lang='grc' dir='ltr'>Τοῦ</span> <span class='ocrx_word' id='word_1_78' title='bbox 550 1161 813 1234; x_wconf 84' lang='grc' dir='ltr'>πρώτου·</span> <span class='ocrx_word' id='word_1_79' title='bbox 846 1161 897 1214; x_wconf 86' lang='lat' dir='ltr'><strong>ol</strong></span> <span class='ocrx_word' id='word_1_80' title='bbox 952 1159 1011 1215; x_wconf 82' lang='grc' dir='ltr'><strong>δέ</strong></span> <span class='ocrx_word' id='word_1_81' title='bbox 1067 1159 1258 1231; x_wconf 68' lang='grc' dir='ltr'>φασὶν,</span> <span class='ocrx_word' id='word_1_82' title='bbox 1310 1158 1539 1232; x_wconf 84' lang='grc' dir='ltr'>Πρώτου</span> <span class='ocrx_word' id='word_1_83' title='bbox 1595 1160 1779 1229; x_wconf 84' lang='grc' dir='ltr'>τίνος;</span> <span class='ocrx_word' id='word_1_84' title='bbox 1837 1161 1972 1215; x_wconf 79' lang='grc' dir='ltr'>Εἰπὲ</span> 
     </span>
    </p>
   </div>
   <div class='ocr_carea' id='block_1_15' title="bbox 380 1249 1973 1324">
    <p class='ocr_par' dir='ltr' id='par_1_15' title="bbox 380 1249 1973 1324">
     <span class='ocr_line' id='line_1_15' title="bbox 380 1249 1973 1324; baseline -0.002 -18"><span class='ocrx_word' id='word_1_85' title='bbox 380 1256 516 1324; x_wconf 73' lang='grc' dir='ltr'>ἡμῖν</span> <span class='ocrx_word' id='word_1_86' title='bbox 561 1254 624 1307; x_wconf 74' lang='grc' dir='ltr'>τὸ</span> <span class='ocrx_word' id='word_1_87' title='bbox 671 1253 866 1323; x_wconf 74' lang='grc' dir='ltr'>ὄνομα,</span> <span class='ocrx_word' id='word_1_88' title='bbox 918 1252 1178 1306; x_wconf 83' lang='grc' dir='ltr'>δέσποτα.</span> <span class='ocrx_word' id='word_1_89' title='bbox 1227 1252 1287 1306; x_wconf 85' lang='grc' dir='ltr'><strong>Ὀ</strong></span> <span class='ocrx_word' id='word_1_90' title='bbox 1337 1252 1396 1305; x_wconf 88' lang='grc' dir='ltr'><strong>δέ</strong></span> <span class='ocrx_word' id='word_1_91' title='bbox 1456 1249 1734 1316; x_wconf 71' lang='grc' dir='ltr'>ἐμϐλέψας</span> <span class='ocrx_word' id='word_1_92' title='bbox 1784 1252 1973 1315; x_wconf 81' lang='grc' dir='ltr'>αὐτοῖς</span> 
     </span>
    </p>
   </div>
   <div class='ocr_carea' id='block_1_16' title="bbox 380 1342 1970 1416">
    <p class='ocr_par' dir='ltr' id='par_1_16' title="bbox 380 1342 1970 1416">
     <span class='ocr_line' id='line_1_16' title="bbox 380 1342 1970 1416; baseline -0.001 -19"><span class='ocrx_word' id='word_1_93' title='bbox 380 1345 570 1413; x_wconf 81' lang='grc' dir='ltr'>λέγει’</span> <span class='ocrx_word' id='word_1_94' title='bbox 611 1345 799 1400; x_wconf 83' lang='grc' dir='ltr'>Ἔστω</span> <span class='ocrx_word' id='word_1_95' title='bbox 846 1342 958 1414; x_wconf 85' lang='grc' dir='ltr'>ἐγὼ</span> <span class='ocrx_word' id='word_1_96' title='bbox 1003 1343 1090 1398; x_wconf 84' lang='grc' dir='ltr'><strong>διά</strong></span> <span class='ocrx_word' id='word_1_97' title='bbox 1130 1342 1229 1416; x_wconf 80' lang='grc' dir='ltr'>τὴν</span> <span class='ocrx_word' id='word_1_98' title='bbox 1290 1343 1445 1401; x_wconf 80' lang='grc' dir='ltr'>νόσον</span> <span class='ocrx_word' id='word_1_99' title='bbox 1480 1344 1701 1397; x_wconf 78' lang='grc' dir='ltr'>ἔλαττον</span> <span class='ocrx_word' id='word_1_100' title='bbox 1764 1342 1970 1415; x_wconf 84' lang='grc' dir='ltr'>φρονῶ,</span> 
     </span>
    </p>
   </div>
   <div class='ocr_carea' id='block_1_17' title="bbox 381 1435 1970 1508">
    <p class='ocr_par' dir='ltr' id='par_1_17' title="bbox 381 1435 1970 1508">
     <span class='ocr_line' id='line_1_17' title="bbox 381 1435 1970 1508; baseline -0.001 -19"><span class='ocrx_word' id='word_1_101' title='bbox 381 1438 504 1501; x_wconf 84' lang='grc' dir='ltr'>πῶς</span> <span class='ocrx_word' id='word_1_102' title='bbox 562 1439 658 1492; x_wconf 74' lang='grc' dir='ltr'><strong>καὶ</strong></span> <span class='ocrx_word' id='word_1_103' title='bbox 702 1436 864 1508; x_wconf 81' lang='grc' dir='ltr'>ὑμεῖς</span> <span class='ocrx_word' id='word_1_104' title='bbox 922 1436 1267 1505; x_wconf 75' lang='grc' dir='ltr'>ὑγιαίνοντες</span> <span class='ocrx_word' id='word_1_105' title='bbox 1318 1437 1605 1506; x_wconf 85' lang='grc' dir='ltr'>άφρονεῖτε</span> <span class='ocrx_word' id='word_1_106' title='bbox 1633 1452 1648 1502; x_wconf 92' lang='lat'><strong>;</strong></span> <span class='ocrx_word' id='word_1_107' title='bbox 1680 1435 1796 1489; x_wconf 83' lang='grc' dir='ltr'>Οὐκ</span> <span class='ocrx_word' id='word_1_108' title='bbox 1833 1436 1970 1502; x_wconf 80' lang='grc' dir='ltr'>ῐστε,</span> 
     </span>
    </p>
   </div>
   <div class='ocr_carea' id='block_1_18' title="bbox 381 1525 1971 1601">
    <p class='ocr_par' dir='ltr' id='par_1_18' title="bbox 381 1525 1971 1601">
     <span class='ocr_line' id='line_1_18' title="bbox 381 1525 1971 1601; baseline -0.004 -16"><span class='ocrx_word' id='word_1_109' title='bbox 381 1532 461 1585; x_wconf 79' lang='grc' dir='ltr'>ὅτι</span> <span class='ocrx_word' id='word_1_110' title='bbox 498 1531 728 1593; x_wconf 76' lang='grc' dir='ltr'>πολλοὺς</span> <span class='ocrx_word' id='word_1_111' title='bbox 760 1529 863 1599; x_wconf 73' lang='grc' dir='ltr'>μὲν</span> <span class='ocrx_word' id='word_1_112' title='bbox 889 1528 1005 1600; x_wconf 75' lang='grc' dir='ltr'>ἔχει</span> <span class='ocrx_word' id='word_1_113' title='bbox 1028 1529 1345 1601; x_wconf 81' lang='grc' dir='ltr'>προστάτας</span> <span class='ocrx_word' id='word_1_114' title='bbox 1373 1528 1409 1600; x_wconf 80' lang='grc' dir='ltr'><strong>ή</strong></span> <span class='ocrx_word' id='word_1_115' title='bbox 1434 1526 1590 1590; x_wconf 82' lang='grc' dir='ltr'>πόλις</span> <span class='ocrx_word' id='word_1_116' title='bbox 1621 1528 1775 1595; x_wconf 78' lang='grc' dir='ltr'>παρὰ</span> <span class='ocrx_word' id='word_1_117' title='bbox 1812 1525 1971 1598; x_wconf 81' lang='grc' dir='ltr'><strong>Θεῷ;</strong></span> 
     </span>
    </p>
   </div>
   <div class='ocr_carea' id='block_1_19' title="bbox 382 1616 1973 1691">
    <p class='ocr_par' dir='ltr' id='par_1_19' title="bbox 382 1616 1973 1691">
     <span class='ocr_line' id='line_1_19' title="bbox 382 1616 1973 1691; baseline -0.001 -18"><span class='ocrx_word' id='word_1_118' title='bbox 382 1620 479 1674; x_wconf 73' lang='grc' dir='ltr'>ἕνα</span> <span class='ocrx_word' id='word_1_119' title='bbox 504 1620 560 1674; x_wconf 77' lang='grc' dir='ltr'>δὲ</span> <span class='ocrx_word' id='word_1_120' title='bbox 590 1621 652 1674; x_wconf 73' lang='grc' dir='ltr'>τὸ</span> <span class='ocrx_word' id='word_1_121' title='bbox 683 1619 904 1691; x_wconf 83' lang='grc' dir='ltr'>πρῶτον</span> <span class='ocrx_word' id='word_1_122' title='bbox 951 1618 1135 1674; x_wconf 81' lang='grc' dir='ltr'>αὐτῶν</span> <span class='ocrx_word' id='word_1_123' title='bbox 1166 1618 1257 1673; x_wconf 80' lang='grc' dir='ltr'><strong>διά</strong></span> <span class='ocrx_word' id='word_1_124' title='bbox 1301 1616 1545 1690; x_wconf 82' lang='grc' dir='ltr'>Χριστοῦ</span> <span class='ocrx_word' id='word_1_125' title='bbox 1592 1616 1973 1691; x_wconf 78' lang='grc' dir='ltr'>ἐκληρώσατο,</span> 
     </span>
    </p>
   </div>
   <div class='ocr_carea' id='block_1_20' title="bbox 389 1709 1972 1784">
    <p class='ocr_par' dir='ltr' id='par_1_20' title="bbox 389 1709 1972 1784">
     <span class='ocr_line' id='line_1_20' title="bbox 389 1709 1972 1784; baseline -0.001 -20"><span class='ocrx_word' id='word_1_126' title='bbox 389 1713 480 1764; x_wconf 74' lang='grc' dir='ltr'>τὸν</span> <span class='ocrx_word' id='word_1_127' title='bbox 519 1713 617 1766; x_wconf 71' lang='grc' dir='ltr'>καὶ</span> <span class='ocrx_word' id='word_1_128' title='bbox 648 1710 905 1781; x_wconf 83' lang='grc' dir='ltr'>ἐκθύμως</span> <span class='ocrx_word' id='word_1_129' title='bbox 937 1714 1035 1764; x_wconf 73' lang='grc' dir='ltr'>καὶ</span> <span class='ocrx_word' id='word_1_130' title='bbox 1069 1709 1291 1784; x_wconf 81' lang='grc' dir='ltr'>θερμῶς</span> <span class='ocrx_word' id='word_1_131' title='bbox 1335 1710 1767 1781; x_wconf 78' lang='grc' dir='ltr'>ὑπερμαχοῦντα</span> <span class='ocrx_word' id='word_1_132' title='bbox 1796 1710 1972 1780; x_wconf 81' lang='grc' dir='ltr'>αὐτῆς</span> 
     </span>
    </p>
   </div>
   <div class='ocr_carea' id='block_1_21' title="bbox 383 1800 2045 1887">
    <p class='ocr_par' dir='ltr' id='par_1_21' title="bbox 383 1800 2045 1887">
     <span class='ocr_line' id='line_1_21' title="bbox 383 1800 2045 1887; baseline -0.002 -29"><span class='ocrx_word' id='word_1_133' title='bbox 383 1804 463 1866; x_wconf 83' lang='grc' dir='ltr'><strong>εἰς</strong></span> <span class='ocrx_word' id='word_1_134' title='bbox 503 1804 612 1873; x_wconf 81' lang='grc' dir='ltr'><strong>ἀεὶ,</strong></span> <span class='ocrx_word' id='word_1_135' title='bbox 642 1804 702 1858; x_wconf 79' lang='grc' dir='ltr'>ὃν</span> <span class='ocrx_word' id='word_1_136' title='bbox 759 1802 836 1867; x_wconf 84' lang='grc' dir='ltr'>ὡς</span> <span class='ocrx_word' id='word_1_137' title='bbox 893 1803 1076 1874; x_wconf 87' lang='grc' dir='ltr'>τεῖχος</span> <span class='ocrx_word' id='word_1_138' title='bbox 1123 1801 1560 1887; x_wconf 75' lang='grc' dir='ltr'>άκαταμάχητον</span> <span class='ocrx_word' id='word_1_139' title='bbox 1606 1800 1669 1856; x_wconf 86' lang='grc' dir='ltr'><strong>ού</strong></span> <span class='ocrx_word' id='word_1_140' title='bbox 1721 1802 1887 1872; x_wconf 82' lang='grc' dir='ltr'>μόνον</span> <span class='ocrx_word' id='word_1_141' title='bbox 1933 1805 1967 1874; x_wconf 91' lang='grc' dir='ltr'><strong>ή</strong></span> <span class='ocrx_word' id='word_1_142' title='bbox 2003 1809 2045 1867; x_wconf 73' lang='grc' dir='ltr'><strong>Β</strong></span> 
     </span>
    </p>
   </div>
   <div class='ocr_carea' id='block_1_22' title="bbox 386 1893 1720 1969">
    <p class='ocr_par' dir='ltr' id='par_1_22' title="bbox 386 1893 1720 1969">
     <span class='ocr_line' id='line_1_22' title="bbox 386 1893 1720 1969; baseline -0.001 -18"><span class='ocrx_word' id='word_1_143' title='bbox 386 1895 565 1960; x_wconf 85' lang='grc' dir='ltr'>πόλις,</span> <span class='ocrx_word' id='word_1_144' title='bbox 591 1896 728 1950; x_wconf 82' lang='grc' dir='ltr'>ἀλλὰ</span> <span class='ocrx_word' id='word_1_145' title='bbox 757 1896 852 1951; x_wconf 70' lang='grc' dir='ltr'>καὶ</span> <span class='ocrx_word' id='word_1_146' title='bbox 878 1897 911 1969; x_wconf 91' lang='grc' dir='ltr'><strong>ή</strong></span> <span class='ocrx_word' id='word_1_147' title='bbox 949 1896 1105 1950; x_wconf 77' lang='grc' dir='ltr'>πᾶσα</span> <span class='ocrx_word' id='word_1_148' title='bbox 1134 1893 1291 1969; x_wconf 88' lang='grc' dir='ltr'>χώρα</span> <span class='ocrx_word' id='word_1_149' title='bbox 1322 1894 1676 1967; x_wconf 81' lang='grc' dir='ltr'>κεκλήρωται</span> <span class='ocrx_word' id='word_1_150' title='bbox 1704 1914 1720 1964; x_wconf 90' lang='grc'>;</span> 
     </span>
    </p>
   </div>
   <div class='ocr_carea' id='block_1_23' title="bbox 454 1984 1974 2061">
    <p class='ocr_par' dir='ltr' id='par_1_23' title="bbox 454 1984 1974 2061">
     <span class='ocr_line' id='line_1_23' title="bbox 454 1984 1974 2061; baseline 0.001 -18"><span class='ocrx_word' id='word_1_151' title='bbox 454 1994 563 2043; x_wconf 87' lang='grc' dir='ltr'>κε’.</span> <span class='ocrx_word' id='word_1_152' title='bbox 610 1987 957 2059; x_wconf 79' lang='grc' dir='ltr'>Ἀπαγάγετέ</span> <span class='ocrx_word' id='word_1_153' title='bbox 1012 2006 1081 2061; x_wconf 90' lang='grc' dir='ltr'><strong>με</strong></span> <span class='ocrx_word' id='word_1_154' title='bbox 1118 1988 1413 2061; x_wconf 82' lang='grc' dir='ltr'>τοιγαροῦν</span> <span class='ocrx_word' id='word_1_155' title='bbox 1445 1989 1528 2055; x_wconf 79' lang='grc' dir='ltr'><strong>εἰς</strong></span> <span class='ocrx_word' id='word_1_156' title='bbox 1551 1988 1647 2043; x_wconf 85' lang='grc' dir='ltr'><strong>τδν</strong></span> <span class='ocrx_word' id='word_1_157' title='bbox 1687 1984 1839 2044; x_wconf 76' lang='grc' dir='ltr'>οἷκον</span> <span class='ocrx_word' id='word_1_158' title='bbox 1876 1989 1974 2044; x_wconf 86' lang='grc' dir='ltr'>αύ-</span> 
     </span>
    </p>
   </div>
   <div class='ocr_carea' id='block_1_24' title="bbox 381 2077 1977 2151">
    <p class='ocr_par' dir='ltr' id='par_1_24' title="bbox 381 2077 1977 2151">
     <span class='ocr_line' id='line_1_24' title="bbox 381 2077 1977 2151; baseline -0.001 -19"><span class='ocrx_word' id='word_1_159' title='bbox 381 2078 498 2133; x_wconf 92' lang='grc' dir='ltr'>τοῦ.</span> <span class='ocrx_word' id='word_1_160' title='bbox 529 2079 603 2133; x_wconf 84' lang='grc' dir='ltr'><strong>Ἢ</strong></span> <span class='ocrx_word' id='word_1_161' title='bbox 636 2079 743 2149; x_wconf 84' lang='grc' dir='ltr'><strong>γάρ</strong></span> <span class='ocrx_word' id='word_1_162' title='bbox 795 2077 1246 2149; x_wconf 64' lang='grc' dir='ltr'>ἐπισκεψάμενος</span> <span class='ocrx_word' id='word_1_163' title='bbox 1284 2078 1429 2132; x_wconf 76' lang='grc' dir='ltr'>ἐλεεῖ</span> <span class='ocrx_word' id='word_1_164' title='bbox 1455 2095 1546 2150; x_wconf 91' lang='grc' dir='ltr'><strong>με,</strong></span> <span class='ocrx_word' id='word_1_165' title='bbox 1579 2078 1614 2151; x_wconf 76' lang='grc' dir='ltr'><strong>ἢ</strong></span> <span class='ocrx_word' id='word_1_166' title='bbox 1664 2078 1758 2133; x_wconf 75' lang='grc' dir='ltr'>καὶ</span> <span class='ocrx_word' id='word_1_167' title='bbox 1789 2079 1977 2132; x_wconf 84' lang='grc' dir='ltr'>τελευ-</span> 
     </span>
    </p>
   </div>
   <div class='ocr_carea' id='block_1_25' title="bbox 385 2170 2004 2251">
    <p class='ocr_par' dir='ltr' id='par_1_25' title="bbox 385 2170 2004 2251">
     <span class='ocr_line' id='line_1_25' title="bbox 385 2170 2004 2251; baseline 0.001 -28"><span class='ocrx_word' id='word_1_168' title='bbox 385 2171 595 2234; x_wconf 87' lang='grc' dir='ltr'>τῶντός</span> <span class='ocrx_word' id='word_1_169' title='bbox 648 2188 754 2242; x_wconf 89' lang='grc' dir='ltr'><strong>μου</strong></span> <span class='ocrx_word' id='word_1_170' title='bbox 782 2173 963 2227; x_wconf 82' lang='grc' dir='ltr'>ἐκεῖσε</span> <span class='ocrx_word' id='word_1_171' title='bbox 1010 2170 1336 2238; x_wconf 77' lang='grc' dir='ltr'>ἀποδέξεται</span> <span class='ocrx_word' id='word_1_172' title='bbox 1374 2188 1479 2242; x_wconf 90' lang='grc' dir='ltr'><strong>μου</strong></span> <span class='ocrx_word' id='word_1_173' title='bbox 1533 2170 1636 2242; x_wconf 81' lang='grc' dir='ltr'>τὴν</span> <span class='ocrx_word' id='word_1_174' title='bbox 1686 2170 2004 2251; x_wconf 46' lang='grc' dir='ltr'>πρόθεσιν,-</span> 
     </span>
    </p>
   </div>
   <div class='ocr_carea' id='block_1_26' title="bbox 382 2262 1977 2338">
    <p class='ocr_par' dir='ltr' id='par_1_26' title="bbox 382 2262 1977 2338">
     <span class='ocr_line' id='line_1_26' title="bbox 382 2262 1977 2338; baseline 0.001 -21"><span class='ocrx_word' id='word_1_175' title='bbox 382 2264 477 2318; x_wconf 73' lang='grc' dir='ltr'>καὶ</span> <span class='ocrx_word' id='word_1_176' title='bbox 509 2264 569 2317; x_wconf 77' lang='grc' dir='ltr'><strong>ἐν</strong></span> <span class='ocrx_word' id='word_1_177' title='bbox 599 2265 665 2334; x_wconf 78' lang='grc' dir='ltr'><strong>τῇ</strong></span> <span class='ocrx_word' id='word_1_178' title='bbox 704 2263 983 2338; x_wconf 76' lang='grc' dir='ltr'>μελλούσῃ</span> <span class='ocrx_word' id='word_1_179' title='bbox 1015 2265 1364 2336; x_wconf 81' lang='grc' dir='ltr'>παραστάσει</span> <span class='ocrx_word' id='word_1_180' title='bbox 1384 2263 1483 2319; x_wconf 89' lang='grc' dir='ltr'><strong>τοῦ</strong></span> <span class='ocrx_word' id='word_1_181' title='bbox 1516 2262 1759 2336; x_wconf 78' lang='grc' dir='ltr'>φοϐεροῦ</span> <span class='ocrx_word' id='word_1_182' title='bbox 1797 2262 1977 2337; x_wconf 87' lang='grc' dir='ltr'>βήμα-</span> 
     </span>
    </p>
   </div>
   <div class='ocr_carea' id='block_1_27' title="bbox 379 2353 1976 2429">
    <p class='ocr_par' dir='ltr' id='par_1_27' title="bbox 379 2353 1976 2429">
     <span class='ocr_line' id='line_1_27' title="bbox 379 2353 1976 2429; baseline 0.003 -22"><span class='ocrx_word' id='word_1_183' title='bbox 379 2370 471 2419; x_wconf 91' lang='grc' dir='ltr'><strong>τος</strong></span> <span class='ocrx_word' id='word_1_184' title='bbox 502 2353 598 2409; x_wconf 92' lang='grc' dir='ltr'><strong>τοῦ</strong></span> <span class='ocrx_word' id='word_1_185' title='bbox 626 2354 867 2425; x_wconf 85' lang='grc' dir='ltr'>Χριστοῦ</span> <span class='ocrx_word' id='word_1_186' title='bbox 902 2356 1256 2429; x_wconf 78' lang='grc' dir='ltr'>πρεσϐεύσας</span> <span class='ocrx_word' id='word_1_187' title='bbox 1290 2355 1560 2422; x_wconf 81' lang='grc' dir='ltr'>ἐξελεῖταί</span> <span class='ocrx_word' id='word_1_188' title='bbox 1610 2374 1677 2428; x_wconf 84' lang='grc' dir='ltr'><strong>με</strong></span> <span class='ocrx_word' id='word_1_189' title='bbox 1718 2355 1819 2427; x_wconf 83' lang='grc' dir='ltr'>τῆς</span> <span class='ocrx_word' id='word_1_190' title='bbox 1843 2357 1976 2411; x_wconf 76' lang='grc' dir='ltr'>αἰω-</span> 
     </span>
    </p>
   </div>
   <div class='ocr_carea' id='block_1_28' title="bbox 388 2447 1973 2519">
    <p class='ocr_par' dir='ltr' id='par_1_28' title="bbox 388 2447 1973 2519">
     <span class='ocr_line' id='line_1_28' title="bbox 388 2447 1973 2519; baseline 0.005 -20"><span class='ocrx_word' id='word_1_191' title='bbox 388 2447 503 2501; x_wconf 88' lang='grc' dir='ltr'>νίου</span> <span class='ocrx_word' id='word_1_192' title='bbox 536 2448 838 2511; x_wconf 84' lang='grc' dir='ltr'>κολάσεως.</span> <span class='ocrx_word' id='word_1_193' title='bbox 885 2449 949 2502; x_wconf 86' lang='grc' dir='ltr'>Οί</span> <span class='ocrx_word' id='word_1_194' title='bbox 978 2449 1034 2503; x_wconf 85' lang='grc' dir='ltr'>δὲ</span> <span class='ocrx_word' id='word_1_195' title='bbox 1073 2448 1252 2504; x_wconf 85' lang='grc' dir='ltr'>ταῦτα</span> <span class='ocrx_word' id='word_1_196' title='bbox 1295 2447 1661 2519; x_wconf 73' lang='grc' dir='ltr'>ἀκούσαντες,</span> <span class='ocrx_word' id='word_1_197' title='bbox 1722 2449 1973 2519; x_wconf 77' lang='grc' dir='ltr'>συνῆκαν</span> 
     </span>
    </p>
   </div>
   <div class='ocr_carea' id='block_1_29' title="bbox 382 2538 1973 2614">
    <p class='ocr_par' dir='ltr' id='par_1_29' title="bbox 382 2538 1973 2614">
     <span class='ocr_line' id='line_1_29' title="bbox 382 2538 1973 2614; baseline 0.001 -21"><span class='ocrx_word' id='word_1_198' title='bbox 382 2540 467 2593; x_wconf 82' lang='grc' dir='ltr'>ὅτι</span> <span class='ocrx_word' id='word_1_199' title='bbox 499 2541 628 2611; x_wconf 77' lang='grc' dir='ltr'>περὶ</span> <span class='ocrx_word' id='word_1_200' title='bbox 650 2541 748 2594; x_wconf 91' lang='grc' dir='ltr'><strong>τοῦ</strong></span> <span class='ocrx_word' id='word_1_201' title='bbox 782 2538 1087 2614; x_wconf 88' lang='grc' dir='ltr'>άγιοδώρου</span> <span class='ocrx_word' id='word_1_202' title='bbox 1144 2541 1275 2595; x_wconf 88' lang='grc' dir='ltr'>ναοῦ</span> <span class='ocrx_word' id='word_1_203' title='bbox 1309 2541 1457 2613; x_wconf 88' lang='grc' dir='ltr'>λέγει</span> <span class='ocrx_word' id='word_1_204' title='bbox 1502 2541 1599 2596; x_wconf 91' lang='grc' dir='ltr'><strong>τοῦ</strong></span> <span class='ocrx_word' id='word_1_205' title='bbox 1644 2541 1973 2606; x_wconf 77' lang='grc' dir='ltr'>πανενδόξου</span> 
     </span>
    </p>
   </div>
   <div class='ocr_carea' id='block_1_30' title="bbox 387 2630 1976 2707">
    <p class='ocr_par' dir='ltr' id='par_1_30' title="bbox 387 2630 1976 2707">
     <span class='ocr_line' id='line_1_30' title="bbox 387 2630 1976 2707; baseline 0.003 -21"><span class='ocrx_word' id='word_1_206' title='bbox 387 2630 669 2702; x_wconf 81' lang='grc' dir='ltr'>μάρτυρος</span> <span class='ocrx_word' id='word_1_207' title='bbox 724 2633 1074 2705; x_wconf 76' lang='grc' dir='ltr'><strong>Δημητρίου,</strong></span> <span class='ocrx_word' id='word_1_208' title='bbox 1133 2635 1232 2687; x_wconf 81' lang='grc' dir='ltr'>καὶ</span> <span class='ocrx_word' id='word_1_209' title='bbox 1288 2634 1389 2707; x_wconf 75' lang='grc' dir='ltr'><strong>τήν</strong></span> <span class='ocrx_word' id='word_1_210' title='bbox 1433 2636 1702 2707; x_wconf 86' lang='grc' dir='ltr'>ταχίστην</span> <span class='ocrx_word' id='word_1_211' title='bbox 1740 2634 1976 2705; x_wconf 79' lang='grc' dir='ltr'>ἄραντες</span> 
     </span>
    </p>
   </div>
   <div class='ocr_carea' id='block_1_31' title="bbox 384 2717 1979 2797">
    <p class='ocr_par' dir='ltr' id='par_1_31' title="bbox 384 2717 1979 2797">
     <span class='ocr_line' id='line_1_31' title="bbox 384 2717 1979 2797; baseline 0.003 -22"><span class='ocrx_word' id='word_1_212' title='bbox 384 2722 680 2797; x_wconf 78' lang='grc' dir='ltr'>ἀπήγαγον</span> <span class='ocrx_word' id='word_1_213' title='bbox 708 2723 875 2779; x_wconf 79' lang='grc' dir='ltr'>αὑτὸν</span> <span class='ocrx_word' id='word_1_214' title='bbox 911 2726 1116 2781; x_wconf 82' lang='grc' dir='ltr'>ἐκεῖσε.</span> <span class='ocrx_word' id='word_1_215' title='bbox 1162 2726 1302 2781; x_wconf 81' lang='grc' dir='ltr'>Ποία</span> <span class='ocrx_word' id='word_1_216' title='bbox 1350 2726 1535 2781; x_wconf 90' lang='grc' dir='ltr'>τοίνυν</span> <span class='ocrx_word' id='word_1_217' title='bbox 1559 2717 1979 2796; x_wconf 52' lang='grc' dir='ltr'>γλῶσσα,’φιλό-</span> 
     </span>
    </p>
   </div>
   <div class='ocr_carea' id='block_1_32' title="bbox 386 2814 1977 2890">
    <p class='ocr_par' dir='ltr' id='par_1_32' title="bbox 386 2814 1977 2890">
     <span class='ocr_line' id='line_1_32' title="bbox 386 2814 1977 2890; baseline 0.003 -23"><span class='ocrx_word' id='word_1_218' title='bbox 386 2814 884 2885; x_wconf 81' lang='grc' dir='ltr'>χριστοιάδελφοὶ,</span> <span class='ocrx_word' id='word_1_219' title='bbox 951 2817 1197 2888; x_wconf 81' lang='grc' dir='ltr'>ἐξισχύει</span> <span class='ocrx_word' id='word_1_220' title='bbox 1233 2816 1294 2872; x_wconf 84' lang='grc' dir='ltr'>τὸ</span> <span class='ocrx_word' id='word_1_221' title='bbox 1345 2817 1578 2890; x_wconf 79' lang='grc' dir='ltr'>μέγεθος</span> <span class='ocrx_word' id='word_1_222' title='bbox 1639 2819 1977 2890; x_wconf 80' lang='grc' dir='ltr'>διασαφῆσαι</span> 
     </span>
    </p>
   </div>
   <div class='ocr_carea' id='block_1_33' title="bbox 382 2905 1977 2984">
    <p class='ocr_par' dir='ltr' id='par_1_33' title="bbox 382 2905 1977 2984">
     <span class='ocr_line' id='line_1_33' title="bbox 382 2905 1977 2984; baseline 0.006 -25"><span class='ocrx_word' id='word_1_223' title='bbox 382 2905 478 2960; x_wconf 87' lang='grc' dir='ltr'><strong>τοῦ</strong></span> <span class='ocrx_word' id='word_1_224' title='bbox 529 2906 851 2977; x_wconf 77' lang='grc' dir='ltr'>θαύματοςς</span> <span class='ocrx_word' id='word_1_225' title='bbox 904 2910 1063 2973; x_wconf 77' lang='lat' dir='ltr'><strong>ﬂcio;</strong></span> <span class='ocrx_word' id='word_1_226' title='bbox 1110 2911 1167 2964; x_wconf 81' lang='grc' dir='ltr'>δὲ</span> <span class='ocrx_word' id='word_1_227' title='bbox 1198 2910 1325 2976; x_wconf 85' lang='grc' dir='ltr'>νοῦς</span> <span class='ocrx_word' id='word_1_228' title='bbox 1383 2910 1522 2975; x_wconf 84' lang='grc' dir='ltr'>ὅλως</span> <span class='ocrx_word' id='word_1_229' title='bbox 1565 2911 1977 2984; x_wconf 66' lang='grc' dir='ltr'>ωνεπαρθῆναι</span> 
     </span>
    </p>
   </div>
   <div class='ocr_carea' id='block_1_34' title="bbox 385 2997 1979 3073">
    <p class='ocr_par' dir='ltr' id='par_1_34' title="bbox 385 2997 1979 3073">
     <span class='ocr_line' id='line_1_34' title="bbox 385 2997 1979 3073; baseline 0.004 -23"><span class='ocrx_word' id='word_1_230' title='bbox 385 2998 491 3052; x_wconf 74' lang='grc' dir='ltr'><strong>κάν</strong></span> <span class='ocrx_word' id='word_1_231' title='bbox 529 3000 652 3061; x_wconf 86' lang='grc' dir='ltr'>ταῖς</span> <span class='ocrx_word' id='word_1_232' title='bbox 696 3000 931 3063; x_wconf 74' lang='grc' dir='ltr'>ἐννοίαις</span> <span class='ocrx_word' id='word_1_233' title='bbox 959 2999 1256 3071; x_wconf 65' lang='grc' dir='ltr'>δυνήσεται</span> <span class='ocrx_word' id='word_1_234' title='bbox 1290 3003 1359 3073; x_wconf 78' lang='grc' dir='ltr'>τῇ</span> <span class='ocrx_word' id='word_1_235' title='bbox 1394 2997 1841 3070; x_wconf 82' lang='grc' dir='ltr'>πολυσπλάγχνῳ</span> <span class='ocrx_word' id='word_1_236' title='bbox 1878 3015 1979 3070; x_wconf 79' lang='grc' dir='ltr'>με·</span> 
     </span>
    </p>
   </div>
   <div class='ocr_carea' id='block_1_35' title="bbox 2076 506 3659 586">
    <p class='ocr_par' dir='ltr' id='par_1_35' title="bbox 2076 506 3659 586">
     <span class='ocr_line' id='line_1_35' title="bbox 2076 506 3659 586; baseline 0.006 -18"><span class='ocrx_word' id='word_1_237' title='bbox 2076 514 2456 585; x_wconf 81' lang='lat' dir='ltr'><strong>inexspcctato</strong></span> <span class='ocrx_word' id='word_1_238' title='bbox 2489 513 2721 569; x_wconf 81' lang='lat' dir='ltr'><strong>sublatis</strong></span> <span class='ocrx_word' id='word_1_239' title='bbox 2753 514 3015 586; x_wconf 74' lang='lat' dir='ltr'><strong>paulatim</strong></span> <span class='ocrx_word' id='word_1_240' title='bbox 3070 516 3272 585; x_wconf 83' lang='lat' dir='ltr'><strong>oculis,</strong></span> <span class='ocrx_word' id='word_1_241' title='bbox 3326 520 3503 576; x_wconf 78' lang='lat' dir='ltr'><strong>servis</strong></span> <span class='ocrx_word' id='word_1_242' title='bbox 3534 506 3659 579; x_wconf 87' lang='lat' dir='ltr'><strong>suis</strong></span> 
     </span>
    </p>
   </div>
   <div class='ocr_carea' id='block_1_36' title="bbox 2075 604 3655 683">
    <p class='ocr_par' dir='ltr' id='par_1_36' title="bbox 2075 604 3655 683">
     <span class='ocr_line' id='line_1_36' title="bbox 2075 604 3655 683; baseline 0.008 -25"><span class='ocrx_word' id='word_1_243' title='bbox 2075 604 2249 661; x_wconf 79' lang='lat' dir='ltr'><strong>dixit:</strong></span> <span class='ocrx_word' id='word_1_244' title='bbox 2314 605 2395 661; x_wconf 80' lang='lat' dir='ltr'><strong>Ad</strong></span> <span class='ocrx_word' id='word_1_245' title='bbox 2453 606 2678 661; x_wconf 87' lang='lat' dir='ltr'><strong>domum</strong></span> <span class='ocrx_word' id='word_1_246' title='bbox 2752 609 2992 669; x_wconf 70' lang='lat' dir='ltr'><strong>civitatis</strong></span> <span class='ocrx_word' id='word_1_247' title='bbox 3042 622 3245 667; x_wconf 76' lang='lat' dir='ltr'><strong>nostrae</strong></span> <span class='ocrx_word' id='word_1_248' title='bbox 3321 616 3655 683; x_wconf 72' lang='lat' dir='ltr'><strong>protectoris</strong></span> 
     </span>
    </p>
   </div>
   <div class='ocr_carea' id='block_1_37' title="bbox 2074 698 3654 778">
    <p class='ocr_par' dir='ltr' id='par_1_37' title="bbox 2074 698 3654 778">
     <span class='ocr_line' id='line_1_37' title="bbox 2074 698 3654 778; baseline 0.009 -27"><span class='ocrx_word' id='word_1_249' title='bbox 2074 698 2351 759; x_wconf 86' lang='lat' dir='ltr'><strong>sublatum</strong></span> <span class='ocrx_word' id='word_1_250' title='bbox 2385 715 2472 756; x_wconf 89' lang='lat' dir='ltr'><strong>me</strong></span> <span class='ocrx_word' id='word_1_251' title='bbox 2503 700 2661 775; x_wconf 78' lang='lat' dir='ltr'><strong>terte.</strong></span> <span class='ocrx_word' id='word_1_252' title='bbox 2699 702 2781 756; x_wconf 83' lang='lat' dir='ltr'><strong>Illi</strong></span> <span class='ocrx_word' id='word_1_253' title='bbox 2812 711 2996 759; x_wconf 89' lang='lat' dir='ltr'><strong>autem</strong></span> <span class='ocrx_word' id='word_1_254' title='bbox 3027 719 3154 760; x_wconf 91' lang='lat' dir='ltr'><strong>cum</strong></span> <span class='ocrx_word' id='word_1_255' title='bbox 3187 705 3382 763; x_wconf 81' lang='lat' dir='ltr'><strong>timore</strong></span> <span class='ocrx_word' id='word_1_256' title='bbox 3424 723 3654 778; x_wconf 79' lang='lat' dir='ltr'><strong>rcSpon-</strong></span> 
     </span>
    </p>
   </div>
   <div class='ocr_carea' id='block_1_38' title="bbox 2073 790 3654 867">
    <p class='ocr_par' dir='ltr' id='par_1_38' title="bbox 2073 790 3654 867">
     <span class='ocr_line' id='line_1_38' title="bbox 2073 790 3654 867; baseline 0.007 -23"><span class='ocrx_word' id='word_1_257' title='bbox 2073 790 2273 845; x_wconf 88' lang='lat' dir='ltr'><strong>dentes</strong></span> <span class='ocrx_word' id='word_1_258' title='bbox 2323 791 2520 847; x_wconf 89' lang='lat' dir='ltr'><strong>dicunt</strong></span> <span class='ocrx_word' id='word_1_259' title='bbox 2571 796 2661 849; x_wconf 88' lang='lat' dir='ltr'><strong>ei:</strong></span> <span class='ocrx_word' id='word_1_260' title='bbox 2709 795 2790 851; x_wconf 84' lang='lat' dir='ltr'><strong>Ad</strong></span> <span class='ocrx_word' id='word_1_261' title='bbox 2844 796 3007 865; x_wconf 88' lang='lat' dir='ltr'><strong>cujus</strong></span> <span class='ocrx_word' id='word_1_262' title='bbox 3052 800 3383 867; x_wconf 76' lang='lat' dir='ltr'><strong>protectoris</strong></span> <span class='ocrx_word' id='word_1_263' title='bbox 3431 802 3654 855; x_wconf 84' lang='lat' dir='ltr'><strong>domum</strong></span> 
     </span>
    </p>
   </div>
   <div class='ocr_carea' id='block_1_39' title="bbox 2070 881 3651 957">
    <p class='ocr_par' dir='ltr' id='par_1_39' title="bbox 2070 881 3651 957">
     <span class='ocr_line' id='line_1_39' title="bbox 2070 881 3651 957; baseline 0.003 -21"><span class='ocrx_word' id='word_1_264' title='bbox 2070 881 2232 949; x_wconf 87' lang='lat' dir='ltr'><strong>jubes</strong></span> <span class='ocrx_word' id='word_1_265' title='bbox 2262 897 2364 938; x_wconf 90' lang='lat' dir='ltr'><strong>nos</strong></span> <span class='ocrx_word' id='word_1_266' title='bbox 2423 893 2473 939; x_wconf 86' lang='lat' dir='ltr'><strong>te</strong></span> <span class='ocrx_word' id='word_1_267' title='bbox 2507 883 2694 941; x_wconf 82' lang='lat' dir='ltr'><strong>ferre?</strong></span> <span class='ocrx_word' id='word_1_268' title='bbox 2725 887 2866 942; x_wconf 84' lang='lat' dir='ltr'><strong>Dicit</strong></span> <span class='ocrx_word' id='word_1_269' title='bbox 2918 888 3019 954; x_wconf 89' lang='lat' dir='ltr'><strong>eis,</strong></span> <span class='ocrx_word' id='word_1_270' title='bbox 3077 888 3247 944; x_wconf 85' lang='lat' dir='ltr'><strong>Primi</strong></span> <span class='ocrx_word' id='word_1_271' title='bbox 3280 907 3296 953; x_wconf 88' lang='lat'><strong>:</strong></span> <span class='ocrx_word' id='word_1_272' title='bbox 3350 891 3510 946; x_wconf 89' lang='lat' dir='ltr'><strong>aiunt</strong></span> <span class='ocrx_word' id='word_1_273' title='bbox 3551 892 3651 957; x_wconf 86' lang='lat' dir='ltr'><strong>illi,</strong></span> 
     </span>
    </p>
   </div>
   <div class='ocr_carea' id='block_1_40' title="bbox 2073 972 3658 1055">
    <p class='ocr_par' dir='ltr' id='par_1_40' title="bbox 2073 972 3658 1055">
     <span class='ocr_line' id='line_1_40' title="bbox 2073 972 3658 1055; baseline 0.007 -28"><span class='ocrx_word' id='word_1_274' title='bbox 2073 972 2373 1055; x_wconf 61' lang='lat' dir='ltr'><strong>Cujusnam</strong></span> <span class='ocrx_word' id='word_1_275' title='bbox 2435 975 2634 1045; x_wconf 86' lang='lat' dir='ltr'><strong>primi?</strong></span> <span class='ocrx_word' id='word_1_276' title='bbox 2692 978 2786 1032; x_wconf 89' lang='lat' dir='ltr'><strong>Dic</strong></span> <span class='ocrx_word' id='word_1_277' title='bbox 2830 980 2990 1035; x_wconf 88' lang='lat' dir='ltr'><strong>nobis</strong></span> <span class='ocrx_word' id='word_1_278' title='bbox 3059 995 3281 1046; x_wconf 86' lang='lat' dir='ltr'><strong>nomen,</strong></span> <span class='ocrx_word' id='word_1_279' title='bbox 3352 982 3503 1037; x_wconf 90' lang='lat' dir='ltr'><strong>bere.</strong></span> <span class='ocrx_word' id='word_1_280' title='bbox 3554 981 3658 1038; x_wconf 83' lang='lat' dir='ltr'><strong>llic</strong></span> 
     </span>
    </p>
   </div>
   <div class='ocr_carea' id='block_1_41' title="bbox 2073 1036 3669 1145">
    <p class='ocr_par' dir='ltr' id='par_1_41' title="bbox 2073 1036 3669 1145">
     <span class='ocr_line' id='line_1_41' title="bbox 2073 1036 3669 1145; baseline 0.005 -24"><span class='ocrx_word' id='word_1_281' title='bbox 2073 1036 2208 1122; x_wconf 50' lang='lat' dir='ltr'><strong>ve‘ro</strong></span> <span class='ocrx_word' id='word_1_282' title='bbox 2243 1036 2342 1122; x_wconf 60' lang='lat' dir='ltr'><strong>eos</strong></span> <span class='ocrx_word' id='word_1_283' title='bbox 2371 1067 2602 1125; x_wconf 87' lang='lat' dir='ltr'><strong>intuitus</strong></span> <span class='ocrx_word' id='word_1_284' title='bbox 2632 1069 2805 1124; x_wconf 83' lang='lat' dir='ltr'><strong>dicit:</strong></span> <span class='ocrx_word' id='word_1_285' title='bbox 2836 1069 2997 1126; x_wconf 84' lang='lat' dir='ltr'><strong>Esto:</strong></span> <span class='ocrx_word' id='word_1_286' title='bbox 3029 1087 3128 1145; x_wconf 80' lang='lat' dir='ltr'><strong>ego</strong></span> <span class='ocrx_word' id='word_1_287' title='bbox 3154 1074 3224 1128; x_wconf 90' lang='lat' dir='ltr'><strong>ob</strong></span> <span class='ocrx_word' id='word_1_288' title='bbox 3258 1074 3508 1129; x_wconf 82' lang='lat' dir='ltr'><strong>morbum</strong></span> <span class='ocrx_word' id='word_1_289' title='bbox 3547 1064 3669 1139; x_wconf 41' lang='lat' dir='ltr'><strong>mi-f</strong></span> 
     </span>
    </p>
   </div>
   <div class='ocr_carea' id='block_1_42' title="bbox 2074 1153 3670 1232">
    <p class='ocr_par' dir='ltr' id='par_1_42' title="bbox 2074 1153 3670 1232">
     <span class='ocr_line' id='line_1_42' title="bbox 2074 1153 3670 1232; baseline 0.005 -18"><span class='ocrx_word' id='word_1_290' title='bbox 2074 1175 2182 1215; x_wconf 91' lang='lat' dir='ltr'><strong>nus</strong></span> <span class='ocrx_word' id='word_1_291' title='bbox 2208 1161 2441 1231; x_wconf 77' lang='lat' dir='ltr'><strong>sapiam,</strong></span> <span class='ocrx_word' id='word_1_292' title='bbox 2480 1163 2758 1231; x_wconf 88' lang='lat' dir='ltr'><strong>quomodo</strong></span> <span class='ocrx_word' id='word_1_293' title='bbox 2786 1171 2842 1219; x_wconf 90' lang='lat' dir='ltr'><strong>et</strong></span> <span class='ocrx_word' id='word_1_294' title='bbox 2871 1179 2990 1232; x_wconf 86' lang='lat' dir='ltr'><strong>vos,</strong></span> <span class='ocrx_word' id='word_1_295' title='bbox 3036 1174 3187 1221; x_wconf 89' lang='lat' dir='ltr'><strong>recte</strong></span> <span class='ocrx_word' id='word_1_296' title='bbox 3216 1166 3481 1232; x_wconf 75' lang='lat' dir='ltr'><strong>Valentes,</strong></span> <span class='ocrx_word' id='word_1_297' title='bbox 3509 1153 3670 1231; x_wconf 39' lang='lat' dir='ltr'><strong>desi-i</strong></span> 
     </span>
    </p>
   </div>
   <div class='ocr_carea' id='block_1_43' title="bbox 2075 1252 3656 1328">
    <p class='ocr_par' dir='ltr' id='par_1_43' title="bbox 2075 1252 3656 1328">
     <span class='ocr_line' id='line_1_43' title="bbox 2075 1252 3656 1328; baseline 0.006 -22"><span class='ocrx_word' id='word_1_298' title='bbox 2075 1252 2254 1323; x_wconf 87' lang='lat' dir='ltr'><strong>pitis?</strong></span> <span class='ocrx_word' id='word_1_299' title='bbox 2288 1253 2618 1319; x_wconf 79' lang='lat' dir='ltr'><strong>Neseitisne,</strong></span> <span class='ocrx_word' id='word_1_300' title='bbox 2673 1255 2875 1311; x_wconf 90' lang='lat' dir='ltr'><strong>multos</strong></span> <span class='ocrx_word' id='word_1_301' title='bbox 2905 1256 3048 1326; x_wconf 90' lang='lat' dir='ltr'><strong>apud</strong></span> <span class='ocrx_word' id='word_1_302' title='bbox 3080 1256 3255 1312; x_wconf 78' lang='lat' dir='ltr'><strong>Deum</strong></span> <span class='ocrx_word' id='word_1_303' title='bbox 3310 1266 3656 1328; x_wconf 86' lang='lat' dir='ltr'><strong>protectores</strong></span> 
     </span>
    </p>
   </div>
   <div class='ocr_carea' id='block_1_44' title="bbox 2075 1342 3703 1416">
    <p class='ocr_par' dir='ltr' id='par_1_44' title="bbox 2075 1342 3703 1416">
     <span class='ocr_line' id='line_1_44' title="bbox 2075 1342 3703 1416; baseline 0.006 -20"><span class='ocrx_word' id='word_1_304' title='bbox 2075 1342 2358 1399; x_wconf 74' lang='lat' dir='ltr'><strong>civitatem</strong></span> <span class='ocrx_word' id='word_1_305' title='bbox 2394 1343 2623 1413; x_wconf 86' lang='lat' dir='ltr'><strong>habere,</strong></span> <span class='ocrx_word' id='word_1_306' title='bbox 2660 1362 2829 1401; x_wconf 90' lang='lat' dir='ltr'><strong>unum</strong></span> <span class='ocrx_word' id='word_1_307' title='bbox 2863 1358 3044 1403; x_wconf 90' lang='lat' dir='ltr'><strong>autem</strong></span> <span class='ocrx_word' id='word_1_308' title='bbox 3075 1364 3171 1416; x_wconf 89' lang='lat' dir='ltr'><strong>per</strong></span> <span class='ocrx_word' id='word_1_309' title='bbox 3198 1349 3479 1405; x_wconf 85' lang='lat' dir='ltr'><strong>Christum</strong></span> <span class='ocrx_word' id='word_1_310' title='bbox 3509 1350 3658 1406; x_wconf 88' lang='lat' dir='ltr'><strong>obti-</strong></span> <span class='ocrx_word' id='word_1_311' title='bbox 3698 1390 3703 1399; x_wconf 84' lang='lat'><em>.</em></span> 
     </span>
    </p>
   </div>
   <div class='ocr_carea' id='block_1_45' title="bbox 2078 1435 3659 1514">
    <p class='ocr_par' dir='ltr' id='par_1_45' title="bbox 2078 1435 3659 1514">
     <span class='ocr_line' id='line_1_45' title="bbox 2078 1435 3659 1514; baseline 0.005 -24"><span class='ocrx_word' id='word_1_312' title='bbox 2078 1435 2266 1493; x_wconf 83' lang='lat' dir='ltr'><strong>nuisse</strong></span> <span class='ocrx_word' id='word_1_313' title='bbox 2314 1451 2507 1495; x_wconf 87' lang='lat' dir='ltr'><strong>eorum</strong></span> <span class='ocrx_word' id='word_1_314' title='bbox 2563 1439 2803 1509; x_wconf 87' lang='lat' dir='ltr'><strong>primum</strong></span> <span class='ocrx_word' id='word_1_315' title='bbox 2838 1441 2940 1511; x_wconf 90' lang='lat'><strong>(8),</strong></span> <span class='ocrx_word' id='word_1_316' title='bbox 2987 1442 3080 1512; x_wconf 91' lang='lat' dir='ltr'><strong>qui</strong></span> <span class='ocrx_word' id='word_1_317' title='bbox 3136 1443 3383 1499; x_wconf 87' lang='lat' dir='ltr'><strong>animose</strong></span> <span class='ocrx_word' id='word_1_318' title='bbox 3442 1458 3659 1514; x_wconf 88' lang='lat' dir='ltr'><strong>semper</strong></span> 
     </span>
    </p>
   </div>
   <div class='ocr_carea' id='block_1_46' title="bbox 2077 1527 3655 1604">
    <p class='ocr_par' dir='ltr' id='par_1_46' title="bbox 2077 1527 3655 1604">
     <span class='ocr_line' id='line_1_46' title="bbox 2077 1527 3655 1604; baseline 0.004 -23"><span class='ocrx_word' id='word_1_319' title='bbox 2077 1536 2242 1598; x_wconf 88' lang='lat' dir='ltr'><strong>atque</strong></span> <span class='ocrx_word' id='word_1_320' title='bbox 2299 1527 2561 1587; x_wconf 76' lang='lat' dir='ltr'><strong>alacriter</strong></span> <span class='ocrx_word' id='word_1_321' title='bbox 2614 1544 2714 1600; x_wconf 86' lang='lat' dir='ltr'><strong>pro</strong></span> <span class='ocrx_word' id='word_1_322' title='bbox 2758 1545 2821 1587; x_wconf 84' lang='lat' dir='ltr'><strong>ea</strong></span> <span class='ocrx_word' id='word_1_323' title='bbox 2848 1541 3094 1602; x_wconf 82' lang='lat' dir='ltr'><strong>pugnat;</strong></span> <span class='ocrx_word' id='word_1_324' title='bbox 3143 1549 3308 1604; x_wconf 88' lang='lat' dir='ltr'><strong>quem</strong></span> <span class='ocrx_word' id='word_1_325' title='bbox 3343 1541 3404 1589; x_wconf 92' lang='lat' dir='ltr'><strong>ut</strong></span> <span class='ocrx_word' id='word_1_326' title='bbox 3436 1548 3655 1595; x_wconf 83' lang='lat' dir='ltr'><strong>murum</strong></span> 
     </span>
    </p>
   </div>
   <div class='ocr_carea' id='block_1_47' title="bbox 2077 1619 3657 1692">
    <p class='ocr_par' dir='ltr' id='par_1_47' title="bbox 2077 1619 3657 1692">
     <span class='ocr_line' id='line_1_47' title="bbox 2077 1619 3657 1692; baseline 0.006 -18"><span class='ocrx_word' id='word_1_327' title='bbox 2077 1619 2559 1692; x_wconf 80' lang='lat' dir='ltr'><strong>inexpugnabilem</strong></span> <span class='ocrx_word' id='word_1_328' title='bbox 2604 1637 2714 1677; x_wconf 89' lang='lat' dir='ltr'><strong>non</strong></span> <span class='ocrx_word' id='word_1_329' title='bbox 2768 1624 2943 1689; x_wconf 81' lang='lat' dir='ltr'><strong>solum</strong></span> <span class='ocrx_word' id='word_1_330' title='bbox 2995 1624 3212 1690; x_wconf 85' lang='lat' dir='ltr'><strong>civitas,</strong></span> <span class='ocrx_word' id='word_1_331' title='bbox 3254 1626 3353 1683; x_wconf 88' lang='lat' dir='ltr'><strong>sed</strong></span> <span class='ocrx_word' id='word_1_332' title='bbox 3376 1635 3432 1683; x_wconf 91' lang='lat' dir='ltr'><strong>et</strong></span> <span class='ocrx_word' id='word_1_333' title='bbox 3474 1627 3657 1683; x_wconf 84' lang='lat' dir='ltr'><strong>omnis</strong></span> 
     </span>
    </p>
   </div>
   <div class='ocr_carea' id='block_1_48' title="bbox 2081 1713 2605 1786">
    <p class='ocr_par' dir='ltr' id='par_1_48' title="bbox 2081 1713 2605 1786">
     <span class='ocr_line' id='line_1_48' title="bbox 2081 1713 2605 1786; baseline -0.006 -13"><span class='ocrx_word' id='word_1_334' title='bbox 2081 1713 2234 1786; x_wconf 76' lang='lat' dir='ltr'><strong>regio</strong></span> <span class='ocrx_word' id='word_1_335' title='bbox 2260 1716 2457 1773; x_wconf 73' lang='lat' dir='ltr'><strong>sortita</strong></span> <span class='ocrx_word' id='word_1_336' title='bbox 2484 1715 2605 1773; x_wconf 87' lang='lat' dir='ltr'><strong>est?</strong></span> 
     </span>
    </p>
   </div>
   <div class='ocr_carea' id='block_1_49' title="bbox 2145 1981 3658 2058">
    <p class='ocr_par' dir='ltr' id='par_1_49' title="bbox 2145 1981 3658 2058">
     <span class='ocr_line' id='line_1_49' title="bbox 2145 1981 3658 2058; baseline 0.009 -22"><span class='ocrx_word' id='word_1_337' title='bbox 2145 1982 2236 2039; x_wconf 72' lang='grc'><strong>25.</strong></span> <span class='ocrx_word' id='word_1_338' title='bbox 2270 1981 2355 2040; x_wconf 76' lang='lat' dir='ltr'><strong>Me</strong></span> <span class='ocrx_word' id='word_1_339' title='bbox 2378 1982 2543 2057; x_wconf 91' lang='lat' dir='ltr'><strong>igitur</strong></span> <span class='ocrx_word' id='word_1_340' title='bbox 2573 1983 2641 2044; x_wconf 86' lang='lat' dir='ltr'><strong>ad</strong></span> <span class='ocrx_word' id='word_1_341' title='bbox 2670 1985 2898 2042; x_wconf 91' lang='lat' dir='ltr'><strong>domum</strong></span> <span class='ocrx_word' id='word_1_342' title='bbox 2947 1985 3073 2058; x_wconf 69' lang='lat' dir='ltr'><strong>eius</strong></span> <span class='ocrx_word' id='word_1_343' title='bbox 3096 1987 3333 2047; x_wconf 87' lang='lat' dir='ltr'><strong>delerte.</strong></span> <span class='ocrx_word' id='word_1_344' title='bbox 3372 1987 3471 2046; x_wconf 75' lang='lat' dir='ltr'><strong>Vel</strong></span> <span class='ocrx_word' id='word_1_345' title='bbox 3509 1990 3658 2049; x_wconf 75' lang='lat' dir='ltr'><strong>enim</strong></span> 
     </span>
    </p>
   </div>
   <div class='ocr_carea' id='block_1_50' title="bbox 2076 2072 3659 2144">
    <p class='ocr_par' dir='ltr' id='par_1_50' title="bbox 2076 2072 3659 2144">
     <span class='ocr_line' id='line_1_50' title="bbox 2076 2072 3659 2144; baseline 0.008 -16"><span class='ocrx_word' id='word_1_346' title='bbox 2076 2072 2312 2129; x_wconf 88' lang='lat' dir='ltr'><strong>visitans</strong></span> <span class='ocrx_word' id='word_1_347' title='bbox 2357 2074 2714 2133; x_wconf 80' lang='lat' dir='ltr'><strong>miserebitur</strong></span> <span class='ocrx_word' id='word_1_348' title='bbox 2760 2077 2891 2144; x_wconf 91' lang='lat' dir='ltr'><strong>mei,</strong></span> <span class='ocrx_word' id='word_1_349' title='bbox 2946 2078 3035 2135; x_wconf 82' lang='lat' dir='ltr'><strong>vel</strong></span> <span class='ocrx_word' id='word_1_350' title='bbox 3088 2089 3243 2137; x_wconf 75' lang='lat' dir='ltr'><strong>certe</strong></span> <span class='ocrx_word' id='word_1_351' title='bbox 3290 2080 3417 2138; x_wconf 84' lang='lat' dir='ltr'><strong>eum</strong></span> <span class='ocrx_word' id='word_1_352' title='bbox 3452 2082 3659 2140; x_wconf 87' lang='lat' dir='ltr'><strong>ibidem</strong></span> 
     </span>
    </p>
   </div>
   <div class='ocr_carea' id='block_1_51' title="bbox 2075 2166 3661 2244">
    <p class='ocr_par' dir='ltr' id='par_1_51' title="bbox 2075 2166 3661 2244">
     <span class='ocr_line' id='line_1_51' title="bbox 2075 2166 3661 2244; baseline 0.006 -19"><span class='ocrx_word' id='word_1_353' title='bbox 2075 2166 2287 2234; x_wconf 85' lang='lat' dir='ltr'><strong>obiere,</strong></span> <span class='ocrx_word' id='word_1_354' title='bbox 2316 2167 2558 2222; x_wconf 90' lang='lat' dir='ltr'><strong>animam</strong></span> <span class='ocrx_word' id='word_1_355' title='bbox 2588 2183 2773 2227; x_wconf 90' lang='lat' dir='ltr'><strong>meam</strong></span> <span class='ocrx_word' id='word_1_356' title='bbox 2810 2170 3082 2244; x_wconf 81' lang='lat' dir='ltr'><strong>suscipiet</strong></span> <span class='ocrx_word' id='word_1_357' title='bbox 3127 2182 3186 2230; x_wconf 88' lang='lat' dir='ltr'><strong>et</strong></span> <span class='ocrx_word' id='word_1_358' title='bbox 3214 2173 3272 2231; x_wconf 93' lang='lat' dir='ltr'><strong>in</strong></span> <span class='ocrx_word' id='word_1_359' title='bbox 3315 2175 3502 2233; x_wconf 79' lang='lat' dir='ltr'><strong>futura</strong></span> <span class='ocrx_word' id='word_1_360' title='bbox 3530 2176 3661 2234; x_wconf 84' lang='lat' dir='ltr'><strong>hor-</strong></span> 
     </span>
    </p>
   </div>
   <div class='ocr_carea' id='block_1_52' title="bbox 2077 2256 3660 2334">
    <p class='ocr_par' dir='ltr' id='par_1_52' title="bbox 2077 2256 3660 2334">
     <span class='ocr_line' id='line_1_52' title="bbox 2077 2256 3660 2334; baseline 0.011 -24"><span class='ocrx_word' id='word_1_361' title='bbox 2077 2256 2233 2312; x_wconf 88' lang='lat' dir='ltr'><strong>rendi</strong></span> <span class='ocrx_word' id='word_1_362' title='bbox 2305 2257 2595 2315; x_wconf 87' lang='lat' dir='ltr'><strong>tribunalis</strong></span> <span class='ocrx_word' id='word_1_363' title='bbox 2654 2259 2863 2333; x_wconf 81' lang='lat' dir='ltr'><strong>Christi</strong></span> <span class='ocrx_word' id='word_1_364' title='bbox 2926 2264 3227 2333; x_wconf 64' lang='lat' dir='ltr'><strong>praesentia</strong></span> <span class='ocrx_word' id='word_1_365' title='bbox 3305 2266 3660 2334; x_wconf 84' lang='lat' dir='ltr'><strong>intercedens</strong></span> 
     </span>
    </p>
   </div>
   <div class='ocr_carea' id='block_1_53' title="bbox 2076 2352 3657 2431">
    <p class='ocr_par' dir='ltr' id='par_1_53' title="bbox 2076 2352 3657 2431">
     <span class='ocr_line' id='line_1_53' title="bbox 2076 2352 3657 2431; baseline 0.009 -26"><span class='ocrx_word' id='word_1_366' title='bbox 2076 2360 2283 2405; x_wconf 87' lang='lat' dir='ltr'><strong>aeterno</strong></span> <span class='ocrx_word' id='word_1_367' title='bbox 2336 2366 2425 2407; x_wconf 90' lang='lat' dir='ltr'><strong>me</strong></span> <span class='ocrx_word' id='word_1_368' title='bbox 2469 2352 2673 2423; x_wconf 86' lang='lat' dir='ltr'><strong>eripiet</strong></span> <span class='ocrx_word' id='word_1_369' title='bbox 2713 2354 3009 2426; x_wconf 88' lang='lat' dir='ltr'><strong>supplicio.</strong></span> <span class='ocrx_word' id='word_1_370' title='bbox 3071 2355 3175 2424; x_wconf 84' lang='lat' dir='ltr'><strong>Illi,</strong></span> <span class='ocrx_word' id='word_1_371' title='bbox 3231 2357 3384 2416; x_wconf 88' lang='lat' dir='ltr'><strong>hisce</strong></span> <span class='ocrx_word' id='word_1_372' title='bbox 3428 2362 3657 2431; x_wconf 88' lang='lat' dir='ltr'><strong>auditis,</strong></span> 
     </span>
    </p>
   </div>
   <div class='ocr_carea' id='block_1_54' title="bbox 2077 2442 3661 2523">
    <p class='ocr_par' dir='ltr' id='par_1_54' title="bbox 2077 2442 3661 2523">
     <span class='ocr_line' id='line_1_54' title="bbox 2077 2442 3661 2523; baseline 0.008 -26"><span class='ocrx_word' id='word_1_373' title='bbox 2077 2442 2157 2497; x_wconf 69' lang='lat' dir='ltr'><strong>de.</strong></span> <span class='ocrx_word' id='word_1_374' title='bbox 2203 2442 2589 2514; x_wconf 84' lang='lat' dir='ltr'><strong>gloriosissimi</strong></span> <span class='ocrx_word' id='word_1_375' title='bbox 2661 2446 2919 2518; x_wconf 88' lang='lat' dir='ltr'><strong>martyris</strong></span> <span class='ocrx_word' id='word_1_376' title='bbox 2985 2446 3251 2505; x_wconf 85' lang='lat' dir='ltr'><strong>Demetrii</strong></span> <span class='ocrx_word' id='word_1_377' title='bbox 3307 2453 3534 2523; x_wconf 87' lang='lat' dir='ltr'><strong>templo,</strong></span> <span class='ocrx_word' id='word_1_378' title='bbox 3600 2453 3661 2511; x_wconf 81' lang='lat' dir='ltr'><strong>in</strong></span> 
     </span>
    </p>
   </div>
   <div class='ocr_carea' id='block_1_55' title="bbox 2076 2535 3662 2614">
    <p class='ocr_par' dir='ltr' id='par_1_55' title="bbox 2076 2535 3662 2614">
     <span class='ocr_line' id='line_1_55' title="bbox 2076 2535 3662 2614; baseline 0.008 -26"><span class='ocrx_word' id='word_1_379' title='bbox 2076 2549 2187 2606; x_wconf 87' lang='lat' dir='ltr'><strong>quo</strong></span> <span class='ocrx_word' id='word_1_380' title='bbox 2239 2535 2383 2590; x_wconf 89' lang='lat' dir='ltr'><strong>dona</strong></span> <span class='ocrx_word' id='word_1_381' title='bbox 2434 2551 2465 2590; x_wconf 90' lang='lat' dir='ltr'><strong>a</strong></span> <span class='ocrx_word' id='word_1_382' title='bbox 2495 2545 2694 2594; x_wconf 87' lang='lat' dir='ltr'><strong>sancto</strong></span> <span class='ocrx_word' id='word_1_383' title='bbox 2733 2538 2987 2594; x_wconf 83' lang='lat' dir='ltr'><strong>solebant</strong></span> <span class='ocrx_word' id='word_1_384' title='bbox 3021 2541 3286 2610; x_wconf 80' lang='lat' dir='ltr'><strong>conferri,</strong></span> <span class='ocrx_word' id='word_1_385' title='bbox 3329 2543 3479 2614; x_wconf 86' lang='lat' dir='ltr'><strong>loqui</strong></span> <span class='ocrx_word' id='word_1_386' title='bbox 3532 2559 3662 2602; x_wconf 82' lang='lat' dir='ltr'><strong>eum</strong></span> 
     </span>
    </p>
   </div>
   <div class='ocr_carea' id='block_1_56' title="bbox 2078 2625 3661 2703">
    <p class='ocr_par' dir='ltr' id='par_1_56' title="bbox 2078 2625 3661 2703">
     <span class='ocr_line' id='line_1_56' title="bbox 2078 2625 3661 2703; baseline 0.009 -23"><span class='ocrx_word' id='word_1_387' title='bbox 2078 2625 2494 2697; x_wconf 84' lang='lat' dir='ltr'><strong>intellexerunt,</strong></span> <span class='ocrx_word' id='word_1_388' title='bbox 2551 2629 2951 2703; x_wconf 88' lang='lat' dir='ltr'><strong>celerrimeque</strong></span> <span class='ocrx_word' id='word_1_389' title='bbox 3003 2633 3281 2691; x_wconf 87' lang='lat' dir='ltr'><strong>sublatum</strong></span> <span class='ocrx_word' id='word_1_390' title='bbox 3337 2650 3411 2692; x_wconf 85' lang='lat' dir='ltr'><strong>eo</strong></span> <span class='ocrx_word' id='word_1_391' title='bbox 3444 2636 3661 2694; x_wconf 80' lang='lat' dir='ltr'><strong>detule-</strong></span> 
     </span>
    </p>
   </div>
   <div class='ocr_carea' id='block_1_57' title="bbox 2080 2719 3661 2798">
    <p class='ocr_par' dir='ltr' id='par_1_57' title="bbox 2080 2719 3661 2798">
     <span class='ocr_line' id='line_1_57' title="bbox 2080 2719 3661 2798; baseline 0.009 -27"><span class='ocrx_word' id='word_1_392' title='bbox 2080 2727 2231 2773; x_wconf 88' lang='lat' dir='ltr'><strong>runt.</strong></span> <span class='ocrx_word' id='word_1_393' title='bbox 2262 2719 2453 2786; x_wconf 82' lang='lat' dir='ltr'><strong>Qualis</strong></span> <span class='ocrx_word' id='word_1_394' title='bbox 2486 2721 2652 2777; x_wconf 89' lang='lat' dir='ltr'><strong>modo</strong></span> <span class='ocrx_word' id='word_1_395' title='bbox 2668 2720 2879 2794; x_wconf 77' lang='lat' dir='ltr'><strong>lingua,</strong></span> <span class='ocrx_word' id='word_1_396' title='bbox 2915 2722 3122 2781; x_wconf 86' lang='lat' dir='ltr'><strong>Christi</strong></span> <span class='ocrx_word' id='word_1_397' title='bbox 3147 2735 3401 2782; x_wconf 87' lang='lat' dir='ltr'><strong>amantes</strong></span> <span class='ocrx_word' id='word_1_398' title='bbox 3433 2727 3661 2798; x_wconf 67' lang='lat' dir='ltr'><strong>intres,</strong></span> 
     </span>
    </p>
   </div>
   <div class='ocr_carea' id='block_1_58' title="bbox 2081 2811 3661 2888">
    <p class='ocr_par' dir='ltr' id='par_1_58' title="bbox 2081 2811 3661 2888">
     <span class='ocr_line' id='line_1_58' title="bbox 2081 2811 3661 2888; baseline 0.008 -23"><span class='ocrx_word' id='word_1_399' title='bbox 2081 2811 2337 2868; x_wconf 85' lang='lat' dir='ltr'><strong>miraculi</strong></span> <span class='ocrx_word' id='word_1_400' title='bbox 2388 2813 2825 2884; x_wconf 83' lang='lat' dir='ltr'><strong>magnitudinem</strong></span> <span class='ocrx_word' id='word_1_401' title='bbox 2881 2817 3171 2887; x_wconf 81' lang='lat' dir='ltr'><strong>explicare</strong></span> <span class='ocrx_word' id='word_1_402' title='bbox 3227 2818 3476 2888; x_wconf 78' lang='lat' dir='ltr'><strong>poterit?</strong></span> <span class='ocrx_word' id='word_1_403' title='bbox 3526 2820 3661 2887; x_wconf 75' lang='lat' dir='ltr'><strong>Quae</strong></span> 
     </span>
    </p>
   </div>
   <div class='ocr_carea' id='block_1_59' title="bbox 2080 2906 3667 2978">
    <p class='ocr_par' dir='ltr' id='par_1_59' title="bbox 2080 2906 3667 2978">
     <span class='ocr_line' id='line_1_59' title="bbox 2080 2906 3667 2978; baseline 0.008 -20"><span class='ocrx_word' id='word_1_404' title='bbox 2080 2919 2213 2961; x_wconf 87' lang='lat' dir='ltr'><strong>vero</strong></span> <span class='ocrx_word' id='word_1_405' title='bbox 2236 2919 2416 2972; x_wconf 88' lang='lat' dir='ltr'><strong>mens,</strong></span> <span class='ocrx_word' id='word_1_406' title='bbox 2470 2906 2557 2962; x_wconf 93' lang='lat' dir='ltr'><strong>vel</strong></span> <span class='ocrx_word' id='word_1_407' title='bbox 2596 2907 2892 2978; x_wconf 76' lang='lat' dir='ltr'><strong>cogitando</strong></span> <span class='ocrx_word' id='word_1_408' title='bbox 2923 2908 3112 2977; x_wconf 88' lang='lat' dir='ltr'><strong>etiam,</strong></span> <span class='ocrx_word' id='word_1_409' title='bbox 3142 2909 3376 2966; x_wconf 88' lang='lat' dir='ltr'><strong>multum</strong></span> <span class='ocrx_word' id='word_1_410' title='bbox 3441 2910 3667 2969; x_wconf 75' lang='lat' dir='ltr'><strong>miscri-</strong></span> 
     </span>
    </p>
   </div>
   <div class='ocr_carea' id='block_1_60' title="bbox 2081 2998 3663 3077">
    <p class='ocr_par' dir='ltr' id='par_1_60' title="bbox 2081 2998 3663 3077">
     <span class='ocr_line' id='line_1_60' title="bbox 2081 2998 3663 3077; baseline 0.006 -23"><span class='ocrx_word' id='word_1_411' title='bbox 2081 2998 2306 3055; x_wconf 86' lang='lat' dir='ltr'><strong>cordem</strong></span> <span class='ocrx_word' id='word_1_412' title='bbox 2342 2998 2605 3071; x_wconf 78' lang='lat' dir='ltr'><strong>martyris</strong></span> <span class='ocrx_word' id='word_1_413' title='bbox 2630 2999 2893 3059; x_wconf 79' lang='lat' dir='ltr'><strong>virtutem</strong></span> <span class='ocrx_word' id='word_1_414' title='bbox 2924 3002 3109 3074; x_wconf 89' lang='lat' dir='ltr'><strong>dignis</strong></span> <span class='ocrx_word' id='word_1_415' title='bbox 3155 3002 3417 3061; x_wconf 84' lang='lat' dir='ltr'><strong>laudibus</strong></span> <span class='ocrx_word' id='word_1_416' title='bbox 3457 3006 3663 3077; x_wconf 82' lang='lat' dir='ltr'><strong>poterit</strong></span> 
     </span>
    </p>
   </div>
   <div class='ocr_carea' id='block_1_61' title="bbox 384 3090 1978 3171">
    <p class='ocr_par' dir='ltr' id='par_1_61' title="bbox 384 3090 1978 3171">
     <span class='ocr_line' id='line_1_61' title="bbox 384 3090 1978 3171; baseline 0.004 -28"><span class='ocrx_word' id='word_1_417' title='bbox 384 3090 659 3161; x_wconf 81' lang='grc' dir='ltr'>γαλοφυῖα</span> <span class='ocrx_word' id='word_1_418' title='bbox 707 3090 802 3143; x_wconf 90' lang='grc' dir='ltr'><strong>τοῦ</strong></span> <span class='ocrx_word' id='word_1_419' title='bbox 864 3092 1191 3163; x_wconf 86' lang='grc' dir='ltr'>μάρτυρος;</span> <span class='ocrx_word' id='word_1_420' title='bbox 1243 3092 1341 3146; x_wconf 69' lang='lat' dir='ltr'><strong>“Ov</strong></span> <span class='ocrx_word' id='word_1_421' title='bbox 1371 3092 1483 3161; x_wconf 84' lang='grc' dir='ltr'><strong>γάρ</strong></span> <span class='ocrx_word' id='word_1_422' title='bbox 1527 3092 1589 3146; x_wconf 87' lang='grc' dir='ltr'><strong>ού</strong></span> <span class='ocrx_word' id='word_1_423' title='bbox 1623 3090 1891 3171; x_wconf 84' lang='grc' dir='ltr'>πλοῦτος,</span> <span class='ocrx_word' id='word_1_424' title='bbox 1914 3090 1978 3149; x_wconf 75' lang='grc' dir='ltr'>οὐ</span> 
     </span>
    </p>
   </div>
   <div class='ocr_carea' id='block_1_62' title="bbox 2080 3090 3663 3171">
    <p class='ocr_par' dir='ltr' id='par_1_62' title="bbox 2084 3092 3663 3171">
     <span class='ocr_line' id='line_1_62' title="bbox 2084 3092 3663 3171; baseline 0.008 -24"><span class='ocrx_word' id='word_1_425' title='bbox 2084 3092 2331 3149; x_wconf 75' lang='lat' dir='ltr'><strong>eti‘erre?</strong></span> <span class='ocrx_word' id='word_1_426' title='bbox 2362 3093 2537 3161; x_wconf 89' lang='lat' dir='ltr'><strong>Quem</strong></span> <span class='ocrx_word' id='word_1_427' title='bbox 2571 3095 2720 3150; x_wconf 90' lang='lat' dir='ltr'><strong>enim</strong></span> <span class='ocrx_word' id='word_1_428' title='bbox 2743 3110 2856 3152; x_wconf 91' lang='lat' dir='ltr'><strong>non</strong></span> <span class='ocrx_word' id='word_1_429' title='bbox 2901 3097 3131 3164; x_wconf 60' lang='lat' dir='ltr'><strong>divitia,</strong></span> <span class='ocrx_word' id='word_1_430' title='bbox 3162 3114 3276 3156; x_wconf 90' lang='lat' dir='ltr'><strong>non</strong></span> <span class='ocrx_word' id='word_1_431' title='bbox 3308 3115 3507 3171; x_wconf 88' lang='lat' dir='ltr'><strong>genus,</strong></span> <span class='ocrx_word' id='word_1_432' title='bbox 3547 3115 3663 3159; x_wconf 74' lang='lat' dir='ltr'><strong>non</strong></span> 
     </span>
    </p>
   </div>
   <div class='ocr_carea' id='block_1_63' title="bbox 384 3167 1978 3263">
    <p class='ocr_par' dir='ltr' id='par_1_63' title="bbox 384 3170 1977 3259">
     <span class='ocr_line' id='line_1_63' title="bbox 384 3170 1977 3259; baseline 0.003 -24"><span class='ocrx_word' id='word_1_433' title='bbox 384 3183 563 3250; x_wconf 85' lang='grc' dir='ltr'>γένος,</span> <span class='ocrx_word' id='word_1_434' title='bbox 616 3184 679 3238; x_wconf 84' lang='grc' dir='ltr'>οὐ</span> <span class='ocrx_word' id='word_1_435' title='bbox 725 3183 1126 3255; x_wconf 82' lang='grc' dir='ltr'>βοηθημάτων,</span> <span class='ocrx_word' id='word_1_436' title='bbox 1186 3185 1289 3239; x_wconf 87' lang='grc' dir='ltr'>οὐκ</span> <span class='ocrx_word' id='word_1_437' title='bbox 1344 3186 1602 3259; x_wconf 74' lang='grc' dir='ltr'>ἰατρικῆς</span> <span class='ocrx_word' id='word_1_438' title='bbox 1658 3170 1977 3258; x_wconf 70' lang='grc' dir='ltr'>ἐπιστήμης</span> 
     </span>
    </p>
   </div>
   <div class='ocr_carea' id='block_1_64' title="bbox 2080 3167 3664 3263">
    <p class='ocr_par' dir='ltr' id='par_1_64' title="bbox 2085 3167 3664 3263">
     <span class='ocr_line' id='line_1_64' title="bbox 2085 3167 3664 3263; baseline 0.007 -23"><span class='ocrx_word' id='word_1_439' title='bbox 2085 3184 2572 3253; x_wconf 86' lang='lat' dir='ltr'><strong>medicamentum,</strong></span> <span class='ocrx_word' id='word_1_440' title='bbox 2596 3201 2710 3243; x_wconf 91' lang='lat' dir='ltr'><strong>non</strong></span> <span class='ocrx_word' id='word_1_441' title='bbox 2737 3188 2871 3244; x_wconf 88' lang='lat' dir='ltr'><strong>artis</strong></span> <span class='ocrx_word' id='word_1_442' title='bbox 2927 3190 3177 3259; x_wconf 62' lang='lat' dir='ltr'><strong>medicae,</strong></span> <span class='ocrx_word' id='word_1_443' title='bbox 3211 3167 3335 3263; x_wconf 58' lang='lat' dir='ltr'><strong>quae</strong></span> <span class='ocrx_word' id='word_1_444' title='bbox 3368 3167 3664 3251; x_wconf 82' lang='lat' dir='ltr'><strong>sanitatem</strong></span> 
     </span>
    </p>
   </div>
   <div class='ocr_carea' id='block_1_65' title="bbox 389 3275 1973 3351">
    <p class='ocr_par' dir='ltr' id='par_1_65' title="bbox 389 3275 1973 3351">
     <span class='ocr_line' id='line_1_65' title="bbox 389 3275 1973 3351; baseline 0.001 -23"><span class='ocrx_word' id='word_1_445' title='bbox 389 3275 752 3347; x_wconf 82' lang='grc' dir='ltr'>ίαρατοφόροι</span> <span class='ocrx_word' id='word_1_446' title='bbox 786 3276 1049 3349; x_wconf 79' lang='grc' dir='ltr'>ἐπίνοιαι,</span> <span class='ocrx_word' id='word_1_447' title='bbox 1071 3279 1193 3351; x_wconf 74' lang='grc' dir='ltr'>ούχὶ</span> <span class='ocrx_word' id='word_1_448' title='bbox 1229 3277 1339 3331; x_wconf 84' lang='grc' dir='ltr'><strong>τῶν</strong></span> <span class='ocrx_word' id='word_1_449' title='bbox 1361 3278 1676 3349; x_wconf 83' lang='grc' dir='ltr'>λεγομένων</span> <span class='ocrx_word' id='word_1_450' title='bbox 1716 3293 1973 3349; x_wconf 83' lang='grc' dir='ltr'>περιαμ-</span> 
     </span>
    </p>
   </div>
   <div class='ocr_carea' id='block_1_66' title="bbox 388 3368 1976 3442">
    <p class='ocr_par' dir='ltr' id='par_1_66' title="bbox 388 3368 1976 3442">
     <span class='ocr_line' id='line_1_66' title="bbox 388 3368 1976 3442; baseline -0.001 -20"><span class='ocrx_word' id='word_1_451' title='bbox 388 3370 579 3438; x_wconf 86' lang='grc' dir='ltr'>μάτων</span> <span class='ocrx_word' id='word_1_452' title='bbox 610 3369 823 3440; x_wconf 74' lang='grc' dir='ltr'>πληθὺς</span> <span class='ocrx_word' id='word_1_453' title='bbox 863 3369 1151 3442; x_wconf 84' lang='grc' dir='ltr'>ὠφελῆσαι</span> <span class='ocrx_word' id='word_1_454' title='bbox 1195 3370 1298 3426; x_wconf 84' lang='grc' dir='ltr'><strong>κάν</strong></span> <span class='ocrx_word' id='word_1_455' title='bbox 1332 3388 1386 3425; x_wconf 89' lang='grc' dir='ltr'><strong>τι</strong></span> <span class='ocrx_word' id='word_1_456' title='bbox 1435 3368 1781 3441; x_wconf 76' lang='grc' dir='ltr'>βραχύτατον</span> <span class='ocrx_word' id='word_1_457' title='bbox 1825 3368 1976 3440; x_wconf 84' lang='grc' dir='ltr'>ίσχυ-</span> 
     </span>
    </p>
   </div>
   <div class='ocr_carea' id='block_1_67' title="bbox 386 3461 1977 3534">
    <p class='ocr_par' dir='ltr' id='par_1_67' title="bbox 386 3461 1977 3534">
     <span class='ocr_line' id='line_1_67' title="bbox 386 3461 1977 3534; baseline 0.001 -23"><span class='ocrx_word' id='word_1_458' title='bbox 386 3477 503 3525; x_wconf 90' lang='grc' dir='ltr'>σεν,</span> <span class='ocrx_word' id='word_1_459' title='bbox 552 3461 677 3516; x_wconf 82' lang='grc' dir='ltr'>οὐδὲ</span> <span class='ocrx_word' id='word_1_460' title='bbox 699 3462 810 3534; x_wconf 83' lang='grc' dir='ltr'><strong>γάρ</strong></span> <span class='ocrx_word' id='word_1_461' title='bbox 832 3461 1042 3516; x_wconf 73' lang='grc' dir='ltr'>τούτων</span> <span class='ocrx_word' id='word_1_462' title='bbox 1083 3461 1375 3531; x_wconf 79' lang='grc' dir='ltr'>ἐφείσαντο</span> <span class='ocrx_word' id='word_1_463' title='bbox 1404 3463 1583 3517; x_wconf 82' lang='grc' dir='ltr'>πᾶσαν</span> <span class='ocrx_word' id='word_1_464' title='bbox 1615 3463 1811 3530; x_wconf 81' lang='grc' dir='ltr'>πεῖραν</span> <span class='ocrx_word' id='word_1_465' title='bbox 1842 3476 1977 3530; x_wconf 89' lang='grc' dir='ltr'>προ-</span> 
     </span>
    </p>
   </div>
   <div class='ocr_carea' id='block_1_68' title="bbox 385 3550 1975 3627">
    <p class='ocr_par' dir='ltr' id='par_1_68' title="bbox 385 3550 1975 3627">
     <span class='ocr_line' id='line_1_68' title="bbox 385 3550 1975 3627; baseline -0.001 -21"><span class='ocrx_word' id='word_1_466' title='bbox 385 3553 650 3619; x_wconf 83' lang='grc' dir='ltr'>σάγοντες</span> <span class='ocrx_word' id='word_1_467' title='bbox 682 3553 833 3625; x_wconf 81' lang='grc' dir='ltr'>αὐτῷ</span> <span class='ocrx_word' id='word_1_468' title='bbox 862 3555 914 3609; x_wconf 81' lang='grc' dir='ltr'>οἱ</span> <span class='ocrx_word' id='word_1_469' title='bbox 944 3555 1082 3627; x_wconf 79' lang='grc' dir='ltr'>πρὸς</span> <span class='ocrx_word' id='word_1_470' title='bbox 1134 3555 1293 3625; x_wconf 79' lang='grc' dir='ltr'>γένος</span> <span class='ocrx_word' id='word_1_471' title='bbox 1322 3554 1413 3608; x_wconf 82' lang='grc' dir='ltr'><strong>διὰ</strong></span> <span class='ocrx_word' id='word_1_472' title='bbox 1451 3554 1552 3626; x_wconf 83' lang='grc' dir='ltr'>τὴν</span> <span class='ocrx_word' id='word_1_473' title='bbox 1577 3552 1837 3623; x_wconf 80' lang='grc' dir='ltr'>ἀπορίαν,</span> <span class='ocrx_word' id='word_1_474' title='bbox 1880 3550 1975 3605; x_wconf 76' lang='grc' dir='ltr'>καὶ</span> 
     </span>
    </p>
   </div>
   <div class='ocr_carea' id='block_1_69' title="bbox 384 3628 1974 3719">
    <p class='ocr_par' dir='ltr' id='par_1_69' title="bbox 384 3641 1974 3719">
     <span class='ocr_line' id='line_1_69' title="bbox 384 3641 1974 3719; baseline -0.004 -17"><span class='ocrx_word' id='word_1_475' title='bbox 384 3647 700 3717; x_wconf 67' lang='grc' dir='ltr'>ἀπῦγνωσιν</span> <span class='ocrx_word' id='word_1_476' title='bbox 746 3648 838 3702; x_wconf 85' lang='grc' dir='ltr'><strong>τοῦ</strong></span> <span class='ocrx_word' id='word_1_477' title='bbox 869 3649 1206 3719; x_wconf 79' lang='grc' dir='ltr'>νοσήματος,</span> <span class='ocrx_word' id='word_1_478' title='bbox 1260 3648 1443 3702; x_wconf 87' lang='grc' dir='ltr'>καίτοι</span> <span class='ocrx_word' id='word_1_479' title='bbox 1481 3644 1846 3716; x_wconf 81' lang='grc' dir='ltr'>γινώσκοντες</span> <span class='ocrx_word' id='word_1_480' title='bbox 1896 3641 1974 3708; x_wconf 89' lang='grc' dir='ltr'>ὡς</span> 
     </span>
    </p>
   </div>
   <div class='ocr_carea' id='block_1_70' title="bbox 388 3738 1976 3813">
    <p class='ocr_par' dir='ltr' id='par_1_70' title="bbox 388 3738 1976 3813">
     <span class='ocr_line' id='line_1_70' title="bbox 388 3738 1976 3813; baseline -0.003 -19"><span class='ocrx_word' id='word_1_481' title='bbox 388 3741 865 3813; x_wconf 80' lang='grc' dir='ltr'>άπαγορευομένῳ</span> <span class='ocrx_word' id='word_1_482' title='bbox 894 3742 1186 3813; x_wconf 86' lang='grc' dir='ltr'>πράγματι</span> <span class='ocrx_word' id='word_1_483' title='bbox 1212 3739 1581 3812; x_wconf 77' lang='grc' dir='ltr'>ἐγχειροῦσιν,</span> <span class='ocrx_word' id='word_1_484' title='bbox 1613 3738 1801 3792; x_wconf 85' lang='grc' dir='ltr'>τοῦτον</span> <span class='ocrx_word' id='word_1_485' title='bbox 1831 3738 1859 3790; x_wconf 86' lang='grc' dir='ltr'>ὁ</span> <span class='ocrx_word' id='word_1_486' title='bbox 1887 3753 1976 3807; x_wconf 82' lang='grc' dir='ltr'>μι-</span> 
     </span>
    </p>
   </div>
   <div class='ocr_carea' id='block_1_71' title="bbox 391 3828 1975 3904">
    <p class='ocr_par' dir='ltr' id='par_1_71' title="bbox 391 3828 1975 3904">
     <span class='ocr_line' id='line_1_71' title="bbox 391 3828 1975 3904; baseline -0.001 -22"><span class='ocrx_word' id='word_1_487' title='bbox 391 3832 568 3904; x_wconf 80' lang='grc' dir='ltr'>μητὴς</span> <span class='ocrx_word' id='word_1_488' title='bbox 601 3831 695 3886; x_wconf 88' lang='grc' dir='ltr'><strong>τοῦ</strong></span> <span class='ocrx_word' id='word_1_489' title='bbox 744 3832 952 3891; x_wconf 71' lang='grc' dir='ltr'>οἰκείου</span> <span class='ocrx_word' id='word_1_490' title='bbox 982 3834 1272 3899; x_wconf 75' lang='grc' dir='ltr'>δεσπότου,</span> <span class='ocrx_word' id='word_1_491' title='bbox 1317 3834 1346 3885; x_wconf 85' lang='grc' dir='ltr'>ὁ</span> <span class='ocrx_word' id='word_1_492' title='bbox 1393 3830 1766 3899; x_wconf 75' lang='grc' dir='ltr'>σωζοπολίτης</span> <span class='ocrx_word' id='word_1_493' title='bbox 1805 3828 1975 3891; x_wconf 76' lang='grc' dir='ltr'>ὅντως</span> 
     </span>
    </p>
   </div>
   <div class='ocr_carea' id='block_1_72' title="bbox 388 3906 1977 3996">
    <p class='ocr_par' dir='ltr' id='par_1_72' title="bbox 388 3906 1977 3996">
     <span class='ocr_line' id='line_1_72' title="bbox 388 3906 1977 3996; baseline -0.003 -20"><span class='ocrx_word' id='word_1_494' title='bbox 388 3924 488 3976; x_wconf 65' lang='grc' dir='ltr'>καὶ</span> <span class='ocrx_word' id='word_1_495' title='bbox 551 3906 910 3993; x_wconf 80' lang='grc' dir='ltr'>ῦπερένδοξος</span> <span class='ocrx_word' id='word_1_496' title='bbox 959 3925 1263 3996; x_wconf 81' lang='grc' dir='ltr'>ἁθλοφόρος</span> <span class='ocrx_word' id='word_1_497' title='bbox 1321 3920 1555 3994; x_wconf 83' lang='grc' dir='ltr'>Χριστοῦ</span> <span class='ocrx_word' id='word_1_498' title='bbox 1614 3922 1670 3973; x_wconf 86' lang='grc' dir='ltr'><strong>ἐν</strong></span> <span class='ocrx_word' id='word_1_499' title='bbox 1714 3919 1977 3989; x_wconf 79' lang='grc' dir='ltr'>ὀλιγίστῳ</span> 
     </span>
    </p>
   </div>
   <div class='ocr_carea' id='block_1_73' title="bbox 390 4013 1975 4091">
    <p class='ocr_par' dir='ltr' id='par_1_73' title="bbox 390 4013 1975 4091">
     <span class='ocr_line' id='line_1_73' title="bbox 390 4013 1975 4091; baseline -0.001 -24"><span class='ocrx_word' id='word_1_500' title='bbox 390 4014 534 4068; x_wconf 87' lang='grc' dir='ltr'>πάνυ</span> <span class='ocrx_word' id='word_1_501' title='bbox 567 4015 762 4089; x_wconf 86' lang='grc' dir='ltr'>καιροῦ</span> <span class='ocrx_word' id='word_1_502' title='bbox 804 4017 1142 4091; x_wconf 81' lang='grc' dir='ltr'>διαστήματι</span> <span class='ocrx_word' id='word_1_503' title='bbox 1186 4016 1317 4087; x_wconf 84' lang='grc' dir='ltr'><strong>ὑγιῆ</strong></span> <span class='ocrx_word' id='word_1_504' title='bbox 1357 4014 1642 4084; x_wconf 73' lang='grc' dir='ltr'>καὶάσινῆ,</span> <span class='ocrx_word' id='word_1_505' title='bbox 1676 4015 1769 4066; x_wconf 86' lang='grc' dir='ltr'><strong>καί</strong></span> <span class='ocrx_word' id='word_1_506' title='bbox 1798 4013 1975 4083; x_wconf 75' lang='grc' dir='ltr'>ἐρρω-</span> 
     </span>
    </p>
   </div>
   <div class='ocr_carea' id='block_1_74' title="bbox 393 4101 1977 4186">
    <p class='ocr_par' dir='ltr' id='par_1_74' title="bbox 393 4101 1977 4186">
     <span class='ocr_line' id='line_1_74' title="bbox 393 4101 1977 4186; baseline -0.002 -26"><span class='ocrx_word' id='word_1_507' title='bbox 393 4106 555 4177; x_wconf 80' lang='grc' dir='ltr'>μένον</span> <span class='ocrx_word' id='word_1_508' title='bbox 589 4112 965 4186; x_wconf 86' lang='grc' dir='ltr'>παρέστησεν,</span> <span class='ocrx_word' id='word_1_509' title='bbox 1004 4112 1067 4164; x_wconf 86' lang='grc' dir='ltr'><strong>ού</strong></span> <span class='ocrx_word' id='word_1_510' title='bbox 1108 4110 1273 4181; x_wconf 81' lang='grc' dir='ltr'>μόνον</span> <span class='ocrx_word' id='word_1_511' title='bbox 1307 4105 1664 4177; x_wconf 81' lang='grc' dir='ltr'>σωματικῶς,</span> <span class='ocrx_word' id='word_1_512' title='bbox 1709 4101 1849 4157; x_wconf 81' lang='grc' dir='ltr'>ἀλλὰ</span> <span class='ocrx_word' id='word_1_513' title='bbox 1883 4103 1977 4157; x_wconf 61' lang='grc' dir='ltr'><strong>καὶ⁸</strong></span> 
     </span>
    </p>
   </div>
   <div class='ocr_carea' id='block_1_75' title="bbox 433 4231 656 4279">
    <p class='ocr_par' dir='ltr' id='par_1_75' title="bbox 433 4231 656 4279">
     <span class='ocr_line' id='line_1_75' title="bbox 433 4231 656 4279; baseline 0.009 -12"><span class='ocrx_word' id='word_1_514' title='bbox 433 4231 656 4279; x_wconf 83' lang='grc' dir='ltr'>υχικως.</span> 
     </span>
    </p>
   </div>
   <div class='ocr_carea' id='block_1_76' title="bbox 387 4215 1977 4396">
    <p class='ocr_par' dir='ltr' id='par_1_76' title="bbox 387 4215 1977 4396">
     <span class='ocr_line' id='line_1_76' title="bbox 433 4231 656 4279; baseline 0.009 -12"><span class='ocrx_word' id='word_1_515' title='bbox 433 4235 462 4267; x_wconf 92' lang='grc' dir='ltr'><strong>υ</strong></span> <span class='ocrx_word' id='word_1_516' title='bbox 504 4231 656 4279; x_wconf 82' lang='grc' dir='ltr'>ικως.</span> 
     </span>
     <span class='ocr_line' id='line_1_77' title="bbox 387 4215 1977 4396; baseline -0.011 -11"><span class='ocrx_word' id='word_1_517' title='bbox 387 4215 427 4286; x_wconf 68' lang='grc' dir='ltr'>ψ</span> <span class='ocrx_word' id='word_1_518' title='bbox 461 4234 576 4396; x_wconf 52' lang='grc' dir='ltr'><strong>ἶς’.</strong></span> <span class='ocrx_word' id='word_1_519' title='bbox 605 4326 764 4383; x_wconf 76' lang='grc' dir='ltr'>Οὕτω</span> <span class='ocrx_word' id='word_1_520' title='bbox 789 4326 886 4381; x_wconf 80' lang='grc' dir='ltr'><strong>καὶ</strong></span> <span class='ocrx_word' id='word_1_521' title='bbox 917 4322 1186 4381; x_wconf 81' lang='grc' dir='ltr'>συνέσεως</span> <span class='ocrx_word' id='word_1_522' title='bbox 1216 4314 1482 4387; x_wconf 70' lang='grc' dir='ltr'>πλησθεὶς</span> <span class='ocrx_word' id='word_1_523' title='bbox 1524 4318 1553 4369; x_wconf 88' lang='grc' dir='ltr'>ὁ</span> <span class='ocrx_word' id='word_1_524' title='bbox 1577 4316 1719 4386; x_wconf 79' lang='grc' dir='ltr'>ἀνὴρ</span> <span class='ocrx_word' id='word_1_525' title='bbox 1757 4316 1847 4370; x_wconf 81' lang='grc' dir='ltr'>διὰ</span> <span class='ocrx_word' id='word_1_526' title='bbox 1875 4316 1977 4384; x_wconf 80' lang='grc' dir='ltr'>τῆς</span> 
     </span>
    </p>
   </div>
   <div class='ocr_carea' id='block_1_77' title="bbox 389 4409 1979 4491">
    <p class='ocr_par' dir='ltr' id='par_1_77' title="bbox 389 4409 1979 4491">
     <span class='ocr_line' id='line_1_78' title="bbox 389 4409 1979 4491; baseline -0.009 -16"><span class='ocrx_word' id='word_1_527' title='bbox 389 4421 484 4475; x_wconf 89' lang='grc' dir='ltr'><strong>τοῦ</strong></span> <span class='ocrx_word' id='word_1_528' title='bbox 523 4422 799 4491; x_wconf 86' lang='grc' dir='ltr'>μάρτυρος</span> <span class='ocrx_word' id='word_1_529' title='bbox 828 4415 1077 4486; x_wconf 83' lang='grc' dir='ltr'>χάριτος,</span> <span class='ocrx_word' id='word_1_530' title='bbox 1104 4411 1322 4465; x_wconf 89' lang='grc' dir='ltr'>πάντων</span> <span class='ocrx_word' id='word_1_531' title='bbox 1351 4409 1847 4479; x_wconf 79' lang='grc' dir='ltr'>ἐκπεπληγμένων,</span> <span class='ocrx_word' id='word_1_532' title='bbox 1881 4409 1979 4463; x_wconf 73' lang='grc' dir='ltr'>καὶ</span> 
     </span>
    </p>
   </div>
   <div class='ocr_carea' id='block_1_78' title="bbox 391 4501 2057 4585">
    <p class='ocr_par' dir='ltr' id='par_1_78' title="bbox 391 4501 2057 4585">
     <span class='ocr_line' id='line_1_79' title="bbox 391 4501 2057 4585; baseline -0.009 -15"><span class='ocrx_word' id='word_1_533' title='bbox 391 4516 590 4585; x_wconf 89' lang='grc' dir='ltr'>τρόπον</span> <span class='ocrx_word' id='word_1_534' title='bbox 619 4517 743 4567; x_wconf 85' lang='grc' dir='ltr'>τινὰ</span> <span class='ocrx_word' id='word_1_535' title='bbox 767 4506 1143 4579; x_wconf 78' lang='grc' dir='ltr'>ἐξεστηκότων</span> <span class='ocrx_word' id='word_1_536' title='bbox 1171 4504 1265 4557; x_wconf 76' lang='grc' dir='ltr'>ἐπὶ</span> <span class='ocrx_word' id='word_1_537' title='bbox 1288 4505 1356 4574; x_wconf 78' lang='grc' dir='ltr'><strong>τῇ</strong></span> <span class='ocrx_word' id='word_1_538' title='bbox 1386 4502 1782 4573; x_wconf 76' lang='grc' dir='ltr'>ἀπροσδοκήτῳ</span> <span class='ocrx_word' id='word_1_539' title='bbox 1807 4501 1977 4557; x_wconf 85' lang='grc' dir='ltr'>αὐτοῦ</span> <span class='ocrx_word' id='word_1_540' title='bbox 2010 4525 2057 4582; x_wconf 75' lang='lat' dir='ltr'><strong>D</strong></span> 
     </span>
    </p>
   </div>
   <div class='ocr_carea' id='block_1_79' title="bbox 392 4590 1979 4679">
    <p class='ocr_par' dir='ltr' id='par_1_79' title="bbox 392 4590 1979 4679">
     <span class='ocr_line' id='line_1_80' title="bbox 392 4590 1979 4679; baseline -0.008 -18"><span class='ocrx_word' id='word_1_541' title='bbox 392 4590 574 4679; x_wconf 71' lang='grc' dir='ltr'>ὑγεία,</span> <span class='ocrx_word' id='word_1_542' title='bbox 598 4608 689 4659; x_wconf 71' lang='grc' dir='ltr'>καὶ</span> <span class='ocrx_word' id='word_1_543' title='bbox 712 4604 792 4675; x_wconf 76' lang='grc' dir='ltr'><strong>τῷ</strong></span> <span class='ocrx_word' id='word_1_544' title='bbox 814 4603 971 4673; x_wconf 80' lang='grc' dir='ltr'>τάχει</span> <span class='ocrx_word' id='word_1_545' title='bbox 999 4599 1194 4666; x_wconf 70' lang='grc' dir='ltr'>αὐτῆς,</span> <span class='ocrx_word' id='word_1_546' title='bbox 1219 4592 1339 4651; x_wconf 84' lang='grc' dir='ltr'>εἷπε</span> <span class='ocrx_word' id='word_1_547' title='bbox 1374 4596 1510 4666; x_wconf 76' lang='grc' dir='ltr'>πρὸς</span> <span class='ocrx_word' id='word_1_548' title='bbox 1540 4596 1663 4660; x_wconf 83' lang='grc' dir='ltr'>τοὺς</span> <span class='ocrx_word' id='word_1_549' title='bbox 1690 4595 1979 4667; x_wconf 81' lang='grc' dir='ltr'>παρεστῶ-</span> 
     </span>
    </p>
   </div>
   <div class='ocr_carea' id='block_1_80' title="bbox 390 4688 1979 4767">
    <p class='ocr_par' dir='ltr' id='par_1_80' title="bbox 390 4688 1979 4767">
     <span class='ocr_line' id='line_1_81' title="bbox 390 4688 1979 4767; baseline -0.007 -13"><span class='ocrx_word' id='word_1_550' title='bbox 390 4718 513 4767; x_wconf 85' lang='grc' dir='ltr'>τας,</span> <span class='ocrx_word' id='word_1_551' title='bbox 561 4698 777 4763; x_wconf 69' lang='grc' dir='ltr'>ἁνοῐξας</span> <span class='ocrx_word' id='word_1_552' title='bbox 816 4697 880 4749; x_wconf 79' lang='grc' dir='ltr'>τὸ</span> <span class='ocrx_word' id='word_1_553' title='bbox 931 4693 1109 4763; x_wconf 85' lang='grc' dir='ltr'>στόμα</span> <span class='ocrx_word' id='word_1_554' title='bbox 1144 4689 1430 4752; x_wconf 80' lang='grc' dir='ltr'>εὐσταθῶς</span> <span class='ocrx_word' id='word_1_555' title='bbox 1483 4688 1979 4758; x_wconf 83' lang='grc' dir='ltr'>ἐξομολογούμενος</span> 
     </span>
    </p>
   </div>
   <div class='ocr_carea' id='block_1_81' title="bbox 391 4778 1977 4861">
    <p class='ocr_par' dir='ltr' id='par_1_81' title="bbox 391 4778 1977 4861">
     <span class='ocr_line' id='line_1_82' title="bbox 391 4778 1977 4861; baseline -0.008 -18"><span class='ocrx_word' id='word_1_556' title='bbox 391 4790 472 4861; x_wconf 80' lang='grc' dir='ltr'>τῷ</span> <span class='ocrx_word' id='word_1_557' title='bbox 505 4789 616 4844; x_wconf 80' lang='grc' dir='ltr'><strong>τῶν</strong></span> <span class='ocrx_word' id='word_1_558' title='bbox 645 4788 787 4841; x_wconf 77' lang='grc' dir='ltr'>ὅλων</span> <span class='ocrx_word' id='word_1_559' title='bbox 831 4784 1077 4855; x_wconf 82' lang='grc' dir='ltr'>Δεσπότῃ</span> <span class='ocrx_word' id='word_1_560' title='bbox 1109 4781 1231 4852; x_wconf 85' lang='grc' dir='ltr'><strong>Θεῷ</strong></span> <span class='ocrx_word' id='word_1_561' title='bbox 1251 4796 1265 4811; x_wconf 75' lang='grc'><strong><em>⁸</em></strong></span> <span class='ocrx_word' id='word_1_562' title='bbox 1295 4780 1391 4842; x_wconf 81' lang='grc' dir='ltr'>Τίς</span> <span class='ocrx_word' id='word_1_563' title='bbox 1417 4778 1644 4848; x_wconf 80' lang='grc' dir='ltr'>λαλήσει</span> <span class='ocrx_word' id='word_1_564' title='bbox 1676 4780 1774 4842; x_wconf 84' lang='grc' dir='ltr'><strong>τὰς</strong></span> <span class='ocrx_word' id='word_1_565' title='bbox 1812 4779 1977 4832; x_wconf 82' lang='grc' dir='ltr'>δυνα-</span> 
     </span>
    </p>
   </div>
   <div class='ocr_carea' id='block_1_82' title="bbox 397 4869 1975 4947">
    <p class='ocr_par' dir='ltr' id='par_1_82' title="bbox 397 4869 1975 4947">
     <span class='ocr_line' id='line_1_83' title="bbox 397 4869 1975 4947; baseline -0.007 -12"><span class='ocrx_word' id='word_1_566' title='bbox 397 4882 583 4945; x_wconf 86' lang='grc' dir='ltr'>στείας</span> <span class='ocrx_word' id='word_1_567' title='bbox 615 4879 711 4934; x_wconf 89' lang='grc' dir='ltr'><strong>τοῦ</strong></span> <span class='ocrx_word' id='word_1_568' title='bbox 742 4878 972 4947; x_wconf 77' lang='grc' dir='ltr'>Κυρίου,</span> <span class='ocrx_word' id='word_1_569' title='bbox 1008 4874 1250 4946; x_wconf 77' lang='grc' dir='ltr'>φιλόθεοι</span> <span class='ocrx_word' id='word_1_570' title='bbox 1284 4873 1381 4927; x_wconf 75' lang='grc' dir='ltr'>καὶ</span> <span class='ocrx_word' id='word_1_571' title='bbox 1406 4870 1685 4940; x_wconf 69' lang='grc' dir='ltr'>ἀγαπητοὶ</span> <span class='ocrx_word' id='word_1_572' title='bbox 1709 4869 1975 4940; x_wconf 85' lang='grc' dir='ltr'>άδελφοί;</span> 
     </span>
    </p>
   </div>
   <div class='ocr_carea' id='block_1_83' title="bbox 397 4962 1975 5038">
    <p class='ocr_par' dir='ltr' id='par_1_83' title="bbox 397 4962 1975 5038">
     <span class='ocr_line' id='line_1_84' title="bbox 397 4962 1975 5038; baseline -0.008 -10"><span class='ocrx_word' id='word_1_573' title='bbox 397 4976 468 5028; x_wconf 82' lang='grc' dir='ltr'><strong><em>Ἢ</em></strong></span> <span class='ocrx_word' id='word_1_574' title='bbox 499 4974 582 5036; x_wconf 87' lang='grc' dir='ltr'><strong>τίς</strong></span> <span class='ocrx_word' id='word_1_575' title='bbox 612 4971 887 5033; x_wconf 77' lang='grc' dir='ltr'>άκουστάς</span> <span class='ocrx_word' id='word_1_576' title='bbox 913 4969 1134 5038; x_wconf 82' lang='grc' dir='ltr'>ποιήσει</span> <span class='ocrx_word' id='word_1_577' title='bbox 1176 4965 1358 5029; x_wconf 89' lang='grc' dir='ltr'>πάσας</span> <span class='ocrx_word' id='word_1_578' title='bbox 1382 4964 1481 5027; x_wconf 82' lang='grc' dir='ltr'><strong>τὰς</strong></span> <span class='ocrx_word' id='word_1_579' title='bbox 1507 4962 1745 5025; x_wconf 82' lang='grc' dir='ltr'>αἱνέσεις</span> <span class='ocrx_word' id='word_1_580' title='bbox 1777 4962 1975 5026; x_wconf 70' lang='grc' dir='ltr'>αὐτοῦς</span> 
     </span>
    </p>
   </div>
   <div class='ocr_carea' id='block_1_84' title="bbox 394 5055 1981 5137">
    <p class='ocr_par' dir='ltr' id='par_1_84' title="bbox 394 5055 1981 5137">
     <span class='ocr_line' id='line_1_85' title="bbox 394 5055 1981 5137; baseline -0.009 -16"><span class='ocrx_word' id='word_1_581' title='bbox 394 5068 491 5130; x_wconf 83' lang='grc' dir='ltr'><strong>Τίς</strong></span> <span class='ocrx_word' id='word_1_582' title='bbox 520 5069 633 5137; x_wconf 80' lang='grc' dir='ltr'><strong>γάρ</strong></span> <span class='ocrx_word' id='word_1_583' title='bbox 666 5065 743 5128; x_wconf 77' lang='grc' dir='ltr'><strong>ὡς</strong></span> <span class='ocrx_word' id='word_1_584' title='bbox 770 5063 979 5132; x_wconf 77' lang='grc' dir='ltr'>Κύριος</span> <span class='ocrx_word' id='word_1_585' title='bbox 1009 5064 1037 5115; x_wconf 85' lang='grc' dir='ltr'>ὁ</span> <span class='ocrx_word' id='word_1_586' title='bbox 1063 5061 1199 5122; x_wconf 85' lang='grc' dir='ltr'>Θεὸς</span> <span class='ocrx_word' id='word_1_587' title='bbox 1225 5057 1385 5130; x_wconf 84' lang='grc' dir='ltr'>ήμῶν</span> <span class='ocrx_word' id='word_1_588' title='bbox 1418 5058 1447 5110; x_wconf 82' lang='grc' dir='ltr'><strong>δ</strong></span> <span class='ocrx_word' id='word_1_589' title='bbox 1488 5059 1546 5109; x_wconf 89' lang='grc' dir='ltr'><strong>ἐν</strong></span> <span class='ocrx_word' id='word_1_590' title='bbox 1582 5055 1811 5129; x_wconf 75' lang='grc' dir='ltr'>ὑψηλοῖς</span> <span class='ocrx_word' id='word_1_591' title='bbox 1848 5071 1981 5108; x_wconf 88' lang='grc' dir='ltr'>κατ-</span> 
     </span>
    </p>
   </div>
   <div class='ocr_carea' id='block_1_85' title="bbox 394 5140 1985 5233">
    <p class='ocr_par' dir='ltr' id='par_1_85' title="bbox 394 5140 1985 5233">
     <span class='ocr_line' id='line_1_86' title="bbox 394 5140 1985 5233; baseline -0.008 -20"><span class='ocrx_word' id='word_1_592' title='bbox 394 5158 587 5222; x_wconf 84' lang='grc' dir='ltr'>οικῶν,</span> <span class='ocrx_word' id='word_1_593' title='bbox 621 5140 815 5213; x_wconf 68' lang='grc' dir='ltr'>καὶτὰ</span> <span class='ocrx_word' id='word_1_594' title='bbox 845 5154 1078 5208; x_wconf 72' lang='grc' dir='ltr'>ταπεινά</span> <span class='ocrx_word' id='word_1_595' title='bbox 1112 5152 1325 5222; x_wconf 78' lang='grc' dir='ltr'>ἐφορῶν</span> <span class='ocrx_word' id='word_1_596' title='bbox 1357 5152 1416 5205; x_wconf 86' lang='grc' dir='ltr'><strong>ἐν</strong></span> <span class='ocrx_word' id='word_1_597' title='bbox 1448 5148 1526 5221; x_wconf 81' lang='grc' dir='ltr'><strong>τῷ</strong></span> <span class='ocrx_word' id='word_1_598' title='bbox 1553 5147 1770 5233; x_wconf 82' lang='grc' dir='ltr'>ούρανῷ</span> <span class='ocrx_word' id='word_1_599' title='bbox 1810 5146 1904 5202; x_wconf 81' lang='grc' dir='ltr'>καὶ</span> <span class='ocrx_word' id='word_1_600' title='bbox 1926 5148 1985 5200; x_wconf 88' lang='grc' dir='ltr'><strong>ἐν</strong></span> 
     </span>
    </p>
   </div>
   <div class='ocr_carea' id='block_1_86' title="bbox 393 5237 1984 5322">
    <p class='ocr_par' dir='ltr' id='par_1_86' title="bbox 393 5237 1984 5322">
     <span class='ocr_line' id='line_1_87' title="bbox 393 5237 1984 5322; baseline -0.009 -17"><span class='ocrx_word' id='word_1_601' title='bbox 393 5252 462 5322; x_wconf 79' lang='grc' dir='ltr'>τῇ</span> <span class='ocrx_word' id='word_1_602' title='bbox 519 5251 615 5319; x_wconf 76' lang='grc' dir='ltr'><strong>γῇ,</strong></span> <span class='ocrx_word' id='word_1_603' title='bbox 644 5251 671 5303; x_wconf 79' lang='grc' dir='ltr'><strong>ό</strong></span> <span class='ocrx_word' id='word_1_604' title='bbox 701 5244 1121 5315; x_wconf 79' lang='grc' dir='ltr'>ἐνδοξαζόμενος</span> <span class='ocrx_word' id='word_1_605' title='bbox 1155 5246 1214 5297; x_wconf 80' lang='grc' dir='ltr'>ὲν</span> <span class='ocrx_word' id='word_1_606' title='bbox 1254 5240 1427 5312; x_wconf 79' lang='grc' dir='ltr'>βουλῇ</span> <span class='ocrx_word' id='word_1_607' title='bbox 1448 5240 1621 5309; x_wconf 86' lang='grc' dir='ltr'>άγίων</span> <span class='ocrx_word' id='word_1_608' title='bbox 1652 5239 1828 5310; x_wconf 84' lang='grc' dir='ltr'>μέγας</span> <span class='ocrx_word' id='word_1_609' title='bbox 1885 5237 1984 5291; x_wconf 77' lang='grc' dir='ltr'>καὶ</span> 
     </span>
    </p>
   </div>
   <div class='ocr_carea' id='block_1_87' title="bbox 397 5332 1982 5415">
    <p class='ocr_par' dir='ltr' id='par_1_87' title="bbox 397 5332 1982 5415">
     <span class='ocr_line' id='line_1_88' title="bbox 397 5332 1982 5415; baseline -0.009 -16"><span class='ocrx_word' id='word_1_610' title='bbox 397 5343 632 5415; x_wconf 72' lang='grc' dir='ltr'>φοϐερός</span> <span class='ocrx_word' id='word_1_611' title='bbox 663 5344 856 5408; x_wconf 75' lang='grc' dir='ltr'>ἐστινς</span> <span class='ocrx_word' id='word_1_612' title='bbox 908 5340 1120 5399; x_wconf 81' lang='grc' dir='ltr'>Ὄντως</span> <span class='ocrx_word' id='word_1_613' title='bbox 1159 5337 1217 5390; x_wconf 82' lang='grc' dir='ltr'><strong>ἐν</strong></span> <span class='ocrx_word' id='word_1_614' title='bbox 1246 5335 1412 5406; x_wconf 81' lang='grc' dir='ltr'>βοσλῇ</span> <span class='ocrx_word' id='word_1_615' title='bbox 1445 5333 1652 5389; x_wconf 83' lang='grc' dir='ltr'>εύθέων</span> <span class='ocrx_word' id='word_1_616' title='bbox 1694 5332 1788 5384; x_wconf 76' lang='grc' dir='ltr'><strong>καὶ</strong></span> <span class='ocrx_word' id='word_1_617' title='bbox 1816 5347 1982 5385; x_wconf 88' lang='grc' dir='ltr'>συνα-</span> 
     </span>
    </p>
   </div>
   <div class='ocr_carea' id='block_1_88' title="bbox 397 5420 1986 5509">
    <p class='ocr_par' dir='ltr' id='par_1_88' title="bbox 397 5420 1986 5509">
     <span class='ocr_line' id='line_1_89' title="bbox 397 5420 1986 5509; baseline -0.012 -17"><span class='ocrx_word' id='word_1_618' title='bbox 397 5438 582 5509; x_wconf 76' lang='grc' dir='ltr'>γωγῇ,</span> <span class='ocrx_word' id='word_1_619' title='bbox 610 5435 826 5507; x_wconf 82' lang='grc' dir='ltr'>μεγάλα</span> <span class='ocrx_word' id='word_1_620' title='bbox 859 5431 929 5488; x_wconf 78' lang='grc' dir='ltr'><strong>τά</strong></span> <span class='ocrx_word' id='word_1_621' title='bbox 957 5429 1098 5500; x_wconf 76' lang='grc' dir='ltr'>ἔργα</span> <span class='ocrx_word' id='word_1_622' title='bbox 1124 5429 1334 5485; x_wconf 78' lang='grc' dir='ltr'>Κυρίου</span> <span class='ocrx_word' id='word_1_623' title='bbox 1356 5441 1371 5458; x_wconf 77' lang='grc' dir='ltr'><strong>ο</strong></span> <span class='ocrx_word' id='word_1_624' title='bbox 1404 5426 1626 5491; x_wconf 72' lang='grc' dir='ltr'>ἔπαισε,</span> <span class='ocrx_word' id='word_1_625' title='bbox 1654 5420 1749 5477; x_wconf 74' lang='grc' dir='ltr'>καὶ</span> <span class='ocrx_word' id='word_1_626' title='bbox 1781 5423 1840 5475; x_wconf 81' lang='grc' dir='ltr'>αἱ</span> <span class='ocrx_word' id='word_1_627' title='bbox 1867 5424 1986 5493; x_wconf 81' lang='grc' dir='ltr'><strong>χεῖ-</strong></span> 
     </span>
    </p>
   </div>
   <div class='ocr_carea' id='block_1_89' title="bbox 471 5582 1978 5669">
    <p class='ocr_par' dir='ltr' id='par_1_89' title="bbox 471 5582 1978 5669">
     <span class='ocr_line' id='line_1_90' title="bbox 471 5582 1978 5669; baseline -0.015 -12"><span class='ocrx_word' id='word_1_628' title='bbox 471 5601 547 5669; x_wconf 82' lang='lat'><strong>(8)</strong></span> <span class='ocrx_word' id='word_1_629' title='bbox 578 5598 718 5655; x_wconf 86' lang='lat' dir='ltr'><strong>Ilinc</strong></span> <span class='ocrx_word' id='word_1_630' title='bbox 749 5594 961 5665; x_wconf 80' lang='lat' dir='ltr'><strong>collige.</strong></span> <span class='ocrx_word' id='word_1_631' title='bbox 995 5592 1109 5663; x_wconf 87' lang='lat' dir='ltr'><strong>jam</strong></span> <span class='ocrx_word' id='word_1_632' title='bbox 1142 5589 1268 5669; x_wconf 75' lang='lat' dir='ltr'><strong>inde</strong></span> <span class='ocrx_word' id='word_1_633' title='bbox 1297 5604 1327 5644; x_wconf 89' lang='lat' dir='ltr'><strong>a</strong></span> <span class='ocrx_word' id='word_1_634' title='bbox 1356 5587 1584 5669; x_wconf 73' lang='lat' dir='ltr'><strong>Joannis</strong></span> <span class='ocrx_word' id='word_1_635' title='bbox 1624 5582 1978 5669; x_wconf 60' lang='grc' dir='ltr'>Τιιοεειῃοηὶέ</span> 
     </span>
    </p>
   </div>
   <div class='ocr_carea' id='block_1_90' title="bbox 401 5655 1979 5741">
    <p class='ocr_par' dir='ltr' id='par_1_90' title="bbox 401 5655 1979 5741">
     <span class='ocr_line' id='line_1_91' title="bbox 401 5655 1979 5741; baseline -0.011 -18"><span class='ocrx_word' id='word_1_636' title='bbox 401 5655 584 5727; x_wconf 76' lang='lat' dir='ltr'><strong>censis</strong></span> <span class='ocrx_word' id='word_1_637' title='bbox 633 5676 792 5723; x_wconf 82' lang='lat' dir='ltr'><strong>aetate</strong></span> <span class='ocrx_word' id='word_1_638' title='bbox 842 5655 1208 5741; x_wconf 26' lang='lat' dir='ltr'><strong>senisu-culo</strong></span> <span class='ocrx_word' id='word_1_639' title='bbox 1256 5659 1492 5741; x_wconf 80' lang='lat' dir='ltr'><strong>septimo</strong></span> <span class='ocrx_word' id='word_1_640' title='bbox 1561 5655 1979 5741; x_wconf 49' lang='lat' dir='ltr'><strong>verositti&#39;ileque</strong></span> 
     </span>
    </p>
   </div>
   <div class='ocr_carea' id='block_1_91' title="bbox 404 5726 1976 5807">
    <p class='ocr_par' dir='ltr' id='par_1_91' title="bbox 404 5726 1976 5807">
     <span class='ocr_line' id='line_1_92' title="bbox 404 5726 1976 5807; baseline -0.012 -11"><span class='ocrx_word' id='word_1_641' title='bbox 404 5726 569 5797; x_wconf 82' lang='lat' dir='ltr'><strong>etiam</strong></span> <span class='ocrx_word' id='word_1_642' title='bbox 604 5740 880 5806; x_wconf 86' lang='lat' dir='ltr'><strong>aliquanto</strong></span> <span class='ocrx_word' id='word_1_643' title='bbox 911 5734 1083 5807; x_wconf 83' lang='lat' dir='ltr'><strong>prius,</strong></span> <span class='ocrx_word' id='word_1_644' title='bbox 1120 5746 1185 5807; x_wconf 80' lang='lat' dir='ltr'><strong>ac</strong></span> <span class='ocrx_word' id='word_1_645' title='bbox 1231 5726 1389 5807; x_wconf 77' lang='lat' dir='ltr'><strong>proin</strong></span> <span class='ocrx_word' id='word_1_646' title='bbox 1418 5728 1693 5807; x_wconf 83' lang='lat' dir='ltr'><strong>j_am__inde</strong></span> <span class='ocrx_word' id='word_1_647' title='bbox 1721 5726 1912 5807; x_wconf 75' lang='lat' dir='ltr'><strong>saltem</strong></span> <span class='ocrx_word' id='word_1_648' title='bbox 1944 5738 1976 5777; x_wconf 90' lang='lat' dir='ltr'><strong>a</strong></span> 
     </span>
    </p>
   </div>
   <div class='ocr_carea' id='block_1_92' title="bbox 402 5796 1979 5879">
    <p class='ocr_par' dir='ltr' id='par_1_92' title="bbox 402 5796 1979 5879">
     <span class='ocr_line' id='line_1_93' title="bbox 402 5796 1979 5879; baseline -0.015 -9"><span class='ocrx_word' id='word_1_649' title='bbox 402 5796 604 5870; x_wconf 77' lang='lat' dir='ltr'><strong>sarculo</strong></span> <span class='ocrx_word' id='word_1_650' title='bbox 640 5796 795 5867; x_wconf 58' lang='lat' dir='ltr'><strong>se&#39;xtu</strong></span> <span class='ocrx_word' id='word_1_651' title='bbox 822 5796 925 5879; x_wconf 72' lang='lat' dir='ltr'><strong>pro</strong></span> <span class='ocrx_word' id='word_1_652' title='bbox 955 5803 1219 5875; x_wconf 85' lang='lat' dir='ltr'><strong>primario</strong></span> <span class='ocrx_word' id='word_1_653' title='bbox 1233 5796 1485 5857; x_wconf 69' lang='lat' dir='ltr'><strong>civitatis</strong></span> <span class='ocrx_word' id='word_1_654' title='bbox 1521 5796 1979 5854; x_wconf 83' lang='lat' dir='ltr'><strong>Thessalonicen-</strong></span> 
     </span>
    </p>
   </div>
   <div class='ocr_carea' id='block_1_93' title="bbox 2084 3278 3662 3358">
    <p class='ocr_par' dir='ltr' id='par_1_93' title="bbox 2084 3278 3662 3358">
     <span class='ocr_line' id='line_1_94' title="bbox 2084 3278 3662 3358; baseline 0.011 -26"><span class='ocrx_word' id='word_1_655' title='bbox 2084 3278 2284 3335; x_wconf 81' lang='lat' dir='ltr'><strong>atl‘erre</strong></span> <span class='ocrx_word' id='word_1_656' title='bbox 2314 3279 2515 3348; x_wconf 84' lang='lat' dir='ltr'><strong>solent,</strong></span> <span class='ocrx_word' id='word_1_657' title='bbox 2572 3281 2913 3352; x_wconf 73' lang='lat' dir='ltr'><strong>adiumenta,</strong></span> <span class='ocrx_word' id='word_1_658' title='bbox 2947 3301 3083 3350; x_wconf 92' lang='lat' dir='ltr'><strong>non,</strong></span> <span class='ocrx_word' id='word_1_659' title='bbox 3142 3296 3203 3343; x_wconf 91' lang='lat' dir='ltr'><strong>ut</strong></span> <span class='ocrx_word' id='word_1_660' title='bbox 3230 3289 3420 3344; x_wconf 84' lang='lat' dir='ltr'><strong>vocari</strong></span> <span class='ocrx_word' id='word_1_661' title='bbox 3451 3290 3662 3358; x_wconf 74' lang='lat' dir='ltr'><strong>solent,</strong></span> 
     </span>
    </p>
   </div>
   <div class='ocr_carea' id='block_1_94' title="bbox 2082 3370 3666 3454">
    <p class='ocr_par' dir='ltr' id='par_1_94' title="bbox 2082 3370 3666 3454">
     <span class='ocr_line' id='line_1_95' title="bbox 2082 3370 3666 3454; baseline 0.008 -28"><span class='ocrx_word' id='word_1_662' title='bbox 2082 3370 2452 3428; x_wconf 87' lang='lat' dir='ltr'><strong>amuletorum</strong></span> <span class='ocrx_word' id='word_1_663' title='bbox 2535 3372 2760 3445; x_wconf 90' lang='lat' dir='ltr'><strong>(neque</strong></span> <span class='ocrx_word' id='word_1_664' title='bbox 2832 3376 2981 3433; x_wconf 89' lang='lat' dir='ltr'><strong>enim</strong></span> <span class='ocrx_word' id='word_1_665' title='bbox 3056 3380 3493 3452; x_wconf 74' lang='lat' dir='ltr'><strong>consanguinei,</strong></span> <span class='ocrx_word' id='word_1_666' title='bbox 3565 3382 3666 3454; x_wconf 76' lang='lat' dir='ltr'><strong>qni</strong></span> 
     </span>
    </p>
   </div>
   <div class='ocr_carea' id='block_1_95' title="bbox 2082 3462 3665 3539">
    <p class='ocr_par' dir='ltr' id='par_1_95' title="bbox 2082 3462 3665 3539">
     <span class='ocr_line' id='line_1_96' title="bbox 2082 3462 3665 3539; baseline 0.009 -23"><span class='ocrx_word' id='word_1_667' title='bbox 2082 3462 2269 3517; x_wconf 89' lang='lat' dir='ltr'><strong>omnia</strong></span> <span class='ocrx_word' id='word_1_668' title='bbox 2307 3462 2364 3516; x_wconf 92' lang='lat' dir='ltr'><strong>in</strong></span> <span class='ocrx_word' id='word_1_669' title='bbox 2395 3477 2464 3518; x_wconf 92' lang='lat' dir='ltr'><strong>eo</strong></span> <span class='ocrx_word' id='word_1_670' title='bbox 2491 3466 2951 3534; x_wconf 81' lang='lat' dir='ltr'><strong>experiebantur,</strong></span> <span class='ocrx_word' id='word_1_671' title='bbox 2985 3469 3137 3527; x_wconf 90' lang='lat' dir='ltr'><strong>hisce</strong></span> <span class='ocrx_word' id='word_1_672' title='bbox 3165 3471 3353 3539; x_wconf 83' lang='lat' dir='ltr'><strong>etiam,</strong></span> <span class='ocrx_word' id='word_1_673' title='bbox 3385 3480 3513 3529; x_wconf 89' lang='lat' dir='ltr'><strong>utut</strong></span> <span class='ocrx_word' id='word_1_674' title='bbox 3542 3488 3665 3530; x_wconf 87' lang='lat' dir='ltr'><strong>rem</strong></span> 
     </span>
    </p>
   </div>
   <div class='ocr_carea' id='block_1_96' title="bbox 2081 3554 3664 3629">
    <p class='ocr_par' dir='ltr' id='par_1_96' title="bbox 2081 3554 3664 3629">
     <span class='ocr_line' id='line_1_97' title="bbox 2081 3554 3664 3629; baseline 0.01 -22"><span class='ocrx_word' id='word_1_675' title='bbox 2081 3554 2418 3624; x_wconf 85' lang='lat' dir='ltr'><strong>prohibitam</strong></span> <span class='ocrx_word' id='word_1_676' title='bbox 2442 3572 2563 3613; x_wconf 88' lang='lat' dir='ltr'><strong>sese</strong></span> <span class='ocrx_word' id='word_1_677' title='bbox 2581 3556 2767 3615; x_wconf 83' lang='lat' dir='ltr'><strong>facere</strong></span> <span class='ocrx_word' id='word_1_678' title='bbox 2794 3572 3113 3629; x_wconf 84' lang='lat' dir='ltr'><strong>noscentes,</strong></span> <span class='ocrx_word' id='word_1_679' title='bbox 3136 3564 3207 3619; x_wconf 91' lang='lat' dir='ltr'><strong>ob</strong></span> <span class='ocrx_word' id='word_1_680' title='bbox 3229 3566 3462 3621; x_wconf 87' lang='lat' dir='ltr'><strong>sanandi</strong></span> <span class='ocrx_word' id='word_1_681' title='bbox 3486 3566 3664 3624; x_wconf 84' lang='lat' dir='ltr'><strong>morbi</strong></span> 
     </span>
    </p>
   </div>
   <div class='ocr_carea' id='block_1_97' title="bbox 2081 3644 3668 3729">
    <p class='ocr_par' dir='ltr' id='par_1_97' title="bbox 2081 3644 3668 3729">
     <span class='ocr_line' id='line_1_98' title="bbox 2081 3644 3668 3729; baseline 0.009 -28"><span class='ocrx_word' id='word_1_682' title='bbox 2081 3644 2459 3709; x_wconf 75' lang='lat' dir='ltr'><strong>diﬁicultatam</strong></span> <span class='ocrx_word' id='word_1_683' title='bbox 2499 3649 3062 3725; x_wconf 88' lang='lat' dir='ltr'><strong>desperationemque</strong></span> <span class='ocrx_word' id='word_1_684' title='bbox 3111 3658 3434 3729; x_wconf 82' lang='lat' dir='ltr'><strong>pepercere)</strong></span> <span class='ocrx_word' id='word_1_685' title='bbox 3473 3660 3668 3716; x_wconf 81' lang='lat' dir='ltr'><strong>multi-</strong></span> 
     </span>
    </p>
   </div>
   <div class='ocr_carea' id='block_1_98' title="bbox 2082 3741 3669 3822">
    <p class='ocr_par' dir='ltr' id='par_1_98' title="bbox 2082 3741 3669 3822">
     <span class='ocr_line' id='line_1_99' title="bbox 2082 3741 3669 3822; baseline 0.011 -27"><span class='ocrx_word' id='word_1_686' title='bbox 2082 3741 2215 3796; x_wconf 82' lang='lat' dir='ltr'><strong>tudo</strong></span> <span class='ocrx_word' id='word_1_687' title='bbox 2278 3742 2366 3797; x_wconf 88' lang='lat' dir='ltr'><strong>vel</strong></span> <span class='ocrx_word' id='word_1_688' title='bbox 2424 3744 2718 3802; x_wconf 88' lang='lat' dir='ltr'><strong>minimum</strong></span> <span class='ocrx_word' id='word_1_689' title='bbox 2777 3748 2945 3805; x_wconf 82' lang='lat' dir='ltr'><strong>etiam</strong></span> <span class='ocrx_word' id='word_1_690' title='bbox 2997 3750 3193 3820; x_wconf 85' lang='lat' dir='ltr'><strong>juvare</strong></span> <span class='ocrx_word' id='word_1_691' title='bbox 3250 3752 3481 3822; x_wconf 66' lang='lat' dir='ltr'><strong>potuim</strong></span> <span class='ocrx_word' id='word_1_692' title='bbox 3516 3753 3669 3812; x_wconf 77' lang='lat' dir='ltr'><strong>hunc</strong></span> 
     </span>
    </p>
   </div>
   <div class='ocr_carea' id='block_1_99' title="bbox 2083 3831 3671 3912">
    <p class='ocr_par' dir='ltr' id='par_1_99' title="bbox 2083 3831 3671 3912">
     <span class='ocr_line' id='line_1_100' title="bbox 2083 3831 3671 3912; baseline 0.012 -27"><span class='ocrx_word' id='word_1_693' title='bbox 2083 3831 2304 3889; x_wconf 88' lang='lat' dir='ltr'><strong>Domini</strong></span> <span class='ocrx_word' id='word_1_694' title='bbox 2333 3834 2421 3890; x_wconf 90' lang='lat' dir='ltr'><strong>sui</strong></span> <span class='ocrx_word' id='word_1_695' title='bbox 2449 3836 2712 3903; x_wconf 88' lang='lat' dir='ltr'><strong>imitator,</strong></span> <span class='ocrx_word' id='word_1_696' title='bbox 2740 3839 2983 3897; x_wconf 84' lang='lat' dir='ltr'><strong>civitatis</strong></span> <span class='ocrx_word' id='word_1_697' title='bbox 3020 3856 3147 3897; x_wconf 84' lang='lat' dir='ltr'><strong>vere</strong></span> <span class='ocrx_word' id='word_1_698' title='bbox 3208 3852 3475 3912; x_wconf 83' lang='lat' dir='ltr'><strong>servator,</strong></span> <span class='ocrx_word' id='word_1_699' title='bbox 3507 3844 3671 3904; x_wconf 83' lang='lat' dir='ltr'><strong>Chri-</strong></span> 
     </span>
    </p>
   </div>
   <div class='ocr_carea' id='block_1_100' title="bbox 2085 3923 3666 4011">
    <p class='ocr_par' dir='ltr' id='par_1_100' title="bbox 2085 3923 3666 4011">
     <span class='ocr_line' id='line_1_101' title="bbox 2085 3923 3666 4011; baseline 0.011 -31"><span class='ocrx_word' id='word_1_700' title='bbox 2085 3923 2267 3995; x_wconf 89' lang='lat' dir='ltr'><strong>stique</strong></span> <span class='ocrx_word' id='word_1_701' title='bbox 2342 3929 2714 3987; x_wconf 84' lang='lat' dir='ltr'><strong>certaminum</strong></span> <span class='ocrx_word' id='word_1_702' title='bbox 2772 3932 2949 3988; x_wconf 76' lang='lat' dir='ltr'><strong>victor</strong></span> <span class='ocrx_word' id='word_1_703' title='bbox 3000 3935 3328 3992; x_wconf 81' lang='lat' dir='ltr'><strong>brevissimo</strong></span> <span class='ocrx_word' id='word_1_704' title='bbox 3393 3939 3666 4011; x_wconf 86' lang='lat' dir='ltr'><strong>temporis</strong></span> 
     </span>
    </p>
   </div>
   <div class='ocr_carea' id='block_1_101' title="bbox 2085 4017 3667 4099">
    <p class='ocr_par' dir='ltr' id='par_1_101' title="bbox 2085 4017 3667 4099">
     <span class='ocr_line' id='line_1_102' title="bbox 2085 4017 3667 4099; baseline 0.012 -30"><span class='ocrx_word' id='word_1_705' title='bbox 2085 4017 2286 4087; x_wconf 88' lang='lat' dir='ltr'><strong>spatio,</strong></span> <span class='ocrx_word' id='word_1_706' title='bbox 2345 4033 2459 4073; x_wconf 87' lang='lat' dir='ltr'><strong>non</strong></span> <span class='ocrx_word' id='word_1_707' title='bbox 2491 4020 2669 4077; x_wconf 83' lang='lat' dir='ltr'><strong>solum</strong></span> <span class='ocrx_word' id='word_1_708' title='bbox 2726 4026 3034 4080; x_wconf 87' lang='lat' dir='ltr'><strong>secundum</strong></span> <span class='ocrx_word' id='word_1_709' title='bbox 3094 4043 3317 4099; x_wconf 89' lang='lat' dir='ltr'><strong>corpus,</strong></span> <span class='ocrx_word' id='word_1_710' title='bbox 3366 4029 3463 4086; x_wconf 91' lang='lat' dir='ltr'><strong>sed</strong></span> <span class='ocrx_word' id='word_1_711' title='bbox 3495 4032 3667 4087; x_wconf 88' lang='lat' dir='ltr'><strong>etiam</strong></span> 
     </span>
    </p>
   </div>
   <div class='ocr_carea' id='block_1_102' title="bbox 2085 4110 3669 4195">
    <p class='ocr_par' dir='ltr' id='par_1_102' title="bbox 2085 4110 3669 4195">
     <span class='ocr_line' id='line_1_103' title="bbox 2085 4110 3669 4195; baseline 0.011 -31"><span class='ocrx_word' id='word_1_712' title='bbox 2085 4110 2395 4166; x_wconf 83' lang='lat' dir='ltr'><strong>secundum</strong></span> <span class='ocrx_word' id='word_1_713' title='bbox 2440 4112 2680 4168; x_wconf 85' lang='lat' dir='ltr'><strong>animam</strong></span> <span class='ocrx_word' id='word_1_714' title='bbox 2726 4129 2920 4171; x_wconf 73' lang='lat' dir='ltr'><strong>sanum</strong></span> <span class='ocrx_word' id='word_1_715' title='bbox 2972 4134 3036 4174; x_wconf 86' lang='lat' dir='ltr'><strong>ac</strong></span> <span class='ocrx_word' id='word_1_716' title='bbox 3064 4120 3300 4188; x_wconf 84' lang='lat' dir='ltr'><strong>Salvum,</strong></span> <span class='ocrx_word' id='word_1_717' title='bbox 3351 4122 3669 4195; x_wconf 80' lang='lat' dir='ltr'><strong>viribusque</strong></span> 
     </span>
    </p>
   </div>
   <div class='ocr_carea' id='block_1_103' title="bbox 2084 4204 2690 4269">
    <p class='ocr_par' dir='ltr' id='par_1_103' title="bbox 2084 4204 2690 4269">
     <span class='ocr_line' id='line_1_104' title="bbox 2084 4204 2690 4269; baseline 0.015 -15"><span class='ocrx_word' id='word_1_718' title='bbox 2084 4204 2402 4262; x_wconf 86' lang='lat' dir='ltr'><strong>restitutum</strong></span> <span class='ocrx_word' id='word_1_719' title='bbox 2430 4206 2690 4269; x_wconf 77' lang='lat' dir='ltr'><strong>reddidit.</strong></span> 
     </span>
    </p>
   </div>
   <div class='ocr_carea' id='block_1_104' title="bbox 2159 4294 3667 4380">
    <p class='ocr_par' dir='ltr' id='par_1_104' title="bbox 2159 4294 3667 4380">
     <span class='ocr_line' id='line_1_105' title="bbox 2159 4294 3667 4380; baseline 0.011 -32"><span class='ocrx_word' id='word_1_720' title='bbox 2159 4294 2357 4351; x_wconf 67' lang='lat' dir='ltr'><strong>26.1w</strong></span> <span class='ocrx_word' id='word_1_721' title='bbox 2392 4297 2601 4368; x_wconf 83' lang='lat' dir='ltr'><strong>quippe</strong></span> <span class='ocrx_word' id='word_1_722' title='bbox 2655 4298 2944 4357; x_wconf 90' lang='lat' dir='ltr'><strong>intellectu</strong></span> <span class='ocrx_word' id='word_1_723' title='bbox 3006 4318 3108 4371; x_wconf 85' lang='lat' dir='ltr'><strong>per</strong></span> <span class='ocrx_word' id='word_1_724' title='bbox 3152 4307 3412 4379; x_wconf 85' lang='lat' dir='ltr'><strong>martyris</strong></span> <span class='ocrx_word' id='word_1_725' title='bbox 3436 4307 3667 4380; x_wconf 86' lang='lat' dir='ltr'><strong>gratiam</strong></span> 
     </span>
    </p>
   </div>
   <div class='ocr_carea' id='block_1_105' title="bbox 2087 4387 3668 4471">
    <p class='ocr_par' dir='ltr' id='par_1_105' title="bbox 2087 4387 3668 4471">
     <span class='ocr_line' id='line_1_106' title="bbox 2087 4387 3668 4471; baseline 0.013 -31"><span class='ocrx_word' id='word_1_726' title='bbox 2087 4387 2172 4441; x_wconf 86' lang='lat' dir='ltr'><strong>vir</strong></span> <span class='ocrx_word' id='word_1_727' title='bbox 2227 4389 2492 4460; x_wconf 84' lang='lat' dir='ltr'><strong>repletus,</strong></span> <span class='ocrx_word' id='word_1_728' title='bbox 2551 4394 2815 4449; x_wconf 91' lang='lat' dir='ltr'><strong>omnibus</strong></span> <span class='ocrx_word' id='word_1_729' title='bbox 2860 4397 3128 4465; x_wconf 82' lang='lat' dir='ltr'><strong>perculsis</strong></span> <span class='ocrx_word' id='word_1_730' title='bbox 3156 4407 3212 4455; x_wconf 86' lang='lat' dir='ltr'><strong>et</strong></span> <span class='ocrx_word' id='word_1_731' title='bbox 3254 4401 3668 4471; x_wconf 91' lang='lat' dir='ltr'><strong>quodammodo</strong></span> 
     </span>
    </p>
   </div>
   <div class='ocr_carea' id='block_1_106' title="bbox 2088 4480 3669 4562">
    <p class='ocr_par' dir='ltr' id='par_1_106' title="bbox 2088 4480 3669 4562">
     <span class='ocr_line' id='line_1_107' title="bbox 2088 4480 3669 4562; baseline 0.011 -28"><span class='ocrx_word' id='word_1_732' title='bbox 2088 4495 2201 4549; x_wconf 83' lang='lat' dir='ltr'><strong>prae</strong></span> <span class='ocrx_word' id='word_1_733' title='bbox 2256 4480 2633 4552; x_wconf 77' lang='lat' dir='ltr'><strong>inexspectata</strong></span> <span class='ocrx_word' id='word_1_734' title='bbox 2701 4486 2991 4542; x_wconf 86' lang='lat' dir='ltr'><strong>sanatione</strong></span> <span class='ocrx_word' id='word_1_735' title='bbox 3050 4490 3324 4562; x_wconf 86' lang='lat' dir='ltr'><strong>hujusque</strong></span> <span class='ocrx_word' id='word_1_736' title='bbox 3379 4494 3669 4552; x_wconf 79' lang='lat' dir='ltr'><strong>celeritate</strong></span> 
     </span>
    </p>
   </div>
   <div class='ocr_carea' id='block_1_107' title="bbox 2084 4575 3667 4651">
    <p class='ocr_par' dir='ltr' id='par_1_107' title="bbox 2084 4575 3667 4651">
     <span class='ocr_line' id='line_1_108' title="bbox 2084 4575 3667 4651; baseline 0.008 -20"><span class='ocrx_word' id='word_1_737' title='bbox 2084 4583 2238 4631; x_wconf 79' lang='lat' dir='ltr'><strong>extra</strong></span> <span class='ocrx_word' id='word_1_738' title='bbox 2270 4588 2330 4629; x_wconf 89' lang='lat' dir='ltr'><strong>se</strong></span> <span class='ocrx_word' id='word_1_739' title='bbox 2387 4575 2580 4644; x_wconf 78' lang='lat' dir='ltr'><strong>raptis,</strong></span> <span class='ocrx_word' id='word_1_740' title='bbox 2635 4592 2733 4632; x_wconf 90' lang='lat' dir='ltr'><strong>ore</strong></span> <span class='ocrx_word' id='word_1_741' title='bbox 2787 4587 2981 4649; x_wconf 90' lang='lat' dir='ltr'><strong>aperto</strong></span> <span class='ocrx_word' id='word_1_742' title='bbox 3035 4582 3254 4639; x_wconf 87' lang='lat' dir='ltr'><strong>laudem</strong></span> <span class='ocrx_word' id='word_1_743' title='bbox 3288 4584 3420 4651; x_wconf 93' lang='lat' dir='ltr'><strong>Deo,</strong></span> <span class='ocrx_word' id='word_1_744' title='bbox 3479 4603 3667 4643; x_wconf 81' lang='lat' dir='ltr'><strong>rerum</strong></span> 
     </span>
    </p>
   </div>
   <div class='ocr_carea' id='block_1_108' title="bbox 2087 4666 3669 4734">
    <p class='ocr_par' dir='ltr' id='par_1_108' title="bbox 2087 4666 3669 4734">
     <span class='ocr_line' id='line_1_109' title="bbox 2087 4666 3669 4734; baseline 0.009 -13"><span class='ocrx_word' id='word_1_745' title='bbox 2087 4666 2345 4721; x_wconf 84' lang='lat' dir='ltr'><strong>omnium.</strong></span> <span class='ocrx_word' id='word_1_746' title='bbox 2371 4667 2625 4733; x_wconf 89' lang='lat' dir='ltr'><strong>Domino,</strong></span> <span class='ocrx_word' id='word_1_747' title='bbox 2668 4669 2922 4728; x_wconf 75' lang='lat' dir='ltr'><strong>alacriter</strong></span> <span class='ocrx_word' id='word_1_748' title='bbox 2951 4676 3263 4733; x_wconf 84' lang='lat' dir='ltr'><strong>attribuens</strong></span> <span class='ocrx_word' id='word_1_749' title='bbox 3304 4679 3441 4733; x_wconf 81' lang='lat' dir='ltr'><strong>dixit</strong></span> <span class='ocrx_word' id='word_1_750' title='bbox 3480 4690 3669 4734; x_wconf 84' lang='lat' dir='ltr'><strong>astan-</strong></span> 
     </span>
    </p>
   </div>
   <div class='ocr_carea' id='block_1_109' title="bbox 2090 4758 3671 4830">
    <p class='ocr_par' dir='ltr' id='par_1_109' title="bbox 2090 4758 3671 4830">
     <span class='ocr_line' id='line_1_110' title="bbox 2090 4758 3671 4830; baseline 0.008 -18"><span class='ocrx_word' id='word_1_751' title='bbox 2090 4758 2276 4814; x_wconf 84' lang='lat' dir='ltr'><strong>tibus:</strong></span> <span class='ocrx_word' id='word_1_752' title='bbox 2312 4759 2529 4815; x_wconf 89' lang='lat' dir='ltr'><strong>Domini</strong></span> <span class='ocrx_word' id='word_1_753' title='bbox 2554 4762 2931 4830; x_wconf 76' lang='lat' dir='ltr'><strong>virtutes,.l)ei</strong></span> <span class='ocrx_word' id='word_1_754' title='bbox 2968 4780 3217 4825; x_wconf 81' lang='lat' dir='ltr'><strong>amantes</strong></span> <span class='ocrx_word' id='word_1_755' title='bbox 3247 4784 3310 4824; x_wconf 88' lang='lat' dir='ltr'><strong>ac</strong></span> <span class='ocrx_word' id='word_1_756' title='bbox 3335 4769 3516 4826; x_wconf 89' lang='lat' dir='ltr'><strong>dilecti</strong></span> <span class='ocrx_word' id='word_1_757' title='bbox 3556 4770 3671 4824; x_wconf 81' lang='lat' dir='ltr'><strong>fra-</strong></span> 
     </span>
    </p>
   </div>
   <div class='ocr_carea' id='block_1_110' title="bbox 2092 4852 3671 4930">
    <p class='ocr_par' dir='ltr' id='par_1_110' title="bbox 2092 4852 3671 4930">
     <span class='ocr_line' id='line_1_111' title="bbox 2092 4852 3671 4930; baseline 0.007 -22"><span class='ocrx_word' id='word_1_758' title='bbox 2092 4862 2223 4919; x_wconf 88' lang='lat' dir='ltr'><strong>tres,</strong></span> <span class='ocrx_word' id='word_1_759' title='bbox 2257 4855 2383 4925; x_wconf 87' lang='lat' dir='ltr'><strong>quis</strong></span> <span class='ocrx_word' id='word_1_760' title='bbox 2412 4852 2708 4927; x_wconf 83' lang='lat' dir='ltr'><strong>loquetur?</strong></span> <span class='ocrx_word' id='word_1_761' title='bbox 2738 4856 2831 4913; x_wconf 81' lang='lat' dir='ltr'><strong>Vel</strong></span> <span class='ocrx_word' id='word_1_762' title='bbox 2859 4858 2985 4928; x_wconf 88' lang='lat' dir='ltr'><strong>quis</strong></span> <span class='ocrx_word' id='word_1_763' title='bbox 3010 4875 3202 4917; x_wconf 85' lang='lat' dir='ltr'><strong>omnes</strong></span> <span class='ocrx_word' id='word_1_764' title='bbox 3218 4859 3338 4930; x_wconf 86' lang='lat' dir='ltr'><strong>ejus</strong></span> <span class='ocrx_word' id='word_1_765' title='bbox 3366 4861 3559 4918; x_wconf 85' lang='lat' dir='ltr'><strong>laudes</strong></span> <span class='ocrx_word' id='word_1_766' title='bbox 3588 4862 3671 4918; x_wconf 78' lang='lat' dir='ltr'><strong>fa-</strong></span> 
     </span>
    </p>
   </div>
   <div class='ocr_carea' id='block_1_111' title="bbox 2088 4946 3670 5024">
    <p class='ocr_par' dir='ltr' id='par_1_111' title="bbox 2088 4946 3670 5024">
     <span class='ocr_line' id='line_1_112' title="bbox 2088 4946 3670 5024; baseline 0.005 -23"><span class='ocrx_word' id='word_1_767' title='bbox 2088 4946 2199 5001; x_wconf 88' lang='lat' dir='ltr'><strong>ciet</strong></span> <span class='ocrx_word' id='word_1_768' title='bbox 2232 4947 2489 5004; x_wconf 78' lang='lat' dir='ltr'><strong>auditas‘!</strong></span> <span class='ocrx_word' id='word_1_769' title='bbox 2515 4948 2648 5017; x_wconf 86' lang='lat' dir='ltr'><strong>Quis</strong></span> <span class='ocrx_word' id='word_1_770' title='bbox 2671 4948 2814 5005; x_wconf 90' lang='lat' dir='ltr'><strong>enim</strong></span> <span class='ocrx_word' id='word_1_771' title='bbox 2840 4951 2981 5005; x_wconf 83' lang='lat' dir='ltr'><strong>sicut</strong></span> <span class='ocrx_word' id='word_1_772' title='bbox 3012 4950 3275 5008; x_wconf 89' lang='lat' dir='ltr'><strong>Dominus</strong></span> <span class='ocrx_word' id='word_1_773' title='bbox 3293 4952 3434 5009; x_wconf 90' lang='lat' dir='ltr'><strong>Deus</strong></span> <span class='ocrx_word' id='word_1_774' title='bbox 3454 4962 3670 5024; x_wconf 89' lang='lat' dir='ltr'><strong>noster,</strong></span> 
     </span>
    </p>
   </div>
   <div class='ocr_carea' id='block_1_112' title="bbox 2087 5038 3670 5105">
    <p class='ocr_par' dir='ltr' id='par_1_112' title="bbox 2087 5038 3670 5105">
     <span class='ocr_line' id='line_1_113' title="bbox 2087 5038 3670 5105; baseline 0.008 -12"><span class='ocrx_word' id='word_1_775' title='bbox 2087 5038 2144 5093; x_wconf 91' lang='lat' dir='ltr'><strong>in</strong></span> <span class='ocrx_word' id='word_1_776' title='bbox 2178 5040 2414 5097; x_wconf 78' lang='lat' dir='ltr'><strong>excelsis</strong></span> <span class='ocrx_word' id='word_1_777' title='bbox 2443 5041 2703 5099; x_wconf 88' lang='lat' dir='ltr'><strong>habitans</strong></span> <span class='ocrx_word' id='word_1_778' title='bbox 2737 5043 2966 5099; x_wconf 87' lang='lat' dir='ltr'><strong>humilia</strong></span> <span class='ocrx_word' id='word_1_779' title='bbox 2998 5052 3055 5100; x_wconf 92' lang='lat' dir='ltr'><strong>et</strong></span> <span class='ocrx_word' id='word_1_780' title='bbox 3077 5044 3132 5101; x_wconf 91' lang='lat' dir='ltr'><strong>in</strong></span> <span class='ocrx_word' id='word_1_781' title='bbox 3163 5044 3319 5101; x_wconf 77' lang='lat' dir='ltr'><strong>ccelis</strong></span> <span class='ocrx_word' id='word_1_782' title='bbox 3349 5055 3404 5102; x_wconf 86' lang='lat' dir='ltr'><strong>et</strong></span> <span class='ocrx_word' id='word_1_783' title='bbox 3437 5049 3490 5102; x_wconf 90' lang='lat' dir='ltr'><strong>in</strong></span> <span class='ocrx_word' id='word_1_784' title='bbox 3524 5056 3670 5105; x_wconf 83' lang='lat' dir='ltr'><strong>terra</strong></span> 
     </span>
    </p>
   </div>
   <div class='ocr_carea' id='block_1_113' title="bbox 2088 5134 3669 5205">
    <p class='ocr_par' dir='ltr' id='par_1_113' title="bbox 2088 5134 3669 5205">
     <span class='ocr_line' id='line_1_114' title="bbox 2088 5134 3669 5205; baseline 0.007 -19"><span class='ocrx_word' id='word_1_785' title='bbox 2088 5134 2340 5204; x_wconf 85' lang='lat' dir='ltr'><strong>respicit,</strong></span> <span class='ocrx_word' id='word_1_786' title='bbox 2382 5135 2479 5205; x_wconf 84' lang='lat' dir='ltr'><strong>qui</strong></span> <span class='ocrx_word' id='word_1_787' title='bbox 2534 5135 2935 5193; x_wconf 79' lang='lat' dir='ltr'><strong>honoriﬁcatus</strong></span> <span class='ocrx_word' id='word_1_788' title='bbox 2989 5137 3046 5191; x_wconf 92' lang='lat' dir='ltr'><strong>in</strong></span> <span class='ocrx_word' id='word_1_789' title='bbox 3078 5137 3317 5195; x_wconf 78' lang='lat' dir='ltr'><strong>concilio</strong></span> <span class='ocrx_word' id='word_1_790' title='bbox 3348 5151 3669 5198; x_wconf 86' lang='lat' dir='ltr'><strong>sanctorum</strong></span> 
     </span>
    </p>
   </div>
   <div class='ocr_carea' id='block_1_114' title="bbox 2087 5226 3675 5300">
    <p class='ocr_par' dir='ltr' id='par_1_114' title="bbox 2087 5226 3675 5300">
     <span class='ocr_line' id='line_1_115' title="bbox 2087 5226 3675 5300; baseline 0.003 -15"><span class='ocrx_word' id='word_1_791' title='bbox 2087 5244 2318 5300; x_wconf 77' lang='lat' dir='ltr'><strong>magnus</strong></span> <span class='ocrx_word' id='word_1_792' title='bbox 2343 5235 2400 5283; x_wconf 90' lang='lat' dir='ltr'><strong>et</strong></span> <span class='ocrx_word' id='word_1_793' title='bbox 2460 5226 2720 5283; x_wconf 89' lang='lat' dir='ltr'><strong>terribilis</strong></span> <span class='ocrx_word' id='word_1_794' title='bbox 2749 5229 2875 5283; x_wconf 81' lang='lat' dir='ltr'><strong>est?</strong></span> <span class='ocrx_word' id='word_1_795' title='bbox 2936 5227 3075 5284; x_wconf 83' lang='lat' dir='ltr'><strong>Vere</strong></span> <span class='ocrx_word' id='word_1_796' title='bbox 3105 5229 3162 5283; x_wconf 91' lang='lat' dir='ltr'><strong>in</strong></span> <span class='ocrx_word' id='word_1_797' title='bbox 3189 5231 3426 5289; x_wconf 87' lang='lat' dir='ltr'><strong>consilio</strong></span> <span class='ocrx_word' id='word_1_798' title='bbox 3452 5242 3507 5288; x_wconf 91' lang='lat' dir='ltr'><strong>et</strong></span> <span class='ocrx_word' id='word_1_799' title='bbox 3539 5248 3675 5290; x_wconf 77' lang='lat' dir='ltr'><strong>con-</strong></span> 
     </span>
    </p>
   </div>
   <div class='ocr_carea' id='block_1_115' title="bbox 2087 5320 3673 5397">
    <p class='ocr_par' dir='ltr' id='par_1_115' title="bbox 2087 5320 3673 5397">
     <span class='ocr_line' id='line_1_116' title="bbox 2087 5320 3673 5397; baseline 0.003 -19"><span class='ocrx_word' id='word_1_800' title='bbox 2087 5322 2415 5396; x_wconf 81' lang='lat' dir='ltr'><strong>gregatione</strong></span> <span class='ocrx_word' id='word_1_801' title='bbox 2435 5320 2714 5390; x_wconf 75' lang='lat' dir='ltr'><strong>iustorum</strong></span> <span class='ocrx_word' id='word_1_802' title='bbox 2743 5334 2936 5392; x_wconf 85' lang='lat' dir='ltr'><strong>magna</strong></span> <span class='ocrx_word' id='word_1_803' title='bbox 2968 5335 3138 5391; x_wconf 88' lang='lat' dir='ltr'><strong>opera</strong></span> <span class='ocrx_word' id='word_1_804' title='bbox 3172 5320 3423 5380; x_wconf 89' lang='lat' dir='ltr'><strong>Domini:</strong></span> <span class='ocrx_word' id='word_1_805' title='bbox 3448 5340 3673 5397; x_wconf 85' lang='lat' dir='ltr'><strong>percus-</strong></span> 
     </span>
    </p>
   </div>
   <div class='ocr_carea' id='block_1_116' title="bbox 2087 5412 3670 5492">
    <p class='ocr_par' dir='ltr' id='par_1_116' title="bbox 2087 5412 3670 5492">
     <span class='ocr_line' id='line_1_117' title="bbox 2087 5412 3670 5492; baseline -0.006 -20"><span class='ocrx_word' id='word_1_806' title='bbox 2087 5418 2160 5473; x_wconf 90' lang='lat' dir='ltr'><strong>sit</strong></span> <span class='ocrx_word' id='word_1_807' title='bbox 2190 5424 2246 5472; x_wconf 86' lang='lat' dir='ltr'><strong>et</strong></span> <span class='ocrx_word' id='word_1_808' title='bbox 2282 5428 2483 5477; x_wconf 80' lang='lat' dir='ltr'><strong>manus</strong></span> <span class='ocrx_word' id='word_1_809' title='bbox 2532 5412 2655 5481; x_wconf 77' lang='lat' dir='ltr'><strong>eius</strong></span> <span class='ocrx_word' id='word_1_810' title='bbox 2686 5427 3043 5472; x_wconf 76' lang='lat' dir='ltr'><strong>sanaverunt.</strong></span> <span class='ocrx_word' id='word_1_811' title='bbox 3077 5414 3272 5474; x_wconf 80' lang='lat' dir='ltr'><strong>Sexies</strong></span> <span class='ocrx_word' id='word_1_812' title='bbox 3296 5426 3349 5475; x_wconf 88' lang='lat' dir='ltr'><strong>te</strong></span> <span class='ocrx_word' id='word_1_813' title='bbox 3376 5433 3448 5475; x_wconf 77' lang='lat' dir='ltr'><strong>ex</strong></span> <span class='ocrx_word' id='word_1_814' title='bbox 3492 5434 3670 5492; x_wconf 59' lang='lat' dir='ltr'><strong>angu.</strong></span> 
     </span>
    </p>
   </div>
   <div class='ocr_carea' id='block_1_117' title="bbox 2087 5572 3668 5650">
    <p class='ocr_par' dir='ltr' id='par_1_117' title="bbox 2087 5572 3668 5650">
     <span class='ocr_line' id='line_1_118' title="bbox 2087 5572 3668 5650; baseline -0.002 -15"><span class='ocrx_word' id='word_1_815' title='bbox 2087 5580 2164 5635; x_wconf 88' lang='lat' dir='ltr'><strong>sis</strong></span> <span class='ocrx_word' id='word_1_816' title='bbox 2197 5586 2431 5650; x_wconf 74' lang='lat' dir='ltr'><strong>patrono</strong></span> <span class='ocrx_word' id='word_1_817' title='bbox 2470 5573 2714 5650; x_wconf 62' lang='lat' dir='ltr'><strong>habiturn</strong></span> <span class='ocrx_word' id='word_1_818' title='bbox 2770 5572 2942 5629; x_wconf 77' lang='lat' dir='ltr'><strong>fuisse</strong></span> <span class='ocrx_word' id='word_1_819' title='bbox 2987 5581 3236 5650; x_wconf 75' lang='lat' dir='ltr'><strong>sanctum</strong></span> <span class='ocrx_word' id='word_1_820' title='bbox 3287 5574 3621 5650; x_wconf 76' lang='lat' dir='ltr'><strong>Demetrium</strong></span> <span class='ocrx_word' id='word_1_821' title='bbox 3649 5616 3668 5645; x_wconf 91' lang='lat'><strong>,</strong></span> 
     </span>
    </p>
   </div>
   <div class='ocr_carea' id='block_1_118' title="bbox 2086 5644 3672 5771">
    <p class='ocr_par' dir='ltr' id='par_1_118' title="bbox 2086 5644 3672 5771">
     <span class='ocr_line' id='line_1_119' title="bbox 2086 5644 3672 5771; baseline 0.002 -68"><span class='ocrx_word' id='word_1_822' title='bbox 2086 5653 2176 5719; x_wconf 87' lang='lat' dir='ltr'><strong>qui</strong></span> <span class='ocrx_word' id='word_1_823' title='bbox 2201 5644 2910 5771; x_wconf 35' lang='lat' dir='ltr'><strong>proinde.etiam,i,amotum</strong></span> <span class='ocrx_word' id='word_1_824' title='bbox 2936 5644 3085 5699; x_wconf 88' lang='lat' dir='ltr'><strong>cultu</strong></span> <span class='ocrx_word' id='word_1_825' title='bbox 3106 5646 3479 5728; x_wconf 75' lang='lat' dir='ltr'><strong>ecclesiastico</strong></span> <span class='ocrx_word' id='word_1_826' title='bbox 3506 5644 3672 5721; x_wconf 72' lang='lat' dir='ltr'><strong>plano</strong></span> 
     </span>
     <span class='ocr_line' id='line_1_120' title="bbox 2086 5714 3249 5771; baseline 0 0"><span class='ocrx_word' id='word_1_827' title='bbox 2086 5721 2283 5771; x_wconf 73' lang='grc' dir='ltr'>ἱνείαηι</span> <span class='ocrx_word' id='word_1_828' title='bbox 2323 5718 2488 5771; x_wconf 86' lang='lat' dir='ltr'><strong>luent</strong></span> <span class='ocrx_word' id='word_1_829' title='bbox 2523 5716 2655 5771; x_wconf 88' lang='lat' dir='ltr'><strong>mdu</strong></span> <span class='ocrx_word' id='word_1_830' title='bbox 2696 5715 2745 5771; x_wconf 86' lang='lat' dir='ltr'><strong>ie</strong></span> <span class='ocrx_word' id='word_1_831' title='bbox 2776 5714 2980 5771; x_wconf 76' lang='lat' dir='ltr'><strong>ibidem</strong></span> <span class='ocrx_word' id='word_1_832' title='bbox 3014 5731 3249 5771; x_wconf 71' lang='lat' dir='ltr'><strong>gawsus.</strong></span> 
     </span>
    </p>
   </div>
   <div class='ocr_carea' id='block_1_119' title="bbox 2086 5714 3249 5793">
    <p class='ocr_par' dir='ltr' id='par_1_119' title="bbox 2086 5714 3249 5793">
     <span class='ocr_line' id='line_1_121' title="bbox 2086 5714 3249 5793; baseline -0.003 -17"><span class='ocrx_word' id='word_1_833' title='bbox 2086 5714 2283 5793; x_wconf 57' lang='lat' dir='ltr'><strong>ii&#39;sig&#39;ni</strong></span> <span class='ocrx_word' id='word_1_834' title='bbox 2323 5716 2488 5775; x_wconf 86' lang='lat' dir='ltr'><strong>luerit</strong></span> <span class='ocrx_word' id='word_1_835' title='bbox 2523 5714 2745 5773; x_wconf 75' lang='lat' dir='ltr'><strong>indubia</strong></span> <span class='ocrx_word' id='word_1_836' title='bbox 2776 5714 2980 5772; x_wconf 89' lang='lat' dir='ltr'><strong>ibidem</strong></span> <span class='ocrx_word' id='word_1_837' title='bbox 3014 5715 3249 5786; x_wconf 86' lang='lat' dir='ltr'><strong>gavisus.</strong></span> 
     </span>
    </p>
   </div>
  </div>
