4090 6384
524 355 663 422 1⁵2ῦῦ

1819 352 2473 417 SUPPLEMENTUM.

3624 358 3768 425 12'26

512 479 727 535 sionem
784 471 1076 534 Eusebius,
1131 480 1258 523 tunc
1317 467 1786 538 archiepiscopus,
1856 468 2070 532 viderit,

2185 473 2211 522 6
2243 471 2361 524 τότε
2396 471 2691 542 ἀρχιερεὺς
2723 470 2983 534 Εὖσέὅιος
3009 471 3293 536 ἐθεάσατο,
3324 471 3618 537 ἀκούσατε,
3654 493 3771 527 πα-

511 567 698 624 audite
725 607 737 628 ,
771 563 1056 623 admoneo,
1101 569 1261 629 atque
1305 559 1372 613 ad
1426 558 1679 628 pietatem
1716 560 2042 612 moveamini
2070 601 2083 622 ,

518 660 815 727 Deumque,
849 654 1096 709 omnium
1128 668 1328 722 regem,
1360 651 1430 706 ob
1469 650 1866 719 providentiam
1901 650 2082 705 diver-

513 767 628 808 sam
655 734 1023 805 admiramini.
1060 745 1247 814 Neque
1290 736 1437 797 enim
1472 743 1575 797 alia
1612 743 1678 797 de
1713 758 1878 797 causa
1918 742 2086 796 visio-

514 860 613 900 nes
635 838 755 897 illas
785 838 1197 909 archiepiscopo
1228 844 1357 891 tunc
1394 823 1711 904 apparuisse
1745 848 1887 895 reor,
1920 848 2081 902 quam

512 945 572 990 ut
603 932 910 989 futurorum
947 928 1213 983 malorum
1248 923 1676 994 magnitudinem
1733 938 2083 992 praenoscens

511 1042 609 1097 per
637 1023 996 1080 certaminum
1018 1019 1294 1074 Victorem
1325 1012 1577 1085 precibus
1607 1013 1880 1067 continuis
1915 1014 2081 1066 Deum

512 1104 749 1186 plaea'ret
773 1114 967 1183 ;'quod
1003 1120 1058 1167 ct
1090 1111 1235 1170 fecit,
1272 1108 1340 1162 ab
1370 1122 1435 1161 eo
1466 1115 1732 1174 tempore,
1768 1120 1877 1172 quo
1910 1103 2078 1158 visio~

508 1228 635 1267 nem
679 1207 909 1269 viderat,
948 1218 1117 1273 usque
1146 1200 1210 1255 ad
1248 1199 1378 1254 illud
1406 1239 1423 1265 ,
1464 1212 1573 1267 quo
1620 1195 1792 1249 nostri
1828 1196 2082 1251 misertus

508 1316 592 1361 est
630 1303 791 1365 Dens,
827 1315 928 1354 nec
971 1298 1025 1353 in
1073 1295 1419 1350 inimicorum
1449 1306 1644 1346 manus
1678 1287 1920 1355 tradidit,
1960 1291 2082 1360 eju-

507 1396 627 1453 ians
659 1406 822 1464 atque
850 1392 1180 1448 lamentans.

584 1490 702 1545 1ἓο.
766 1487 901 1542 Oeto
961 1486 1105 1539 enim
1147 1490 1239 1534 aut
1287 1480 1471 1533 decem
1526 1478 1735 1542 diibus,
1788 1483 2079 1544 antequam

507 1586 768 1639 adversus
807 1594 907 1633 nos
933 1573 1201 1630 barbarici
1230 1572 1399 1626 nimbi
1433 1579 1762 1637 streperent,
1795 1566 2074 1643 archiepi-

507 1689 706 1741 scopus
738 1673 790 1725 in
817 1684 1014 1724 somno
1039 1666 1306 1730 seipsum,
1340 1664 1393 1715 in
1428 1660 1665 1715 civitatis
1699 1663 1931 1723 theatro,
1964 1672 2078 1711 ma-

506 1781 612 1838 gna
646 1762 821 1832 'bujus
856 1759 1202 1815 multitudine
1243 1764 1510 1825 praesente
1535 1794 1550 1819 ,
1586 1753 1866 1807 sedentem
1897 1749 2074 1814 vidit,

506 1874 592 1926 ac,
621 1871 745 1911 cum
767 1853 925 1923 cujus
956 1852 1033 1905 rei
1071 1848 1245 1920 gratia
1269 1848 1321 1901 in
1349 1846 1490 1908 loco,
1517 1842 1915 1915 dignitati'sua:
1940 1842 2076 1897 adeo

505 1945 938 2010 inconvenienti,
981 1943 1220 2007 sederet,
1262 1939 1463 1995 dubius
1501 1946 1683 2003 esset,
1736 1950 2071 2007 surgensque

505 2043 654 2098 abire
685 2040 1059 2099 meditaretur,
1091 2033 1229 2088 vidit
1273 2030 1576 2103 tragoedum
1628 2030 1686 2083 in
1733 2029 1974 2094 theatri,
2011 2036 2069 2082 ut

502 2144 763 2197 vocatur,
796 2131 976 2201 logion
1015 2126 1414 2199 ingredientem
1445 2162 1461 2188 ,
1498 2122 1713 2191 sibique
1747 2121 2018 2177 dicentem
2055 2137 2069 2175 :

506 2229 792 2296 l~1x5pecta,
827 2223 952 2293 quia
1004 2230 1056 2274 to
1086 2229 1142 2273 et
1175 2218 1337 2272 ﬁliam
1377 2226 1523 2270 tuam
1556 2214 1845 2269 lamentari
1876 2214 2072 2268 debeo.

506 2316 643 2370 lluic
673 2321 857 2367 autem
897 2309 1035 2364 dixit
1072 2307 1204 2361 ille:
1237 2303 1317 2359 Ne
1348 2305 1603 2367 labores;
1634 2319 1735 2373 ego
1782 2304 1929 2358 enim
1972 2320 2075 2359 nec

503 2408 668 2462 ﬁliam
702 2405 903 2467 habeo,
932 2416 1035 2456 nec
1069 2400 1125 2453 in
1164 2413 1249 2452 me
1278 2398 1596 2467 quidquam,
1628 2396 1772 2466 quod
1810 2396 2061 2451 lamente-

505 2500 600 2565 ris,
630 2497 815 2553 habes.
847 2495 938 2548 llle
963 2501 1144 2546 autem
1172 2490 1490 2561 respondit:
1518 2489 1656 2544 Vere
1685 2489 1848 2543 ﬁliam
1879 2488 2072 2555 habes,

504 2608 733 2662 eamque
766 2586 1066 2644 multorum
1105 2584 1335 2638 ﬁliorum
1388 2589 1639 2646 matrem,
1692 2596 1754 2636 ac
1808 2590 1859 2635 te
1908 2580 2071 2635 etiam

507 2693 728 2755 propter
758 2682 907 2736 illam
936 2674 1225 2732 lamentari
1257 2682 1491 2744 Oportet.
1525 2672 1678 2727 Tunc
1705 2671 2073 2741 archiepisco-

504 2794 608 2849 pus
664 2774 940 2832 civitatem
987 2770 1056 2824 ab
1101 2784 1167 2823 eo
1211 2765 1375 2822 tiliam
1426 2782 1577 2821 suam
1625 2765 1732 2819 dici
1783 2764 2070 2818 intellexit.

503 2869 641 2926 Cum
669 2882 850 2925 autem
884 2866 974 2920 ille
1008 2862 1296 2918 lamentari
1318 2861 1634 2931 iuceptnrus
1656 2869 1822 2921 esset,
1847 2873 2073 2928 surgens

504 2979 535 3018 e
583 2961 781 3017 throno
826 2971 927 3012 suo
961 2952 1412 3023 archiepiscopus
1466 2964 1602 3005 voce
1654 2950 1794 3002 elata
1830 2948 1895 3002 ad
1942 2963 2071 3002 eum

501 3053 756 3110 clamavit
794 3068 809 3106 :
840 3049 945 3104 Per
990 3063 1171 3102 rerum
1204 3043 1517 3100 sublimium
1548 3042 1742 3111 Deum,
1777 3058 1954 3112 neque
1986 3059 2071 3097 me

2192 561 2430 631 ρακαλῶ,
2461 564 2556 615 καὶ
2588 562 2967 634 κατανύχθητε
3004 565 3141 632 πρὸς
3191 563 3506 630 εὐλάϐειαν,
3546 567 3640 620 καὶ
3673 567 3769 619 τὸν

2191 657 2536 725 παμϐασιλέα
2577 659 2709 711 Θεὸν
2756 660 2856 729 τῆς
2912 659 3163 732 ποικίλης
3197 662 3455 730 προνοίας
3491 662 3771 731 ὑπερθαυ-

2192 751 2403 821 μάσατε
2428 770 2440 782 ·
2464 752 2584 805 οὐδὲ
2609 752 2718 822 γὰρ
2747 753 2910 807 ἄλλου
2935 770 3030 806 του
3060 754 3221 823 χάριν
3250 754 3347 816 τὰς
3375 753 3525 822 Wst;
3551 755 3767 817 ὲκείνας

2189 838 2343 911 οἶμαι
2378 842 2452 910 τῷ
2507 845 2927 913 ἀρχιεπισκόπῳ
2977 846 3099 898 τότε
3159 846 3635 917 καταφανῆναι,ἦ
3671 846 3768 900 τοῦ

2191 936 2498 1005 προγνόντα
2543 936 2602 988 τὸ
2638 936 2869 1004 μέγεθος
2906 936 3015 991 τῶν
3052 938 3325 1007 ἐσομένων
3379 938 3568 993 δεινῶν
3604 939 3767 991 ἀδια-

2188 1025 2425 1091 λείπτοις
2479 1032 2806 1097 προσευχαῖς
2865 1032 2958 1083 τὸν
3010 1032 3145 1084 Θεὸν
3182 1031 3268 1082 διὰ
3329 1031 3422 1083 τοῦ
3456 1032 3764 1100 ἀθλοφόροι)

2187 1117 2575 1181 ἐξιλεώσοισθαι
2602 1136 2616 1151 ·
2656 1123 2793 1189 ὅπερ
2826 1125 2922 1173 καὶ
2955 1124 3249 1191 πεποίηκε,
3283 1122 3490 1176 κλαίων
3526 1124 3618 1175 καὶ
3643 1122 3767 1175 65'.)-

2190 1209 2417 1278 ρόμενος
2460 1211 2553 1281 ἀφ’
2584 1208 2644 1267 οὗ
2679 1214 2769 1267 τὸν
2802 1216 3013 1285 ὄνειρον
3041 1217 3298 1286 ἑωράκει,
3328 1217 3433 1278 ἕως
3464 1211 3523 1271 οὗ
3550 1217 3763 1269 obsta!-

2191 1318 2355 1370 ρησεν
2411 1304 2558 1373 ἡμᾶς
2605 1306 2630 1353 ὁ
2661 1305 2814 1369 Θεὸς,
2866 1310 2959 1361 καὶ
3020 1309 3081 1359 οὐ
3114 1308 3431 1378 παρέδωκεν
3459 1310 3536 1372 εἰς
3567 1309 3765 1378 χεῖρας

2188 1389 2417 1459 ἐχθρῶν.
2573 1398 2578 1403 ’

2262 1482 2364 1554 ρκ’.
2421 1484 2534 1555 Πρὸ
2565 1485 2672 1553 γὰρ
2704 1484 2848 1537 ὀκτὼ
2881 1486 2913 1555 ἢ
2944 1485 3075 1539 δέκα
3103 1486 3330 1556 ἡμερῶν
3370 1486 3458 1539 τοῦ
3488 1487 3759 1558 βραχῆναι

2183 1576 2315 1644 ἡμῖν
2344 1578 2443 1638 τὰς
2483 1575 2828 1645 βαρϐαρικὰς
2853 1578 3223 1648 νιφάδας,6ρᾷ
3252 1578 3442 1631 ἑαυτὸν
3477 1580 3596 1633 κατ’
3619 1580 3760 1650 ὄναρ

2182 1670 2208 1722 6
2238 1669 2666 1739 ἀρχιεπίσκοπος
2699 1673 2758 1722 ὲν
2792 1670 2870 1740 τῷ
2912 1669 3128 1739 Θεάτρῳ
3157 1671 3253 1738 τῆς
3287 1672 3495 1733 πόλεως
3522 1673 3755 1735 2165;6-

2185 1777 2366 1829 μενον,
2431 1760 2589 1831 ὄχλου
2657 1762 2911 1824 συνόντος
2970 1761 3119 1831 αὐτῷ
3177 1762 3394 1829 πολλοῦ,
3435 1765 3528 1816 καὶ
3578 1765 3641 1833 δὴ
3676 1766 3755 1826 ὡς

2177 1853 2425 1924 διηπόρει
2460 1854 2606 1916 τίνος
2640 1855 2799 1924 χάριν
2826 1857 2883 1907 ὲν
2910 1855 3082 1918 οὕτως
3110 1856 3421 1924 ἁναρμοδὶῳ
3454 1857 3600 1926 τόπῳ
3649 1858 3753 1926 τῆς

2175 1944 2330 2009 diis;
2357 1944 2521 1997 αὑτοῦ
2550 1944 2863 2009 καθέζεται,
2898 1946 2993 1998 καὶ
3011 1946 3324 2015 βουλεύεται
3355 1947 3586 2007 ivncti;
3607 1946 3749 1998 ὕπο-

2175 2039 2392 2108 χωρείν,
2423 2039 2527 2107 ὁρᾷ
2575 2036 2851 2108 τραγῳδὸν
2887 2037 3277 2105 εἰσερχόμενον
3314 2037 3404 2089 ἐπὶ
3452 2039 3511 2087 τὸ
3544 2036 3749 2089 x1106-

2177 2146 2335 2197 μενον
2356 2128 2448 2180 τοῦ
2481 2129 2712 2198 θεάτρου
2738 2129 2918 2195 λόγιον
2948 2128 3040 2180 καὶ¹
3069 2127 3296 2195 λέγοντα
3330 2127 3498 2195 αὐτῷ’
3526 2129 3747 2193 Μεῖνον,

2174 2221 2255 2273 ὅτι
2285 2221 2340 2272 σὲ
2368 2222 2461 2272 καὶ
2489 2221 2586 2291 τὴν
2618 2222 2891 2289 Θυγατὲρα
2923 2238 3021 2272 σου
3048 2220 3156 2290 ἔχω
3188 2220 3555 2289 τραγῳδῆσαι.
3598 2221 3657 2271 Ὀ
3689 2222 3747 2273 δὲ

2172 2313 2319 2381 λέγει
2347 2314 2516 2383 αὐτῷ’
2566 2314 2658 2383 Μὴ
2690 2313 2976 2382 κοπωθῇς·
3034 2312 3144 2380 ἐγὼ
3181 2314 3290 2382 γὰρ
3316 2310 3439 2364 οὔτε
3471 2312 3745 2382 θυγατέρα

2173 2405 2298 2476 ἔχω,
2321 2404 2442 2458 οὒτε
2476 2404 2530 2457 δὲ
2554 2407 2632 2466 εἰς
2662 2405 2761 2473 ἐμὲ
2790 2406 2932 2474 ἔχεις
2970 2422 3023 2457 τι
3063 2404 3437 2474 τραγῳδῆσαι.
3491 2404 3745 2471 Ἀποκρίο

2175 2515 2321 2549 νεται
2359 2497 2414 2549 δὲ
2443 2499 2671 2559 ἐκεῖνος’
2718 2497 2959 2565 Ἀληθῶς
3001 2496 3276 2566 θυγατέρα
3305 2497 3471 2566 ἔχεις,
3506 2498 3597 2549 καὶ
3644 2513 3745 2549 ποι

2173 2586 2446 2651 λύτεκνον,
2502 2587 2597 2638 καὶ
2647 2587 2729 2637 δεῖ
2759 2586 3070 2656 μετάὺτὴν
3125 2587 3218 2638 καὶ
3266 2587 3324 2638 σε
3372 2587 3740 2657 τραγῳδῆσαι.

2172 2679 2305 2730 Τότε
2332 2678 2561 2744 συνῆκεν
2607 2679 2632 2730 6
2664 2677 3118 2747 ἀρχιεπίσκοπος,
3162 2681 3245 2732 ὅτι
3271 2678 3368 2749 τὴν
3396 2681 3550 2732 πόλιν
3594 2680 3740 2748 λέγει

2174 2768 2336 2820 αὑτοῦ
2367 2769 2661 2839 θυγατέρα.
2701 2769 2788 2831 Ὠς
2845 2771 2901 2821 δὲ
2948 2770 3186 2838 ἤμελλεν
3219 2773 3423 2834 ἐκεῖνος
3474 2772 3739 2841 ἄρχεσθαι

2171 2860 2265 2912 τοῦ
2298 2860 2615 2928 τραγῳδεῖν,
2642 2859 2881 2922 ἀναστὰς
2909 2863 2972 2912 ἐκ
3003 2861 3095 2913 τοῦ
3122 2860 3312 2930 Ορῶνου
3338 2862 3500 2915 αὑτοῦ
3530 2866 3557 2915 6
3579 2866 3741 2933 ἁρχιο

2172 2953 2466 3013 επίσκοτιος
2501 2951 2695 3019 κράζει
2720 2952 2868 3017 αὐτῷ
2898 2956 3073 3021 φωνῇ’
3107 2952 3209 3005 Τὸν
3234 2952 3366 3005 Θεὸν
3387 2954 3493 3006 τῶν
3522 2954 3741 3023 ὑψωμά-

2174 3060 2305 3115 των,
2337 3044 2473 3112 μήτε
2505 3043 2605 3111 ἐμὲ
2657 3043 3039 3114 τραγῳδήσῃς,
3083 3045 3218 3114 μήτε
3268 3046 3336 3115 ἢν
3364 3047 3537 3112 λέγεις
3576 3047 3743 3113 θυγα-

502 3144 841 3209 lamenteris,
881 3156 1079 3212 neque,
1108 3154 1270 3209 quam
1293 3153 1481 3204 vocas,
1509 3138 1672 3191 ﬁliam
1708 3151 1907 3190 meam.
1932 3138 2067 3190 Cum

2174 3138 2300 3205 τέρα
2335 3153 2455 3203 μου.
2505 3135 2562 3187 Ὀ
2593 3134 2649 3187 δὲ
2675 3135 3043 3205 διαπονηθεὶς,
3073 3136 3145 3201 ὡς
3180 3137 3529 3207 ὲμποδισθεὶς
3578 3139 3740 3210 δῆθεν

504 3247 685 3292 autem
727 3234 837 3300 ille,
876 3231 1024 3301 quod
1056 3229 1353 3294 nimirum,
1400 3243 1469 3281 ne
1513 3228 1784 3298 inciperet
1841 3226 2069 3296 impedi-

503 3341 677 3394 retur,
708 3336 854 3382 esset
889 3323 1164 3385 turbatus,
1192 3320 1332 3375 dixit
1365 3320 1469 3390 ipsi
1495 3336 1509 3372 :

572 3420 696 3475 121.
758 3416 971 3477 Nonne,
1020 3422 1079 3467 ut
1110 3421 1167 3467 et
1197 3422 1245 3467 te
1298 3420 1352 3465 et
1382 3409 1543 3464 ﬁliam
1588 3420 1732 3465 tuam
1787 3410 2069 3472 lamenter,

503 3511 758 3568 convenit
784 3508 807 3561 ἲ
833 3505 1080 3575 Cumque
1113 3503 1309 3557 iterum
1340 3516 1460 3556 sese
1496 3500 1735 3570 incipere
1768 3501 2069 3562 simularet,

504 3598 944 3668 archiepiscopus
968 3592 1173 3649 elatiori
1200 3606 1332 3646 voce
1361 3589 1704 3653 exclamavit,
1724 3589 1910 3643 dicens
1935 3587 2068 3658 ipsi:

503 3696 606 3751 Per
639 3692 830 3756 Deum,
856 3688 947 3759 qui
974 3703 1039 3742 ex
1070 3685 1391 3740 intemerata
1423 3681 1646 3751 Deipara
1695 3690 1917 3751 pr0pter
1971 3696 2070 3735 no—

506 3796 681 3847 stram
735 3783 963 3847 salutem
1029 3777 1328 3835 secundum
1357 3788 1595 3838 ,caruem
1630 3786 1789 3829 natus
1824 3783 1928 3836 est.
1974 3787 2071 3827 ne-

505 3894 611 3948 que
667 3890 773 3941 me,
811 3888 989 3943 neque
1048 3871 1217 3933 tiliam
1267 3884 1444 3925 meam
1497 3868 1832 3930 lamenteris;
1888 3867 2069 3934 itaque

506 3970 691 4035 multis
723 3968 873 4023 boris
903 3964 1139 4035 reponit,
1176 3962 1268 4016 illo
1296 3960 1553 4023 instante,
1582 3975 1750 4027 seque
1783 3955 2067 4012 lamentari

503 4061 701 4114 habere
764 4064 1043 4110 asserente
1083 4068 1100 4108 :
1147 4064 1380 4120 cumque
1440 4064 1562 4103 eum
1601 4046 2065 4116 archiepiscopus,

502 4165 570 4205 ne
596 4150 650 4204 id
690 4146 914 4209 faceret,
948 4143 1243 4215 adjuraret,
1273 4140 1455 4194 subito
1475 4154 1505 4194 e
1525 4138 1665 4209 logio
1693 4138 1917 4192 avulsus
1946 4145 2060 4201 est,

499 4236 875 4308 disparuitque
911 4232 1205 4304 tragoedus,
1244 4238 1467 4300 propter
1496 4229 1805 4298 juramenta
1853 4227 2063 4280 lamen-

499 4329 601 4384 tari
632 4344 741 4382 non
773 4326 960 4380 valens
990 4323 1266 4377 civitatem
1316 4318 1901 4386 arebiepiscopnmque
1923 4354 1936 4378 ,
1969 4312 2061 4382 qui

500 4436 623 4473 cum
656 4415 1068 4487 expergefactus
1118 4421 1284 4476 esset,
1323 4422 1755 4479 magnarumque
1786 4405 2061 4461 calamita-

2176 3227 2266 3280 τοῦ
2298 3227 2584 3295 ἄρξασθαι,
2617 3227 2767 3295 λέγει
2798 3228 2967 3299 αὐτῷ’

2249 3404 2386 3477 ρκα’.
2461 3406 2574 3460 Οὐκ
2618 3407 2895 3479 ἐνδέχεται
2932 3412 3007 3481 μὴ
3041 3413 3392 3483 τραγῳδῆσαί
3441 3433 3507 3485 με
3535 3416 3629 3470 καὶ
3682 3420 3739 3472 σὲ

2176 3502 2269 3551 καὶ
2299 3500 2397 3568 τὴν
2424 3498 2697 3569 θυγατέρα
2731 3518 2864 3568 σου;
2910 3503 3022 3556 Καὶ
3055 3506 3129 3567 ὡς
3176 3506 3335 3559 πάλιν
3392 3509 3740 3579 ὑποκρίνεται

2172 3591 2455 3661 ἄρχεσθαι.
2475 3593 2500 3642 6
2521 3591 2949 3669 άρχιεπίοκοπος
2970 3598 3315 3668 γεγωνοτέρᾳ
3335 3601 3400 3669 τῇ
3426 3603 3579 3671 φωνῇ
3609 3620 3743 3670 προ-

2174 3679 2402 3751 ἔκραξεν
2432 3679 2605 3745 λέγων
2634 3680 2787 3750 αὐτῷ
2809 3697 2822 3711 ·
2857 3682 2961 3735 Τὸν
2986 3684 3117 3737 Θεὸν
3142 3687 3233 3738 τὸν
3265 3689 3521 3756 τεχθέντα
3550 3695 3608 3742 ἐκ
3639 3694 3739 3761 τῆς

2171 3771 2440 3841 ἁχράντου
2480 3770 2746 3825 Θεοτόκου
2783 3775 2945 3844 σαρκὶ
3000 3774 3089 3827 διὰ
3121 3778 3219 3843 τὴν
3249 3779 3522 3848 ἡμετέραν
3560 3798 3738 3850 σωτη-

2173 3864 2316 3934 ρίαν,
2355 3863 2492 3932 μήτε
2543 3862 2642 3932 ἐμὲ
2704 3867 3088 3936 τραγῳδήσῃς,
3142 3871 3278 3939 μήτε
3316 3872 3417 3938 τὴν
3462 3871 3738 3941 θυγατέρα

2174 3970 2297 4023 μου,
2328 3954 2422 4006 καὶ
2454 3951 2627 4016 οὕτως
2659 3956 2751 4007 ἐπὶ
2784 3955 2983 4019 πολλάς
3016 3974 3148 4027 φησι
3188 3961 3286 4021 τὰς
3325 3959 3499 4029 ὥρας,
3528 3965 3737 4018 ἐκείνου

2170 4044 2527 4113 ἐνισταμένου
2558 4046 2651 4098 καὶ
2686 4046 2936 4114 λέγοντος
2959 4049 3039 4101 ὅτι
3074 4048 3440 4121 Τραγῳδῆσαι
3468 4056 3605 4124 ἔχω’
3643 4061 3741 4112 καὶ

2166 4134 2260 4187 τοῦ
2292 4135 2723 4204 ἀρχιεπισκόπου
2772 4136 3193 4207 κατορκίζοντος
3251 4140 3413 4193 αὐτὸν
3463 4145 3540 4211 μὴ
3580 4144 3741 4197 τοῦτο

2169 4227 2414 4294 ποιῆσαι,
2441 4228 2595 4295 ἄφνω
2621 4228 2970 4292 ἀνάσπαστος
3010 4232 3074 4283 ἐκ
3101 4230 3197 4283 τοῦ
3232 4232 3416 4301 λογίου
3466 4235 3673 4302 γίνεται
3708 4241 3740 4291 6

2164 4319 2436 4389 τραγῳδὸς
2459 4321 2554 4371 καὶ
2586 4320 2822 4390 ἀφανὴς,
2877 4322 2953 4391 μὴ
2986 4322 3217 4393 ἰσχύσας
3247 4325 3333 4378 διὰ
3387 4329 3514 4391 τοὺς
3540 4330 3741 4399 ὅρκους

2164 4411 2519 4481 τραγῳδῆσαι
2557 4410 2656 4482 τὴν
2688 4412 2862 4477 πόλιν,
2898 4416 2993 4467 καὶ
3045 4417 3138 4470 τὸν
3170 4418 3621 4488 άρχιεπίσκοπον,
3678 4421 3740 4484 ὃ,

498 4520 612 4563 tum
647 4507 909 4577 praesagia
963 4505 1131 4558 fuisse
1167 4503 1400 4555 lamenta
1430 4500 1776 4569 dijudicaret,
1807 4508 1966 4553 nocte
2007 4506 2063 4552 et

2174 4501 2510 4566 ἐξυπνισθεὶς
2555 4504 2649 4555 καὶ
2697 4503 2982 4573 διακρίνας
3034 4506 3108 4570 ὡς
3144 4512 3442 4582 συμφορῶν
3487 4513 3744 4580 μεγάλων

496 4599 585 4653 die
627 4595 759 4661 Deo,
794 4605 854 4649 ut
891 4593 1172 4648 caalestem
1196 4631 1212 4656 ,
1247 4607 1367 4658 quae
1416 4589 1624 4643 civitati
1678 4588 2063 4658 impendebat,

498 4704 713 4759 prauam
738 4685 1161 4742 misericorditer
1192 4690 1481 4743 averteret,
1500 4695 1624 4735 cum
1661 4670 1910 4751 lacrymis
1936 4695 2066 4749 sup-

501 4782 777 4853 plicabat;
809 4794 872 4833 ac
903 4786 1027 4848 post
1071 4790 1296 4847 paucos,
1338 4783 1398 4829 ut
1436 4774 1579 4841 dixi,
1611 4774 1750 4838 dies,
1809 4771 2065 4828 immanis

496 4875 587 4929 illa
616 4885 1017 4940 numerumque
1046 4871 1316 4925 excedens
1350 4867 1501 4921 natio
1526 4865 1856 4921 custoditum
1890 4881 1919 4918 a
1957 4865 2065 4920 Deo

497 4962 942 5019 Tlicssalmiicam
967 4959 1346 5019 circumdedit,
1368 4958 1662 5026 statimque
1685 4958 1887 5011 luctum
1915 4956 2061 5009 hunc

493 5054 831 5128 prmsagiisse
866 5053 1165 5124 tragmdum
1197 5049 1451 5120 cognovit
1491 5050 1625 5119 (95).

563 5319 688 5373 19.2.
758 5314 877 5382 Qua
966 5317 1176 5370 ratione
1257 5330 1363 5367 non
1433 5311 1792 5367 calamitatem
1866 5312 2060 5368 immo-

488 5414 690 5476 dicam,
741 5408 833 5463 Dei
900 5423 1029 5463 vero
1082 5405 1529 5476 omnipotentiam
1595 5405 1857 5459 inﬁnitam
1933 5421 2061 5474 pro-

489 5504 733 5560 nuntiem
775 5501 798 5554 ἲ
837 5519 855 5553 ι
891 5500 1074 5556 Virtus
1125 5501 1269 5559 enim
1321 5515 1462 5565 mea,
1497 5500 1695 5569 inquit,
1726 5498 1786 5553 in
1833 5498 2064 5554 inﬁrmi-

558 5644 669 5713 (95)
726 5642 876 5697 Vtsio
922 5643 1179 5709 Eusebio,
1236 5642 1715 5699 Tliessalonicensi
1770 5642 2047 5713 archiepi-

487 5729 672 5784 scopo.
710 5713 887 5784 oblata
913 5754 928 5777 ,
963 5730 1126 5784 quam
1174 5715 1263 5771 hic
1329 5718 1597 5784 oratione
1630 5713 1789 5782 paulo
1819 5714 2050 5784 Afusiore

486 5781 723 5836 Joannes
776 5781 1187 5849 refertfexstat
1238 5786 1400 5840 etiam
1460 5782 1603 5854 apud
1632 5781 2048 5853 ’Mabillonium,

2167 4593 2463 4663 μηνύματα
2513 4595 2561 4645 οἱ
2609 4594 2879 4663 τραγῳδοὶ
2929 4598 3357 4668 καθεστήκασιν,
3391 4603 3607 4671 ἡμέρας
3638 4606 3738 4657 κα.ὶ

2163 4684 2359 4745 νυκτὸς
2389 4683 2478 4734 τὸν
2512 4682 2645 4736 Θεὸν
2685 4686 2781 4737 σὺν
2811 4684 3074 4755 δάκρυσιν
3122 4690 3453 4758 ὲλιτάνευεν,
3485 4710 3745 4763 παραγα-

2161 4778 2277 4843 γεῖν
2302 4774 2698 4846 φιλανθρώπως
2730 4776 2826 4848 τὴν
2860 4779 3237 4851 ἐπερχομένην
3267 4786 3331 4853 τῇ
3364 4786 3517 4837 πόλει
3544 4788 3742 4856 Θεήλαο

2161 4884 2252 4921 τον
2286 4868 2532 4935 μάστιγα
2566 4883 2580 4898 °
2615 4869 2711 4920 καὶ
2749 4868 2816 4939 δὴ
2849 4872 2965 4938 μετ’
2994 4871 3203 4938 ὀλίγας,
3233 4872 3306 4936 ὡς
3334 4875 3491 4945 ἔφην,
3525 4880 3745 4947 ἡμέρας

2161 4958 2223 5012 τὸ
2252 4959 2512 5028 θηριῶδες
2543 4962 2716 5012 ἐκεῖνο
2755 4960 2952 5030 φῦλλον
3002 4964 3098 5015 καὶ
3131 4964 3363 5035 ἀριθμὸν
3410 4969 3743 5037 ὑπερΰαῑνον

2163 5052 2261 5119 τὴν
2319 5050 2717 5121 Θεοφρούρητον
2771 5053 3172 5127 Θεσσαλονίκην
3245 5061 3742 5130 περιεκύλιλωσαν,

2166 5146 2258 5195 καὶ
2290 5142 2449 5206 εὐθὺς
2475 5143 2616 5211 ἔγνω
2654 5143 2843 5198 τοῦτον
2870 5148 2959 5200 τὸν
2984 5147 3183 5218 θρῆνον
3217 5151 3459 5221 μηνῦσαι
3487 5155 3578 5208 τὸν
3605 5172 3748 5226 τρα-

2166 5236 2361 5305 γῳεόν.

2245 5325 2384 5397 ρκβ’.
2457 5327 2580 5391 Πῶς
2637 5329 2737 5399 οὐχ
2770 5330 3115 5404 ὑπέρμετρον
3170 5334 3466 5391 κάντεῦθεν
3523 5338 3746 5408 εἴποιμι

2168 5419 2266 5485 τὴν
2291 5419 2597 5488 συμφορὰν,
2633 5422 2746 5483 πῶς
2781 5422 2839 5474 δὲ
2863 5424 2964 5474 οὐκ
2992 5426 3420 5495 ἀπειροπλάσιον
3453 5430 3514 5479 ea
3546 5445 3747 5482 παντοο

2168 5510 2406 5577 δύναμον
2432 5510 2524 5564 τοῦ
2556 5512 2722 5579 Θεοί;
2762 5533 2779 5565 ι
2822 5513 2888 5567 Ἣ
2924 5518 3032 5587 γὰρ
3058 5517 3282 5586 Min/apti;
3318 5537 3444 5589 μου,
3486 5539 3503 5571 ι
3550 5523 3744 5590 φησὶν,

2156 5660 2290 5707 tom.
2324 5654 2338 5705 Ι
2376 5653 2615 5729 γειτνιωιὲ
2658 5654 3251 5729 Analeclarurn,__pag.
3300 5657 3371 5713 85
3409 5669 3465 5712 et
3496 5673 3639 5726 seq..
3680 5657 3746 5713 in

2157 5727 2541 5792 CutilpCllJi'Jlll
2572 5727 2639 5778 ab
2675 5727 2965 5781 Anastasio
2987 5724 3412 5783 Bibliotliecario
3434 5724 3744 5783 contracta.
