4070 6382
333 365 464 432 1301

1347 366 1406 425 S.
1445 362 1825 425 DEMETRII
1860 363 2253 425 MARTYRIS
2300 362 2509 423 ACTA.

3434 356 3573 419 ις’οἓ

329 476 522 537 sine;
565 488 657 526 σου
718 476 1210 543 μνημονευομένων
1264 477 1897 547 Θαυματουργημὰτων·

2013 476 2144 529 nulli
2191 476 2509 528 miraculum
2543 486 2783 544 prtesens
2816 470 3103 525 habebitur
3128 468 3449 524 secundum.
3477 468 3594 522 Etsi

328 570 377 620 ει
400 567 509 635 γὰρ
548 567 639 623 καὶ
674 566 812 629 ἄξιοι
846 567 1006 633 ἡμεῖς
1039 568 1135 635 τῆς
1159 568 1434 638 τιμωρίας
1471 569 1559 621 διὰ
1599 568 1698 628 τὰς
1726 569 1904 637 ἀμαρ-

329 659 450 721 τίας
480 659 658 729 ἡμῶν,
691 657 827 710 ἀλλὰ
852 657 984 711 πολὺ
1005 659 1170 709 πλέον
1196 658 1348 721 ἄξιος
1381 659 1443 710 σὺ
1476 658 1570 728 τῆς
1598 658 1900 727 φιλανθρω-

331 749 455 813 πίας
506 749 597 803 διὰ-
641 750 739 815 τὴν
781 749 1188 820 εὐσπλαγχνίαν
1221 768 1311 803 σου
1336 765 1350 779 ⁸
1412 750 1494 804 διὸ
1529 752 1603 821 μὴ
1637 751 1905 822 ὑπερίδῃς

330 840 499 906 ἡμᾶς.
536 841 730 909 ἀγαθὲ.
752 842 834 894 ὅτι
856 843 949 895 καὶ
987 844 1126 913 πρὸς
1149 846 1209 896 σὲ
1234 847 1326 898 τὸν
1354 845 1518 913 μόνον
1558 848 1655 907 τὰς
1682 846 1905 907 ἐλπίδας

331 928 646 1001 ύᾷὡσαμεν.
708 933 902 1005 Κύριε,
955 934 1177 1003 οίδαμεν
1223 935 1479 1001 ἀναξίους
1530 939 1677 1007 ἡμᾶς
1746 938 1905 1001 ὂντας

332 1021 429 1091 τῆς
454 1022 758 1092 πρεσϐείας
776 1027 982 1095 τυχεῖν,
1022 1025 1156 1080 ἀλλά
1184 1026 1341 1081 τοῦτο
1371 1027 1604 1098 δεόμεθα
1632 1029 1730 1092 τὰς
1763 1030 1904 1100 ὑπὲρ

333 1113 493 1182 ἡμῶν
520 1116 735 1179 ίκεσίας
752 1117 846 1169 τοῦ
878 1117 1179 1189 ἀθλοφόρου
1215 1137 1309 1172 σου
1344 1120 1418 1190 μὴ
1445 1121 1699 1189 γενέσθαι
1725 1122 1906 1192 ἀττρά-

333 1220 495 1268 κτους
554 1206 643 1261 διά
694 1208 755 1260 τδ
806 1207 1010 1277 πλῆθος
1044 1209 1155 1262 τῶν
1208 1212 1497 1283 ἡμετέρων
1541 1213 1906 1282 παροξυσμῶν

336 1295 595 1365 (οἴδαμεν
624 1298 732 1365 γὰρ
760 1299 923 1353 αὐτὸν
951 1301 1025 1364 ὡς
1053 1299 1433 1372 εὖσπλαγχνον
1489 1304 1761 1372 κηδεμόνα
1808 1305 1907 1367 τὰς

334 1385 477 1456 ὑπὲρ
500 1389 658 1459 ήμῶν
677 1391 893 1460 δεήσεις
916 1410 998 1446 σοι
1024 1395 1370 1449 ἀνατείνοντα
1386 1396 1425 1461 )·
1447 1395 1583 1448 ἀλλὰ
1603 1396 1677 1465 μὴ
1699 1395 1907 1466 ἀκούσῃ

336 1478 485 1547 παρὰ
514 1479 685 1545 σοῦκό
707 1481 861 1544 Θεὸς,
881 1485 1017 1554 ὅπερ
1048 1484 1123 1555 τῷ
1156 1484 1396 1555 Ἱερεμίᾳ
1430 1486 1551 1540 τότε
1575 1487 1905 1556 ἀπεκρίθης,

332 1570 415 1622 ὅτι
450 1588 469 1620 ι
508 1572 600 1641 Μὴ
627 1574 937 1643 προσεύχου
968 1578 1095 1647 περὶ
1124 1576 1216 1629 τοῦ
1242 1576 1375 1629 λαοῦ
1405 1579 1596 1631 τούτου
1624 1620 1638 1643 ,
1682 1578 1742 1630 ού
1803 1580 1910 1650 γὰρ

334 1660 736 1731 είσακούσομαί
768 1682 885 1727 σου,
934 1685 951 1716 ι
1007 1667 1105 1737 μὴ,
1138 1666 1366 1737 βασιλεῦ
1415 1669 1730 1740 ὲπουράνιε,
1757 1671 1838 1723 ὅτι
1865 1674 1910 1724 εί

335 1752 429 1805 καὶ
462 1754 596 1807 πᾶσι
634 1757 748 1818 τοῖς
801 1756 987 1822 ἄλλοις
1020 1761 1214 1823 κακοῖς
1261 1760 1434 1832 ἔνοχοι
1466 1764 1909 1831 καθεστήκαμεν,

2009 566 2152 620 enim
2195 564 2263 620 ob
2297 575 2518 634 peccata
2572 572 2757 617 nostra
2813 560 2961 632 digni
3029 575 3190 628 [uena
3237 575 3340 613 nos
3397 559 3593 618 simus,

2008 660 2178 713 multo
2207 660 2377 727 magis
2410 669 2588 713 tamen
2622 665 2673 710 te
2713 656 2783 709 ob
2816 655 3160 724 clementiam
3191 663 3333 707 tuam
3388 652 3600 705 miseri-

2006 752 2190 805 coulia
2240 752 2416 805 decet.
2465 750 2806 820 Quapropter
2838 766 2908 806 ne
2945 765 3068 812 nos,
3104 749 3269 810 bone,
3306 744 3595 814 despicias,

2006 845 2130 913 quia
2160 845 2221 897 ad
2254 854 2303 898 te
2344 846 2516 899 solum
2554 859 2679 912 spes
2712 852 2927 896 nostras
2976 843 3275 897 ereximus.
3332 837 3590 901 Domine,

2012 936 2261 1007 indignos
2301 952 2400 990 nos
2440 951 2577 997 esse,
2613 937 2703 1004 qui
2740 934 3192 989 intercessionem
3219 933 3591 986 obtineamus.

2008 1029 2352 1100 agnoscimus
2381 1046 2394 1091 ;
2424 1044 2611 1082 verum
2646 1028 2700 1081 id
2731 1041 3005 1099 rogamus,
3062 1041 3132 1079 ne
3167 1041 3265 1093 pro
3289 1024 3450 1078 nobis
3481 1038 3602 1076 cer-

2011 1122 2278 1176 taminum
2332 1120 2569 1175 Victoris
2624 1121 2769 1187 (eum
2823 1118 2990 1182 enim,
3048 1126 3238 1184 utpote
3299 1124 3594 1183 patronum

2008 1214 2356 1276 clementem,
2387 1212 2621 1280 dirigere
2640 1211 2705 1263 ad
2729 1220 2779 1264 te
2799 1223 2896 1279 pro
2912 1207 3072 1262 nobis
3101 1220 3290 1276 preces
3315 1204 3595 1273 novimus)

2011 1302 2445 1374 supplicationes
2474 1310 2699 1369 propter
2728 1297 3078 1369 iniquitatum
3112 1306 3419 1350 nostrarum
3456 1293 3598 1347 mul-

2013 1397 2300 1452 titudinem
2336 1395 2541 1464 absque
2571 1392 2769 1447 effectu
2796 1392 2928 1454 sint,
2959 1391 3055 1446 sed
3091 1405 3158 1443 ne
3192 1388 3244 1442 id
3270 1388 3413 1456 quod
3444 1386 3600 1441 Jere-

2013 1489 2134 1542 mite
2177 1500 2292 1542 tum
2346 1484 2697 1555 respondisti,
2733 1502 2752 1535 ι
2790 1483 2869 1538 Ne
2893 1498 2991 1552 pro
3022 1482 3223 1552 populo
3252 1481 3429 1535 isthoc
3451 1494 3596 1542 ores,

2014 1593 2124 1635 non
2182 1577 2324 1633 enim
2362 1575 2644 1632 exaudiam
2702 1585 2754 1631 te
2777 1575 2915 1642 '4',»
2957 1590 2985 1628 a
3036 1582 3109 1638 te,
3171 1572 3339 1638 Deus,
3390 1571 3597 1636 audiat,

2015 1686 2107 1737 ne,
2143 1671 2380 1726 omlcstis
2421 1669 2744 1739 Imperator,
2792 1668 2919 1738 quia
2950 1667 3053 1722 etsi
3095 1666 3325 1720 aliorum
3354 1661 3598 1717 omnium

2018 1772 2371 1834 peccatorum
2404 1763 2481 1817 rei
2517 1762 2709 1827 simus,
2745 1761 2913 1817 Deum
2949 1770 3130 1814 tamen
3164 1756 3329 1811 alium
3364 1762 3515 1809 extra
3544 1764 3596 1808 te

333 1843 486 1913 ὅμως
548 1846 703 1910 ἐκτὸς
740 1848 833 1901 σοῦ
893 1849 1025 1902 Θεὸν
1059 1851 1219 1904 ἀλλον
1277 1828 1382 1905 οὐκ
1405 1854 1650 1925 οίδαμεν,
1692 1828 1829 1908 ἀλλά
1853 1828 1909 1909 τδ

2016 1852 2155 1905 haud
2206 1851 2482 1915 novimus,
2517 1850 2610 1906 sed
2662 1866 2862 1905 nomen
2896 1860 3073 1913 tuum,
3107 1849 3252 1918 quod
3282 1856 3336 1902 ct
3371 1846 3595 1901 invoca-

334 1937 505 2006 ὄνομά
558 1955 652 1992 σου
698 1940 1045 2013 ὀνομάζομεν
1077 1945 1186 2005 ἀεὶ,
1236 1945 1265 1997 ὃ
1302 1947 1397 2000 καὶ
1430 1947 1789 2015 ὲπιγέκληται
1828 1950 1912 2017 ἐφ’

335 2031 505 2100 ἡμᾶς,
546 2031 622 2102 μὴ
657 2035 955 2103 νικήσωσιν
1006 2038 1060 2089 ai
1115 2036 1339 2107 ἀνομίαι
1393 2038 1553 2110 ἡμῶν
1586 2038 1682 2110 τὴν
1712 2042 1789 2103 είς
1825 2043 1911 2093 τὶν

339 2119 593 2189 μάρτυρά
621 2138 714 2175 σου
754 2122 989 2179 εὔνοιαν.

408 2216 554 2286 ρκη’.
623 2219 716 2289 Μὴ
766 2220 1020 2293 λυπήσῃς
1072 2224 1165 2277 τὸν
1209 2225 1346 2297 ὑπὲρ
1380 2228 1473 2280 τοῦ
1519 2230 1780 2299 ὀνόματός
1817 2248 1910 2284 σου

332 2305 556 2377 λόγχαις
595 2311 880 2379 σφαγέντα
902 2314 990 2368 διὰ
1017 2315 1081 2368 τὸ
1104 2315 1308 2386 πλῆθος
1355 2319 1464 2371 τῶν
1498 2322 1787 2393 ἡμετέρων
1809 2342 1909 2377 κι-

335 2399 468 2466 κῶν,
507 2402 586 2454 ὅτι
608 2400 677 2456 τά
710 2404 850 2457 κατά
886 2405 1090 2477 μέτρῳ.
1133 2408 1166 2478 ἡ
1205 2408 1262 2461 δὲ
1295 2412 1446 2483 πηγὴ
1477 2412 1576 2483 τῆς
1602 2414 1911 2485 φιλανθρω-

334 2489 464 2552 πίας
487 2507 582 2546 σου
616 2492 863 2565 ἄπειρος,
894 2496 987 2549 καὶ
1018 2498 1207 2567 μεῖζον
1230 2501 1435 2572 ταύτης
1470 2505 1631 2574 χάριν
1663 2509 1757 2558 καὶ
1782 2507 1912 2559 θαυ-

340 2582 549 2652 μαστὴν
600 2585 701 2637 οὐκ
755 2584 900 2655 ἔχεις
949 2588 1134 2643 δοῦναι
1190 2592 1268 2664 τῷ
1318 2594 1607 2667 ἀϐλοφόρῳ
1670 2617 1763 2652 σου
1802 2640 1816 2663 ,
1876 2601 1906 2671 ῆ

332 2674 676 2745 δωρούμενος
737 2679 889 2748 αύτῷ
948 2682 1104 2736 πόλιν
1158 2686 1249 2736 καί¹
1319 2685 1475 2751 ἔθνος
1559 2688 1912 2761 Χριστιανῶν

334 2767 673 2823 ἐπταικότων
708 2785 813 2823 σοι.
846 2769 979 2824 Τότε
1006 2772 1165 2841 χάρις
1193 2777 1306 2839 τοῖς
1328 2776 1503 2845 φίλοις
1529 2782 1740 2852 μεγάλη
1769 2800 1914 2851 παρ-

336 2856 540 2927 έχεται,
563 2859 662 2930 οὐχ
688 2860 817 2914 ὅταν
850 2862 992 2934 ὑπὲρ
1021 2864 1193 2929 ἀξίων
1230 2867 1327 2920 τοῦ
1373 2869 1663 2940 ἐλεηθῆναι
1690 2875 1911 2945 ποιῆται

335 2947 434 3019 τὴν
461 2950 669 3022 δέησιν,
701 2952 823 3005 ἀλλ’
858 2953 946 3008 ὅτε
976 2957 1005 3009 ὁ
1038 2958 1233 3029 κριτὴς
1264 2959 1429 3025 αὐτὸς
1459 2963 1588 3027 τοὺς
1615 2965 1714 3035 ἥδη
1744 2984 1914 3020 κατα-

333 3042 702 3114 κεκριμένους
727 3045 1102 3120 ἐλευθερώσας
1131 3052 1450 3121 χαρίσηται.
1476 3055 1576 3110 Διά
1612 3059 1772 3111 τοῦτο
1809 3061 1912 3130 χά-

2015 1952 2127 1998 tutu
2156 1954 2233 1998 est
2268 1959 2437 2014 super
2471 1959 2590 2006 nos,
2623 1943 2842 1999 assidue
2872 1943 3233 2013 appellamus.
3277 1939 3354 1994 Ne
3391 1939 3595 2007 iniqui-

2014 2046 2155 2092 tates
2204 2047 2408 2093 nostra:
2460 2050 2605 2094 tuam
2636 2053 2764 2109 erga
2807 2046 3101 2108 martyrem
3156 2032 3590 2089 benevolentiam

2013 2140 2366 2201 exsuperent.

2083 2224 2202 2279 128.
2277 2223 2354 2278 Ne
2402 2238 2526 2277 eum
2606 2222 2698 2290 qui
2773 2235 2870 2290 pro
2949 2218 3172 2274 nomine
3237 2228 3329 2272 tuo
3388 2219 3595 2273 lanceis

2012 2317 2117 2373 fuit
2155 2316 2393 2379 occisus,
2442 2315 2512 2369 ob
2550 2323 2899 2385 peccatorum
2934 2321 3249 2366 nostrorum
3288 2309 3594 2364 multitudi-

2013 2425 2137 2464 nem
2191 2409 2504 2468 contristes.
2555 2406 2685 2476 quia
2725 2412 2947 2474 peccata
2982 2403 3157 2468 finita,
3204 2401 3593 2456 misericordiae

2015 2513 2120 2557 tuae
2163 2502 2288 2556 fons
2328 2500 2599 2563 infinitus,
2642 2500 2852 2567 hacque
2902 2497 3186 2566 majorem,
3234 2510 3354 2565 quae
3404 2502 3458 2548 et
3494 2495 3593 2547 ad-

2013 2593 2259 2648 miranda
2312 2593 2417 2655 sit,
2480 2590 2709 2661 gratiam
2769 2597 2863 2643 tuo
2918 2588 3279 2643 certaminum
3342 2586 3588 2652 Victori,

2012 2698 2173 2756 quam
2208 2682 2431 2736 civitate
2458 2684 2532 2746 ei,
2564 2679 3137 2746 Christianorumque,
3164 2676 3255 2745 qui
3289 2676 3341 2730 in
3376 2685 3427 2729 te
3465 2691 3510 2744 pi
3535 2690 3593 2727 c—

2013 2780 2229 2835 carunt,
2262 2779 2421 2841 gente
2455 2770 2676 2831 donata,
2714 2768 2844 2821 dare
2871 2780 2978 2819 non
3010 2772 3182 2833 potes.
3214 2761 3370 2815 Tunc
3402 2775 3594 2829 magna

2013 2865 2205 2920 amicis
2256 2862 2426 2932 gratia
2476 2859 2820 2925 conceditur,
2871 2872 2979 2910 non
3027 2855 3247 2924 quando
3276 2867 3466 2907 eorum
3500 2851 3594 2920 qui

2016 2956 2388 3012 misericordia
2434 2952 2578 3024 digni
2631 2963 2796 3016 sunt,
2852 2950 3181 3011 miseretur,
3238 2945 3331 3001 sed
3378 2943 3595 3014 quando

2014 3054 2131 3123 ipse
2176 3052 2340 3119 judex
2378 3047 2491 3117 jam
2534 3047 2926 3101 condemnatos
2969 3041 3220 3098 absolvit.
3277 3040 3593 3108 Propterea.

336 3150 484 3236 ρισαι
522 3135 674 3242 ημᾶς
712 3137 883 3211 αὐτῷ,
915 3140 1162 3195 Δέσποτα
1216 3144 1439 3213 Χριστὲ,
1501 3148 1597 3201 καί
1654 3149 1714 3201 τὸ
1764 3151 1909 3215 ἅπαξ

2016 3144 2235 3200 Christe
2270 3141 2521 3206 Domine,
2553 3155 2652 3194 nos
2674 3137 2773 3208 ipsi
2801 3136 2889 3202 da,
2921 3135 3083 3205 idque
3109 3133 3372 3187 duntaxat
3401 3129 3592 3191 semel,

2161 3236 2173 3242 -
2596 3230 2610 3242 .
2648 3229 2661 3242 .
2780 3228 2792 3240 .
2934 3226 2946 3238 .
3205 3222 3284 3242 ηε,
3462 3220 3564 3242 ,τηε

335 3224 513 3288 τοῦτο.
534 3227 620 3281 ἵνα
643 3230 741 3299 τῆς
773 3230 1102 3303 Θεουργικῆς
1138 3237 1289 3305 παρὰ
1314 3238 1625 3308 ἀνθρώποις
1646 3241 1910 3296 ἀδυνάτου

335 3318 606 3387 σωτηρίας
640 3321 896 3391 τυχόντες
928 3326 1275 3396 ὁμοθυμαδὸν
1298 3331 1591 3395 συστάντες
1626 3335 1681 3385 ὲν
1700 3334 1777 3402 τῷ
1801 3336 1914 3406 ναῷ

337 3408 523 3509 αυτοῦ,
573 3412 758 3509 (pm-‘th
780 3413 1041 3480 αίνέσεως
1069 3420 1160 3471 καὶ
1184 3418 1629 3491 ἐξομολογήσεως
1657 3425 1911 3495 Θύσωμεν

340 3502 410 3562 τῷ
450 3502 766 3573 παρορῶντι
813 3505 1041 3573 ἀνομίας
1091 3509 1187 3561 καὶ
1239 3510 1625 3580 ύπερόαίνοντι
1674 3515 1909 3580 ἀδικίας,

268 3636 273 3639 .
337 3591 428 3643 καὶ
463 3592 755 3662 θαυμαστά
792 3598 1035 3651 ποιοῦντι
1060 3602 1154 3654 καὶ
1189 3602 1588 3674 ἀνεξιχνίαστα,
1632 3606 1821 3673 ἐνδοξά
1852 3626 1910 3661 τε

335 3681 424 3733 καὶ
451 3682 690 3749 ἐξαίσια,
727 3682 803 3741 ὧν
830 3690 930 3741 οὑκ
960 3691 1105 3743 ἔστιν
1136 3694 1386 3761 ἀριθμός.

408 3773 547 3844 ρκθ’.
617 3776 804 3831 Ταῦτα
834 3780 912 3848 τῷ
941 3782 1234 3852 ὲνδιαϐἑτῳ
1254 3784 1395 3854 λόγῳ
1425 3787 1624 3850 πάντες
1655 3789 1910 3859 ἔκραξονο

334 3866 396 3917 τὸ
433 3866 541 3937 γὰρ
580 3873 914 3940 προφορικὸν
955 3875 987 3943 ή
1037 3874 1254 3945 ἀνάγκη
1300 3877 1399 3945 τῆς
1439 3880 1753 3950 ἀμηχανίας
1808 3886 1913 3938 ἀπ-

337 3956 550 4013 ἐόυσεν.
611 3957 671 4014 Ὀ
704 3960 762 4013 δὲ
813 3963 1052 4031 ἐρευνῶν
1082 3965 1182 4030 τάς
1232 3968 1461 4037 καρδίας
1516 3972 1789 4041 ἐπήκουσε
1816 3978 1911 4030 τοῦ

337 4048 648 4118 στεναγμοῦ
682 4051 793 4104 τῶν
827 4054 1247 4125 πεπεδημένων,
1280 4057 1372 4112 καὶ
1421 4061 1520 4125 τὰς
1568 4065 1777 4128 ἱκεσίας
1816 4067 1910 4120 τοῦ

338 4139 639 4210 ἀθλοφόρου
660 4143 955 4210 δεξάμενος
984 4145 1306 4217 ἐπώμὸρισε
1325 4154 1391 4220 τῇ
1423 4155 1574 4207 πόλει
1599 4156 1752 4208 ὑετὸν
1776 4160 1913 4221 ἀγα-

335 4229 577 4301 οότητος.
645 4233 789 4287 Ἀλλ’
823 4233 954 4298 ἴσως
991 4238 1157 4307 ἐρεῖς,
1216 4241 1387 4293 Πόθεν
1449 4243 1642 4311 δῆλονς
1680 4247 1774 4310 Τίς
1804 4244 1911 4301 εἶδε

332 4322 487 4389 Θεὸν,
518 4323 552 4394 ἢ
585 4325 668 4387 τίς
705 4324 940 4395 ἥκουσιν
962 4328 1128 4383 αὐτοῦ
1164 4331 1263 4401 τὴν
1294 4336 1568 4403 σωτηρίαν
1600 4338 1909 4408 ὑποσχομέ-

334 4432 447 4482 νου,
479 4416 562 4469 an
585 4417 1000 4474 διαϐεϐαιοῦσαι
1023 4424 1089 4494 τῇ
1127 4423 1278 4478 πόλει
1308 4426 1659 4497 ύετισθῆναι;
1706 4434 1909 4486 “Axon-

2017 3244 2077 3291 ιιι
2098 3236 2292 3292 salute.
2323 3245 2443 3303 qua:
2468 3230 2612 3300 apud
2647 3228 2897 3282 homines
2934 3222 3287 3296 impossibilis
3322 3228 3423 3283 est,
3458 3220 3593 3273 divi-

2016 3330 2164 3383 nitus
2195 3328 2439 3390 obtenta,
2474 3326 2528 3379 in
2564 3323 2765 3393 templo
2799 3321 2917 3391 ejus
2945 3329 3150 3377 stantes
3187 3318 3364 3372 laudis
3385 3315 3599 3371 confes-

2015 3421 2293 3489 sionisquc
2324 3432 2514 3473 vocem
2551 3417 2599 3471 ei
2626 3416 2717 3487 qui
2746 3416 3066 3486 iniquitates
3102 3420 3318 3466 nostras
3351 3408 3595 3479 prmterit

2015 3526 2175 3583 atque
2215 3509 2512 3581 injustitias
2542 3507 2844 3571 condonat,
2879 3503 3259 3571 mirabiliaque
3290 3510 3345 3555 ct
3374 3499 3595 3553 investi-

2014 3606 2229 3677 gabilia,
2265 3605 2608 3676 gloriosaque
2644 3608 2697 3655 et
2744 3601 3036 3661 immensa,
3085 3611 3318 3666 quorum
3355 3606 3463 3647 non
3513 3602 3596 3645 est

2015 3713 2305 3759 numerus,
2337 3695 2485 3756 facit,
2521 3691 2852 3747 unanimiter
2882 3690 3202 3743 offeramus.

2088 3790 2209 3844 ηε).
2276 3788 2399 3841 [hcc
2450 3798 2643 3840 omnes
2687 3795 2821 3837 voce
2880 3781 3096 3835 interna
3133 3778 3470 3841 clamabant;
3502 3791 3595 3827 ore

2016 3882 2159 3936 enim
2190 3876 2435 3948 proferre
2491 3888 2673 3929 rerum
2708 3871 2951 3943 angustia
2983 3870 3336 3938 impediebat.
3362 3868 3463 3930 Qui
3497 3882 3595 3919 au-

2017 3980 2121 4025 tem
2157 3968 2321 4024 corda
2356 3971 2651 4027 scrutatur,
2680 3961 3109 4031 compeditorum
3136 3958 3395 4028 gemitum
3430 3973 3603 4011 exau—

2013 4061 2184 4124 divit,
2236 4058 2712 4125 certaminumque
2760 4053 2994 4108 Victoris
3043 4067 3235 4121 preces
3285 4051 3596 4121 suSpiciens

2016 4150 2364 4222 benignitatis
2421 4148 2604 4218 pluvia
2657 4145 2935 4201 civitatem
2988 4143 3253 4214 irrigavit.
3291 4144 3359 4197 At
3408 4142 3593 4197 forsan

2014 4244 2185 4308 dices,
2219 4240 2378 4296 Unde
2431 4240 2485 4294 id
2520 4236 2905 4292 manifestum?
2940 4235 3073 4302 Quis
3121 4235 3289 4289 Deum
3318 4233 3474 4296 vidit,
3506 4251 3596 4286 ve.

2014 4335 2134 4405 quis
2164 4349 2308 4400 eum,
2339 4342 2396 4387 ut
2413 4330 2616 4386 civitati
2650 4328 2853 4398 pluisse
2879 4342 3179 4389 assevcres,
3214 4325 3446 4378 salutem
3476 4326 3592 4393 pol-

2014 4429 2270 4484 licentem
2317 4423 2562 4478 audivit?
2603 4421 2767 4485 Audi,
2798 4419 3030 4501 dilecte;
3066 4419 3236 4473 Deum
3270 4420 3452 4473 nullus
3493 4435 3591 4471 uu-

3604 4128 3621 4163 \

489 4509 790 4603 ἀγαττητεο
845 4511 977 4566 Θεὸν
1015 4514 1192 4579 οὐδεὶς
1254 4517 1467 4588 ἑώρακε
1498 4521 1737 4589 πώποτε,
1792 4525 1908 4580 ἀλλ’

2016 4533 2178 4591 quam
2217 4516 2370 4581 vidit,
2417 4516 2511 4571 sed
2554 4530 2732 4584 neque
2762 4529 2950 4569 vocem
2996 4514 3090 4568 Dei
3132 4513 3433 4567 secundum
3460 4512 3594 4603 sul:-

331 4598 453 4691 οὐδὲ
485 4600 669 4674 φωνὴν
716 4602 850 4657 Θεοῦ
909 4607 1031 4659 κατ’
1070 4608 1262 4663 ούσίαν
1294 4611 1567 4682 ἀκήκοενο
1604 4616 1667 4667 ὲκ
1710 4617 1766 4669 δὲ
1798 4619 1935 4691 τῶν,

332 4690 508 4762 ἔργων
537 4695 704 4749 αὑτοῦ
736 4695 844 4749 τῶν
873 4715 932 4751 τε
956 4699 1095 4752 κατὰ
1117 4700 1358 4756 διάνοιαν
1383 4706 1416 4773 ἡ
1427 4704 1544 4774 μῶν
1576 4710 1905 4779 συνισταμέ-

334 4799 460 4846 νων,
511 4785 603 4836 atati.
656 4784 765 4838 τῶν
793 4789 1073 4859 αἰσθητῶν
1126 4792 1405 4849 δείκνυται
1432 4800 1539 4859 τοίς
1580 4800 1907 4871 φιλομαθέσι

333 4874 426 4926 καὶ
454 4880 692 4940 συνετοῖς
746 4878 780 4948 ἦ
815 4896 875 4932 τε
928 4882 1197 4953 λεγομένη
1227 4886 1368 4957 ὀργὴ
1400 4888 1493 4940 τοῦ
1552 4888 1711 4956 Θεοῦ,
1745 4894 1837 4945 καὶ
1870 4895 1907 4961 ἡ

332 4967 474 5017 κατὰ
505 4968 665 5033 φύσιν
716 4970 1012 5042 ἀγαοότης.
1084 4977 1475 5047 Παραστήσατε
1538 4981 1603 5050 δή
1664 5001 1754 5052 μοι
1810 4986 1909 5048 τὰς

333 5057 502 5119 ἀκοὰς
538 5059 713 5129 ὑμῶν,
749 5066 1072 5133 πιρακαλῶ,
1106 5070 1261 5138 κάγὼ
1298 5070 1641 5141 ὃιεγγυῶμαι
1670 5079 1783 5138 τοῖς
1812 5094 1904 5129 πι-

335 5151 477 5209 στοῖς
518 5152 815 5221 ἀκροαταῖς
872 5157 1111 5226 ἐνεργῶς
1162 5161 1442 5226 ἀποδείξαι
1476 5166 1571 5217 καὶ
1622 5169 1910 5239 μονονουχὶ

335 5240 543 5307 βοῶντα
597 5243 665 5296 τὰ
698 5244 1001 5316 πράγματα
1057 5251 1134 5313 ὡς
1169 5253 1379 5325 ἀθρόως
1425 5256 1516 5308 τὸν
1549 5256 1695 5311 ἔλεον
1726 5264 1751 5312 ὀ
1779 5261 1909 5325 Θεὸς

334 5330 427 5380 ἐπὶ
461 5329 560 5399 τὴν
599 5332 755 5385 πόλιν
783 5335 1158 5408 ἀνὼμδρισεν.

405 5420 503 5487 ρλ’.
572 5422 745 5487 Εὐθὺς
797 5427 907 5495 γὰρ
963 5433 1083 5490 τοὺς
1120 5438 1560 5506 νενεκρωμένους
1598 5438 1757 5502 ὄντας
1814 5442 1908 5494 καὶ

332 5509 474 5579 Qui,
506 5514 596 5563 καὶ
621 5514 852 5583 σώματι,
882 5517 1130 5585 ἅπαντας
1160 5525 1348 5579 ἐκτῶν
1368 5530 1662 5598 ὁρωμένων
1694 5531 1906 5598 δεινῶν,

336 5606 425 5709 καὶ
462 5606 925 5709 ττροσδοκωμίνων
980 5618 1260 5687 χειρόνων,
1323 5623 1746 5693 ἀπροσδοκήτως
1772 5628 1907 5679 ἁνα-

333 5695 604 5765 οαρσῆσαι
637 5703 765 5772 περὶ
794 5705 891 5774 τὴν
943 5710 1137 5782 τρίτην
1165 5716 1378 5788 ἡμέραν
1410 5717 1508 5789 τῆς
1565 5705 1906 5787 πολιορκίας,

376 5811 445 5843 τ’·
479 5811 680 5870 Jerem.
712 5832 809 5885 vn,
841 5821 924 5880 ιε,

2016 4613 2271 4668 stantiam
2308 4610 2515 4665 audivit
2539 4626 2553 4675 ;
2579 4626 2643 4663 ex
2673 4609 2929 4677 operibus
2966 4617 3149 4662 autem
3180 4608 3351 4676 ipsius
3375 4616 3429 4663 et
3470 4624 3593 4673 qua:

2019 4716 2202 4762 mente
2255 4704 2653 4775 cognoscimus,
2699 4711 2753 4757 et
2784 4716 2902 4772 quae
2948 4700 3201 4756 sensibus
3234 4701 3591 4770 percipimus,

2017 4797 2275 4853 studiosis
2310 4795 2556 4850 discendi
2608 4792 3151 4864 intelligentibusque
3194 4790 3489 4845 innotescit
3534 4800 3589 4842 et

2016 4889 2134 4951 Dei,
2171 4904 2291 4958 qua:
2318 4887 2460 4943 dicta
2502 4894 2605 4950 est,
2633 4885 2892 4949 vindicta,
2923 4893 2978 4937 et
3002 4882 3302 4937 secundum
3336 4888 3587 4935 naturam

2010 4983 2334 5048 benignitas.
2356 4980 2481 5036 Mihi
2505 4977 2754 5048 proinde,
2784 4991 2999 5039 moneo,
3032 4990 3191 5029 aures
3215 4984 3424 5028 vestras
3450 4989 3587 5042 prae-

2009 5079 2151 5143 bete,
2185 5088 2350 5147 atque
2384 5092 2484 5146 ego
2515 5074 2794 5145 promitto,
2830 5070 3080 5127 ﬁdelibus
3113 5067 3457 5131 auditoribus
3496 5082 3588 5120 os-

2012 5178 2293 5222 tensurum
2314 5183 2398 5221 me
2428 5181 2573 5230 esse,
2605 5180 2693 5221 res
2711 5165 2876 5219 etiam
2904 5162 3296 5233 propemodum
3327 5161 3590 5219 clamare,

2008 5277 2172 5329 supra
2231 5261 2507 5314 civitatem
2545 5256 2833 5313 confestim
2894 5252 3282 5309 misericordia:
3346 5251 3585 5323 pluviam

2015 5353 2181 5406 Deum
2212 5352 2495 5406 elfudisse.

2078 5444 2200 5497 150.
2266 5441 2458 5496 Statim
2509 5442 2655 5497 enim
2713 5441 2834 5496 illos
2876 5454 3089 5504 omnes,
3130 5438 3222 5506 qui
3260 5452 3369 5507 pra:
3402 5435 3586 5500 matis,

2012 5551 2133 5604 quae
2165 5536 2432 5597 viderant,
2469 5534 2882 5605 pejoribusque,
2931 5545 3051 5602 quae
3098 5530 3485 5593 formidabant,
3530 5535 3586 5580 et

2011 5629 2190 5682 anima
2218 5636 2272 5682 et
2299 5642 2529 5696 corpore
2562 5625 2795 5680 emortui
2829 5632 3007 5691 erant,
3056 5623 3157 5678 sub
3190 5621 3404 5676 tertiam
3440 5618 3588 5672 obsi-

2012 5720 2189 5775 dionis
2222 5720 2365 5776 diem
2392 5737 2453 5774 ac
2484 5718 2644 5773 citius
2671 5717 2910 5783 animos,
2954 5725 3010 5772 ut
3042 5723 3096 5772 et
3120 5714 3356 5771 riderent
3379 5720 3428 5767 et
3460 5709 3586 5765 iirio
