4090 6384
490 338 621 401 1307

1796 340 2437 403 SUPPLEMEN'I‘UM.

3605 352 3743 417 1308

486 451 842 508 emersissent
882 452 1315 522 propugnaculo,
1358 452 1781 520 trepidationem
1825 456 2063 508 inimicis

2169 472 2623 525 προτειχιαματος
2648 456 2859 526 θάμϐος
2889 457 3217 528 ἐνεποίησαν
3239 460 3346 522 τοῖς
3377 460 3741 531 ὑπεναντίοις,

484 544 804 609 attulerunt,
838 543 910 597 ita
951 552 1011 597 ut
1055 544 1253 598 timore
1290 544 1555 598 ineffabili
1587 548 1824 616 correpti
1857 548 2061 609 omnia,

489 651 611 705 qua:
663 634 733 689 ab
785 636 867 688 eis
923 635 991 690 ad
1048 637 1444 705 propugnaculi
1502 637 1888 692 sulfossionem
1925 638 2064 693 facta

491 735 668 791 erant,
688 727 1053 780 instrumenta
1078 727 1399 796 reliquerint
1417 729 1858 798 aufugerintque,
1875 729 2067 783 etiam-

491 817 536 871 si
575 816 723 878 viris,
750 816 841 884 qui
873 826 1061 871 contra
1097 818 1216 873 illos
1246 820 1511 882 exierant,
1549 820 1686 875 nihil
1719 822 1770 874 in
1813 823 2066 878 manibus

493 921 692 980 praeter
722 910 905 964 hastas
934 919 989 965 et
1025 912 1231 980 spicula
1280 913 1626 974 habentibus,
1677 917 2062 979 testudinibus,

490 1011 545 1057 et
587 1003 830 1072 quidem,
877 1012 935 1057 ut
964 1002 1142 1068 scitis,
1179 1006 1339 1057 boum
1387 1006 1832 1076 camelorumque
1880 1022 2067 1061 recens

491 1094 799 1147 occisorum
828 1093 978 1147 corio
1009 1094 1264 1155 obtectis,
1294 1110 1472 1163 neque
1503 1095 1744 1163 lapidum
1768 1097 2065 1165 eiecturum

493 1196 715 1255 propter
762 1189 1085 1252 munimen,
1148 1204 1326 1257 neque
1352 1188 1491 1258 ignis
1531 1190 1773 1258 picisque
1827 1190 2069 1242 ardentis

489 1275 685 1329 aﬂusio
713 1290 813 1345 per
835 1276 1107 1331 coriorum
1134 1278 1516 1332 hutniditatem
1546 1294 1745 1333 nocere
1772 1280 2067 1348 quidquam

491 1379 698 1440 posset,
733 1372 933 1427 nedum
969 1372 1092 1434 viri,
1140 1374 1299 1443 pauci
1346 1388 1577 1427 numero
1616 1374 1852 1443 solisque
1902 1374 2068 1427 hastis

493 1464 577 1517 vel
614 1466 872 1529 arcubus,
906 1474 965 1519 ut
998 1468 1308 1520 verosimile
1332 1478 1433 1530 est,
1467 1468 1684 1521 armati.

565 1554 690 1608 156,
758 1554 975 1609 Judicct
1033 1558 1196 1625 igitur
1254 1573 1445 1626 aequus
1525 1559 1791 1631 auditor,’
1838 1574 1960 1613 cum
2033 1559 2069 1612 ii

490 1647 581 1714 qui
620 1661 743 1698 cum
784 1647 935 1699 hasta
984 1662 1225 1715 arcuque
1261 1647 1528 1702 duntaxat
1567 1650 1620 1701 in
1665 1650 2070 1719 propugnaculo

491 1753 612 1792 sese
639 1738 953 1802 ostendere,
995 1740 1291 1808 quidquam
1349 1740 1600 1795 nocendo
1632 1740 1698 1793 iis
1728 1741 1818 1809 qui
1853 1741 1953 1794 sub
1992 1748 2066 1793 te-

2169 548 2244 607 ὡς
2277 547 2426 616 φόϐῳ
2468 548 2818 616 συσχεθέντες
2861 550 3088 622 ὰρῤήτῳ
3121 551 3472 605 καταλείπειν
3524 555 3745 611 ᾶπαντα

2168 640 2236 692 τὰ
2270 639 2406 708 πρὸς
2458 639 2666 710 όρυγὴν
2700 642 2883 703 αὐτοῖς
2935 643 3282 712 γεγενημένα
3319 644 3415 697 τοῦ
3467 650 3745 719 προτειχῖο

2172 744 2373 797 aptato;
2403 727 2607 797 δργανα
2639 730 2731 782 καὶ
2767 729 3091 800 ἀποδρᾶναι.
3124 732 3301 785 καίτοι
3343 732 3453 785 τῶν
3484 734 3747 803 ἐξεληλυ-

2172 810 2343 872 θότων
2377 820 2464 887 ἐφ’
2496 822 2713 884 ἑαυτοῖς
2741 822 2950 892 ἀνδρῶν
2972 822 3139 892 μηδὲν
3171 824 3231 875 ἐν
3289 826 3478 894 χερσὶν
3507 826 3749 895 ἐχόντων

2170 911 2201 980 ἥ
2230 912 2451 980 δόρατα,
2499 913 2592 965 καὶ
2619 911 2851 975 ἀσπίδας
2895 916 3014 976 ταῖς
3051 914 3335 983 χελώναις,
3365 916 3611 985 ὼςιῖστε,
3644 922 3750 973 καὶ

2170 1003 2340 1056 ταῦτα
2368 1004 2584 1075 δέρρεσι
2612 1005 2928 1073 νεοσφαγῶν
2993 1005 3129 1076 βοῶν
3167 1007 3260 1060 καὶ
3303 1009 3568 1079 καμήλων
3614 1029 3754 1065 κατ-

2170 1098 2598 1165 εστεγασμένας,
2638 1095 2761 1149 οὔτε
2821 1096 3016 1152 κιόνων
3090 1100 3488 1171 ἐπιρῤιφέντων
3531 1102 3617 1155 διὰ
3645 1103 3755 1173 τὴν

2173 1187 2535 1256 ἐρυμνότητα,
2572 1185 2694 1240 οὔτε
2730 1190 2904 1258 πυρὸς
2925 1187 2957 1258 ἢ
2982 1190 3184 1260 πίσσης
3216 1191 3595 1261 καχλαζούσης
3627 1195 3755 1246 ἐπί-

2171 1295 2323 1347 χυσις
2357 1277 2445 1331 διὰ
2471 1278 2532 1331 τὸ
2555 1279 2661 1332 τῶν
2709 1279 2947 1350 δέρρεων
2982 1280 3258 1349 κάθυγρον
3308 1282 3537 1350 ἡδύνατό
3569 1301 3622 1336 τι
3650 1286 3753 1337 λυ-

2174 1368 2468 1439 μήνασθαι,
2500 1368 2631 1438 μήτι
2665 1385 2729 1437 γε
2784 1370 2977 1441 ἄνδρες
3015 1372 3378 1441 εὐαρίθμητοι
3432 1374 3525 1427 καὶ
3555 1376 3750 1444 δόρασι

2174 1460 2375 1529 μόνοις,
2416 1461 2446 1525 ἢ
2478 1461 2675 1526 τόξοις,
2701 1461 2777 1523 ὡς
2803 1463 2972 1529 εἰκὸς,
2999 1463 3366 1534 ὡπλισμένοι.

2248 1553 2388 1619 ρλςθ.
2432 1551 2682 1622 Κρινάτω
2720 1552 2814 1606 οὖν
2843 1556 2870 1606 ὀ
2903 1555 3204 1623 εὐγνώμων
3230 1558 3513 1627 ἀκροατής
3554 1573 3570 1588 ’
3605 1559 3752 1623 ἄξιοι

2172 1642 2279 1714 ἆρα
2320 1646 2370 1698 οί
2418 1646 2557 1715 μετὰ
2595 1646 2795 1716 λόγχης
2833 1647 2925 1700 καὶ
2958 1647 3112 1712 τόξου
3156 1649 3316 1718 μόνον
3352 1652 3612 1720 φανέντες
3652 1655 3752 1706 ἐπὶ

2173 1740 2269 1792 τοῦ
2297 1740 2755 1811 προτειχίσματος
2789 1739 2987 1811 βλάψαι
3020 1760 3071 1795 τι
3101 1744 3225 1807 τοὺς
3249 1744 3353 1798 ὑπὸ
3378 1746 3473 1807 τὰς
3507 1747 3752 1816 χελώνας

493 1830 812 1885 studinibus
842 1840 1017 1896 erant,
1073 1832 1427 1902 vectibusque
1485 1842 1683 1887 terram
1743 1834 2064 1898 movebant,

2173 1831 2353 1894 ὄντας,
2380 1834 2471 1886 καὶ
2498 1834 2610 1894 τοῖς
2624 1833 2837 1902 μοχλοῖς
2857 1849 2873 1898 ;
2895 1835 3280 1905 Διορύττοντας
3304 1854 3319 1902 ;
3351 1799 3634 1893 πόθενῆκαὶ
3661 1843 3752 1904 τίς

493 1925 697 1979 fuerint
726 1926 918 1994 inepti,
949 1928 1217 1981 uudcnam
1251 1936 1307 1980 et
1340 1928 1460 1996 quis
1484 1928 1881 1981 cardisillorum
1902 1943 2066 1982 causa

493 2015 798 2079 exstiterit;
843 2016 888 2071 is
918 2018 1197 2081 nimirum,
1239 2018 1330 2084 qui
1368 2017 1651 2072 audaciam
1684 2017 2068 2073 Macedonibus

491 2107 704 2163 indidit.
772 2106 846 2162 lbi
917 2108 1065 2163 enim
1134 2107 1230 2163 Dei
1298 2119 1468 2173 nutu,
1527 2108 1791 2179 quidquid
1839 2109 2066 2163 subsidii

491 2198 728 2254 inimicis
762 2201 1252 2265 erat,denudatum
1309 2201 1429 2267 fuit,
1472 2211 1709 2271 tuncque
1753 2202 1917 2256 etiam
1960 2201 2063 2257 im-

492 2308 659 2363 pensa
693 2292 896 2347 diaboli
929 2294 1028 2355 vis,
1067 2295 1246 2346 divina
1276 2295 1621 2362 providentia
1647 2295 1923 2348 civitatem
1949 2310 2065 2349 scr—

492 2392 670 2438 vatam
703 2385 888 2448 fuisse,
916 2385 1179 2439 ostendit.
1213 2384 1378 2439 Scitis
1409 2389 1575 2448 enim,
1602 2388 1694 2454 qui
1721 2395 1772 2440 et
1801 2387 2064 2440 Adatnum

491 2488 547 2534 et
579 2477 679 2533 Joh
713 2487 765 2531 et
802 2488 1023 2533 sanctos
1056 2494 1267 2544 omnes,
1299 2494 1422 2533 cum
1454 2479 1642 2533 divino
1671 2479 1873 2533 auxilio
1920 2478 2067 2549 digni

493 2570 953 2632 habitil‘uissent,
991 2571 1273 2639 squalidus
1316 2572 1405 2627 ille
1448 2573 1634 2627 statim
1664 2572 1968 2641 impetierit
2015 2581 2068 2626 et

492 2664 752 2732 periculis
783 2663 1322 2728 ettribulationibus,
1359 2663 1588 2717 invicem
1623 2663 2064 2728 succedentibus,

491 2757 927 2812 circumsederit.
958 2759 1126 2828 igitur
1162 2767 1218 2812 et
1246 2766 1395 2819 tunc,
1430 2770 1553 2811 cum
1578 2770 1608 2809 e
1641 2754 1797 2808 factis
1827 2755 2066 2807 miracu-

492 2850 579 2911 lis.
612 2851 907 2904 emicantes
941 2848 1323 2920 gloriosiSsimi
1357 2846 1609 2919 martyris
1650 2846 2068 2902 intercessiones

490 2943 688 2997 divinae
719 2942 1112 2997 misericordiae
1143 2943 1384 3012 pluviam
1423 2955 1585 3011 supra
1632 2939 1906 2994 civitatem
1935 2938 2069 2994 effu-

491 3035 662 3101 disse,
700 3036 1057 3104 perspiceret,
1095 3034 1272 3089 aliena
1300 3034 1607 3089 calamitate
1646 3034 1887 3105 gaudens
1924 3032 2068 3087 iuvi-

2169 1926 2339 1985 αῖτιος
2361 1925 2458 1992 τῆς
2488 1925 2690 1978 τούτων
2712 1928 2954 1996 σφαγῆςς
2983 1929 3237 1998 Δηλονότι
3267 1933 3296 1984 ὁ
3324 1929 3385 1983 τὸ
3411 1931 3607 2001 Θάρσος
3632 1934 3752 1995 τοῖς

2167 2016 2483 2078 Μακεδόσιν,
2506 2017 2681 2081 ἐνθείς
2705 2033 2720 2049 ⁸
2767 2019 2898 2072 ἔνθα
2937 2021 3045 2089 γὰρ
3083 2023 3222 2093 ῥοπῇ
3265 2022 3402 2077 Θεοῦ
3444 2025 3653 2088 πάντως
3687 2027 3752 2079 τὸ

2168 2110 2409 2164 ἐναντίον
2437 2110 2690 2179 βοηθείας
2754 2114 3130 2184 γεγύμνωται.
3164 2115 3274 2168 Καὶ
3303 2118 3335 2186 ἡ
3364 2118 3662 2187 τηνικαῦτα
3690 2119 3749 2172 δὲ

2167 2204 2259 2256 τοῦ
2297 2204 2545 2258 διαϐόλου
2591 2208 2855 2279 γενομένη
2902 2207 3156 2278 ἐνέργεια
3191 2208 3399 2279 δίδειχε
3434 2212 3535 2281 τὴν
3588 2211 3750 2266 πόλιν

2168 2292 2355 2364 θεῖκῆς
2410 2296 2667 2364 προνοίας
2718 2295 3011 2364 ἠξιῶσθαι.
3054 2300 3198 2352 Ἰστε
3247 2300 3356 2371 γὰρ
3399 2300 3475 2364 ὡς
3522 2303 3617 2354 καὶ
3653 2304 3750 2356 τὸν

2180 2382 2374 2451 Ἀδάμ.
2400 2384 2493 2438 καὶ
2521 2385 2611 2438 τὸν
2659 2385 2801 2449 Ἰὼϐ.
2837 2389 2931 2440 καὶ
2961 2392 3085 2451 τοὺς
3121 2390 3314 2458 ἁγίους
3374 2392 3582 2456 πάντας
3615 2398 3754 2463 ὁπη-

2168 2472 2296 2527 νίκα
2338 2474 2437 2543 τῆς
2478 2475 2627 2538 θείας
2660 2478 2981 2549 ἐπικουρίας
3027 2477 3370 2548 ἀξιωθέντες,
3418 2489 3751 2555 κατεστοχά-

2171 2585 2302 2622 σατο
2325 2570 2667 2640 παραχρῆμα
2696 2574 2995 2643 κονιορτὸς,
3018 2573 3112 2626 καὶ
3141 2573 3409 2641 κινδύνοις
3434 2578 3529 2631 καὶ
3552 2579 3750 2633 ἀλλεπ-

2167 2662 2422 2731 αλλήλοις
2468 2662 2682 2733 θλίψεσι
2734 2664 3079 2735 περιέϐαλεν.
3132 2669 3433 2739 Τοιγαροῦν
3484 2673 3577 2724 καὶ
3628 2674 3749 2726 τότε

2168 2755 2291 2808 ἐπεὶ
2321 2754 2622 2825 κατένοησε
2648 2756 2736 2809 διὰ
2763 2756 2872 2812 τῶν
2902 2760 3215 2830 γενομένων
3246 2762 3560 2833 θαυμάτων,
3588 2766 3661 2827 ὡς
3692 2767 3750 2818 αί

2170 2844 2455 2914 πρεσϐεῖαι
2482 2846 2576 2899 τοῦ
2604 2848 2924 2914 πανενδόξου
2947 2851 3226 2923 μάρτυρος
3260 2854 3613 2925 ἐκλάμψασαι
3647 2860 3744 2911 τὸν

2169 2938 2351 2993 θεῖκὸν
2384 2939 2534 2993 ἔλεον
2575 2942 2667 2995 ἐπὶ
2708 2943 2808 3013 τὴν
2843 2943 2999 2996 πόλιν
3046 2947 3430 3017 ἐπὼμϐρισαν,
3474 2950 3750 3019 ἐμηχανή-

2171 3048 2302 3084 σατο
2329 3032 2359 3084 δ
2387 3034 2772 3102 χαιρεσίκακος
2837 3035 2932 3088 καὶ
2985 3036 3250 3107 φθονερὸς
3286 3037 3500 3110 δαίμων
3547 3040 3647 3112 τὴν
3685 3043 3751 3096 ἐκ

491 3128 704 3198 dusque
757 3129 971 3183 damon
1027 3128 1291 3193 laetitiam,
1354 3142 1476 3195 qua:
1528 3141 1558 3181 e
1611 3126 1946 3180 testudinum
2007 3138 2064 3179 ac

2172 3123 2270 3192 τῆς
2305 3124 2473 3194 ἥττης
2506 3125 2615 3178 τῶν
2651 3126 2900 3194 χελωνῶν
2945 3129 3041 3182 καὶ
3074 3128 3368 3200 βαρϐάρων
3394 3132 3751 3203 ἐγγινομένην

493 3221 853 3277 Barbarorum
904 3229 1086 3290 strage
1143 3218 1347 3274 civitati
1386 3221 1707 3283 obvenerat,
1758 3226 1969 3272 vertere
2011 3214 2064 3269 in

2169 3217 2233 3285 τῇ
2269 3214 2419 3267 πόλει
2450 3217 2624 3286 Χαράν
2660 3219 3032 3288 μεταστρέψαι
3072 3223 3152 3283 είς
3182 3220 3395 3285 πένθος.

488 3312 698 3369 luctum
741 3320 826 3366 est
865 3309 1108 3363 molitus.

562 3405 686 3458 157.
777 3402 989 3456 Etenim
1068 3401 1387 3470 obliquitate
1456 3400 1558 3455 sibi
1619 3398 1841 3469 pr0pria
1935 3413 2067 3452 usus

491 3497 804 3566 praedictam
840 3502 1007 3561 portae
1042 3501 1393 3552 cataractam,
1426 3505 1546 3557 qua:
1589 3499 1642 3543 et
1683 3490 1918 3541 maxima
1949 3499 2065 3542 erat

491 3590 879 3653 valvarumque
914 3583 1146 3638 duarum
1172 3590 1228 3638 et
1259 3581 1603 3635 altitudinem
1630 3588 1684 3633 et
1723 3579 2063 3633 latitudinem

489 3680 546 3736 in
585 3695 645 3734 se
675 3675 1166 3746 complectebatur.
1207 3687 1375 3725 unum
1407 3671 1460 3723 in
1503 3671 1644 3724 latus
1678 3669 1850 3740 magis
1884 3670 2067 3723 incur-

486 3772 604 3829 vari
635 3769 785 3837 fccit,
811 3770 882 3823 ita
907 3777 986 3833 ut,
1004 3780 1128 3821 cum
1150 3765 1184 3818 ii
1211 3765 1302 3834 qui
1323 3765 1589 3823 exierant,
1607 3772 1792 3817 essent
1810 3761 2062 3831 ingressi,

489 3867 745 3921 deorsum
782 3863 897 3928 illa,
963 3877 1086 3916 cum
1126 3859 1527 3920 demitteretur,
1580 3865 1870 3926 propterea
1921 3854 2065 3923 quod

488 3959 630 4016 latus
676 3973 847 4010 unum
891 3954 1119 4024 lapideae
1163 3953 1485 4007 ortlmstatre
1529 3948 1606 4019 (4)
1640 3958 1784 4006 esset
1820 3947 2063 4010 afflatum,

492 4053 634 4107 haud
670 4049 1050 4111 descenderet,
1092 4045 1497 4113 multorumque
1542 4057 1813 4097 concursu
1847 4057 2063 4096 sursum

492 4144 744 4199 attollere
774 4158 894 4196 eam
927 4140 1193 4202 volentes,
1227 4137 1372 4190 nulla
1405 4135 1629 4190 omnino
1661 4136 1890 4199 ratione,
1924 4134 2065 4203 quod

491 4238 719 4293 istarum
748 4235 1032 4289 dexterum
1066 4232 1184 4298 ejus
1221 4231 1359 4283 latus
1382 4228 1536 4282 alteri
1567 4229 1884 4282 orthostata:
1924 4236 2067 4283 esset

492 4343 789 4392 annexum,
815 4326 993 4380 facere
1022 4325 1073 4377 id
1101 4331 1321 4393 pnsscnt
1347 4320 1447 4391 (5).
1483 4322 1661 4389 Atque
1693 4320 1780 4373 illa
1804 4320 1940 4374 adeo
1965 4334 2064 4374 nec

492 4435 708 4476 sursum
747 4421 944 4480 levata,
984 4432 1084 4470 nec
1119 4415 1256 4469 infra
1284 4415 1565 4482 depressa,
1596 4413 1683 4469 die
1711 4421 1819 4466 tota
1844 4428 2064 4484 magna-

2244 3393 2373 3463 ρλξ,
2409 3393 2719 3466 Ἐνεργείας
2742 3400 2849 3465 γάρ
2878 3400 2942 3466 τῇ
2962 3398 3140 3469 οἰκείᾳ
3160 3398 3441 3468 στρεϐλότι
3466 3398 3556 3452 τὸν
3582 3402 3753 3470 προρ-

2164 3488 2405 3559 ρηθέντα
2432 3489 2530 3557 τῆς
2570 3489 2746 3557 πύλης
2777 3490 3166 3561 καταρράκτῃν
3194 3490 3325 3544 ὂντα
3353 3492 3629 3559 μέγιστον,
3654 3493 3753 3546 καὶ

2168 3580 2274 3633 τῶν
2299 3579 2392 3632 δύο
2416 3580 2600 3632 πυλῶν
2620 3581 2680 3633 τὸ
2703 3579 2835 3650 ὕψος
2862 3584 2953 3635 καὶ
2975 3582 3177 3646 πλάτος
3209 3585 3265 3635 ἐν
3287 3584 3464 3654 ἐαυτῷ
3489 3584 3750 3653 φέροντα,

2170 3672 2235 3725 ἐκ
2270 3670 2635 3742 μονοπλεύρου
2686 3670 2745 3725 τὸ
2793 3674 2955 3727 πλέον
2986 3676 3383 3744 ἀνελκυσθῆναι
3411 3678 3738 3747 πεποίηκεν,

2168 3762 2242 3825 ὡς
2285 3764 2422 3831 μετὰ
2454 3765 2515 3816 τὸ
2555 3764 2821 3819 εἰσελθεῖν
2851 3766 2977 3829 τοὺς
3003 3766 3350 3833 ἐξελθόντας,
3383 3768 3750 3839 χαλασθέντος

2169 3859 2337 3912 αὐτοῦ
2394 3860 2467 3929 μὴ
2520 3860 2886 3929 κατέρχεσθαι
2934 3858 3024 3912 διὰ
3070 3861 3128 3911 τὸ
3175 3862 3275 3931 τὴν
3329 3861 3458 3929 μίαν
3509 3860 3748 3931 πλευρὰν

2170 3948 2594 4018 προσπεπῆχθαι
2637 3949 2712 4019 τῷ
2754 3949 2941 4020 λιθίνῳ
2977 3950 3303 4021 ὀρθοστάτῃ,
3356 3950 3449 4003 καὶ
3490 3951 3750 4019 θελησάν-

2169 4059 2274 4096 των
2322 4041 2618 4095 ἀνελκύσαι
2668 4041 2808 4112 μετὰ
2870 4042 3075 4113 πολλῆς
3124 4043 3452 4113 συνδρομῆς,
3485 4043 3559 4114 μὴ
3611 4060 3748 4096 κατ⁴

2171 4135 2378 4206 ισχύειν
2439 4137 2577 4199 ὅλως
2618 4136 2724 4190 κᾶν
2765 4136 2937 4206 βραχὺ
2971 4135 3072 4208 τὴν
3107 4137 3222 4191 άνω
3259 4138 3539 4205 κουφίσαι,
3571 4136 3656 4189 διὰ
3687 4138 3747 4187 τὸ

2168 4231 2266 4301 τὴν
2295 4227 2476 4294 δεξιὰν
2503 4228 2668 4283 αὑτοῦ
2714 4229 2898 4297 ὠμίαν
2932 4228 3010 4299 τῷ
3040 4228 3215 4299 ἑτέρῳ
3247 4229 3412 4282 πάλιν
3441 4227 3745 4298 ὀρθοστάτῃ

2169 4321 2547 4392 καταχριῶσαι
2584 4320 2674 4373 καὶ
2709 4322 2920 4391 μήποτε
2956 4322 3092 4392 πρδς
3141 4321 3201 4373 τὸ
3234 4321 3347 4374 ἄνω
3396 4320 3588 4373 τούτου
3622 4321 3746 4375 ἀνο-

2169 4413 2513 4484 χλιζομένου,
2556 4413 2690 4483 μηδέ
2743 4412 2877 4482 πρὸς
2904 4412 2967 4465 τὸ
3016 4413 3166 4466 κάτω
3200 4412 3526 4482 καθιεμένου
3562 4412 3747 4464 πᾶσαν

492 4524 597 4579 que
646 4509 810 4562 etiam
872 4507 1047 4561 noctis
1111 4507 1392 4576 sequentis
1443 4514 1597 4575 parte
1650 4515 1804 4574 porta
1866 4505 2061 4559 mansit

2169 4503 2263 4573 τὴν
2294 4504 2526 4573 ἡμέραν.
2562 4504 2654 4556 καὶ
2685 4503 2848 4573 μέχρι
2880 4502 3077 4556 πολλοῦ
3115 4503 3215 4571 τῆς
3260 4502 3521 4570 ἐπιούσης
3550 4502 3748 4563 νυκτὸς

494 4608 675 4667 aperta
710 4595 805 4668 (6).
852 4595 1053 4649 Verum
1091 4596 1231 4648 Deus
1278 4611 1375 4663 per
1422 4610 1577 4649 suam
1629 4594 2061 4648 misericordiam

491 4691 864 4762 lacrymasque
915 4686 1114 4742 ibidem
1153 4695 1281 4740 tunc
1311 4687 1574 4741 scatehrze
1614 4686 1666 4739 in
1715 4687 1934 4740 modum
1973 4685 2060 4740 fu-

492 4799 597 4850 sas,
643 4784 819 4837 nostri
852 4780 1130 4843 misertus,
1173 4778 1385 4834 artilice
1411 4777 1647 4847 quodam
1686 4792 1718 4831 e
1758 4778 1940 4832 divina
1976 4779 2062 4831 in-

492 4874 809 4946 spiratione,
837 4870 1088 4927 Christus
1111 4867 1417 4935 nobiscum,
1439 4870 1787 4933 inclamante,
1821 4878 2062 4925 catarac-

565 5019 640 5089 (4)
666 5015 999 5089 Vocabulum
1023 5013 1129 5069 hoc
1152 5012 1637 5089 architectonicum
1665 5021 1770 5089 est,
1789 5013 2062 5089 idemque,

491 5082 634 5160 quod
684 5088 1000 5160 arrectaria,
1051 5099 1146 5140 seu
1193 5085 1489 5160 arrectaria
1528 5084 1675 5160 ιίθηᾳ
1717 5082 2055 5160 signiﬁcare,

494 5151 745 5214 nonnulli
778 5162 1104 5219 autumant;
1140 5166 1329 5206 verum
1361 5151 2065 5222 ltorum'opinionenrﬂen-

493 5232 641 5291 ricus
673 5226 985 5285 Stephanus
1015 5239 1124 5277 non
1163 5223 1375 5290 probat,
1407 5219 1698 5290 potiusque
1728 5237 1854 5276 cum
1882 5219 2066 5277 Vitru-

494 5301 583 5359 vio
633 5297 880 5352 Graec-um
931 5295 1249 5348 vocabulum
1327 5293 1673 5348 retinendum
1724 5294 2061 5363 pronuntiat.

494 5368 650 5423 Hunc
681 5366 819 5420 adeo
854 5373 1154 5427 auctorem,
1188 5375 1348 5432 (utrm
1387 5364 1472 5417 hic
1520 5363 1671 5432 sequi
1719 5362 1893 5415 visum
1939 5371 2022 5415 est
2048 5404 2061 5428 ,

496 5440 553 5493 in
585 5453 686 5493 suo
738 5436 934 5505 lingua:
980 5433 1180 5488 Graecae
1209 5428 1494 5488 Thesauro
1527 5428 1659 5488 to'm.
1688 5434 1730 5501 Ι,
1764 5432 1869 5487 col.
1903 5432 2063 5499 1756,

494 5507 740 5564 consule.

566 5578 644 5647 (5)
682 5576 975 5647 Enimvero
998 5574 1261 5647 laboravi,
1298 5583 1376 5637 ut,
1405 5590 1526 5645 qua:
1553 5575 1643 5647 hic
1675 5575 1742 5631 de
1770 5583 2063 5639 Cataracta,

498 5644 756 5710 qum'nec
787 5644 1045 5712 deprimi,
1080 5661 1182 5700 nec
1220 5644 1438 5700 sursum
1470 5645 1586 5699 tolli
1636 5648 1875 5713 petuerit
1899 5687 1914 5710 ,
1958 5655 2067 5699 tra-

502 5718 732 5785 duntur,
764 5716 816 5769 in
862 5714 1099 5785 linguam
1130 5715 1354 5785 latinam
1405 5722 1967 5785 apteconverterem.
2005 5713 2064 5766 Si

504 5783 686 5837 minus
713 5783 1146 5840 verbunt'vcrbo
1180 5783 1617 5854 ubique‘reddidi
1648 5825 1661 5850 ,
1695 5788 1931 5840 auctoris
1961 5784 2066 5840 sal-

2142 4594 2490 4675 _&vstpypévq
2525 4595 2837 4665 μεμένηκεν
2864 4608 2881 4624 ’
2910 4594 3025 4649 ἀλλ’
3055 4595 3083 4646 ὁ
3126 4595 3259 4659 Θεὸς
3290 4594 3748 4664 κατοικτειρήσας

2169 4686 2315 4753 ἡμᾶς
2342 4685 2430 4737 διὰ
2447 4685 2544 4754 τὴν
2566 4685 2728 4739 αὑτοῦ
2746 4685 3178 4756 εὐσπλαγχνίαν,
3207 4686 3301 4738 καὶ
3322 4684 3391 4738 τὰ
3417 4686 3594 4737 ἐκεῖσε
3621 4686 3746 4736 τότε

2169 4777 2462 4846 κρουνηδὸν
2508 4777 2810 4846 ἐκχυθέντα
2858 4779 3089 4847 δάκρυα,
3137 4776 3438 4845 κράξαντος
3485 4778 3549 4829 ἐκ
3588 4776 3742 4835 θείας

2167 4869 2455 4931 ἐπιπνοίας
2506 4869 2622 4933 ἐνὸς
2664 4870 2928 4940 τεχνίτου,
2991 4870 3051 4922 Ὃ
3101 4868 3337 4947 Χριστὸς
3392 4867 3515 4938 μεθ’
3562 4868 3745 4936 ἡμῶν,

2170 5022 2275 5092 teni
2310 5027 2552 5078 sensum,
2583 5023 2707 5068 utut
2730 5013 2884 5080 forte:
2900 5011 3044 5068 haud
3066 5019 3146 5065 sat
3178 5009 3321 5065 ιε.ἰοί
3351 5024 3626 5075 successu,
3648 5025 3748 5063 ει-

2167 5098 2407 5152 primere
2437 5098 2557 5136 sum
2590 5093 2844 5152 conatus.

2237 5153 2314 5221 (6)
2351 5150 2407 5204 ln
2441 5162 2588 5230 textu
2631 5151 2824 5230 βπεοο
2865 5154 3186 5230 alterutrum
3220 5167 3251 5206 e
3282 5148 3566 5230 vocabulis
3597 5148 3740 5230 πόὶη

2163 5219 2314 5294 porta
2354 5222 2563 5294 (ειπόλις
2593 5224 2815 5287 civitas,
2865 5223 3220 5294 videturihic
3266 5221 3562 5294 omissum;
3612 5219 3743 5294 hinc

2166 5288 2267 5363 ego
2314 5291 2550 5363 primum
2607 5294 3045 5362 interpretatioiti
3098 5293 3303 5346 Latinae
3349 5288 3548 5358 adjeci.
3604 5288 3744 5363 Aliis

2166 5360 2329 5432 porro
2358 5362 2519 5432 etiam
2551 5377 2673 5432 cap.
2710 5360 2999 5429 praesentis
3033 5363 3165 5418 locis
3196 5375 3383 5432 vocem
3420 5374 3581 5412 unam
3608 5360 3745 5411 alte-

2173 5430 2357 5486 ramve
2390 5430 2633 5487 subinde
2652 5446 2776 5486 esse
2817 5434 3100 5498 omissam,
3134 5430 3218 5486 vel
3263 5446 3327 5485 ex
3375 5444 3441 5483 eo
3471 5442 3749 5497 suspicor,

2173 5502 2317 5571 quod
2340 5502 2674 5570 descriptum
2708 5501 2759 5555 id
2795 5503 2868 5556 sit
2895 5518 2960 5557 ex
2991 5503 3184 5556 eodem
3218 5501 3366 5555 dicto
3398 5498 3749 5553 bibliotheca:

2174 5573 2449 5628 Vaticana:
2480 5573 2667 5641 codice
2700 5572 2825 5636 797,
2858 5588 2887 5625 e
2922 5589 3030 5641 quo
3059 5582 3222 5641 caput
3250 5571 3513 5641 proxime
3536 5581 3742 5641 pr.'_L’_C¢-

2172 5643 2330 5705 dens,
2364 5639 2530 5709 quod,
2559 5637 3015 5710 quemadmodum
3045 5637 3431 5696 ex'Adnotatis
3470 5639 3518 5693 ei
3552 5637 3743 5706 subje-

2171 5714 2274 5766 ctis
2303 5712 2476 5779 liquet
2534 5715 2652 5769 loco
2679 5728 2786 5768 non
2816 5728 2922 5769 uno
2964 5727 3157 5769 vocum
3189 5711 3490 5768 emissione
3520 5717 3603 5764 est
3624 5720 3756 5763 eur-

2170 5791 2413 5852 ruptum.
