4090 6384
397 349 539 418 1309

1409 365 1466 425 S.
1506 362 1888 427 DEM‘ET’RlI
1922 364 2318 430 MARTYRIS
2358 370 2568 431 ACTA.

3489 365 3622 424 13ἶο

390 468 649 538 εἱλκύσθη
680 470 779 539 τὴν
815 472 947 534 ἄνω,
984 472 1077 525 καὶ
1102 475 1317 539 ῑσωθεὶς
1344 477 1640 546 ὲχαλάσθη,
1665 477 1759 529 καὶ
1781 479 1950 530 lauti».

2068 492 2173 538 tam
2212 498 2449 554 superne
2481 482 2670 546 movit,
2714 490 3034 550 aequataque
3059 477 3295 535 demissa
3329 481 3433 531 est.
3466 472 3624 526 dubi-

390 559 670 629 ἡσύχασαν
694 564 748 615 al
774 564 990 634 καρδίαι
1020 565 1129 623 τῶν
1158 564 1541 630 δισταξόντων.

460 648 595 717 ρλη’.
644 650 833 702 Ἔνθεν
853 652 960 722 γὰρ
980 654 1163 717 αὐτοῖς
1183 656 1277 708 καὶ
1294 655 1353 707 τὸ
1369 655 1474 709 τῶν
1491 655 1737 726 δακρύων
1762 655 1960 723 πλῆθος

388 740 665 810 κικίνητο,
697 741 788 795 τοῦ
820 743 1016 813 ἐχθροῦ
1048 744 1442 809 ὑποϐάλλοντος
1473 748 1679 807 ἐννοίας
1716 746 1959 816 πονηρὰς

386 826 462 891 ὡς
490 830 627 903 ὃτιῤ
661 831 792 893 Θεὸς
824 832 1026 888 ἁλῶναι
1060 835 1157 906 τὴν
1185 835 1340 888 πόλιν
1371 836 1717 906 βεϐούληται,
1748 842 1837 890 καὶ
1872 836 1959 889 διὰ

385 919 543 975 τοῦτο
573 923 606 993 η
640 922 785 993 πύλη
808 924 868 977 οὐ
901 925 1167 980 κλείεται.
1226 927 1338 980 Καὶ
1369 928 1507 995 ὅπερ
1536 928 1711 987 αὐτὸς,
1742 930 1809 996 τῇ
1860 942 1959 979 κα-

385 1013 620 1082 κουργίᾳ
643 1015 1049 1085 ἐμηχανήσατο,
1074 1018 1231 1071 τοῦτο
1253 1018 1346 1070 καὶ
1373 1018 1451 1087 τῷ
1473 1018 1590 1086 Θεῷ
1620 1019 1957 1088 προσάπτειν

384 1102 503 1162 ταῖς
532 1099 792 1165 διανοίαις
830 1104 1150 1160 ὑπέϐαλλεν.
1195 1107 1355 1160 Ἀλλὰ
1389 1108 1515 1173 δόξα
1547 1108 1623 1176 τῷ
1650 1108 1790 1178 ἁγίῳ
1814 1110 1953 1175 Θεῷ⁶

384 1191 463 1251 είς
486 1190 638 1255 τέλος
659 1192 767 1265 γὰρ
796 1194 962 1249 αὑτοῦ
994 1198 1027 1265 ἠ
1062 1197 1304 1267 δολιότης
1346 1200 1445 1252 οὐκ
1477 1200 1716 1269 ἴσχυσεν.
1758 1199 1956 1251 Βούλε-

386 1282 479 1333 σθε
507 1284 599 1336 καὶ
625 1284 791 1348 ἄλλας
830 1293 920 1339 τοῦ
953 1289 1190 1358 Χριστοῦ
1242 1290 1686 1363 θαυματουργίας
1723 1309 1953 1361 γεγενη-

388 1373 556 1440 μένας
614 1375 773 1443 τότε;
832 1372 1184 1449 Προθήσομαι
1217 1382 1316 1433 οὐκ
1369 1382 1592 1437 ἔλαττον
1620 1383 1726 1436 τῶν
1778 1384 1953 1436 ἄλλων

385 1462 840 1536 θαυματουργιῶν
862 1482 877 1499 ⁸
929 1471 1117 1542 ἐπειδὴ
1151 1472 1258 1539 γὰρ
1310 1475 1373 1542 τῇ
1408 1473 1526 1543 θείᾳ
1563 1477 1705 1545 ῥοπῇ
1739 1475 1832 1537 τὰς
1862 1492 1949 1543 χε-

383 1553 578 1621 λώνας,
616 1560 709 1610 καὶ
734 1559 859 1622 τοὺς
896 1562 1147 1631 μοχλοὺς,
1177 1566 1273 1615 καὶ
1300 1566 1397 1628 τὰς
1420 1565 1667 1625 δικέλλας
1701 1567 1948 1619 καταλεί·

382 1645 604 1713 ψαντες,
636 1648 855 1716 ἔφυγον,
887 1652 1112 1721 μηδενδς
1138 1654 1444 1719 διώκοντος,
1482 1658 1531 1709 oi
1573 1658 1818 1728 πολέμιοι
1846 1659 1956 1710 λοι-

386 1737 486 1789 πδν
526 1738 617 1790 ἐπὶ
650 1741 717 1808 τῇ
747 1740 877 1807 ἑξῆς
917 1744 1027 1803 τοῖς
1052 1746 1402 1813 πετροὸόλοις
1438 1749 1760 1818 ἐχρήσαντο.

2065 576 2404 643 tantiumque
2433 574 2647 628 tandem
2678 575 2836 626 corila
2872 573 3216 641 quieverunt.

2137 669 2257 724 158.
2316 668 2452 723 Hinc
2484 667 2629 721 enim
2681 676 2737 720 et
2774 666 2886 720 illis
2923 666 3281 734 lacrytuarnm
3327 662 3482 731 copia
3525 658 3627 713 fuit

2060 770 2354 823 commota,
2400 760 2543 829 quod
2590 758 2948 829 cogitationes
2999 770 3193 826 pravas
3220 794 3235 818 ,
3291 754 3446 823 quasi
3483 751 3627 807 Deus

2060 852 2336 907 civitatem
2389 853 2508 921 capi
2539 851 2720 912 vellet.
2766 852 2998 919 ideoque
3043 857 3201 917 porta
3247 847 3433 901 clausa
3483 844 3626 897 hauat

2058 951 2224 1015 esset,
2276 943 2527 997 inimicus
2553 953 2887 1012 suggereret.
2947 942 3009 994 Et
3060 940 3281 1010 quidem
3338 937 3481 1008 quod
3512 938 3627 1005 ipsc

2056 1033 2263 1087 malitia
2294 1048 2393 1087 sua
2437 1032 2784 1094 moliebatur,
2816 1031 3256 1101 cogitationibus,
3307 1039 3367 1083 ut
3412 1029 3466 1083 id
3517 1028 3626 1081 Deo
3666 1046 3671 1055 ί

2057 1127 2440 1189 ascriberent,
2495 1124 2837 1194 subjiciehat.
2887 1122 3086 1177 Verum
3155 1123 3267 1175 Deo
3314 1132 3505 1175 sancto
3558 1122 3626 1174 sit

2059 1218 2228 1287 gloria
2265 1234 2280 1271 :
2316 1216 2383 1270 ad
2419 1216 2579 1270 ﬁnem
2611 1216 2758 1269 enim
2784 1214 2932 1269 fraus
2970 1215 3090 1282 ejus
3138 1213 3280 1267 haud
3323 1213 3622 1282 praevaluit.

2064 1310 2309 1364 Vultisne
2342 1320 2396 1364 et
2428 1309 2535 1363 alia
2562 1307 2763 1371 Christi
2806 1307 3063 1361 miracula
3099 1314 3227 1360 tunc
3266 1305 3443 1360 facta?
3489 1304 3628 1357 Pro-

2059 1418 2277 1472 ponam,
2314 1402 2462 1470 quod
2491 1400 2611 1454 aliis
2653 1399 2911 1469 prodigiis
2941 1398 3085 1453 haud
3129 1408 3213 1453 est
3256 1398 3461 1453 minus.
3488 1397 3625 1451 Cum

2056 1496 2202 1549 enim
2240 1493 2333 1547 Dei
2365 1501 2529 1552 nutu,
2562 1490 2930 1545 testudinibus
2960 1499 3014 1544 et
3061 1490 3308 1544 vectibus
3348 1502 3402 1543 et
3431 1488 3626 1560 ligoni-

2056 1587 2156 1640 bus
2198 1586 2422 1648 relictis,
2468 1583 2697 1645 inimici,
2748 1583 2898 1636 nullo
2947 1582 3291 1651 insequente.
3336 1582 3624 1652 fugissent,

2058 1677 2272 1730 tandem
2305 1676 2394 1731 die
2419 1674 2672 1744 sequenti
2704 1674 3001 1744 petroholis
3038 1671 3120 1727 usi
3143 1686 3292 1728 sunt.

457 1828 586 1900 ρλϐ’.
651 1826 831 1884 Ἦσαν
864 1833 919 1885 δὲ
962 1827 1105 1887 οὗτοι
1130 1839 1465 1908 τετράγωνοι
1500 1841 1563 1893 ὲκ
1596 1841 1950 1911 πλατυτὲρων

2124 1856 2246 1909 159.
2314 1854 2378 1908 Hi
2435 1861 2615 1909 autem
2670 1854 3133 1925 quadrangulares
3190 1861 3389 1917 erant,
3448 1868 3478 1906 a
3548 1854 3627 1906 la-

389 1920 600 1987 βάσεων
630 1925 709 1985 είς
743 1927 1083 1995 στενωτέρας
1123 1931 1369 1997 κορυφὰς
1395 1935 1818 2004 καταλήγοντες.
1868 1936 1953 2001 ἐφ’

387 2010 461 2065 ὧν
497 2011 634 2084 ἦσαν
687 2018 959 2086 κύλινδροι
1010 2024 1197 2089 παχεῖ,
1241 2022 1359 2073 λίλν
1408 2026 1838 2094 σεσιδηρωμένοι
1887 2027 1954 2078 τὰ

388 2109 620 2177 πέρατα,
657 2112 750 2163 καὶ
800 2111 887 2164 ἐπ’
919 2114 1097 2166 αὐτῶν
1130 2116 1493 2184 καθηλωμὲνα
1546 2118 1675 2181 ξύλα
1703 2120 1777 2181 ὡς
1810 2120 1953 2171 δοκοὶ

389 2200 629 2269 μεγάλης
658 2204 832 2265 οἰκίας
865 2204 1057 2274 ἔχοντα
1088 2208 1184 2270 τὰς
1216 2210 1530 2276 σφενδόνας,
1561 2211 1762 2272 αἵτινες
1794 2210 1958 2277 ὑψοῦ-

390 2306 546 2356 μεναι
579 2291 785 2361 πέτρας
818 2294 1148 2363 ἀπέπεμπον
1192 2302 1282 2349 καὶ
1320 2299 1562 2367 μεγάλας
1603 2300 1697 2352 καὶ
1731 2302 1952 2368 συχνὰς,

385 2381 458 2444 ὡς
493 2383 625 2453 μηδὲ
658 2383 755 2453 τὴν
794 2386 895 2453 γῆν
923 2387 1187 2441 δύνασθαι
1220 2391 1405 2459 φέρειν
1453 2394 1550 2453 τὰς
1592 2393 1775 2445 αὑτῶν
1808 2393 1956 2463 ἐρρί-

384 2475 527 2543 ψεις,
566 2479 693 2546 μήτι
718 2494 779 2545 γε
819 2480 1107 2549 οἰκοδομὴν
1130 2481 1506 2553 ἀνθρωπίνην,
1555 2484 1688 2537 ἀλλὰ
1731 2486 1824 2537 καὶ
1861 2502 1951 2536 σα-

386 2566 493 2617 νίσι
520 2568 618 2628 τὰς
650 2569 797 2637 τρεῖς
824 2569 983 2636 μόνον
1014 2569 1256 2639 πλευρὰς
1290 2572 1397 2624 τῶν
1427 2573 1787 2642 τετραγώνων
1817 2573 1957 2624 ἐκεί-

386 2674 493 2709 νων
519 2658 863 2726 πετροόόλων
890 2658 1208 2729 διέφραξαν.
1237 2664 1309 2725 ὡς
1344 2663 1420 2733 μὴ
1441 2666 1566 2726 τοὺς
1593 2664 1737 2717 ἔνδον
1766 2662 1957 2717 καθεύ-

387 2749 573 2812 δοντας
606 2751 710 2803 ὑπὸ
735 2751 842 2804 τῶν
875 2755 937 2806 ἐκ
992 2753 1083 2806 τοῦ
1115 2756 1328 2823 τείχους
1376 2756 1773 2824 τιτρώσκεσθαι
1808 2755 1955 2825 βέλε-

388 2863 491 2902 σιν.
526 2847 635 2900 Καὶ
679 2848 862 2917 ἐπειδὴ
914 2850 1182 2919 πυρφόρῳ
1231 2850 1372 2919 βέλει
1428 2845 1506 2913 εἷς
1553 2850 1612 2915 ἐξ
1645 2852 1824 2905 αὐτῶν
1859 2853 1954 2903 σὺν

385 2939 505 2998 ταῖς
532 2938 745 2991 σανίσιν
774 2938 1211 3008 ἀπηνθρακώθη,
1248 2940 1710 3007 διαδαστάξαντες
1750 2944 1818 2995 τὰ
1865 2944 1955 3013 ὅρ-

390 3047 521 3096 γανα
547 3031 932 3100 ὑπεχώρησαν,
962 3033 1055 3084 καὶ
1090 3035 1157 3102 τῇ
1182 3033 1308 3102 ἑξῆς
1331 3034 1541 3101 ἤγαγον
1565 3035 1764 3097 αὐτοὺς
1792 3035 1954 3087 πάλιν

383 3127 508 3187 τοὺς
534 3124 898 3195 πετροδὸλους
956 3124 1185 3195 βύρσαις
1215 3126 1544 3196 νεοδάρτοις,
1589 3127 1663 3190 ὡς
1693 3129 1952 3197 προείπο-

2062 1948 2291 2002 tioribus
2327 1949 2550 2002 basibus
2591 1948 2643 2000 in
2681 1947 3000 2018 angustiora
3037 1945 3246 2017 fastigia
3290 1946 3629 2009 desinentes,

2057 2054 2222 2108 supra
2252 2054 2373 2107 qua:
2396 2051 2554 2093 erant
2582 2037 2813 2108 cylindri
2851 2036 3012 2106 spissi
3041 2034 3358 2097 admodum,
3389 2034 3536 2089 ferro
3563 2035 3629 2089 ad

2058 2132 2427 2186 extremitates
2456 2133 2651 2186 armati
2684 2132 2936 2201 lignaque
2962 2131 3130 2185 clavis
3155 2130 3306 2184 hisce
3332 2128 3489 2182 afﬁxa
3514 2142 3630 2179 ma-

2057 2238 2173 2293 gna:
2201 2222 2396 2276 domus
2417 2223 2653 2277 trabium
2672 2222 2919 2277 adinstar
2938 2221 3163 2276 balistas
3187 2217 3626 2288 complectentia,

2056 2331 2177 2384 qua:
2226 2330 2444 2369 sursum
2480 2316 2669 2371 levatae
2718 2315 2928 2385 lapides
2975 2329 3202 2383 magnos
3242 2322 3291 2369 et
3340 2313 3631 2368 continuos

2056 2409 2407 2470 emittebant,
2444 2410 2519 2463 ita
2548 2419 2603 2462 ut
2628 2423 2819 2462 eorum
2842 2409 3081 2477 impetus
3107 2421 3211 2463 nec
3240 2415 3402 2472 terra,
3425 2405 3627 2460 nedum

2058 2499 2293 2551 humana
2348 2495 2610 2550 habitatio
2647 2494 2792 2549 ferre
2830 2503 3046 2564 posset;
3103 2509 3292 2549 verum
3339 2492 3439 2549 tria
3486 2495 3629 2549 duu-

2056 2597 2203 2643 taxat
2246 2585 2766 2656 quadrangularium
2821 2588 3039 2642 illorum
3081 2586 3489 2657 petrobolorum
3544 2586 3627 2638 la-

2059 2690 2194 2746 tera,
2256 2695 2324 2735 ne
2370 2680 2463 2749 qui
2503 2683 2654 2735 intus
2706 2680 3081 2743 morabantur,
3131 2678 3367 2748 sagittis,
3403 2693 3435 2732 e
3470 2671 3627 2732 muro

2056 2770 2292 2833 emissis,
2318 2770 2670 2836 Luderentur,
2696 2767 2891 2823 talibus
2912 2768 3215 2837 replerunt,
3246 2780 3310 2820 ac
3339 2775 3627 2835 postquam

2057 2876 2196 2916 unus
2223 2877 2290 2915 ex
2321 2862 2400 2914 eis
2437 2878 2540 2915 una
2569 2876 2694 2915 cum
2729 2860 2927 2915 tabulis
2959 2861 3066 2914 telo
3093 2859 3323 2931 ignifero
3355 2861 3407 2914 in
3437 2859 3629 2915 carbo-

2057 2972 2154 3010 nes
2187 2954 2383 3008 fuisset
2417 2954 2692 3018 redactus,
2751 2953 3133 3009 instrumentis
3188 2953 3441 3018 sublatis,
3481 2954 3627 3008 abie-

2057 3055 2203 3110 runt,
2259 3046 2457 3115 dieque
2515 3046 2766 3114 sequenzi
2816 3046 3034 3100 eosdem
3071 3060 3259 3100 rursus
3290 3045 3623 3114 petrobolos,

2056 3136 2287 3206 pellibus
2333 3151 2508 3203 nuper
2554 3136 2836 3195 detractis.
2872 3145 2931 3190 ut
2975 3135 3198 3211 dictum.
3226 3145 3331 3202 est,
3363 3149 3468 3189 una
3503 3151 3629 3191 cum

388 3236 506 3285 μεν,
540 3218 637 3271 σὺν
666 3220 781 3279 ταῖς
811 3217 1019 3272 σανίσιν
1049 3219 1482 3289 ἠμφιεσμένους,
1510 3221 1604 3273 καὶ
1633 3220 1950 3291 πλησιέστε-

2056 3228 2256 3281 tahulis
2291 3227 2519 3281 vestitos
2574 3227 2939 3290 adduxerunt,
2987 3242 3255 3297 muroque
3289 3228 3354 3283 iis
3404 3229 3628 3297 propius

385 3327 477 3379 ρον
512 3312 806 3379 στήσαντες
841 3310 935 3363 τοῦ
968 3310 1203 3380 τείχους,
1233 3311 1429 3364 ἔϐαλον
1457 3310 1561 3381 ὅρη
1592 3313 1684 3364 καὶ
1725 3313 1950 3382 βουνοὺς

384 3400 509 3455 καθ’
534 3401 690 3471 ἡμῶν
724 3400 1095 3464 ἀκοντίζοντες
1116 3416 1132 3431 ⁶
1170 3401 1223 3453 τί
1256 3400 1364 3470 γᾶρ
1397 3402 1464 3455 ἂν
1491 3402 1619 3456 ἄλλο
1641 3420 1724 3466 τις
1746 3405 1948 3474 καλέσῃ

382 3495 508 3556 τοὺς
537 3493 995 3563 ὰπειρομεγέθεις
1029 3493 1274 3557 ἐκείνους
1305 3494 1525 3559 λίθους;

456 3588 564 3658 ρμ’.
627 3585 761 3640 Εἶτα
813 3587 866 3639 τί
913 3588 1049 3655 πρὸς
1099 3587 1271 3639 ταῦτα
1302 3587 1352 3639 οἱ
1408 3589 1507 3657 τῆς
1568 3591 1811 3658 πόλεως;
1843 3592 1945 3655 TE;

393 3680 537 3744 Ἐγώ
560 3698 723 3749 φημι.
798 3680 873 3732 Uti
910 3681 1321 3735 κατεδειλίασαν
1369 3683 1656 3751 ὲπινοῆσαί
1686 3702 1809 3738 τινα
1842 3686 1950 3738 τῶν

384 3772 792 3843 ἐπιφερομένων
810 3774 1113 3841 ἀποφυγεῖν
1137 3792 1150 3805 ·
1179 3773 1325 3843 εῗχον
1348 3777 1479 3844 γὰρ.
1503 3776 1577 3837 ὼς
1605 3778 1949 3846 προείρηται,

384 3863 581 3932 θᾶρσος
636 3880 690 3916 τι
737 3864 1012 3934 ἐνσπαρὲν
1066 3866 1250 3929 αὐτοῖς
1276 3869 1337 3918 ἐκ
1367 3866 1523 3930 θείας
1564 3868 1762 3936 ῥοπῆς.
1799 3867 1952 3920 Ἐπεὶ

390 3957 514 4009 ποία
547 3957 844 4028 στερρότης
881 3958 1196 4028 ἀνθρωπίνη
1221 3961 1282 4012 οὺ
1318 3960 1649 4030 κατέπτηχε,
1695 3960 1792 4013 καὶ
1822 3978 1950 4014 κατ-

384 4047 673 4116 ενεκροῦτο
699 4050 763 4118 τῇ
793 4048 889 4119 θέᾳ
943 4051 1042 4117 τῆς
1082 4050 1407 4120 πετροσόλου
1461 4052 1699 4121 χαλάζης
1734 4053 1951 4122 ἐκείνης

384 4141 477 4193 καλ⁴
500 4138 576 4209 τῷ
612 4139 859 4210 ἁστέκτῳ
891 4140 1054 4210 ῥοίζῳ
1085 4142 1180 4210 τῆς
1239 4147 1622 4216 χειροποιήτου
1675 4146 1904 4214 βροντῆς
1931 4163 1944 4210 ;

395 4233 534 4287 Ἀλλ’
562 4233 712 4302 ὅμως
742 4234 846 4286 ὑπὸ
897 4235 1034 4288 Θεοῦ
1069 4236 1369 4304 ρωσθέντες
1418 4237 1813 4290 ἐϐουλεύσαντο
1844 4241 1950 4306 πρὸ

381 4324 490 4377 τῶν
518 4326 797 4390 ἰπάλξεων
841 4326 1063 4396 ἁρτίσαι
1118 4329 1182 4379 ὲκ
1249 4329 1464 4397 ῥάϐδων
1518 4331 1732 4384 λεπτῶν
1760 4330 1948 4400 ὥσπερ

382 4417 499 4469 τινὰ
521 4418 917 4487 καθυφασμένα
944 4419 1436 4490 καταπετάσματα,
1477 4425 1569 4475 καὶ
1618 4425 1718 4487 τὰς
1749 4426 1805 4475 ἐν
1834 4427 1949 4484 τοῖς

382 4509 782 4578 δειπνητηρίοις
827 4510 933 4562 ὑπὸ
980 4510 1104 4573 τοὺς
1147 4510 1479 4581 δαιτυμόνας
1548 4515 1839 4582 τιθεμένας
1886 4515 1948 4567 ὲκ

386 4600 651 4671 παπύρων
694 4603 790 4655 καὶ
844 4602 1065 4655 σάκκων
1120 4602 1433 4671 στρωμνὰς,
1491 4604 1574 4657 ἵνα
1612 4606 1704 4657 τοῦ
1747 4605 1946 4675 πέτρου

383 4692 856 4760 προσαράσσοντος
916 4691 1261 4761 διαμαλαχθῇ
1310 4690 1507 4763 ὥσπερ
1556 4695 1589 4762 ἡ
1642 4694 1796 4756 τάσις
1853 4698 1946 4749 τοῦ

382 4780 744 4849 κρούσματος,
785 4781 817 4849 ἢ
872 4783 948 4851 τῷ
1008 4782 1458 4855 διασπωμένῳ,ἢ
1506 4784 1583 4855 τῷ
1613 4787 1808 4858 ἁπαλῷ
1849 4789 1946 4858 τῆς

381 4868 697 4930 ἀντιτυπίας
728 4871 1134 4936 μεθοδευθεῖσα.

456 4956 603 5028 ρμα’.
649 4960 809 5013 Ἀλλὰ
834 4961 1007 5016 ταῦτα
1068 4965 1168 5034 μὲν
1202 4967 1275 5026 ὼς
1311 4965 1591 5034 ἄνθρωποι
1642 4969 1691 5019 οί
1721 4968 1820 5037 τῆς
1846 4969 1948 5021 πό-

382 5054 515 5112 λεως
538 5050 951 5114 ἐϐουλεύσαντο,
977 5055 1005 5106 ὁ
1029 5056 1086 5109 δὲ
1107 5056 1237 5118 Θεὸς
1257 5056 1332 5120 ὡς
1359 5060 1766 5129 παντοδύναμος
1789 5062 1947 5131 ἐϐοή-

382 5141 650 5208 θησε,καὶ
682 5142 1033 5213 παρέστησεν
1058 5147 1190 5215 ἡμῖν
1223 5148 1298 5210 ὡς
1324 5148 1445 5217 οὐχὶ
1475 5149 1788 5219 ἀνθρωπίνη
1817 5153 1945 5221 βοή-

380 5232 520 5297 θεια,
561 5232 677 5286 ἀλλ’
708 5234 739 5303 ή
776 5232 929 5301 δεξιὰ
957 5235 1120 5289 αὐτοῦ
1183 5239 1317 5307 μόνη
1369 5240 1540 5293 ἔσωσε
1584 5244 1723 5296 κατὰ
1770 5246 1831 5295 τὸ
1864 5263 1948 5309 γε·

380 5324 700 5393 γραμμένον
723 5325 823 5410 τῂν
854 5325 1032 5392 πόλιν,
1064 5330 1155 5382 καὶ
1183 5329 1211 5381 ὁ
1236 5331 1477 5401 βραχίων
1503 5335 1531 5385 ὁ
1561 5333 1715 5400 ἅγιος
1755 5335 1942 5388 αὐτοῦ.

375 5417 442 5470 Τί
473 5417 580 5487 γὰρ
611 5420 703 5471 καὶ
722 5421 951 5488 γέγοπς
990 5421 1123 5475 Ἀπὸ
1144 5422 1240 5475 τοῦ
1263 5422 1463 5492 αὖγους
1489 5425 1594 5488 ἕως
1620 5426 1766 5495 ὥρας
1797 5428 1945 5480 ἑϐδό-

381 5528 487 5577 μης
511 5510 630 5564 καθ’
649 5512 889 5583 ἑκάστην
921 5513 1134 5584 ἡμέραν
1169 5517 1565 5582 ἀκοντιζόντων
1597 5518 1707 5573 τῶν
1730 5519 1945 5589 ἐχθρῶν

376 5604 503 5663 τοὺς
527 5603 983 5674 ἁπειρομεγέθεις
1036 5608 1278 5671 ἐκείνους
1326 5608 1529 5672 λίθους,
1560 5610 1733 5673 οὐδεὶς
1764 5611 1944 5664 αὐτῶν

380 5693 565 5760 σχεδὸν
591 5696 668 5766 τῷ
690 5698 861 5768 τείχει
898 5701 1305 5771 προσέπαυσεν,
1343 5702 1458 5755 ἀλλ’
1493 5703 1523 5772 ἢ
1554 5703 1658 5768 ἔξω
1689 5702 1783 5756 τοῦ
1829 5706 1943 5755 τεί-

379 5798 524 5855 χους,
551 5785 585 5855 ἦ
624 5787 898 5859 ἐνδότερον
925 5792 1288 5859 κατεφέροντο
1308 5808 1321 5821 ·
1365 5786 1424 5844 οὗ
1459 5792 1511 5844 δὲ
1542 5794 1933 5863 κατεφέροντο,

2054 3317 2285 3370 admotis
2314 3325 2530 3370 montes
2564 3331 2628 3371 ac
2656 3316 2824 3371 colles
2856 3316 3138 3387 (quidnam
3169 3318 3316 3371 enim
3336 3318 3482 3371 aliud
3503 3317 3628 3387 quis

2054 3416 2211 3461 vocet
2260 3407 2467 3476 lapides
2500 3407 2620 3462 illos
2648 3423 2811 3477 supra
2845 3408 3066 3464 modum
3109 3409 3400 3479 magnos?)
3437 3408 3489 3462 in
3526 3424 3629 3463 nos

2053 3499 2287 3553 intortos
2323 3500 2573 3568 ejaeulati
2602 3509 2752 3555 sunt.

2125 3592 2251 3646 HO.
2321 3591 2421 3644 Ast
2469 3592 2603 3657 quid
2647 3592 2866 3657 deinde,
2908 3592 3002 3661 qui
3043 3592 3280 3647 civitatis
3329 3600 3503 3655 erant,
3560 3591 3627 3645 ad

2054 3681 2170 3736 haec
2200 3681 2224 3733 ?
2247 3680 2428 3747 Quid?
2453 3682 2565 3751 Ego
2588 3682 2788 3737 dicam.
2816 3683 2890 3736 De
2910 3683 3033 3753 fuga
3064 3699 3175 3752 prae
3194 3690 3342 3737 metu
3373 3697 3631 3752 quorum-

2055 3774 2179 3826 dam
2213 3788 2281 3826 εχ
2327 3774 2413 3834 iis,
2439 3774 2637 3841 quibus
2675 3774 2868 3827 civitas
2904 3773 3283 3843 premebatur,
3316 3773 3627 3844 arripienda

2055 3878 2165 3917 non
2209 3864 2539 3933 regitarunt.
2587 3865 2869 3919 liabehant
2899 3865 3066 3927 enim,
3111 3874 3170 3918 ut
3198 3865 3403 3919 dictum
3450 3873 3555 3927 est,
3598 3878 3629 3918 e

2058 3956 2149 4010 Dei
2188 3957 2469 4011 voluntate
2500 3957 2725 4012 insitam
2755 3956 2859 4010 sibi
2899 3956 3204 4010 audaciam.
3246 3955 3474 4009 Etiamsi
3503 3955 3627 4010 talia

2058 4049 2293 4102 humana
2350 4050 2523 4104 virtus
2553 4049 2697 4103 haud
2720 4047 2994 4111 sutferret,
3032 4046 3438 4116 Iapidil‘eraeque
3463 4062 3628 4117 gran-

2056 4142 2198 4195 diuis
2249 4141 2393 4195 illius
2433 4148 2656 4210 aspectu
2709 4155 2772 4194 ac
2822 4140 3146 4195 intolerabili
3199 4141 3425 4194 tonitrui
3462 4155 3628 4193 manu

2055 4233 2179 4287 tacti
2228 4232 2444 4303 fragore
2493 4232 2919 4295 exanimaretur,
2963 4232 3206 4287 roborati
3241 4242 3423 4287 tamen
3457 4249 3486 4285 a
3517 4232 3629 4286 Deo

2052 4335 2180 4379 ante
2238 4325 2434 4393 pinnas
2488 4338 2679 4394 parare
2731 4324 3027 4379 viminibus
3076 4339 3106 4377 e
3147 4325 3409 4380 tenuibus
3456 4326 3623 4380 velut:

2054 4426 2331 4471 eontextas
2360 4419 2616 4485 quasdam
2646 4416 2908 4484 cortinas,
2932 4431 3137 4485 eosque
3171 4417 3259 4485 qui
3284 4417 3340 4470 in
3368 4432 3623 4471 caenacu-

2055 4510 2119 4562 lis
2145 4509 2247 4563 sub
2286 4508 2533 4562 convivis
2578 4516 2877 4577 ponuntur,
2909 4523 2937 4562 e
2971 4522 3175 4578 papyro
3205 4509 3425 4578 linoque
3454 4510 3623 4563 lectos

2052 4610 2181 4654 Sunt
2212 4598 2405 4661 moliti,
2436 4615 2545 4667 quo
2567 4598 2842 4654 allidcntis
2874 4599 3073 4669 lapidis
3098 4615 3252 4669 atque
3290 4613 3354 4653 ac
3383 4600 3500 4653 soni
3537 4602 3624 4654 in-

2051 4690 2230 4746 tensio
2252 4691 2335 4745 vel
2363 4690 2647 4745 teneritate
2667 4691 3102 4760 repercussionis
3131 4700 3431 4760 temperata
3455 4690 3625 4746 emol-

2046 4787 2260 4841 liretur.

2104 4962 2241 5027 ,Ml.
2308 4962 2407 5017 Ast
2445 4962 2559 5015 hzec
2596 4961 2817 5032 quidem
2850 4959 2998 5015 cives
3037 4968 3093 5012 ut
3133 4958 3385 5013 homines
3428 4959 3620 5014 molie-

2047 5060 2278 5121 bantur;
2333 5069 2516 5109 verum
2578 5053 2739 5118 Deus,
2798 5062 2856 5106 ut
2910 5051 3283 5120 omnipotens,
3343 5052 3622 5119 suppetias

2043 5146 2167 5200 tulit
2196 5145 2460 5213 uobisque
2499 5142 2673 5199 adfuit
2709 5152 2792 5207 ut,
2845 5141 3309 5211 quemadmodum
3352 5142 3617 5210 scriptum

2043 5246 2148 5298 est,
2171 5254 2278 5292 non
2298 5237 2594 5291 humanum
2623 5234 2909 5298 auxilium,
2935 5232 3031 5288 sed
3058 5218 3172 5286 sola
3196 5232 3367 5302 ipsius
3398 5234 3619 5290 dextora

2045 5339 2402 5397 sanctumque
2427 5329 2547 5394 ejus
2572 5326 2856 5381 brachium
2886 5324 3162 5379 civitatem
3187 5333 3450 5379 servaret.
3482 5323 3622 5389 Quid

2047 5423 2195 5477 enim
2221 5430 2482 5492 praeterea
2510 5428 2593 5476 est
2618 5419 2861 5475 factum?
2881 5417 3120 5473 Inimicis
3142 5418 3210 5472 ab
3238 5432 3431 5471 aurora
3455 5432 3623 5487 usque

2048 5513 2113 5568 ad
2141 5512 2324 5567 horam
2355 5512 2642 5581 septimam
2674 5511 2881 5580 lapides
2916 5511 3037 5564 illos
3060 5524 3222 5578 supra
3254 5510 3475 5565 modum
3513 5525 3627 5564 ma-

2048 5619 2182 5673 gnos
2221 5601 2461 5671 quotidie
2511 5602 2933 5671 ejaculantibus,
2982 5617 3171 5656 eorum
3214 5600 3326 5655 fere
3356 5600 3539 5655 nullus
3568 5601 3624 5654 in

2046 5709 2261 5748 murum
2300 5692 2546 5762 impegit,
2595 5692 2689 5746 sed
2742 5692 2822 5746 vel
2885 5700 3034 5746 extra
3072 5706 3293 5747 murum
3349 5689 3436 5745 vel
3483 5690 3624 5743 inlc-

2047 5787 2160 5842 rius
2218 5785 2633 5853 deferebantur;
2669 5802 2777 5856 quo
2832 5800 2960 5843 vero
3008 5783 3418 5855 deferebantur,
3472 5776 3636 5855 sero-ﬁ
