4090 6384
318 402 459 468 1313

1343 396 1403 454 S.
1446 392 1831 453 DEMETRll
1866 392 2255 453 MARTYRIS
2298 391 2510 453 ACTA.

2787 324 2827 346 δ

3421 387 3559 455 1314

303 511 679 583 κατάπληξις,
711 509 789 574 ὥς
834 526 990 572 τινας
1026 508 1204 561 αὐτῶν
1242 507 1481 563 ἀόπλους
1515 509 1739 575 φυγεῖν·
1776 504 1887 559 εἶτα

1997 507 2086 559 bat
2115 505 2489 559 consternatio
2522 515 2580 558 ut
2611 504 2774 574 aliqui
2816 505 2977 560 etiam
3006 506 3212 574 absque
3254 521 3422 560 armis
3448 510 3561 562 suis

305 606 433 677 περί
459 622 562 659 που
607 603 776 673 τριῶν
805 601 960 671 ὡρῶν
1003 602 1096 654 επὶ
1145 599 1241 662 τὰς
1288 596 1534 668 κορυφὰς
1561 597 1668 651 τῶν
1719 601 1885 667 ἐγγὺς

302 699 476 770 ὀρέων
521 696 919 765 διαμείναντες,
970 693 1167 756 ἰδόντες
1209 691 1245 745 ἃ
1305 683 1484 754 εἶδον,
1536 690 1612 752 ὡς
1660 691 1887 759 ὕστερον

303 792 573 859 ἔγνωμεν,
600 790 845 851 δύνοντος
871 787 964 841 τοῦ
991 787 1169 856 ἡλίου,
1195 782 1351 847 αὖθις
1367 783 1635 853 κατῆλθον
1660 786 1750 836 ἐπὶ
1786 788 1884 847 τὰς

307 883 516 953 σκηνὰς
551 883 782 947 ἑαυτῶν,
808 881 1065 948 ἀλλήλους
1101 882 1161 932 ὲκ
1192 877 1500 948 προμυθίας
1529 878 1624 930 τοῦ
1655 877 1886 943 ἀθλοφό-

307 993 401 1046 ρου
434 974 851 1036 σκυλεύσαντες,
874 974 949 1036 ὼς
974 974 1068 1025 καὶ
1086 972 1429 1041 τραυματίας
1450 970 1578 1030 τοὺς
1597 970 1883 1030 πλείστους

305 1067 580 1135 γενέσθαι.
626 1063 760 1119 Εἶτα
787 1069 885 1134 τῆς
929 1066 1121 1127 νυκτὸς
1169 1063 1379 1130 ἐκείνης
1418 1061 1791 1128 διανυσθείσης
1827 1065 1882 1113 εν

306 1161 507 1232 ἠσυχίᾳ
541 1161 737 1230 πολλῇ,
768 1160 858 1212 καὶ
891 1160 987 1228 οὐχ
1035 1158 1105 1219 ὡς
1142 1159 1196 1210 αί
1231 1158 1514 1226 πρότερον,
1544 1155 1640 1208 τοῦ
1681 1154 1880 1222 αὖγους

308 1255 591 1321 φανέντος,
622 1250 797 1304 ἱκανοὶ
827 1251 937 1304 τῶν
966 1249 1177 1320 ἐχθρῶν
1207 1250 1335 1315 περὶ
1378 1248 1477 1309 τὰς
1506 1247 1680 1308 πύλας
1716 1264 1884 1316 προσ-

308 1347 561 1413 ρυόμενοι
610 1344 907 1414 ἐφάνησαν,
960 1342 1071 1394 τῶν
1118 1341 1174 1393 δὲ
1218 1340 1318 1410 τῆς
1365 1340 1607 1410 ἀμέτρου
1648 1339 1882 1408 πληθύος

308 1436 522 1505 ἐκείνης
554 1437 804 1505 ἐφαίνετο
837 1435 1029 1497 οὐδείς.

387 1716 527 1789 ρμε’.
589 1713 725 1770 Εἶτα
782 1717 1228 1786 διευλαϐηθέντες
1274 1720 1308 1790 ἡ
1367 1718 1520 1781 πόλις
1565 1719 1715 1772 δόλον
1760 1718 1882 1772 τινὰ

313 1814 706 1883 καθεστηκέναι
739 1816 831 1866 καὶ
869 1814 1109 1883 ἐνέδραν,
1137 1813 1258 1867 οὔτε
1285 1815 1381 1877 τὰς
1402 1814 1578 1877 πύλας
1609 1812 1877 1884 ἀνέῳξαν,

312 1903 436 1956 οὔτε
468 1906 592 1966 τοὺς
631 1905 1130 1974 προσχωρήσαντας
1169 1907 1288 1958 τότε
1324 1906 1431 1957 τῶν
1467 1906 1725 1959 ἐναντίων
1764 1907 1878 1959 ἑδέ-

313 1994 471 2059 ξαντο
492 2010 507 2023 ⁸
539 1995 761 2047 ἐκείνων
789 1996 845 2049 δὲ
892 1997 1118 2048 πλεῖστα
1149 1994 1397 2064 βοώντων
1456 1998 1547 2050 καὶ
1581 1997 1876 2066 διομνυμέ-

309 2104 435 2150 νων,
462 2086 536 2149 ὡς
558 2086 754 2155 ἔφυγον
780 2091 843 2157 τῇ
868 2090 1022 2141 νυκτὶ
1049 2089 1247 2150 πάντες
1270 2088 1504 2158 ἀψοφητὶ
1528 2090 1574 2140 oi
1606 2091 1873 2158 πολέμιοι,

316 2176 469 2243 μόλις
506 2180 636 2246 περὶ
667 2180 920 2248 πέμπτην
953 2177 1099 2249 ὥραν
1130 2181 1226 2248 τῆς
1257 2181 1470 2251 ἡμέρας
1497 2179 1702 2241 τούτοις
1738 2182 1880 2233 ἀνοί-

309 2269 497 2334 ξαντες
556 2270 908 2334 εἰσεδέξαντο.
972 2271 1061 2332 Ὠς
1116 2271 1171 2323 δὲ
1230 2273 1458 2340 ἠρώτων
1516 2272 1878 2340 ἀπαγγέλλειν

306 2360 552 2427 ἀψευδῶς
590 2363 659 2415 τὰ
706 2362 1105 2432 βεϐουλευμένα
1150 2366 1262 2426 τοῖς
1302 2365 1546 2435 ἐχθροῖς,
1598 2367 1690 2417 καὶ
1737 2366 1879 2427 tino;

308 2452 470 2520 χάριν
511 2452 695 2516 αὐτοῖς
736 2456 1190 2526 προσεχώρησαν,
1240 2456 1478 2526 ἔφησαν·
1543 2453 1733 2529 Ἡμεῖς
1782 2460 1880 2528 μὲν

310 2544 448 2612 προς
488 2546 631 2613 ὑμᾶς
664 2548 1066 2618 κατεφύγομεν,
1107 2550 1193 2602 ἵνα
1242 2550 1316 2620 μὴ
1358 2551 1743 2624 διαφθαρῶμεν
1778 2548 1881 2604 ύπὸ

312 2638 402 2691 τοῦ
442 2638 628 2706 λοιμοῦ
648 2677 663 2701 ,
707 2638 881 2701 ἄλλως
913 2659 969 2693 τε
1007 2642 1251 2709 γνόντες,
1286 2645 1367 2697 ὅτι
1398 2644 1493 2696 καὶ
1525 2644 1616 2698 τὸν
1648 2644 1881 2712 πόλεμον

313 2728 662 2796 ·.ενικήκατε·
703 2732 794 2783 καὶ
843 2731 948 2800 γὰρ
976 2733 1367 2802 ἠκριῦώθημεν
1413 2737 1494 2787 ὅτι
1531 2736 1618 2788 τὸν
1654 2737 1881 2805 στρατὸν

314 2817 467 2886 ὑμῶν
499 2817 659 2887 μέχρι
701 2820 795 2872 τοῦ
823 2821 918 2874 νῦν
944 2824 1001 2874 ἐν
1041 2825 1189 2892 μέσῳ
1230 2825 1330 2894 τῆς
1378 2828 1586 2889 πόλεως
1617 2828 1885 2895 κατεχρύ-

311 2910 472 2976 ψατε,
525 2910 621 2961 καὶ
652 2913 810 2978 μόνον
855 2916 918 2982 τῇ
954 2913 1079 2983 χθὲς
1114 2915 1296 2986 ἡμέρᾳ
1342 2917 1460 2986 ὥρᾳ
1488 2918 1650 2988 ὀγδόῃ
1689 2918 1885 2988 ἀθρόον

312 2995 499 3049 τοῦτον
529 2998 617 3050 διὰ
649 3001 838 3054 πασῶν
868 3002 977 3055 τῶν
1006 3004 1192 3055 πυλὼν
1221 3003 1309 3071 ἐφ’
1341 3006 1485 3074 ἡμᾶς
1519 3006 1884 3072 ἑξωπλίσατε,

313 3087 402 3139 ὅτε
430 3088 524 3141 καὶ
552 3091 854 3158 φεύγοντας
884 3092 1027 3160 ἡμᾶς
1055 3095 1263 3163 ἑωρᾶτε
1295 3095 1511 3158 πάντως
1547 3097 1637 3148 ἐπὶ
1664 3098 1731 3149 τὰ
1759 3096 1883 3167 ὅρη.

392 3297 548 3361 ρμς’.
600 3292 964 3349 Κατελθόντες
1009 3294 1101 3348 οὖν
1128 3296 1387 3366 ἑσπέρας,
1418 3298 1503 3348 ὅτε
1534 3297 1620 3349 διὰ
1652 3298 1759 3349 τῶν
1790 3316 1889 3351 πυ-

317 3382 425 3435 λῶν
466 3384 620 3445 αὖθις
656 3386 822 3437 εἰσιὸν
858 3387 916 3439 τὸ
946 3388 1076 3439 αὐτὸ
1117 3390 1433 3458 στράτευμα
1469 3389 1848 3458 κατεμάθομεν
1870 3430 1884 3454 ,

317 3477 398 3537 εἰς
426 3475 689 3544 ἀλλήλους
723 3479 1094 3546 χωρήσαντες,
1126 3480 1663 3551 συμὸουλευσάμενοι
1690 3482 1889 3549 ἔφυγον

317 3568 514 3622 ἐκεῖνοι
539 3569 602 3621 δι’
625 3570 751 3638 ὅλης
777 3572 967 3629 νυκτός
984 3587 997 3600 ”
1030 3569 1183 3626 εἷπον
1210 3574 1319 3645 γὰρ
1340 3576 1414 3638 ὼς
1442 3575 1547 3642 πρὸ
1568 3575 1663 3628 τοῦ
1688 3574 1888 3644 αὔγους

320 3661 405 3713 ἐπ’
449 3664 649 3726 αὐτοὺς
704 3666 797 3716 καὶ
845 3664 1001 3728 αὖθις
1049 3667 1374 3738 ἐξορμήσειν
1430 3669 1491 3722 τὸ
1547 3670 1886 3739 στράτευμα.

331 3753 583 3808 Ἐκείνων
609 3753 702 3809 οὖν
730 3759 1028 3824 φυγόντων,
1068 3762 1227 3829 ἡμεῖς
1262 3762 1659 3830 ἀπεμείναμεν.
1700 3764 1891 3815 Συνέν-

320 3863 410 3908 τες
455 3846 510 3898 δὲ
548 3851 595 3900 οἱ
626 3849 724 3916 τῆς
762 3852 965 3910 πόλεως
1007 3852 1308 3921 ἀγγελικὴν
1353 3854 1670 3923 συμμαχίαν
1706 3855 1892 3907 θεόθεν

320 3937 504 4000 αὐτοῖς
536 3940 1012 4005 ὲξαποσταλείσαν,
1041 3932 1442 4012 ἐφιλοσόρησαν
1470 3947 1568 4013 μὲν
1597 3948 1662 4014 τῇ
1686 3948 1891 4015 σιωπῇ,

324 4028 528 4099 ὕμνους
556 4034 618 4085 ἐκ
646 4036 869 4104 καρδίας
911 4037 984 4106 τῷ
1021 4039 1139 4107 Θεῴ
1172 4041 1264 4091 καὶ
1301 4040 1653 4109 εὐχαριστίας
1685 4044 1892 4108 ἐκπέμ-

321 4123 543 4191 ψαντες,
572 4127 801 4191 ἐκείνοις
845 4128 902 4180 δὲ
929 4126 1130 4184 εἷπον·
1179 4132 1286 4183 Ναὶ
1327 4132 1570 4201 ἀκριϐῶς
1621 4133 1749 4201 ἄχρι
1796 4134 1894 4202 τῆς

323 4219 449 4287 χθὲς
477 4221 577 4272 οὐκ
616 4222 959 4291 ἐξηγάγομεν
997 4223 1082 4290 ἐφ’
1116 4225 1258 4293 ὑμᾶς
1288 4226 1380 4275 τὸν
1414 4229 1643 4295 στρατόν
1664 4243 1679 4256 ο
1719 4227 1803 4279 ἶνα
1838 4228 1894 4279 δὲ

327 4311 542 4378 γνῶμεν
579 4311 652 4374 ὡς
682 4312 998 4382 ἀληθεύετε,
1036 4316 1224 4366 εἴπατε
1258 4314 1375 4366 τίνα
1413 4315 1694 4384 ἑωράκατε
1728 4315 1893 4367 αὑτοῦ

326 4403 755 4471 καθηγούμενον.
791 4405 899 4455 Καὶ
936 4400 1013 4464 είς
1047 4406 1310 4468 ἐξαύτῶν
1340 4408 1611 4475 ἀπεκρίθη
1640 4424 1652 4436 ο
1692 4409 1896 4477 ’Ἄνδρα

1992 594 2265 662 fugerent.
2304 594 2511 649 Deinde
2554 610 2677 649 cum
2708 596 2859 650 horis
2894 597 3113 651 circiter
3142 599 3313 654 tribus
3338 598 3392 652 in
3426 600 3563 654 viei-

1987 700 2180 740 n0rum
2238 687 2505 741 montium
2549 689 2955 743 summitatibus
3006 693 3451 758 permansissent,
3496 693 3563 746 iis

1987 792 2108 845 quae
2162 778 2436 837 viderunt.
2485 787 2541 831 ut
2582 789 2768 847 postea
2820 783 3191 850 cognovimus.
3231 784 3560 851 conspectis,

1987 883 2198 929 rursus.
2248 869 2363 922 sele
2412 872 2715 932 occidente.
2756 876 2820 923 ad
2855 880 3088 925 tentoria
3129 890 3227 927 sua
3260 890 3379 929 sese
3420 877 3562 929 invi-

1986 975 2126 1021 cem,
2172 961 2245 1013 ita
2287 970 2346 1013 ut
2377 961 2595 1029 plurimi
2640 964 3079 1025 vulnerarentur,
3129 979 3160 1018 e
3201 966 3587 1018 certaminum‘

1987 1052 2208 1105 victoris
2244 1054 2591 1120 providentia
2624 1056 2906 1108 trudentes
2939 1069 3061 1108 sunt
3102 1058 3326 1110 reversi.
3349 1036 3563 1111 Deinde

1986 1158 2108 1196 cum
2142 1153 2359 1197 noctem
2398 1145 2543 1196 illam
2577 1146 2782 1211 quiete.
2818 1158 3005 1197 contra
3039 1162 3100 1198 ac
3128 1149 3563 1215 praecedentibus

1984 1234 2237 1287 noctibus
2284 1234 2481 1287 factum
2533 1233 2750 1297 fuisset,
2797 1237 3225 1303 transegissent,
3255 1239 3340 1290 die
3377 1240 3565 1291 illuce-

1986 1337 2189 1391 scente,
2234 1327 2581 1381 inimicorum
2613 1335 2697 1380 sat
2731 1328 2907 1391 multi,
2942 1330 3034 1395 qui
3079 1330 3147 1383 ad
3198 1339 3379 1397 portas
3428 1346 3563 1383 con-

1985 1418 2268 1486 fluxerant,
2317 1420 2469 1473 fuere
2503 1420 2820 1487 conspecti;
2878 1420 3093 1473 illorum
3142 1430 3323 1475 autem
3369 1423 3461 1490 qui
3498 1438 3563 1477 ex

1984 1510 2270 1567 innumera
2326 1512 2413 1566 illa
2479 1511 2832 1566 multitudine
2899 1513 3156 1578 fuerant,
3221 1516 3403 1570 nullus
3461 1532 3561 1585 ap-

1982 1604 2192 1674 paruit.

2056 1719 2178 1773 MS.
2223 1717 2423 1771 Deinde
2475 1734 2596 1772 cum
2654 1718 2866 1781 civitas,
2919 1733 2988 1772 ne
3025 1718 3185 1773 dolus
3226 1720 3419 1788 aliquis
3477 1729 3561 1773 at-

1984 1826 2091 1880 que
2128 1808 2338 1863 insidia:
2367 1808 2682 1871 subessent,
2716 1818 3007 1872 metueret,
3065 1824 3166 1863 nec
3199 1820 3383 1878 portas
3433 1826 3559 1880 ape-

1984 1901 2112 1967 ruit,
2146 1915 2249 1953 nec
2280 1916 2345 1953 ex
2372 1900 2614 1951 inimicis
2641 1898 2783 1962 illos,
2815 1899 2909 1967 qui
2934 1908 3302 1961 accesserant,
3331 1900 3559 1968 recepit.

1978 1995 2112 2048 Cum
2167 2007 2297 2046 vero
2353 1991 2649 2060 plurimum
2700 1992 2775 2045 illi
2825 1994 3147 2058 clamarent,
3195 1993 3561 2061 inimicosque

1978 2100 2162 2138 omnes
2188 2092 2347 2137 nocte
2386 2081 2473 2135 illa
2505 2081 2709 2151 absque
2753 2087 2983 2152 strep‘tu
3027 2084 3230 2153 fugisse
3284 2085 3558 2153 jurarent,

1980 2191 2119 2245 aegre
2162 2179 2262 2230 sub
2309 2178 2555 2247 quintam
2599 2176 2707 2230 diei
2742 2176 2952 2237 horam,
3001 2179 3174 2247 portis
3202 2177 3427 2245 apertis,
3461 2194 3559 2232 ecs

1980 2276 2319 2336 receperunt.
2369 2267 2505 2322 Cum
2554 2283 2738 2337 porro,
2776 2275 2835 2321 ut
2890 2284 3009 2336 qua:
3068 2270 3272 2322 inimici
3326 2271 3558 2323 fuissent

1983 2361 2174 2423 moliti,
2224 2360 2487 2429 cujusque
2547 2361 2624 2414 rei
2678 2361 2849 2429 gratia
2882 2360 2948 2414 ad
2981 2361 3126 2429 ipsos
3173 2362 3554 2422 aci'essissent,

1981 2451 2186 2521 absque
2217 2452 2500 2505 mendacio
2543 2454 2944 2517 renuntiarent,
2991 2452 3250 2505 SCiSt'ilali
3309 2452 3560 2515 fuissent,

1981 2544 2238 2596 dixerunt
2279 2557 2293 2595 :
2336 2542 2446 2596 Nos
2473 2546 2691 2611 quidem
2726 2546 2792 2598 ad
2846 2561 2942 2598 vos
2990 2544 3245 2616 fugimus,
3284 2562 3353 2599 ne
3408 2556 3559 2613 peste

1985 2649 2293 2704 pereamus,
2324 2635 2612 2703 aliterque,
2647 2635 2788 2689 bello
2828 2650 2921 2689 vos
2964 2652 3084 2689 esse
3141 2638 3453 2704 superiores
3486 2638 3562 2689 fa-

1984 2736 2123 2787 ctos,
2173 2733 2518 2793 perspectum
2573 2725 2855 2779 habentes.
2908 2725 3014 2779 Vos
3061 2725 3205 2778 enim
3261 2730 3557 2779 exercitum

1986 2827 2225 2871 vestrum
2258 2819 2312 2872 iu
2342 2819 2578 2873 civitatis
2609 2818 2915 2873 meditullio
2946 2834 3121 2886 usque
3145 2820 3305 2871 modo
3327 2818 3560 2872 abscon—

1988 2905 2135 2961 disse
2173 2918 2334 2977 atque
2361 2911 2475 2963 heri
2522 2910 2785 2963 duntaxat
2824 2910 2954 2961 hora
2995 2917 3205 2968 octava,
3242 2908 3458 2975 quando
3508 2916 3563 2961 et

1988 3017 2089 3057 nos
2139 3002 2207 3056 ad
2260 3011 2474 3055 montes
2520 3002 2746 3055 omnino
2800 2999 3072 3069 fugientes
3129 2998 3364 3063 vidistis,
3412 2998 3560 3051 illum

1991 3093 2151 3147 simul
2184 3094 2497 3146 universum
2526 3107 2620 3160 per
2653 3100 2838 3160 portas
2880 3105 3073 3144 omnes
3098 3091 3151 3142 in
3183 3105 3281 3143 nos
3312 3090 3562 3144 emisisse

1914 3203 1960 3265 ρ
1993 3188 2537 3256 apprimenovimus.

2064 3308 2185 3359 Hb.
2250 3301 2540 3372 Postquam
2594 3304 2793 3371 itaque,
2854 3301 3073 3370 quando
3119 3300 3425 3353 exercitum
3495 3298 3563 3352 il-

1991 3398 2100 3451 lum
2135 3413 2231 3466 per
2277 3405 2461 3466 portas
2492 3410 2707 3447 rursum
2741 3407 2859 3447 esse
2890 3394 3193 3462 ingressum
3251 3390 3563 3455 didicimus,

1993 3490 2204 3557 Vt'Speri
2238 3496 2422 3542 essent
2456 3485 2679 3547 reversi,
2709 3486 2919 3539 collatis
2951 3483 3213 3542 consiliis,
3250 3493 3360 3535 tota
3381 3492 3565 3547 nocte,

1993 3583 2113 3636 aliis
2142 3593 2261 3651 post
2288 3581 2423 3635 alios
2452 3581 2573 3634 loco
2596 3579 2943 3638 cedentibus.
2979 3576 3254 3647 fugerunt.
3295 3577 3565 3631 Futurum

1992 3676 2137 3728 enim
2190 3674 2463 3735 dicebant,
2517 3682 2574 3725 ut
2612 3683 2741 3727 ante
2788 3672 2964 3726 lucem
2997 3674 3160 3724 etiam
3213 3676 3478 3726 adversus
3508 3685 3568 3725 se

1994 3767 2189 3818 iterum
2231 3764 2507 3818 exercitus
2544 3765 2633 3817 ille
2664 3771 2928 3817 moveret.
2981 3762 3051 3816 lis
3101 3763 3265 3832 igitur
3315 3762 3572 3831 fugienti-

1994 3856 2115 3915 bus,
2164 3870 2263 3906 nos
2315 3855 2742 3922 permansimus.
2797 3852 2877 3904 llli
2929 3864 3110 3905 autem
3140 3892 3154 3913 ,
3199 3853 3290 3921 qui
3336 3853 3573 3906 civitatis

1994 3954 2167 4004 erant,
2213 3944 2359 3997 hisce
2394 3943 2702 4005 intellectis,
2731 3942 2995 3994 auxilium
3028 3942 3330 4010 angelicum
3364 3943 3571 3995 divini-

1997 4050 2080 4092 lus
2109 4038 2212 4092 sibi
2253 4038 2585 4091 submissum
2617 4037 2808 4098 fuisse,
2841 4035 3010 4090 Deum
3052 4052 3118 4090 ex
3153 4038 3316 4090 corde
3346 4037 3572 4090 laudan-

1997 4141 2079 4184 tes
2107 4132 2417 4199 gratiasque
2450 4129 2499 4181 ei
2535 4136 2757 4197 agentes
2786 4129 2948 4182 tacite
2971 4128 3285 4197 judicarunt
3311 4129 3529 4198 quidem
3551 4170 3566 4192 ,

1998 4224 2104 4277 illis
2128 4232 2305 4274 autem
2334 4221 2591 4274 dixerunt
2627 4238 2640 4275 :
2676 4220 2972 4274 Enimvero
3013 4224 3311 4275 exercitum
3348 4221 3572 4275 omnino

1997 4313 2259 4368 adversus
2292 4326 2385 4363 \‘os
2420 4311 2730 4364 hesternam
2752 4326 2924 4379 usque
2948 4312 3001 4364 in
3027 4314 3170 4365 diem
3210 4311 3352 4363 haud
3381 4311 3570 4364 eduxi-

1999 4421 2138 4466 mus;
2158 4413 2216 4458 ut
2234 4413 2437 4461 autem,
2457 4417 2525 4455 an
2551 4419 2670 4455 vera
2700 4403 3027 4469 praedii-etis,
3048 4418 3360 4459 noscamus.
3381 4403 3572 4467 dicite,

328 4495 615 4564 πυρῤἀκην
669 4498 763 4547 καὶ
796 4497 1047 4564 λαμπρὸν
1105 4499 1255 4567 ἵππῳ
1308 4498 1484 4567 λευκῷ
1545 4500 1887 4567 ἐφεζόμενον,

2000 4512 2157 4566 quem
2196 4498 2243 4549 ei
2285 4502 2614 4564 praeeuntem
2641 4494 2904 4548 videritis.
2949 4496 3025 4546 Ac
3060 4510 3197 4548 unus
3239 4510 3304 4546 ex
3346 4497 3426 4546 eis
3488 4510 3575 4547 re-

328 4587 419 4636 καὶ
453 4586 668 4654 ἱμάτιον
692 4589 959 4656 φοροῦντα
984 4589 1200 4640 λευκόν’
1233 4590 1341 4641 ἰδοὺ
1372 4590 1514 4641 τοιοῦ
1528 4606 1630 4642 τον’
1657 4593 1747 4642 καὶ
1774 4594 1899 4643 ἐπε-

329 4679 541 4733 δείκνυε
565 4685 847 4753 κρατήσας
883 4685 999 4745 ἑνὸς
1032 4688 1142 4735 τῶν
1187 4685 1554 4754 παρεστώτων
1583 4684 1898 4737 ὑπατιανῶν

333 4773 604 4842 χλαμύδα.

407 4980 550 5051 ρμζ’.
611 4979 747 5031 Τότε
802 4981 1001 5039 πάντες
1034 4977 1383 5049 ὁμοθυμαδὸν
1440 4978 1685 5046 ἔγνωσαν
1738 4979 1899 5031 αὑτὸν

331 5068 474 5127 εἶναι
536 5071 628 5123 τὸν
662 5070 1014 5139 ἡγησάμενον
1075 5068 1169 5122 τοῦ
1226 5070 1459 5137 ἀοράτου
1515 5067 1773 5135 στρατοῦ,
1807 5070 1900 5121 καὶ

334 5164 681 5233 ἀνύμνησαν,
710 5162 806 5214 καὶ
865 5156 931 5231 ἦν
966 5162 1091 5213 ἰδεῖν
1115 5162 1327 5229 δάκρυα
1355 5159 1493 5227 μετὰ
1516 5162 1689 5228 χαρᾶς
1720 5161 1902 5229 ἐκχεόι

339 5270 498 5323 μινα,
543 5252 636 5303 καὶ
666 5250 1043 5318 ἀγαλλιῶντας
1083 5249 1329 5311 ἅπαντας
1374 5249 1572 5315 λέγειν,
1630 5249 1719 5300 Σοὶ
1775 5249 1901 5311 δόξα

336 5345 560 5415 πρέπει,
585 5340 780 5412 Κύριε,
806 5340 889 5393 σοὶ
922 5344 952 5410 ἡ
980 5340 1383 5409 προσκύνησις,
1418 5337 1640 5409 βασιλεῦ
1676 5341 1905 5409 ἐπουρα-

333 5451 435 5489 νιε.
477 5433 536 5487 Ὀ
590 5434 681 5497 σὸς
717 5434 823 5502 γὰρ
869 5433 1019 5495 ἔλεος
1068 5432 1154 5485 διὰ
1190 5433 1353 5500 μέσον
1382 5431 1477 5485 τοῦ
1509 5431 1808 5503 ἀθλοφόρου
1836 5437 1902 5506 τῇ

337 5527 489 5579 πόλει
543 5526 789 5590 ἔϐλυσεν,
824 5525 1054 5595 ἐξεχύθη
1106 5524 1204 5594 μὲν
1231 5526 1410 5594 χάρις,
1444 5523 1520 5587 ὡς
1546 5526 1572 5577 ὁ
1597 5521 1901 5592 Ψαλμῳδός

337 5632 523 5685 φησιν,
571 5618 630 5669 ὲν
682 5617 887 5686 χείλεσὶ
945 5633 1062 5682 σου,
1119 5615 1211 5669 ἐπὶ
1237 5616 1293 5669 δὲ
1340 5615 1439 5680 τάς
1464 5614 1714 5685 κεφαλὰς
1746 5613 1902 5684 ἡμῶν

412 5811 432 5842 ⁹
464 5808 607 5864 Psal.
641 5825 784 5876 κων,
819 5810 873 5864 ’5.

2001 4588 2220 4657 spondit
2251 4604 2262 4636 :
2298 4586 2479 4638 Virum
2508 4587 2721 4652 igneum
2751 4600 2812 4636 ac
2845 4584 3102 4648 lucidum,
3131 4600 3272 4653 equo
3300 4585 3421 4639 albo
3447 4601 3574 4639 vec-

2000 4686 2114 4731 tum
2160 4689 2419 4745 vestraque
2463 4677 2581 4729 alba
2622 4677 2901 4736 indutum;
2957 4691 3086 4730 ecce
3130 4677 3315 4739 talem,
3354 4691 3572 4745 unoque

2000 4787 2065 4824 cx
2109 4770 2410 4823 astantibus
2441 4773 2803 4837 apprehenso,
2844 4767 3186 4838 chlamydem
3224 4769 3571 4822 consularem

2001 4864 2259 4916 ostendit.

2072 4974 2190 5028 H7.
2266 4974 2420 5027 Tunc
2466 4973 2652 5034 illum,
2706 4972 2799 5041 qui
2866 4971 3198 5025 invisibilem
3270 4971 3573 5027 exercitum

1999 5066 2262 5125 duxisset,
2303 5065 2634 5118 unanimiter
2664 5078 2855 5117 omnes
2902 5074 3244 5131 agnoverunt
3274 5080 3337 5115 ac
3384 5064 3575 5116 lauda-t

2000 5166 2149 5219 runt,
2192 5167 2416 5226 eratque
2463 5156 2729 5225 lacrymas
2759 5168 2870 5222 prae
2907 5154 3094 5208 laetitia
3132 5153 3331 5207 etl‘usas
3364 5154 3575 5218 videre,

2001 5262 2303 5315 omneSque
2346 5248 2682 5301 exsultantes
2721 5246 2906 5299 dicere
2941 5263 2956 5299 :
2992 5246 3091 5309 Te,
3140 5245 3387 5307 Domine,
3423 5248 3582 5300 ili-cet

2008 5341 2200 5411 gloria,
2236 5349 2287 5393 te
2312 5340 2579 5403 adoratio,
2614 5354 2707 5391 rex
2734 5339 2996 5393 caelestis.
3026 5339 3241 5391 Etenim
3274 5339 3576 5392 misericor-

2010 5434 2096 5487 dia
2126 5442 2215 5485 tua
2244 5446 2338 5500 per
2366 5431 2725 5485 certaminum
2758 5429 2996 5485 ViCtoris
3042 5430 3408 5500 patrocinium
3450 5427 3585 5482 civi—

2013 5521 2359 5583 tatiaﬂ‘ulsit,
2386 5520 2557 5589 gratia
2602 5521 2846 5589 quidem,
2898 5531 2958 5575 ut
2987 5520 3276 5575 Psalmista
3321 5520 3398 5572 ait
3439 5518 3481 5582 ’,
3527 5518 3584 5570 in

2010 5613 2168 5669 labiis
2205 5614 2312 5668 tuis
2372 5620 2437 5665 est
2469 5611 2687 5678 diﬁ‘usa,
2729 5624 2919 5668 nostra
2959 5625 3142 5668 autem
3187 5626 3358 5683 super
3400 5611 3582 5680 capita
