4070 6382
317 383 447 454 1321

1371 382 1430 442 S.
1476 381 1855 443 DEMETRII
1898 379 2292 444 MARTYRIS
2331 381 2546 444 ACTA.

3439 379 3576 444 1322

311 521 497 576 τυρος,
529 497 1025 572 ἀνέσφηλεμικρδν
1052 498 1085 569 ή
1116 494 1464 566 ταλαίπωρός
1498 511 1600 565 μου
1621 493 1767 564 ψυχὴ
1791 493 1890 563 τῆς

2000 496 2198 552 misera
2228 512 2257 550 a
2294 496 2506 560 dolore,
2540 496 2632 564 qui
2681 508 2800 551 eam
2845 493 3146 556 detinebat.
3179 495 3338 564 paulo
3368 507 3572 550 conva-

318 594 684 667 περιεχούσης
722 593 894 662 αὐτὴν
938 591 1153 659 ὀδύνης.
1200 585 1618 658 ’Λποκριθέντες
1650 585 1707 638 δὲ
1733 585 1894 654 δῆθεν

311 689 361 741 οί
404 689 626 758 ἀνδρες,
659 685 878 752 λέγουσι
915 683 990 751 τῷ
1024 681 1166 750 ἁγίῳ
1189 695 1202 710 °
1235 678 1422 732 Ταῦτα
1450 677 1692 740 κελεύεις
1719 678 1896 730 είπείν

316 780 466 849 ἡμᾶς
489 777 566 848 τῷ
597 775 879 845 AacM-tn;
914 773 1081 841 Λέγει
1113 773 1142 824 ό
1182 771 1359 839 ἅγιος,
1401 769 1532 834 Ναὶ,
1566 768 1891 839 παρακαλῶ.

325 869 650 939 Ἦρώτησαν
691 867 912 929 ἐκεῖνοι,
966 864 1033 916 Τί
1077 857 1170 916 οὖν
1217 861 1318 915 οὐκ
1356 859 1496 932 ἔρχῃ
1547 857 1668 928 μεθ’
1703 859 1893 928 ἡμῶν;

313 960 594 1026 Σκόπησον
631 962 706 1027 μὴ
733 954 950 1026 λυπηθῇ
992 955 1019 1006 ὁ
1062 950 1396 1013 ἀποστείλας
1426 949 1572 1019 ἡμᾶς
1603 948 1680 1010 ὼς
1713 963 1894 1017 παρα-

315 1050 587 1112 κουσθείς.
632 1046 934 1117 Ἀπεκρίθη
963 1048 989 1100 ό
1025 1045 1180 1113 ἅγιος
1200 1060 1214 1074 ’
1259 1043 1400 1111 Ἐγὼ
1430 1037 1544 1096 οἶδα
1571 1041 1652 1094 ὅτι
1683 1039 1771 1093 ἀεὶ⁸
1799 1039 1897 1109 τὴν

315 1144 484 1215 ὀργὴν
523 1140 688 1196 αὐτοῦ
723 1139 1107 1210 προλαμϐάνει
1143 1139 1176 1208 ή
1213 1135 1632 1206 φιλανθρωπία,
1667 1132 1762 1185 καὶ
1796 1133 1897 1204 τὴν

318 1235 631 1304 ἁγαθότητα
649 1231 816 1285 αὑτοῦ
841 1230 1222 1302 ἠκριϐωμένος
1241 1226 1502 1298 ἁρμόδιον
1529 1225 1666 1296 αὐτῇ
1689 1226 1897 1279 δέδωκα

314 1327 412 1396 τὴν
443 1326 755 1396 ἀπόκρισιν.
787 1324 896 1377 Καὶ
922 1322 1094 1376 ταῦτα
1120 1321 1291 1374 είπὼν
1319 1319 1609 1389 ὴσπάσατο
1641 1318 1768 1380 τοὺς
1801 1317 1896 1371 ἄνι

313 1420 466 1489 δρας,
499 1420 593 1471 καὶ
622 1419 720 1480 τὰς
739 1416 1006 1487 ἀργυρίας
1032 1415 1202 1486 θύρας
1225 1411 1582 1476 ἀποκλείσας,
1603 1412 1662 1463 ἐν
1689 1405 1776 1473 αἷς
1804 1411 1898 1464 καὶ

315 1511 560 1581 ἑστήκει,
593 1508 744 1563 ἔνδον
775 1507 982 1576 ἔμεινε,
1025 1508 1100 1578 μὴ
1133 1506 1500 1578 ἀναχωρήσας
1527 1505 1687 1574 ἡμῶν
1714 1504 1896 1572 χάριτι

319 1600 552 1673 Χριστοῦ
588 1601 682 1656 τοῦ
719 1601 878 1656 Θεοῦ.
912 1600 1018 1653 Καὶ
1060 1599 1266 1662 εὐθέως
1301 1595 1445 1664 ἐγὼ,
1475 1599 1502 1650 ὁ
1547 1595 1895 1666 ἁμαρτωλὸς,

314 1692 478 1760 ἦλθον
527 1696 606 1758 είς
658 1695 933 1766 ἐμαυτόνο
981 1693 1100 1747 οὑδὲ
1155 1697 1264 1764 γὰρ
1312 1693 1498 1745 τέλεον
1552 1689 1896 1761 ὲκοιμῶμην.

315 1786 500 1841 Ταῦτα
530 1786 758 1840 τεθέατο
789 1789 817 1840 ό
851 1785 1137 1848 κάλλιστος
1166 1786 1372 1848 ἐκεῖνος
1404 1783 1542 1855 ἀνὴρ
1603 1783 1697 1836 καὶ
1747 1781 1898 1850 φιλό-

315 1878 434 1940 θεος
456 1894 469 1908 ο
500 1877 845 1948 παραχρῆμά
877 1893 936 1930 τε
965 1877 1051 1930 δια
1081 1873 1174 1930 τοῦ
1200 1875 1420 1947 τείχους
1451 1873 1652 1936 παντὸς
1678 1872 1895 1940 διαδρα-

319 1972 454 2037 μὼν,
487 1971 866 2042 παρεθάρρυνε
889 1970 1017 2032 τοὺς
1038 1967 1291 2031 πολίτας,
1326 1967 1484 2021 τοῦτο
1516 1965 1680 2033 μόνον
1717 1964 1894 2034 λέγων

316 2065 500 2127 αὐτοῖς
520 2105 534 2128 ,
569 2063 835 2132 Θαρσεῖτε
856 2101 873 2128 ,
903 2062 1160 2130 ἀδελφοὶ,
1192 2061 1220 2114 ό
1255 2059 1556 2130 ἀθλοφόρος
1591 2057 1710 2130 μεθ’
1740 2058 1895 2126 ὑμῶν

314 2159 463 2211 ἐστιν
483 2171 496 2185 ·
534 2154 845 2225 ὲλπίζιομεν
873 2153 930 2208 δὲ
967 2156 1047 2218 είς
1079 2154 1341 2225 Χριστὸν,
1372 2153 1471 2224 οὐχ
1506 2151 1704 2222 ἀψεται
1736 2151 1895 2221 ήμῶν

322 2246 512 2298 κακόν.
548 2245 801 2310 Ἐκτοτε,
832 2243 908 2307 ὡς
942 2243 1385 2314 προγέγραπται,
1418 2243 1512 2296 καὶ
1543 2241 1749 2311 τόλμαν
1796 2243 1894 2296 ἀν·

312 2338 467 2406 δρίας
513 2337 564 2388 0!
593 2338 692 2406 τῆς
737 2336 948 2399 πόλεως
990 2336 1363 2406 ήμφιέσαντο,
1415 2335 1510 2387 καὶ
1546 2334 1656 2388 τῶν
1685 2333 1894 2404 ἐχθρῶν

315 2430 720 2499 κατεπειρῶντο
737 2429 786 2481 οί
811 2427 885 2499 μὴ
902 2428 1000 2499 τὴν
1030 2432 1216 2499 φωνὴν
1247 2428 1460 2499 πρῶτον
1487 2426 1706 2496 ἀφιέναι
1731 2426 1893 2483 δυνά-

318 2536 472 2589 μενοι
499 2519 576 2590 τῷ
605 2520 828 2590 μεγέθει
862 2519 955 2573 τοῦ
987 2519 1185 2590 φόϐου.

389 2608 520 2681 ρνε’.
550 2612 644 2675 Et;
689 2610 919 2682 ὕστερον
960 2612 1016 2665 δὲ
1043 2615 1156 2676 τοῖς
1203 2612 1600 2684 συνοικοτέροις
1626 2612 1763 2667 ίδίαν
1786 2613 1892 2667 πᾶς

316 2720 418 2760 σαν
447 2707 546 2775 τὴν
590 2704 850 2776 ῥηθεῖσαν
884 2706 1151 2760 ὀπτασίαν
1201 2705 1488 2776 τηλαυγῶς
1541 2706 1880 2778 ἐξηγήσατοο

316 2795 586 2849 καὶτοῦτο
612 2796 1001 2864 ἀναγκασθεὶς,
1025 2799 1120 2852 καὶ
1148 2796 1354 2860 θλιϐεὶς
1379 2799 1511 2868 παρ’
1537 2798 1569 2865 ἡ
1579 2797 1696 2867 μῶν
1715 2797 1900 2856 εἰπεῖν

314 2888 415 2960 τὴν
449 2888 652 2956 αίτίαν,
681 2889 750 2942 δι’
777 2890 846 2961 ἢν
874 2890 1018 2944 κατά
1045 2890 1141 2944 τοῦ
1201 2889 1420 2960 τείχους
1448 2890 1683 2962 βαδίζων
1718 2890 1891 2944 διεϐε-

317 2979 539 3034 ϐαιοῦτο
566 2982 700 3035 πᾶσι
733 2981 834 3054 τὴν
869 2983 1145 3054 σωτηρίαν
1179 2983 1278 3054 τῆς
1305 2983 1531 3048 πόλεως.
1589 2983 1773 3038 Ταῦτα
1800 2984 1891 3036 ἑν-

317 3072 633 3143 δειξαμένου
693 3075 824 3144 περὶ
885 3076 1036 3146 ἡμᾶς
1089 3075 1185 3129 τοῦ
1221 3075 1546 3149 πανενδόξυυ
1611 3075 1887 3146 μάρτυρος

2001 588 2124 642 luit.
2162 589 2580 659 Respondentes
2619 597 2826 654 autem,
2856 590 2958 644 viri
3004 602 3223 659 nempe,
3255 587 3458 644 Sancto
3484 587 3570 642 di-

1999 689 2194 734 xerunt
2217 696 2233 734 :
2259 683 2458 737 Hmcne
2475 681 2708 736 Domino
2724 681 2907 737 dicere
2926 678 3240 750 nosjubes?
3261 679 3570 750 Respondit

2000 769 2234 826 Sanctus
2268 789 2282 826 :
2321 771 2420 837 Ita,
2457 772 2706 827 obsecro.
2738 773 3016 842 Rogarunt
3051 771 3126 826 illi
3163 770 3277 827 :Ut
3303 772 3434 842 quid
3466 771 3572 842 igi-

2001 872 2088 916 tur
2128 865 2270 919 haud
2307 868 2463 921 venis
2492 867 2816 924 nobiscum?
2853 865 3008 931 Vide,
3041 880 3112 921 ne
3138 864 3232 936 qui
3265 880 3364 920 nos
3395 864 3569 928 misit.

1999 954 2067 1007 ad
2105 955 2241 1010 iram
2290 957 2435 1012 velut
2487 967 2835 1029 contemptus
2883 967 3229 1030 provocetur.
3263 957 3571 1028 Respondit

1999 1045 2270 1104 Sanctus:
2296 1046 2434 1102 Iram
2466 1050 2586 1117 ejus
2631 1064 2851 1119 semper
2883 1065 2911 1104 a
2959 1050 3332 1105 misericordia
3358 1065 3566 1120 praec—

2001 1139 2186 1208 cupari
2233 1140 2382 1204 novi,
2417 1141 2926 1211 benignitatemque
2953 1141 3074 1211 ejus
3100 1150 3440 1211 perspectam
3475 1142 3574 1196 ha-

1999 1230 2158 1293 bens,
2183 1246 2502 1301 responsum
2535 1231 2663 1287 huic
2681 1234 3152 1288 accommodatum
3177 1233 3324 1288 dedi.
3345 1233 3423 1289 Ac
3445 1251 3570 1290 cum

2000 1321 2117 1375 haec
2144 1321 2390 1388 dixisset,
2424 1323 2570 1378 viros
2599 1324 2878 1388 salutavit,
2915 1325 3319 1396 argenteisque.
3359 1325 3414 1380 in
3447 1326 3572 1396 qui-

1999 1413 2101 1468 bus
2131 1422 2186 1467 et
2223 1423 2468 1479 steterat,
2497 1415 2669 1485 portis
2701 1415 2926 1482 clausis,
2958 1417 3105 1471 intro
3144 1419 3366 1482 mansit,
3402 1433 3433 1473 a
3470 1434 3573 1474 no-

2000 1503 2087 1559 bis
2136 1502 2343 1560 Christi
2389 1505 2481 1561 Dei
2511 1508 2683 1577 gratia
2720 1509 2862 1562 haud
2909 1509 3173 1564 recedens
3203 1509 3340 1581 (15).
3394 1509 3574 1580 Atque

1999 1610 2098 1666 ego
2127 1604 2400 1666 peccator,
2436 1598 2621 1654 statim
2661 1600 2729 1654 ad
2779 1615 2869 1655 me
2915 1599 3117 1672 (neque
3155 1601 3302 1656 enim
3345 1607 3574 1659 omnino

2001 1688 2358 1758 dormiebam)
2385 1689 2543 1745 redii.
2572 1689 2697 1746 Haec
2715 1690 2854 1746 vidit
2881 1691 3267 1748 ornatissimus
3291 1691 3573 1763 Deumque

2000 1792 2193 1834 amans
2226 1779 2313 1833 vir
2337 1779 2448 1845 ille,
2479 1781 2775 1852 statimque
2800 1797 2899 1852 per
2929 1781 3123 1837 domos
3149 1797 3342 1839 omnes
3367 1782 3577 1839 discur-

1999 1886 2126 1926 rens
2145 1871 2355 1928 civibus
2393 1873 2648 1930 ﬁduciam
2669 1875 2925 1943 addebat,
2946 1877 3027 1932 eis
3052 1877 3319 1933 duntaxat
3345 1878 3568 1934 dicens:

1996 1962 2292 2030 Conﬁdite,
2351 1964 2572 2033 fratres,
2637 1971 3001 2025 certaminum
3050 1969 3236 2026 Victor
3284 1972 3567 2028 vobiscum

1996 2065 2077 2111 est
2102 2072 2116 2122 ;
2151 2071 2438 2127 speremus
2468 2070 2654 2116 autem
2684 2061 2740 2116 in
2779 2062 3083 2128 Christum,
3113 2078 3216 2120 nec
3253 2073 3440 2137 tanget
3468 2081 3569 2121 nos

1998 2148 2221 2204 malum.
2253 2150 2334 2206 Ex
2367 2160 2514 2218 tunc,
2545 2163 2605 2208 ut
2636 2169 2802 2224 supra
2838 2156 3107 2226 scriptum
3140 2165 3226 2212 est
3251 2196 3268 2223 ,
3301 2158 3396 2228 qui
3430 2159 3569 2216 civi-

1997 2241 2124 2296 tatis
2148 2252 2326 2309 erant,
2353 2253 2410 2299 et
2441 2245 2778 2302 fortitudinis
2815 2248 3096 2304 audaciam
3136 2249 3452 2317 induerunt,
3487 2261 3565 2318 et,

1997 2348 2120 2387 cum
2151 2349 2339 2391 vocem
2374 2336 2608 2407 primum
2635 2353 2745 2409 prae
2775 2340 2989 2396 timoris
3006 2342 3380 2414 magnitudine
3402 2343 3568 2402 edere

1997 2428 2142 2484 haud
2178 2431 2474 2501 potuisent,
2504 2432 2760 2490 inimicos
2791 2435 3143 2492 invadebant.

2067 2613 2190 2670 155.
2213 2615 2650 2673 Tandemautem
2684 2617 3129 2676 familiarioribus
3150 2636 3301 2677 suam
3346 2637 3566 2680 omnem

1995 2709 2262 2764 visionem
2318 2710 2632 2780 praedictam
2683 2712 2991 2768 luculenter
3039 2714 3331 2784 exposuit,
3379 2715 3564 2786 idque,

1995 2817 2121 2858 cum
2153 2817 2183 2858 a
2214 2803 2394 2868 nobis,
2435 2813 2495 2860 ut
2521 2819 2767 2872 causam,
2799 2805 2872 2860 ob
2917 2820 3079 2876 quam
3128 2806 3332 2862 muenia
3375 2807 3568 2866 adiens

1994 2893 2232 2950 civitatis
2265 2895 2498 2951 salutem
2530 2895 2786 2951 omnibus
2819 2894 3164 2962 afﬁrmasset,
3212 2896 3430 2954 edicere
3474 2912 3569 2955 co-

1996 2995 2151 3042 actus
2171 2998 2334 3059 atque
2358 2988 2626 3059 impulsus
2655 2988 2867 3046 fuisset.
2889 2988 3025 3045 Cum
3053 2989 3169 3046 haec
3193 2991 3352 3047 nobis
3371 2993 3571 3064 glorio-

1995 3079 2246 3136 sissimus
2291 3091 2495 3153 martyr
2519 3080 2827 3138 Demetrius
2873 3082 3208 3150 exhibuerit,
3271 3099 3568 3157 veramque

318 3166 654 3237 Δημητρίου,
710 3168 808 3221 καὶ
856 3166 1032 3238 ἀληθῆ
1076 3167 1176 3240 τὴν
1218 3168 1487 3222 ὀπτασίαν
1518 3168 1613 3222 τοῦ
1647 3167 1885 3240 πέρατος

1994 3173 2166 3230 fuisse
2196 3174 2462 3230 visionem
2515 3175 2642 3231 linis
2683 3176 3008 3241 ostenderit,
3062 3192 3227 3246 quam
3269 3193 3334 3234 ea
3385 3179 3453 3235 de
3504 3195 3567 3236 re

315 3257 720 3324 ἀποδείξαντος,
777 3259 900 3314 τίνα
933 3253 1084 3313 αἶνον
1134 3260 1168 3332 ἢ
1200 3259 1512 3329 δοξολογίαν
1559 3261 1690 3331 περὶ
1720 3261 1884 3315 αὐτοῦ

316 3349 395 3420 τῷ
424 3350 544 3421 Θεῷ
571 3352 980 3423 ἀντιδώσωμεν,
1010 3352 1170 3407 ποίαν
1199 3353 1256 3407 δὲ
1288 3351 1533 3424 τιμὴν,ῆ
1565 3351 1780 3407 εὔνοιαν
1809 3351 1888 3421 τῷ

318 3441 559 3512 μάρτυρι
590 3444 1060 3514 προσαγάγωμεν,
1133 3443 1428 3514 ἰσόρροπον
1459 3443 1558 3511 τῆς
1588 3444 1752 3498 αὑτοῦ
1789 3462 1890 3499 πο-

316 3531 757 3603 λυευσπλάγχνου
782 3534 1112 3606 προθέσεως,
1143 3534 1200 3600 ὃς
1220 3534 1310 3589 διὰ
1342 3536 1468 3600 τοὺς
1491 3536 1755 3607 ἀπείρους
1787 3538 1889 3592 αὖ·

315 3624 409 3678 τοῦ
443 3626 572 3695 περὶ
604 3627 754 3696 ἡμᾶς
796 3627 1116 3698 οίκτιρμοὺς
1176 3626 1269 3681 τὸν
1320 3627 1526 3697 Κύριον
1583 3627 1744 3698 ήμῶν
1793 3631 1891 3685 καὶ

316 3717 448 3771 θεὸν
483 3718 691 3786 Ἰησοῦν
716 3719 953 3790 Χριστὸν
982 3719 1318 3788 ἐμιμήσατο,
1351 3721 1447 3772 καὶ
1480 3719 1578 3788 τὴν
1597 3722 1778 3792 ψυχὴν
1806 3723 1891 3775 τέ-

317 3807 500 3861 θεικεν
527 3808 670 3876 ὑπὲρ
697 3809 852 3878 ήμῶν
873 3808 983 3861 τῶν
1016 3808 1254 3873 ἀναξίων
1279 3807 1377 3860 καὶ
1406 3807 1765 3877 ἁμαρτωλῶν,
1796 3813 1888 3864 καὶ

315 3903 374 3955 οὗ
407 3903 568 3972 μόνον
613 3899 712 3969 τὴν
771 3900 1108 3970 Δεσποτικὴν
1146 3901 1396 3953 κέλευσιν
1443 3903 1523 3964 είς
1574 3901 1670 3971 τὴν
1704 3902 1889 3974 θεῖκὴν

317 3995 536 4065 ἀφορῶν
596 3991 1007 4062 φιλανθρωπίαν
1053 3992 1424 4057 διανεϐάλετο,
1462 3992 1599 4047 ἀλλά
1656 3995 1750 4048 καὶ
1793 3999 1890 4049 σὺν

317 4089 467 4158 αὐτῷ
500 4089 754 4157 θνήσκειν
776 4087 911 4157 ἡμῖν
932 4086 962 4138 ό
987 4084 1501 4157 πολυεύσπλαγχνος
1521 4085 1852 4156 ἀπεκρίνατο
1872 4105 1887 4154 ;

320 4181 386 4234 Ὦ
421 4181 596 4252 ψυχῆς
623 4181 804 4246 ἀγίας,
839 4180 934 4232 καὶ
966 4179 1328 4248 φιλοπόλιδος,
1377 4180 1471 4232 καλ⁸
1504 4180 1884 4251 οίκτίρμονοςί

323 4273 388 4327 Ὠ
415 4277 685 4336 συνέσεως
706 4272 1073 4344 θεοπαρὲσχου
1100 4273 1187 4342 (2),
1218 4271 1312 4326 καὶ
1336 4270 1528 4344 βουλῆς
1572 4272 1890 4344 θεαρέστου,

321 4369 415 4420 καὶ
445 4365 762 4435 οἰκονομίας
798 4364 1176 4434 ἀγιοπρεποῦς
1208 4366 1221 4418 !

391 4464 533 4530 pvg’.
564 4457 782 4527 Ἐπειδὴ
823 4456 930 4527 γάρ
970 4457 1238 4526 ἠπίστατο
1276 4457 1366 4512 τὸν
1389 4459 1500 4515 τῶν
1527 4459 1662 4512 ὅλων
1690 4459 1892 4514 Δεσπόο

1993 3266 2210 3322 laudem
2264 3267 2560 3338 gloriamve
2609 3266 2718 3323 Deo
2769 3269 3180 3325 retribuamus?
3212 3271 3385 3338 Quem
3432 3287 3572 3332 vero

1991 3357 2257 3413 honorent
2282 3358 2608 3415 aﬂ‘ectumve
2629 3360 2700 3414 ob
2731 3359 3102 3418 misericordis
3130 3362 3425 3420 voluntatis
3446 3366 3569 3435 eius

1991 3449 2420 3521 magnitudinem
2460 3451 2772 3508 deferamus
2801 3453 3048 3524 martyri,
3073 3454 3166 3525 qui
3195 3471 3298 3526 per
3323 3456 3566 3516 inﬁnitas

1993 3557 2122 3598 suas
2168 3557 2295 3614 erga
2343 3557 2444 3598 nos
2478 3542 2860 3600 miserationes
2891 3544 3180 3601 Dominum
3219 3556 3470 3604 nostrum
3501 3564 3568 3604 ac

1994 3635 2161 3690 Deum
2204 3633 2392 3691 Jesum
2427 3634 2704 3690 Christum
2760 3636 3005 3691 imitatus
3052 3646 3157 3702 est,
3213 3639 3568 3710 animamque

1992 3743 2092 3796 pro
2117 3727 2279 3782 nobis
2310 3727 2548 3798 indignis
2574 3742 2638 3782 ac
2669 3729 3052 3798 peccatoribus
3076 3729 3278 3800 posuit,
3315 3746 3419 3789 nec
3444 3741 3567 3788 tan-

1994 3829 2108 3872 tum
2149 3817 2435 3872 Dominico
2469 3819 2691 3874 decreto
2741 3819 2806 3875 ad
2849 3819 3090 3876 divinam
3135 3822 3562 3882 misericordiam

1993 3910 2292 3978 respiciens
2316 3925 2500 3966 moras
2529 3911 2736 3980 injecit,
2768 3926 2958 3967 verum
2987 3914 3151 3968 etiam
3180 3930 3288 3970 una
3312 3931 3437 3973 cum
3461 3919 3566 3973 hoc

1991 4002 2275 4058 nobiscum
2303 4019 2362 4059 se
2385 4004 2709 4059 moriturum
2743 4006 2972 4061 multum
3007 4006 3318 4064 misericors
3339 4024 3567 4083 respon-

1991 4096 2114 4151 dit?
2150 4096 2195 4153 Ο
2239 4106 2425 4152 sancta
2475 4098 2863 4169 civitatemque
2903 4114 3095 4155 amans
3146 4115 3210 4157 ac
3255 4103 3566 4161 misericors

1991 4187 2203 4243 anima!
2261 4204 2294 4244 ο
2338 4188 2648 4246 intellectus
2677 4189 2788 4246 Deo
2823 4201 3032 4264 gratus.
3064 4194 3423 4266 voluntasque
3454 4197 3565 4255 Deo

1993 4282 2238 4352 placens,
2273 4297 2359 4350 ac,
2394 4297 2514 4354 quae
2552 4281 2814 4339 Sanctum
2848 4286 3026 4351 decet,
3059 4286 3437 4358 providentia!

2063 4461 2186 4518 {56.
2222 4462 2358 4518 Cum
2398 4464 2569 4530 enim,
2597 4479 2776 4520 rerum
2798 4467 3041 4521 omnium
3081 4464 3368 4523 Dominum
3393 4465 3562 4523 Deum

317 4570 416 4624 την
440 4553 575 4606 Θεὸν
601 4551 675 4623 μὴ
700 4549 1112 4604 συναπολλύντα
1136 4553 1227 4605 τὸν
1253 4552 1463 4606 δίκαιον
1484 4553 1622 4624 μετά
1649 4554 1883 4620 ἀσεϐῶν,

1995 4568 2098 4607 una
2133 4569 2255 4608 cum
2284 4553 2503 4624 iniustis
2525 4556 2730 4621 justum
2755 4573 2868 4613 non
2896 4558 3149 4626 perdere,
3182 4573 3285 4615 nec
3307 4559 3362 4615 in
3383 4559 3563 4629 justo--

321 4646 458 4716 μηδὲ
519 4645 696 4698 ἐῶντα
755 4643 856 4712 τὴν
911 4643 1112 4713 ῥάϐδον
1159 4643 1272 4697 τῶν
1303 4646 1666 4716 [ἁμαρτωλῶν
1693 4647 1786 4699 ἐπὶ
1812 4646 1890 4716 τῷ

319 4737 504 4808 κλήρῳ
563 4733 670 4788 τῶν
721 4735 991 4788 δικαίων·
1042 4732 1190 4806 ἐώρα
1235 4735 1292 4788 δὲ
1325 4737 1421 4790 καὶ
1479 4736 1581 4800 τὰς
1611 4739 1888 4810 ἡμετέρας

319 4827 616 4898 ἁμαρτίας,
648 4828 826 4881 πᾶσαν
847 4826 1282 4897 ὕπερϐαινοὺσας
1308 4828 1604 4898 πρεσϐείας
1635 4829 1888 4900 δύναμιν,

321 4919 418 4972 καὶ
447 4917 789 4988 εὐλαϐηθεὶς,
824 4918 900 4982 ὡς
929 4913 1109 4988 οἶμαι,
1146 4917 1218 4988 μὴ
1244 4921 1371 4989 περὶ
1397 4919 1553 4989 ἡμῶν
1580 4921 1885 4987 ἱκετεύσας,

323 5009 680 5080 παρακουσθῇ
721 5009 822 5079 τὴν
852 5009 1095 5063 θεόδοτον
1121 5009 1328 5079 ταύτην
1355 5011 1604 5082 γνώμην,
1633 5011 1886 5066 ἑϐουλεύ⁸

321 5104 450 5156 σατό
502 5118 561 5154 τε
613 5103 706 5154 καὶ
736 5101 1088 5171 διεπράξατο,
1114 5103 1308 5173 μείνας
1357 5107 1414 5158 ὲν
1448 5104 1524 5175 τῷ
1564 5107 1696 5176 οἴκῳ
1723 5106 1887 5160 αὖτοῦ

319 5196 414 5247 καὶ
444 5193 520 5262 μὴ
543 5193 906 5263 ἀναχωρήσας
943 5193 1046 5262 τῆς
1077 5194 1308 5258 πόλεως,
1335 5195 1422 5248 ἵνα
1443 5194 1518 5264 μὴ
1541 5195 1703 5258 αὐτὸς
1740 5196 1887 5266 πάθῃ

319 5288 506 5342 τιτῶν
537 5289 779 5348 ἀτόπων,
815 5286 948 5356 μηδὲ
978 5288 1010 5356 ἡ
1047 5288 1203 5350 πόλις
1230 5286 1466 5358 πειραθῇ
1514 5287 1622 5341 τῶν
1651 5289 1892 5360 ἐπηρτη-

324 5381 502 5447 μένων
539 5377 756 5430 κακῶψ
787 5376 902 5429 ἀλλ’
927 5375 1114 5447 ὥσπερ
1142 5379 1408 5448 στέφανον
1442 5381 1504 5430 ἐκ
1546 5382 1770 5449 χρυσίου
1800 5397 1889 5432 νε-

320 5467 645 5539 νοθευμένου
673 5466 992 5537 γενόμενον,
1023 5467 1218 5538 ἔχοντα
1241 5469 1387 5523 λίθον
1417 5469 1622 5539 τίμιον,
1658 5469 1754 5521 ἕνα
1795 5471 1890 5523 καὶ

387 5605 496 5670 (lii)
537 5603 919 5675 ilic__przesens
966 5611 1130 5675 caput
1157 5642 1171 5665 ,
1223 5614 1382 5672 prout
1414 5604 1556 5675 apud
1591 5620 1689 5658 nos
1723 5621 1754 5659 e
1800 5604 1884 5660 bi—

321 5675 585 5728 bliotheca
630 5671 889 5726 V'aticaua
940 5671 1125 5726 codice
1166 5671 1264 5729 797
1295 5671 1626 5739 descriptum
1659 5684 1880 5740 exstat,

323 5746 680 5807 terminatur;
715 5759 922 5804 verum,
970 5755 1130 5812 prout
1164 5761 1230 5798 ex
1275 5746 1445 5798 altero
1477 5743 1750 5800 Vaticana:
1790 5747 1882 5800 iti-

319 5813 441 5867 dcm
484 5814 822 5866 bibliothecas:
852 5813 1038 5866 codice
1069 5813 1194 5875 8M,
1226 5829 1256 5867 e
1291 5831 1399 5882 quo
1431 5815 1514 5870 hic
1542 5816 1742 5884 editur,
1787 5817 1882 5871 dc-

604 5912 870 5972 l‘amon.
903 5911 1018 5972 Gn.
1051 5910 1268 5973 CXVI.

1992 4661 2110 4700 rum
2153 4655 2302 4701 sorte
2337 4647 2646 4718 relinquere
2683 4661 3030 4718 peccatorum
3064 4652 3290 4722 virgam,
3335 4667 3571 4724 perspe--

1987 4747 2134 4792 ctum
2166 4738 2434 4804 haberet;
2469 4754 2590 4794 esse
2631 4749 2812 4796 autem
2861 4749 2916 4796 et
2969 4752 3192 4811 peccata
3227 4750 3412 4798 nostra
3441 4758 3560 4800 om-

1985 4843 2112 4884 nem
2148 4829 2558 4887 intercessionis
2591 4832 2700 4887 vim
2734 4831 3058 4888 excedentia
3088 4832 3320 4897 videret,
3369 4843 3559 4904 atque.

1985 4930 2046 4974 ut
2077 4920 2293 4989 opinor,
2317 4936 2388 4975 ne
2417 4937 2517 4992 pro
2545 4923 2708 4977 nobis
2736 4923 3083 4978 intercedens
3111 4937 3219 4978 non
3249 4923 3556 4986 audiretur,

1985 5011 2214 5075 veritus,
2235 5011 2420 5066 datum
2451 5012 2580 5066 illud
2612 5011 2876 5067 divinitus
2907 5011 2964 5065 in
2996 5011 3159 5067 domo
3188 5026 3284 5066 sua
3304 5013 3558 5067 manendi

1988 5104 2321 5174 civitaleque
2349 5120 2458 5160 non
2490 5105 2791 5160 excedendi
2814 5144 2829 5168 ,
2868 5120 2935 5160 ne
2973 5104 3106 5176 quid
3134 5106 3252 5177 ipse
3283 5104 3559 5160 insolitum

1991 5204 2287 5266 pateretur,
2313 5197 2611 5267 civitasque
2632 5197 2925 5266 quidquam
2953 5196 3218 5252 malorum
3240 5195 3564 5269 impenden-

1989 5289 2122 5342 tium
2159 5288 2521 5358 experirctur,
2552 5288 2844 5342 consilium
2875 5296 2929 5342 et
2958 5287 3118 5343 iuivit
3146 5297 3202 5344 ct
3217 5287 3558 5345 exsecutioni

1989 5380 2290 5433 mandavit.
2336 5378 2538 5432 Verum
2566 5417 2581 5442 ,
2614 5378 3072 5447 quemadmodum
3104 5394 3360 5434 coronam
3384 5417 3400 5443 ,
3436 5394 3561 5448 quae

1990 5471 2225 5541 lapidem
2257 5471 2558 5540 pretiosum
2603 5486 2772 5524 unum
2815 5486 2879 5526 ac
2909 5471 3084 5526 solum
3116 5471 3170 5525 in
3222 5478 3380 5542 parte
3404 5477 3562 5525 ante-

1990 5609 2251 5678 scriptum
2284 5607 2486 5676 pariter
2509 5605 2650 5674 apud
2683 5614 3008 5678 nosrexstat,
3039 5619 3101 5678 ea
3129 5613 3412 5678 praterea,
3441 5617 3564 5678 quae

1996 5675 2462 5748 liic'sequuntut',
2520 5677 2922 5748 complectitur.
2981 5676 3056 5730 uti
3103 5675 3268 5730 etiam
3301 5682 3463 5744 prout
3505 5675 3565 5728 in

1992 5750 2178 5806 codice
2207 5745 2334 5802 Olim
2365 5745 2683 5801 Mazarinaco
2717 5746 3028 5800 exhibetur.
3290 5765 3292 5767 ’

3151 5903 3228 5965 ιε
