4070 6382
536 478 673 546 1327
1829 467 1923 528 SU
1935 466 2176 527 PPLEM
2189 465 2467 530 ENTUM.
3658 457 3818 524 I328

607 581 728 637 159.
771 579 1044 649 Lacrymte
1101 586 1231 631 tunc
1257 574 1431 629 'erant
1490 569 1728 627 fluminis
1775 571 1828 625 in
1891 571 2146 628 modum.

2289 573 2420 645 ρνθ’.
2449 569 2557 624 Καὶ
2588 566 2654 640 ἦν
2704 569 2824 632 τότε
2873 569 3082 640 δάκρυα
3118 567 3563 639 ποταμόρῤειθρα
3593 568 3817 637 ἐκχεό-

533 677 744 741 είῐιιεω,
800 673 1143 742 eiulatusque
1189 669 1367 726 omnis
1423 666 1658 722 civitatis
1709 664 1915 736 pepuli,
1965 664 2110 733 quod

2248 684 2353 719 ιενα
2393 667 2486 718 καὶ
2519 662 2758 731 οἰμωγαὶ
2787 660 2878 713 τοῦ
2908 661 3108 724 παντὸς
3139 661 3239 730 τῆς
3267 661 3476 724 πόλεως
3522 659 3700 724 λαοῦ,
3743 662 3816 714 ὲκ

481 795 486 805 ·
535 767 840 825 ineffabiles
898 765 1181 820 civitatum
1239 759 1643 816 devastationes
1701 758 1986 826 czrdesque
2049 770 2112 810 ac

2248 757 2312 825 ῆς
2337 755 2506 824 ἀκοῆς
2569 753 2738 823 μόνης
2784 750 3172 820 νεκρωθὲντος,
3221 749 3310 802 διὰ
3369 750 3428 801 τὸ
3482 750 3816 820 ἀκηκοέναι

535 862 882 930 eaptivitates
915 856 1156 911 infinitas
1183 854 1374 918 factas,
1412 853 1478 908 de
1525 866 1626 906 suo
1674 851 1842 904 etiam
1885 847 2112 903 interitu

2248 847 2412 910 ,ύτοὺς
2433 848 2530 909 τὰς
2555 844 2792 911 ἀφάτους
2854 843 2964 896 τῶν
3002 842 3214 894 πόλεων
3272 841 3646 911 ἔκπορθὴσεις
3705 839 3816 894 καὶ

538 955 686 1008 omni
717 967 944 1024 prorsus
972 966 1036 1005 ex
1074 957 1226 1020 parte
1253 947 1561 1008 inaudiens,
1594 943 1972 1005 intellexisset,
1998 941 2114 996 solo

2250 939 2312 1002 ὰς
2343 937 2716 1006 γεγενημένας
2751 934 3014 1004 ἀπείρους
3042 933 3406 1000 κατασφαγάς
3455 935 3554 984 καὶ
3579 931 3816 1000 αἰχμα-

539 1021 733 1103 auditu
779 1044 1038 1108 emortui,
1097 1041 1400 1111 praesertim
1458 1037 1676 1108 quidem
1735 1035 1880 1105 quod
1935 1046 2116 1103 neque

2248 1030 2442 1095 ωσίας,
2474 1029 2569 1082 καὶ
2600 1031 2790 1098 ὅτιπερ
2823 1027 2988 1080 παντὶ
3024 1023 3304 1094 πανταχοῦ
3355 1024 3450 1076 ἐπὶ
3478 1027 3546 1094 τῇ
3575 1021 3817 1076 ἑαυτῶν

541 1139 921 1208 indigenarum
959 1133 1194 1203 navigia,
1223 1137 1308 1184 vel
1339 1129 1404 1184 ad
1439 1143 1502 1182 ea
1537 1143 1603 1182 cx
1629 1127 1762 1181 locis
1794 1139 1915 1196 qum
1935 1124 2114 1178 vicina

2248 1122 2463 1192 ,πωλεία
2509 1121 3003 1190 εὐδοκιμήσαντας·
3061 1118 3239 1180 ἄλλως
3261 1132 3320 1168 τε
3359 1116 3416 1169 δὲ
3460 1116 3535 1185 μὴ
3566 1115 3817 1168 ὑπολει-

543 1207 720 1291 erant,
761 1227 1058 1290 servanda,
1114 1223 1200 1280 vel
1252 1224 1320 1278 ad
1375 1231 1589 1293 portus,
1641 1219 1729 1273 hic
1775 1215 2114 1280 exsistentis,

2248 1215 2425 1284 ιθῆναι
2460 1212 2622 1266 πλοῖα
2650 1211 2758 1263 τῶν
2791 1211 3094 1279 ἐγχωρίων,
3121 1208 3238 1278 ἢὲκ
3258 1207 3366 1262 τῶν
3397 1208 3816 1276 γεγενημένων

543 1325 742 1378 ostium
774 1317 1196 1374 custodiendum
1226 1313 1417 1368 relicta
1450 1321 1635 1367 essent
1660 1308 1913 1374 residua;
1955 1309 2117 1362 timor

2248 1305 2444 1378 ιλησίον
2466 1303 2658 1375 χώρων
2681 1301 3022 1370 σεσῶσθαι,ἢ
3055 1300 3325 1370 ὑπάρχειν
3355 1300 3493 1368 πρδς
3523 1314 3814 1368 παραφυ-

545 1433 672 1474 vero
712 1415 924 1470 civibus
953 1427 980 1466 a
1010 1406 1341 1466 Christianis
1373 1405 1440 1459 iis
1467 1420 1582 1474 qut,
1619 1418 1743 1458 cum
1777 1403 1835 1456 in
1878 1401 2118 1456 crudelis

2248 1399 2394 1470 ath
2411 1398 2504 1453 τοῦ
2533 1395 2754 1466 στομίου
2799 1392 2893 1446 τοῦ
2945 1391 3181 1446 ἐνταῦθα
3213 1389 3436 1461 λιμένος
3457 1405 3471 1419 ⁶
3505 1389 3724 1442 δειλίαν
3750 1387 3814 1441 δὲ

546 1510 692 1565 illius
718 1505 1004 1563 conflictus
1034 1500 1408 1572 experimento
1441 1495 1644 1566 captivi
1689 1493 1817 1549 facti
1861 1492 2113 1557 fuissent,

2248 1495 2395 1550 τλείω
2424 1491 2614 1545 θέσθαι
2638 1490 2752 1552 τοῖς
2784 1486 3030 1550 πολίταις
3074 1486 3139 1538 ὲκ
3165 1483 3275 1538 τῶν
3324 1482 3628 1551 ἀποφύγων
3665 1483 3815 1552 Χρι-

545 1601 868 1671 aufugeraut
917 1594 1086 1666 magis
1135 1594 1496 1647 incuteretur.
1540 1589 1618 1644 Ac
1651 1596 1780 1642 tunc
1813 1596 1868 1641 et
1900 1583 2121 1640 timido-

2248 1586 2456 1640 ττιανῶν
2478 1584 2587 1637 τῶν
2618 1583 2677 1634 ὲν
2703 1581 2870 1651 πείρᾳ
2896 1580 2995 1648 τῆς
3035 1578 3210 1647 αὐτῆς
3243 1576 3508 1647 ἀνηλεοῠς
3535 1572 3812 1644 παρατάρ

546 1710 668 1749 rum
709 1703 764 1748 et
811 1691 1032 1745 fortium
1085 1700 1228 1741 unus
1277 1692 1396 1740 erat
1431 1682 1668 1746 animus,
1697 1693 1917 1751 praeque
1948 1677 2120 1732 oculis

2248 1694 2358 1743 ,εως
2401 1673 2786 1745 γεγενημένων
2843 1669 3236 1740 αἰχμαλώτωνο
3290 1668 3387 1720 καὶ
3413 1662 3484 1737 ἦν
3518 1666 3643 1718 τότε
3710 1665 3813 1718 καὶ

548 1786 780 1856 quisque
808 1781 890 1837 vel
910 1777 1239 1850 captivitatis
1268 1775 1621 1829 acerbitatem
1653 1771 1739 1827 vel
1762 1780 1994 1826 mortem
2021 1769 2122 1823 ba-

2248 1775 2332 1826 :t‘bv
2358 1768 2549 1825 δειλῶν
2587 1769 2680 1821 καὶ
2705 1765 2815 1818 τῶν
2851 1762 3118 1832 ἀνδρείων
3146 1763 3181 1831 ἢ
3209 1760 3358 1830 ψυχὴ
3401 1759 3523 1829 μία,
3550 1760 3646 1812 καὶ
3675 1757 3814 1810 ἕκα-

503 1935 508 1941 _
549 1849 906 1941 bebat,aliter
932 1849 1230 1926 secundum
1249 1867 1490 1921 divinum
1510 1864 1796 1933 Eloquium
1821 1879 1836 1916 :
1869 1881 1888 1914 ι
1917 1861 1973 1917 Si
2000 1862 2122 1932 quis

2248 1882 2351 1926 rto;
2401 1861 2507 1933 πρὸ
2559 1857 2862 1928 ὀφθαλμῶν
2908 1855 2969 1907 τὸ
3024 1855 3220 1923 πικρὸν
3278 1853 3381 1922 τῆς
3412 1849 3812 1920 αἰχμαλωσίας

552 1987 650 2025 vos
681 1978 1056 2038 persequatur,
1088 1979 1118 2019 e
1139 1963 1362 2018 civitate
1398 1960 1487 2014 illa
1521 1958 1690 2028 fugite
1714 1957 1766 2012 in
1801 1957 1963 2011 aliam
1995 1957 2061 2021 ”,
2096 1975 2114 2010 ι

547 2079 656 2135 quo
702 2063 915 2132 fugeret
966 2074 1076 2113 non
1113 2056 1344 2116 habens,
1395 2052 1539 2122 quod
1581 2050 1759 2106 omnis
1800 2049 2121 2104 Sclavorum

550 2171 683 2226 gens
711 2153 941 2209 barbara
976 2149 1249 2204 civitatem
1281 2159 1390 2198 non
1415 2156 1574 2197 secus
1601 2155 1665 2196 ac
1692 2154 1892 2194 corona
1933 2139 2126 2192 morti~

552 2249 664 2303 fera
730 2245 1013 2300 cinxisset.
1078 2239 1274 2294 Verum
1330 2235 1424 2304 qui
1481 2242 1731 2287 nostrum
1775 2239 2125 2300 peccatorum

552 2347 785 2391 mortem
819 2349 929 2388 non
956 2331 1089 2393 vult,
1109 2327 1203 2382 sed
1227 2323 1643 2380 conversionem
1668 2329 1724 2375 et
1740 2321 1930 2386 vitam,
1950 2335 2128 2391 neque

455 2485 462 2489 ,
555 2431 657 2485 hac
687 2430 741 2482 in
774 2442 832 2481 re
859 2423 1000 2478 servi
1033 2421 1116 2477 sui
1155 2432 1286 2473 vere
1327 2413 1550 2486 genuini
1603 2420 1851 2468 nostrum
1880 2413 2130 2484 indigno-

556 2536 675 2576 rum
711 2517 1000 2577 euratoris.
1028 2509 1371 2568 memorandi
1413 2514 1682 2576 perpetuo
1729 2506 1980 2576 martyris
2031 2506 2132 2560 De-

557 2613 738 2668 metrii
773 2623 966 2681 preces
995 2603 1264 2674 despexit,
1293 2600 1388 2656 sed
1427 2605 1484 2652 ct
1514 2597 1570 2651 in
1600 2595 1690 2650 tali
1717 2596 2003 2652 obsidione
2032 2597 2132 2652 mi-

560 2704 738 2760 racula
771 2709 898 2755 ante
932 2707 1140 2768 patrata
1172 2692 1416 2750 iteravit.

2226 1957 2374 2028 ἐώρα
2407 1955 2440 2024 ἢ
2473 1954 2726 2013 θάνατον,
2776 1948 2876 2002 ούκ
2938 1947 3176 2014 ἑχόντων
3204 1944 3415 2014 ἑτέρως
3449 1941 3549 1995 ποῦ
3600 1941 3814 2011 φυγεῖν

2223 2048 2366 2102 κατὰ
2417 2045 2477 2098 τὸ
2508 2043 2650 2096 θεῖον
2679 2039 2860 2109 λόγιον
2892 2037 2951 2092 τὸ
2988 2037 3194 2106 φάσκον
3217 2052 3232 2067 ο
3271 2054 3290 2087 ι
3339 2035 3467 2087 Ἐάν
3504 2051 3587 2096 τις
3649 2033 3808 2097 ὑμᾶς

2223 2140 2416 2208 διώκῃ,
2437 2138 2500 2190 ὲκ
2516 2135 2614 2204 τῆς
2633 2132 2839 2193 πόλεως
2861 2127 3064 2197 ταύτης
3086 2126 3316 2195 φεύγετε
3335 2127 3414 2188 είς
3427 2123 3522 2188 τὴν
3545 2124 3626 2177 ἑτέ
3636 2141 3770 2194 ραν,
3785 2140 3806 2175 ι

2225 2232 2362 2286 διότι
2414 2227 2668 2295 καθάπερ
2722 2221 2966 2290 στεφάνη
3016 2217 3398 2287 θανατηφόρος
3425 2215 3488 2269 τδ
3520 2215 3810 2285 βάρόαρον

2228 2326 2368 2379 ἅπαν
2403 2317 2716 2374 Σκλασίνων
2746 2314 2843 2386 τὴν
2877 2313 3032 2366 πόλιν
3082 2307 3431 2380 περιετείχει.
3493 2305 3634 2358 Ἀλλ’
3669 2307 3699 2358 ὁ
3734 2305 3814 2374 μὴ

2229 2414 2552 2487 βουλόμενος
2578 2409 2735 2480 ἡμῶν
2758 2406 2868 2460 τῶν
2899 2401 3246 2474 ἁμαρτωλῶν
3275 2400 3365 2453 τὸν
3390 2397 3645 2461 θάνατον,
3668 2397 3812 2449 ἀλλὰ

2226 2509 2326 2580 τὴν
2377 2502 2717 2575 ἐπιστροφὴν
2766 2500 2862 2554 καὶ
2920 2498 3017 2568 τὴν
3049 2495 3219 2566 ζωὴν,
3266 2493 3387 2547 οὐδὲ
3435 2493 3491 2544 ὲν
3521 2490 3703 2561 τούτῳ
3734 2491 3812 2552 ὡς

2227 2599 2441 2670 ἀληθῶς
2466 2594 2692 2666 γνησίου
2739 2589 2906 2645 αὐτοῦ
2937 2588 3153 2651 δούλου,
3192 2585 3288 2638 τοῦ
3321 2583 3617 2653 κηδεμόνος
3651 2581 3812 2651 ἡμῶν

2227 2695 2336 2750 τῶν
2371 2689 2632 2754 ἀναξίων,
2662 2684 2756 2741 τοῦ
2794 2683 3125 2753 ἀειμνήστου
3161 2678 3445 2750 μάρτυρος
3492 2676 3814 2747 Δημητρίου

556 2802 666 2856 τῶτ
693 2796 1002 2871 πρεσσειῶν
1032 2793 1408 2864 παρήκουσεν,
1465 2790 1603 2847 ἀλλά
1630 2790 1855 2863 πρώτην
1887 2794 1985 2847 καὶ
2055 2794 2287 2866 τοιαύτῃ
2349 2784 2637 2858 πολιορκίᾳ
2716 2778 3008 2848 ἐπίσκεψιν
3083 2776 3192 2830 τῶν
3247 2774 3542 2846 θαυμάτων
3623 2770 3818 2841 Exod;-

563 2912 717 2950 σατο.

634 3029 758 3088 160.
797 3029 932 3085 Cum
987 3030 1130 3086 enim
1184 3030 1502 3088 Sclavorum
1545 3048 1700 3105 gens,
1725 3043 1785 3090 ut
1813 3033 1976 3091 simul
2009 3035 2136 3091 uni-

559 3138 721 3178 versa
757 3138 820 3178 ac
857 3123 1154 3194 improviso
1190 3123 1245 3178 in
1301 3139 1520 3180 murum
1570 3127 1921 3198 irrumperet,
1950 3129 2136 3184 omnia

565 3215 981 3286 composuisset,
1012 3213 1212 3282 Sclavi,
1237 3215 1331 3286 qui
1355 3217 1407 3270 in
1442 3217 1673 3274 navibus
1699 3227 1876 3284 erant,
1902 3219 2138 3289 desuper

568 3309 731 3362 hasce
765 3323 883 3383 quo
914 3321 1038 3361 cum
1072 3307 1126 3362 in
1158 3323 1376 3362 murum
1407 3318 1598 3364 essent
1633 3319 1880 3377 moturas,
1905 3311 2140 3380 remiges

568 3399 768 3453 illmsos
797 3399 865 3452 ab
895 3399 962 3452 iis
986 3397 1079 3467 qui
1124 3413 1155 3452 e
1183 3398 1456 3453 moenibus
1488 3399 1699 3470 lapides
1739 3402 1910 3456 telave
1943 3402 2139 3458 adver-

2317 3029 2418 3101 pg'.
2464 3020 2725 3086 Σύνταξιν
2782 3017 2891 3089 γὰρ
2947 3013 3042 3070 τοῦ
3098 3009 3300 3073 παντὸς
3347 3007 3442 3062 τοῦ
3502 3005 3820 3061 Σκλαδίνων

2243 3099 2429 3182 ἔθνους
2461 3110 2872 3186 ποιησαμένων,
2907 3103 3254 3176 ὁμοθυμαδὸν
3280 3101 3375 3155 καὶ
3413 3099 3614 3169 αἴφνης
3651 3115 3820 3168 προσ.

2245 3212 2430 3266 ϐαλεῖν
2466 3209 2547 3277 τῷ
2583 3203 2774 3274 τείχει,
2806 3200 2856 3253 oi
2906 3199 2963 3251 ὲν
2989 3199 3106 3260 ταῖς
3128 3195 3318 3250 ναυσὶν
3348 3193 3500 3256 ὄντες
3535 3191 3822 3244 Σκλαᾶνοι

2249 3301 2438 3370 σκέψιν
2467 3295 2670 3364 ταύτην
2702 3291 3033 3360 ἐποιήσαντο
3081 3285 3170 3354 ἐφ’
3221 3278 3264 3352 ᾧ
3303 3283 3506 3345 ταύτας
3535 3281 3823 3336 ἐτη-..ἀνωθεν

2251 3390 2428 3444 σανίσι
2452 3403 2511 3440 τε
2571 3385 2666 3438 καὶ
2711 3384 2830 3446 ταῖς
2875 3377 3208 3448 λεγομέναις
3259 3373 3491 3444 βύρσαις
3523 3373 3822 3435 σκεπάσαι,

569 3504 662 3543 sus
694 3503 792 3543 eos
829 3487 1254 3557 cjacularentur,
1283 3464 1592 3556 servarent,
1623 3491 1950 3561 tabulisque,
1983 3501 2039 3548 et
2083 3503 2144 3548 ut

2248 3484 2396 3543 ὃπως
2443 3478 2523 3548 τῷ
2573 3476 2744 3545 τείχει
2778 3470 3080 3542 μελλούσας
3123 3467 3533 3538 προσορμῆσαι,
3567 3464 3824 3532 ἄπληγας

569 3591 854 3642 vocantur,
901 3577 1132 3648 pellibus
1184 3580 1535 3648 cooperiendi
1592 3583 1879 3636 consilium
1926 3599 2142 3655 cepere.
2187 3630 2195 3634 .

569 3672 748 3740 Atque
794 3669 911 3724 hinc
960 3669 1136 3739 prima
1184 3669 1438 3740 ipsis.....
1484 3686 1514 3726 e
1545 3673 1816 3742 superiori
1858 3684 1995 3730 nutu
2049 3691 2147 3746 per

571 3762 858 3833 lllartyrem
919 3761 1119 3830 injecta
1170 3761 1275 3816 fuit
1317 3762 1630 3833 stupiditas,
1686 3773 1747 3820 ut
1803 3767 1948 3822 haud
1992 3776 2147 3823 recto

571 3869 737 3910 cursu
759 3853 826 3909 ad
864 3853 1166 3921 civitatem,
1205 3855 1298 3910 sed
1323 3854 1390 3909 ad
1415 3855 1695 3912 sinuosum
1727 3861 2017 3929 quemdam
2038 3869 2150 3915 sta-

573 3945 741 4000 tionis
784 3941 1053 4000 Cellarion
1107 3943 1414 4014 antiquitus
1455 3955 1708 4002 vocatum
1749 3947 1931 4004 locum
1959 3965 2149 4007 acces-

574 4036 772 4098 serint,
827 4051 892 4090 eo
938 4035 1303 4106 appellentes,
1365 4048 1427 4094 ut
1478 4040 1622 4110 quod
1670 4043 1915 4097 meditati
1969 4054 2149 4112 erant,

574 4125 804 4181 fallaciae
834 4139 973 4193 opus
1003 4125 1346 4180 exsecutioni
1383 4127 1732 4196 mandarent,
1763 4145 2000 4200 cumque
2047 4133 2152 4187 hoc

580 4216 780 4271 ibidem
829 4214 1052 4269 Barbari
1086 4215 1425 4281 detinentur,
1459 4217 1656 4273 accidit
1682 4227 1742 4273 ut
1779 4220 1872 4290 qui
1913 4221 2152 4277 civitatis

575 4315 756 4370 erant,
785 4305 1003 4376 paulum
1034 4305 1298 4374 audaciae,
1332 4317 1520 4378 utpote
1544 4310 1866 4366 remissione
1897 4313 2150 4382 quapiam

578 4397 712 4466 ipsis
743 4397 906 4464 facta,
939 4398 1273 4468 receperint,
1315 4400 1690 4468 quosdamque
1727 4401 1785 4455 in
1823 4412 2007 4473 portu,
2031 4403 2156 4471 qui-

579 4489 684 4543 bus
734 4499 790 4542 ct
840 4499 1089 4545 catenam
1125 4501 1522 4561 apposuerunt,
1559 4507 1589 4548 c
1634 4493 1797 4564 lignis
1833 4495 2030 4566 gradus
2060 4510 2156 4548 cx-

579 4583 914 4648 etruxerint;
951 4599 1184 4653 cumque
1216 4585 1469 4640 similiter
1497 4595 1552 4641 et
1585 4586 1790 4641 femora
1815 4603 1936 4653 sua,
1965 4598 2156 4644 acutas

585 4673 846 4741 quasdam
901 4673 1100 4743 virgas,
1148 4691 1382 4744 quarum
1414 4678 1535 4732 alia:
1579 4693 1608 4732 c
1650 4679 1811 4749 lignis
1841 4681 2053 4750 spatha:
2098 4682 2154 4734 in

585 4763 806 4819 modum
835 4766 1157 4820 acuminata
1186 4775 1366 4833 erant,
1409 4784 1574 4822 manu
1603 4769 1858 4835 ferentes,
1889 4771 2152 4838 resoluto,

2244 3574 2371 3636 τοὺς
2390 3570 2586 3632 ὲλάτας
2616 3568 2683 3620 ὲκ
2708 3565 2817 3618 τῶν
2849 3563 2958 3617 ἀπὸ
2988 3561 3096 3615 τῶν
3150 3559 3380 3629 τειχέων
3405 3557 3592 3618 λίθους
3615 3555 3651 3624 ἢ
3687 3553 3826 3608 ὅπλα

2245 3661 2642 3726 ἀκοντιζόντων
2665 3655 2788 3710 κατ’
2827 3654 3008 3709 αὐτῶν
3034 3650 3295 3722 φυλάξειν
3315 3665 3330 3679 ’
3366 3649 3461 3702 καὶ
3483 3645 3626 3714 αὕτη
3659 3686 3677 3702 .
3708 3684 3727 3700 .
3758 3683 3775 3698 .
3810 3681 3825 3698 .

3029 3740 3224 3810 πρώτη
3298 3737 3365 3788 ὲκ
3420 3733 3681 3804 vi};de
3741 3734 3832 3800 ῥο-

2250 3847 2358 3916 πῆς
2413 3842 2623 3897 δέδοται
2681 3838 2865 3898 αὐτοῖς
2913 3833 3002 3887 διά
3057 3832 3152 3884 τοῦ
3213 3830 3496 3899 μάρτυρος
3540 3828 3575 3896 ἡ
3626 3824 3829 3888 δειλία,

2249 3940 2328 4000 είς
2361 3935 2423 3988 τδ
2464 3933 2541 4005 μὴ
2580 3930 2930 3999 εὐθυδρόμως
2969 3923 3347 3997 προσπελάσαι
3383 3924 3449 3992 τῇ
3494 3921 3672 3984 πόλει,
3717 3917 3832 3970 ἀλλ’

2252 4029 2332 4090 είς
2379 4027 2543 4078 τόπον
2574 4020 2828 4087 κολπώδη
2881 4016 3159 4087 ὁρμίσεώς
3191 4031 3336 4078 τινος
3386 4011 3745 4082 ὑπαρχούσης
3775 4010 3840 4064 τὺ

2251 4118 2547 4188 ἐπικληθὲν
2581 4115 2638 4181 ἐξ
2673 4112 2918 4185 ἀρχαίων
2954 4109 3278 4180 Κελῖἀριον,
3314 4109 3494 4159 ἐκεῖσε
3529 4105 3841 4172 ⁴παραγενό-

2255 4232 2410 4286 μενοι
2461 4213 2547 4283 ἐφ’
2683 4209 2744 4262 τὸ
2779 4205 3075 4278 μελετηθέν
3108 4205 3293 4264 αὐτοῖς
3323 4200 3684 4271 ἐκπληρῶσαι
3736 4198 3844 4267 τῆς

2252 4309 2451 4378 τέχνης
2503 4304 2688 4372 ἔργον,
2743 4301 2970 4354 κάκεῖσε
3024 4299 3117 4351 ἐπὶ
3171 4294 3331 4348 τοῦτο
3380 4293 3491 4346 τῶν
3541 4291 3843 4362 βαρϐαρων

2255 4393 2725 4466 ὲνασχοληθέντων
2767 4389 2963 4460 μικρὸν
3019 4387 3252 4458 θάρσους
3305 4385 3430 4447 τοὺς
3478 4383 3579 4453 τῆς
3624 4382 3846 4442 πόλεως

2255 4485 2571 4548 ἀναλαϐεῖν,
2607 4484 2684 4546 ὡς
2717 4481 2981 4554 βραχείας
3013 4478 3274 4540 ἐνδόσεως
3304 4477 3491 4537 αὐτοῖς
3533 4475 3848 4544 γεγενημέο

2256 4596 2376 4648 νης,
2410 4577 2504 4630 καὶ
2533 4575 2949 4628 κατασκευάσαι
2984 4572 3138 4634 τινὰς
3166 4571 3229 4623 ἐκ
3259 4568 3434 4635 ξύλων
3465 4566 3652 4636 βάσεις
3678 4567 3738 4617 ὲν
3765 4563 3848 4633 τῷ

2257 4671 2455 4740 λιμένι,
2479 4668 2538 4721 ἐν
2565 4663 2652 4730 αῖς
2681 4667 2780 4736 τὴν
2811 4665 3073 4718 ἀπόθεσιν
3095 4663 3194 4731 τῆς
3217 4661 3463 4722 ἁλύσεως
3487 4659 3849 4730 ἐποιήσαντο,

2260 4764 2354 4816 καὶ
2385 4761 2594 4832 μηροὺς
2626 4758 2682 4812 δὲ
2726 4755 2986 4818 ὡσαύτως
3032 4755 3088 4821 ἐξ
3134 4753 3415 4807 ἀναλύτων
3449 4751 3687 4821 σιδήρων
3716 4751 3856 4802 ἑαυ-

583 4869 686 4910 nec
737 4854 1002 4925 fulgorem
1034 4858 1323 4914 emittente
1366 4861 1511 4917 ferro
1542 4863 1877 4928 vestiissent,
1925 4863 2146 4918 interius

2261 4853 2387 4916 τοὺς
2423 4850 2770 4922 ἀμπέχοντας
2817 4847 3099 4901 σκιοειδῶν
3133 4863 3290 4907 τινας
3349 4843 3529 4910 ὀξείας
3572 4841 3857 4911 φέρον-τας

585 4954 768 5000 autem
803 4947 1014 5017 ligneas
1061 4951 1130 5004 ad
1175 4951 1640 5008 transfretandum
1679 4970 1862 5018 naves,
1899 4971 2034 5026 quas
2065 4972 2161 5012 cu-

586 5038 738 5093 b'aias
758 5040 1050 5106 volsabant,
1079 5043 1291 5097 catenis
1313 5053 1598 5099 contentas
1631 5045 1698 5098 ad
1732 5055 1926 5114 portus
1955 5048 2159 5103 ostium

587 5130 928 5198 dcfixisscnt,
965 5133 1172 5190 aditum
1209 5136 1278 5192 ad
1309 5136 1554 5192 futurum
1587 5136 1900 5194 conﬂictum
1935 5155 2165 5210 aperue-

593 5229 741 5276 runt.

667 5531 794 5587 16L
823 5531 1030 5588 Vallem
1061 5543 1242 5590 autem
1285 5551 1454 5607 prope
1493 5539 1849 5596 memorabile
1878 5541 2170 5599 admodum

593 5619 1037 5681 incontaminata:
1068 5625 1312 5697 Dcipam
1345 5629 1632 5700 templum,
1688 5647 1812 5686 cum
1853 5632 2009 5688 locus
2055 5634 2168 5699 ille,

594 5715 667 5770 uti
706 5732 898 5773 omnes
928 5728 1154 5789 norunt,
1201 5736 1360 5778 muro
1408 5724 1651 5781 munitus
1683 5726 1830 5782 haud
1873 5736 2040 5799 esset,
2076 5743 2172 5784 ex-

668 5883 712 5918 ει
737 5883 930 5942 Matth.
964 5902 1019 5952 ς,
1041 5888 1142 5960 εδ.

2258 4943 2508 5015 ῥάϐδους,
2560 4943 2753 5012 ἑτέρας
2805 4939 2862 4992 δὲ
2911 4937 3126 5010 ήλωτάς
3175 4934 3520 4995 σπαθοειδείς
3563 4935 3628 4985 ὲκ
3672 4932 3858 4997 ξύλων

2260 5036 2590 5100 ὲξεστώσας.
2626 5033 2907 5103 ἐνδότερον
2951 5030 3006 5083 δὲ
3055 5029 3263 5092 τούτοις
3308 5029 3407 5090 τάς
3454 5028 3548 5080 ἐπὶ
3599 5041 3856 5096 παρακο-

2271 5130 2398 5200 μιδῇ
2425 5128 2587 5196 ξυλᾶς
2625 5123 2888 5197 [ξυλίνας]
2915 5123 3190 5194 τυχούσας
3217 5122 3371 5192 νῆας,
3397 5123 3583 5190 ἇσπερ
3607 5119 3854 5181 κυδαὶας

2262 5219 2506 5283 ὲλαλοῦν,
2533 5219 2840 5288 ἀνάψαντες
2875 5216 2945 5269 δι’
2991 5214 3251 5284 ἀγκύρων
3295 5215 3663 5284 συνεχομένας
3707 5211 3856 5265 κατὰ

2269 5313 2328 5365 τὸ
2368 5312 2589 5381 στόμιον
2621 5309 2716 5363 τοῦ
2761 5309 2982 5379 λιμένος
3012 5307 3484 5379 προσηλωθείσας,
3503 5305 3677 5360 δίοδον
3706 5307 3854 5380 πρὸς

2269 5407 2375 5473 τὴν
2410 5404 2707 5476 μέλλουσαν
2760 5401 3066 5473 παράταξιν
3105 5403 3452 5472 ἐποιήσαντο.

2288 5517 2291 5520 1
2338 5539 2476 5613 ρξα¹.
2507 5541 2726 5611 Τάφρον
2755 5539 2810 5592 δὲ
2845 5540 2967 5593 τότε
2997 5540 3133 5610 πρὸς
3159 5537 3236 5610 τῷ
3272 5540 3610 5611 πανυμνήτῳ
3631 5540 3858 5608 τεμένει

2265 5631 2366 5702 τῆς
2397 5633 2682 5702 ,ἀχράντου
2737 5629 3002 5683 Θεοτόκου
3048 5629 3144 5682 τοῦ
3201 5630 3355 5694 ὄντος
3389 5629 3528 5699 πρὸς
3570 5629 3651 5699 τῷ
3697 5629 3856 5699 αὐτῷ

2267 5724 2447 5798 λιμένι
2470 5724 2818 5798 ἐποιήσαντο,
2849 5724 3157 5796 ἀτειχίστου
3184 5722 3278 5778 τοῦ
3303 5723 3544 5779 τοιούτου
3567 5720 3831 5776 καθεστῶ
