4090 6384
395 313 532 379 1329

1451 313 1510 375 S.
1556 311 1938 374 DEMETRII
1979 311 2381 375 MARTYRIS
2417 314 2626 377 ACTA.

3527 313 3661 379 1330

385 450 479 496 τος
510 431 702 497 τόπου,
733 429 809 491 ὡς
839 428 1081 491 ἅπαντες
1111 427 1456 490 ἐπίστανται,
1486 428 1628 496 καὶὴ
1665 427 1773 481 τῶν
1803 427 1967 480 πουλ-

2089 433 2411 493 struxerunt,
2433 427 2873 499 pulpitorumque
2892 426 3167 484 eclavatis
3186 425 3489 482 muricibus
3514 426 3654 498 (ἦ),

389 524 565 578 πίτων
589 521 678 576 διὰ
716 520 1000 591 γωνατίων
1029 519 1258 591 ηλωτῶν
1289 520 1510 589 μηχανὴ
1560 519 1970 574 κατεσκεύαστο

389 615 451 670 ἐν
486 616 552 684 τῇ
583 614 654 684 γῇ
697 611 974 684 κρυφηδδν
1002 611 1397 673 ἀποτεθέντων,
1431 609 1488 675 ἐξ
1515 609 1704 679 ὀλίγης
1730 609 1863 679 ὕλης
1889 629 1971 664 τιο

389 708 479 772 νὸς
513 705 945 769 σκεναοθέντων,
986 706 1134 769 ὅπως
1173 707 1240 775 τῇ
1279 704 1389 756 τῶν
1425 703 1686 756 τοιούτων
1719 704 1970 771 ὀργάνων

389 798 624 868 άορασέᾳ
653 798 701 850 οἱ
730 798 829 864 τὴν
859 796 1035 868 ὁρμὴν
1066 796 1168 862 τῆς
1201 796 1511 858 ἐπιϐάσεως
1540 794 1812 848 ποιεῖσθαι
1841 795 1973 864 μέλα

388 887 572 950 λοντες
595 887 846 957 πολέμιοι
872 888 931 939 ἐν
948 887 1133 948 αὐτοῖς
1151 886 1463 958 ἐμπαρῶσι.
1490 884 1583 937 καὶ
1608 885 1667 937 ἐν
1689 883 1766 953 τῷ
1789 885 1969 937 ἐκεῖσε

388 979 447 1031 δέ
485 979 634 1050 μόλῳ
674 979 770 1033 καὶ
803 977 953 1048 αὐτῷ
998 978 1291 1047 ἀτειχίστῳ
1323 977 1443 1030 τότε
1481 977 1568 1030 διὰ
1614 976 1843 1028 σανίδων
1875 977 1972 1028 καὶ

391 1069 566 1137 ξύλων
583 1071 762 1135 τινῶν,
785 1069 860 1131 ὡς
887 1070 1047 1140 μέχρι
1071 1069 1302 1138 στήθους
1321 1067 1576 1138 τειχίσαι,
1605 1069 1702 1120 καλ⁸
1721 1067 1788 1121 τὲι
1805 1065 1973 1120 λοιπά

389 1163 446 1216 δὲ
480 1163 589 1218 τῶν
620 1165 796 1220 ἄλλων
831 1164 1126 1234 μαγγάνων
1161 1162 1478 1232 ἁμυντήρια
1531 1161 1598 1213 τὰ
1629 1161 1769 1232 πρδς
1797 1159 1975 1230 παρά-

388 1255 542 1322 ταξιν
570 1258 688 1327 ἦτοι
720 1258 929 1326 ὄργανα
969 1254 1508 1317 κατεσκευάσθησανο
1534 1253 1628 1307 καὶ
1659 1253 1847 1306 λοιπὸν
1875 1252 1974 1324 τὴν

392 1351 582 1404 ἐλπίδα
610 1351 791 1403 πᾶσαν
813 1351 892 1412 εἰς
922 1348 1058 1402 Θεὸν
1089 1349 1180 1401 καὶ
1210 1349 1289 1412 είς
1312 1347 1403 1400 τὸν
1434 1345 1852 1415 ὑπερασπιστὴν
1875 1346 1976 1414 τῆς

391 1440 598 1502 πόλεως
645 1440 960 1509 Δημήτριον
991 1439 1342 1506 ἀναθέμενοι.
1379 1437 1478 1507 τῆς
1515 1436 1724 1489 ἑαυτῶν
1763 1436 1974 1504 προθυ-

393 1530 519 1596 μίας
574 1529 636 1582 τδ
687 1529 974 1580 σπουδαῖον
1023 1528 1410 1580 ἐπεδείκνυντο
1456 1525 1978 1598 παραθαρρύνοντες

391 1621 517 1683 τοὺς
545 1619 984 1690 ἀσθενεστέρους
1009 1619 1102 1673 τδν
1126 1619 1392 1690 λογισμὸν
1424 1619 1516 1672 ἐπὶ
1549 1620 1615 1690 τῇ
1646 1618 1978 1692 ἐλπιζομένῃ

392 1709 489 1764 τοῦ
528 1711 772 1780 πολέμου
811 1710 1143 1781 παρατάξει.

467 1799 603 1872 ρξβῆ
637 1803 746 1855 Καὶ
780 1802 949 1870 τριῶν
1007 1801 1152 1856 οὕτω
1181 1803 1598 1877 διαδραμουσῶν
1625 1806 1852 1878 ἡμερῶν
1883 1807 1975 1860 καὶ

394 1897 502 1948 τῶν
527 1894 848 1948 Σκλαϐικῶν
871 1896 1038 1964 νηῶν,
1064 1895 1140 1958 ὡς
1167 1897 1276 1950 ἀπὸ
1306 1897 1500 1968 μιλίων
1529 1897 1624 1951 δύο
1646 1898 1739 1952 τοῦ
1766 1899 1977 1969 τείχους

398 1985 852 2056 παραπλεουσῶν,
901 1989 996 2040 καὶ
1034 1987 1234 2050 τόπους
1275 1988 1585 2054 εὐαλώτους
1627 1989 1711 2058 ἐφ’
1743 1991 1980 2060 ἑκάστης

398 2079 610 2148 ἡμέρας
641 2078 1161 2145 κατασκοπούντων,
1194 2082 1259 2152 τῇ
1297 2080 1536 2154 τετάρτῃ
1570 2083 1882 2154 ἡμέρᾳσὺν
1913 2087 1980 2156 τῇ

397 2169 492 2222 τοῦ
543 2171 825 2242 ἑωσφόρον
871 2171 1139 2226 ἀναϐάσει
1187 2171 1342 2226 ἅπαν
1381 2173 1442 2226 τὸ
1485 2174 1765 2247 βάρϐαρον
1818 2175 1982 2246 φῦλον

398 2261 748 2332 ὁμοθυμαδὸν
797 2261 1115 2334 ἀνακράξαν
1161 2265 1502 2319 ἐκπάντοθεν
1555 2267 1634 2338 τῷ
1671 2268 1846 2337 τείχει
1885 2269 1984 2340 τῆς

398 2353 608 2418 πόλεως
660 2355 1026 2424 προσέϐαλον,
1081 2357 1136 2409 οἱ
1187 2357 1286 2427 μὲν
1335 2357 1424 2413 διὰ
1471 2359 1817 2429 πετροϐόλων
1857 2375 1986 2416 κατ-

401 2448 820 2516 εσκευααμένων
847 2446 1031 2510 λίθους
1061 2449 1460 2514 ἀκοντίζοντες,
1493 2450 1644 2506 ἄλλοι
1676 2454 1984 2523 προσάγον-

400 2553 490 2599 τες
524 2537 800 2607 κλίμακας
838 2537 972 2609 πρὸς
1004 2538 1084 2608 τῷ
1123 2540 1297 2611 τείχει
1337 2543 1630 2614 ἐκπορθεῖν
1663 2546 1983 2618 ἐπειρῶντο,

401 2632 552 2686 ἄλλοι
601 2631 659 2684 ἐν
707 2633 828 2696 ταῖς
881 2632 1083 2698 πύλαις
1131 2635 1242 2704 πῦρ
1299 2637 1757 2709 ἁποκομίζοντες,
1810 2641 1988 2714 ἕτεροι

405 2723 534 2794 βέλη
557 2724 808 2794 καθάπερ
833 2725 1068 2794 νιφάδας
1097 2729 1426 2801 χειμερινάς
1453 2735 1572 2794 τοῖς
1598 2733 1838 2803 τείχεσιν
1858 2735 1990 2789 άπέ-

401 2832 624 2885 πέμπον
644 2832 658 2846 ⁶
711 2817 804 2870 καὶ
857 2811 926 2888 ἦν
959 2817 1187 2890 θεωρεῖν
1217 2821 1278 2874 τὸ
1333 2824 1643 2892 παράδοξον
1672 2826 1990 2884 ἐκεῖνο.τῶν

401 2906 586 2961 ὃπλων
617 2908 798 2976 νέφος,
832 2909 1088 2981 καθάπερ
1112 2912 1483 2981 χαλαζοτόκος
1509 2916 1720 2981 πληθὺς
1751 2918 1852 2981 τὰς
1893 2919 1988 2974 τοῦ

403 2999 558 3069 ἡλίου
593 3002 820 3064 ἀκτῖνας
855 3004 1168 3069 συσκιάζει,
1201 3005 1344 3060 οὕτω
1373 3007 1467 3060 τὸν
1503 3010 1642 3078 ἀέρα
1667 3012 1779 3074 τοῖς
1805 3011 1992 3076 τοξεύ·

407 3111 543 3163 μασι
568 3096 664 3148 καὶ
697 3097 820 3159 ταῖς
847 3095 1028 3164 βολαῖς
1072 3099 1180 3151 τῶν
1214 3099 1380 3154 λίθων
1406 3102 1684 3172 καλύψειν.

480 3188 614 3255 ρετ.
651 3186 766 3256 Τῆς
812 3183 908 3241 οὖν
956 3189 1216 3257 τοιαύτης
1243 3192 1338 3246 καὶ
1391 3193 1723 3266 τηλικαύτης
1752 3198 1990 3269 προσϐοο

404 3274 504 3345 λῆς
538 3278 860 3348 γενομένης,
885 3279 936 3332 oi
969 3279 1049 3350 τῷ
1078 3281 1314 3352 πλωΐμῳ
1347 3285 1454 3337 τῶν
1477 3285 1777 3358 βαρϐάρων
1803 3288 1992 3344 εὔτολ-

414 3369 633 3436 μοικαὶ
689 3369 828 3439 πρὸς
890 3372 1203 3442 παράταξιν
1259 3375 1629 3447 ἀνδρειότεροι
1678 3379 1864 3450 δρόμῳ
1892 3381 1992 3436 σὺν

404 3461 527 3522 ταῖς
589 3461 750 3512 ναυσὶ
797 3461 940 3530 πρὸς
988 3463 1118 3526 τοὺς
1170 3464 1302 3535 παρ’
1341 3467 1526 3520 αὐτῶν
1590 3471 1993 3539 συνοραθέντας

405 3551 787 3621 προσήγγισαν
813 3552 1037 3618 τόπους,
1067 3556 1115 3608 el
1148 3555 1250 3626 μὲν
1279 3558 1360 3621 είς
1384 3558 1476 3611 τὸν
1512 3562 1648 3630 πρὸς
1695 3561 1849 3615 δύσιν
1888 3564 1992 3634 τῆς

405 3639 870 3713 ἐκκλησιαστικῆς
902 3645 1112 3708 σκάλας
1144 3645 1377 3718 πύργον,
1406 3649 1538 3704 ἔνθα
1586 3653 1680 3708 καὶ
1727 3655 1992 3725 παραπύσ

406 3730 520 3784 λιον
549 3731 810 3802 ὑπάρχει,
841 3735 890 3787 οἱ
929 3734 987 3788 δὲ
1011 3737 1150 3807 πρὸς
1176 3739 1238 3791 τὸ
1286 3740 1598 3811 ἀτείχιστον
1643 3747 1830 3815 μέρος,
1861 3747 1993 3801 ἔνθα

406 3823 442 3890 ἡ
473 3822 638 3876 σούδα
670 3825 764 3878 καὶ
798 3827 831 3896 ὴ
863 3826 973 3880 τῶν
1005 3830 1266 3898 κρυπτῶν
1302 3831 1411 3885 τῶν
1442 3833 1636 3887 τείλων
1675 3837 1992 3907 λεγομένων

409 3915 633 3984 ήλωτῶν
663 3917 962 3989 ἐτύγχανεν
996 3923 1237 3994 μηχανὴ,
1301 3927 1350 3979 οἱ
1393 3926 1490 3996 μέν
1540 3929 1733 3982 ἐλπίδα
1762 3931 1996 4000 προσδο-

408 4005 538 4070 κίας
562 4007 895 4073 τεθεικότες,
929 4012 1005 4075 ὠς
1034 4013 1334 4078 ἀγνώστων
1365 4016 1550 4080 αὐτοῖς
1583 4017 1694 4070 τῶν
1733 4020 1993 4074 τοιούτων

408 4099 680 4170 ὀργάνων,
720 4102 932 4156 ἐκεῖθεν
979 4106 1354 4176 εἰσέρχεσθαι,
1389 4109 1440 4161 οἱ
1484 4109 1541 4163 δὲ
1572 4109 1647 4172 ὡς
1677 4111 1996 4166 εὐτελέστε-

413 4209 506 4262 ρον
538 4194 600 4247 τδ
624 4194 818 4265 λεχθὲν
851 4196 1100 4268 ὑπάρχον
1153 4199 1505 4266 παραπύλιον
1545 4201 1705 4254 τοῦτο
1730 4203 1994 4268 κατεάξαι

411 4288 506 4339 καὶ
541 4287 608 4340 δι’
659 4288 828 4342 αὑτοῦ
858 4289 959 4360 τὴν
986 4293 1088 4361 τῆς
1135 4291 1346 4353 πόλεως
1380 4291 1584 4347 ἅλωσιν
1632 4293 1994 4363 ποιήσασθαι.

409 4378 544 4432 Τότε
579 4378 642 4450 δὴ
663 4380 784 4433 τότε
823 4381 1071 4452 ἆπασαή
1104 4380 1261 4445 πόλις
1288 4383 1408 4436 ἀντὶ
1442 4383 1661 4454 πετρῶν
1694 4385 1790 4437 καὶ
1818 4385 1994 4455 βελῶν

408 4471 476 4524 τὰ
507 4472 722 4542 δάκρυα
753 4473 829 4538 ὡς
857 4473 1232 4544 ὀμϐροτόκους
1265 4475 1498 4544 νεφέλας
1538 4477 1676 4548 πρὸς
1722 4477 1816 4531 τὸν
1857 4479 1994 4533 πάν-

408 4579 516 4616 των
546 4566 828 4634 Δεσπότην
863 4565 960 4620 καὶ
990 4564 1124 4618 Θεδν
1158 4565 1395 4636 ἐξέχεον,
1431 4568 1684 4636 λέγοντες
1713 4586 1727 4600 ·
1785 4571 1896 4624 Καὶ
1922 4569 1992 4625 τὰ

407 4652 502 4708 νῦν
534 4655 722 4723 ἐξελοῦ
753 4658 926 4729 ἡμᾶς,
977 4659 1006 4712 ὁ
1032 4655 1186 4724 Θεὸς,
1219 4658 1284 4712 ἐκ
1321 4657 1423 4730 τῆς
1473 4660 1705 4730 παγίδος
1736 4661 1846 4717 τῶν
1896 4661 1994 4732 θη·-

480 4858 594 4944 (ἳᾷ)
628 4859 1113 4945 Significationem,
1140 4868 1274 4935 quae
1291 4867 1572 4945 vocabulis
1611 4867 1906 4945 πούλπιτον
1935 4879 1992 4924 et

409 4933 677 5007 γωνάτιον
726 4933 829 5007 hoc
880 4934 934 5007 in
985 4933 1506 5000 sensu—conveniat,
1543 4940 1796 5007 nuSpiant
1834 4940 1988 4994 hisce

409 5001 719 5069 adaptatam
756 5002 973 5069 inveni;
1005 5021 1068 5058 ex
1102 5007 1367 5060 orationis
1401 5015 1582 5060 tamen
1615 5001 1873 5062 contextu
1911 5009 1991 5062 vi-

411 5085 532 5124 sum
562 5079 643 5124 est
679 5083 1014 5147 postremum
1052 5077 1376 5147 vocabulum
1413 5076 1606 5132 Latine
1637 5078 1988 5147 interpretari

413 5156 636 5221 mures;
668 5141 826 5221 cujus
855 5145 1005 5221 vocis
1033 5144 1578 5221 signiﬁcatione‘mut
1617 5141 1866 5221 apprime
1898 5164 1993 5221 ex-

411 5210 682 5287 planatam
710 5210 978 5287 invenias,
1003 5210 1374 5287 _adil.ipsittm
1417 5210 1861 5272 Poliorce'u'ticwn
1897 5219 1995 5271 lib.

410 5297 466 5362 γ,
503 5281 702 5363 dialog.
733 5281 796 5362 5..
832 5281 1378 5363 inveniesquc'etiatn
1421 5304 1487 5343 ex
1532 5289 1598 5363 iis
1635 5304 1756 5356 quae
1787 5288 1990 5363 ibidem

411 5354 460 5404 is
500 5354 747 5429 scriptor:
774 5354 837 5429 in
894 5354 1133 5429 medium
1184 5358 1444 5429 adducit,
1481 5354 1800 5429 primu’tnre
1834 5358 1994 5412 dictis

409 5420 874 5502 vocabulisindem
917 5421 1189 5494 fortassis,
1222 5429 1367 5498 quod
1412 5420 1604 5484 Latine
1657 5427 1854 5483 vallum
1887 5442 1988 5481 ca:-

408 5507 548 5546 cunt.
583 5491 912 5559 signiﬁcare.

503 5561 595 5628 23)
634 5563 712 5641 lta
764 5563 991 5641 indubia
1038 5565 1191 5641 locus
1224 5570 1494 5639 quispiam
1524 5611 1539 5634 ,
1572 5570 1663 5641 qui
1713 5571 1797 5624 vel
1851 5569 1991 5624 intra

411 5631 501 5754 ἷξὲ
538 5639 712 5755 .fxtra
765 5631 1409 5696 Thessalonicam'situs
1467 5631 1624 5707 cr'at',
1688 5641 1991 5713 appellatus

507 5717 550 5755 τι
585 5741 598 5754 .

438 5715 598 5755 υετιι.

486 5770 598 5843 (ﬁt)
655 5772 1176 5840 Tbessaloniccnses
1239 5796 1302 5839 eo
1373 5781 1513 5850 loco,
1567 5800 1674 5854 quia
1725 5784 1988 5841 destituta

2075 518 2308 575 latenter
2343 520 2396 574 in
2428 531 2573 576 terra
2601 519 2920 586 reconditis,
2948 520 3139 592 exigua
3162 519 3394 589 quadam
3429 535 3460 573 e
3485 525 3659 573 mate-

2075 613 2154 664 ria
2199 610 2380 676 factis,
2417 612 2695 678 machina,
2731 621 2794 667 ut
2820 614 2873 667 in
2904 627 3003 668 eos
3045 611 3276 676 inimici,
3315 626 3442 665 cum
3469 624 3656 680 agres-

2073 703 2248 757 sionis
2284 702 2549 772 impetum
2601 704 2799 759 facturi
2831 712 3038 768 essent,
3083 703 3415 758 ferramenta
3468 701 3656 770 hujus-

2075 793 2220 848 modi
2253 795 2398 849 haud
2432 796 2702 858 videntes.
2746 795 3140 868 impingerent,
3178 803 3483 865 praeparata
3532 793 3656 856 fuit,

2074 893 2237 952 atque
2271 885 2324 938 in
2379 901 2447 941 eo
2494 889 2588 957 qui
2638 886 2841 942 ibidem
2887 897 2994 953 est,
3024 895 3188 956 portu
3231 895 3288 942 et
3336 888 3456 956 ipso
3487 886 3661 940 muris

2079 983 2209 1028 tunc
2243 975 2386 1030 haud
2414 979 2645 1043 munito,
2682 991 2713 1032 e
2747 979 2945 1034 tabulis
2991 979 3264 1051 li'guisque
3307 978 3658 1049 quibusdam,

2079 1067 2151 1121 ita
2185 1077 2244 1123 ut
2274 1075 2330 1122 et
2363 1078 2558 1139 pectus
2594 1080 2930 1135 tutarentur,
2965 1071 3329 1127 instrumenta
3367 1071 3661 1142 propulsr

2080 1160 2216 1216 toria
2247 1161 2459 1232 reliqua
2495 1178 2593 1218 seu
2638 1166 2704 1220 ad
2755 1167 3071 1220 conﬂictum
3105 1165 3472 1220 instrumenta
3505 1165 3660 1220 fuere

2078 1249 2345 1330 confecta,
2379 1267 2443 1306 ac
2470 1254 2709 1317 tandem,
2745 1271 2843 1326 spe
2866 1256 3017 1310 omni
3038 1256 3091 1310 in
3119 1256 3290 1310 Deum
3313 1256 3662 1324 civitatisque

2080 1344 2429 1400 defensorem
2465 1347 2797 1403 Demetrium
2824 1351 3087 1420 reposita,
3115 1350 3301 1404 animo
3337 1347 3664 1404 imbecillio-

2081 1437 2232 1491 ribus
2261 1447 2480 1507 sperato
2511 1439 2637 1493 belli
2686 1455 2944 1496 successu
2973 1441 3226 1496 fiduciam
3261 1441 3530 1496 addentes
3557 1439 3666 1493 ala-

2082 1530 2293 1586 critatis
2322 1545 2432 1585 sua:
2457 1531 2702 1587 studium
2728 1532 3080 1588 manifestum
3105 1533 3308 1589 fecere.

2156 1801 2282 1856 162.
2320 1800 2398 1855 Ac
2445 1813 2569 1855 cum
2609 1799 2730 1856 dies
2775 1807 2886 1856 tres
2941 1799 3014 1855 ita
3063 1809 3251 1856 essent
3283 1798 3473 1869 elapsi,
3515 1798 3667 1854 Sch-

2081 1894 2325 1964 vicaeque
2361 1910 2528 1950 naves
2559 1895 2794 1949 duorum
2829 1894 3053 1950 circiter
3079 1893 3399 1949 milliarium
3428 1895 3608 1964 spatio
3638 1909 3668 1946 ι

2084 1988 2358 2044 ωωηίὶιιιε
2389 1987 2731 2060 navigarent,
2785 1988 3097 2059 diebusque
3139 1987 3369 2060 singulis
3411 1987 3526 2042 loca
3577 1999 3670 2040 ex-

2083 2087 2330 2149 pugnata
2359 2077 2628 2144 faciliora,
2666 2078 2812 2134 unde
2844 2094 3060 2144 eorum,
3095 2095 3216 2149 qua!
3235 2079 3551 2149 sperabant,
3577 2077 3672 2134 de-

2087 2170 2479 2239 przedationem
2537 2170 2806 2236 facerent,
2850 2171 3290 2241 specularentur,
3332 2170 3420 2226 die
3454 2179 3670 2241 quarta,

2088 2263 2275 2318 statim
2307 2270 2472 2332 atque
2498 2275 2697 2316 aurora
2729 2261 2932 2328 illuxit,
2965 2263 3220 2316 universa
3264 2261 3429 2316 simul
3464 2262 3673 2315 Barba-

2088 2368 2273 2409 rorum
2302 2368 2461 2425 gens,
2510 2353 2752 2409 clamore
2788 2353 3028 2423 undique
3060 2353 3297 2417 sublato,
3342 2353 3396 2406 in
3437 2352 3674 2407 civitatis

2089 2462 2306 2501 murum
2340 2445 2562 2516 irrupit,
2594 2447 2648 2500 bi
2669 2447 2892 2511 quidem
2925 2463 2956 2502 e
2983 2447 3190 2517 paratis
3221 2445 3677 2515 petrobolislapi-

2087 2539 2185 2594 des
2207 2538 2568 2608 ejaeulantes,
2605 2539 2683 2593 illi
2722 2539 2902 2594 scalas
2936 2539 3296 2603 adducentes,
3343 2553 3561 2592 murum
3587 2552 3678 2592 su-

2090 2644 2284 2699 perare
2325 2629 2690 2696 conabantur,
2721 2630 2814 2684 alii
2857 2630 3036 2700 portis
3073 2630 3254 2701 ignem
3287 2629 3673 2690 admovebant,

2091 2721 2183 2777 alii
2237 2721 2362 2788 tela,
2399 2737 2512 2777 non
2550 2738 2713 2778 secus
2759 2734 2822 2778 ac
2865 2721 3132 2778 hiemales
3171 2722 3352 2786 nives,
3383 2720 3675 2776 confertim

2092 2816 2342 2872 cadentia
2374 2817 2428 2871 in
2460 2817 2685 2879 mutuis,
2716 2816 3070 2880 emittebant,
3097 2825 3329 2886 eratque
3360 2813 3547 2868 videre
3573 2813 3678 2867 mi-

2093 2910 2324 2967 randum
2377 2910 2530 2966 illum
2587 2909 2819 2965 telorum
2883 2908 3168 2970 nimbum,
3215 2906 3675 2978 quemadmodum

2096 3000 2384 3070 grandinis
2409 2999 2702 3055 multitudo
2735 2999 2866 3055 solis
2890 2999 3072 3054 radios
3095 2999 3348 3062 oﬂ‘uscat,
3387 2999 3460 3054 ita
3494 3012 3677 3054 aerem

2015 3110 2060 3168 ο
2095 3088 2313 3161 sagittis
2336 3087 2688 3158 lapidumque
2728 3087 3100 3158 ejectionibus
3138 3087 3422 3158 obtegere.

2167 3180 2292 3235 165.
2332 3177 2469 3234 Cum
2533 3178 2717 3250 itaque
2775 3180 2898 3234 talis
2943 3195 3006 3234 ac
3052 3188 3237 3233 tantus
3296 3179 3536 3249 impetus
3593 3178 3678 3233 fa-

2095 3280 2217 3328 ctus
2242 3281 2408 3337 esset,
2444 3271 2522 3326 illi
2550 3271 2642 3341 qui
2679 3286 2709 3326 e
2739 3269 2997 3326 Barbaris
3031 3270 3388 3342 navigatione
3419 3269 3680 3326 audacio-

2095 3382 2184 3421 res
2219 3373 2382 3434 atque
2427 3363 2495 3418 ad
2537 3365 2892 3433 pugnandum
2924 3362 3183 3417 fortiores
3224 3371 3401 3427 erant,
3448 3361 3682 3416 navibus

2096 3460 2165 3515 ad
2193 3460 2312 3514 loca
2347 3472 2471 3528 quae
2499 3457 2569 3512 ab
2603 3457 2742 3526 ipsis
2777 3465 3076 3527 conspecta
3105 3466 3283 3519 erant,
3335 3455 3538 3512 cursim
3586 3470 3680 3510 aco

2095 3567 2398 3614 cesserunt,
2427 3549 2517 3604 alii
2547 3549 2772 3619 quidem
2803 3548 2871 3604 ad
2900 3549 3292 3604 ecclesiastica
3341 3547 3500 3604 scalae
3541 3547 3677 3617 (‘23).

2095 3644 2185 3698 ubi
2214 3653 2266 3698 et
2297 3641 2524 3714 portella
2572 3641 2807 3705 exsistit,
2860 3643 3082 3706 turrim,
3113 3641 3457 3696 occidentem
3487 3654 3682 3695 versus

2095 3738 2277 3801 sitam;
2296 3735 2384 3790 alii
2406 3751 2537 3790 vero
2562 3733 2653 3788 ubi
2675 3742 2728 3788 et
2743 3733 2877 3788 suda
2891 3733 3029 3804 (Ξὸ),
3051 3741 3104 3788 et
3121 3749 3244 3802 quae
3264 3732 3479 3789 occulta
3498 3742 3679 3796 erant,

2096 3829 2348 3884 teilorum
2375 3827 2510 3897 (25).
2535 3835 2595 3880 ut
2622 3837 2905 3890 vocantur,
2933 3828 3268 3882 clavatorum
3293 3827 3546 3883 machina
3583 3842 3682 3882 ex-

2095 3919 2342 3983 sistebat,
2375 3917 2448 3972 ad
2487 3917 2697 3990 plagam
2740 3917 2914 3972 muris
2948 3917 3291 3980 destitutam,
3331 3917 3386 3971 hi
3431 3919 3680 3986 quidem,

2096 4019 2284 4080 utpote
2319 4009 2702 4064 instrumentis
2734 4009 3052 4078 huiusmodi
3087 4025 3187 4064 eos
3220 4010 3540 4076 latentibus,
3582 4026 3684 4065 ειη

2095 4101 2456 4174 spectationis
2505 4115 2604 4170 spe
2657 4110 2948 4170 concepta,
2989 4100 3106 4155 fore
3161 4111 3221 4156 ut
3268 4100 3395 4156 illac
3429 4101 3688 4173 ingrede-

2094 4204 2319 4260 rentur;
2354 4193 2429 4248 illi
2464 4208 2617 4257 vero,
2664 4192 2814 4266 quod
2855 4193 3173 4262 praedictam
3213 4193 3363 4247 illam
3392 4195 3683 4262 portellam

2095 4297 2458 4360 perrumpere
2492 4285 2655 4340 facile
2685 4295 2856 4350 esset,
2897 4285 3015 4340 fore
3052 4293 3112 4340 ut
3140 4301 3239 4356 per
3267 4285 3414 4340 illam
3445 4285 3687 4342 civitatis

2097 4377 2561 4449 expugnationem
2593 4375 2945 4446 perlicerent.
2978 4374 3118 4430 Tum
3171 4376 3319 4431 illico
3345 4376 3542 4430 civitas
3574 4384 3684 4429 tota

2027 4451 2070 4507 ι)
2101 4471 2346 4541 lapidum
2376 4485 2440 4525 ac
2471 4469 2706 4524 telorum
2739 4468 2858 4524 loco
2887 4468 3154 4538 lacnymas
3182 4468 3332 4524 velut
3364 4466 3685 4523 imbriferas

2103 4563 2334 4620 nebulas
2363 4563 2432 4618 ad
2468 4575 2651 4616 rerum
2681 4560 2928 4615 omnium
2965 4560 3260 4616 Dominum
3296 4576 3361 4616 ac
3401 4558 3574 4615 Deum
3603 4561 3688 4614 cf-

2104 4660 2246 4716 fudit
2274 4659 2465 4716 dicens
2493 4673 2508 4714 :
2536 4656 2601 4712 Et
2632 4671 2801 4726 nunc,
2832 4671 2866 4711 ο
2896 4655 3062 4725 Deus,
3086 4658 3466 4713 e-vcnantium
3491 4657 3686 4727 laqueo

2099 4885 2266 4925 muro
2294 4868 2688 4925 Thessalonica
2739 4872 2893 4930 erat,
2949 4873 3140 4919 contra
3192 4863 3528 4919 Sclavorum
3568 4863 3678 4920 vim

2101 4941 2434 4995 exstrttxisse
2460 4940 2682 4999 vallum,
2712 4952 2864 4990 num.
2893 4934 2988 4988 l7l
3021 4943 3214 4990 auctor
3243 4935 3449 4997 retulit;
3481 4935 3681 4990 vallum

2099 5019 2282 5064 autem
2317 5011 2492 5064 tribus
2527 5008 2834 5068 constabat,
2885 5003 3028 5059 fossa
3076 5020 3295 5075 nempe.
3345 5021 3563 5075 aggere,
3617 5015 3677 5060 et.

2100 5080 2292 5134 sudeto
2327 5095 2422 5134 seu
2447 5079 2589 5134 facto
2622 5094 2653 5132 e
2687 5077 2918 5132 sudibus
2949 5075 3126 5128 acutis
3158 5075 3484 5144 sepitnento;
3509 5090 3679 5145 quare

2099 5165 2224 5205 cum
2262 5151 2349 5206 hic.
2378 5159 2571 5204 auctor
2626 5150 2880 5217 loquatur
2926 5147 3010 5200 de-
3039 5147 3228 5210 souda,
3262 5159 3330 5217 eo
3380 5145 3524 5206 loco.
3571 5160 3681 5214 quo

2101 5221 2273 5275 muris
2302 5221 2562 5275 destituta
2594 5214 2712 5273 erat
2747 5216 3134 5270 Thessalonica
3156 5255 3170 5277 ,
3214 5214 3535 5279 cxsistentc,
3577 5229 3676 5268 vo-

2103 5291 2357 5344 cabulum
2389 5289 2522 5344 illud
2557 5290 2702 5344 idem
2735 5286 3043 5357 significare
3068 5295 3314 5357 autumo.
3345 5287 3487 5354 quod
3519 5287 3678 5357 sudeg

2103 5369 2245 5424 tum;
2277 5362 2403 5415 licet
2435 5370 2614 5414 autem
2645 5375 2746 5413 nec
2776 5355 2878 5411 hoc
2908 5357 2960 5410 in
2989 5356 3204 5411 Lex'cis
3228 5365 3502 5418 occurrat,
3531 5355 3685 5424 apud

2103 5431 2398 5498 scriptores
2435 5439 2616 5483 tamen
2651 5429 2701 5483 id
2731 5429 2785 5482 in
2829 5443 2928 5482 ttsu
2961 5442 3105 5498 esse,
3141 5427 3311 5496 liquet
3339 5441 3405 5480 ex
3439 5427 3526 5488 iis,
3557 5442 3680 5495 qum

2101 5496 2352 5553 laudatus
2379 5499 2595 5568 Lipsius
2623 5500 2743 5552 loco
2770 5498 2863 5552 cit.
2897 5496 3125 5568 profert.

2173 5570 2284 5638 (:25)
2323 5565 2469 5624 Ideni
2505 5569 2616 5623 fere
2649 5569 2737 5622 hic
2771 5583 2869 5637 per
2899 5565 3090 5622 vocem
3121 5565 3488 5638 τείλονμψιοιι
3515 5581 3687 5638 supra

2103 5636 2198 5709 per
2231 5636 2417 5694 vacem
2462 5640 2752 5709 γωνᾴτιον,
2773 5636 3105 5709 significari
3139 5637 3414 5691 existimo.
3452 5636 3557 5709 Adi
3584 5636 3680 5692 in-

2100 5707 2256 5835 litiI‘lln
2299 5708 3026 5835 [aipslimnql’oliorccuticwn
3063 5707 3181 5764 loco
3230 5709 3476 5778 proxime
3506 5707 3598 5765 cit.
3621 5715 3683 5766 et

2119 5800 2192 5835 Ι).
2227 5795 2287 5835 ll.
2360 5796 2516 5835 1302-
2559 5817 2606 5835 tuo

2095 5783 2192 5840 lib.
2227 5795 2287 5848 tt,
2321 5782 2516 5854 diztlog.
2554 5782 2606 5835 9..
