4090 6384
369 334 506 409 1333

1430 350 1487 410 S.
1526 348 1910 416 DEMETRlI
1938 354 2334 418 MARTYRIS
2367 357 2581 422 ACTA.

3522 314 3663 422 last

359 460 721 527 διασωθέντες
746 463 1035 534 πλωιῆρες
1075 464 1170 517 τὸν
1198 462 1388 551 θεόθεν
1431 467 1618 532 αὐτοῖς
1653 470 1951 541 γενόμενον

2077 472 2163 527 .ibi
2188 489 2284 544 per
2301 473 2661 529 certaminum
2692 468 2964 551 Victorem
2997 474 3206 543 cladem
3234 474 3403 532 fuisse
3431 475 3659 544 illatam,

365 553 591 624 δλεθρον
621 554 710 609 διὰ
734 554 829 609 τοῦ
855 556 1160 627 ἀθλοφόρου
1199 546 1587 628 ἀφηγήσαντο,
1634 567 1731 617 καὶ
1771 562 1959 636 ἄπρα-

370 664 491 701 κτοι
519 648 658 717 μετά
683 648 918 712 πένθους
950 651 1216 720 μεγίστου
1254 652 1323 706 τὰ
1357 653 1588 708 πλεῖστα
1615 655 1725 710 τῶν
1747 660 1965 728 μαγγά-

372 759 482 795 νων
517 744 753 798 καὶτῶν
794 745 1013 800 σκύλων
1066 744 1466 815 καταλιπόντες
1520 750 1641 821 μετ’
1695 751 1964 824 αἰσχύνης

371 831 601 904 ᾤχοντο.

447 925 592 996 piis“.
627 928 691 980 Ol
723 928 779 982 δὲ
809 929 908 999 τῆς
942 928 1210 984 θεοσώτου
1242 931 1449 1003 ταύτης
1499 933 1603 1003 τῆς
1662 934 1785 989 καθ’
1818 936 1967 1006 ἡμᾶς

374 1018 483 1072 τῶν
514 1020 947 1076 Θεσσαλονικίων
981 1023 1188 1088 πόλεως
1216 1024 1405 1096 δρόμῳ
1429 1029 1488 1081 τὸ
1512 1028 1780 1099 πανάγιον
1804 1033 1967 1100 τέμε·

377 1124 468 1171 νος
497 1108 590 1161 τοῦ
620 1110 799 1163 αὐτῶν
842 1111 1150 1182 προστάτου
1184 1113 1280 1167 καὶ
1309 1114 1634 1187 ὑπερμάχου
1664 1118 1758 1170 καὶ
1793 1117 1890 1170 ὐπε
1905 1134 1967 1188 ρ-

379 1201 596 1267 ενδόξου
658 1203 1065 1268 καταλαϐόντες
1105 1204 1387 1279 μάρτυρος
1406 1208 1724 1279 Δημητρίου
1747 1209 1823 1281 τῷ
1847 1208 1969 1283 Θεῷ

380 1294 839 1368 εὐχαριστηρίους
875 1296 1080 1368 ὑμνοὺς
1114 1298 1435 1369 ἀνέπεμπον
1463 1299 1715 1369 λέγοντες
1736 1319 1751 1336 ο
1787 1302 1968 1374 Εὐχα-

383 1388 679 1458 ριστοῦμὲν
738 1406 862 1454 σοι,
931 1390 1185 1444 Δέσποτα
1245 1393 1483 1464 οὐρανοῦ
1540 1396 1636 1448 καὶ
1692 1397 1832 1467 γῆς.
1889 1398 1971 1451 ὅτι

381 1479 616 1546 ἀναξίων
646 1481 816 1535 ὄντων
844 1484 1007 1554 ἡμῶν
1030 1485 1133 1554 τῆς
1163 1487 1311 1555 παρά
1336 1485 1432 1541 σοῦ
1460 1488 1739 1560 σωτηρίας
1765 1490 1853 1545 διὰ
1873 1491 1973 1557 τὰς

381 1572 609 1635 ἐνούσας
640 1575 774 1644 ἡμῖν
803 1574 1083 1646 ἁμαρτίας
1113 1577 1213 1630 οὐκ
1249 1577 1462 1643 ἔδωκας
1490 1581 1643 1653 ἡμᾶς
1681 1583 1761 1644 είς
1796 1580 1974 1655 θήραν

381 1663 563 1717 ὀδοῦσι
592 1666 702 1718 τῶν
738 1665 952 1737 ἐχθρῶν
979 1668 1137 1740 ἡμῶν
1164 1685 1180 1701 ⁸
1222 1671 1337 1725 ἀλλ’
1366 1672 1579 1730 ἔσωσας
1617 1677 1768 1748 ἡμᾶς
1798 1694 1975 1749 προσ-

382 1756 680 1829 δεξάμενος
732 1760 832 1824 τὰς
885 1762 1136 1843 αίτήσεις
1184 1761 1278 1817 τοῦ
1355 1767 1587 1838 γνησίου
1637 1767 1971 1840 θεράποντος

384 1853 722 1923 Δημητρίου.
775 1855 884 1909 Καὶ⁵
931 1857 1090 1911 τοῦτο
1131 1856 1189 1911 δὲ
1231 1860 1521 1929 τεράστιον
1573 1864 1832 1932 μέγιστον
1875 1865 1971 1919 καὶ

388 1947 611 2018 μνήμης
643 1945 813 2012 ὅντως
847 1949 1021 2015 δείξαι
1057 1951 1230 2019 ἄξιον,
1267 1955 1352 2007 ὅτι
1381 1955 1411 2008 ό
1441 1954 1551 2008 τῶν
1581 1955 1762 2011 αὐτῶν
1795 1955 1974 2011 Σκλα-

384 2039 553 2105 σίνων
610 2039 859 2111 ἔξαρχος,
914 2042 1156 2117 τοῦνομα
1209 2045 1463 2115 Χάτζων,
1510 2047 1654 2102 κατά
1701 2049 1763 2102 τὸ
1821 2047 1972 2123 αὕτῷ

384 2135 690 2207 εἰθισμένον
736 2137 824 2190 διὰ
877 2138 1138 2207 μαντείας
1188 2143 1434 2213 ᾐτήσατο
1465 2143 1679 2213 μαθεῖν,
1714 2145 1763 2198 εί
1793 2141 1972 2197 εἰσελ-

385 2224 496 2279 θεῖν
522 2224 634 2297 ἔχοι
662 2226 719 2280 ἐν
747 2230 815 2299 τῇ
852 2228 1210 2301 θεοφυλάκτῳ
1237 2233 1396 2304 ἡμῶν
1426 2234 1601 2300 πόλει,
1635 2232 1732 2288 καὶ
1758 2233 1970 2306 ἒρῤήθη

385 2321 554 2391 αὐτῷ,
596 2321 677 2375 ὅτι
720 2323 984 2377 εἰσελθεῖν
1018 2325 1132 2392 ἔχει
1160 2342 1174 2356 ·
1210 2325 1272 2379 τι
1302 2324 1360 2379 δὲ
1392 2328 1510 2391 πῶς
1534 2328 1635 2382 οὐκ
1676 2329 1972 2401 ὑπεδείχθη

384 2412 557 2483 αὖτῷ,
587 2413 679 2467 καὶ
692 2414 878 2467 λοιπον
898 2416 972 2479 ὡς
995 2416 1103 2469 ἀπὸ
1122 2417 1220 2488 τῆς
1237 2416 1488 2489 δοθείσης
1512 2419 1661 2491 αὑτῷ
1687 2422 1970 2492 μαντείας.

378 2509 630 2579 χρηστὰς
680 2506 818 2577 ἔχων
869 2507 947 2576 τῷ
1002 2508 1180 2563 δοκεῖν
1226 2510 1327 2576 τὰς
1377 2511 1619 2581 ἐλπίδας,
1671 2513 1865 2586 θάρσει
1913 2516 1974 2571 τδ

385 2598 569 2671 δρᾶμα
605 2598 949 2669 παρώξυνεν.

460 2779 592 2852 ρξζι,
641 2780 780 2835 Ἀλλ’
820 2781 847 2834 ὀ
885 2782 1116 2837 ἀλλοιῶν
1150 2786 1377 2856 καιροῦς
1431 2786 1527 2841 καὶ
1576 2788 1840 2858 χρόνους,
1878 2791 1973 2845 καὶ

384 2873 756 2940 διασκεδάζων
785 2874 979 2945 βουλὰς
998 2876 1235 2947 ἐχθρῶν,
1273 2878 1466 2933 τοῦτον
1486 2878 1670 2944 ζῶντα
1695 2883 1976 2953 αίχμάλωυ

386 2984 477 3019 τον
511 2967 625 3028 τοῖς
659 2965 905 3028 πολίταις
935 2967 1023 3020 διὰ
1054 2966 1146 3020 τοῦ
1182 2984 1360 3039 προση
1374 2969 1673 3038 μανθέντος
1709 2989 1974 3044 napum-

383 3059 501 3115 λίου
540 3060 890 3129 παρέδωκε)⁸
936 3060 1082 3126 τινὲς
1122 3060 1179 3114 δὲ
1211 3061 1319 3115 τῶν
1350 3063 1416 3116 τὰ
1452 3064 1645 3135 πρῶτα
1694 3066 1972 3135 φερόντων

2069 576 2388 631 narrarunt,
2439 581 2607 637 reque
2660 565 2888 633 inlecta,
2943 568 3211 638 majorem
3260 569 3661 625 instrumento-

2070 673 2191 712 rum
2228 658 2643 729 spoliorumque
2690 670 2904 730 partem
2939 661 3181 717 maximo
3212 678 3337 718 cum
3389 661 3539 717 luetu
3573 678 3662 716 re-

2070 746 2382 817 linquentes
2409 764 2531 803 cum
2557 748 2830 805 dedecore
2860 750 3141 808 abierunt.
3706 751 3710 759 ’

2148 922 2271 982 166.
2313 925 2417 994 Qui
2504 944 2632 983 vero
2692 928 2854 998 hujus
2885 946 2914 984 a
2976 931 3085 987 Deo
3138 944 3370 988 servatae
3422 933 3659 989 Thcssao

2070 1014 2366 1072 lonicensis
2403 1028 2606 1073 nosttae
2641 1019 2879 1074 civitatis
2920 1032 3100 1085 erant,
3133 1024 3539 1079 sanctissimum
3564 1042 3660 1095 pa-

2074 1109 2216 1164 troni
2270 1106 2355 1165 sui
2404 1123 2467 1164 ac
2504 1112 2931 1181 propugnatoris
2980 1115 3340 1187 martyrisque
3384 1114 3660 1186 gloriosis-

2072 1202 2193 1258 simi
2226 1204 2480 1258 Demetrii
2527 1205 2790 1274 templum
2828 1204 3088 1260 festinato
3139 1206 3429 1273 adeuntes,
3472 1206 3660 1266 laudes

2076 1296 2187 1351 Deo
2234 1311 2357 1350 cum
2396 1298 2696 1368 gratiarum
2744 1299 2963 1354 actione
2993 1298 3318 1368 coniunctas
3365 1299 3658 1371 dederunt,

2074 1389 2370 1446 dicentes:
2410 1388 2557 1458 Tibi,
2595 1390 2822 1448 Domine
2856 1392 2982 1448 caeli
3014 1402 3069 1448 et
3097 1401 3279 1459 teme,
3318 1391 3520 1462 gratias
3550 1391 3664 1463 agi-

2076 1498 2224 1548 mus,
2256 1481 2407 1552 quod
2446 1498 2544 1538 nos
2593 1490 2816 1552 prepter
2846 1482 3180 1536 adhaerentia
3234 1481 3392 1537 nobis
3437 1491 3662 1552 peccata

2076 1575 2254 1630 salute
2287 1589 2317 1629 a
2351 1583 2403 1630 te
2440 1575 2743 1630 obtinenda
2770 1574 3028 1644 indignos
3052 1573 3404 1628 inimicorum
3446 1585 3665 1629 nostro-

2077 1678 2198 1724 rum
2235 1664 2495 1725 dentibus
2541 1667 2597 1722 in
2626 1666 2869 1738 praedam
2904 1668 3049 1723 haud
3091 1666 3400 1731 tradideris,
3443 1666 3538 1723 sed
3572 1682 3665 1733 ge-

2079 1760 2231 1815 nuini
2290 1760 2435 1815 servi
2492 1757 2752 1815 Demetrii
2802 1772 2996 1827 preces
3040 1758 3349 1828 suscipiens
3403 1757 3661 1813 servaris.

2076 1849 2192 1905 Hoc
2227 1865 2393 1922 porro
2424 1851 2598 1906 etiam
2624 1850 2956 1912 maximum,
2983 1851 3374 1919 memoriaque,
3408 1857 3467 1903 ut
3499 1849 3550 1903 id
3574 1864 3665 1904 ex-

2075 1943 2388 2006 hibeamus.
2439 1959 2568 1999 vere
2620 1943 2847 2014 dignum
2883 1944 2987 1998 luit
3039 1942 3391 2007 miraculum,
3435 1956 3662 2017 corum-

2077 2036 2200 2092 dem
2257 2036 2581 2092 Sclavorum
2635 2037 2941 2109 principem
2997 2038 3087 2107 qui
3134 2035 3379 2095 Chatzan
3430 2034 3663 2092 vocaba-

2079 2140 2164 2187 tur
2215 2131 2349 2202 (9.8),
2388 2146 2485 2202 pro
2520 2146 2673 2187 more
2737 2146 2857 2195 suo,
2911 2130 3125 2186 foretne
3186 2129 3241 2184 in
3279 2127 3661 2182 custoditama

2076 2225 2187 2279 Deo
2217 2226 2496 2280 civitatem
2545 2234 2790 2279 nostram
2846 2225 3217 2296 ingressurus,
3271 2219 3479 2274 oraculi
3526 2221 3664 2290 peti-

2077 2317 2224 2372 tione
2248 2315 2460 2371 discere
2486 2314 2785 2380 studuisse,
2817 2314 2978 2383 eique
3013 2312 3131 2367 t‘ore
3163 2319 3224 2365 ut
3253 2311 3658 2381 ingrederetur,

2075 2425 2403 2480 reSponsum
2462 2409 2670 2477 fuisse;
2705 2423 2817 2478 quo
2869 2416 3054 2462 autem
3102 2405 3266 2461 modo
3292 2405 3343 2460 ei
3382 2413 3660 2459 ostensum

2075 2503 2226 2559 haud
2277 2512 2417 2570 erat,
2449 2502 2669 2557 tandem
2696 2501 2889 2567 etiam,
2940 2507 3130 2570 utpote
3169 2514 3200 2554 e
3231 2497 3359 2553 dato
3394 2497 3495 2553 sibi
3528 2486 3666 2551 vati-

2075 2596 2226 2651 cinio
2273 2597 2497 2660 bonam,
2533 2603 2594 2651 ut
2620 2594 2945 2667 apparebat,
2975 2605 3128 2664 Spem
3161 2591 3389 2654 habens,
3422 2604 3535 2644 rem
3558 2603 3661 2646 au-

2075 2690 2264 2745 dacter
2304 2689 2409 2744 fuit
2434 2704 2749 2763 aggressus.
3632 2734 3645 2763 .:

2151 2779 2276 2835 167.
2320 2777 2523 2833 Verum
2566 2777 2659 2849 qui
2726 2779 3045 2835 occasiones
3107 2793 3172 2833 ac
3237 2785 3481 2846 tempora
3549 2758 3665 2826 met-

2077 2882 2175 2938 tat,
2218 2871 2674 2941 inimicorumque
2714 2873 2941 2927 consilia
2982 2870 3230 2941 dissipat,
3279 2870 3463 2922 vivum
3509 2863 3663 2918 illum

2076 2965 2287 3021 civibus
2354 2980 2451 3035 per
2504 2963 2790 3034 praefatam
2848 2963 3138 3036 portellam
3197 2962 3474 3032 captivum
3553 2966 3664 3011 tra-

2076 3059 2251 3123 didit;
2297 3058 2518 3129 quidam
2574 3066 2756 3112 autem
2815 3058 3057 3113 civitatis
3122 3064 3325 3111 nostra:
3392 3051 3665 3125 primores

382 3153 482 3223 τῆς
531 3150 656 3206 καθ’
703 3151 853 3231 ἡμᾶς
903 3151 1114 3215 πόλεως
1160 3152 1303 3205 οἴκοι
1350 3153 1541 3208 τοῦτον
1587 3155 1971 3228 κατέκρυπτον

2079 3152 2223 3207 domi
2261 3166 2374 3206 sure
2414 3150 2570 3205 illum
2604 3151 2740 3205 lucri
2788 3149 3027 3221 alicujus
3082 3146 3522 3216 studiorumque,
3574 3158 3663 3198 ra-

385 3244 608 3314 κέρδους
640 3245 785 3308 τινὸς
820 3247 911 3297 καὶ
943 3245 1161 3315 τρόπων
1200 3245 1300 3298 οὐκ
1328 3245 1569 3316 εὐλόγων
1606 3249 1770 3319 χάριν
1794 3265 1809 3281 ·
1851 3249 1969 3305 ἀλλ’

385 3336 505 3390 οὐδὲ
536 3338 594 3390 ὲν
619 3338 794 3408 τούτῳ
813 3337 1057 3408 ῆργησεν
1079 3338 1110 3405 ἠ
1136 3337 1516 3408 χριστόδουλος
1542 3339 1639 3394 τοῦ
1663 3341 1967 3412 ἀθλοφόρου

384 3428 703 3499 προμήθεια
727 3444 742 3459 ⁸
778 3427 918 3483 ἁ).λά
951 3427 1149 3497 γύναια
1193 3429 1332 3496 πρὸς
1361 3428 1617 3501 ἀνδρείαν
1656 3434 1969 3506 ἀναστήσας

386 3523 595 3593 τόλμαν
646 3521 836 3575 τοῦτον
872 3522 937 3574 ἐκ
981 3520 1079 3574 τοῦ
1123 3521 1297 3587 οἴκου,
1345 3522 1477 3576 ἔνθα
1521 3526 1969 3598 κατεκρύπτετο,

387 3619 682 3688 ιξήγαγον,
732 3614 828 3670 καὶ
882 3611 1115 3687 σύρασαι
1176 3614 1267 3670 διὰ
1312 3616 1414 3689 τῆς
1463 3619 1673 3684 πόλεως
1729 3620 1974 3677 ἐλιθοϐό-

384 3708 559 3774 λησαν
582 3725 596 3738 ’
641 3708 736 3762 καὶ
774 3706 946 3767 οὕτως
981 3705 1148 3770 ἀξίως
1182 3709 1280 3780 τῆς
1315 3708 1485 3763 αὐτοῦ
1530 3710 1974 3784 δυσμενεστάτης

388 3799 617 3870 γνώμης
667 3799 890 3866 ἐπάξιον
931 3798 1288 3869 ἀπηνέγκατο
1339 3799 1591 3857 θάνατον.
1636 3805 1840 3873 Μηδεὶς
1881 3804 1976 3860 οὖν

389 3894 499 3947 τῶν
527 3891 948 3963 φιλομαρτύρων
979 3891 1132 3961 ὑμῶν
1160 3893 1449 3947 ἀπιστοῖτο
1480 3898 1591 3958 τοῖς
1615 3896 1890 3966 ἀγροίκως
1916 3901 1976 3953 ὲν

391 3985 622 4059 βραχέσι
670 3985 802 4057 περὶ
838 3982 1045 4037 τούτων
1083 3984 1452 4056 ἱστορηθεῐσιν
1478 4004 1493 4019 ·
1542 3990 1591 4042 εί
1618 3988 1727 4060 γὰρ
1774 3989 1865 4044 καί
1892 4008 1977 4057 τις

388 4078 464 4142 ὡς
501 4077 675 4150 ψευδῆ
696 4094 763 4148 με
801 4076 976 4130 ταῦτα
1017 4079 1334 4149 συγγράψαι
1357 4079 1973 4152 ).ογίσεται,σκοπείτω,

389 4170 546 4235 ὡς’ὲν
570 4170 757 4241 γραφῇ
784 4168 1117 4240 τυγχάνουσι
1147 4170 1254 4242 προ
1280 4171 1377 4225 τοῦ
1408 4173 1679 4243 παναγίου
1716 4178 1978 4247 τεμένους

390 4262 486 4318 τοῦ
527 4262 866 4334 ἀειμνήστου
910 4260 1190 4333 μάρτυρος
1230 4264 1549 4336 Δημητρίου
1581 4264 1677 4320 τοῦ
1710 4268 1847 4339 πρὸς
1900 4269 1979 4340 τῷ

395 4356 555 4427 μέρει
589 4355 682 4407 τοῦ
720 4353 1063 4424 καλουμένου
1099 4352 1279 4418 ξύλου,
1313 4355 1581 4425 δηλοῦντα
1619 4357 1718 4429 τὴν
1757 4358 1979 4413 ἃπασαν

394 4449 487 4502 τοῦ
523 4448 763 4519 πολέμου
797 4446 1130 4519 παράταξιν.
1172 4446 1266 4500 καὶ
1307 4449 1405 4520 τὴν
1437 4450 1517 4514 είς
1564 4450 1713 4521 ἡμᾶς
1762 4450 1850 4505 διὰ
1882 4452 1976 4506 τοῦ

397 4540 701 4613 ἀθλοφόροι)
731 4541 1031 4611 σωτηρίαν,
1059 4539 1129 4593 δι’
1156 4532 1216 4593 οὗ
1246 4540 1632 4610 ἀναπέμπεται
1656 4541 1812 4612 δόξα,
1840 4545 1976 4617 τιμὴ

399 4636 491 4688 καὶ
520 4633 898 4707 προσκύνησις
925 4631 1003 4704 τῷ
1036 4634 1221 4704 Πατρὶ
1254 4633 1348 4686 καὶ
1374 4633 1452 4703 τῷ
1483 4633 1621 4703 Υίῷ.

2077 3244 2211 3300 tiozti
2267 3244 2415 3300 haud
2463 3252 2980 3307 consentaneorum,
3012 3257 3176 3298 causa
3216 3238 3664 3302 absconderunt;

2076 3353 2266 3393 verum
2310 3353 2490 3409 neque
2548 3339 2650 3391 hac
2702 3336 2759 3391 in
2802 3353 2859 3391 re
2894 3336 3106 3391 Christi
3145 3332 3394 3390 consiliis
3442 3330 3666 3401 sapiens

2075 3427 2444 3485 certaminum
2486 3424 2726 3483 Victoris
2757 3426 3098 3497 providentia
3135 3425 3301 3481 otiata
3325 3430 3444 3486 est;
3476 3437 3667 3476 verum

2074 3522 2334 3578 mulieres
2354 3520 2626 3577 adlortem
2645 3520 2926 3576 audaciam
2948 3521 3015 3575 ab
3041 3535 3107 3575 eo
3125 3519 3397 3584 excitatae,
3425 3533 3455 3572 e
3471 3506 3664 3576 domo'.

2074 3618 2169 3672 ubi
2204 3616 2428 3682 latebat,
2467 3616 2620 3671 illum
2648 3617 2976 3683 eduxerunt,
3007 3624 3351 3686 tractumque
3396 3628 3498 3685 per
3532 3611 3667 3667 civi-

2079 3719 2242 3766 tatem
2301 3710 2575 3780 lapidibus
2635 3720 3062 3781 oppresserunt;
3124 3717 3290 3779 atque
3341 3706 3419 3761 ita
3469 3704 3666 3761 merito

2078 3808 2314 3856 mortem
2377 3800 2661 3856 voluntate
2723 3817 2824 3856 sua
2885 3800 3238 3857 infestissima
3292 3799 3511 3870 dignam
3540 3798 3667 3854 θυι».

2077 3894 2139 3948 iit
2167 3892 2304 3963 (29).
2339 3889 2513 3948 Nemo
2536 3892 2708 3963 igitur
2730 3906 2999 3957 vestrum,
3059 3880 3153 3963 Qui
3186 3900 3478 3963 martyrem
3509 3907 3663 3945 ama-

2079 3985 2168 4051 tis,
2192 3984 2261 4040 iis
2288 4001 2407 4056 qum
2450 3987 2519 4043 de
2552 3987 2664 4042 illis
2694 3986 2902 4041 rustico
2932 3998 3188 4040 sermone
3218 3993 3439 4039 narrata
3474 3984 3663 4053 paucis

2079 4085 2227 4142 sunt,
2257 4076 2418 4132 ﬁdem
2451 4076 2685 4147 deneget
2717 4072 2854 4147 (30).
2890 4072 3042 4140 Quod
3076 4072 3122 4128 si
3162 4071 3310 4126 enim
3354 4069 3480 4141 quis
3524 4070 3662 4132 inec,

2080 4175 2141 4223 ut
2188 4167 2345 4232 falsa,
2375 4167 2668 4238 scripsisse
2716 4182 2806 4223 me
2853 4170 3125 4226 autumet.
3161 4163 3348 4219 videat
3387 4162 3479 4234 qui
3537 4170 3667 4217 ante

2080 4260 2491 4317 sanctissimum
2536 4275 2757 4330 semper
2796 4257 3137 4314 memorandi
3169 4256 3424 4329 martyris
3469 4253 3665 4311 Deme-

2083 4353 2173 4408 trii
2210 4354 2474 4424 templum
2509 4354 2575 4409 ad
2606 4353 2762 4425 ligni,
2796 4362 2857 4409 ut
2902 4360 3157 4416 vocatur,
3199 4351 3384 4405 locum
3423 4350 3477 4404 in
3529 4349 3667 4403 scri-

2082 4448 2193 4517 ptis
2241 4446 2536 4502 ostendant
2577 4462 2796 4502 omnem
2849 4446 2977 4503 belli
3020 4445 3294 4509 ordinem,
3324 4445 3666 4514 salutemque

2079 4541 2239 4596 nobis
2264 4540 2515 4597 collatam
2546 4555 2645 4610 per
2665 4539 3027 4596 certaminum
3053 4538 3351 4600 Victorem.
3372 4552 3482 4617 per
3502 4551 3666 4606 quem

2090 4632 2351 4690 tribuitur
2398 4635 2592 4705 glor'a,
2638 4637 2815 4691 honor
2865 4646 2922 4693 et
2973 4636 3231 4693 adoratio.
3266 4633 3413 4690 Patri
3469 4640 3526 4688 et
3577 4630 3666 4686 Fi-

2087 4730 2183 4794 lio,
2211 4740 2321 4785 etc.

1841 4840 2072 4899 CAPUT
2126 4844 2196 4899 ll.

401 4956 579 5013 Sclan
630 4960 819 5014 iterant
870 4959 1301 5016 Thessalonicam
1355 4961 1774 5035 aggrediuntur,
1813 4959 2083 5035 Deumque
2124 4980 2188 5017 ac
2232 4974 2474 5020 sanctum
2515 4965 2845 5022 Demetrium
2888 4962 2989 5019 sibi
3030 4964 3327 5016 contrarios
3357 4962 3578 5030 experti,
3610 4978 3665 5015 re

1526 5031 1748 5101 infecta,
1779 5031 2016 5089 recedere
2058 5046 2315 5108 coguntur
2350 5035 2489 5109 (51).

470 5124 608 5193 ρξηῆ
632 5123 743 5179 Καὶ
779 5122 1073 5204 θαυμάτων
1118 5118 1375 5195 θαύματα
1399 5125 1658 5194 τυγχάνει
1696 5121 1970 5196 ἀνώτερα,

397 5218 491 5270 καὶ
522 5217 868 5288 πραγμάτων
901 5218 1205 5287 πράγματα
1238 5219 1481 5288 ὑπάρχει
1531 5218 1838 5289 ὑπέρτερα,
1873 5219 1969 5272 καὶ

615 5350 739 5434 Nec.
776 5351 881 5406 hoc
930 5349 1084 5407 ducis
1136 5351 1455 5408 Sclavorutn
1506 5368 1708 5410 nomen
1761 5353 1975 5424 uspiam

395 5423 523 5478 alibi
559 5422 801 5479 invenio.

469 5492 582 5565 (29)
606 5492 672 5565 lu
704 5508 839 5565 nece
876 5492 1142 5549 Chatzoni
1186 5502 1298 5549 tam
1330 5493 1554 5561 indigne
1588 5494 1734 5549 illata
1763 5504 1974 5565 partem

392 5563 734 5633 quampiam,
753 5563 831 5618 uti
854 5565 947 5619 hic
971 5574 1165 5620 auctor
1189 5565 1416 5631 indicat,
1440 5564 1704 5620 habuisse
1727 5563 1975 5622 sanetum

400 5632 755 5697 Demetrium,
789 5636 1024 5690 multum
1056 5636 1263 5689 dubito.

470 5703 583 5772 (50)
616 5704 751 5776 Quae
783 5705 1049 5762 hactenus
1075 5720 1200 5776 cap.
1248 5708 1501 5775 praesenti
1531 5708 1599 5763 de
1648 5707 1971 5764 Selavorum

399 5785 592 5847 contra
623 5774 1071 5830 Thessalonicam
1116 5774 1490 5845 expeditione.
1528 5779 1800 5847 Imjusque
1832 5779 1974 5834 infe.

403 5840 491 5897 lici
524 5859 776 5899 successu
806 5856 995 5902 auctor
1021 5840 1226 5912 retulit,
1263 5847 1417 5903 facile
1448 5840 1688 5919 quidem,
1710 5840 1972 5920 quantum

2150 5127 2271 5187 l68.
2398 5098 2656 5185 miracula
2686 5128 2962 5186 miraculis
2983 5127 3190 5198 majora
3222 5134 3349 5180 sunt
3375 5133 3429 5180 et
3456 5139 3542 5181 res
3572 5098 3663 5181 re:

2076 5222 2176 5276 bus
2193 5221 2616 5292 praestantiores,
2634 5231 2692 5277 et
2714 5222 2852 5279 bella
2872 5236 2902 5277 ε
2922 5220 3080 5277 hellis
3097 5218 3374 5286 dill'erunt,
3390 5226 3446 5274 et
3460 5217 3663 5290 scripta

2085 5356 2316 5420 opinor,
2353 5357 2495 5422 apud
2541 5369 2735 5411 omnes
2772 5356 2932 5412 ﬁdem
2971 5355 3290 5422 invenient;
3342 5370 3534 5411 verum
3568 5356 3662 5422 qui

2086 5426 2361 5481 miraculo.
2387 5425 2438 5482 id
2477 5426 2707 5496 factum,
2744 5426 3124 5496 visionemque
3173 5440 3339 5494 supra
3392 5426 3660 5489 relatam,

2086 5511 2195 5565 qua
2222 5512 2344 5552 sese
2390 5508 2614 5553 sanctus
2645 5495 2953 5553 Demetrius
2998 5496 3253 5567 plurimis
3301 5497 3657 5567 spectandum

2086 5574 2199 5648 tum
2230 5567 2470 5648 dederit,
2502 5567 2645 5623 haud
2682 5567 2841 5623 facile
2871 5568 3184 5635 admittant,
3228 5581 3339 5622 non
3376 5566 3661 5622 defuturos

2084 5648 2358 5693 existimo.

2132 5708 2266 5780 τῶι)
2297 5710 2468 5780 Caput
2503 5711 2608 5766 hoc
2655 5709 2711 5764 in
2737 5709 2927 5766 codice
2953 5710 3079 5767 olim
3110 5708 3452 5774 Materinam.
3494 5724 3525 5764 e
3555 5724 3664 5779 quo

2088 5778 2172 5833 hic
2199 5780 2339 5849 typis
2367 5778 2606 5847 primum
2638 5780 2949 5843 excuditur,
2979 5797 3009 5836 ε
3036 5779 3129 5837 fol.
3163 5796 3327 5836 verso
3359 5781 3462 5836 1H
3491 5793 3663 5847 usque

2084 5850 2149 5905 ad
2178 5851 2270 5908 l'ol.
2320 5851 2420 5908 155
2455 5851 2732 5920 excurrit;
2773 5869 2835 5908 ac
2878 5863 3197 5925 sequentem
3250 5852 3472 5924 quidem
3517 5850 3666 5906 hunc
