  <div class='ocr_page' id='page_1' title='image "/cluster/home/n/w/nwhite01/storage/ocr_20150623/116/hvd.32044073502221/673.png"; bbox 0 0 4070 6382; ppageno 0'>
   <div class='ocr_carea' id='block_1_1' title="bbox 1805 272 3732 343">
    <p class='ocr_par' dir='ltr' id='par_1_1' title="bbox 1805 272 3732 343">
     <span class='ocr_line' id='line_1_1' title="bbox 1805 272 3732 343; baseline 0.005 -10"><span class='ocrx_word' id='word_1_1' title='bbox 1805 272 2454 341; x_wconf 65' lang='lat' dir='ltr'><strong>SUD’LEMENTUM.</strong></span> <span class='ocrx_word' id='word_1_2' title='bbox 3645 279 3686 343; x_wconf 76' lang='grc' dir='ltr'>Ῑ</span> <span class='ocrx_word' id='word_1_3' title='bbox 3689 281 3732 343; x_wconf 84' lang='lat'><strong>3</strong></span> 
     </span>
    </p>
   </div>
   <div class='ocr_carea' id='block_1_2' title="bbox 493 382 2067 464">
    <p class='ocr_par' dir='ltr' id='par_1_2' title="bbox 493 382 2067 453">
     <span class='ocr_line' id='line_1_2' title="bbox 493 382 2067 453; baseline 0.005 -13"><span class='ocrx_word' id='word_1_4' title='bbox 493 385 820 453; x_wconf 69' lang='lat' dir='ltr'><strong>scriptorum</strong></span> <span class='ocrx_word' id='word_1_5' title='bbox 856 382 1151 441; x_wconf 82' lang='lat' dir='ltr'><strong>discrimen</strong></span> <span class='ocrx_word' id='word_1_6' title='bbox 1187 385 1510 452; x_wconf 88' lang='lat' dir='ltr'><strong>ostendunt,</strong></span> <span class='ocrx_word' id='word_1_7' title='bbox 1560 400 1615 444; x_wconf 89' lang='lat' dir='ltr'><strong>et</strong></span> <span class='ocrx_word' id='word_1_8' title='bbox 1663 387 1844 444; x_wconf 84' lang='lat' dir='ltr'><strong>studia</strong></span> <span class='ocrx_word' id='word_1_9' title='bbox 1879 391 2067 448; x_wconf 83' lang='lat' dir='ltr'><strong>studiis</strong></span> 
     </span>
    </p>
   </div>
   <div class='ocr_carea' id='block_1_3' title="bbox 2174 382 3816 464">
    <p class='ocr_par' dir='ltr' id='par_1_3' title="bbox 2183 389 3816 464">
     <span class='ocr_line' id='line_1_3' title="bbox 2183 389 3816 464; baseline -0.002 -17"><span class='ocrx_word' id='word_1_10' title='bbox 2183 391 2435 462; x_wconf 79' lang='grc' dir='ltr'>πολέμων</span> <span class='ocrx_word' id='word_1_11' title='bbox 2466 390 2699 462; x_wconf 86' lang='grc' dir='ltr'>πόλεμοι</span> <span class='ocrx_word' id='word_1_12' title='bbox 2748 389 3094 461; x_wconf 68' lang='grc' dir='ltr'><strong>διαφέρουσι,</strong></span> <span class='ocrx_word' id='word_1_13' title='bbox 3143 390 3240 444; x_wconf 72' lang='grc' dir='ltr'>καὶ</span> <span class='ocrx_word' id='word_1_14' title='bbox 3277 394 3598 464; x_wconf 65' lang='grc' dir='ltr'>συγγραφαὶ</span> <span class='ocrx_word' id='word_1_15' title='bbox 3638 407 3816 458; x_wconf 53' lang='lat' dir='ltr'><strong>aur-</strong></span> 
     </span>
    </p>
   </div>
   <div class='ocr_carea' id='block_1_4' title="bbox 494 475 2067 557">
    <p class='ocr_par' dir='ltr' id='par_1_4' title="bbox 494 475 2067 552">
     <span class='ocr_line' id='line_1_4' title="bbox 494 475 2067 552; baseline 0.004 -25"><span class='ocrx_word' id='word_1_16' title='bbox 494 476 717 532; x_wconf 78' lang='lat' dir='ltr'><strong>utiliora</strong></span> <span class='ocrx_word' id='word_1_17' title='bbox 764 475 1074 542; x_wconf 80' lang='lat' dir='ltr'><strong>exsistunt,</strong></span> <span class='ocrx_word' id='word_1_18' title='bbox 1125 486 1182 533; x_wconf 84' lang='lat' dir='ltr'><strong>et</strong></span> <span class='ocrx_word' id='word_1_19' title='bbox 1226 478 1474 550; x_wconf 75' lang='lat' dir='ltr'><strong>magistri</strong></span> <span class='ocrx_word' id='word_1_20' title='bbox 1523 482 1800 552; x_wconf 79' lang='lat' dir='ltr'><strong>magistris</strong></span> <span class='ocrx_word' id='word_1_21' title='bbox 1845 483 2067 538; x_wconf 84' lang='lat' dir='ltr'><strong>docendi</strong></span> 
     </span>
    </p>
   </div>
   <div class='ocr_carea' id='block_1_5' title="bbox 2174 475 3810 557">
    <p class='ocr_par' dir='ltr' id='par_1_5' title="bbox 2183 481 3810 557">
     <span class='ocr_line' id='line_1_5' title="bbox 2183 481 3810 557; baseline -0.004 -17"><span class='ocrx_word' id='word_1_22' title='bbox 2183 486 2528 557; x_wconf 63' lang='grc' dir='ltr'>γραμμάτων</span> <span class='ocrx_word' id='word_1_23' title='bbox 2558 483 2868 538; x_wconf 76' lang='grc' dir='ltr'><strong>δεικνύουσι</strong></span> <span class='ocrx_word' id='word_1_24' title='bbox 2892 483 2952 535; x_wconf 78' lang='grc' dir='ltr'>τὺ</span> <span class='ocrx_word' id='word_1_25' title='bbox 2979 481 3264 553; x_wconf 75' lang='grc' dir='ltr'>διάφορον,</span> <span class='ocrx_word' id='word_1_26' title='bbox 3287 486 3382 538; x_wconf 70' lang='grc' dir='ltr'><strong>καὶ</strong></span> <span class='ocrx_word' id='word_1_27' title='bbox 3407 485 3565 539; x_wconf 83' lang='grc' dir='ltr'>πόνοι</span> <span class='ocrx_word' id='word_1_28' title='bbox 3588 485 3810 537; x_wconf 74' lang='grc' dir='ltr'>πόνων</span> 
     </span>
    </p>
   </div>
   <div class='ocr_carea' id='block_1_6' title="bbox 497 569 2067 649">
    <p class='ocr_par' dir='ltr' id='par_1_6' title="bbox 497 569 2067 646">
     <span class='ocr_line' id='line_1_6' title="bbox 497 569 2067 646; baseline 0.004 -22"><span class='ocrx_word' id='word_1_29' title='bbox 497 569 693 639; x_wconf 87' lang='lat' dir='ltr'><strong>peritia</strong></span> <span class='ocrx_word' id='word_1_30' title='bbox 729 569 1078 640; x_wconf 67' lang='lat' dir='ltr'><strong>praecellunt;</strong></span> <span class='ocrx_word' id='word_1_31' title='bbox 1110 571 1394 641; x_wconf 89' lang='lat' dir='ltr'><strong>quodlibet</strong></span> <span class='ocrx_word' id='word_1_32' title='bbox 1433 582 1636 638; x_wconf 88' lang='lat' dir='ltr'><strong>autem,</strong></span> <span class='ocrx_word' id='word_1_33' title='bbox 1687 591 1812 643; x_wconf 66' lang='lat' dir='ltr'><strong>qua&quot;:</strong></span> <span class='ocrx_word' id='word_1_34' title='bbox 1853 575 2067 646; x_wconf 75' lang='lat' dir='ltr'><strong>propric</strong></span> 
     </span>
    </p>
   </div>
   <div class='ocr_carea' id='block_1_7' title="bbox 2174 569 3810 649">
    <p class='ocr_par' dir='ltr' id='par_1_7' title="bbox 2179 572 3810 649">
     <span class='ocr_line' id='line_1_7' title="bbox 2179 572 3810 649; baseline -0.003 -18"><span class='ocrx_word' id='word_1_35' title='bbox 2179 579 2322 631; x_wconf 77' lang='grc' dir='ltr'>εἰσὶν</span> <span class='ocrx_word' id='word_1_36' title='bbox 2351 577 2801 649; x_wconf 76' lang='grc' dir='ltr'><strong>εὐχρηστότεροι,</strong></span> <span class='ocrx_word' id='word_1_37' title='bbox 2829 575 2925 632; x_wconf 77' lang='grc' dir='ltr'>καὶ</span> <span class='ocrx_word' id='word_1_38' title='bbox 2950 574 3268 630; x_wconf 79' lang='grc' dir='ltr'>διδάσκαλοι</span> <span class='ocrx_word' id='word_1_39' title='bbox 3297 576 3648 632; x_wconf 76' lang='grc' dir='ltr'><strong>διδασκάλων</strong></span> <span class='ocrx_word' id='word_1_40' title='bbox 3677 572 3810 630; x_wconf 72' lang='grc' dir='ltr'>εἰσὶ</span> 
     </span>
    </p>
   </div>
   <div class='ocr_carea' id='block_1_8' title="bbox 496 661 2067 740">
    <p class='ocr_par' dir='ltr' id='par_1_8' title="bbox 496 661 2067 738">
     <span class='ocr_line' id='line_1_8' title="bbox 496 661 2067 738; baseline 0.006 -24"><span class='ocrx_word' id='word_1_41' title='bbox 496 679 598 714; x_wconf 86' lang='lat' dir='ltr'><strong>suo</strong></span> <span class='ocrx_word' id='word_1_42' title='bbox 632 661 797 716; x_wconf 85' lang='lat' dir='ltr'><strong>statui</strong></span> <span class='ocrx_word' id='word_1_43' title='bbox 839 664 1182 719; x_wconf 88' lang='lat' dir='ltr'><strong>conveniunt</strong></span> <span class='ocrx_word' id='word_1_44' title='bbox 1209 707 1223 730; x_wconf 93' lang='lat'><strong>,</strong></span> <span class='ocrx_word' id='word_1_45' title='bbox 1253 665 1399 721; x_wconf 85' lang='lat' dir='ltr'><strong>vires</strong></span> <span class='ocrx_word' id='word_1_46' title='bbox 1427 667 1530 722; x_wconf 89' lang='lat' dir='ltr'><strong>sibi</strong></span> <span class='ocrx_word' id='word_1_47' title='bbox 1563 682 1630 721; x_wconf 83' lang='lat' dir='ltr'><strong>ex</strong></span> <span class='ocrx_word' id='word_1_48' title='bbox 1655 668 1771 738; x_wconf 87' lang='lat' dir='ltr'><strong>ipsa</strong></span> <span class='ocrx_word' id='word_1_49' title='bbox 1804 677 1951 723; x_wconf 87' lang='lat' dir='ltr'><strong>recta</strong></span> <span class='ocrx_word' id='word_1_50' title='bbox 1986 669 2067 722; x_wconf 82' lang='lat' dir='ltr'><strong>ha-</strong></span> 
     </span>
    </p>
   </div>
   <div class='ocr_carea' id='block_1_9' title="bbox 2174 661 3804 740">
    <p class='ocr_par' dir='ltr' id='par_1_9' title="bbox 2180 667 3804 740">
     <span class='ocr_line' id='line_1_9' title="bbox 2180 667 3804 740; baseline -0.002 -16"><span class='ocrx_word' id='word_1_51' title='bbox 2180 669 2629 740; x_wconf 82' lang='grc' dir='ltr'>διδακτικώτεροι</span> <span class='ocrx_word' id='word_1_52' title='bbox 2651 684 2664 698; x_wconf 86' lang='grc'><strong>·</strong></span> <span class='ocrx_word' id='word_1_53' title='bbox 2703 668 2937 723; x_wconf 84' lang='grc' dir='ltr'>’ἑκαστον</span> <span class='ocrx_word' id='word_1_54' title='bbox 2969 668 3028 722; x_wconf 82' lang='grc' dir='ltr'>δὲ</span> <span class='ocrx_word' id='word_1_55' title='bbox 3059 669 3126 739; x_wconf 78' lang='grc' dir='ltr'>τῇ</span> <span class='ocrx_word' id='word_1_56' title='bbox 3157 668 3338 739; x_wconf 75' lang='grc' dir='ltr'>οἰκείᾳ</span> <span class='ocrx_word' id='word_1_57' title='bbox 3394 667 3804 722; x_wconf 74' lang='grc' dir='ltr'><strong>ἐπακόλουθον</strong></span> 
     </span>
    </p>
   </div>
   <div class='ocr_carea' id='block_1_10' title="bbox 495 753 2067 834">
    <p class='ocr_par' dir='ltr' id='par_1_10' title="bbox 495 753 2067 832">
     <span class='ocr_line' id='line_1_10' title="bbox 495 753 2067 832; baseline 0.004 -23"><span class='ocrx_word' id='word_1_58' title='bbox 495 753 742 810; x_wconf 90' lang='lat' dir='ltr'><strong>bitudine</strong></span> <span class='ocrx_word' id='word_1_59' title='bbox 771 757 1149 827; x_wconf 87' lang='lat' dir='ltr'><strong>consequitur.</strong></span> <span class='ocrx_word' id='word_1_60' title='bbox 1206 757 1276 814; x_wconf 87' lang='lat' dir='ltr'><strong>Ut</strong></span> <span class='ocrx_word' id='word_1_61' title='bbox 1313 775 1556 830; x_wconf 67' lang='lat' dir='ltr'><strong>praesens</strong></span> <span class='ocrx_word' id='word_1_62' title='bbox 1592 761 1758 832; x_wconf 79' lang='lat' dir='ltr'><strong>igitur</strong></span> <span class='ocrx_word' id='word_1_63' title='bbox 1791 778 2067 830; x_wconf 79' lang='lat' dir='ltr'><strong>argumen-</strong></span> 
     </span>
    </p>
   </div>
   <div class='ocr_carea' id='block_1_11' title="bbox 2174 753 3806 834">
    <p class='ocr_par' dir='ltr' id='par_1_11' title="bbox 2181 759 3806 834">
     <span class='ocr_line' id='line_1_11' title="bbox 2181 759 3806 834; baseline -0.002 -16"><span class='ocrx_word' id='word_1_64' title='bbox 2181 763 2422 833; x_wconf 76' lang='grc' dir='ltr'>ἁρμονίᾳ</span> <span class='ocrx_word' id='word_1_65' title='bbox 2460 763 2560 834; x_wconf 72' lang='grc' dir='ltr'><strong>τὴν</strong></span> <span class='ocrx_word' id='word_1_66' title='bbox 2593 761 2689 816; x_wconf 78' lang='grc' dir='ltr'><strong>ἀπ’</strong></span> <span class='ocrx_word' id='word_1_67' title='bbox 2721 761 2895 830; x_wconf 80' lang='grc' dir='ltr'>αὐτῆς</span> <span class='ocrx_word' id='word_1_68' title='bbox 2930 759 3184 826; x_wconf 80' lang='grc' dir='ltr'>τεύξεται</span> <span class='ocrx_word' id='word_1_69' title='bbox 3213 759 3514 814; x_wconf 75' lang='grc' dir='ltr'><strong>ἀκολούθου</strong></span> <span class='ocrx_word' id='word_1_70' title='bbox 3545 761 3806 826; x_wconf 71' lang='grc' dir='ltr'>εὐεξίας</span> 
     </span>
    </p>
   </div>
   <div class='ocr_carea' id='block_1_12' title="bbox 500 847 2067 928">
    <p class='ocr_par' dir='ltr' id='par_1_12' title="bbox 500 847 2067 921">
     <span class='ocr_line' id='line_1_12' title="bbox 500 847 2067 921; baseline 0.008 -25"><span class='ocrx_word' id='word_1_71' title='bbox 500 851 612 896; x_wconf 86' lang='lat' dir='ltr'><strong>tum</strong></span> <span class='ocrx_word' id='word_1_72' title='bbox 642 851 962 907; x_wconf 86' lang='lat' dir='ltr'><strong>tractemus,</strong></span> <span class='ocrx_word' id='word_1_73' title='bbox 991 847 1205 902; x_wconf 80' lang='lat' dir='ltr'><strong>occasio</strong></span> <span class='ocrx_word' id='word_1_74' title='bbox 1237 864 1512 921; x_wconf 81' lang='lat' dir='ltr'><strong>causaque</strong></span> <span class='ocrx_word' id='word_1_75' title='bbox 1538 860 1622 906; x_wconf 92' lang='lat' dir='ltr'><strong>est</strong></span> <span class='ocrx_word' id='word_1_76' title='bbox 1649 867 1677 904; x_wconf 87' lang='lat' dir='ltr'><strong>a</strong></span> <span class='ocrx_word' id='word_1_77' title='bbox 1704 852 1861 907; x_wconf 90' lang='lat' dir='ltr'><strong>nobis</strong></span> <span class='ocrx_word' id='word_1_78' title='bbox 1893 853 2067 908; x_wconf 89' lang='lat' dir='ltr'><strong>nomi-</strong></span> 
     </span>
    </p>
   </div>
   <div class='ocr_carea' id='block_1_13' title="bbox 2174 847 3804 928">
    <p class='ocr_par' dir='ltr' id='par_1_13' title="bbox 2177 852 3804 928">
     <span class='ocr_line' id='line_1_13' title="bbox 2177 852 3804 928; baseline -0.002 -18"><span class='ocrx_word' id='word_1_79' title='bbox 2177 856 2277 928; x_wconf 74' lang='grc' dir='ltr'><strong>τὴν</strong></span> <span class='ocrx_word' id='word_1_80' title='bbox 2306 857 2533 927; x_wconf 78' lang='grc' dir='ltr'>ἀρετήν.</span> <span class='ocrx_word' id='word_1_81' title='bbox 2579 854 2830 925; x_wconf 78' lang='grc' dir='ltr'>’Λφορμὴ</span> <span class='ocrx_word' id='word_1_82' title='bbox 2857 853 3037 907; x_wconf 85' lang='grc' dir='ltr'>τοίνυν</span> <span class='ocrx_word' id='word_1_83' title='bbox 3059 853 3155 908; x_wconf 72' lang='grc' dir='ltr'>καὶ</span> <span class='ocrx_word' id='word_1_84' title='bbox 3178 852 3351 924; x_wconf 70' lang='grc' dir='ltr'>ταύτῃ</span> <span class='ocrx_word' id='word_1_85' title='bbox 3373 855 3492 923; x_wconf 76' lang='lat' dir='ltr'><strong>(sic)</strong></span> <span class='ocrx_word' id='word_1_86' title='bbox 3519 857 3639 917; x_wconf 81' lang='grc' dir='ltr'>τοῖς</span> <span class='ocrx_word' id='word_1_87' title='bbox 3674 870 3769 907; x_wconf 83' lang='grc' dir='ltr'><strong>πα</strong></span> <span class='ocrx_word' id='word_1_88' title='bbox 3787 881 3804 894; x_wconf 79' lang='grc' dir='ltr'><strong><em>ο</em></strong></span> 
     </span>
    </p>
   </div>
   <div class='ocr_carea' id='block_1_14' title="bbox 497 934 2067 1022">
    <p class='ocr_par' dir='ltr' id='par_1_14' title="bbox 497 934 2067 1016">
     <span class='ocr_line' id='line_1_14' title="bbox 497 934 2067 1016; baseline 0.01 -29"><span class='ocrx_word' id='word_1_89' title='bbox 497 944 662 991; x_wconf 88' lang='lat' dir='ltr'><strong>natus</strong></span> <span class='ocrx_word' id='word_1_90' title='bbox 694 934 1025 1006; x_wconf 80' lang='lat' dir='ltr'><strong>habitusque</strong></span> <span class='ocrx_word' id='word_1_91' title='bbox 1051 938 1213 996; x_wconf 90' lang='lat' dir='ltr'><strong>Pater</strong></span> <span class='ocrx_word' id='word_1_92' title='bbox 1256 951 1446 997; x_wconf 85' lang='lat' dir='ltr'><strong>noster</strong></span> <span class='ocrx_word' id='word_1_93' title='bbox 1491 942 1754 1011; x_wconf 78' lang='lat' dir='ltr'><strong>Joannes,</strong></span> <span class='ocrx_word' id='word_1_94' title='bbox 1806 945 1899 1014; x_wconf 90' lang='lat' dir='ltr'><strong>qui</strong></span> <span class='ocrx_word' id='word_1_95' title='bbox 1954 954 2067 1016; x_wconf 75' lang='lat' dir='ltr'><strong>post</strong></span> 
     </span>
    </p>
   </div>
   <div class='ocr_carea' id='block_1_15' title="bbox 2174 934 3802 1022">
    <p class='ocr_par' dir='ltr' id='par_1_15' title="bbox 2177 945 3802 1022">
     <span class='ocr_line' id='line_1_15' title="bbox 2177 945 3802 1022; baseline -0.001 -19"><span class='ocrx_word' id='word_1_96' title='bbox 2177 947 2328 1022; x_wconf 84' lang='grc' dir='ltr'>ροῦσι</span> <span class='ocrx_word' id='word_1_97' title='bbox 2355 949 2449 1002; x_wconf 75' lang='grc' dir='ltr'><strong>καὶ</strong></span> <span class='ocrx_word' id='word_1_98' title='bbox 2469 947 2642 1011; x_wconf 80' lang='grc' dir='ltr'>αἴτιος</span> <span class='ocrx_word' id='word_1_99' title='bbox 2663 946 2956 1019; x_wconf 82' lang='grc' dir='ltr'>γεγένηται</span> <span class='ocrx_word' id='word_1_100' title='bbox 2992 947 3020 998; x_wconf 84' lang='grc' dir='ltr'>ὁ</span> <span class='ocrx_word' id='word_1_101' title='bbox 3040 945 3277 1016; x_wconf 78' lang='grc' dir='ltr'><strong>πρόσθεν</strong></span> <span class='ocrx_word' id='word_1_102' title='bbox 3295 948 3426 1017; x_wconf 72' lang='grc' dir='ltr'>ἡμῖν</span> <span class='ocrx_word' id='word_1_103' title='bbox 3445 946 3669 1017; x_wconf 71' lang='grc' dir='ltr'>λεχθεὶς</span> <span class='ocrx_word' id='word_1_104' title='bbox 3687 948 3802 1001; x_wconf 75' lang='grc' dir='ltr'><strong>καὶ</strong></span> 
     </span>
    </p>
   </div>
   <div class='ocr_carea' id='block_1_16' title="bbox 499 1027 2067 1110">
    <p class='ocr_par' dir='ltr' id='par_1_16' title="bbox 499 1027 2067 1109">
     <span class='ocr_line' id='line_1_16' title="bbox 499 1027 2067 1109; baseline 0.007 -27"><span class='ocrx_word' id='word_1_105' title='bbox 499 1043 653 1083; x_wconf 87' lang='lat' dir='ltr'><strong>suam</strong></span> <span class='ocrx_word' id='word_1_106' title='bbox 682 1027 812 1085; x_wconf 89' lang='lat' dir='ltr'><strong>hinc</strong></span> <span class='ocrx_word' id='word_1_107' title='bbox 857 1031 924 1086; x_wconf 89' lang='lat' dir='ltr'><strong>ad</strong></span> <span class='ocrx_word' id='word_1_108' title='bbox 965 1029 1132 1087; x_wconf 90' lang='lat' dir='ltr'><strong>Deum</strong></span> <span class='ocrx_word' id='word_1_109' title='bbox 1169 1036 1572 1104; x_wconf 72' lang='lat' dir='ltr'><strong>migrationem,</strong></span> <span class='ocrx_word' id='word_1_110' title='bbox 1604 1053 1711 1092; x_wconf 90' lang='lat' dir='ltr'><strong>una</strong></span> <span class='ocrx_word' id='word_1_111' title='bbox 1739 1053 1863 1092; x_wconf 89' lang='lat' dir='ltr'><strong>cum</strong></span> <span class='ocrx_word' id='word_1_112' title='bbox 1901 1054 2067 1109; x_wconf 89' lang='lat' dir='ltr'><strong>popu-</strong></span> 
     </span>
    </p>
   </div>
   <div class='ocr_carea' id='block_1_17' title="bbox 2174 1027 3800 1110">
    <p class='ocr_par' dir='ltr' id='par_1_17' title="bbox 2177 1035 3800 1110">
     <span class='ocr_line' id='line_1_17' title="bbox 2177 1035 3800 1110; baseline -0.001 -16"><span class='ocrx_word' id='word_1_113' title='bbox 2177 1041 2470 1110; x_wconf 80' lang='grc' dir='ltr'>γενόμενος</span> <span class='ocrx_word' id='word_1_114' title='bbox 2521 1038 2678 1110; x_wconf 76' lang='grc' dir='ltr'>ἡμῶν</span> <span class='ocrx_word' id='word_1_115' title='bbox 2734 1039 2920 1108; x_wconf 78' lang='grc' dir='ltr'>πατὴρ</span> <span class='ocrx_word' id='word_1_116' title='bbox 2960 1035 3246 1106; x_wconf 77' lang='grc' dir='ltr'><strong>Ἰωάννης,</strong></span> <span class='ocrx_word' id='word_1_117' title='bbox 3277 1037 3338 1101; x_wconf 84' lang='grc' dir='ltr'>ὃς</span> <span class='ocrx_word' id='word_1_118' title='bbox 3361 1038 3458 1092; x_wconf 73' lang='grc' dir='ltr'>καὶ</span> <span class='ocrx_word' id='word_1_119' title='bbox 3493 1039 3642 1108; x_wconf 84' lang='grc' dir='ltr'>μετά</span> <span class='ocrx_word' id='word_1_120' title='bbox 3675 1039 3800 1109; x_wconf 81' lang='grc' dir='ltr'>τὴν</span> 
     </span>
    </p>
   </div>
   <div class='ocr_carea' id='block_1_18' title="bbox 495 1119 2067 1204">
    <p class='ocr_par' dir='ltr' id='par_1_18' title="bbox 495 1119 2067 1204">
     <span class='ocr_line' id='line_1_18' title="bbox 495 1119 2067 1204; baseline 0.008 -30"><span class='ocrx_word' id='word_1_121' title='bbox 495 1119 595 1175; x_wconf 86' lang='lat' dir='ltr'><strong>lari</strong></span> <span class='ocrx_word' id='word_1_122' title='bbox 628 1137 728 1178; x_wconf 88' lang='lat' dir='ltr'><strong>suo</strong></span> <span class='ocrx_word' id='word_1_123' title='bbox 750 1125 1104 1195; x_wconf 82' lang='lat' dir='ltr'><strong>genuinoque</strong></span> <span class='ocrx_word' id='word_1_124' title='bbox 1155 1127 1353 1192; x_wconf 88' lang='lat' dir='ltr'><strong>amico,</strong></span> <span class='ocrx_word' id='word_1_125' title='bbox 1386 1129 1502 1189; x_wconf 85' lang='lat' dir='ltr'><strong>Dei.</strong></span> <span class='ocrx_word' id='word_1_126' title='bbox 1536 1132 1781 1202; x_wconf 90' lang='lat' dir='ltr'><strong>inquam,</strong></span> <span class='ocrx_word' id='word_1_127' title='bbox 1812 1142 2067 1204; x_wconf 75' lang='lat' dir='ltr'><strong>martyre.</strong></span> 
     </span>
    </p>
   </div>
   <div class='ocr_carea' id='block_1_19' title="bbox 2174 1119 3799 1204">
    <p class='ocr_par' dir='ltr' id='par_1_19' title="bbox 2178 1129 3799 1202">
     <span class='ocr_line' id='line_1_19' title="bbox 2178 1129 3799 1202; baseline 0 -16"><span class='ocrx_word' id='word_1_128' title='bbox 2178 1132 2433 1187; x_wconf 73' lang='grc' dir='ltr'>ἐντεῦθεν</span> <span class='ocrx_word' id='word_1_129' title='bbox 2458 1132 2596 1202; x_wconf 73' lang='grc' dir='ltr'>πρὸς</span> <span class='ocrx_word' id='word_1_130' title='bbox 2625 1130 2759 1184; x_wconf 81' lang='grc' dir='ltr'>Θεὸν</span> <span class='ocrx_word' id='word_1_131' title='bbox 2788 1130 3003 1200; x_wconf 57' lang='grc' dir='ltr'>ἄριξιν,</span> <span class='ocrx_word' id='word_1_132' title='bbox 3029 1131 3102 1195; x_wconf 85' lang='grc' dir='ltr'>ὡς</span> <span class='ocrx_word' id='word_1_133' title='bbox 3127 1129 3319 1202; x_wconf 80' lang='grc' dir='ltr'>παρὼν</span> <span class='ocrx_word' id='word_1_134' title='bbox 3348 1132 3482 1201; x_wconf 78' lang='grc' dir='ltr'>ἡμῖν</span> <span class='ocrx_word' id='word_1_135' title='bbox 3513 1132 3758 1200; x_wconf 74' lang='grc' dir='ltr'>διαλέγε</span> <span class='ocrx_word' id='word_1_136' title='bbox 3776 1162 3799 1179; x_wconf 78' lang='grc' dir='ltr'><strong><em>ο</em></strong></span> 
     </span>
    </p>
   </div>
   <div class='ocr_carea' id='block_1_20' title="bbox 493 1213 2067 1294">
    <p class='ocr_par' dir='ltr' id='par_1_20' title="bbox 493 1213 2067 1294">
     <span class='ocr_line' id='line_1_20' title="bbox 493 1213 2067 1294; baseline 0.007 -27"><span class='ocrx_word' id='word_1_137' title='bbox 493 1213 732 1268; x_wconf 79' lang='lat' dir='ltr'><strong>maxime</strong></span> <span class='ocrx_word' id='word_1_138' title='bbox 783 1217 1095 1272; x_wconf 86' lang='lat' dir='ltr'><strong>venerando</strong></span> <span class='ocrx_word' id='word_1_139' title='bbox 1150 1218 1444 1286; x_wconf 89' lang='lat' dir='ltr'><strong>Demetrio,</strong></span> <span class='ocrx_word' id='word_1_140' title='bbox 1495 1223 1773 1294; x_wconf 87' lang='lat' dir='ltr'><strong>supplices</strong></span> <span class='ocrx_word' id='word_1_141' title='bbox 1805 1223 1872 1280; x_wconf 87' lang='lat' dir='ltr'><strong>ad</strong></span> <span class='ocrx_word' id='word_1_142' title='bbox 1905 1223 2067 1278; x_wconf 82' lang='lat' dir='ltr'><strong>Deum</strong></span> 
     </span>
    </p>
   </div>
   <div class='ocr_carea' id='block_1_21' title="bbox 2174 1213 3792 1294">
    <p class='ocr_par' dir='ltr' id='par_1_21' title="bbox 2177 1219 3792 1292">
     <span class='ocr_line' id='line_1_21' title="bbox 2177 1219 3792 1292; baseline -0.002 -16"><span class='ocrx_word' id='word_1_143' title='bbox 2177 1241 2297 1288; x_wconf 81' lang='grc' dir='ltr'>ται,</span> <span class='ocrx_word' id='word_1_144' title='bbox 2318 1221 2688 1278; x_wconf 86' lang='grc' dir='ltr'>συνικετεύων</span> <span class='ocrx_word' id='word_1_145' title='bbox 2715 1220 2793 1290; x_wconf 75' lang='grc' dir='ltr'>τῷ</span> <span class='ocrx_word' id='word_1_146' title='bbox 2817 1219 3335 1292; x_wconf 71' lang='grc' dir='ltr'>συμπατριώτηκαί</span> <span class='ocrx_word' id='word_1_147' title='bbox 3357 1221 3572 1290; x_wconf 79' lang='grc' dir='ltr'>γνησίῳ</span> <span class='ocrx_word' id='word_1_148' title='bbox 3597 1221 3792 1275; x_wconf 70' lang='grc' dir='ltr'>αὐτοῦ</span> 
     </span>
    </p>
   </div>
   <div class='ocr_carea' id='block_1_22' title="bbox 493 1305 2067 1387">
    <p class='ocr_par' dir='ltr' id='par_1_22' title="bbox 493 1305 2067 1385">
     <span class='ocr_line' id='line_1_22' title="bbox 493 1305 2067 1385; baseline 0.008 -26"><span class='ocrx_word' id='word_1_149' title='bbox 493 1305 905 1363; x_wconf 85' lang='lat' dir='ltr'><strong>misericordem</strong></span> <span class='ocrx_word' id='word_1_150' title='bbox 935 1325 1125 1380; x_wconf 87' lang='lat' dir='ltr'><strong>preces</strong></span> <span class='ocrx_word' id='word_1_151' title='bbox 1159 1327 1259 1382; x_wconf 91' lang='lat' dir='ltr'><strong>pro</strong></span> <span class='ocrx_word' id='word_1_152' title='bbox 1294 1313 1454 1368; x_wconf 90' lang='lat' dir='ltr'><strong>nobis</strong></span> <span class='ocrx_word' id='word_1_153' title='bbox 1481 1314 1746 1385; x_wconf 80' lang='lat' dir='ltr'><strong>dirigens,</strong></span> <span class='ocrx_word' id='word_1_154' title='bbox 1788 1315 2067 1371; x_wconf 87' lang='lat' dir='ltr'><strong>nobiscum</strong></span> 
     </span>
    </p>
   </div>
   <div class='ocr_carea' id='block_1_23' title="bbox 2174 1305 3792 1387">
    <p class='ocr_par' dir='ltr' id='par_1_23' title="bbox 2179 1312 3792 1387">
     <span class='ocr_line' id='line_1_23' title="bbox 2179 1312 3792 1387; baseline -0.002 -17"><span class='ocrx_word' id='word_1_155' title='bbox 2179 1317 2353 1387; x_wconf 80' lang='grc' dir='ltr'>φίλῳ,</span> <span class='ocrx_word' id='word_1_156' title='bbox 2386 1315 2463 1386; x_wconf 82' lang='grc' dir='ltr'><strong>τῷ</strong></span> <span class='ocrx_word' id='word_1_157' title='bbox 2508 1315 2804 1385; x_wconf 78' lang='grc' dir='ltr'>πανσέπτῳ</span> <span class='ocrx_word' id='word_1_158' title='bbox 2829 1355 2851 1380; x_wconf 89' lang='grc'><strong>,</strong></span> <span class='ocrx_word' id='word_1_159' title='bbox 2892 1312 3034 1379; x_wconf 75' lang='grc' dir='ltr'>λέγω</span> <span class='ocrx_word' id='word_1_160' title='bbox 3082 1313 3156 1383; x_wconf 70' lang='grc' dir='ltr'><strong>δὴ,</strong></span> <span class='ocrx_word' id='word_1_161' title='bbox 3203 1313 3443 1384; x_wconf 77' lang='grc' dir='ltr'>μάρτυρι</span> <span class='ocrx_word' id='word_1_162' title='bbox 3500 1312 3597 1366; x_wconf 85' lang='grc' dir='ltr'><strong>τοῦ</strong></span> <span class='ocrx_word' id='word_1_163' title='bbox 3633 1312 3792 1367; x_wconf 80' lang='grc' dir='ltr'>Θεοῦ</span> 
     </span>
    </p>
   </div>
   <div class='ocr_carea' id='block_1_24' title="bbox 495 1401 2067 1482">
    <p class='ocr_par' dir='ltr' id='par_1_24' title="bbox 495 1401 2067 1474">
     <span class='ocr_line' id='line_1_24' title="bbox 495 1401 2067 1474; baseline 0.009 -24"><span class='ocrx_word' id='word_1_164' title='bbox 495 1411 607 1450; x_wconf 91' lang='lat' dir='ltr'><strong>non</strong></span> <span class='ocrx_word' id='word_1_165' title='bbox 638 1413 799 1454; x_wconf 89' lang='lat' dir='ltr'><strong>secus</strong></span> <span class='ocrx_word' id='word_1_166' title='bbox 827 1415 890 1454; x_wconf 90' lang='lat' dir='ltr'><strong>ac</strong></span> <span class='ocrx_word' id='word_1_167' title='bbox 921 1415 1161 1469; x_wconf 66' lang='lat' dir='ltr'><strong>praesens</strong></span> <span class='ocrx_word' id='word_1_168' title='bbox 1187 1401 1449 1474; x_wconf 87' lang='lat' dir='ltr'><strong>loquitur,</strong></span> <span class='ocrx_word' id='word_1_169' title='bbox 1492 1405 1619 1460; x_wconf 90' lang='lat' dir='ltr'><strong>dum</strong></span> <span class='ocrx_word' id='word_1_170' title='bbox 1670 1405 1887 1462; x_wconf 82' lang='lat' dir='ltr'><strong>Christo</strong></span> <span class='ocrx_word' id='word_1_171' title='bbox 1923 1424 2067 1464; x_wconf 82' lang='lat' dir='ltr'><strong>accc-</strong></span> 
     </span>
    </p>
   </div>
   <div class='ocr_carea' id='block_1_25' title="bbox 2174 1401 3794 1482">
    <p class='ocr_par' dir='ltr' id='par_1_25' title="bbox 2178 1405 3794 1482">
     <span class='ocr_line' id='line_1_25' title="bbox 2178 1405 3794 1482; baseline -0.002 -18"><span class='ocrx_word' id='word_1_172' title='bbox 2178 1410 2502 1482; x_wconf 82' lang='grc' dir='ltr'>Δημητρίῳ,</span> <span class='ocrx_word' id='word_1_173' title='bbox 2527 1409 2626 1473; x_wconf 78' lang='grc' dir='ltr'>τὰς</span> <span class='ocrx_word' id='word_1_174' title='bbox 2660 1407 2804 1479; x_wconf 81' lang='grc' dir='ltr'>ὑπὲρ</span> <span class='ocrx_word' id='word_1_175' title='bbox 2831 1405 2990 1477; x_wconf 78' lang='grc' dir='ltr'>ἡμῶν</span> <span class='ocrx_word' id='word_1_176' title='bbox 3017 1406 3361 1477; x_wconf 82' lang='grc' dir='ltr'><strong>ἀναπέμπων</strong></span> <span class='ocrx_word' id='word_1_177' title='bbox 3383 1405 3463 1476; x_wconf 84' lang='grc' dir='ltr'>τῷ</span> <span class='ocrx_word' id='word_1_178' title='bbox 3493 1406 3794 1475; x_wconf 75' lang='grc' dir='ltr'>εύσπλάτ-</span> 
     </span>
    </p>
   </div>
   <div class='ocr_carea' id='block_1_26' title="bbox 496 1492 2067 1576">
    <p class='ocr_par' dir='ltr' id='par_1_26' title="bbox 496 1492 2067 1564">
     <span class='ocr_line' id='line_1_26' title="bbox 496 1492 2067 1564; baseline 0.009 -19"><span class='ocrx_word' id='word_1_179' title='bbox 496 1501 618 1560; x_wconf 81' lang='lat' dir='ltr'><strong>ptas</strong></span> <span class='ocrx_word' id='word_1_180' title='bbox 646 1492 953 1564; x_wconf 68' lang='lat' dir='ltr'><strong>animaeque</strong></span> <span class='ocrx_word' id='word_1_181' title='bbox 983 1496 1248 1552; x_wconf 84' lang='lat' dir='ltr'><strong>salutares</strong></span> <span class='ocrx_word' id='word_1_182' title='bbox 1278 1498 1425 1555; x_wconf 90' lang='lat' dir='ltr'><strong>illius</strong></span> <span class='ocrx_word' id='word_1_183' title='bbox 1445 1499 1514 1554; x_wconf 90' lang='lat' dir='ltr'><strong>ad</strong></span> <span class='ocrx_word' id='word_1_184' title='bbox 1541 1515 1643 1555; x_wconf 89' lang='lat' dir='ltr'><strong>nos</strong></span> <span class='ocrx_word' id='word_1_185' title='bbox 1671 1501 2067 1559; x_wconf 79' lang='lat' dir='ltr'><strong>admonitiones</strong></span> 
     </span>
    </p>
   </div>
   <div class='ocr_carea' id='block_1_27' title="bbox 2174 1492 3790 1576">
    <p class='ocr_par' dir='ltr' id='par_1_27' title="bbox 2178 1493 3790 1576">
     <span class='ocr_line' id='line_1_27' title="bbox 2178 1493 3790 1576; baseline -0.004 -20"><span class='ocrx_word' id='word_1_186' title='bbox 2178 1520 2292 1576; x_wconf 81' lang='grc' dir='ltr'>χνῳ</span> <span class='ocrx_word' id='word_1_187' title='bbox 2327 1502 2447 1574; x_wconf 85' lang='grc' dir='ltr'><strong>Θεῷ</strong></span> <span class='ocrx_word' id='word_1_188' title='bbox 2476 1501 2708 1564; x_wconf 78' lang='grc' dir='ltr'>ἱκεσίας,</span> <span class='ocrx_word' id='word_1_189' title='bbox 2741 1493 2914 1570; x_wconf 72' lang='grc' dir='ltr'>οὗπερ</span> <span class='ocrx_word' id='word_1_190' title='bbox 2938 1497 3028 1552; x_wconf 75' lang='grc' dir='ltr'>διὰ</span> <span class='ocrx_word' id='word_1_191' title='bbox 3058 1499 3285 1568; x_wconf 82' lang='grc' dir='ltr'><strong>μνήμης</strong></span> <span class='ocrx_word' id='word_1_192' title='bbox 3310 1497 3600 1568; x_wconf 73' lang='grc' dir='ltr'>διηνεκοῦς</span> <span class='ocrx_word' id='word_1_193' title='bbox 3620 1496 3790 1563; x_wconf 76' lang='grc' dir='ltr'>ἄξιόν</span> 
     </span>
    </p>
   </div>
   <div class='ocr_carea' id='block_1_28' title="bbox 497 1584 2067 1665">
    <p class='ocr_par' dir='ltr' id='par_1_28' title="bbox 497 1584 2067 1665">
     <span class='ocr_line' id='line_1_28' title="bbox 497 1584 2067 1665; baseline 0.008 -28"><span class='ocrx_word' id='word_1_194' title='bbox 497 1584 882 1640; x_wconf 78' lang='lat' dir='ltr'><strong>recordatione</strong></span> <span class='ocrx_word' id='word_1_195' title='bbox 915 1589 1179 1644; x_wconf 88' lang='lat' dir='ltr'><strong>continua</strong></span> <span class='ocrx_word' id='word_1_196' title='bbox 1204 1632 1218 1654; x_wconf 94' lang='lat'><strong>,</strong></span> <span class='ocrx_word' id='word_1_197' title='bbox 1251 1601 1412 1660; x_wconf 88' lang='lat' dir='ltr'><strong>prout</strong></span> <span class='ocrx_word' id='word_1_198' title='bbox 1441 1608 1537 1662; x_wconf 77' lang='lat' dir='ltr'><strong>par</strong></span> <span class='ocrx_word' id='word_1_199' title='bbox 1564 1601 1648 1647; x_wconf 81' lang='lat' dir='ltr'><strong>est</strong></span> <span class='ocrx_word' id='word_1_200' title='bbox 1671 1634 1685 1658; x_wconf 93' lang='lat'><strong>,</strong></span> <span class='ocrx_word' id='word_1_201' title='bbox 1719 1593 1971 1665; x_wconf 80' lang='lat' dir='ltr'><strong>legimus.</strong></span> <span class='ocrx_word' id='word_1_202' title='bbox 2005 1595 2067 1651; x_wconf 91' lang='lat' dir='ltr'><strong>Ul</strong></span> 
     </span>
    </p>
   </div>
   <div class='ocr_carea' id='block_1_29' title="bbox 2174 1584 3787 1665">
    <p class='ocr_par' dir='ltr' id='par_1_29' title="bbox 2179 1585 3787 1662">
     <span class='ocr_line' id='line_1_29' title="bbox 2179 1585 3787 1662; baseline -0.005 -16"><span class='ocrx_word' id='word_1_203' title='bbox 2179 1595 2294 1646; x_wconf 77' lang='grc' dir='ltr'>ἐστι</span> <span class='ocrx_word' id='word_1_204' title='bbox 2330 1592 2510 1660; x_wconf 67' lang='grc' dir='ltr'>λέγειν</span> <span class='ocrx_word' id='word_1_205' title='bbox 2536 1591 2635 1655; x_wconf 84' lang='grc' dir='ltr'>τὰς</span> <span class='ocrx_word' id='word_1_206' title='bbox 2668 1590 2806 1662; x_wconf 69' lang='grc' dir='ltr'>πρὸς</span> <span class='ocrx_word' id='word_1_207' title='bbox 2831 1589 2982 1662; x_wconf 80' lang='grc' dir='ltr'>ἡμᾶς</span> <span class='ocrx_word' id='word_1_208' title='bbox 3021 1590 3444 1657; x_wconf 83' lang='grc' dir='ltr'>χριστοτερπεῖς</span> <span class='ocrx_word' id='word_1_209' title='bbox 3472 1585 3642 1640; x_wconf 71' lang='grc' dir='ltr'>αὐτοῦ</span> <span class='ocrx_word' id='word_1_210' title='bbox 3679 1588 3787 1640; x_wconf 74' lang='grc' dir='ltr'><strong>καὶ</strong></span> 
     </span>
    </p>
   </div>
   <div class='ocr_carea' id='block_1_30' title="bbox 495 1677 2067 1758">
    <p class='ocr_par' dir='ltr' id='par_1_30' title="bbox 495 1677 2067 1758">
     <span class='ocr_line' id='line_1_30' title="bbox 495 1677 2067 1758; baseline 0.008 -27"><span class='ocrx_word' id='word_1_211' title='bbox 495 1693 599 1732; x_wconf 77' lang='lat' dir='ltr'><strong>nos</strong></span> <span class='ocrx_word' id='word_1_212' title='bbox 630 1677 794 1750; x_wconf 87' lang='lat' dir='ltr'><strong>igitur</strong></span> <span class='ocrx_word' id='word_1_213' title='bbox 828 1681 974 1736; x_wconf 92' lang='lat' dir='ltr'><strong>illius</strong></span> <span class='ocrx_word' id='word_1_214' title='bbox 1002 1684 1222 1740; x_wconf 88' lang='lat' dir='ltr'><strong>assidue</strong></span> <span class='ocrx_word' id='word_1_215' title='bbox 1247 1685 1685 1754; x_wconf 87' lang='lat' dir='ltr'><strong>reminiscamnr,</strong></span> <span class='ocrx_word' id='word_1_216' title='bbox 1718 1697 1805 1742; x_wconf 87' lang='lat' dir='ltr'><strong>est</strong></span> <span class='ocrx_word' id='word_1_217' title='bbox 1828 1704 2067 1758; x_wconf 67' lang='lat' dir='ltr'><strong>aequum.</strong></span> 
     </span>
    </p>
   </div>
   <div class='ocr_carea' id='block_1_31' title="bbox 2174 1677 3782 1758">
    <p class='ocr_par' dir='ltr' id='par_1_31' title="bbox 2176 1678 3782 1757">
     <span class='ocr_line' id='line_1_31' title="bbox 2176 1678 3782 1757; baseline -0.005 -17"><span class='ocrx_word' id='word_1_218' title='bbox 2176 1683 2566 1757; x_wconf 73' lang='grc' dir='ltr'>ψυχοσὼστους</span> <span class='ocrx_word' id='word_1_219' title='bbox 2607 1683 2985 1755; x_wconf 74' lang='grc' dir='ltr'><strong>παραινέσεις.</strong></span> <span class='ocrx_word' id='word_1_220' title='bbox 3040 1678 3269 1734; x_wconf 79' lang='grc' dir='ltr'>Δίκαιον</span> <span class='ocrx_word' id='word_1_221' title='bbox 3298 1679 3393 1733; x_wconf 80' lang='grc' dir='ltr'><strong>οὖν</strong></span> <span class='ocrx_word' id='word_1_222' title='bbox 3425 1680 3575 1733; x_wconf 78' lang='grc' dir='ltr'>ἐστιν</span> <span class='ocrx_word' id='word_1_223' title='bbox 3613 1681 3782 1749; x_wconf 73' lang='grc' dir='ltr'>ἡμᾶς</span> 
     </span>
    </p>
   </div>
   <div class='ocr_carea' id='block_1_32' title="bbox 2183 1769 3782 1849">
    <p class='ocr_par' dir='ltr' id='par_1_32' title="bbox 2183 1769 3782 1849">
     <span class='ocr_line' id='line_1_32' title="bbox 2183 1769 3782 1849; baseline -0.006 -19"><span class='ocrx_word' id='word_1_224' title='bbox 2183 1776 2492 1849; x_wconf 73' lang='grc' dir='ltr'>μεμνὶσθαι</span> <span class='ocrx_word' id='word_1_225' title='bbox 2527 1773 2693 1828; x_wconf 79' lang='grc' dir='ltr'>αὑτοῦ</span> <span class='ocrx_word' id='word_1_226' title='bbox 2721 1773 2990 1845; x_wconf 82' lang='grc' dir='ltr'>διηνεκῶς</span> <span class='ocrx_word' id='word_1_227' title='bbox 3011 1787 3028 1804; x_wconf 76' lang='grc' dir='ltr'><strong><em>ο</em></strong></span> <span class='ocrx_word' id='word_1_228' title='bbox 3061 1770 3247 1826; x_wconf 85' lang='grc' dir='ltr'>θεόθεν</span> <span class='ocrx_word' id='word_1_229' title='bbox 3278 1769 3389 1842; x_wconf 76' lang='grc' dir='ltr'><strong>γὰρ</strong></span> <span class='ocrx_word' id='word_1_230' title='bbox 3421 1771 3782 1840; x_wconf 73' lang='grc' dir='ltr'>κατησερὰλι-</span> 
     </span>
    </p>
   </div>
   <div class='ocr_carea' id='block_1_33' title="bbox 2105 1733 2150 1792">
    <p class='ocr_par' dir='ltr' id='par_1_33' title="bbox 2105 1733 2150 1792">
     <span class='ocr_line' id='line_1_33' title="bbox 2105 1733 2150 1792; baseline 0 0"><span class='ocrx_word' id='word_1_231' title='bbox 2105 1733 2150 1792; x_wconf 83' lang='grc' dir='ltr'><strong><em>Β</em></strong></span> 
     </span>
    </p>
   </div>
   <div class='ocr_carea' id='block_1_34' title="bbox 497 1767 2077 1846">
    <p class='ocr_par' dir='ltr' id='par_1_34' title="bbox 497 1767 2077 1846">
     <span class='ocr_line' id='line_1_34' title="bbox 497 1767 2077 1846; baseline 0.009 -24"><span class='ocrx_word' id='word_1_232' title='bbox 497 1767 769 1825; x_wconf 89' lang='lat' dir='ltr'><strong>Divinitus</strong></span> <span class='ocrx_word' id='word_1_233' title='bbox 793 1772 936 1827; x_wconf 90' lang='lat' dir='ltr'><strong>enim</strong></span> <span class='ocrx_word' id='word_1_234' title='bbox 972 1774 1019 1828; x_wconf 93' lang='lat' dir='ltr'><strong>ei</strong></span> <span class='ocrx_word' id='word_1_235' title='bbox 1057 1777 1321 1846; x_wconf 89' lang='lat' dir='ltr'><strong>promissa</strong></span> <span class='ocrx_word' id='word_1_236' title='bbox 1350 1777 1778 1846; x_wconf 81' lang='lat' dir='ltr'><strong>coniirmataque</strong></span> <span class='ocrx_word' id='word_1_237' title='bbox 1804 1778 1907 1834; x_wconf 77' lang='lat' dir='ltr'><strong>fuit</strong></span> <span class='ocrx_word' id='word_1_238' title='bbox 1935 1782 2077 1836; x_wconf 85' lang='lat' dir='ltr'><strong>assi-</strong></span> 
     </span>
    </p>
   </div>
   <div class='ocr_carea' id='block_1_35' title="bbox 497 1859 2074 1936">
    <p class='ocr_par' dir='ltr' id='par_1_35' title="bbox 497 1859 2074 1936">
     <span class='ocr_line' id='line_1_35' title="bbox 497 1859 2074 1936; baseline 0.008 -23"><span class='ocrx_word' id='word_1_239' title='bbox 497 1859 606 1915; x_wconf 89' lang='lat' dir='ltr'><strong>dua</strong></span> <span class='ocrx_word' id='word_1_240' title='bbox 646 1863 836 1931; x_wconf 68' lang='lat' dir='ltr'><strong>patria:</strong></span> <span class='ocrx_word' id='word_1_241' title='bbox 869 1864 1051 1928; x_wconf 84' lang='lat' dir='ltr'><strong>salus;</strong></span> <span class='ocrx_word' id='word_1_242' title='bbox 1095 1881 1160 1920; x_wconf 86' lang='lat' dir='ltr'><strong>ex</strong></span> <span class='ocrx_word' id='word_1_243' title='bbox 1207 1882 1314 1936; x_wconf 92' lang='lat' dir='ltr'><strong>quo</strong></span> <span class='ocrx_word' id='word_1_244' title='bbox 1353 1877 1534 1921; x_wconf 87' lang='lat' dir='ltr'><strong>autem</strong></span> <span class='ocrx_word' id='word_1_245' title='bbox 1571 1867 1778 1924; x_wconf 78' lang='lat' dir='ltr'><strong>civitati</strong></span> <span class='ocrx_word' id='word_1_246' title='bbox 1811 1885 1842 1924; x_wconf 85' lang='lat' dir='ltr'><strong>a</strong></span> <span class='ocrx_word' id='word_1_247' title='bbox 1872 1870 2074 1926; x_wconf 56' lang='lat' dir='ltr'><strong>Serva-</strong></span> 
     </span>
    </p>
   </div>
   <div class='ocr_carea' id='block_1_36' title="bbox 497 1954 2078 2028">
    <p class='ocr_par' dir='ltr' id='par_1_36' title="bbox 497 1954 2078 2028">
     <span class='ocr_line' id='line_1_36' title="bbox 497 1954 2078 2028; baseline 0.01 -24"><span class='ocrx_word' id='word_1_248' title='bbox 497 1962 617 2008; x_wconf 88' lang='lat' dir='ltr'><strong>tore</strong></span> <span class='ocrx_word' id='word_1_249' title='bbox 647 1954 870 2011; x_wconf 80' lang='lat' dir='ltr'><strong>Christo</strong></span> <span class='ocrx_word' id='word_1_250' title='bbox 906 1957 958 2012; x_wconf 90' lang='lat' dir='ltr'><strong>in</strong></span> <span class='ocrx_word' id='word_1_251' title='bbox 988 1958 1127 2028; x_wconf 66' lang='lat' dir='ltr'><strong>;ejus</strong></span> <span class='ocrx_word' id='word_1_252' title='bbox 1153 1969 1463 2015; x_wconf 87' lang='lat' dir='ltr'><strong>curatorem</strong></span> <span class='ocrx_word' id='word_1_253' title='bbox 1511 1961 1698 2016; x_wconf 88' lang='lat' dir='ltr'><strong>datum</strong></span> <span class='ocrx_word' id='word_1_254' title='bbox 1735 1979 1855 2018; x_wconf 87' lang='lat' dir='ltr'><strong>esse</strong></span> <span class='ocrx_word' id='word_1_255' title='bbox 1884 1963 2078 2020; x_wconf 87' lang='lat' dir='ltr'><strong>Deme-</strong></span> 
     </span>
    </p>
   </div>
   <div class='ocr_carea' id='block_1_37' title="bbox 499 2045 2076 2123">
    <p class='ocr_par' dir='ltr' id='par_1_37' title="bbox 499 2045 2076 2123">
     <span class='ocr_line' id='line_1_37' title="bbox 499 2045 2076 2123; baseline 0.01 -26"><span class='ocrx_word' id='word_1_256' title='bbox 499 2045 665 2101; x_wconf 90' lang='lat' dir='ltr'><strong>trium</strong></span> <span class='ocrx_word' id='word_1_257' title='bbox 696 2089 710 2114; x_wconf 97' lang='lat'><strong>,</strong></span> <span class='ocrx_word' id='word_1_258' title='bbox 765 2049 1042 2121; x_wconf 75' lang='lat' dir='ltr'><strong>cognovit,</strong></span> <span class='ocrx_word' id='word_1_259' title='bbox 1101 2051 1417 2108; x_wconf 89' lang='lat' dir='ltr'><strong>continuam</strong></span> <span class='ocrx_word' id='word_1_260' title='bbox 1474 2053 1614 2110; x_wconf 91' lang='lat' dir='ltr'><strong>hanc</strong></span> <span class='ocrx_word' id='word_1_261' title='bbox 1651 2071 1680 2109; x_wconf 91' lang='lat' dir='ltr'><strong>a</strong></span> <span class='ocrx_word' id='word_1_262' title='bbox 1722 2057 1904 2123; x_wconf 89' lang='lat' dir='ltr'><strong>nobis,</strong></span> <span class='ocrx_word' id='word_1_263' title='bbox 1945 2057 2076 2112; x_wconf 89' lang='lat' dir='ltr'><strong>dum</strong></span> 
     </span>
    </p>
   </div>
   <div class='ocr_carea' id='block_1_38' title="bbox 497 2133 2074 2218">
    <p class='ocr_par' dir='ltr' id='par_1_38' title="bbox 497 2133 2074 2218">
     <span class='ocr_line' id='line_1_38' title="bbox 497 2133 2074 2218; baseline 0.011 -31"><span class='ocrx_word' id='word_1_264' title='bbox 497 2133 692 2192; x_wconf 77' lang='lat' dir='ltr'><strong>civitas</strong></span> <span class='ocrx_word' id='word_1_265' title='bbox 727 2147 914 2194; x_wconf 90' lang='lat' dir='ltr'><strong>nostra</strong></span> <span class='ocrx_word' id='word_1_266' title='bbox 947 2139 1171 2196; x_wconf 89' lang='lat' dir='ltr'><strong>immota</strong></span> <span class='ocrx_word' id='word_1_267' title='bbox 1202 2151 1364 2213; x_wconf 89' lang='lat' dir='ltr'><strong>atque</strong></span> <span class='ocrx_word' id='word_1_268' title='bbox 1410 2144 1732 2201; x_wconf 90' lang='lat' dir='ltr'><strong>inconcussa</strong></span> <span class='ocrx_word' id='word_1_269' title='bbox 1775 2165 1872 2218; x_wconf 89' lang='lat' dir='ltr'><strong>per</strong></span> <span class='ocrx_word' id='word_1_270' title='bbox 1905 2148 2074 2204; x_wconf 89' lang='lat' dir='ltr'><strong>Deum</strong></span> 
     </span>
    </p>
   </div>
   <div class='ocr_carea' id='block_1_39' title="bbox 499 2234 2076 2312">
    <p class='ocr_par' dir='ltr' id='par_1_39' title="bbox 499 2234 2076 2312">
     <span class='ocr_line' id='line_1_39' title="bbox 499 2234 2076 2312; baseline 0.011 -30"><span class='ocrx_word' id='word_1_271' title='bbox 499 2242 720 2297; x_wconf 84' lang='lat' dir='ltr'><strong>semper</strong></span> <span class='ocrx_word' id='word_1_272' title='bbox 764 2239 971 2296; x_wconf 88' lang='lat' dir='ltr'><strong>staret,</strong></span> <span class='ocrx_word' id='word_1_273' title='bbox 1001 2234 1418 2291; x_wconf 85' lang='lat' dir='ltr'><strong>retributionem</strong></span> <span class='ocrx_word' id='word_1_274' title='bbox 1471 2239 1805 2306; x_wconf 71' lang='lat' dir='ltr'><strong>postulavit;</strong></span> <span class='ocrx_word' id='word_1_275' title='bbox 1841 2243 2076 2312; x_wconf 86' lang='lat' dir='ltr'><strong>hincque</strong></span> 
     </span>
    </p>
   </div>
   <div class='ocr_carea' id='block_1_40' title="bbox 499 2319 2075 2397">
    <p class='ocr_par' dir='ltr' id='par_1_40' title="bbox 499 2319 2075 2397">
     <span class='ocr_line' id='line_1_40' title="bbox 499 2319 2075 2397; baseline 0.011 -23"><span class='ocrx_word' id='word_1_276' title='bbox 499 2319 719 2388; x_wconf 89' lang='lat' dir='ltr'><strong>opinor,</strong></span> <span class='ocrx_word' id='word_1_277' title='bbox 752 2337 862 2377; x_wconf 92' lang='lat' dir='ltr'><strong>non</strong></span> <span class='ocrx_word' id='word_1_278' title='bbox 895 2323 1184 2393; x_wconf 89' lang='lat' dir='ltr'><strong>scripsisse</strong></span> <span class='ocrx_word' id='word_1_279' title='bbox 1222 2325 1374 2381; x_wconf 90' lang='lat' dir='ltr'><strong>illum</strong></span> <span class='ocrx_word' id='word_1_280' title='bbox 1405 2328 1648 2397; x_wconf 84' lang='lat' dir='ltr'><strong>tandem,</strong></span> <span class='ocrx_word' id='word_1_281' title='bbox 1680 2332 1763 2387; x_wconf 90' lang='lat' dir='ltr'><strong>uti</strong></span> <span class='ocrx_word' id='word_1_282' title='bbox 1803 2333 1909 2389; x_wconf 90' lang='lat' dir='ltr'><strong>alio</strong></span> <span class='ocrx_word' id='word_1_283' title='bbox 1954 2335 2075 2392; x_wconf 90' lang='lat' dir='ltr'><strong>loco</strong></span> 
     </span>
    </p>
   </div>
   <div class='ocr_carea' id='block_1_41' title="bbox 497 2411 1455 2489">
    <p class='ocr_par' dir='ltr' id='par_1_41' title="bbox 497 2411 1455 2489">
     <span class='ocr_line' id='line_1_41' title="bbox 497 2411 1455 2489; baseline 0.01 -24"><span class='ocrx_word' id='word_1_284' title='bbox 497 2411 761 2479; x_wconf 78' lang='lat' dir='ltr'><strong>diximus,</strong></span> <span class='ocrx_word' id='word_1_285' title='bbox 799 2414 933 2470; x_wconf 90' lang='lat' dir='ltr'><strong>alias</strong></span> <span class='ocrx_word' id='word_1_286' title='bbox 973 2416 1286 2474; x_wconf 90' lang='lat' dir='ltr'><strong>obsidiones</strong></span> <span class='ocrx_word' id='word_1_287' title='bbox 1321 2419 1455 2489; x_wconf 77' lang='lat'><strong>(52).</strong></span> 
     </span>
    </p>
   </div>
   <div class='ocr_carea' id='block_1_42' title="bbox 565 2593 2072 2673">
    <p class='ocr_par' dir='ltr' id='par_1_42' title="bbox 565 2593 2072 2673">
     <span class='ocr_line' id='line_1_42' title="bbox 565 2593 2072 2673; baseline 0.007 -23"><span class='ocrx_word' id='word_1_288' title='bbox 565 2594 696 2651; x_wconf 72' lang='grc'><strong>169.</strong></span> <span class='ocrx_word' id='word_1_289' title='bbox 733 2593 870 2653; x_wconf 84' lang='lat' dir='ltr'><strong>Post</strong></span> <span class='ocrx_word' id='word_1_290' title='bbox 923 2596 1032 2667; x_wconf 85' lang='lat' dir='ltr'><strong>jam</strong></span> <span class='ocrx_word' id='word_1_291' title='bbox 1095 2609 1374 2655; x_wconf 86' lang='lat' dir='ltr'><strong>narratam</strong></span> <span class='ocrx_word' id='word_1_292' title='bbox 1421 2616 1552 2673; x_wconf 83' lang='lat' dir='ltr'><strong>ergo</strong></span> <span class='ocrx_word' id='word_1_293' title='bbox 1602 2602 1923 2659; x_wconf 76' lang='lat' dir='ltr'><strong>Sclavorum</strong></span> <span class='ocrx_word' id='word_1_294' title='bbox 1975 2619 2072 2661; x_wconf 90' lang='lat' dir='ltr'><strong>seu</strong></span> 
     </span>
    </p>
   </div>
   <div class='ocr_carea' id='block_1_43' title="bbox 493 2687 2070 2766">
    <p class='ocr_par' dir='ltr' id='par_1_43' title="bbox 493 2687 2070 2766">
     <span class='ocr_line' id='line_1_43' title="bbox 493 2687 2070 2766; baseline 0.007 -24"><span class='ocrx_word' id='word_1_295' title='bbox 493 2687 792 2745; x_wconf 86' lang='lat' dir='ltr'><strong>Chatzonis</strong></span> <span class='ocrx_word' id='word_1_296' title='bbox 820 2705 1115 2747; x_wconf 86' lang='lat' dir='ltr'><strong>numeroso</strong></span> <span class='ocrx_word' id='word_1_297' title='bbox 1151 2707 1272 2746; x_wconf 88' lang='lat' dir='ltr'><strong>cum</strong></span> <span class='ocrx_word' id='word_1_298' title='bbox 1313 2695 1563 2750; x_wconf 83' lang='lat' dir='ltr'><strong>exercitu</strong></span> <span class='ocrx_word' id='word_1_299' title='bbox 1611 2699 2020 2766; x_wconf 77' lang='lat' dir='ltr'><strong>aggressionem</strong></span> <span class='ocrx_word' id='word_1_300' title='bbox 2055 2739 2070 2764; x_wconf 96' lang='lat'><strong>,</strong></span> 
     </span>
    </p>
   </div>
   <div class='ocr_carea' id='block_1_44' title="bbox 490 2779 2070 2854">
    <p class='ocr_par' dir='ltr' id='par_1_44' title="bbox 490 2779 2070 2854">
     <span class='ocr_line' id='line_1_44' title="bbox 490 2779 2070 2854; baseline 0.009 -22"><span class='ocrx_word' id='word_1_301' title='bbox 490 2779 801 2851; x_wconf 74' lang='lat' dir='ltr'><strong>factamque</strong></span> <span class='ocrx_word' id='word_1_302' title='bbox 841 2781 897 2835; x_wconf 92' lang='lat' dir='ltr'><strong>in</strong></span> <span class='ocrx_word' id='word_1_303' title='bbox 947 2782 1015 2838; x_wconf 92' lang='lat' dir='ltr'><strong>iis</strong></span> <span class='ocrx_word' id='word_1_304' title='bbox 1051 2798 1149 2854; x_wconf 88' lang='lat' dir='ltr'><strong>per</strong></span> <span class='ocrx_word' id='word_1_305' title='bbox 1199 2788 1559 2841; x_wconf 83' lang='lat' dir='ltr'><strong>certaminum</strong></span> <span class='ocrx_word' id='word_1_306' title='bbox 1610 2786 1883 2844; x_wconf 74' lang='lat' dir='ltr'><strong>Victorem</strong></span> <span class='ocrx_word' id='word_1_307' title='bbox 1925 2790 2070 2847; x_wconf 80' lang='lat' dir='ltr'><strong>facili</strong></span> 
     </span>
    </p>
   </div>
   <div class='ocr_carea' id='block_1_45' title="bbox 490 2873 2074 2944">
    <p class='ocr_par' dir='ltr' id='par_1_45' title="bbox 490 2873 2074 2944">
     <span class='ocr_line' id='line_1_45' title="bbox 490 2873 2074 2944; baseline 0.009 -19"><span class='ocrx_word' id='word_1_308' title='bbox 490 2873 714 2943; x_wconf 91' lang='lat' dir='ltr'><strong>negotio</strong></span> <span class='ocrx_word' id='word_1_309' title='bbox 734 2873 938 2944; x_wconf 84' lang='lat' dir='ltr'><strong>justam</strong></span> <span class='ocrx_word' id='word_1_310' title='bbox 962 2876 1187 2944; x_wconf 66' lang='lat' dir='ltr'><strong>caedem,</strong></span> <span class='ocrx_word' id='word_1_311' title='bbox 1219 2889 1278 2933; x_wconf 91' lang='lat' dir='ltr'><strong>ut</strong></span> <span class='ocrx_word' id='word_1_312' title='bbox 1305 2880 1509 2935; x_wconf 89' lang='lat' dir='ltr'><strong>bellum</strong></span> <span class='ocrx_word' id='word_1_313' title='bbox 1537 2881 1801 2936; x_wconf 79' lang='lat' dir='ltr'><strong>adversus</strong></span> <span class='ocrx_word' id='word_1_314' title='bbox 1829 2898 1928 2939; x_wconf 90' lang='lat' dir='ltr'><strong>nos</strong></span> <span class='ocrx_word' id='word_1_315' title='bbox 1957 2899 2074 2939; x_wconf 92' lang='lat' dir='ltr'><strong>mo-</strong></span> 
     </span>
    </p>
   </div>
   <div class='ocr_carea' id='block_1_46' title="bbox 492 2965 2072 3048">
    <p class='ocr_par' dir='ltr' id='par_1_46' title="bbox 492 2965 2072 3048">
     <span class='ocr_line' id='line_1_46' title="bbox 492 2965 2072 3048; baseline 0.009 -30"><span class='ocrx_word' id='word_1_316' title='bbox 492 2974 607 3018; x_wconf 89' lang='lat' dir='ltr'><strong>tum</strong></span> <span class='ocrx_word' id='word_1_317' title='bbox 648 2965 898 3036; x_wconf 88' lang='lat' dir='ltr'><strong>ipsismet</strong></span> <span class='ocrx_word' id='word_1_318' title='bbox 943 2968 1054 3038; x_wconf 86' lang='lat' dir='ltr'><strong>jam</strong></span> <span class='ocrx_word' id='word_1_319' title='bbox 1105 2971 1432 3041; x_wconf 87' lang='lat' dir='ltr'><strong>probrosum</strong></span> <span class='ocrx_word' id='word_1_320' title='bbox 1484 2985 1652 3042; x_wconf 86' lang='lat' dir='ltr'><strong>esset,</strong></span> <span class='ocrx_word' id='word_1_321' title='bbox 1702 2975 2072 3048; x_wconf 89' lang='lat' dir='ltr'><strong>damnumque</strong></span> 
     </span>
    </p>
   </div>
   <div class='ocr_carea' id='block_1_47' title="bbox 2181 1861 3780 1939">
    <p class='ocr_par' dir='ltr' id='par_1_47' title="bbox 2181 1861 3780 1939">
     <span class='ocr_line' id='line_1_47' title="bbox 2181 1861 3780 1939; baseline -0.004 -15"><span class='ocrx_word' id='word_1_322' title='bbox 2181 1888 2298 1936; x_wconf 91' lang='grc' dir='ltr'>στο,</span> <span class='ocrx_word' id='word_1_323' title='bbox 2339 1869 2434 1923; x_wconf 70' lang='grc' dir='ltr'><strong>καὶ</strong></span> <span class='ocrx_word' id='word_1_324' title='bbox 2466 1869 2522 1922; x_wconf 84' lang='grc' dir='ltr'>ὲν</span> <span class='ocrx_word' id='word_1_325' title='bbox 2561 1867 2765 1939; x_wconf 82' lang='grc' dir='ltr'>βεϐαίῳ</span> <span class='ocrx_word' id='word_1_326' title='bbox 2815 1861 2929 1938; x_wconf 75' lang='grc' dir='ltr'>εἶχε</span> <span class='ocrx_word' id='word_1_327' title='bbox 2965 1869 3065 1938; x_wconf 76' lang='grc' dir='ltr'><strong>τῆς</strong></span> <span class='ocrx_word' id='word_1_328' title='bbox 3115 1864 3329 1927; x_wconf 78' lang='grc' dir='ltr'>οἰκείας</span> <span class='ocrx_word' id='word_1_329' title='bbox 3383 1863 3644 1934; x_wconf 81' lang='grc' dir='ltr'>πατρίδος</span> <span class='ocrx_word' id='word_1_330' title='bbox 3670 1863 3780 1935; x_wconf 73' lang='grc' dir='ltr'>τὴν</span> 
     </span>
    </p>
   </div>
   <div class='ocr_carea' id='block_1_48' title="bbox 2177 1952 3779 2035">
    <p class='ocr_par' dir='ltr' id='par_1_48' title="bbox 2177 1952 3779 2035">
     <span class='ocr_line' id='line_1_48' title="bbox 2177 1952 3779 2035; baseline -0.007 -16"><span class='ocrx_word' id='word_1_331' title='bbox 2177 1953 2405 2035; x_wconf 80' lang='grc' dir='ltr'>διηνεκῆ</span> <span class='ocrx_word' id='word_1_332' title='bbox 2437 1959 2718 2032; x_wconf 82' lang='grc' dir='ltr'>σωτηρίαν</span> <span class='ocrx_word' id='word_1_333' title='bbox 2746 1976 2761 1992; x_wconf 89' lang='grc'><strong>·</strong></span> <span class='ocrx_word' id='word_1_334' title='bbox 2795 1960 2888 2028; x_wconf 79' lang='grc' dir='ltr'><strong>ἀφ’</strong></span> <span class='ocrx_word' id='word_1_335' title='bbox 2911 1952 2980 2031; x_wconf 86' lang='grc' dir='ltr'>ἦς</span> <span class='ocrx_word' id='word_1_336' title='bbox 3005 1957 3114 2028; x_wconf 73' lang='grc' dir='ltr'><strong>γὰρ</strong></span> <span class='ocrx_word' id='word_1_337' title='bbox 3137 1955 3417 2028; x_wconf 76' lang='grc' dir='ltr'>ὴκρίϐωτο</span> <span class='ocrx_word' id='word_1_338' title='bbox 3438 1955 3779 2026; x_wconf 77' lang='grc' dir='ltr'>κεχαρίσθαι</span> 
     </span>
    </p>
   </div>
   <div class='ocr_carea' id='block_1_49' title="bbox 2177 2051 3780 2128">
    <p class='ocr_par' dir='ltr' id='par_1_49' title="bbox 2177 2051 3780 2128">
     <span class='ocr_line' id='line_1_49' title="bbox 2177 2051 3780 2128; baseline -0.004 -18"><span class='ocrx_word' id='word_1_339' title='bbox 2177 2059 2244 2128; x_wconf 81' lang='grc' dir='ltr'>τῇ</span> <span class='ocrx_word' id='word_1_340' title='bbox 2280 2057 2434 2110; x_wconf 89' lang='grc' dir='ltr'>πόλει</span> <span class='ocrx_word' id='word_1_341' title='bbox 2460 2054 2552 2110; x_wconf 77' lang='grc' dir='ltr'><strong>τὸν</strong></span> <span class='ocrx_word' id='word_1_342' title='bbox 2589 2053 2761 2125; x_wconf 80' lang='grc' dir='ltr'>αὐτῆς</span> <span class='ocrx_word' id='word_1_343' title='bbox 2782 2051 3077 2123; x_wconf 85' lang='grc' dir='ltr'>προμηθέα</span> <span class='ocrx_word' id='word_1_344' title='bbox 3103 2054 3420 2124; x_wconf 74' lang='grc' dir='ltr'>Δημήτριον</span> <span class='ocrx_word' id='word_1_345' title='bbox 3465 2053 3619 2120; x_wconf 66' lang='grc' dir='ltr'>παρὰ</span> <span class='ocrx_word' id='word_1_346' title='bbox 3655 2051 3780 2104; x_wconf 77' lang='grc' dir='ltr'><strong>Σω-</strong></span> 
     </span>
    </p>
   </div>
   <div class='ocr_carea' id='block_1_50' title="bbox 2175 2143 3780 2223">
    <p class='ocr_par' dir='ltr' id='par_1_50' title="bbox 2175 2143 3780 2223">
     <span class='ocr_line' id='line_1_50' title="bbox 2175 2143 3780 2223; baseline -0.006 -17"><span class='ocrx_word' id='word_1_347' title='bbox 2175 2151 2342 2223; x_wconf 79' lang='grc' dir='ltr'>τῆρος</span> <span class='ocrx_word' id='word_1_348' title='bbox 2369 2148 2634 2222; x_wconf 84' lang='grc' dir='ltr'>Χριστοῦ,</span> <span class='ocrx_word' id='word_1_349' title='bbox 2659 2146 2867 2218; x_wconf 87' lang='grc' dir='ltr'>ταύτην</span> <span class='ocrx_word' id='word_1_350' title='bbox 2889 2149 3022 2220; x_wconf 83' lang='grc' dir='ltr'>παρ’</span> <span class='ocrx_word' id='word_1_351' title='bbox 3039 2147 3199 2218; x_wconf 77' lang='grc' dir='ltr'>ἡμῶν</span> <span class='ocrx_word' id='word_1_352' title='bbox 3219 2143 3569 2215; x_wconf 81' lang='grc' dir='ltr'>ἀντιμισθίαν</span> <span class='ocrx_word' id='word_1_353' title='bbox 3592 2145 3780 2214; x_wconf 74' lang='grc' dir='ltr'>διηνε-</span> 
     </span>
    </p>
   </div>
   <div class='ocr_carea' id='block_1_51' title="bbox 2177 2239 3775 2318">
    <p class='ocr_par' dir='ltr' id='par_1_51' title="bbox 2177 2239 3775 2318">
     <span class='ocr_line' id='line_1_51' title="bbox 2177 2239 3775 2318; baseline -0.008 -17"><span class='ocrx_word' id='word_1_354' title='bbox 2177 2248 2246 2318; x_wconf 75' lang='grc' dir='ltr'>κῆ</span> <span class='ocrx_word' id='word_1_355' title='bbox 2278 2248 2539 2318; x_wconf 70' lang='grc' dir='ltr'>ᾐτήσατο,</span> <span class='ocrx_word' id='word_1_356' title='bbox 2589 2247 2666 2309; x_wconf 82' lang='grc' dir='ltr'><strong>ὡς</strong></span> <span class='ocrx_word' id='word_1_357' title='bbox 2698 2243 2940 2314; x_wconf 76' lang='grc' dir='ltr'>ἀτρόπου</span> <span class='ocrx_word' id='word_1_358' title='bbox 2977 2241 3075 2296; x_wconf 73' lang='grc' dir='ltr'><strong>καὶ</strong></span> <span class='ocrx_word' id='word_1_359' title='bbox 3125 2240 3428 2294; x_wconf 77' lang='grc' dir='ltr'>ἀσαλεύτου</span> <span class='ocrx_word' id='word_1_360' title='bbox 3466 2239 3775 2301; x_wconf 67' lang='grc' dir='ltr'>διαπαντὸς</span> 
     </span>
    </p>
   </div>
   <div class='ocr_carea' id='block_1_52' title="bbox 2177 2331 3773 2410">
    <p class='ocr_par' dir='ltr' id='par_1_52' title="bbox 2177 2331 3773 2410">
     <span class='ocr_line' id='line_1_52' title="bbox 2177 2331 3773 2410; baseline -0.007 -16"><span class='ocrx_word' id='word_1_361' title='bbox 2177 2340 2277 2410; x_wconf 76' lang='grc' dir='ltr'>τῆς</span> <span class='ocrx_word' id='word_1_362' title='bbox 2307 2337 2427 2393; x_wconf 75' lang='grc' dir='ltr'>καθ’</span> <span class='ocrx_word' id='word_1_363' title='bbox 2477 2339 2626 2410; x_wconf 80' lang='grc' dir='ltr'>ἡμᾶς</span> <span class='ocrx_word' id='word_1_364' title='bbox 2681 2335 2893 2400; x_wconf 88' lang='grc' dir='ltr'>πόλεως</span> <span class='ocrx_word' id='word_1_365' title='bbox 2926 2336 3033 2389; x_wconf 79' lang='grc' dir='ltr'>ὑπὸ</span> <span class='ocrx_word' id='word_1_366' title='bbox 3065 2333 3204 2388; x_wconf 82' lang='grc' dir='ltr'>Θεοῦ</span> <span class='ocrx_word' id='word_1_367' title='bbox 3255 2331 3612 2404; x_wconf 78' lang='grc' dir='ltr'>ὑπαρχούσης</span> <span class='ocrx_word' id='word_1_368' title='bbox 3633 2345 3650 2364; x_wconf 87' lang='grc'><strong>·</strong></span> <span class='ocrx_word' id='word_1_369' title='bbox 3688 2331 3773 2384; x_wconf 77' lang='grc' dir='ltr'><strong>διὸ</strong></span> 
     </span>
    </p>
   </div>
   <div class='ocr_carea' id='block_1_53' title="bbox 2176 2423 3778 2503">
    <p class='ocr_par' dir='ltr' id='par_1_53' title="bbox 2176 2423 3778 2503">
     <span class='ocr_line' id='line_1_53' title="bbox 2176 2423 3778 2503; baseline -0.007 -17"><span class='ocrx_word' id='word_1_370' title='bbox 2176 2433 2262 2503; x_wconf 85' lang='grc' dir='ltr'>δὴ,</span> <span class='ocrx_word' id='word_1_371' title='bbox 2295 2430 2371 2496; x_wconf 81' lang='grc' dir='ltr'>ὡς</span> <span class='ocrx_word' id='word_1_372' title='bbox 2398 2427 2576 2499; x_wconf 74' lang='grc' dir='ltr'>οἶμαι,</span> <span class='ocrx_word' id='word_1_373' title='bbox 2619 2429 2695 2501; x_wconf 79' lang='grc' dir='ltr'><strong>μὴ</strong></span> <span class='ocrx_word' id='word_1_374' title='bbox 2728 2427 3150 2500; x_wconf 70' lang='grc' dir='ltr'>συγγράψασθαι</span> <span class='ocrx_word' id='word_1_375' title='bbox 3204 2425 3392 2480; x_wconf 71' lang='grc' dir='ltr'>λοιπὸν</span> <span class='ocrx_word' id='word_1_376' title='bbox 3418 2426 3519 2488; x_wconf 80' lang='grc' dir='ltr'>τὰς</span> <span class='ocrx_word' id='word_1_377' title='bbox 3548 2423 3778 2493; x_wconf 75' lang='grc' dir='ltr'>ἐτέρας,</span> 
     </span>
    </p>
   </div>
   <div class='ocr_carea' id='block_1_54' title="bbox 2174 2519 3334 2593">
    <p class='ocr_par' dir='ltr' id='par_1_54' title="bbox 2174 2519 3334 2593">
     <span class='ocr_line' id='line_1_54' title="bbox 2174 2519 3334 2593; baseline -0.003 -15"><span class='ocrx_word' id='word_1_378' title='bbox 2174 2523 2250 2587; x_wconf 82' lang='grc' dir='ltr'>ὡς</span> <span class='ocrx_word' id='word_1_379' title='bbox 2279 2522 2622 2593; x_wconf 84' lang='grc' dir='ltr'>προείπομεν</span> <span class='ocrx_word' id='word_1_380' title='bbox 2659 2522 2718 2575; x_wconf 76' lang='grc' dir='ltr'>ὲν</span> <span class='ocrx_word' id='word_1_381' title='bbox 2753 2521 2928 2593; x_wconf 75' lang='grc' dir='ltr'>ἑτέρῳ</span> <span class='ocrx_word' id='word_1_382' title='bbox 2948 2559 2963 2582; x_wconf 96' lang='grc'><strong>,</strong></span> <span class='ocrx_word' id='word_1_383' title='bbox 2990 2519 3334 2590; x_wconf 78' lang='grc' dir='ltr'>πολιορκίας.</span> 
     </span>
    </p>
   </div>
   <div class='ocr_carea' id='block_1_55' title="bbox 2250 2607 3775 2686">
    <p class='ocr_par' dir='ltr' id='par_1_55' title="bbox 2250 2607 3775 2686">
     <span class='ocr_line' id='line_1_55' title="bbox 2250 2607 3775 2686; baseline -0.005 -18"><span class='ocrx_word' id='word_1_384' title='bbox 2250 2612 2383 2686; x_wconf 70' lang='grc' dir='ltr'>ρξθῖ</span> <span class='ocrx_word' id='word_1_385' title='bbox 2414 2611 2571 2667; x_wconf 78' lang='grc' dir='ltr'>Μετὰ</span> <span class='ocrx_word' id='word_1_386' title='bbox 2608 2610 2719 2683; x_wconf 78' lang='grc' dir='ltr'><strong>γὰρ</strong></span> <span class='ocrx_word' id='word_1_387' title='bbox 2761 2609 2862 2683; x_wconf 78' lang='grc' dir='ltr'>τὴν</span> <span class='ocrx_word' id='word_1_388' title='bbox 2915 2610 3016 2682; x_wconf 70' lang='grc' dir='ltr'>ἢδη</span> <span class='ocrx_word' id='word_1_389' title='bbox 3047 2607 3430 2682; x_wconf 81' lang='grc' dir='ltr'>ἀφηγηθεῖσαν</span> <span class='ocrx_word' id='word_1_390' title='bbox 3454 2609 3561 2662; x_wconf 78' lang='grc' dir='ltr'><strong>τῶν</strong></span> <span class='ocrx_word' id='word_1_391' title='bbox 3586 2607 3775 2662; x_wconf 83' lang='grc' dir='ltr'>Σκλα-</span> 
     </span>
    </p>
   </div>
   <div class='ocr_carea' id='block_1_56' title="bbox 2176 2700 3780 2776">
    <p class='ocr_par' dir='ltr' id='par_1_56' title="bbox 2176 2700 3780 2776">
     <span class='ocr_line' id='line_1_56' title="bbox 2176 2700 3780 2776; baseline -0.003 -17"><span class='ocrx_word' id='word_1_392' title='bbox 2176 2704 2363 2770; x_wconf 85' lang='grc' dir='ltr'>ϐίνων,</span> <span class='ocrx_word' id='word_1_393' title='bbox 2411 2703 2529 2776; x_wconf 71' lang='grc' dir='ltr'>ἦτοι</span> <span class='ocrx_word' id='word_1_394' title='bbox 2556 2701 2654 2757; x_wconf 90' lang='grc' dir='ltr'><strong>τοῦ</strong></span> <span class='ocrx_word' id='word_1_395' title='bbox 2684 2700 3003 2769; x_wconf 77' lang='grc' dir='ltr'>Χάτζωνος,</span> <span class='ocrx_word' id='word_1_396' title='bbox 3048 2701 3383 2773; x_wconf 77' lang='grc' dir='ltr'>πάμπληθον</span> <span class='ocrx_word' id='word_1_397' title='bbox 3432 2700 3631 2771; x_wconf 75' lang='grc' dir='ltr'>ὁρμὴν,</span> <span class='ocrx_word' id='word_1_398' title='bbox 3671 2702 3780 2754; x_wconf 80' lang='grc' dir='ltr'>καὶ</span> 
     </span>
    </p>
   </div>
   <div class='ocr_carea' id='block_1_57' title="bbox 2175 2791 3773 2866">
    <p class='ocr_par' dir='ltr' id='par_1_57' title="bbox 2175 2791 3773 2866">
     <span class='ocr_line' id='line_1_57' title="bbox 2175 2791 3773 2866; baseline -0.003 -15"><span class='ocrx_word' id='word_1_399' title='bbox 2175 2797 2276 2866; x_wconf 81' lang='grc' dir='ltr'><strong>τὴν</strong></span> <span class='ocrx_word' id='word_1_400' title='bbox 2335 2794 2422 2849; x_wconf 73' lang='grc' dir='ltr'><strong>ἐπ’</strong></span> <span class='ocrx_word' id='word_1_401' title='bbox 2480 2795 2667 2859; x_wconf 82' lang='grc' dir='ltr'>αὐτοῖς</span> <span class='ocrx_word' id='word_1_402' title='bbox 2716 2793 3100 2866; x_wconf 77' lang='grc' dir='ltr'>γεγενημένην</span> <span class='ocrx_word' id='word_1_403' title='bbox 3153 2793 3245 2848; x_wconf 73' lang='grc' dir='ltr'><strong>δια</strong></span> <span class='ocrx_word' id='word_1_404' title='bbox 3300 2791 3398 2847; x_wconf 85' lang='grc' dir='ltr'><strong>τοῦ</strong></span> <span class='ocrx_word' id='word_1_405' title='bbox 3456 2791 3773 2865; x_wconf 75' lang='grc' dir='ltr'>ἁθλοφόρου</span> 
     </span>
    </p>
   </div>
   <div class='ocr_carea' id='block_1_58' title="bbox 2177 2884 3777 2956">
    <p class='ocr_par' dir='ltr' id='par_1_58' title="bbox 2177 2884 3777 2956">
     <span class='ocr_line' id='line_1_58' title="bbox 2177 2884 3777 2956; baseline -0.002 -14"><span class='ocrx_word' id='word_1_406' title='bbox 2177 2888 2449 2942; x_wconf 82' lang='grc' dir='ltr'>εὐάλωτον</span> <span class='ocrx_word' id='word_1_407' title='bbox 2481 2885 2700 2941; x_wconf 88' lang='grc' dir='ltr'>δικαίαν</span> <span class='ocrx_word' id='word_1_408' title='bbox 2747 2885 3120 2956; x_wconf 76' lang='grc' dir='ltr'>κατασφαγὴν</span> <span class='ocrx_word' id='word_1_409' title='bbox 3141 2924 3158 2950; x_wconf 94' lang='grc'><strong>,</strong></span> <span class='ocrx_word' id='word_1_410' title='bbox 3193 2884 3288 2939; x_wconf 80' lang='grc' dir='ltr'><strong>καὶ</strong></span> <span class='ocrx_word' id='word_1_411' title='bbox 3321 2885 3509 2938; x_wconf 69' lang='grc' dir='ltr'>λοιπὸν</span> <span class='ocrx_word' id='word_1_412' title='bbox 3555 2885 3631 2949; x_wconf 86' lang='grc' dir='ltr'>ὼς</span> <span class='ocrx_word' id='word_1_413' title='bbox 3670 2886 3777 2940; x_wconf 68' lang='grc' dir='ltr'><strong>ἒπ-</strong></span> 
     </span>
    </p>
   </div>
   <div class='ocr_carea' id='block_1_59' title="bbox 2174 2975 3777 3049">
    <p class='ocr_par' dir='ltr' id='par_1_59' title="bbox 2174 2975 3777 3049">
     <span class='ocr_line' id='line_1_59' title="bbox 2174 2975 3777 3049; baseline -0.003 -14"><span class='ocrx_word' id='word_1_414' title='bbox 2174 2981 2470 3035; x_wconf 86' lang='grc' dir='ltr'>ονείδιστον</span> <span class='ocrx_word' id='word_1_415' title='bbox 2499 2979 2684 3042; x_wconf 78' lang='grc' dir='ltr'>αὐτοῖς</span> <span class='ocrx_word' id='word_1_416' title='bbox 2705 2980 2799 3032; x_wconf 77' lang='grc' dir='ltr'><strong>τὸν</strong></span> <span class='ocrx_word' id='word_1_417' title='bbox 2829 2977 2954 3032; x_wconf 85' lang='grc' dir='ltr'>καθ’</span> <span class='ocrx_word' id='word_1_418' title='bbox 2999 2978 3146 3049; x_wconf 79' lang='grc' dir='ltr'>ἡμᾶς</span> <span class='ocrx_word' id='word_1_419' title='bbox 3189 2975 3452 3046; x_wconf 81' lang='grc' dir='ltr'>γενέσθαι</span> <span class='ocrx_word' id='word_1_420' title='bbox 3504 2977 3777 3047; x_wconf 66' lang='grc' dir='ltr'>πόλεμον,</span> 
     </span>
    </p>
   </div>
   <div class='ocr_carea' id='block_1_60' title="bbox 489 3055 2067 3145">
    <p class='ocr_par' dir='ltr' id='par_1_60' title="bbox 489 3055 2067 3139">
     <span class='ocr_line' id='line_1_60' title="bbox 489 3055 2067 3139; baseline 0.011 -28"><span class='ocrx_word' id='word_1_421' title='bbox 489 3055 642 3112; x_wconf 84' lang='lat' dir='ltr'><strong>haud</strong></span> <span class='ocrx_word' id='word_1_422' title='bbox 685 3060 964 3117; x_wconf 88' lang='lat' dir='ltr'><strong>modicum</strong></span> <span class='ocrx_word' id='word_1_423' title='bbox 1002 3078 1068 3118; x_wconf 82' lang='lat' dir='ltr'><strong>ex</strong></span> <span class='ocrx_word' id='word_1_424' title='bbox 1093 3077 1162 3119; x_wconf 86' lang='lat' dir='ltr'><strong>eo</strong></span> <span class='ocrx_word' id='word_1_425' title='bbox 1196 3065 1342 3136; x_wconf 87' lang='lat' dir='ltr'><strong>quod</strong></span> <span class='ocrx_word' id='word_1_426' title='bbox 1375 3066 1518 3137; x_wconf 87' lang='lat' dir='ltr'><strong>capti</strong></span> <span class='ocrx_word' id='word_1_427' title='bbox 1551 3067 1618 3122; x_wconf 88' lang='lat' dir='ltr'><strong>ab</strong></span> <span class='ocrx_word' id='word_1_428' title='bbox 1658 3069 1759 3133; x_wconf 91' lang='lat' dir='ltr'><strong>eis,</strong></span> <span class='ocrx_word' id='word_1_429' title='bbox 1793 3068 2067 3139; x_wconf 82' lang='lat' dir='ltr'><strong>fugientes</strong></span> 
     </span>
    </p>
   </div>
   <div class='ocr_carea' id='block_1_61' title="bbox 2174 3055 3773 3145">
    <p class='ocr_par' dir='ltr' id='par_1_61' title="bbox 2174 3069 3773 3145">
     <span class='ocr_line' id='line_1_61' title="bbox 2174 3069 3773 3145; baseline 0 -21"><span class='ocrx_word' id='word_1_430' title='bbox 2174 3071 2378 3145; x_wconf 80' lang='grc' dir='ltr'>βλάϐην</span> <span class='ocrx_word' id='word_1_431' title='bbox 2407 3088 2466 3125; x_wconf 86' lang='grc' dir='ltr'><strong>τε</strong></span> <span class='ocrx_word' id='word_1_432' title='bbox 2495 3071 2553 3125; x_wconf 82' lang='grc' dir='ltr'><strong>ού</strong></span> <span class='ocrx_word' id='word_1_433' title='bbox 2591 3071 2794 3142; x_wconf 80' lang='grc' dir='ltr'>μικρὰν</span> <span class='ocrx_word' id='word_1_434' title='bbox 2821 3070 3023 3134; x_wconf 73' lang='grc' dir='ltr'>αὐτοὺς</span> <span class='ocrx_word' id='word_1_435' title='bbox 3055 3069 3377 3140; x_wconf 78' lang='grc' dir='ltr'>ὑπομένειν,</span> <span class='ocrx_word' id='word_1_436' title='bbox 3417 3071 3481 3124; x_wconf 72' lang='lat' dir='ltr'><strong>lx</strong></span> <span class='ocrx_word' id='word_1_437' title='bbox 3517 3069 3617 3124; x_wconf 87' lang='grc' dir='ltr'><strong>τοῦ</strong></span> <span class='ocrx_word' id='word_1_438' title='bbox 3643 3072 3773 3134; x_wconf 70' lang='grc' dir='ltr'>τοὺς</span> 
     </span>
    </p>
   </div>
   <div class='ocr_carea' id='block_1_62' title="bbox 491 3150 2068 3231">
    <p class='ocr_par' dir='ltr' id='par_1_62' title="bbox 491 3150 2068 3231">
     <span class='ocr_line' id='line_1_62' title="bbox 491 3150 2068 3231; baseline 0.008 -26"><span class='ocrx_word' id='word_1_439' title='bbox 491 3150 560 3205; x_wconf 79' lang='lat' dir='ltr'><strong>ad</strong></span> <span class='ocrx_word' id='word_1_440' title='bbox 595 3152 873 3209; x_wconf 88' lang='lat' dir='ltr'><strong>civitatem</strong></span> <span class='ocrx_word' id='word_1_441' title='bbox 903 3163 1166 3223; x_wconf 86' lang='lat' dir='ltr'><strong>nostram,</strong></span> <span class='ocrx_word' id='word_1_442' title='bbox 1189 3173 1220 3211; x_wconf 88' lang='lat' dir='ltr'><strong>a-</strong></span> <span class='ocrx_word' id='word_1_443' title='bbox 1244 3157 1352 3213; x_wconf 87' lang='lat' dir='ltr'><strong>Deo</strong></span> <span class='ocrx_word' id='word_1_444' title='bbox 1383 3167 1678 3225; x_wconf 88' lang='lat' dir='ltr'><strong>servatam,</strong></span> <span class='ocrx_word' id='word_1_445' title='bbox 1709 3176 1806 3231; x_wconf 89' lang='lat' dir='ltr'><strong>per</strong></span> <span class='ocrx_word' id='word_1_446' title='bbox 1839 3161 2068 3218; x_wconf 85' lang='lat' dir='ltr'><strong>istorum</strong></span> 
     </span>
    </p>
   </div>
   <div class='ocr_carea' id='block_1_63' title="bbox 493 3243 2069 3320">
    <p class='ocr_par' dir='ltr' id='par_1_63' title="bbox 493 3243 2069 3320">
     <span class='ocr_line' id='line_1_63' title="bbox 493 3243 2069 3320; baseline 0.008 -24"><span class='ocrx_word' id='word_1_447' title='bbox 493 3243 596 3298; x_wconf 67' lang='lat' dir='ltr'><strong>viae</strong></span> <span class='ocrx_word' id='word_1_448' title='bbox 623 3243 819 3300; x_wconf 89' lang='lat' dir='ltr'><strong>ducem</strong></span> <span class='ocrx_word' id='word_1_449' title='bbox 858 3248 1352 3320; x_wconf 86' lang='lat' dir='ltr'><strong>sospitatoremque</strong></span> <span class='ocrx_word' id='word_1_450' title='bbox 1385 3259 1633 3306; x_wconf 86' lang='lat' dir='ltr'><strong>nostrum</strong></span> <span class='ocrx_word' id='word_1_451' title='bbox 1668 3267 1734 3307; x_wconf 82' lang='lat' dir='ltr'><strong>ac</strong></span> <span class='ocrx_word' id='word_1_452' title='bbox 1759 3261 2069 3308; x_wconf 87' lang='lat' dir='ltr'><strong>curatorem</strong></span> 
     </span>
    </p>
   </div>
   <div class='ocr_carea' id='block_1_64' title="bbox 495 3335 2071 3408">
    <p class='ocr_par' dir='ltr' id='par_1_64' title="bbox 495 3335 2071 3408">
     <span class='ocr_line' id='line_1_64' title="bbox 495 3335 2071 3408; baseline 0.008 -22"><span class='ocrx_word' id='word_1_453' title='bbox 495 3335 825 3391; x_wconf 81' lang='lat' dir='ltr'><strong>Demetrium</strong></span> <span class='ocrx_word' id='word_1_454' title='bbox 856 3337 1070 3394; x_wconf 85' lang='lat' dir='ltr'><strong>liberati</strong></span> <span class='ocrx_word' id='word_1_455' title='bbox 1099 3349 1304 3405; x_wconf 87' lang='lat' dir='ltr'><strong>essent,</strong></span> <span class='ocrx_word' id='word_1_456' title='bbox 1332 3341 1652 3408; x_wconf 84' lang='lat' dir='ltr'><strong>suﬂ‘errent,</strong></span> <span class='ocrx_word' id='word_1_457' title='bbox 1691 3345 1894 3400; x_wconf 81' lang='lat' dir='ltr'><strong>evenit.</strong></span> <span class='ocrx_word' id='word_1_458' title='bbox 1931 3345 2071 3399; x_wconf 85' lang='lat' dir='ltr'><strong>Hinc</strong></span> 
     </span>
    </p>
   </div>
   <div class='ocr_carea' id='block_1_65' title="bbox 489 3424 2070 3506">
    <p class='ocr_par' dir='ltr' id='par_1_65' title="bbox 489 3424 2070 3506">
     <span class='ocr_line' id='line_1_65' title="bbox 489 3424 2070 3506; baseline 0.007 -25"><span class='ocrx_word' id='word_1_459' title='bbox 489 3428 658 3499; x_wconf 81' lang='lat' dir='ltr'><strong>igitur</strong></span> <span class='ocrx_word' id='word_1_460' title='bbox 690 3429 743 3483; x_wconf 90' lang='lat' dir='ltr'><strong>id</strong></span> <span class='ocrx_word' id='word_1_461' title='bbox 776 3429 883 3484; x_wconf 92' lang='lat' dir='ltr'><strong>illis</strong></span> <span class='ocrx_word' id='word_1_462' title='bbox 911 3433 1298 3487; x_wconf 87' lang='lat' dir='ltr'><strong>amaritudinis</strong></span> <span class='ocrx_word' id='word_1_463' title='bbox 1327 3433 1503 3488; x_wconf 82' lang='lat' dir='ltr'><strong>fomes</strong></span> <span class='ocrx_word' id='word_1_464' title='bbox 1537 3424 1623 3490; x_wconf 88' lang='lat' dir='ltr'><strong>est</strong></span> <span class='ocrx_word' id='word_1_465' title='bbox 1667 3434 1891 3503; x_wconf 79' lang='lat' dir='ltr'><strong>factum,</strong></span> <span class='ocrx_word' id='word_1_466' title='bbox 1923 3437 2070 3506; x_wconf 85' lang='lat' dir='ltr'><strong>quod</strong></span> 
     </span>
    </p>
   </div>
   <div class='ocr_carea' id='block_1_66' title="bbox 488 3523 2069 3593">
    <p class='ocr_par' dir='ltr' id='par_1_66' title="bbox 488 3523 2069 3593">
     <span class='ocr_line' id='line_1_66' title="bbox 488 3523 2069 3593; baseline 0.006 -19"><span class='ocrx_word' id='word_1_467' title='bbox 488 3529 853 3592; x_wconf 68' lang='lat' dir='ltr'><strong>praeterquam</strong></span> <span class='ocrx_word' id='word_1_468' title='bbox 888 3523 1031 3592; x_wconf 90' lang='lat' dir='ltr'><strong>quod</strong></span> <span class='ocrx_word' id='word_1_469' title='bbox 1064 3523 1350 3593; x_wconf 88' lang='lat' dir='ltr'><strong>mancipiis</strong></span> <span class='ocrx_word' id='word_1_470' title='bbox 1376 3525 1728 3591; x_wconf 80' lang='lat' dir='ltr'><strong>orbarentur,</strong></span> <span class='ocrx_word' id='word_1_471' title='bbox 1757 3526 1879 3581; x_wconf 91' lang='lat' dir='ltr'><strong>aliis</strong></span> <span class='ocrx_word' id='word_1_472' title='bbox 1901 3528 2069 3584; x_wconf 90' lang='lat' dir='ltr'><strong>etiam</strong></span> 
     </span>
    </p>
   </div>
   <div class='ocr_carea' id='block_1_67' title="bbox 488 3615 2071 3691">
    <p class='ocr_par' dir='ltr' id='par_1_67' title="bbox 488 3615 2071 3691">
     <span class='ocr_line' id='line_1_67' title="bbox 488 3615 2071 3691; baseline 0.004 -21"><span class='ocrx_word' id='word_1_473' title='bbox 488 3615 836 3686; x_wconf 88' lang='lat' dir='ltr'><strong>quibusdam,</strong></span> <span class='ocrx_word' id='word_1_474' title='bbox 869 3631 990 3687; x_wconf 70' lang='lat' dir='ltr'><strong>quae</strong></span> <span class='ocrx_word' id='word_1_475' title='bbox 1025 3616 1104 3672; x_wconf 89' lang='lat' dir='ltr'><strong>illi</strong></span> <span class='ocrx_word' id='word_1_476' title='bbox 1141 3617 1372 3686; x_wconf 69' lang='lat' dir='ltr'><strong>prazdati</strong></span> <span class='ocrx_word' id='word_1_477' title='bbox 1407 3617 1645 3684; x_wconf 80' lang='lat' dir='ltr'><strong>fuerant,</strong></span> <span class='ocrx_word' id='word_1_478' title='bbox 1677 3619 1968 3691; x_wconf 86' lang='lat' dir='ltr'><strong>surreptis,</strong></span> <span class='ocrx_word' id='word_1_479' title='bbox 2002 3620 2071 3676; x_wconf 89' lang='lat' dir='ltr'><strong>ad</strong></span> 
     </span>
    </p>
   </div>
   <div class='ocr_carea' id='block_1_68' title="bbox 489 3707 2072 3784">
    <p class='ocr_par' dir='ltr' id='par_1_68' title="bbox 489 3707 2072 3784">
     <span class='ocr_line' id='line_1_68' title="bbox 489 3707 2072 3784; baseline 0.006 -25"><span class='ocrx_word' id='word_1_480' title='bbox 489 3723 587 3763; x_wconf 84' lang='lat' dir='ltr'><strong>eos</strong></span> <span class='ocrx_word' id='word_1_481' title='bbox 613 3707 706 3778; x_wconf 92' lang='lat' dir='ltr'><strong>qui</strong></span> <span class='ocrx_word' id='word_1_482' title='bbox 737 3707 827 3764; x_wconf 93' lang='lat' dir='ltr'><strong>bic</strong></span> <span class='ocrx_word' id='word_1_483' title='bbox 860 3718 1009 3778; x_wconf 86' lang='lat' dir='ltr'><strong>sunt,</strong></span> <span class='ocrx_word' id='word_1_484' title='bbox 1037 3709 1384 3781; x_wconf 79' lang='lat' dir='ltr'><strong>aufugerent.</strong></span> <span class='ocrx_word' id='word_1_485' title='bbox 1421 3709 1463 3764; x_wconf 87' lang='lat' dir='ltr'><strong>E</strong></span> <span class='ocrx_word' id='word_1_486' title='bbox 1505 3711 1695 3768; x_wconf 92' lang='lat' dir='ltr'><strong>dolore</strong></span> <span class='ocrx_word' id='word_1_487' title='bbox 1737 3713 1920 3784; x_wconf 87' lang='lat' dir='ltr'><strong>itaque</strong></span> <span class='ocrx_word' id='word_1_488' title='bbox 1955 3728 2072 3768; x_wconf 83' lang='lat' dir='ltr'><strong>ma-</strong></span> 
     </span>
    </p>
   </div>
   <div class='ocr_carea' id='block_1_69' title="bbox 490 3799 2068 3875">
    <p class='ocr_par' dir='ltr' id='par_1_69' title="bbox 490 3799 2068 3875">
     <span class='ocr_line' id='line_1_69' title="bbox 490 3799 2068 3875; baseline 0.003 -22"><span class='ocrx_word' id='word_1_489' title='bbox 490 3799 638 3854; x_wconf 75' lang='lat' dir='ltr'><strong>ximo</strong></span> <span class='ocrx_word' id='word_1_490' title='bbox 668 3799 954 3855; x_wconf 88' lang='lat' dir='ltr'><strong>consilium</strong></span> <span class='ocrx_word' id='word_1_491' title='bbox 980 3800 1172 3866; x_wconf 88' lang='lat' dir='ltr'><strong>iniere,</strong></span> <span class='ocrx_word' id='word_1_492' title='bbox 1201 3801 1544 3871; x_wconf 89' lang='lat' dir='ltr'><strong>plurimaque</strong></span> <span class='ocrx_word' id='word_1_493' title='bbox 1573 3813 1901 3875; x_wconf 84' lang='lat' dir='ltr'><strong>congregata</strong></span> <span class='ocrx_word' id='word_1_494' title='bbox 1927 3803 2068 3859; x_wconf 88' lang='lat' dir='ltr'><strong>dona</strong></span> 
     </span>
    </p>
   </div>
   <div class='ocr_carea' id='block_1_70' title="bbox 489 3892 2071 3967">
    <p class='ocr_par' dir='ltr' id='par_1_70' title="bbox 489 3892 2071 3967">
     <span class='ocr_line' id='line_1_70' title="bbox 489 3892 2071 3967; baseline 0.003 -19"><span class='ocrx_word' id='word_1_495' title='bbox 489 3909 588 3964; x_wconf 80' lang='lat' dir='ltr'><strong>per</strong></span> <span class='ocrx_word' id='word_1_496' title='bbox 629 3894 1013 3966; x_wconf 89' lang='lat' dir='ltr'><strong>apocrisiarios</strong></span> <span class='ocrx_word' id='word_1_497' title='bbox 1031 3893 1142 3966; x_wconf 75' lang='lat'><strong>(53)</strong></span> <span class='ocrx_word' id='word_1_498' title='bbox 1179 3892 1247 3950; x_wconf 89' lang='lat' dir='ltr'><strong>ad</strong></span> <span class='ocrx_word' id='word_1_499' title='bbox 1276 3893 1516 3950; x_wconf 81' lang='lat' dir='ltr'><strong>Avarum</strong></span> <span class='ocrx_word' id='word_1_500' title='bbox 1553 3897 1859 3967; x_wconf 82' lang='lat' dir='ltr'><strong>chaganum</strong></span> <span class='ocrx_word' id='word_1_501' title='bbox 1897 3896 2071 3953; x_wconf 82' lang='lat' dir='ltr'><strong>mise—</strong></span> 
     </span>
    </p>
   </div>
   <div class='ocr_carea' id='block_1_71' title="bbox 490 3987 2072 4061">
    <p class='ocr_par' dir='ltr' id='par_1_71' title="bbox 490 3987 2072 4061">
     <span class='ocr_line' id='line_1_71' title="bbox 490 3987 2072 4061; baseline 0.004 -20"><span class='ocrx_word' id='word_1_502' title='bbox 490 3997 640 4054; x_wconf 90' lang='lat' dir='ltr'><strong>runt,</strong></span> <span class='ocrx_word' id='word_1_503' title='bbox 685 4003 809 4044; x_wconf 88' lang='lat' dir='ltr'><strong>sese</strong></span> <span class='ocrx_word' id='word_1_504' title='bbox 835 3998 1100 4060; x_wconf 67' lang='lat' dir='ltr'><strong>praeterea</strong></span> <span class='ocrx_word' id='word_1_505' title='bbox 1131 3987 1354 4060; x_wconf 90' lang='lat' dir='ltr'><strong>plurimi</strong></span> <span class='ocrx_word' id='word_1_506' title='bbox 1396 3989 1758 4059; x_wconf 89' lang='lat' dir='ltr'><strong>pecuniarum</strong></span> <span class='ocrx_word' id='word_1_507' title='bbox 1811 3990 2072 4061; x_wconf 86' lang='lat' dir='ltr'><strong>ponderis</strong></span> 
     </span>
    </p>
   </div>
   <div class='ocr_carea' id='block_1_72' title="bbox 491 4080 2070 4153">
    <p class='ocr_par' dir='ltr' id='par_1_72' title="bbox 491 4080 2070 4153">
     <span class='ocr_line' id='line_1_72' title="bbox 491 4080 2070 4153; baseline 0.003 -19"><span class='ocrx_word' id='word_1_508' title='bbox 491 4098 598 4138; x_wconf 86' lang='lat' dir='ltr'><strong>una</strong></span> <span class='ocrx_word' id='word_1_509' title='bbox 624 4097 749 4138; x_wconf 90' lang='lat' dir='ltr'><strong>eum</strong></span> <span class='ocrx_word' id='word_1_510' title='bbox 783 4083 851 4138; x_wconf 90' lang='lat' dir='ltr'><strong>iis</strong></span> <span class='ocrx_word' id='word_1_511' title='bbox 879 4097 1021 4153; x_wconf 59' lang='lat' dir='ltr'><strong>quae,</strong></span> <span class='ocrx_word' id='word_1_512' title='bbox 1047 4090 1107 4136; x_wconf 88' lang='lat' dir='ltr'><strong>ut</strong></span> <span class='ocrx_word' id='word_1_513' title='bbox 1137 4080 1239 4152; x_wconf 90' lang='lat' dir='ltr'><strong>ipsi</strong></span> <span class='ocrx_word' id='word_1_514' title='bbox 1269 4080 1548 4147; x_wconf 83' lang='lat' dir='ltr'><strong>dicebant,</strong></span> <span class='ocrx_word' id='word_1_515' title='bbox 1576 4096 1608 4136; x_wconf 90' lang='lat' dir='ltr'><strong>e</strong></span> <span class='ocrx_word' id='word_1_516' title='bbox 1636 4080 1858 4138; x_wconf 90' lang='lat' dir='ltr'><strong>civitate</strong></span> <span class='ocrx_word' id='word_1_517' title='bbox 1883 4091 2070 4139; x_wconf 89' lang='lat' dir='ltr'><strong>nostra</strong></span> 
     </span>
    </p>
   </div>
   <div class='ocr_carea' id='block_1_73' title="bbox 489 4173 2070 4248">
    <p class='ocr_par' dir='ltr' id='par_1_73' title="bbox 489 4173 2070 4248">
     <span class='ocr_line' id='line_1_73' title="bbox 489 4173 2070 4248; baseline 0.001 -18"><span class='ocrx_word' id='word_1_518' title='bbox 489 4177 789 4248; x_wconf 67' lang='lat' dir='ltr'><strong>praedaturi</strong></span> <span class='ocrx_word' id='word_1_519' title='bbox 829 4182 1036 4242; x_wconf 88' lang='lat' dir='ltr'><strong>essent,</strong></span> <span class='ocrx_word' id='word_1_520' title='bbox 1063 4174 1486 4246; x_wconf 88' lang='lat' dir='ltr'><strong>promissionem</strong></span> <span class='ocrx_word' id='word_1_521' title='bbox 1520 4173 1817 4247; x_wconf 76' lang='lat' dir='ltr'><strong>adiungere</strong></span> <span class='ocrx_word' id='word_1_522' title='bbox 1847 4191 2070 4232; x_wconf 85' lang='lat' dir='ltr'><strong>annun-</strong></span> 
     </span>
    </p>
   </div>
   <div class='ocr_carea' id='block_1_74' title="bbox 491 4268 2068 4342">
    <p class='ocr_par' dir='ltr' id='par_1_74' title="bbox 491 4268 2068 4342">
     <span class='ocr_line' id='line_1_74' title="bbox 491 4268 2068 4342; baseline -0.001 -17"><span class='ocrx_word' id='word_1_523' title='bbox 491 4274 708 4335; x_wconf 73' lang='lat' dir='ltr'><strong>tEantes,</strong></span> <span class='ocrx_word' id='word_1_524' title='bbox 739 4271 784 4327; x_wconf 92' lang='lat' dir='ltr'><strong>si</strong></span> <span class='ocrx_word' id='word_1_525' title='bbox 811 4269 947 4342; x_wconf 89' lang='lat' dir='ltr'><strong>ipsis</strong></span> <span class='ocrx_word' id='word_1_526' title='bbox 974 4269 1041 4325; x_wconf 87' lang='lat' dir='ltr'><strong>ad</strong></span> <span class='ocrx_word' id='word_1_527' title='bbox 1083 4268 1189 4324; x_wconf 87' lang='lat' dir='ltr'><strong>hoc</strong></span> <span class='ocrx_word' id='word_1_528' title='bbox 1217 4269 1365 4324; x_wconf 89' lang='lat' dir='ltr'><strong>socia</strong></span> <span class='ocrx_word' id='word_1_529' title='bbox 1396 4283 1546 4324; x_wconf 87' lang='lat' dir='ltr'><strong>arma</strong></span> <span class='ocrx_word' id='word_1_530' title='bbox 1574 4268 1739 4324; x_wconf 81' lang='lat' dir='ltr'><strong>vellet</strong></span> <span class='ocrx_word' id='word_1_531' title='bbox 1779 4269 2023 4340; x_wconf 84' lang='lat' dir='ltr'><strong>praebere</strong></span> <span class='ocrx_word' id='word_1_532' title='bbox 2054 4288 2068 4324; x_wconf 91' lang='lat'>:</span> 
     </span>
    </p>
   </div>
   <div class='ocr_carea' id='block_1_75' title="bbox 489 4360 2061 4434">
    <p class='ocr_par' dir='ltr' id='par_1_75' title="bbox 489 4360 2061 4434">
     <span class='ocr_line' id='line_1_75' title="bbox 489 4360 2061 4434; baseline 0 -16"><span class='ocrx_word' id='word_1_533' title='bbox 489 4381 613 4418; x_wconf 85' lang='lat' dir='ltr'><strong>cum</strong></span> <span class='ocrx_word' id='word_1_534' title='bbox 644 4363 838 4419; x_wconf 87' lang='lat' dir='ltr'><strong>civitas</strong></span> <span class='ocrx_word' id='word_1_535' title='bbox 865 4363 1008 4434; x_wconf 91' lang='lat' dir='ltr'><strong>apud</strong></span> <span class='ocrx_word' id='word_1_536' title='bbox 1033 4363 1329 4434; x_wconf 81' lang='lat' dir='ltr'><strong>ipsummet</strong></span> <span class='ocrx_word' id='word_1_537' title='bbox 1361 4360 1535 4418; x_wconf 80' lang='lat' dir='ltr'><strong>facilis</strong></span> <span class='ocrx_word' id='word_1_538' title='bbox 1560 4372 1874 4434; x_wconf 82' lang='lat' dir='ltr'><strong>expugnatu</strong></span> <span class='ocrx_word' id='word_1_539' title='bbox 1902 4377 2061 4434; x_wconf 86' lang='lat' dir='ltr'><strong>agno-</strong></span> 
     </span>
    </p>
   </div>
   <div class='ocr_carea' id='block_1_76' title="bbox 2174 3161 3777 3235">
    <p class='ocr_par' dir='ltr' id='par_1_76' title="bbox 2174 3161 3777 3235">
     <span class='ocr_line' id='line_1_76' title="bbox 2174 3161 3777 3235; baseline -0.002 -15"><span class='ocrx_word' id='word_1_540' title='bbox 2174 3167 2266 3220; x_wconf 80' lang='grc' dir='ltr'>ὑπ’</span> <span class='ocrx_word' id='word_1_541' title='bbox 2294 3165 2474 3219; x_wconf 79' lang='grc' dir='ltr'>αὐτῶν</span> <span class='ocrx_word' id='word_1_542' title='bbox 2497 3163 3044 3235; x_wconf 74' lang='grc' dir='ltr'>αἰχμαλωτισθέντας</span> <span class='ocrx_word' id='word_1_543' title='bbox 3068 3163 3150 3226; x_wconf 88' lang='grc' dir='ltr'><strong>εἰς</strong></span> <span class='ocrx_word' id='word_1_544' title='bbox 3179 3161 3279 3234; x_wconf 78' lang='grc' dir='ltr'>τὴν</span> <span class='ocrx_word' id='word_1_545' title='bbox 3301 3163 3426 3216; x_wconf 82' lang='grc' dir='ltr'>καθ’</span> <span class='ocrx_word' id='word_1_546' title='bbox 3457 3164 3606 3232; x_wconf 78' lang='grc' dir='ltr'>ἡμᾶς</span> <span class='ocrx_word' id='word_1_547' title='bbox 3634 3164 3777 3217; x_wconf 77' lang='grc' dir='ltr'>ἁπο-</span> 
     </span>
    </p>
   </div>
   <div class='ocr_carea' id='block_1_77' title="bbox 2175 3253 3778 3328">
    <p class='ocr_par' dir='ltr' id='par_1_77' title="bbox 2175 3253 3778 3328">
     <span class='ocr_line' id='line_1_77' title="bbox 2175 3253 3778 3328; baseline -0.003 -17"><span class='ocrx_word' id='word_1_548' title='bbox 2175 3257 2483 3328; x_wconf 82' lang='grc' dir='ltr'>φεύγοντας</span> <span class='ocrx_word' id='word_1_549' title='bbox 2529 3257 2834 3310; x_wconf 83' lang='grc' dir='ltr'>θεόσωστον</span> <span class='ocrx_word' id='word_1_550' title='bbox 2873 3255 3030 3308; x_wconf 87' lang='grc' dir='ltr'>πόλιν</span> <span class='ocrx_word' id='word_1_551' title='bbox 3070 3253 3492 3324; x_wconf 73' lang='grc' dir='ltr'>ἐλευθεροῦσθαι</span> <span class='ocrx_word' id='word_1_552' title='bbox 3538 3254 3628 3308; x_wconf 67' lang='grc' dir='ltr'>διὰ</span> <span class='ocrx_word' id='word_1_553' title='bbox 3672 3255 3778 3308; x_wconf 77' lang='grc' dir='ltr'><strong>τοῦ</strong></span> 
     </span>
    </p>
   </div>
   <div class='ocr_carea' id='block_1_78' title="bbox 2171 3346 3774 3421">
    <p class='ocr_par' dir='ltr' id='par_1_78' title="bbox 2171 3346 3774 3421">
     <span class='ocr_line' id='line_1_78' title="bbox 2171 3346 3774 3421; baseline -0.001 -18"><span class='ocrx_word' id='word_1_554' title='bbox 2171 3347 2371 3421; x_wconf 77' lang='grc' dir='ltr'>δδηγοῦ</span> <span class='ocrx_word' id='word_1_555' title='bbox 2419 3348 2519 3402; x_wconf 75' lang='grc' dir='ltr'>καὶ</span> <span class='ocrx_word' id='word_1_556' title='bbox 2563 3349 2843 3419; x_wconf 87' lang='grc' dir='ltr'>λυτρωτοῦ</span> <span class='ocrx_word' id='word_1_557' title='bbox 2892 3347 3075 3402; x_wconf 82' lang='grc' dir='ltr'>αύτῶν</span> <span class='ocrx_word' id='word_1_558' title='bbox 3135 3346 3232 3400; x_wconf 79' lang='grc' dir='ltr'><strong>καί</strong></span> <span class='ocrx_word' id='word_1_559' title='bbox 3267 3347 3427 3418; x_wconf 73' lang='grc' dir='ltr'>ἡμῶν</span> <span class='ocrx_word' id='word_1_560' title='bbox 3467 3347 3774 3418; x_wconf 81' lang='grc' dir='ltr'>κηδεμόνος</span> 
     </span>
    </p>
   </div>
   <div class='ocr_carea' id='block_1_79' title="bbox 2173 3439 3773 3512">
    <p class='ocr_par' dir='ltr' id='par_1_79' title="bbox 2173 3439 3773 3512">
     <span class='ocr_line' id='line_1_79' title="bbox 2173 3439 3773 3512; baseline 0.002 -19"><span class='ocrx_word' id='word_1_561' title='bbox 2173 3439 2514 3512; x_wconf 83' lang='grc' dir='ltr'>Δημητρίου.</span> <span class='ocrx_word' id='word_1_562' title='bbox 2554 3440 2751 3496; x_wconf 81' lang='grc' dir='ltr'>Ἔνθεν</span> <span class='ocrx_word' id='word_1_563' title='bbox 2780 3439 2873 3496; x_wconf 75' lang='grc' dir='ltr'><strong>οὖν</strong></span> <span class='ocrx_word' id='word_1_564' title='bbox 2925 3439 3154 3510; x_wconf 85' lang='grc' dir='ltr'>πικρίας</span> <span class='ocrx_word' id='word_1_565' title='bbox 3197 3439 3383 3504; x_wconf 79' lang='grc' dir='ltr'>αὐτοῖς</span> <span class='ocrx_word' id='word_1_566' title='bbox 3428 3441 3773 3505; x_wconf 74' lang='grc' dir='ltr'>ὑπέκκαυμα</span> 
     </span>
    </p>
   </div>
   <div class='ocr_carea' id='block_1_80' title="bbox 2173 3529 3776 3605">
    <p class='ocr_par' dir='ltr' id='par_1_80' title="bbox 2173 3529 3776 3605">
     <span class='ocr_line' id='line_1_80' title="bbox 2173 3529 3776 3605; baseline 0.002 -19"><span class='ocrx_word' id='word_1_567' title='bbox 2173 3532 2333 3587; x_wconf 84' lang='grc' dir='ltr'>τοῦτο</span> <span class='ocrx_word' id='word_1_568' title='bbox 2361 3531 2597 3601; x_wconf 86' lang='grc' dir='ltr'>γίνεται,</span> <span class='ocrx_word' id='word_1_569' title='bbox 2625 3532 2821 3604; x_wconf 85' lang='grc' dir='ltr'>ὅτιπερ</span> <span class='ocrx_word' id='word_1_570' title='bbox 2847 3531 2986 3605; x_wconf 79' lang='grc' dir='ltr'>πρὸς</span> <span class='ocrx_word' id='word_1_571' title='bbox 3016 3529 3100 3597; x_wconf 76' lang='grc' dir='ltr'><strong>οἷς</strong></span> <span class='ocrx_word' id='word_1_572' title='bbox 3129 3532 3240 3587; x_wconf 85' lang='grc' dir='ltr'><strong>τῶν</strong></span> <span class='ocrx_word' id='word_1_573' title='bbox 3263 3532 3614 3604; x_wconf 80' lang='grc' dir='ltr'>ἀνδραπόδων</span> <span class='ocrx_word' id='word_1_574' title='bbox 3648 3551 3776 3589; x_wconf 74' lang='grc' dir='ltr'>στε-</span> 
     </span>
    </p>
   </div>
   <div class='ocr_carea' id='block_1_81' title="bbox 2178 3623 3771 3696">
    <p class='ocr_par' dir='ltr' id='par_1_81' title="bbox 2178 3623 3771 3696">
     <span class='ocr_line' id='line_1_81' title="bbox 2178 3623 3771 3696; baseline 0.001 -18"><span class='ocrx_word' id='word_1_575' title='bbox 2178 3623 2418 3696; x_wconf 77' lang='grc' dir='ltr'>ροῦνται,</span> <span class='ocrx_word' id='word_1_576' title='bbox 2456 3623 2594 3678; x_wconf 78' lang='grc' dir='ltr'>ἀλλὰ</span> <span class='ocrx_word' id='word_1_577' title='bbox 2636 3623 2734 3678; x_wconf 86' lang='grc' dir='ltr'><strong>καί</strong></span> <span class='ocrx_word' id='word_1_578' title='bbox 2772 3641 2897 3678; x_wconf 89' lang='grc' dir='ltr'>τινα</span> <span class='ocrx_word' id='word_1_579' title='bbox 2930 3623 3041 3678; x_wconf 83' lang='grc' dir='ltr'>τῶν</span> <span class='ocrx_word' id='word_1_580' title='bbox 3084 3623 3300 3680; x_wconf 80' lang='grc' dir='ltr'>σκύλων</span> <span class='ocrx_word' id='word_1_581' title='bbox 3342 3624 3445 3695; x_wconf 78' lang='grc' dir='ltr'><strong>τῆς</strong></span> <span class='ocrx_word' id='word_1_582' title='bbox 3479 3625 3538 3691; x_wconf 74' lang='grc' dir='ltr'>ἐξ</span> <span class='ocrx_word' id='word_1_583' title='bbox 3580 3627 3771 3681; x_wconf 81' lang='grc' dir='ltr'>αὐτῶν</span> 
     </span>
    </p>
   </div>
   <div class='ocr_carea' id='block_1_82' title="bbox 2173 3717 3769 3789">
    <p class='ocr_par' dir='ltr' id='par_1_82' title="bbox 2173 3717 3769 3789">
     <span class='ocr_line' id='line_1_82' title="bbox 2173 3717 3769 3789; baseline 0.001 -17"><span class='ocrx_word' id='word_1_584' title='bbox 2173 3717 2498 3789; x_wconf 78' lang='grc' dir='ltr'>πορθήσεως</span> <span class='ocrx_word' id='word_1_585' title='bbox 2535 3717 2910 3788; x_wconf 81' lang='grc' dir='ltr'>λαμϐάνοντες</span> <span class='ocrx_word' id='word_1_586' title='bbox 2951 3717 3091 3787; x_wconf 77' lang='grc' dir='ltr'>πρὸς</span> <span class='ocrx_word' id='word_1_587' title='bbox 3135 3719 3263 3781; x_wconf 71' lang='grc' dir='ltr'>τοὺς</span> <span class='ocrx_word' id='word_1_588' title='bbox 3301 3718 3539 3774; x_wconf 70' lang='grc' dir='ltr'>ἐνταῦθα</span> <span class='ocrx_word' id='word_1_589' title='bbox 3567 3720 3769 3774; x_wconf 75' lang='grc' dir='ltr'>ἀποδι-</span> 
     </span>
    </p>
   </div>
   <div class='ocr_carea' id='block_1_83' title="bbox 2173 3807 3766 3884">
    <p class='ocr_par' dir='ltr' id='par_1_83' title="bbox 2173 3807 3766 3884">
     <span class='ocr_line' id='line_1_83' title="bbox 2173 3807 3766 3884; baseline 0.002 -21"><span class='ocrx_word' id='word_1_590' title='bbox 2173 3811 2528 3877; x_wconf 82' lang='grc' dir='ltr'>δράσκουσιν.</span> <span class='ocrx_word' id='word_1_591' title='bbox 2571 3810 2771 3881; x_wconf 54' lang='lat' dir='ltr'><strong>aurci;</strong></span> <span class='ocrx_word' id='word_1_592' title='bbox 2807 3807 2902 3864; x_wconf 81' lang='grc' dir='ltr'><strong>οῦν</strong></span> <span class='ocrx_word' id='word_1_593' title='bbox 2934 3811 3149 3876; x_wconf 83' lang='grc' dir='ltr'>τούτοις</span> <span class='ocrx_word' id='word_1_594' title='bbox 3185 3813 3250 3866; x_wconf 82' lang='grc' dir='ltr'>ὲκ</span> <span class='ocrx_word' id='word_1_595' title='bbox 3283 3812 3448 3866; x_wconf 85' lang='grc' dir='ltr'>πόνου</span> <span class='ocrx_word' id='word_1_596' title='bbox 3498 3813 3766 3884; x_wconf 79' lang='grc' dir='ltr'>μεγίστου</span> 
     </span>
    </p>
   </div>
   <div class='ocr_carea' id='block_1_84' title="bbox 2174 3903 3770 3978">
    <p class='ocr_par' dir='ltr' id='par_1_84' title="bbox 2174 3903 3770 3978">
     <span class='ocr_line' id='line_1_84' title="bbox 2174 3903 3770 3978; baseline 0.003 -23"><span class='ocrx_word' id='word_1_597' title='bbox 2174 3903 2496 3974; x_wconf 73' lang='grc' dir='ltr'>γεγένηται,</span> <span class='ocrx_word' id='word_1_598' title='bbox 2523 3905 2620 3956; x_wconf 77' lang='grc' dir='ltr'><strong>καὶ</strong></span> <span class='ocrx_word' id='word_1_599' title='bbox 2665 3903 2818 3974; x_wconf 84' lang='grc' dir='ltr'>δῶρα</span> <span class='ocrx_word' id='word_1_600' title='bbox 2861 3903 3160 3974; x_wconf 78' lang='grc' dir='ltr'>πάμπολλα</span> <span class='ocrx_word' id='word_1_601' title='bbox 3191 3904 3651 3976; x_wconf 82' lang='grc' dir='ltr'>συναθροίσαντες</span> <span class='ocrx_word' id='word_1_602' title='bbox 3684 3907 3770 3978; x_wconf 76' lang='grc' dir='ltr'>τῷ</span> 
     </span>
    </p>
   </div>
   <div class='ocr_carea' id='block_1_85' title="bbox 2174 3994 3772 4069">
    <p class='ocr_par' dir='ltr' id='par_1_85' title="bbox 2174 3994 3772 4069">
     <span class='ocr_line' id='line_1_85' title="bbox 2174 3994 3772 4069; baseline 0.002 -21"><span class='ocrx_word' id='word_1_603' title='bbox 2174 3994 2284 4048; x_wconf 84' lang='grc' dir='ltr'><strong>τῶν</strong></span> <span class='ocrx_word' id='word_1_604' title='bbox 2335 3994 2589 4063; x_wconf 81' lang='grc' dir='ltr'>Ἀϐἀρων</span> <span class='ocrx_word' id='word_1_605' title='bbox 2635 3995 2862 4067; x_wconf 80' lang='grc' dir='ltr'>χαγάνῳ</span> <span class='ocrx_word' id='word_1_606' title='bbox 2902 3996 2970 4050; x_wconf 83' lang='grc' dir='ltr'>δι’</span> <span class='ocrx_word' id='word_1_607' title='bbox 3013 3996 3460 4069; x_wconf 82' lang='grc' dir='ltr'>ἀποκρισιαρίων</span> <span class='ocrx_word' id='word_1_608' title='bbox 3509 3997 3772 4052; x_wconf 74' lang='grc' dir='ltr'>ἔστειλαν</span> 
     </span>
    </p>
   </div>
   <div class='ocr_carea' id='block_1_86' title="bbox 2175 4084 3772 4158">
    <p class='ocr_par' dir='ltr' id='par_1_86' title="bbox 2175 4084 3772 4158">
     <span class='ocr_line' id='line_1_86' title="bbox 2175 4084 3772 4158; baseline 0.002 -20"><span class='ocrx_word' id='word_1_609' title='bbox 2175 4085 2477 4156; x_wconf 80' lang='grc' dir='ltr'>ὗπόσχεσιν</span> <span class='ocrx_word' id='word_1_610' title='bbox 2519 4084 2781 4156; x_wconf 87' lang='grc' dir='ltr'>πλείστης</span> <span class='ocrx_word' id='word_1_611' title='bbox 2813 4086 2981 4157; x_wconf 81' lang='grc' dir='ltr'>δλκῆς</span> <span class='ocrx_word' id='word_1_612' title='bbox 3009 4086 3313 4157; x_wconf 77' lang='grc' dir='ltr'>χρημάτων</span> <span class='ocrx_word' id='word_1_613' title='bbox 3347 4086 3487 4158; x_wconf 71' lang='grc' dir='ltr'>μετὰ</span> <span class='ocrx_word' id='word_1_614' title='bbox 3526 4089 3620 4141; x_wconf 70' lang='grc' dir='ltr'><strong>καὶ</strong></span> <span class='ocrx_word' id='word_1_615' title='bbox 3651 4089 3772 4146; x_wconf 85' lang='grc' dir='ltr'>τῶν</span> 
     </span>
    </p>
   </div>
   <div class='ocr_carea' id='block_1_87' title="bbox 2178 4175 3769 4250">
    <p class='ocr_par' dir='ltr' id='par_1_87' title="bbox 2178 4175 3769 4250">
     <span class='ocr_line' id='line_1_87' title="bbox 2178 4175 3769 4250; baseline 0.001 -20"><span class='ocrx_word' id='word_1_616' title='bbox 2178 4176 2487 4248; x_wconf 82' lang='grc' dir='ltr'>μελλόντων</span> <span class='ocrx_word' id='word_1_617' title='bbox 2508 4175 2805 4247; x_wconf 78' lang='grc' dir='ltr'>πορθῆσαι,</span> <span class='ocrx_word' id='word_1_618' title='bbox 2835 4176 2910 4240; x_wconf 87' lang='grc' dir='ltr'>ὡς</span> <span class='ocrx_word' id='word_1_619' title='bbox 2931 4177 3087 4230; x_wconf 80' lang='grc' dir='ltr'><strong>αύτοί</strong></span> <span class='ocrx_word' id='word_1_620' title='bbox 3109 4176 3531 4243; x_wconf 84' lang='grc' dir='ltr'>διεϐεϐαιοῦντο,</span> <span class='ocrx_word' id='word_1_621' title='bbox 3566 4179 3631 4232; x_wconf 80' lang='grc' dir='ltr'>ἐκ</span> <span class='ocrx_word' id='word_1_622' title='bbox 3659 4179 3769 4250; x_wconf 68' lang='grc' dir='ltr'>τῆς</span> 
     </span>
    </p>
   </div>
   <div class='ocr_carea' id='block_1_88' title="bbox 2175 4269 3772 4341">
    <p class='ocr_par' dir='ltr' id='par_1_88' title="bbox 2175 4269 3772 4341">
     <span class='ocr_line' id='line_1_88' title="bbox 2175 4269 3772 4341; baseline 0.001 -18"><span class='ocrx_word' id='word_1_623' title='bbox 2175 4269 2300 4324; x_wconf 87' lang='grc' dir='ltr'>καθ’</span> <span class='ocrx_word' id='word_1_624' title='bbox 2345 4270 2492 4341; x_wconf 75' lang='grc' dir='ltr'>ἡμᾶς</span> <span class='ocrx_word' id='word_1_625' title='bbox 2532 4269 2743 4331; x_wconf 85' lang='grc' dir='ltr'>πόλεως</span> <span class='ocrx_word' id='word_1_626' title='bbox 2769 4269 3035 4339; x_wconf 81' lang='grc' dir='ltr'>παρέχειν</span> <span class='ocrx_word' id='word_1_627' title='bbox 3061 4269 3546 4341; x_wconf 70' lang='grc' dir='ltr'>ὶπαγγειλάμενοι,</span> <span class='ocrx_word' id='word_1_628' title='bbox 3589 4271 3648 4325; x_wconf 80' lang='grc' dir='ltr'>ετ</span> <span class='ocrx_word' id='word_1_629' title='bbox 3699 4290 3772 4341; x_wconf 79' lang='grc' dir='ltr'>γε</span> 
     </span>
    </p>
   </div>
   <div class='ocr_carea' id='block_1_89' title="bbox 2173 4361 3768 4435">
    <p class='ocr_par' dir='ltr' id='par_1_89' title="bbox 2173 4361 3768 4435">
     <span class='ocr_line' id='line_1_89' title="bbox 2173 4361 3768 4435; baseline -0.001 -17"><span class='ocrx_word' id='word_1_630' title='bbox 2173 4363 2274 4434; x_wconf 77' lang='grc' dir='ltr'>τὴν</span> <span class='ocrx_word' id='word_1_631' title='bbox 2307 4362 2476 4417; x_wconf 75' lang='grc' dir='ltr'>αὑτοῦ</span> <span class='ocrx_word' id='word_1_632' title='bbox 2507 4361 2597 4416; x_wconf 73' lang='grc' dir='ltr'><strong>ἐπὶ</strong></span> <span class='ocrx_word' id='word_1_633' title='bbox 2626 4361 2786 4416; x_wconf 87' lang='grc' dir='ltr'>τοῦτο</span> <span class='ocrx_word' id='word_1_634' title='bbox 2818 4361 3158 4433; x_wconf 83' lang='grc' dir='ltr'>παράσχοιεν</span> <span class='ocrx_word' id='word_1_635' title='bbox 3185 4363 3372 4426; x_wconf 73' lang='grc' dir='ltr'>αὐτοῖς</span> <span class='ocrx_word' id='word_1_636' title='bbox 3401 4363 3727 4435; x_wconf 78' lang='grc' dir='ltr'>συμμαχίαν</span> <span class='ocrx_word' id='word_1_637' title='bbox 3751 4382 3768 4395; x_wconf 84' lang='grc'><strong>·</strong></span> 
     </span>
    </p>
   </div>
   <div class='ocr_carea' id='block_1_90' title="bbox 481 4433 2067 4526">
    <p class='ocr_par' dir='ltr' id='par_1_90' title="bbox 481 4433 2064 4526">
     <span class='ocr_line' id='line_1_90' title="bbox 481 4433 2064 4526; baseline 0 -16"><span class='ocrx_word' id='word_1_638' title='bbox 481 4451 754 4522; x_wconf 62' lang='lat' dir='ltr'><strong>speretur,</strong></span> <span class='ocrx_word' id='word_1_639' title='bbox 788 4433 914 4511; x_wconf 79' lang='lat' dir='ltr'><strong>fore</strong></span> <span class='ocrx_word' id='word_1_640' title='bbox 937 4465 996 4510; x_wconf 92' lang='lat' dir='ltr'><strong>ut</strong></span> <span class='ocrx_word' id='word_1_641' title='bbox 1021 4433 1085 4511; x_wconf 81' lang='lat' dir='ltr'><strong>ea</strong></span> <span class='ocrx_word' id='word_1_642' title='bbox 1126 4470 1224 4526; x_wconf 88' lang='lat' dir='ltr'><strong>per</strong></span> <span class='ocrx_word' id='word_1_643' title='bbox 1253 4455 1378 4511; x_wconf 87' lang='lat' dir='ltr'><strong>illos</strong></span> <span class='ocrx_word' id='word_1_644' title='bbox 1419 4433 1733 4524; x_wconf 76' lang='lat' dir='ltr'><strong>caperetur,</strong></span> <span class='ocrx_word' id='word_1_645' title='bbox 1781 4433 2064 4520; x_wconf 81' lang='lat' dir='ltr'><strong>dicebant,</strong></span> 
     </span>
    </p>
   </div>
   <div class='ocr_carea' id='block_1_91' title="bbox 2174 4433 3774 4526">
    <p class='ocr_par' dir='ltr' id='par_1_91' title="bbox 2177 4433 3774 4526">
     <span class='ocr_line' id='line_1_91' title="bbox 2177 4433 3774 4526; baseline 0 -16"><span class='ocrx_word' id='word_1_646' title='bbox 2177 4433 2253 4519; x_wconf 79' lang='grc' dir='ltr'><strong>ὡς</strong></span> <span class='ocrx_word' id='word_1_647' title='bbox 2281 4453 2555 4509; x_wconf 81' lang='grc' dir='ltr'>εὖαλὼτου</span> <span class='ocrx_word' id='word_1_648' title='bbox 2585 4455 2684 4525; x_wconf 77' lang='grc' dir='ltr'>τῆς</span> <span class='ocrx_word' id='word_1_649' title='bbox 2713 4454 2922 4519; x_wconf 86' lang='grc' dir='ltr'>πόλεως</span> <span class='ocrx_word' id='word_1_650' title='bbox 2951 4454 3084 4524; x_wconf 80' lang='grc' dir='ltr'>παρ’</span> <span class='ocrx_word' id='word_1_651' title='bbox 3113 4455 3263 4526; x_wconf 84' lang='grc' dir='ltr'>αύτῷ</span> <span class='ocrx_word' id='word_1_652' title='bbox 3295 4433 3774 4526; x_wconf 49' lang='grc' dir='ltr'>καθομολοίηθεί-</span> 
     </span>
    </p>
   </div>
   <div class='ocr_carea' id='block_1_92' title="bbox 491 4546 2067 4622">
    <p class='ocr_par' dir='ltr' id='par_1_92' title="bbox 491 4546 2067 4620">
     <span class='ocr_line' id='line_1_92' title="bbox 491 4546 2067 4620; baseline -0.001 -15"><span class='ocrx_word' id='word_1_653' title='bbox 491 4566 593 4607; x_wconf 90' lang='lat' dir='ltr'><strong>uec</strong></span> <span class='ocrx_word' id='word_1_654' title='bbox 623 4549 793 4606; x_wconf 90' lang='lat' dir='ltr'><strong>solam</strong></span> <span class='ocrx_word' id='word_1_655' title='bbox 819 4558 874 4604; x_wconf 88' lang='lat' dir='ltr'><strong>ct</strong></span> <span class='ocrx_word' id='word_1_656' title='bbox 900 4547 1078 4603; x_wconf 85' lang='lat' dir='ltr'><strong>medio</strong></span> <span class='ocrx_word' id='word_1_657' title='bbox 1106 4562 1294 4603; x_wconf 84' lang='lat' dir='ltr'><strong>eorum</strong></span> <span class='ocrx_word' id='word_1_658' title='bbox 1320 4546 1736 4620; x_wconf 82' lang='lat' dir='ltr'><strong>relinquendam</strong></span> <span class='ocrx_word' id='word_1_659' title='bbox 1765 4547 1901 4620; x_wconf 74' lang='grc'>(54),</span> <span class='ocrx_word' id='word_1_660' title='bbox 1924 4547 2067 4620; x_wconf 90' lang='lat' dir='ltr'><strong>quod</strong></span> 
     </span>
    </p>
   </div>
   <div class='ocr_carea' id='block_1_93' title="bbox 2174 4546 3768 4622">
    <p class='ocr_par' dir='ltr' id='par_1_93' title="bbox 2179 4547 3768 4622">
     <span class='ocr_line' id='line_1_93' title="bbox 2179 4547 3768 4622; baseline 0 -20"><span class='ocrx_word' id='word_1_661' title='bbox 2179 4565 2300 4621; x_wconf 74' lang='grc' dir='ltr'>σης,</span> <span class='ocrx_word' id='word_1_662' title='bbox 2335 4547 2541 4620; x_wconf 86' lang='grc' dir='ltr'>ταύτης</span> <span class='ocrx_word' id='word_1_663' title='bbox 2576 4547 2899 4619; x_wconf 77' lang='grc' dir='ltr'>φασκόντων</span> <span class='ocrx_word' id='word_1_664' title='bbox 2933 4549 3066 4622; x_wconf 78' lang='grc' dir='ltr'>παρ’</span> <span class='ocrx_word' id='word_1_665' title='bbox 3096 4549 3282 4614; x_wconf 79' lang='grc' dir='ltr'>αὐτοῖς</span> <span class='ocrx_word' id='word_1_666' title='bbox 3311 4548 3768 4621; x_wconf 74' lang='grc' dir='ltr'>ληφθησομένης,</span> 
     </span>
    </p>
   </div>
   <div class='ocr_carea' id='block_1_94' title="bbox 2165 4681 3769 4758">
    <p class='ocr_par' dir='ltr' id='par_1_94' title="bbox 2165 4681 3769 4758">
     <span class='ocr_line' id='line_1_94' title="bbox 2165 4681 3769 4758; baseline -0.003 -16"><span class='ocrx_word' id='word_1_667' title='bbox 2165 4688 2360 4743; x_wconf 83' lang='lat' dir='ltr'><strong>eodem</strong></span> <span class='ocrx_word' id='word_1_668' title='bbox 2398 4695 2588 4742; x_wconf 90' lang='lat' dir='ltr'><strong>nostro</strong></span> <span class='ocrx_word' id='word_1_669' title='bbox 2643 4694 2868 4741; x_wconf 90' lang='lat' dir='ltr'><strong>auctore</strong></span> <span class='ocrx_word' id='word_1_670' title='bbox 2917 4685 3388 4758; x_wconf 79' lang='lat' dir='ltr'><strong>anonymo._&#39;qu:e</strong></span> <span class='ocrx_word' id='word_1_671' title='bbox 3427 4681 3769 4758; x_wconf 39' lang='lat' dir='ltr'><strong>huclusque</strong></span> 
     </span>
    </p>
   </div>
   <div class='ocr_carea' id='block_1_95' title="bbox 2166 4755 3765 4829">
    <p class='ocr_par' dir='ltr' id='par_1_95' title="bbox 2166 4755 3765 4829">
     <span class='ocr_line' id='line_1_95' title="bbox 2166 4755 3765 4829; baseline -0.004 -15"><span class='ocrx_word' id='word_1_672' title='bbox 2166 4775 2288 4829; x_wconf 88' lang='lat' dir='ltr'><strong>cap.</strong></span> <span class='ocrx_word' id='word_1_673' title='bbox 2342 4759 2596 4829; x_wconf 67' lang='lat' dir='ltr'><strong>praesenti</strong></span> <span class='ocrx_word' id='word_1_674' title='bbox 2644 4767 2968 4817; x_wconf 88' lang='lat' dir='ltr'><strong>occurrunt.</strong></span> <span class='ocrx_word' id='word_1_675' title='bbox 3029 4755 3377 4827; x_wconf 69' lang='lat' dir='ltr'><strong>praefationis</strong></span> <span class='ocrx_word' id='word_1_676' title='bbox 3407 4770 3509 4829; x_wconf 81' lang='lat' dir='ltr'><strong>seu</strong></span> <span class='ocrx_word' id='word_1_677' title='bbox 3542 4755 3765 4829; x_wconf 74' lang='lat' dir='ltr'><strong>exordii</strong></span> 
     </span>
    </p>
   </div>
   <div class='ocr_carea' id='block_1_96' title="bbox 2164 4825 3611 4897">
    <p class='ocr_par' dir='ltr' id='par_1_96' title="bbox 2164 4825 3611 4897">
     <span class='ocr_line' id='line_1_96' title="bbox 2164 4825 3611 4897; baseline -0.003 -15"><span class='ocrx_word' id='word_1_678' title='bbox 2164 4825 2483 4882; x_wconf 60' lang='lat' dir='ltr'><strong>in&#39;modum</strong></span> <span class='ocrx_word' id='word_1_679' title='bbox 2520 4829 2584 4882; x_wconf 91' lang='lat' dir='ltr'><strong>iis</strong></span> <span class='ocrx_word' id='word_1_680' title='bbox 2613 4842 2734 4896; x_wconf 69' lang='lat' dir='ltr'><strong>qum</strong></span> <span class='ocrx_word' id='word_1_681' title='bbox 2764 4825 3091 4896; x_wconf 84' lang='lat' dir='ltr'><strong>sequuntur.</strong></span> <span class='ocrx_word' id='word_1_682' title='bbox 3129 4835 3284 4882; x_wconf 89' lang='lat' dir='ltr'><strong>recte</strong></span> <span class='ocrx_word' id='word_1_683' title='bbox 3321 4825 3611 4897; x_wconf 64' lang='lat' dir='ltr'><strong>praemitti.</strong></span> 
     </span>
    </p>
   </div>
   <div class='ocr_carea' id='block_1_97' title="bbox 2236 4897 3768 4968">
    <p class='ocr_par' dir='ltr' id='par_1_97' title="bbox 2236 4897 3768 4968">
     <span class='ocr_line' id='line_1_97' title="bbox 2236 4897 3768 4968; baseline -0.001 -15"><span class='ocrx_word' id='word_1_684' title='bbox 2236 4899 2348 4968; x_wconf 74' lang='grc'><strong>(55)</strong></span> <span class='ocrx_word' id='word_1_685' title='bbox 2397 4899 2455 4953; x_wconf 88' lang='lat' dir='ltr'><strong>ld</strong></span> <span class='ocrx_word' id='word_1_686' title='bbox 2492 4907 2595 4963; x_wconf 87' lang='lat' dir='ltr'><strong>est,</strong></span> <span class='ocrx_word' id='word_1_687' title='bbox 2626 4897 2855 4968; x_wconf 80' lang='lat' dir='ltr'><strong>nuntios</strong></span> <span class='ocrx_word' id='word_1_688' title='bbox 2907 4913 3005 4952; x_wconf 86' lang='lat' dir='ltr'><strong>seu</strong></span> <span class='ocrx_word' id='word_1_689' title='bbox 3056 4897 3294 4968; x_wconf 75' lang='lat' dir='ltr'><strong>legatos;</strong></span> <span class='ocrx_word' id='word_1_690' title='bbox 3331 4910 3521 4968; x_wconf 74' lang='lat' dir='ltr'><strong>vocem</strong></span> <span class='ocrx_word' id='word_1_691' title='bbox 3572 4905 3768 4968; x_wconf 78' lang='lat' dir='ltr'><strong>autem</strong></span> 
     </span>
    </p>
   </div>
   <div class='ocr_carea' id='block_1_98' title="bbox 2163 4965 3769 5039">
    <p class='ocr_par' dir='ltr' id='par_1_98' title="bbox 2163 4965 3769 5039">
     <span class='ocr_line' id='line_1_98' title="bbox 2163 4965 3769 5039; baseline -0.002 -15"><span class='ocrx_word' id='word_1_692' title='bbox 2163 4965 2414 5024; x_wconf 66' lang='lat' dir='ltr'><strong>Graecam</strong></span> <span class='ocrx_word' id='word_1_693' title='bbox 2447 4967 2894 5039; x_wconf 62' lang='grc' dir='ltr'>ἁποκρισιάριος,</span> <span class='ocrx_word' id='word_1_694' title='bbox 2931 4982 3054 5036; x_wconf 69' lang='lat' dir='ltr'><strong>qua:</strong></span> <span class='ocrx_word' id='word_1_695' title='bbox 3083 4965 3149 5021; x_wconf 85' lang='lat' dir='ltr'><strong>ad</strong></span> <span class='ocrx_word' id='word_1_696' title='bbox 3195 4967 3446 5039; x_wconf 74' lang='lat' dir='ltr'><strong>nuntium</strong></span> <span class='ocrx_word' id='word_1_697' title='bbox 3476 4965 3769 5039; x_wconf 78' lang='lat' dir='ltr'><strong>seu__lega-</strong></span> 
     </span>
    </p>
   </div>
   <div class='ocr_carea' id='block_1_99' title="bbox 2172 5035 3764 5108">
    <p class='ocr_par' dir='ltr' id='par_1_99' title="bbox 2172 5035 3764 5108">
     <span class='ocr_line' id='line_1_99' title="bbox 2172 5035 3764 5108; baseline -0.003 -16"><span class='ocrx_word' id='word_1_698' title='bbox 2172 5048 2286 5094; x_wconf 89' lang='lat' dir='ltr'><strong>tum</strong></span> <span class='ocrx_word' id='word_1_699' title='bbox 2325 5035 2808 5108; x_wconf 29' lang='lat' dir='ltr'><strong>signiticandum’a</strong></span> <span class='ocrx_word' id='word_1_700' title='bbox 2836 5035 3192 5108; x_wconf 72' lang='lat' dir='ltr'><strong>Theophane,</strong></span> <span class='ocrx_word' id='word_1_701' title='bbox 3225 5037 3502 5108; x_wconf 75' lang='lat' dir='ltr'><strong>Cedreno,</strong></span> <span class='ocrx_word' id='word_1_702' title='bbox 3541 5035 3764 5102; x_wconf 78' lang='lat' dir='ltr'><strong>Nieeta,</strong></span> 
     </span>
    </p>
   </div>
   <div class='ocr_carea' id='block_1_100' title="bbox 2164 5105 3766 5179">
    <p class='ocr_par' dir='ltr' id='par_1_100' title="bbox 2164 5105 3766 5179">
     <span class='ocr_line' id='line_1_100' title="bbox 2164 5105 3766 5179; baseline -0.002 -17"><span class='ocrx_word' id='word_1_703' title='bbox 2164 5105 2402 5179; x_wconf 66' lang='lat' dir='ltr'><strong>aliisque</strong></span> <span class='ocrx_word' id='word_1_704' title='bbox 2424 5108 2548 5178; x_wconf 83' lang='lat' dir='ltr'><strong>plus</strong></span> <span class='ocrx_word' id='word_1_705' title='bbox 2580 5108 2752 5179; x_wconf 87' lang='lat' dir='ltr'><strong>semel</strong></span> <span class='ocrx_word' id='word_1_706' title='bbox 2786 5105 3100 5170; x_wconf 81' lang='lat' dir='ltr'><strong>adhibetur,</strong></span> <span class='ocrx_word' id='word_1_707' title='bbox 3129 5105 3325 5161; x_wconf 87' lang='lat' dir='ltr'><strong>Latine</strong></span> <span class='ocrx_word' id='word_1_708' title='bbox 3357 5108 3450 5179; x_wconf 82' lang='lat' dir='ltr'><strong>hic</strong></span> <span class='ocrx_word' id='word_1_709' title='bbox 3491 5107 3766 5179; x_wconf 80' lang='lat' dir='ltr'><strong>interpre—</strong></span> 
     </span>
    </p>
   </div>
   <div class='ocr_carea' id='block_1_101' title="bbox 2165 5175 3762 5246">
    <p class='ocr_par' dir='ltr' id='par_1_101' title="bbox 2165 5175 3762 5246">
     <span class='ocr_line' id='line_1_101' title="bbox 2165 5175 3762 5246; baseline -0.004 -12"><span class='ocrx_word' id='word_1_710' title='bbox 2165 5175 2458 5236; x_wconf 53' lang='lat' dir='ltr'><strong>tatus‘sum</strong></span> <span class='ocrx_word' id='word_1_711' title='bbox 2509 5178 2915 5244; x_wconf 73' lang='lat' dir='ltr'><strong>apocrisiarius,</strong></span> <span class='ocrx_word' id='word_1_712' title='bbox 2949 5179 3092 5246; x_wconf 91' lang='lat' dir='ltr'><strong>quod</strong></span> <span class='ocrx_word' id='word_1_713' title='bbox 3144 5193 3250 5232; x_wconf 74' lang='lat' dir='ltr'><strong>vox</strong></span> <span class='ocrx_word' id='word_1_714' title='bbox 3289 5179 3404 5232; x_wconf 60' lang='lat' dir='ltr'><strong>haec</strong></span> <span class='ocrx_word' id='word_1_715' title='bbox 3437 5176 3494 5230; x_wconf 91' lang='lat' dir='ltr'><strong>in</strong></span> <span class='ocrx_word' id='word_1_716' title='bbox 3524 5175 3721 5230; x_wconf 86' lang='lat' dir='ltr'><strong>eadem</strong></span> <span class='ocrx_word' id='word_1_717' title='bbox 3743 5217 3762 5242; x_wconf 91' lang='lat'><strong>,</strong></span> 
     </span>
    </p>
   </div>
   <div class='ocr_carea' id='block_1_102' title="bbox 2165 5247 3760 5326">
    <p class='ocr_par' dir='ltr' id='par_1_102' title="bbox 2165 5247 3760 5326">
     <span class='ocr_line' id='line_1_102' title="bbox 2165 5247 3760 5326; baseline -0.004 -23"><span class='ocrx_word' id='word_1_718' title='bbox 2165 5249 2370 5326; x_wconf 31' lang='lat' dir='ltr'><strong>in‘qua</strong></span> <span class='ocrx_word' id='word_1_719' title='bbox 2401 5249 2547 5326; x_wconf 76' lang='lat' dir='ltr'><strong>apud</strong></span> <span class='ocrx_word' id='word_1_720' title='bbox 2567 5248 2759 5326; x_wconf 66' lang='lat' dir='ltr'><strong>dictos</strong></span> <span class='ocrx_word' id='word_1_721' title='bbox 2792 5251 3090 5326; x_wconf 73' lang='lat' dir='ltr'><strong>scriptores</strong></span> <span class='ocrx_word' id='word_1_722' title='bbox 3122 5247 3344 5326; x_wconf 67' lang='lat' dir='ltr'><strong>Graecos</strong></span> <span class='ocrx_word' id='word_1_723' title='bbox 3378 5262 3492 5326; x_wconf 35' lang='lat' dir='ltr'><strong>vox“</strong></span> <span class='ocrx_word' id='word_1_724' title='bbox 3519 5248 3760 5326; x_wconf 61' lang='grc' dir='ltr'>ἀποκρι-</span> 
     </span>
    </p>
   </div>
   <div class='ocr_carea' id='block_1_103' title="bbox 2167 5314 3763 5390">
    <p class='ocr_par' dir='ltr' id='par_1_103' title="bbox 2167 5314 3763 5390">
     <span class='ocr_line' id='line_1_103' title="bbox 2167 5314 3763 5390; baseline -0.004 -18"><span class='ocrx_word' id='word_1_725' title='bbox 2167 5314 2404 5390; x_wconf 77' lang='grc' dir='ltr'>σιάῥιος,</span> <span class='ocrx_word' id='word_1_726' title='bbox 2439 5314 2840 5390; x_wconf 68' lang='lat' dir='ltr'><strong>signiﬁcatione</strong></span> <span class='ocrx_word' id='word_1_727' title='bbox 2869 5314 3030 5390; x_wconf 74' lang='lat' dir='ltr'><strong>apud</strong></span> <span class='ocrx_word' id='word_1_728' title='bbox 3056 5319 3252 5390; x_wconf 66' lang='lat' dir='ltr'><strong>media:</strong></span> <span class='ocrx_word' id='word_1_729' title='bbox 3301 5327 3356 5390; x_wconf 70' lang='lat' dir='ltr'><strong>et</strong></span> <span class='ocrx_word' id='word_1_730' title='bbox 3402 5317 3604 5390; x_wconf 69' lang='lat' dir='ltr'><strong>inﬁnite</strong></span> <span class='ocrx_word' id='word_1_731' title='bbox 3620 5314 3763 5390; x_wconf 64' lang='lat' dir='ltr'><strong>lati-</strong></span> 
     </span>
    </p>
   </div>
   <div class='ocr_carea' id='block_1_104' title="bbox 2165 5384 3762 5461">
    <p class='ocr_par' dir='ltr' id='par_1_104' title="bbox 2165 5384 3762 5461">
     <span class='ocr_line' id='line_1_104' title="bbox 2165 5384 3762 5461; baseline -0.006 -16"><span class='ocrx_word' id='word_1_732' title='bbox 2165 5384 2600 5461; x_wconf 15' lang='lat' dir='ltr'><strong>nitatisi(adi&#39;ad</strong></span> <span class='ocrx_word' id='word_1_733' title='bbox 2652 5384 2978 5461; x_wconf 78' lang='lat' dir='ltr'><strong>vocabulum</strong></span> <span class='ocrx_word' id='word_1_734' title='bbox 3021 5387 3164 5461; x_wconf 80' lang='lat' dir='ltr'><strong>istud</strong></span> <span class='ocrx_word' id='word_1_735' title='bbox 3191 5388 3255 5461; x_wconf 77' lang='lat' dir='ltr'><strong>in</strong></span> <span class='ocrx_word' id='word_1_736' title='bbox 3291 5387 3572 5461; x_wconf 81' lang='lat' dir='ltr'><strong>Glossario</strong></span> <span class='ocrx_word' id='word_1_737' title='bbox 3612 5384 3762 5438; x_wconf 77' lang='lat' dir='ltr'><strong>Can-</strong></span> 
     </span>
    </p>
   </div>
   <div class='ocr_carea' id='block_1_105' title="bbox 2167 5457 3760 5531">
    <p class='ocr_par' dir='ltr' id='par_1_105' title="bbox 2167 5457 3760 5531">
     <span class='ocr_line' id='line_1_105' title="bbox 2167 5457 3760 5531; baseline -0.005 -17"><span class='ocrx_word' id='word_1_738' title='bbox 2167 5461 2337 5531; x_wconf 88' lang='lat' dir='ltr'><strong>gium)</strong></span> <span class='ocrx_word' id='word_1_739' title='bbox 2383 5457 2968 5531; x_wconf 74' lang='lat' dir='ltr'><strong>scriptores_adhtbita</strong></span> <span class='ocrx_word' id='word_1_740' title='bbox 3018 5457 3351 5531; x_wconf 73' lang='lat' dir='ltr'><strong>inveniatur,</strong></span> <span class='ocrx_word' id='word_1_741' title='bbox 3388 5458 3571 5531; x_wconf 78' lang='lat' dir='ltr'><strong>itaque</strong></span> <span class='ocrx_word' id='word_1_742' title='bbox 3616 5468 3760 5523; x_wconf 79' lang='lat' dir='ltr'><strong>quo-</strong></span> 
     </span>
    </p>
   </div>
   <div class='ocr_carea' id='block_1_106' title="bbox 2165 5526 3766 5587">
    <p class='ocr_par' dir='ltr' id='par_1_106' title="bbox 2165 5526 3766 5587">
     <span class='ocr_line' id='line_1_106' title="bbox 2165 5526 3766 5587; baseline -0.004 -2"><span class='ocrx_word' id='word_1_743' title='bbox 2165 5526 2457 5587; x_wconf 76' lang='lat' dir='ltr'><strong>dammodo</strong></span> <span class='ocrx_word' id='word_1_744' title='bbox 2484 5526 2656 5584; x_wconf 70' lang='lat' dir='ltr'><strong>textui</strong></span> <span class='ocrx_word' id='word_1_745' title='bbox 2687 5526 2876 5585; x_wconf 68' lang='lat' dir='ltr'><strong>Graeco</strong></span> <span class='ocrx_word' id='word_1_746' title='bbox 2900 5530 3080 5586; x_wconf 87' lang='lat' dir='ltr'><strong>versio</strong></span> <span class='ocrx_word' id='word_1_747' title='bbox 3104 5527 3298 5584; x_wconf 83' lang='lat' dir='ltr'><strong>Latina</strong></span> <span class='ocrx_word' id='word_1_748' title='bbox 3328 5527 3587 5584; x_wconf 90' lang='lat' dir='ltr'><strong>reddatur</strong></span> <span class='ocrx_word' id='word_1_749' title='bbox 3620 5539 3766 5579; x_wconf 84' lang='lat' dir='ltr'><strong>con-</strong></span> 
     </span>
    </p>
   </div>
   <div class='ocr_carea' id='block_1_107' title="bbox 2164 5601 2409 5656">
    <p class='ocr_par' dir='ltr' id='par_1_107' title="bbox 2164 5601 2409 5656">
     <span class='ocr_line' id='line_1_107' title="bbox 2164 5601 2409 5656; baseline 0 0"><span class='ocrx_word' id='word_1_750' title='bbox 2164 5601 2409 5656; x_wconf 83' lang='lat' dir='ltr'><strong>formior.</strong></span> 
     </span>
    </p>
   </div>
   <div class='ocr_carea' id='block_1_108' title="bbox 2237 5664 3756 5743">
    <p class='ocr_par' dir='ltr' id='par_1_108' title="bbox 2237 5664 3756 5743">
     <span class='ocr_line' id='line_1_108' title="bbox 2237 5664 3756 5743; baseline -0.004 -16"><span class='ocrx_word' id='word_1_751' title='bbox 2237 5672 2356 5743; x_wconf 73' lang='lat'><strong>(54)</strong></span> <span class='ocrx_word' id='word_1_752' title='bbox 2385 5672 2519 5738; x_wconf 73' lang='lat' dir='ltr'><strong>Qua:</strong></span> <span class='ocrx_word' id='word_1_753' title='bbox 2556 5673 2667 5728; x_wconf 90' lang='lat' dir='ltr'><strong>huc</strong></span> <span class='ocrx_word' id='word_1_754' title='bbox 2693 5688 2864 5743; x_wconf 86' lang='lat' dir='ltr'><strong>usque</strong></span> <span class='ocrx_word' id='word_1_755' title='bbox 2905 5690 2935 5727; x_wconf 78' lang='grc' dir='ltr'><strong>ιι</strong></span> <span class='ocrx_word' id='word_1_756' title='bbox 2982 5671 3209 5728; x_wconf 83' lang='lat' dir='ltr'><strong>vocibus</strong></span> <span class='ocrx_word' id='word_1_757' title='bbox 3240 5670 3319 5743; x_wconf 81' lang='grc' dir='ltr'>ὡς</span> <span class='ocrx_word' id='word_1_758' title='bbox 3367 5667 3643 5723; x_wconf 58' lang='lat' dir='ltr'><strong>cecidi-con</strong></span> <span class='ocrx_word' id='word_1_759' title='bbox 3683 5664 3756 5743; x_wconf 70' lang='lat' dir='ltr'><strong>in</strong></span> 
     </span>
    </p>
   </div>
   <div class='ocr_carea' id='block_1_109' title="bbox 2167 5735 3760 5816">
    <p class='ocr_par' dir='ltr' id='par_1_109' title="bbox 2167 5735 3760 5816">
     <span class='ocr_line' id='line_1_109' title="bbox 2167 5735 3760 5816; baseline -0.001 -17"><span class='ocrx_word' id='word_1_760' title='bbox 2167 5737 2315 5800; x_wconf 75' lang='lat' dir='ltr'><strong>textu</strong></span> <span class='ocrx_word' id='word_1_761' title='bbox 2339 5735 2535 5802; x_wconf 57' lang='lat' dir='ltr'><strong>&#39;Gra&#39;co</strong></span> <span class='ocrx_word' id='word_1_762' title='bbox 2575 5735 2895 5814; x_wconf 75' lang='lat' dir='ltr'><strong>occurrunt,</strong></span> <span class='ocrx_word' id='word_1_763' title='bbox 2923 5758 3147 5802; x_wconf 85' lang='lat' dir='ltr'><strong>sensum</strong></span> <span class='ocrx_word' id='word_1_764' title='bbox 3175 5742 3370 5816; x_wconf 79' lang='lat' dir='ltr'><strong>magis,</strong></span> <span class='ocrx_word' id='word_1_765' title='bbox 3395 5755 3558 5812; x_wconf 83' lang='lat' dir='ltr'><strong>quam</strong></span> <span class='ocrx_word' id='word_1_766' title='bbox 3586 5735 3760 5797; x_wconf 70' lang='lat' dir='ltr'><strong>verba</strong></span> 
     </span>
    </p>
   </div>
   <div class='ocr_carea' id='block_1_110' title="bbox 488 4685 2064 4758">
    <p class='ocr_par' dir='ltr' id='par_1_110' title="bbox 488 4685 2064 4758">
     <span class='ocr_line' id='line_1_110' title="bbox 488 4685 2064 4758; baseline -0.002 -14"><span class='ocrx_word' id='word_1_767' title='bbox 488 4693 705 4751; x_wconf 72' lang='lat' dir='ltr'><strong>t&#39;tulnm</strong></span> <span class='ocrx_word' id='word_1_768' title='bbox 731 4707 744 4746; x_wconf 88' lang='lat'><strong>:</strong></span> <span class='ocrx_word' id='word_1_769' title='bbox 779 4688 914 4757; x_wconf 84' lang='grc' dir='ltr'>Περί</span> <span class='ocrx_word' id='word_1_770' title='bbox 943 4687 1037 4742; x_wconf 85' lang='grc' dir='ltr'><strong>τοῦ</strong></span> <span class='ocrx_word' id='word_1_771' title='bbox 1086 4687 1325 4758; x_wconf 82' lang='grc' dir='ltr'>πολέμου</span> <span class='ocrx_word' id='word_1_772' title='bbox 1355 4685 1450 4741; x_wconf 90' lang='grc' dir='ltr'><strong>τοῦ</strong></span> <span class='ocrx_word' id='word_1_773' title='bbox 1499 4685 1775 4758; x_wconf 80' lang='grc' dir='ltr'>Χαγάνου,</span> <span class='ocrx_word' id='word_1_774' title='bbox 1824 4685 1901 4742; x_wconf 84' lang='lat' dir='ltr'><strong>De</strong></span> <span class='ocrx_word' id='word_1_775' title='bbox 1928 4687 2064 4742; x_wconf 58' lang='lat' dir='ltr'><strong>bello</strong></span> 
     </span>
    </p>
   </div>
   <div class='ocr_carea' id='block_1_111' title="bbox 487 4757 2063 4830">
    <p class='ocr_par' dir='ltr' id='par_1_111' title="bbox 487 4757 2063 4830">
     <span class='ocr_line' id='line_1_111' title="bbox 487 4757 2063 4830; baseline -0.005 -10"><span class='ocrx_word' id='word_1_776' title='bbox 487 4764 748 4830; x_wconf 76' lang='lat' dir='ltr'><strong>(Ihagaui,</strong></span> <span class='ocrx_word' id='word_1_777' title='bbox 789 4759 993 4815; x_wconf 80' lang='lat' dir='ltr'><strong>ibidem</strong></span> <span class='ocrx_word' id='word_1_778' title='bbox 1024 4761 1079 4814; x_wconf 88' lang='lat' dir='ltr'><strong>in</strong></span> <span class='ocrx_word' id='word_1_779' title='bbox 1122 4757 1302 4828; x_wconf 88' lang='lat' dir='ltr'><strong>capite</strong></span> <span class='ocrx_word' id='word_1_780' title='bbox 1346 4760 1602 4830; x_wconf 65' lang='lat' dir='ltr'><strong>praefert;</strong></span> <span class='ocrx_word' id='word_1_781' title='bbox 1633 4757 1765 4830; x_wconf 82' lang='lat' dir='ltr'><strong>licet</strong></span> <span class='ocrx_word' id='word_1_782' title='bbox 1794 4759 2063 4830; x_wconf 79' lang='lat' dir='ltr'><strong>autem-in</strong></span> 
     </span>
    </p>
   </div>
   <div class='ocr_carea' id='block_1_112' title="bbox 490 4827 2062 4901">
    <p class='ocr_par' dir='ltr' id='par_1_112' title="bbox 490 4827 2062 4901">
     <span class='ocr_line' id='line_1_112' title="bbox 490 4827 2062 4901; baseline -0.005 -11"><span class='ocrx_word' id='word_1_783' title='bbox 490 4827 772 4890; x_wconf 79' lang='lat' dir='ltr'><strong>titulorum</strong></span> <span class='ocrx_word' id='word_1_784' title='bbox 800 4831 1056 4889; x_wconf 75' lang='lat' dir='ltr'><strong>elencho.</strong></span> <span class='ocrx_word' id='word_1_785' title='bbox 1091 4827 1265 4901; x_wconf 80' lang='lat' dir='ltr'><strong>quiin</strong></span> <span class='ocrx_word' id='word_1_786' title='bbox 1291 4827 1512 4901; x_wconf 82' lang='lat' dir='ltr'><strong>laudato</strong></span> <span class='ocrx_word' id='word_1_787' title='bbox 1547 4827 1738 4901; x_wconf 83' lang='lat' dir='ltr'><strong>codice</strong></span> <span class='ocrx_word' id='word_1_788' title='bbox 1771 4828 1870 4882; x_wconf 88' lang='lat' dir='ltr'><strong>toti</strong></span> <span class='ocrx_word' id='word_1_789' title='bbox 1902 4831 2062 4901; x_wconf 79' lang='lat' dir='ltr'><strong>operi</strong></span> 
     </span>
    </p>
   </div>
   <div class='ocr_carea' id='block_1_113' title="bbox 487 4897 2064 4973">
    <p class='ocr_par' dir='ltr' id='par_1_113' title="bbox 487 4897 2064 4973">
     <span class='ocr_line' id='line_1_113' title="bbox 487 4897 2064 4973; baseline -0.006 -12"><span class='ocrx_word' id='word_1_790' title='bbox 487 4921 581 4961; x_wconf 82' lang='lat' dir='ltr'><strong>seu</strong></span> <span class='ocrx_word' id='word_1_791' title='bbox 608 4904 844 4972; x_wconf 86' lang='lat' dir='ltr'><strong>capitum</strong></span> <span class='ocrx_word' id='word_1_792' title='bbox 891 4897 1548 4973; x_wconf 31' lang='lat' dir='ltr'><strong>lucubrationnmve‘fere</strong></span> <span class='ocrx_word' id='word_1_793' title='bbox 1572 4898 1816 4973; x_wconf 73' lang='lat' dir='ltr'><strong>omnium</strong></span> <span class='ocrx_word' id='word_1_794' title='bbox 1841 4937 1857 4961; x_wconf 97' lang='lat'><strong>,</strong></span> <span class='ocrx_word' id='word_1_795' title='bbox 1901 4897 1958 4952; x_wconf 90' lang='lat' dir='ltr'><strong>in</strong></span> <span class='ocrx_word' id='word_1_796' title='bbox 1997 4913 2064 4973; x_wconf 81' lang='lat' dir='ltr'><strong>eo</strong></span> 
     </span>
    </p>
   </div>
   <div class='ocr_carea' id='block_1_114' title="bbox 487 4967 2062 5037">
    <p class='ocr_par' dir='ltr' id='par_1_114' title="bbox 487 4967 2062 5037">
     <span class='ocr_line' id='line_1_114' title="bbox 487 4967 2062 5037; baseline -0.003 -10"><span class='ocrx_word' id='word_1_797' title='bbox 487 4967 867 5029; x_wconf 62' lang='lat' dir='ltr'><strong>contentarum</strong></span> <span class='ocrx_word' id='word_1_798' title='bbox 894 5011 908 5037; x_wconf 94' lang='lat'><strong>,</strong></span> <span class='ocrx_word' id='word_1_799' title='bbox 959 4967 1269 5027; x_wconf 81' lang='lat' dir='ltr'><strong>collectioni</strong></span> <span class='ocrx_word' id='word_1_800' title='bbox 1301 4986 1328 5024; x_wconf 90' lang='lat' dir='ltr'><strong>a</strong></span> <span class='ocrx_word' id='word_1_801' title='bbox 1361 4969 1454 5024; x_wconf 88' lang='lat' dir='ltr'><strong>l&#39;ol.</strong></span> <span class='ocrx_word' id='word_1_802' title='bbox 1494 4982 1653 5022; x_wconf 86' lang='lat' dir='ltr'><strong>verso</strong></span> <span class='ocrx_word' id='word_1_803' title='bbox 1687 4967 1752 5022; x_wconf 81' lang='grc'><strong>10</strong></span> <span class='ocrx_word' id='word_1_804' title='bbox 1782 4983 1950 5035; x_wconf 90' lang='lat' dir='ltr'><strong>usque</strong></span> <span class='ocrx_word' id='word_1_805' title='bbox 1993 4969 2062 5024; x_wconf 89' lang='lat' dir='ltr'><strong>ad</strong></span> 
     </span>
    </p>
   </div>
   <div class='ocr_carea' id='block_1_115' title="bbox 487 5038 2061 5120">
    <p class='ocr_par' dir='ltr' id='par_1_115' title="bbox 487 5038 2061 5120">
     <span class='ocr_line' id='line_1_115' title="bbox 487 5038 2061 5120; baseline -0.006 -20"><span class='ocrx_word' id='word_1_806' title='bbox 487 5047 580 5100; x_wconf 76' lang='lat' dir='ltr'><strong>fol.</strong></span> <span class='ocrx_word' id='word_1_807' title='bbox 611 5058 772 5099; x_wconf 81' lang='lat' dir='ltr'><strong>verso</strong></span> <span class='ocrx_word' id='word_1_808' title='bbox 793 5059 854 5120; x_wconf 31' lang='grc' dir='ltr'><strong>,τι</strong></span> <span class='ocrx_word' id='word_1_809' title='bbox 876 5043 1195 5120; x_wconf 66' lang='lat' dir='ltr'><strong>praaiigitur,</strong></span> <span class='ocrx_word' id='word_1_810' title='bbox 1228 5039 1516 5120; x_wconf 77' lang='grc' dir='ltr'>Χάτζωνος</span> <span class='ocrx_word' id='word_1_811' title='bbox 1543 5039 1770 5120; x_wconf 66' lang='lat' dir='ltr'><strong>legatur,</strong></span> <span class='ocrx_word' id='word_1_812' title='bbox 1802 5038 2061 5120; x_wconf 59' lang='grc' dir='ltr'>Χαγάνου</span> 
     </span>
    </p>
   </div>
   <div class='ocr_carea' id='block_1_116' title="bbox 489 5109 2065 5180">
    <p class='ocr_par' dir='ltr' id='par_1_116' title="bbox 489 5109 2065 5180">
     <span class='ocr_line' id='line_1_116' title="bbox 489 5109 2065 5180; baseline -0.006 -9"><span class='ocrx_word' id='word_1_813' title='bbox 489 5128 671 5171; x_wconf 86' lang='lat' dir='ltr'><strong>tamen</strong></span> <span class='ocrx_word' id='word_1_814' title='bbox 707 5109 1050 5168; x_wconf 80' lang='lat' dir='ltr'><strong>retinendum</strong></span> <span class='ocrx_word' id='word_1_815' title='bbox 1089 5127 1230 5174; x_wconf 88' lang='lat' dir='ltr'><strong>esse.</strong></span> <span class='ocrx_word' id='word_1_816' title='bbox 1258 5118 1484 5180; x_wconf 84' lang='lat' dir='ltr'><strong>apparet</strong></span> <span class='ocrx_word' id='word_1_817' title='bbox 1514 5124 1545 5162; x_wconf 88' lang='lat' dir='ltr'><strong>c</strong></span> <span class='ocrx_word' id='word_1_818' title='bbox 1577 5109 1756 5180; x_wconf 80' lang='lat' dir='ltr'><strong>capite</strong></span> <span class='ocrx_word' id='word_1_819' title='bbox 1798 5109 2065 5180; x_wconf 83' lang='lat' dir='ltr'><strong>subjecto,</strong></span> 
     </span>
    </p>
   </div>
   <div class='ocr_carea' id='block_1_117' title="bbox 485 5177 2065 5255">
    <p class='ocr_par' dir='ltr' id='par_1_117' title="bbox 485 5177 2065 5255">
     <span class='ocr_line' id='line_1_117' title="bbox 485 5177 2065 5255; baseline -0.004 -16"><span class='ocrx_word' id='word_1_820' title='bbox 485 5191 554 5239; x_wconf 68' lang='lat' dir='ltr'><strong>ad</strong></span> <span class='ocrx_word' id='word_1_821' title='bbox 591 5184 734 5255; x_wconf 84' lang='lat' dir='ltr'><strong>quod</strong></span> <span class='ocrx_word' id='word_1_822' title='bbox 784 5185 1075 5255; x_wconf 71' lang='lat' dir='ltr'><strong>praedictus</strong></span> <span class='ocrx_word' id='word_1_823' title='bbox 1124 5177 1345 5255; x_wconf 46' lang='lat' dir='ltr'><strong>titulus:</strong></span> <span class='ocrx_word' id='word_1_824' title='bbox 1371 5188 1604 5254; x_wconf 85' lang='lat' dir='ltr'><strong>spectat.</strong></span> <span class='ocrx_word' id='word_1_825' title='bbox 1656 5177 1793 5234; x_wconf 84' lang='lat' dir='ltr'><strong>Huic</strong></span> <span class='ocrx_word' id='word_1_826' title='bbox 1843 5179 2065 5255; x_wconf 78' lang='lat' dir='ltr'><strong>interim</strong></span> 
     </span>
    </p>
   </div>
   <div class='ocr_carea' id='block_1_118' title="bbox 491 5249 2067 5324">
    <p class='ocr_par' dir='ltr' id='par_1_118' title="bbox 491 5249 2067 5324">
     <span class='ocr_line' id='line_1_118' title="bbox 491 5249 2067 5324; baseline -0.005 -12"><span class='ocrx_word' id='word_1_827' title='bbox 491 5249 682 5319; x_wconf 75' lang='lat' dir='ltr'><strong>alium,</strong></span> <span class='ocrx_word' id='word_1_828' title='bbox 715 5249 875 5324; x_wconf 78' lang='lat' dir='ltr'><strong>quem</strong></span> <span class='ocrx_word' id='word_1_829' title='bbox 925 5252 1016 5308; x_wconf 90' lang='lat' dir='ltr'><strong>hic</strong></span> <span class='ocrx_word' id='word_1_830' title='bbox 1060 5252 1260 5316; x_wconf 87' lang='lat' dir='ltr'><strong>cernis,</strong></span> <span class='ocrx_word' id='word_1_831' title='bbox 1291 5251 1361 5324; x_wconf 88' lang='lat' dir='ltr'><strong>ob</strong></span> <span class='ocrx_word' id='word_1_832' title='bbox 1396 5249 1665 5304; x_wconf 85' lang='lat' dir='ltr'><strong>rationem</strong></span> <span class='ocrx_word' id='word_1_833' title='bbox 1724 5265 1889 5322; x_wconf 88' lang='lat' dir='ltr'><strong>supra</strong></span> <span class='ocrx_word' id='word_1_834' title='bbox 1945 5249 2067 5319; x_wconf 88' lang='lat' dir='ltr'><strong>plus</strong></span> 
     </span>
    </p>
   </div>
   <div class='ocr_carea' id='block_1_119' title="bbox 487 5322 1385 5387">
    <p class='ocr_par' dir='ltr' id='par_1_119' title="bbox 487 5322 1385 5387">
     <span class='ocr_line' id='line_1_119' title="bbox 487 5322 1385 5387; baseline -0.006 -5"><span class='ocrx_word' id='word_1_835' title='bbox 487 5327 659 5382; x_wconf 81' lang='lat' dir='ltr'><strong>semel</strong></span> <span class='ocrx_word' id='word_1_836' title='bbox 685 5322 1070 5387; x_wconf 78' lang='lat' dir='ltr'><strong>memoratam,</strong></span> <span class='ocrx_word' id='word_1_837' title='bbox 1105 5322 1385 5378; x_wconf 86' lang='lat' dir='ltr'><strong>substitui.</strong></span> 
     </span>
    </p>
   </div>
   <div class='ocr_carea' id='block_1_120' title="bbox 480 5393 2069 5465">
    <p class='ocr_par' dir='ltr' id='par_1_120' title="bbox 480 5393 2069 5465">
     <span class='ocr_line' id='line_1_120' title="bbox 480 5393 2069 5465; baseline 0.001 -19"><span class='ocrx_word' id='word_1_838' title='bbox 480 5433 490 5446; x_wconf 84' lang='lat'><strong>.</strong></span> <span class='ocrx_word' id='word_1_839' title='bbox 559 5399 672 5465; x_wconf 70' lang='lat'><strong>(&#39;52)</strong></span> <span class='ocrx_word' id='word_1_840' title='bbox 705 5395 808 5462; x_wconf 87' lang='lat' dir='ltr'><strong>Qui</strong></span> <span class='ocrx_word' id='word_1_841' title='bbox 837 5395 986 5460; x_wconf 90' lang='lat' dir='ltr'><strong>hinc,</strong></span> <span class='ocrx_word' id='word_1_842' title='bbox 1015 5393 1474 5465; x_wconf 86' lang='lat' dir='ltr'><strong>quemadmodum</strong></span> <span class='ocrx_word' id='word_1_843' title='bbox 1503 5403 1696 5465; x_wconf 63' lang='lat' dir='ltr'><strong>aactor</strong></span> <span class='ocrx_word' id='word_1_844' title='bbox 1713 5401 1902 5465; x_wconf 88' lang='lat' dir='ltr'><strong>noster</strong></span> <span class='ocrx_word' id='word_1_845' title='bbox 1930 5407 2069 5465; x_wconf 77' lang='lat' dir='ltr'><strong>ano-</strong></span> 
     </span>
    </p>
   </div>
   <div class='ocr_carea' id='block_1_121' title="bbox 487 5462 2055 5538">
    <p class='ocr_par' dir='ltr' id='par_1_121' title="bbox 487 5462 2055 5538">
     <span class='ocr_line' id='line_1_121' title="bbox 487 5462 2055 5538; baseline -0.003 -16"><span class='ocrx_word' id='word_1_846' title='bbox 487 5462 682 5538; x_wconf 80' lang='lat' dir='ltr'><strong>nyinus</strong></span> <span class='ocrx_word' id='word_1_847' title='bbox 721 5481 846 5522; x_wconf 78' lang='lat' dir='ltr'><strong>mox</strong></span> <span class='ocrx_word' id='word_1_848' title='bbox 880 5466 969 5520; x_wconf 89' lang='lat' dir='ltr'><strong>hic</strong></span> <span class='ocrx_word' id='word_1_849' title='bbox 1002 5462 1236 5530; x_wconf 87' lang='lat' dir='ltr'><strong>indicat,</strong></span> <span class='ocrx_word' id='word_1_850' title='bbox 1269 5462 2055 5538; x_wconf 25' lang='lat' dir='ltr'><strong>Joannes‘Thessalonicensis</strong></span> 
     </span>
    </p>
   </div>
   <div class='ocr_carea' id='block_1_122' title="bbox 487 5533 2054 5606">
    <p class='ocr_par' dir='ltr' id='par_1_122' title="bbox 487 5533 2054 5606">
     <span class='ocr_line' id='line_1_122' title="bbox 487 5533 2054 5606; baseline -0.001 -16"><span class='ocrx_word' id='word_1_851' title='bbox 487 5533 829 5602; x_wconf 79' lang='lat' dir='ltr'><strong>obsidiones,</strong></span> <span class='ocrx_word' id='word_1_852' title='bbox 869 5545 1030 5592; x_wconf 65' lang='lat' dir='ltr'><strong>aetate</strong></span> <span class='ocrx_word' id='word_1_853' title='bbox 1068 5551 1166 5590; x_wconf 90' lang='lat' dir='ltr'><strong>sua</strong></span> <span class='ocrx_word' id='word_1_854' title='bbox 1212 5550 1332 5597; x_wconf 83' lang='lat' dir='ltr'><strong>seu,</strong></span> <span class='ocrx_word' id='word_1_855' title='bbox 1372 5537 1489 5606; x_wconf 88' lang='lat' dir='ltr'><strong>ipso</strong></span> <span class='ocrx_word' id='word_1_856' title='bbox 1516 5535 1626 5606; x_wconf 84' lang='lat' dir='ltr'><strong>jam</strong></span> <span class='ocrx_word' id='word_1_857' title='bbox 1658 5535 1936 5605; x_wconf 90' lang='lat' dir='ltr'><strong>episeopo,</strong></span> <span class='ocrx_word' id='word_1_858' title='bbox 1968 5533 2054 5606; x_wconf 72' lang='lat' dir='ltr'><strong>fa-</strong></span> 
     </span>
    </p>
   </div>
   <div class='ocr_carea' id='block_1_123' title="bbox 487 5605 2056 5678">
    <p class='ocr_par' dir='ltr' id='par_1_123' title="bbox 487 5605 2056 5678">
     <span class='ocr_line' id='line_1_123' title="bbox 487 5605 2056 5678; baseline -0.001 -17"><span class='ocrx_word' id='word_1_859' title='bbox 487 5621 625 5672; x_wconf 87' lang='lat' dir='ltr'><strong>ctas,</strong></span> <span class='ocrx_word' id='word_1_860' title='bbox 663 5621 825 5678; x_wconf 87' lang='lat' dir='ltr'><strong>atque</strong></span> <span class='ocrx_word' id='word_1_861' title='bbox 854 5608 924 5663; x_wconf 85' lang='lat' dir='ltr'><strong>ab</strong></span> <span class='ocrx_word' id='word_1_862' title='bbox 952 5621 1218 5678; x_wconf 85' lang='lat' dir='ltr'><strong>ea,quam</strong></span> <span class='ocrx_word' id='word_1_863' title='bbox 1254 5606 1348 5661; x_wconf 89' lang='lat' dir='ltr'><strong>lib.</strong></span> <span class='ocrx_word' id='word_1_864' title='bbox 1371 5605 1702 5678; x_wconf 68' lang='lat' dir='ltr'><strong>praecedenti</strong></span> <span class='ocrx_word' id='word_1_865' title='bbox 1735 5605 2056 5678; x_wconf 83' lang='lat' dir='ltr'><strong>verbisejus</strong></span> 
     </span>
    </p>
   </div>
   <div class='ocr_carea' id='block_1_124' title="bbox 485 5676 2058 5754">
    <p class='ocr_par' dir='ltr' id='par_1_124' title="bbox 485 5676 2058 5754">
     <span class='ocr_line' id='line_1_124' title="bbox 485 5676 2058 5754; baseline -0.001 -23"><span class='ocrx_word' id='word_1_866' title='bbox 485 5676 754 5754; x_wconf 74' lang='lat' dir='ltr'><strong>dedimus,</strong></span> <span class='ocrx_word' id='word_1_867' title='bbox 789 5676 1101 5754; x_wconf 80' lang='lat' dir='ltr'><strong>distinctas,</strong></span> <span class='ocrx_word' id='word_1_868' title='bbox 1121 5677 1342 5754; x_wconf 67' lang='lat' dir='ltr'><strong>silentio</strong></span> <span class='ocrx_word' id='word_1_869' title='bbox 1367 5677 1692 5754; x_wconf 53' lang='lat' dir='ltr'><strong>praeteriret.</strong></span> <span class='ocrx_word' id='word_1_870' title='bbox 1727 5676 1933 5754; x_wconf 70' lang='lat' dir='ltr'><strong>moveri</strong></span> <span class='ocrx_word' id='word_1_871' title='bbox 1962 5690 2058 5754; x_wconf 74' lang='grc' dir='ltr'>ρο-</span> 
     </span>
    </p>
   </div>
   <div class='ocr_carea' id='block_1_125' title="bbox 492 5745 2054 5819">
    <p class='ocr_par' dir='ltr' id='par_1_125' title="bbox 492 5745 2054 5819">
     <span class='ocr_line' id='line_1_125' title="bbox 492 5745 2054 5819; baseline -0.001 -16"><span class='ocrx_word' id='word_1_872' title='bbox 492 5747 689 5815; x_wconf 83' lang='lat' dir='ltr'><strong>tuerit,</strong></span> <span class='ocrx_word' id='word_1_873' title='bbox 728 5749 875 5805; x_wconf 80' lang='lat' dir='ltr'><strong>haud</strong></span> <span class='ocrx_word' id='word_1_874' title='bbox 928 5750 1062 5806; x_wconf 80' lang='lat' dir='ltr'><strong>satis</strong></span> <span class='ocrx_word' id='word_1_875' title='bbox 1088 5745 1092 5746; x_wconf 24' lang='grc' dir='ltr'><strong>ί</strong></span> <span class='ocrx_word' id='word_1_876' title='bbox 1119 5745 1384 5819; x_wconf 59' lang='lat' dir='ltr'><strong>intelligo:</strong></span> <span class='ocrx_word' id='word_1_877' title='bbox 1422 5746 1534 5803; x_wconf 79' lang='lat' dir='ltr'><strong>Nec</strong></span> <span class='ocrx_word' id='word_1_878' title='bbox 1569 5747 1726 5803; x_wconf 75' lang='lat' dir='ltr'><strong>video</strong></span> <span class='ocrx_word' id='word_1_879' title='bbox 1763 5745 2054 5814; x_wconf 40' lang='lat' dir='ltr'><strong>cliam,&#39;ab</strong></span> 
     </span>
    </p>
   </div>
  </div>
