4090 6384
351 368 494 437 1337

1417 380 1482 440 S.
1526 381 1902 444 DEMETRII
1936 387 2330 456 MARTYRIS
2353 397 2563 462 ACTA.

3490 414 3514 481 1
3526 415 3629 480 338

349 488 447 544 καὶ
472 487 548 560 μὴ
576 488 740 559 μόνον
773 488 854 553 εἰς
887 489 1056 561 μέσον
1087 491 1267 547 αὐτῶν
1291 491 1654 560 καθεστάναι,
1678 498 1814 552 διότι
1841 500 1939 562 τὰς

2045 518 2238 564 omnes
2271 510 2414 567 circa
2458 513 2603 569 illam
2636 515 2887 574 civitates
2914 535 2978 577 ac
3016 523 3320 593 provincia:
3353 528 3627 588 habitato-

350 581 449 635 ὕπ’
485 581 655 653 αὐτὴν
679 583 860 645 πάσας
895 584 1085 649 πόλεις
1139 585 1234 640 καί
1263 586 1538 656 ἐπαρχίας
1566 588 1626 654 ἐξ
1667 591 1850 644 αὐτῶν
1882 594 1941 647 ἀ-

350 674 609 745 οικήτους
636 675 920 744 γενέσθαι,
948 679 1154 747 ταύτην
1174 677 1231 732 δέ
1267 678 1457 748 μόνην,
1482 682 1668 745 καθὼς
1699 684 1939 754 εἴρηται,

348 767 408 820 ἐν
458 766 611 839 μέσῳ
652 767 836 824 αὐτῶν
877 769 1188 842 ὑπάρχειν,
1238 771 1337 825 καὶ
1366 772 1536 841 αὐτὴν
1576 775 1942 846 ὑποδέχεσθαι

350 857 562 923 πάντας
595 862 725 924 τοὺς
759 863 1083 931 ἀποφύγους
1125 859 1246 917 τῶν
1271 862 1336 918 ἐκ
1372 863 1469 917 τοῦ
1507 868 1799 922 Λανουϐίου
1841 888 1944 940 με-

355 951 488 1024 ρῶν,
508 953 774 1018 Πανονίας
796 971 856 1009 τε
885 956 980 1009 καὶ
1004 955 1212 1018 Δακίας
1234 957 1330 1011 καὶ
1351 957 1681 1029 Δαρδανίας,
1705 962 1799 1013 καὶ
1831 962 1942 1016 τῶν

352 1044 562 1100 λοιπῶν
625 1047 912 1118 ἐπαρχιῶν
945 1065 1004 1101 τε
1049 1048 1145 1102 καὶ
1177 1047 1409 1112 πόλεων,
1445 1050 1540 1104 καὶ
1575 1052 1632 1104 ἐν
1664 1052 1804 1125 αὐτῇ
1841 1055 1942 1108 ἐπ-

360 1134 697 1206 ερείδεσθαι.

427 1236 522 1299 ρο⁹.
551 1231 858 1302 Προθὺμως
902 1226 996 1286 οὖν
1023 1232 1051 1286 ό
1078 1232 1291 1304 λεχθεὶς
1335 1234 1445 1288 τῶν
1484 1234 1735 1306 Ἀϐάρων
1767 1236 1942 1306 χάγα-

353 1339 442 1387 νος
474 1324 536 1376 τὸ
566 1324 786 1395 αἰτηθὲν
815 1325 948 1398 παρ’
977 1327 1160 1380 αὐτῶν
1195 1327 1556 1399 ἐκπληρῶσαι
1592 1329 1938 1400 σπουδάζων,

350 1415 420 1469 τά
444 1416 726 1486 ἐνδότερον
754 1416 924 1473 αὑτοῦ
956 1420 1136 1475 πάντα
1170 1420 1425 1492 βάρϐαρα
1476 1424 1618 1491 φῦλα
1652 1425 1942 1496 συναθροί-

353 1523 475 1573 σας,
504 1509 621 1580 ἆμα
651 1527 710 1564 τε
741 1511 851 1564 τῶν
885 1512 1109 1566 πάντων
1135 1514 1454 1569 Σκλαϐίνων
1480 1518 1576 1571 καὶ
1605 1518 1940 1590 Βουλγάρων

349 1602 446 1657 καὶ
484 1602 740 1672 ἀπείρων
779 1603 952 1658 ἐθνῶν
1000 1605 1365 1678 ἀναριθμήτῳ
1409 1608 1548 1680 λαῷ,
1595 1611 1943 1682 παρετάξατο

353 1696 493 1765 μετὰ
522 1696 671 1766 διετῆ
703 1697 897 1767 χρόνον
926 1702 993 1770 τῇ
1029 1701 1544 1773 μαρτυροφυλάκτῳ
1582 1707 1754 1778 ταύτῃ
1781 1707 1942 1776 ἡμῶν

350 1785 530 1850 πόλει,
566 1788 663 1839 καὶ
699 1788 903 1851 ἱππέας
947 1788 1270 1854 ἐπιλέκτους
1302 1793 1714 1861 ἐγκαθοπλίσας
1753 1797 1940 1869 δρόμῳ

349 1879 642 1950 ⁸ταχύτατοι)
686 1879 1045 1951 προέπεμψεν
1085 1883 1384 1952 ἀγνώστως
1427 1886 1693 1957 ἐπιϐῆναι
1742 1862 1942 1958 ἀθρόον

349 1973 418 2042 τῇ
468 1971 647 2035 πόλει,
680 1973 780 2053 καλ
823 1973 918 2026 τὸν
953 1975 1131 2045 αὐτῆς
1157 1977 1286 2031 λαὸν
1323 1976 1428 2044 ἔξω
1463 1979 1732 2046 λαϐόντας
1774 1983 1808 2053 ἢ
1845 1985 1944 2039 καὶ

350 2051 835 2136 κατασφάξαντας,
877 2070 1004 2122 τότε
1055 2072 1197 2141 μετὰ
1231 2073 1512 2143 ἀναμονῆς
1549 2075 1644 2129 τὸν
1683 2051 1942 2148 λεχθέντα

349 2160 590 2230 χάγανον
631 2161 1082 2233 καταλαμϐάνειν
1125 2164 1268 2235 μετὰ
1310 2165 1406 2219 καὶ
1449 2167 1548 2221 τοῦ
1588 2169 1723 2240 παρ’
1772 2171 1940 2226 αὐτοῦ

349 2251 859 2321 κατασυναχθέντος
886 2253 1020 2308 λαοῦ
1055 2253 1154 2308 τοῦ
1191 2257 1598 2327 ἐπιφερομένου
1639 2261 1940 2333 διαφόρους

349 2345 703 2409 κατασκευὰς
740 2347 1041 2418 μαγγάνων
1074 2348 1523 2421 πολεμιστηρίων
1553 2354 1691 2424 πρὸς
1728 2356 1938 2428 πόρθη-

351 2453 439 2492 σιν
481 2437 585 2506 τῆς
616 2438 741 2492 καθ’
769 2441 922 2510 ἡμᾶς
966 2441 1251 2511 πατρίδος.
1286 2443 1400 2497 Καὶ
1427 2445 1605 2517 ταύτῃ
1651 2448 1718 2519 τῇ
1768 2448 1936 2522 βουλῇ

349 2529 446 2584 καὶ
467 2529 548 2600 τῷ
575 2531 766 2603 τρόπῳ
787 2531 847 2585 τὸ
870 2532 1019 2588 ἅπαν
1049 2533 1330 2606 βάρϐαρον
1353 2535 1617 2592 ὀπλισθέν
1643 2538 1939 2613 ὥρμησαν,

349 2623 502 2696 ὥραν
529 2626 793 2697 πέμπτην
824 2627 1086 2700 ἐξαίφνης
1112 2633 1162 2684 ei
1187 2634 1373 2696 ἱππεῖς
1395 2636 1731 2692 ἐκπάντοθεν
1793 2642 1944 2713 σιδη-

353 2721 596 2790 ρένδυτοι
642 2721 1057 2793 ἐπιῤῥίψαντες,
1091 2723 1182 2780 διὰ
1225 2725 1288 2779 τὸ
1325 2729 1452 2793 τοὺς
1485 2733 1585 2800 τῆς
1619 2731 1832 2796 πόλεως
1866 2733 1943 2806 μὴ

349 2814 765 2882 προεγνωκότας
794 2815 921 2879 τοὺς
946 2819 1006 2869 ἐν
1037 2817 1234 2888 ἀμητῷ
1256 2820 1486 2886 πάντας,
1515 2823 1644 2888 τοὺς
1675 2825 1772 2893 μὲν
1803 2842 1942 2879 κατ·

350 2904 615 2974 ἐσφαξαν,
647 2905 870 2976 ἐτέρους
895 2907 953 2960 δέ
1009 2910 1398 2980 αἰχμαλώτους
1432 2913 1650 2980 ἔλαϐον,
1688 2917 1810 2985 μεθ’
1838 2910 1944 2971 ὧν·

349 3013 458 3068 περ
485 2993 648 3070 εὗρον
671 2999 950 3068 ἀγελαίων
974 3001 1249 3056 πλείστων
1275 3002 1453 3072 ζώων,
1479 3008 1572 3061 καὶ
1597 3006 1806 3063 λοιπῶν
1832 3009 1945 3064 τῶν

348 3091 446 3145 ἐπὶ
474 3092 712 3163 ἐργασία
740 3093 833 3147 τοῦ
864 3094 1080 3166 ἀμητοῦ
1114 3096 1351 3152 σκευῶν.

422 3278 556 3350 poa'.
604 3279 696 3344 Ὦς
744 3280 931 3335 λοιπὸν
973 3281 1277 3348 ἐγνωκέναι
1307 3282 1436 3346 τοὺς
1465 3283 1570 3353 τῆς
1597 3283 1810 3350 πόλεως
1841 3288 1942 3361 τὴν

349 3371 732 3443 ὴπειλημένην
783 3375 969 3437 αὐτοῖς
1017 3374 1128 3428 τῶν
1181 3376 1480 3448 βαρϐάρων
1527 3379 1943 3451 ἀπροσδόκητον

350 3461 447 3515 ἐπὶ
499 3463 794 3536 πολιορκίᾳ
849 3466 1174 3532 ἐπέλευσιν,
1228 3469 1324 3522 καὶ
1381 3471 1440 3522 ἐν
1501 3469 1712 3544 ἀθυμίᾳ
1768 3473 1938 3546 πολλῇ

348 3551 626 3620 γενέσθαι,
659 3553 850 3625 διόπερ
885 3558 978 3608 καὶ
1008 3556 1121 3610 τῶν
1153 3559 1294 3629 πρδς
1323 3562 1636 3635 παράταξιν
1665 3563 1939 3631 ἀπορούν-

347 3661 478 3711 των,
523 3646 685 3710 ἄλλος
735 3647 882 3719 ἄλλῳ
919 3650 1058 3720 πρὸς
1105 3651 1379 3724 εὐθυμίαν
1427 3656 1716 3727 ἐχαρίζετο
1759 3657 1937 3727 λόγος,

348 3736 531 3810 ἕτεροι
581 3737 638 3791 δέ
667 3740 776 3792 τῶν
810 3741 918 3797 ἀπὸ
948 3741 1201 3798 Ναῖσσοῦ
1233 3745 1329 3799 καὶ
1360 3747 1636 3816 Σαρδικῆς
1667 3749 1941 3820 ὑπαρχόν-

351 3844 482 3896 των,
530 3829 607 3892 ῶς
653 3832 851 3902 πεῖραν
886 3834 988 3903 τῆς
1025 3835 1208 3889 αὐτῶν
1255 3835 1615 3906 τειχομαχίας
1655 3836 1942 3908 εἰληφότες

355 3919 498 3991 μετὰ
530 3920 745 3992 θρήνων
775 3923 988 3994 ἔλεγον,
1021 3927 1369 3981 ὃτιἚκεῖθεν
1409 3929 1674 3997 φυγόντες
1707 3929 1942 3984 ἐνταῦθα

350 4015 562 4086 ἥκομεν
591 4018 712 4088 μεθ’
742 4019 896 4090 ὑμῶν
927 4022 1250 4088 ἀπολέσθαι,
1283 4023 1384 4092 μία
1413 4023 1523 4094 γὰρ
1555 4023 1761 4078 τούτων
1790 4023 1939 4078 λίθου

353 4101 483 4175 βολὴ
509 4105 573 4157 τὸ
600 4108 779 4177 τεῖχος
812 4109 1092 4176 κατεάξει.
1141 4110 1199 4164 '0
1233 4110 1288 4163 δέ
1323 4112 1426 4180 τὴν
1456 4113 1768 4182 ἐπισκοπὴν
1797 4113 1942 4183 μετὰ

351 4197 542 4268 χεῖρας
565 4195 706 4268 ἔχων
731 4199 759 4251 ό
796 4199 1228 4270 προονομασθεὶς
1257 4200 1444 4271 Πατὴρ
1480 4202 1639 4272 ἡμῶν
1682 4203 1941 4275 Ἰωάννης

354 4290 430 4361 μὴ
467 4291 735 4362 ῥᾳθυμεῖν
764 4294 1020 4366 παρῄνει,
1055 4293 1196 4347 ἀλλά
1232 4294 1536 4366 προθύμως
1567 4296 1678 4350 τῶν
1709 4296 1940 4353 δεόντων

351 4382 795 4448 ἀνθοπλίζεσθαι,
842 4384 1327 4455 διαϐεϐαιούμενος
1385 4385 1553 4455 μηδὲν
1607 4385 1854 4458 λυπηρὸν
1905 4387 1937 4458 ἢ

351 4477 582 4547 ὀκνηρὸν
611 4480 822 4551 φέρειν,
853 4479 931 4548 τῷ
962 4478 1082 4549 Θεῷ
1108 4479 1166 4532 δὲ
1203 4478 1404 4548 μᾶλλον
1467 4479 1563 4534 καὶ
1588 4478 1665 4549 τῷ
1700 4479 1940 4550 μάρτυρι

1965 3212 2012 3276 C

2047 599 2200 654 ribus
2231 616 2416 659 vacuae
2443 616 2628 662 eSScnt
2656 609 2890 674 eﬂ‘ectae,
2925 613 3043 670 btec
3073 624 3253 671 autem
3284 619 3420 683 sola,
3457 631 3514 675 ut
3543 623 3631 677 di-

2046 703 2194 748 etum
2219 704 2324 762 est,
2350 710 2688 768 superesset,
2720 717 3020 771 omnesque
3042 723 3069 760 a
3099 707 3329 764 Danubii
3357 714 3626 781 partibus,

2044 783 2435 859 Pannoniaque
2471 802 2525 847 et
2566 793 2728 849 Dacia
2760 805 2815 851 et
2849 796 3120 854 Dardania
3147 841 3162 865 ,
3197 803 3544 873 reliquisque
3575 817 3630 862 et

2047 879 2344 943 provinciis
2380 894 2435 937 et
2486 887 2737 955 urbibus,
2795 889 3106 962 transfugas
3146 896 3419 966 reciperet
3464 909 3630 953 att-ue

2045 967 2103 1022 in
2131 969 2255 1025 sinu
2282 988 2384 1028 suo
2416 974 2648 1032 foveret.
3527 982 3534 987 ’

2116 1234 2243 1290 HO.
2293 1235 2561 1294 Alacriter
2621 1239 2790 1312 igitur
2839 1243 3102 1313 praefatus
3151 1248 3389 1304 Avarum
3435 1253 3632 1324 chaga-

2045 1340 2170 1392 nus,
2201 1328 2348 1396 quod
2383 1331 2716 1399 postulatum
2746 1350 2845 1405 per
2872 1336 2997 1393 illos
3023 1349 3160 1405 erat,
3185 1341 3486 1412 adimplere
3512 1357 3631 1400 stu-

2045 1417 2202 1483 dens,
2237 1419 2532 1479 interiores
2563 1440 2759 1482 omnes
2789 1428 3020 1485 ditionis
3061 1447 3177 1487 sua:
3213 1435 3470 1491 nationes
3507 1438 3633 1492 bar-

2043 1509 2205 1564 baras
2237 1525 2343 1564 una
2382 1527 2507 1566 eum
2545 1513 2870 1570 Sclavorum
2906 1519 3154 1575 omnium
3188 1532 3243 1576 et
3269 1523 3628 1595 Bulgarorum

2046 1602 2406 1674 gentiumque
2437 1619 2672 1660 numero
2706 1606 3049 1665 inﬁnitorum
3086 1615 3290 1684 pepulo
3331 1633 3632 1690 congrega-

2049 1704 2130 1748 tas
2157 1704 2278 1764 post
2302 1695 2535 1751 duorum
2573 1713 2840 1756 annorum
2875 1705 3111 1773 spatium
3143 1706 3196 1759 in
3230 1708 3629 1767 hancnostram

2047 1801 2078 1840 a
2105 1788 2434 1858 martyribus
2469 1792 2799 1849 custoditam
2848 1797 3126 1852 civitatem
3169 1799 3437 1855 instruxit
3489 1805 3628 1874 (55),

2045 1894 2280 1950 eumque
2312 1883 2525 1952 equites
2577 1887 2811 1944 selectos
2861 1899 3152 1955 armasset,
3197 1908 3291 1948 eos
3341 1905 3397 1948 ut
3449 1896 3632 1953 subito

2047 1985 2240 2029 contra
2287 1975 2564 2034 civitatem
2610 1981 2995 2050 procederent,
3045 1983 3292 2055 forisque
3344 1987 3507 2057 huius
3537 2004 3635 2059 po-

2045 2070 2174 2140 pulo
2203 2072 2554 2140 apprehenso
2579 2073 2851 2142 occisove,
2885 2091 2987 2131 suo
3008 2077 3207 2133 deinde
3231 2082 3520 2136 commodo
3550 2083 3634 2138 di-

2047 2173 2197 2220 ctum
2223 2163 2537 2237 cbaganum
2569 2182 2681 2221 una
2705 2183 2830 2222 cum
2859 2180 3190 2241 congregato
3217 2173 3286 2228 ab
3315 2189 3382 2228 eo
3411 2178 3630 2245 pepulo,

2045 2258 2138 2327 qui
2189 2258 2468 2315 diversum
2503 2261 2887 2317 machinarum
2939 2263 3259 2321 bellicarum
3310 2279 3630 2339 apparatum

2043 2350 2111 2405 ad
2151 2351 2381 2421 patriam
2410 2362 2654 2408 nostram
2681 2355 3096 2424 expugnandam
3125 2356 3380 2422 ducebat,
3408 2361 3633 2415 accede-

2046 2453 2190 2509 rent,
2224 2446 2390 2501 celeri
2439 2460 2606 2502 cursu
2653 2448 2942 2516 praemisit.
2997 2450 3176 2514 Atque
3228 2449 3333 2505 hoc
3383 2453 3626 2507 consilio

2047 2539 2322 2609 modoque
2353 2540 2532 2595 omnis
2563 2539 2930 2597 Barbarorum
2977 2559 3114 2615 gens
3162 2555 3370 2599 armata
3415 2545 3630 2612 movit,

2048 2632 2186 2688 hora
2216 2633 2407 2704 quinta
2443 2650 2510 2690 ex
2541 2636 2841 2706 improvise
2891 2637 3128 2707 equites,
3163 2637 3308 2692 ferro
3350 2639 3634 2708 undequa-

2047 2741 2155 2796 que
2201 2725 2484 2793 instructi,
2520 2727 2916 2798 irrumpentes,
2966 2735 3258 2799 propterea
3310 2730 3496 2800 quod,
3531 2729 3630 2799 qui

2047 2818 2290 2874 civitatis
2315 2829 2494 2882 erant.
2545 2819 2599 2877 id
2646 2835 2758 2875 non
2807 2831 3214 2890 praenoscentes
3240 2821 3294 2875 in
3325 2835 3505 2877 messe
3539 2836 3631 2877 es-

2048 2918 2192 2970 sent,
2224 2909 2362 2964 alios
2391 2909 2613 2978 quidem
2641 2910 2985 2976 occiderunt,
3021 2911 3159 2966 alios
3205 2926 3334 2966 vero
3381 2913 3630 2981 captivos

2037 2999 2418 3066 abduxerunt,
2446 3001 2776 3068 quibuscum
2823 3008 2880 3055 et
2926 3001 3160 3070 plurima
3199 3003 3448 3071 jumenta
3499 3002 3631 3057 reli-

2049 3107 2266 3162 quaque
2301 3093 2497 3149 messis
2543 3094 2698 3164 operi
2738 3093 3142 3150 subscrvientia
3185 3094 3439 3149 utensilia
3479 3094 3634 3151 inve-

2049 3202 2200 3242 nere.

2130 3281 2254 3335 171.
2293 3280 2432 3336 Cum
2493 3281 2747 3346 tandem,
2780 3279 2876 3351 qui
2932 3279 3172 3335 civitatis
3237 3288 3416 3342 erant,
3471 3279 3629 3334 inex-

2046 3381 2377 3442 spectatum.
2422 3373 2514 3442 qui
2560 3372 2712 3443 ipsos
2743 3373 3090 3437 minabatur,
3132 3371 3505 3427 Barbarorum
3561 3372 3627 3425 ad

2046 3465 2388 3521 obsidionem
2455 3480 2742 3520 accessum
2797 3466 3229 3535 cognovissent,
3285 3478 3627 3533 magnaque,

2045 3557 2189 3629 quod
2233 3567 2284 3611 et
2334 3557 2402 3612 iis
2441 3572 2564 3627 quae
2610 3556 2676 3612 ad
2711 3557 3032 3612 conﬂictum
3084 3559 3394 3612 necessaria
3445 3565 3627 3619 erant,

2043 3649 2496 3716 destituerentur,
2550 3649 2604 3704 in
2652 3649 2826 3704 animi
2879 3649 3186 3717 dejectione
3234 3658 3441 3716 essent,
3489 3649 3629 3702 alter

2042 3742 2200 3797 alteri
2246 3741 2312 3796 ad
2341 3741 2678 3795 alacritatem
2727 3755 2910 3795 sermo
2932 3740 3288 3810 jungebatur,
3319 3740 3410 3794 alii
3441 3748 3626 3794 autem

2041 3849 2107 3888 ex
2148 3833 2236 3896 iis,
2276 3835 2367 3903 qui
2416 3847 2482 3887 ex
2513 3830 2712 3888 Naisso
2747 3831 2860 3902 (30)
2888 3840 2944 3887 et
2977 3831 3203 3886 Sardica
3279 3832 3390 3903 (57)
3447 3841 3625 3897 erant,

2043 3926 2210 3982 veluti
2247 3926 2464 3980 illorum
2508 3941 2698 3980 muros
2745 3925 3098 3995 oppugnandi
3147 3925 3284 3980 artis
3333 3925 3626 3993 experien-

2044 4019 2175 4074 tiam
2215 4017 2360 4072 nacti
2389 4032 2512 4072 cum
2545 4016 2803 4072 lamentis
2837 4017 3132 4071 dixerunt:
3169 4015 3302 4071 lude
3334 4017 3624 4087 fugientes,

2043 4109 2329 4164 vobiscum
2364 4118 2424 4163 ut
2467 4123 2760 4178 pereamus
2793 4108 2903 4162 huc
2949 4108 3239 4174 venimus,
3287 4123 3431 4162 unus
3479 4107 3624 4161 enim

2041 4202 2260 4256 illorum
2304 4199 2503 4271 lapidis
2549 4199 2734 4270 jactus
2783 4215 3002 4254 murum
3045 4199 3378 4269 confringet.
3418 4197 3624 4254 Verum

2040 4310 2208 4364 supra
2245 4295 2584 4360 nominatus,
2615 4293 2707 4364 qui
2750 4301 2885 4348 tunc
2925 4293 3309 4362 episcopatum
3352 4291 3406 4345 in
3445 4291 3627 4344 mani-

2040 4386 2142 4442 bus
2166 4385 2422 4451 habebat,
2457 4385 2620 4440 Pater
2653 4393 2840 4442 noster
2874 4382 3136 4448 Joannes,
3174 4398 3241 4438 ne
3267 4384 3486 4437 animos
3531 4382 3626 4437 de-

2042 4477 2400 4545 sponderent,
2427 4472 2524 4530 sed
2555 4481 2614 4528 ut
2646 4473 3074 4542 alacriteryquae
3103 4471 3414 4527 necessaria
3444 4478 3626 4532 erant,

350 4569 450 4632 τὰς
481 4570 704 4636 ἐλπίδας
732 4572 1106 4644 ἐπιρρίπτειν.
1141 4571 1366 4636 Τούτοις
1396 4571 1452 4625 δέ
1489 4572 1584 4624 καὶ
1616 4573 1732 4634 τοῖς
1759 4569 1938 4624 τοιού-

2043 4585 2107 4624 ex
2154 4569 2408 4638 Opposito
2437 4569 2504 4623 ad
2549 4565 2754 4622 bellum
2795 4572 3148 4636 pararentur,
3189 4564 3472 4626 mouebat,
3512 4578 3626 4616 rem

351 4678 468 4725 τοις
495 4663 556 4717 τὸ
589 4664 788 4736 θάρσος
818 4666 906 4720 διά
933 4669 1034 4737 τῆς
1065 4665 1450 4736 παραινέσεὼς
1483 4682 1542 4718 τε
1571 4664 1664 4717 καὶ
1695 4663 1934 4732 βεϐαιώς

353 4770 491 4818 πως
524 4759 552 4810 ὁ
596 4758 744 4822 ὅσιος
767 4759 954 4833 Πατὴρ
993 4762 1108 4826 τοῖς
1155 4760 1256 4832 τῆς
1299 4759 1508 4822 πόλεως
1531 4758 1792 4828 παρέχων
1844 4759 1941 4811 καὶ

354 4913 638 4985 sequendo
668 4913 862 4970 Latine
891 4916 982 4970 hic
1009 4917 1408 4985 interpretatus
1458 4931 1603 4980 sum,
1651 4914 1794 4981 quod
1820 4954 1834 4975 .
1870 4922 1930 4965 ut

356 4984 588 5038 verbum
634 4989 806 5041 verbo
858 4984 1301 5048 reddatur.’hoe
1348 4986 1470 5040 loco
1523 4986 1668 5039 haud
1707 4985 1939 5039 sulIerat

359 5052 547 5110 Graeca
578 5056 945 5117 constructio,
991 5067 1087 5111 aut
1133 5060 1320 5121 etiam,
1369 5067 1426 5110 ut
1459 5071 1682 5110 sensum
1711 5055 1938 5108 omnino

360 5124 669 5198 perfectum
720 5127 925 5196 gignat,
963 5127 1168 5198 aliquid
1221 5141 1287 5183 ex
1334 5125 1750 5181 amanuensium
1805 5124 1937 5179 vitio

358 5195 554 5249 deesse
584 5195 820 5250 videtur.

325 5331 336 5344 “
427 5331 541 5398 (55)
579 5331 714 5386 Cum
747 5342 1002 5401 suscepta
1049 5347 1078 5385 a
1134 5330 1364 5396 Sclavis,
1397 5331 1464 5386 de
1499 5345 1609 5401 qua
1640 5345 1760 5399 cap.
1795 5344 1938 5400 prat-

353 5402 500 5464 Ced.,
518 5412 705 5456 contra
729 5403 1177 5456 Thessalonicam
1209 5403 1485 5470 expeditio
1512 5403 1612 5456 sub
1639 5402 1939 5456 Constante

357 5473 520 5527 tertio
548 5480 642 5526 aut
672 5473 848 5527 altero
871 5487 902 5526 e
936 5472 1078 5524 binis
1103 5472 1220 5536 ejus
1245 5473 1655 5527 successoribus
1695 5472 1800 5541 (adi
1830 5471 1940 5524 Ad-

351 5551 539 5597 notata
573 5557 740 5611 supra
791 5543 899 5597 col.
926 5541 1086 5608 1326,
1117 5551 1231 5597 not.
1269 5545 1336 5598 18
1357 5553 1411 5598 et
1456 5544 1526 5597 20
1557 5543 1825 5605 evenerit,
1851 5557 1941 5610 pa-

350 5614 489 5667 riter
524 5613 628 5668 sub
660 5613 845 5681 aliquo
878 5627 908 5668 e
943 5614 1122 5668 tribus
1169 5615 1288 5669 istis
1313 5613 1738 5684 imperatoribus
1760 5627 1937 5684 expe-

349 5684 642 5748 ditionem,
692 5698 812 5752 cap.
859 5685 1114 5754 przesenti
1162 5682 1462 5746 narratam,
1519 5682 1929 5738 verosimillime

350 5755 626 5818 evenisse,
659 5767 722 5809 ex
753 5754 859 5809 hoc
889 5754 1049 5822 hujus
1092 5755 1232 5818 loco,
1264 5762 1451 5822 utpote
1490 5769 1620 5823 quo,
1669 5755 1930 5823 spectatis

352 5824 516 5881 simul
561 5824 1035 5894 antecedentibus,
1081 5825 1312 5882 duorum
1345 5824 1614 5881 duntaxat
1660 5840 1931 5882 annorum

2047 4676 2173 4718 sese
2209 4662 2406 4716 acerbe
2451 4669 2783 4730 gravateque
2817 4657 2960 4712 haud
3009 4656 3174 4720 ferre,
3207 4655 3261 4709 in
3295 4655 3462 4710 Deum
3502 4669 3629 4708 vero

2048 4764 2103 4811 et
2152 4763 2447 4825 martyrem
2481 4768 2632 4824 spem
2677 4752 2954 4823 conjicere
2986 4766 3098 4824 prec
3141 4764 3200 4806 se
3247 4749 3449 4806 ferens.
3506 4748 3630 4801 lla-c

2039 4911 2217 4981 spatio
2252 4919 2374 4981 post
2397 4910 2637 4980 priorem
2675 4907 2822 4964 illam
2871 4905 3137 4962 accidisse
3181 4905 3450 4970 innuitur,
3500 4919 3634 4958 cou-

2037 4984 2336 5036 sectarium
2385 4983 2464 5035 (it.

2109 5053 2221 5119 (36)
2254 5051 2399 5107 Urbs
2441 5052 2574 5112 haec,
2613 5065 2736 5119 qua:
2774 5048 2924 5104 Italis
2976 5047 3138 5119 modo
3192 5045 3396 5119 Nirea,
3447 5045 3630 5119 Gallis

2040 5121 2204 5176 Nicée
2237 5123 2454 5187 dicitur,
2484 5122 2540 5174 in
2575 5118 2742 5191 Mysia
2800 5118 3069 5191 superiori
3102 5119 3205 5191 sila
3236 5125 3341 5191 est,
3371 5118 3631 5191 habetur-

2037 5209 2142 5260 que
2170 5209 2200 5246 e
2231 5186 2773 5260 Servizeprmci'puis,
2810 5191 2908 5260 Adi
2939 5190 3005 5242 ad
3034 5187 3366 5260 vocabulum
3400 5186 3628 5240 Naitsus

2041 5259 2095 5317 in
2140 5263 2317 5316 lexiro
2348 5261 2728 5330 GeOgraphico
2757 5259 3164 5330 Baudranduui.

2114 5332 2227 5402 (37)
2261 5333 2314 5384 In
2364 5324 2582 5402 laudato
2606 5329 2834 5402 _ad_not.
2873 5327 3103 5402 pra-ceu.
3153 5325 3352 5402 Letiro
3385 5324 3631 5394 Geogra-

2041 5396 2356 5472 phico'dua:
2408 5400 2650 5472 nominis
2693 5398 2855 5472 hujus
2901 5397 3171 5472 civitates,
3211 5396 3632 5472 altergiieinpe

2041 5465 2095 5525 in
2150 5472 2309 5524 Dacia
2361 5471 2425 5524 ad
2478 5470 2675 5524 lstrum
2713 5467 2939 5520 ﬂuvium
2967 5506 2982 5530 ,
3025 5466 3200 5518 altera
3244 5465 3298 5518 in
3351 5465 3585 5519 Thracia
3613 5504 3628 5528 ,

2039 5541 2293 5596 Naissum
2333 5541 2477 5594 inter
2515 5548 2568 5592 ct
2606 5537 3029 5606 Philippopolim
3069 5537 3199 5598 sita,
3237 5536 3628 5605 assignantur;

2039 5622 2158 5666 utra
2196 5619 2373 5666 autem
2401 5610 2470 5664 ab
2506 5618 2732 5662 auctore
2765 5620 2954 5662 nostro
2986 5621 3263 5676 anonymo
3292 5607 3382 5660 hic
3419 5617 3634 5676 memo-

2039 5693 2207 5744 retur,
2249 5695 2346 5750 pro
2373 5689 2522 5734 certo
2548 5693 2869 5750 asseverare
2905 5693 3011 5750 non
3055 5675 3427 5750 ausi‘ni,_licet
3473 5675 3622 5730 inte-

2039 5754 2139 5806 rim
2173 5745 2348 5820 magis
2382 5748 2776 5819 prependeam,
2803 5757 2859 5805 ut
2889 5749 2955 5804 tle
2982 5745 3282 5818 posteriori
3318 5759 3628 5804 sermonem

2041 5824 2088 5881 ei
2107 5838 2228 5882 esse
2256 5823 2588 5881 existimem.
