4070 6382
511 334 651 401 1313

1807 322 2448 392 SUPPLEMENTUM.

3629 291 3814 358 1344

509 449 666 506 fuere
701 446 912 504 induti:
952 443 1292 502 timidiorum
1321 451 1506 501 autem
1553 442 1780 515 quidam
1815 441 2123 496 duntaxat.

2223 438 2246 488 ὲ
2276 435 2387 488 τῶν
2411 430 2732 503 δειλοτέρων
2755 428 2821 499 τῇ
2851 423 3097 499 ῥᾳθυμία
3121 421 3224 490 τῆς
3247 409 3615 515 ἀσυμπαθοῦς
3641 425 3826 463 παν.

510 545 584 598 ob
614 541 848 605 unitam,
881 552 1004 609 qua
1037 538 1400 608 undequaque
1446 509 1943 601 illis-imminebat,
1978 532 2087 586 vim

2225 529 2417 601 αχόθεν
2441 527 2582 599 πρὸς
2609 525 2808 587 αὐτοὺς
2837 517 3160 592 συμμαχίας
3197 509 3534 582 κατείχοντο.

513 633 779 689 immitem
815 629 982 684 animi
1015 630 1320 698 dejectione
1348 629 1754 684 detinebantur.

587 725 711 779 177.
770 723 926 777 Tunc
988 721 1312 776 aﬂlietorum
1382 720 1677 787 Servator,
1737 728 2090 790 tempestate-

2268 711 2398 783 ροζν.
2438 708 2571 762 Τότε
2611 706 2640 759 ὁ
2674 703 2785 757 τῶν
2846 696 3190 768 θλιϐομένων
3251 689 3445 760 Σωτὴρ
3491 684 3598 783 καλ
3667 681 3811 783 τῶν

514 833 623 889 que
682 818 1016 887 jactatorum
1101 826 1314 886 portus,
1355 816 1554 870 virtute
1612 815 1876 870 invisibili
1930 827 2095 868 naves

2223 774 2614 875 [είμαζομένων
2633 795 2803 865 λιμὴν
2828 792 2887 859 ἒξ
2915 783 3518 889 ἀοράτωνσιτοὲρόιρους
3542 774 3814 889 exteras;

515 911 788 982 plurimas
837 909 1113 962 frumento
1144 909 1379 978 aliisque
1413 909 1578 962 etiam
1626 907 1826 962 diversi
1879 905 2096 975 generis

515 1004 740 1059 cibariis
800 1010 1051 1065 onustas,
1104 1002 1350 1071 quotidie
1402 1002 1610 1071 absque
1663 999 2095 1062 intermissione,

518 1096 764 1164 qnandiu
815 1095 938 1151 talis
976 1095 1346 1149 Barbarorum
1399 1097 1683 1148 contentio
1717 1093 1977 1157 obtinuit,
2004 1091 2102 1146 ad-

520 1183 730 1248 venire,
763 1183 1090 1238 mirabiliter
1138 1182 1286 1247 fecit,
1321 1184 1395 1236 ita
1433 1192 1492 1236 ut
1525 1194 1717 1253 portus
1765 1191 1917 1237 totus
1949 1195 2104 1251 pars-

521 1291 628 1347 que
648 1277 830 1332 omnis
875 1277 1011 1331 mari
1039 1277 1296 1344 aaljacens
1327 1292 1357 1331 a
1393 1286 1544 1330 tanta
1581 1277 1806 1332 navium
1842 1277 2098 1332 multitu~

523 1363 650 1418 dine
704 1363 1060 1433 impleretur,
1122 1366 1348 1422 navales
1409 1374 1594 1420 autem
1652 1367 1872 1422 illarum
1933 1369 2107 1438 copiae

523 1463 712 1524 utpote
739 1456 1124 1511 machinarum
1169 1458 1491 1513 bellicarum
1531 1459 1748 1528 peritae,
1777 1461 2104 1529 petrobolis,

527 1548 863 1618 reliquisque
890 1565 1012 1619 quae
1034 1560 1224 1618 parata
1254 1559 1435 1616 erant,
1467 1550 1860 1608 instrumentis
1896 1553 2110 1608 bellicis

535 1639 950 1708 ministrarent;
996 1642 1224 1698 Barbari
1255 1659 1386 1698 vero
1433 1645 1697 1710 dicerent,
1735 1654 1980 1714 tempore
2015 1662 2112 1702 no-

2202 866 2343 964 μετὰ
2372 866 2469 944 καὶ
2503 889 2708 960 ἐτέρων
2759 883 3033 950 διαφόρων
3074 876 3231 931 εἱδῶν
3273 872 3532 930 πλείστας
3579 866 3818 964 μέχ-ρις

2200 958 2266 1040 δν
2302 987 2336 1056 ἡ
2373 958 2605 1051 τοιαύτη
2632 978 2744 1032 τῶν
2794 974 3090 1047 βαρϐάρων
3137 966 3404 1035 ἐτύγχανε
3441 958 3811 1029 παράταξις,

2201 1076 2440 1144 ἑκάστης
2464 1073 2679 1143 ἡμέρας
2699 1067 2996 1128 ἀνενδὸτως
3027 1057 3376 1131 είσέρχεσθαι
3401 1055 3817 1144 ὲθαυματούρ-

2203 1140 2408 1238 γησενξ
2445 1140 2522 1229 (in;
2578 1140 2761 1217 πάντα
2811 1157 2900 1212 τὸν
2956 1154 3156 1225 λιμένα
3191 1147 3525 1221 γεμισθῆναι
3561 1143 3662 1196 καὶ
3699 1140 3815 1238 τὴν

2205 1236 2476 1332 παράλιον
2523 1258 2654 1326 ὅλην
2687 1258 2752 1310 ὲκ
2805 1254 2916 1308 τῶν
2960 1251 3234 1304 τοσούτων
3286 1243 3520 1298 πλοίων·
3575 1238 3717 1300 τοὺς
3752 1236 3816 1288 δὲ

2207 1330 2413 1407 τούτων
2445 1351 2760 1412 ναυτικοὺς,
2794 1346 2869 1408 ὡς
2904 1333 3464 1411 ἑμπειρομαγγὰνους
3487 1370 3504 1393 .
3537 1330 3669 1392 ταῖς
3703 1343 3819 1379 πε-

2207 1445 2470 1516 τραρέαις
2522 1440 2619 1494 καὶ
2649 1437 2758 1490 τῶν
2789 1432 2996 1488 λοιπῶν
3049 1425 3412 1497 ἐξυπηρετεῖν
3440 1434 3814 1516 κατεσκευα-

2213 1510 2429 1605 σμένων
2451 1534 2652 1596 ὅπλων,
2686 1531 2814 1592 τοὺς
2857 1527 2914 1580 δὲ
2966 1521 3288 1594 βαρϐάρους
3335 1516 3541 1583 λέγειν,
3584 1513 3673 1564 ὅτι
3701 1510 3816 1605 τὴν

2212 1603 2384 1686 νύκτα
2417 1628 2546 1692 τοὺς
2576 1626 2676 1696 τῆς
2735 1622 2943 1682 πόλεως
2984 1613 3342 1674 ἀποστέλλειν
3365 1611 3432 1663 τὰ
3475 1607 3662 1670 πλοῖα,
3702 1603 3814 1655 καὶ

535 1743 756 1798 cturno,
789 1735 883 1804 qui
922 1737 1162 1792 civitatis
1195 1747 1371 1802 erant,
1397 1753 1562 1793 naves
1584 1739 1853 1803 emittere,
1884 1738 2110 1796 diurno-

2223 1726 2312 1793 τὴν
2335 1721 2550 1794 ἡμέραν
2572 1717 2652 1788 τῷ
2679 1717 2858 1770 δοκεῖν
2887 1711 3062 1766 ταῦτα
3085 1703 3450 1828 είρὲρχερθαι·
3475 1700 3718 1828 (gagaten:

529 1841 636 1894 que
692 1827 838 1890 illas,
895 1836 956 1882 ut
1001 1829 1316 1895 videbatur,
1363 1830 1600 1896 reverti;
1650 1829 1897 1885 dicerent
1944 1845 2108 1901 porro

2223 1819 2336 1879 τοὺς
2360 1813 2704 1884 ναυκλήρους
2726 1808 2821 1862 καὶ
2846 1803 3184 1901 δημηγορεῖν
3205 1799 3282 1901 τὸ.
3301 1798 3465 1901 θεῖο-νῆ
3481 1794 3696 1860 θαῦμα,
3727 1794 3808 1852 ὡς

531 1918 774 1974 naucleri
824 1935 888 1973 ac
932 1921 1224 1989 vulgarent
1275 1922 1518 1977 divinum
1571 1924 1920 1989 miraculum,
1967 1940 2108 1989 sese,

531 2011 682 2067 velut
714 2013 782 2068 ab
811 2013 999 2084 ignoto
1034 2015 1272 2084 quodam
1318 2015 1648 2070 cancellario
1681 2017 1818 2087 (41),
1863 2031 1928 2070 eo
1973 2017 2112 2101 invi-

533 2105 638 2158 tari
665 2123 678 2171 ;
714 2106 860 2161 hunc
893 2116 1102 2169 autem,
1135 2108 1395 2176 quoniam
1421 2118 1477 2162 et
1503 2107 1636 2176 ipsis
1665 2109 1903 2163 secunda
1927 2125 1955 2162 e
1977 2124 2113 2162 ven-

534 2195 604 2250 tis
635 2197 908 2265 navigatto
961 2196 1181 2258 fuisset,
1217 2196 1408 2265 patriae
1458 2203 1798 2250 servatorem
1844 2211 1965 2250 esse
2011 2197 2108 2250 Dc-

534 2287 815 2339 tnetrium.
881 2284 1066 2339 Talem
1129 2300 1259 2355 ergo
1341 2285 1697 2339 barbarorum
1766 2286 2113 2341 subitaneam

535 2378 799 2432 adversus
822 2375 1097 2431 civitatem
1123 2375 1526 2446 expeditionem
1553 2392 1742 2433 omnes
1770 2378 2115 2448 ignorabant,

535 2481 768 2536 eamque
815 2467 979 2521 etiam
1025 2467 1308 2534 dominus,
1352 2467 1441 2523 cui
1476 2477 1699 2539 sceptra
1725 2469 1973 2526 obtinere
1997 2486 2119 2528 sors

537 2557 783 2624 dederat,
816 2560 958 2614 haud
995 2560 1228 2616 sciebat.

609 2651 736 2707 178.
772 2650 974 2706 Verum
1033 2667 1100 2707 eo
1146 2652 1462 2723 praefectum
1511 2655 1680 2722 misit,
1729 2657 1952 2715 nomine
1987 2657 2124 2715 Cha-

539 2743 680 2801 riam
733 2744 872 2816 (49.),
923 2747 1019 2816 qui
1071 2763 1271 2818 neque,
1308 2764 1432 2804 cum
1465 2750 1703 2806 civitatis
1732 2751 1919 2818 hujus,
1946 2768 1977 2809 a
2012 2752 2122 2808 Deo

543 2847 814 2905 servatae,
865 2849 1084 2910 portum
1153 2843 1552 2912 ingrederetur,
1605 2843 1803 2900 factam
1833 2884 1849 2911 ,
1888 2855 1948 2900 ut
2001 2861 2122 2916 per-

546 2932 761 2997 hibent,
809 2933 1158 2989 inimicorum
1209 2935 1570 3009 irruptioncm
1601 2938 1838 3006 sciebat;
1873 2939 1968 3009 qui
1998 2955 2122 2995 cum

547 3023 622 3090 id,
655 3025 798 3094 quod
825 3039 1104 3093 evenerat,
1136 3027 1573 3099 ined‘abilemque
1597 3031 1758 3086 etiam
1783 3046 1814 3087 e
1848 3031 2003 3088 lactis
2033 3049 2124 3087 ar-

547 3123 822 3172 matorum
853 3118 1118 3174 adversus
1140 3119 1373 3175 invicem
1405 3120 1813 3178 incursionibus
1833 3125 2124 3179 tumultum

547 3221 582 3260 e
610 3206 823 3277 fragore
857 3211 1211 3279 percepisset,
1258 3210 1397 3268 fusis
1440 3213 1494 3266 in
1536 3214 1774 3270 civitatis
1818 3214 2129 3272 Servatoris

552 3296 806 3352 Demetrii
841 3302 1046 3370 templo
1070 3302 1344 3371 precibus,
1370 3310 1424 3357 et
1453 3304 1570 3372 ipse
1615 3321 1740 3361 cum
1778 3307 1970 3362 multis
2009 3325 2131 3364 mu-

551 3401 696 3449 rum,
725 3391 893 3444 armis
924 3394 1241 3462 assumptis.
1271 3397 1593 3450 conscendit
1623 3415 1637 3451 :
1671 3408 1784 3452 tum
1823 3415 1975 3466 vero,
2008 3417 2130 3471 quae

553 3479 622 3531 ab
650 3479 885 3535 inimicis
915 3493 1099 3551 parata
1131 3495 1308 3551 erant,
1336 3487 1699 3544 instrumenta
1731 3497 2129 3564 oppugnatoria

557 3569 795 3625 ludibrio
829 3573 1046 3627 tandem
1075 3574 1260 3630 habita
1287 3578 1612 3648 inutiliaquc
1643 3598 1739 3652 per
1776 3585 1922 3642 vires
1957 3602 2130 3657 oppo-

555 3660 690 3716 sitas
730 3676 794 3716 ac
827 3678 925 3733 per
968 3665 1329 3721 certaminum
1360 3667 1600 3726 Victoris
1651 3675 1914 3730 auxilium
1951 3679 2130 3748 inepta

499 3767 502 3770 ·
555 3753 766 3808 reddita
811 3754 1057 3823 fuerunt,
1095 3759 1172 3813 uti
1207 3761 1464 3818 omnibus
1517 3766 1806 3824 manifesto
1854 3773 2129 3842 apparuit.

627 3932 752 3989 179.
793 3933 932 3990 Cum
975 3937 1120 3992 enim
1169 3921 1506 3996 exstructam
1551 3942 1620 3998 ab
1667 3943 1749 4002 eis
1813 3947 2010 4003 turrim
2064 3949 2131 4005 li~

558 4041 774 4093 igneam,
808 4042 970 4095 quam
1017 4029 1277 4086 omnibus
1329 4033 1742 4100 terribiliorem,
1773 4038 2134 4111 idoneamque

557 4115 970 4181 existimabant,
999 4129 1052 4174 et
1077 4130 1384 4176 armassent
1424 4131 1477 4178 et
1513 4139 1672 4179 muro
1713 4127 2007 4188 admovere
2041 4148 2136 4188 co-

559 4215 846 4274 narentur,
879 4210 1065 4264 divina
1099 4212 1450 4281 providentia
1493 4215 2006 4288 instrumentorum,
2035 4240 2134 4279 ex-

559 4297 872 4353 sistentium
904 4299 955 4354 in
987 4315 1074 4365 ea,
1104 4288 1298 4371 sponte
1343 4318 1465 4366 sua.
1495 4305 1626 4360 dum
1656 4307 1848 4364 eadem
1883 4325 2131 4369 movere-

558 4397 668 4453 tur,
727 4392 1104 4462 gubernaculo
1154 4395 1426 4464 disrupta,
1472 4409 1736 4467 armatos,
1779 4402 1874 4472 qui
1930 4406 1985 4458 in
2041 4403 2132 4459 illa

556 4489 736 4546 erant,
768 4484 917 4538 viros
950 4484 1195 4552 interire,
1249 4489 1388 4547 alios
1417 4507 1574 4559 vero,
1609 4493 1705 4561 qui
1739 4494 1791 4548 in
1845 4496 2137 4552 testudini-

559 4573 660 4628 bus
683 4575 1026 4645 attingebant
1052 4594 1292 4645 murum,
1317 4596 1348 4636 e
1371 4583 1642 4652 superiori
1669 4601 1955 4641 murorum
1983 4599 2138 4658 parte

2212 1908 2322 1964 ἀπό
2349 1923 2491 1969 τινος
2523 1900 2805 1972 ἀγνώστου
2834 1891 3241 1964 καγκελλαρίου
3267 1885 3509 1942 ἐνταῦθα
3545 1899 3811 1955 προτραο

2215 2004 2407 2071 πῆναι,
2433 1998 2624 2053 τοῦτον
2647 1995 2704 2048 δὲ
2732 1990 3035 2060 τυγχάνειν
3068 1985 3160 2038 τδν
3219 1981 3570 2050 σωσίπατριν
3600 1977 3810 2071 Δημήο

2211 2070 2388 2164 τριον,
2411 2089 2656 2157 διδτιπερ
2698 2085 2791 2140 καὶ
2824 2083 2934 2136 τῶν
2987 2079 3210 2148 ἀνέμων
3264 2075 3454 2136 αὐτοῖς
3483 2070 3813 2164 ἐπιτήδειος

2213 2163 2514 2255 γεγένηται
2554 2179 2805 2234 εύπλοία.
2865 2175 2979 2246 Τὴν
3017 2167 3113 2226 οὖν
3165 2169 3427 2239 τοιαύτην
3449 2163 3809 2255 τῶνᾷβαρϐαῗ

2220 2252 2329 2349 ρων
2356 2274 2644 2329 ὲπέλευσιν
2670 2273 2738 2341 τῇ
2770 2267 2925 2322 πόλει
2975 2264 3191 2324 πάντας
3222 2259 3462 2328 ἀγνοεῖν,
3495 2253 3638 2349 ἀλλα
3663 2252 3809 2323 μηδὲ

2217 2347 2308 2425 τὸν
2347 2367 2537 2438 κύριον
2577 2363 2690 2417 τῶν
2735 2361 3035 2431 σκήπτρων
3092 2353 3320 2427 κρατεῖν
3356 2349 3593 2422 Ααχόντα
3623 2347 3810 2414 ἐγνω-

2219 2462 2396 2517 κέναι.

2299 2642 2435 2717 ροη’.
2477 2639 2620 2696 Ἀλλ’
2665 2635 2910 2692 ἔστειλεν
2959 2632 3204 2702 ὕπαρχον
3249 2623 3525 2721 -ε-νταῦθ-αἷ
3559 2619 3812 2721 tre-ﬁve?

2221 2711 2458 2808 Χαρίαν,
2486 2733 2635 2795 ὅστις
2664 2728 2787 2782 οὐδὲ
2821 2724 2986 2787 αὐτὸς
3020 2723 3217 2792 μέχρις
3243 2719 3383 2808 δτου-
3401 2713 3483 2808 τῷ
3503 2711 3691 2808 λιμένι
3710 2711 3812 2776 τῆς

2224 2800 2534 2881 θεοσώστου
2555 2820 2766 2889 ταύτης
2791 2813 3094 2875 εἰσέϐαλεν,
3132 2807 3370 2875 ἐγνώκει
3395 2804 3498 2874 τὴν
3521 2800 3813 2870 ὑπάρχου-

2227 2937 2348 2980 σαν,
2383 2917 2460 2980 ώς
2511 2914 2752 2984 εἴρηται,
2813 2908 2923 2962 τῶν
2978 2901 3192 2974 ἐχθρῶν
3230 2899 3614 2970 παράστασιν⁸
3658 2895 3815 2955 ὅστις

2232 3009 2422 3082 μαθὼν
2447 3009 2510 3062 τδ
2539 3007 2808 3076 ὑπάρχον,
2843 2999 2938 3054 καὶ
2971 2997 3034 3050 τὸ
3071 2999 3280 3065 ἄφατον
3315 2992 3421 3062 τῆς
3465 2987 3720 3082 ταραχῆς
3755 2987 3819 3038 ἑκ

2154 3112 2196 3169 C
2235 3080 2341 3158 τῶν
2372 3097 2689 3173 προσϐολῶν
2718 3095 2814 3150 καὶ
2839 3091 3079 3146 ὁπλιτῶν
3106 3090 3186 3152 εἰς
3213 3085 3478 3156 ἀλλήλους
3508 3080 3818 3151 γινομένων

2233 3199 2296 3252 ὲκ
2323 3195 2431 3250 τῶν
2463 3193 2676 3264 ψόφων,
2709 3183 3103 3259 προσκυνήσας
3160 3182 3220 3234 ὲν
3253 3179 3332 3250 τῷ
3362 3175 3472 3246 ναῷ
3521 3174 3623 3226 τοῦ
3653 3191 3821 3226 σωσι-

2234 3289 2448 3350 πόλιδος
2483 3281 2829 3356 Δημητρίου,
2861 3281 3000 3350 πρὸς
3025 3274 3104 3345 τῷ
3130 3273 3302 3344 τείχει
3332 3272 3428 3324 καὶ⁵
3457 3267 3631 3330 αὐτὸς
3684 3265 3823 3356 μετὰ

2237 3376 2460 3430 πάντων
2491 3355 2866 3439 ὁπλισάμενος
2916 3367 3129 3422 ἄνεισιν
3150 3379 3166 3395 ·
3205 3357 3326 3414 εἷτα
3366 3359 3424 3412 δὲ
3453 3357 3566 3410 τῶν
3598 3358 3668 3409 ὲκ
3712 3355 3822 3409 τῶν

2237 3467 2493 3522 ὰντιϐίων
2523 3459 3084 3518 κατασκευασθέντων
3119 3453 3484 3526 μαγγανικῶν
3508 3450 3697 3504 ὃπλων
3711 3450 3820 3501 λοιο

2236 3561 2340 3616 πόν
2367 3556 2864 3614 καταπτυσθέντων
2895 3553 2992 3606 καὶ
3025 3552 3332 3620 ἀπράκτων
3361 3547 3451 3599 διὰ
3485 3544 3596 3597 τῶν
3637 3542 3816 3596 αὐτῶν

2236 3653 2762 3725 ἀντιπαρατάξεων,
2823 3650 2920 3702 καὶ
2977 3641 3375 3712 ἀνεπιτηδείων
3433 3640 3526 3694 διὶ
3569 3640 3676 3711 τῆς
3725 3638 3816 3691 τοῦ

2237 3751 2540 3822 ἀθλοφόροι)
2566 3746 2892 3819 συνεργείας
2923 3737 3390 3809 ἀποδειχθέντων,
3427 3733 3504 3798 ὡς
3535 3734 3706 3785 πᾶσιν
3734 3733 3819 3785 δε-

2237 3843 2498 3915 δήλωται.

2311 3936 2446 4007 ροο’.
2475 3932 2586 3986 Καὶ
2605 3931 2713 4002 γὰρ
2744 3929 2837 3983 τοῦ
2881 3929 3013 3999 παρ’
3030 3927 3214 3981 αὐτῶν
3239 3923 3606 3992 ξυλοπύργου,
3629 3921 3819 3974 ὅντινα

2237 4027 2458 4082 ἐδόκουν
2517 4026 2656 4098 ὑπὲρ
2713 4023 2896 4078 πάντα
2929 4021 3311 4091 φοϐερώτερον
3361 4019 3458 4072 καὶ
3507 4015 3820 4086 ἐπιτήδειον

2237 4116 2399 4186 εἶναι,
2426 4118 2864 4180 καθοπλίσαντες
2894 4133 2955 4168 τε
2989 4117 3085 4169 καὶ
3116 4114 3508 4186 προσορμῆσαι
3537 4111 3614 4180 τῷ
3645 4109 3819 4177 τείχει

2239 4213 2599 4285 πειρώμενοι.
2641 4210 2765 4282 θείᾳ
2813 4209 3048 4283 προνοίᾳ
3097 4208 3429 4280 αὐτομάτως
3458 4207 3518 4258 ὲν
3543 4207 3610 4275 τῇ
3649 4200 3822 4256 αὑτοῦ

2239 4307 2451 4376 κινήσει
2485 4303 2747 4375 ῥαγέντος
2784 4299 2880 4355 τοῦ
2911 4301 2972 4354 ὲν
2997 4299 3148 4370 αύτῷ
3187 4299 3252 4352 τὰ
3281 4298 3492 4369 ὄργανα
3521 4293 3822 4357 ίθύνοντσς,

2199 4393 2212 4466 ξ
2239 4401 2334 4454 καὶ
2360 4399 2491 4462 τοὺς
2527 4399 2586 4452 ὲν
2625 4395 2775 4466 αύτῷ
2807 4393 3038 4456 ὁπλίτας
3071 4393 3396 4456 ἀποθανεῖν,
3449 4388 3646 4450 ἄλλους
3671 4387 3734 4439 δὲ
3764 4389 3828 4439 ὲν

2165 4443 2212 4500 D

2236 4494 2360 4555 ταῖς
2378 4490 2641 4561 χελώναις
2663 4486 3080 4559 προσάπτοντας
3101 4485 3182 4554 τῷ
3212 4483 3388 4553 τείχει
3416 4483 3482 4534 ὲκ
3507 4481 3615 4534 τῶν
3635 4480 3828 4532 ἐπάνω

2234 4586 2344 4640 τῶν
2368 4584 2565 4656 τειχῶν
2593 4583 2682 4638 διὰ
2734 4580 2906 4646 ξύλων
2963 4578 3199 4650 ἑχόντων
3250 4575 3405 4647 ξίφος
3459 4572 3724 4636 ύνιοειδὲς
3757 4573 3827 4625 ἐκ

559 4679 656 4734 per
689 4664 858 4736 ligna,
894 4683 1019 4739 qua:
1086 4685 1350 4726 mucrone
1373 4711 1388 4736 ,
1425 4675 1665 4731 vomeris
1713 4678 1951 4746 speciem
1995 4679 2123 4736 refe-

2233 4678 2344 4732 τῶν
2383 4676 2625 4746 ὕπερθεν
2655 4672 2948 4746 χαλώντων
2985 4670 3083 4723 καὶ⁸
3109 4667 3436 4739 πηγνύντων
3459 4664 3667 4726 ταύτας
3727 4665 3830 4716 ἀν-

558 4765 736 4824 rente,
770 4766 930 4814 erant
977 4760 1270 4829 instructa,
1305 4780 1338 4819 e
1369 4765 1594 4821 sublimi
1623 4767 1952 4836 delabentis,
1989 4773 2138 4831 illas-

557 4865 665 4920 que
715 4850 1042 4921 conligentia
1091 4855 1302 4911 turbari
1349 4858 1553 4923 evenit,
1603 4859 1740 4917 adeo
1771 4873 1829 4917 ut
1863 4867 1955 4934 qui
1989 4867 2137 4923 intus

556 4952 738 5010 erant,
760 4944 876 5015 jam
925 4947 1058 5003 nudi
1085 4949 1305 5006 emissis
1337 4965 1436 5020 per
1467 4952 1616 5009 viros
1661 4966 1921 5024 armatos,
1957 4959 2048 5028 qui
2081 4960 2134 5015 in

559 5051 718 5091 niuro
768 5047 946 5106 erant,
993 5040 1196 5110 jaculis
1251 5043 1710 5113 vulnerarentur;
1767 5049 1912 5105 unde
1963 5051 2133 5119 cives,

556 5131 649 5200 qui
684 5131 837 5201 prius
885 5133 1070 5202 pavidi
1102 5135 1449 5201 exstiterant,
1483 5135 1833 5195 delectationi
1881 5157 1946 5198 ac
1991 5143 2128 5200 risui

557 5222 880 5297 habuerunt,
901 5225 1249 5284 inimicorum
1273 5229 1664 5286 instrumenta.

632 5429 744 5507 (ﬁl)
778 5427 1118 5507 vocabulum
1151 5433 1572 5507 καγκελλάριος,
1600 5435 1747 5507 quod
1786 5435 1980 5492 Latine
2001 5454 2130 5492 can-

561 5501 1244 5576 cellariusinterpretatus
1277 5501 1598 5566 sum,’idem
1619 5501 1751 5569 'bic,
1793 5511 1936 5576 quod
1968 5526 1986 5558 ι
2031 5523 2129 5562 vo-

562 5571 786 5647 luntatis
821 5571 1187 5647 imperatoria:
1227 5584 1518 5647 exsecutor
1558 5595 1579 5628 ι
1625 5571 1938 5647 signiﬁcare
1980 5579 2132 5633 vide-

566 5650 674 5720 tur.
706 5642 979 5720 Ne_c_baee,
1010 5659 1174 5720 quam
1212 5646 1260 5700 ei
1291 5646 1379 5700 bic
1413 5642 1707 5720 convenire
1735 5659 1882 5717 puto,
1918 5649 2131 5720 signiﬁ-

565 5713 708 5788 catio
738 5713 1214 5788 abhorretabiis,
1246 5730 1374 5788 qua;
1391 5716 1464 5788 de
1497 5713 1762 5772 vocabulo
1796 5720 1900 5772 isto
1933 5713 1994 5771 ili
2017 5734 2132 5772 me-

571 5779 673 5836 dia:
702 5791 755 5839 et
783 5782 980 5840 intimae
1007 5779 1315 5843 Latinitatis
1340 5787 1619 5846 Glessario
1644 5789 1883 5859 Cangius
1915 5805 1942 5845 e
1970 5788 2132 5846 variis

2236 4767 2578 4841 εγείρεσθαι,
2608 4766 2685 4829 ώς
2744 4765 2933 4818 λοιπὸν
2978 4763 3108 4826 τοὺς
3151 4759 3369 4814 ἔνδοθεν
3427 4756 3679 4826 γυμνοὺς
3721 4755 3833 4822 μὲν

2233 4864 2354 4926 ταῖς
2398 4863 2462 4915 ἐκ
2494 4860 2604 4914 τῶν
2633 4855 2872 4912 ὁπλιτῶν
2903 4853 2998 4909 τοῦ
3030 4853 3247 4924 τείχους
3290 4847 3702 4921 τιτρώσκεσθαι
3732 4847 3831 4916 βο·

2235 4955 2376 5021 λαῖς,
2400 4954 2523 5007 ὅθεν
2551 4953 2602 5006 οι
2636 4951 2699 5004 τὸ
2725 4949 2856 5018 πρὶν
2898 4946 3126 5016 ἔκφοϐοι
3158 4943 3446 5014 γενόμενοι
3494 4940 3714 4994 πολῖται
3745 4942 3834 5003 είς

2229 5047 2425 5119 τέρψιν
2467 5041 2618 5118 εἶχον
2667 5044 2764 5098 καὶ
2803 5042 3020 5112 γέλωτα
3058 5039 3168 5092 τῶν
3191 5033 3540 5091 ὑπεναντίων
3569 5032 3834 5103 ἀμυντή-

2230 5159 2346 5214 ρια.

2242 5436 2560 5492 auctoribus
2589 5433 2866 5504 observat.
3096 5497 3115 5504 _
3455 5492 3468 5504 ο

2312 5489 2709 5578 ('iélNominis
2763 5502 2928 5570 hujus
2977 5497 3323 5578 praefectum,
3376 5492 3470 5563 qui
3521 5489 3626 5578 sub
3668 5490 3834 5578 Egon-

2240 5560 2421 5633 stante,
2459 5560 2901 5644 tertioiialtero've
2930 5585 2961 5625 e
2981 5560 3138 5644 binis
3169 5568 3337 5644 hujus
3357 5560 3825 5644 successoribus,

2239 5664 2333 5702 seu
2361 5646 2590 5709 Joanne,
2620 5640 3102 5698 Tliessalonieensi
3130 5636 3567 5711 archiepiscopo.
3595 5636 3648 5685 in
3681 5636 3834 5711 vivis

2241 5726 2462 5798 agente,
2501 5701 2781 5801 ﬂoruerit,
2831 5714 3104 5771 incassum
3154 5709 3297 5779 apud
3320 5701 3635 5777 scriptores
3681 5701 3834 5759 alios

2241 5802 2486 5848 αυῖτεινι.
