4090 6384
394 456 534 522 i353

1449 459 1504 520 S.
1539 456 1912 518 DEMETEII
1956 457 2344 518 MAHTYRIS
2385 458 2593 520 ACTA.

3456 457 3590 522 lii;

369 569 663 640 oeavupob;
717 569 810 622 καὶ
848 569 912 638 τῇ
967 567 1063 639 (te;
1103 568 1532 638 ὑπερλάμπρους
1563 569 1924 632 ἁσπιδιὼκτας

2036 567 2184 623 cium
2208 577 2325 623 utut
2353 569 2495 624 haud
2529 579 2775 638 magnam
2802 564 3016 622 indidit.
3046 565 3258 622 Rursus
3288 577 3468 623 autem
3499 573 3545 625 al
3573 573 3590 625 i

362 666 480 727 τοῖς
511 661 762 725 πολίταις
794 659 1072 730 ἐνέθηκεν.
1110 659 1328 728 Ἕτεροι
1361 659 1418 712 δὲ
1455 659 1617 714 πάλιν
1665 662 1930 730 ἑωράκει.-

370 773 470 808 trav
499 755 588 807 τὸν
637 752 867 821 εὐσθενῆ
904 750 1092 805 τοῦτον
1128 752 1383 822 μάρτυρα
1441 752 1536 804 καὶ
1591 754 1932 819 σωσίπατριν

368 845 724 916 διατρέχοντα
773 842 990 910 ἔξεδρον
1043 842 1121 912 τῷ
1177 843 1345 912 τείχει
1404 841 1500 893 καὶ
1538 841 1722 908 ξένους
1778 843 1930 905 τινὰς

368 936 664 1005 εὖτόλμους
698 933 978 1001 ἀξιοῦντα,
1014 935 1106 987 καὶ
1137 934 1218 996 εἰς
1265 935 1463 997 τόπους
1490 934 1642 996 τινὰς
1669 932 1779 988 τῶν
1822 951 1931 987 τει-

366 1024 509 1095 χέων
545 1024 788 1090 ἑστάναι,
831 1023 1284 1090 παρατάσσεσθαι
1333 1041 1392 1075 τε
1426 1027 1522 1080 καὶ
1578 1024 1932 1094 παραφυλάτ-

367 1127 481 1168 τειν
513 1151 528 1167 .
565 1152 582 1169 .
619 1153 633 1168 .
674 1154 689 1168 .
730 1151 746 1168 .
785 1155 800 1167 .
834 1152 850 1164 .
878 1113 988 1167 Καὶ
1020 1113 1209 1166 τούτου
1246 1113 1376 1185 παρ’
1407 1113 1588 1168 αὐτῶν
1616 1116 1926 1187 γινομένου,

365 1205 460 1258 καὶ
492 1207 590 1273 τῆς
619 1203 765 1258 ἔνδον
797 1203 1010 1268 ξυλείας
1047 1205 1226 1275 πάσης
1258 1205 1575 1277 καυθείσης,
1617 1206 1740 1277 μηδ’
1791 1207 1930 1270 ὅλως

363 1296 462 1364 τὴν
515 1295 625 1348 τῶν
669 1295 904 1366 σιδήριον
948 1293 1199 1350 σύνθεσιν
1231 1297 1365 1366 πρός
1401 1313 1454 1350 τι
1486 1297 1785 1366 χαυνῶσαι,
1811 1296 1928 1350 ἀλλ’

359 1387 438 1450 ὡς
492 1387 975 1457 ὲγκεχωνιασμένα
1001 1426 1018 1453 ,
1074 1388 1108 1458 ἢ
1159 1389 1215 1441 ὲν
1257 1389 1430 1458 ἑτέρῳ
1497 1390 1926 1459 προσπιπηγότα

361 1475 514 1528 εξδει.

434 1586 579 1660 pne'.
633 1589 798 1645 Οὕτω
844 1590 906 1644 τὸ
949 1592 1082 1645 αὐτὸ
1136 1593 1478 1663 παραπύλιον
1509 1594 1604 1648 καὶ
1627 1597 1760 1649 tatu
1789 1597 1928 1650 σῶον

359 1679 654 1750 διέμεινεν,
705 1683 783 1744 ὡς
837 1683 962 1745 τοὺς
1022 1682 1331 1754 βαρϐάρους
1379 1686 1756 1756 ἐκπλαγέντας
1831 1689 1926 1743 τοῦ

359 1773 603 1827 τοιούτου
647 1775 950 1846 ἀποστῆναι
1006 1779 1193 1845 τόπου,
1254 1779 1469 1850 πληγάς
1503 1798 1562 1834 τε
1607 1781 1708 1836 οὐκ
1739 1782 1926 1850 ὀλίγας

2034 660 2285 715 viderunt
2312 659 2606 728 benignum
2635 657 2788 713 illum
2819 666 3113 728 martyrem
3147 657 3444 730 patriaque
3475 677 3592 716 set-

2033 761 2276 808 vatorem
2331 759 2484 806 extra
2539 764 2759 806 murum
2811 759 3162 817 currentem,
3217 755 3594 824 quosdamque

2031 844 2344 913 peregrinos
2371 843 2646 918 robustos,
2675 857 2738 899 ac
2769 852 2992 912 aspectu
3022 843 3394 913 praefulgidos.
3424 849 3592 902 scuti-

2030 933 2177 988 feros
2206 934 2461 1000 audaces,
2492 941 2553 989 ut
2582 931 2909 1002 quibusdam
2936 932 3104 988 etiam
3141 950 3425 992 murorum
3461 940 3598 998 locis.

2030 1033 2262 1089 starent,
2293 1025 2615 1080 resisterent
2642 1033 2807 1093 atque
2829 1025 3094 1080 excubias
3134 1039 3379 1097 agerent,
3418 1031 3596 1085 ad-lu-

2029 1126 2310 1172 centem...
2351 1107 2431 1172 Ac
2481 1129 2606 1173 cum
2634 1113 2767 1169 illud
2808 1113 3013 1170 factum
3041 1117 3111 1172 ab
3141 1117 3208 1175 iis
3238 1118 3455 1188 fuisset,
3483 1136 3598 1175 Olli-

2029 1207 2224 1277 nisque
2254 1205 2483 1262 interior
2502 1205 2683 1276 lignea
2701 1205 2928 1261 materia
2956 1215 3102 1263 esset
3123 1210 3431 1272 combusta.
3447 1213 3599 1267 nullo

2031 1299 2190 1351 modo
2218 1299 2490 1353 ferrorum
2533 1300 2957 1356 commissuram
2988 1299 3183 1367 laxari,
3220 1302 3316 1356 sed
3352 1317 3416 1358 ea
3448 1303 3600 1360 velut

2028 1388 2082 1441 in
2112 1403 2282 1442 unum
2317 1388 2542 1444 conflari
2575 1405 2669 1446 seu
2704 1390 2872 1445 alium
2905 1390 2962 1445 in
2996 1398 3194 1446 statum
3241 1407 3599 1450 concrescere

2027 1480 2231 1536 evenit.

2099 1591 2224 1648 189.
2284 1591 2362 1647 Ita
2405 1591 2590 1647 eadem
2631 1592 2877 1661 portella,
2923 1601 3045 1649 utut
3105 1593 3409 1661 combusta,
3447 1595 3595 1652 salva

2032 1685 2374 1753 permansit,
2421 1685 2496 1740 ita
2560 1695 2619 1739 ut
2665 1684 2892 1739 Barbari
2943 1686 3178 1756 perculsi
3229 1701 3260 1741 a
3314 1686 3435 1743 loco
3491 1688 3598 1742 hu-

2024 1775 2272 1845 jusmodi
2298 1777 2642 1841 recederent,
2676 1777 2954 1847 plagaque
3002 1778 3148 1834 baud
3187 1791 3374 1848 pauca
3406 1779 3598 1836 vulne-

363 1865 458 1916 καὶ
481 1864 776 1936 τραύματα
803 1869 897 1921 καὶ
921 1868 1116 1936 φόνους
1140 1871 1197 1922 ιν
1228 1873 1342 1934 τοῖς
1393 1871 1577 1934 αὐτοῖς
1630 1871 1924 1943 βαρὸάροις

2031 1881 2201 1938 raque
2235 1883 2300 1923 ac
2335 1867 2511 1924 caedes
2540 1867 2597 1922 in
2642 1868 2776 1939 ipsis
2819 1865 3076 1925 Barbaris
3125 1867 3286 1925 modo
3335 1868 3598 1928 invisibili

359 1958 608 2026 ἀοράτως
641 1960 1005 2030 γεγενῆσθαι,
1058 1962 1119 2014 οὐ
1150 1964 1310 2032 μόνον
1339 1962 1398 2014 ἑν
1437 1962 1516 2030 τῷ
1549 1963 1702 2033 αὐτῷ
1749 1962 1923 2034 τόπῳ,

360 2045 500 2100 ἀλλὰ
525 2051 618 2102 καὶ
643 2047 712 2102 δι’
740 2049 868 2119 ὅλης
913 2049 1009 2119 τῆς
1040 2050 1299 2120 χερσαίας
1327 2050 1424 2104 καὶ
1454 2052 1596 2104 κατὰ
1629 2051 1921 2106 θάλατταν.

373 2135 528 2192 Ἐπεὶ
554 2134 648 2192 οὖν
677 2143 830 2207 τρεῖς
861 2141 1073 2210 ἡμέρας
1107 2141 1278 2205 οὕτως
1315 2181 1330 2196 .
1373 2180 1388 2196 .
1425 2183 1438 2197 .
1466 2145 1586 2203 ταῐς
1605 2145 1804 2209 πύλαις
1830 2146 1926 2200 καὶ

359 2229 497 2297 πρὸς
527 2231 639 2293 τοῖς
674 2230 806 2300 παρ’
836 2231 1019 2284 αὐτῶν
1073 2233 1452 2302 συνοραθεῐσιν
1496 2234 1792 2299 εὐαλώτοις
1829 2239 1925 2292 καὶ

358 2317 838 2389 εὐμαχιμωτάτοις
891 2319 1076 2383 τόποις
1137 2322 1281 2374 κατὰ
1339 2321 1429 2374 τὸν
1469 2323 1654 2393 ὅμοιον
1687 2325 1927 2397 πολεμή-

362 2425 554 2472 σαντες
600 2410 802 2480 τρόπον
854 2411 956 2481 τήν
1008 2427 1067 2465 τε
1115 2411 1406 2482 δυστυχίαν
1435 2416 1576 2484 μετὰ
1607 2416 1806 2488 θρήνου
1831 2420 1927 2474 καὶ

357 2501 660 2571 ὀλολυγμοῦ
693 2501 812 2572 μεθ’
843 2503 1054 2557 ἑαυτῶν
1098 2503 1376 2570 λαθόντες,
1425 2508 1517 2560 καὶ
1558 2509 1684 2572 τοὺς
1738 2509 1925 2566 θιόθεν

360 2596 538 2656 aurci;
563 2597 874 2665 σφαγέντας
901 2597 1172 2674 ἄρχοντας
1222 2598 1313 2653 διὰ
1339 2599 1434 2652 τοῦ
1466 2598 1789 2672 ἀθλοφόρου,
1826 2604 1924 2657 καὶ

359 2689 483 2751 τοὺς
510 2687 674 2742 αὑτοῦ
707 2675 1039 2758 πληγέντας,
1068 2691 1185 2759 μετ’
1221 2690 1469 2761 ἀλλήλων
1519 2693 1820 2764 μαχόμενοι
1843 2695 1925 2760 εις

358 2779 484 2839 τοὺς
517 2778 683 2841 ἰδίους
714 2780 912 2842 τόπους
934 2779 1176 2848 ἀπῆλθον
1204 2820 1218 2836 .
1251 2818 1266 2834 .
1295 2817 1313 2835 .
1353 2819 1369 2834 .

433 2887 537 2960 ρὶί.
599 2891 662 2945 0i
717 2891 772 2944 δὲ
816 2891 1081 2962 βάρϐαροι
1134 2894 1272 2963 πρὸς
1312 2892 1576 2965 ἀλλήλους
1625 2897 1927 2967 μαχόμενοι

357 2984 543 3048 ἔλεγον
572 2985 684 3044 τοῖς
731 2983 1062 3052 διεγείρασιν
1095 2983 1292 3046 αὐτούς
1319 2999 1334 3014 '
1366 2985 1480 3038 Οὐκ
1506 2986 1722 3053 ἐλέγετε
1769 2990 1924 3058 ἡμῖν,

361 3073 565 3142 μηδένα
609 3075 668 3126 ὲν
725 3077 790 3142 τῇ
822 3074 976 3126 πόλει
1024 3074 1265 3139 ὑπεῖναι,
1289 3075 1336 3126 εί
1376 3075 1450 3145 μή
1479 3091 1634 3138 τινας
1663 3076 1927 3146 γέροντας

359 3168 449 3218 καὶ
476 3165 633 3234 ὀλίγα
664 3166 996 3235 γυναικάρια
1024 3183 1038 3232 ;
1072 3165 1174 3218 Καὶ
1199 3164 1413 3235 πίθενή
1448 3166 1684 3238 τοσαύτη
1715 3168 1922 3236 πληθὺς

358 3254 450 3308 τοῦ
484 3257 541 3308 ἐν
588 3259 651 3326 τῇ
705 3257 859 3308 πόλει
907 3255 1038 3308 λαοῦ
1091 3256 1719 3328 ἡάντιπαραταξαμένη
1753 3261 1917 3330 ήμῖνς

359 3349 530 3399 Τοῦτο
555 3348 610 3400 δὲ
652 3351 785 3401 πᾶσι
833 3349 993 3417 δῆλον
1025 3349 1392 3420 καθέστηκεν,
1438 3351 1514 3414 ὡς
1545 3352 1578 3420 ἡ
1607 3352 1716 3406 τῶν
1748 3353 1921 3420 ἁγίων

355 3439 443 3490 διὰ
469 3438 561 3491 τοῦ
622 3439 920 3509 ἁθλοφὸρου
973 3442 1236 3511 γενομένη
1289 3443 1353 3511 τῇ
1409 3443 1558 3494 πόλει
1589 3443 1728 3512 ὑπὲρ
1764 3443 1920 3512 ἡμῶν

357 3533 645 3601 σαμμαχῖα
679 3571 692 3584 .
731 3570 744 3584 .
781 3572 793 3584 .
825 3571 837 3584 .
881 3533 988 3584 Καὶ
1010 3531 1147 3603 αὕτη
1180 3531 1234 3584 δὲ
1266 3533 1427 3586 πάλιν
1456 3533 1548 3585 διὰ
1576 3533 1684 3586 τῶν
1706 3534 1798 3587 τοῦ
1833 3552 1919 3602 φι-

430 3736 540 3810 (61)
582 3735 753 3792 Voces
781 3739 986 3808 aliquot
1012 3740 1063 3795 in
1100 3741 1284 3796 codice
1315 3741 1443 3796 olim
1476 3740 1803 3796 Mazarinaeo
1833 3741 1923 3796 hic

357 3822 536 3860 uxr-sa:
570 3819 725 3874 sunt;
774 3819 830 3861 ut
860 3823 1038 3864 autem
1072 3825 1102 3864 e
1135 3811 1360 3879 reliquis
1391 3825 1592 3879 sensus
1643 3811 1924 3877 perfectus

361 3881 650 3950 tot-tuetur,
677 3894 796 3930 esse.
829 3892 956 3947 puto
987 3877 1350 3950 supplendum
1376 3879 1532 3948 πρὸς,
1561 3877 1926 3946 Latinumque

360 3947 571 4041 idcirco
592 3947 1290 4015 interpntationem’sensui
1316 3951 1392 4004 ita
1416 3947 1666 4019 suppleto
1705 3964 1925 4002 accom-

361 4032 597 4069 ιιιυιίέινι,

431 4087 541 4154 (65)
586 4087 760 4154 Atque
797 4089 888 4148 ita,
943 4099 1002 4142 ut
1051 4088 1230 4143 verbis
1256 4089 1366 4159 jam
1404 4087 1700 4159 praemissis
1740 4087 1806 4141 ab
1833 4103 1930 4142 au—

357 4170 510 4210 (flori:
537 4169 724 4210 nostro
755 4169 1026 4222 narratur,
1055 4173 1149 4227 per
1166 4157 1416 4213 sanctum
1469 4157 1800 4214 Demetrium
1826 4173 1923 4212 seu

362 4229 546 4294 pullus
594 4243 688 4294 per
742 4230 986 4297 angelos,
1046 4230 1140 4282 illo
1186 4239 1375 4282 sancto
1413 4238 1601 4282 nostro
1650 4242 1678 4280 a
1725 4227 1837 4281 Deo
1870 4227 1928 4282 id"

362 4307 706 4364 impetrantc,
773 4300 1096 4351 Stlavorum
1152 4298 1455 4366 obsidione,
1491 4312 1606 4366 cap.
1671 4297 1924 4366 praesenti

359 4376 684 4428 memorata,
737 4368 960 4420 liberata
1002 4367 1106 4420 fuit
1149 4365 1922 4426 Thessalonicensis’civitas;

362 4448 420 4488 ut
453 4447 632 4488 autem
667 4436 716 4488 id
751 4452 875 4490 vere
909 4453 1004 4506 per
1029 4438 1331 4504 prodigium
1359 4437 1563 4506 factum
1601 4435 1792 4498 fuisse,
1826 4452 1924 4488 au-

357 4517 476 4558 etor
524 4506 854 4560 luculentius
907 4505 1180 4575 Ostendat,
1236 4521 1359 4559 utox
1415 4505 1598 4568 etiam,
1635 4515 1922 4575 postquam

2030 1959 2245 2024 fierent,
2273 1972 2384 2014 non
2413 1958 2578 2014 modo
2600 1956 2659 2014 in
2686 1957 2876 2014 eodem
2909 1958 3050 2024 loco,
3081 1972 3271 2015 verum
3307 1959 3469 2017 etiam
3499 1975 3599 2034 per

2027 2064 2246 2105 omnem
2278 2057 2436 2108 terra
2461 2049 2672 2122 plagam
2697 2057 2864 2121 atque
2891 2049 2949 2105 in
2974 2051 3138 2109 mari.
3167 2049 3464 2124 Postquam
3487 2054 3594 2124 igi-

2026 2149 2118 2197 tur
2150 2145 2223 2198 ita
2255 2159 2351 2215 per
2388 2145 2504 2200 dies
2536 2154 2648 2200 tres
2677 2143 2864 2217 (64)...
2906 2159 3078 2215 prope
3108 2152 3320 2215 portas,
3367 2147 3598 2218 locaque

2027 2250 2148 2306 quae
2178 2235 2247 2290 ab
2269 2236 2351 2290 eis
2384 2244 2546 2306 captu
2579 2233 2761 2290 facilia
2795 2234 3089 2306 laboreque
3118 2235 3271 2292 nullo
3316 2250 3596 2308 expugna-

2024 2327 2157 2383 bilia
2191 2325 2409 2382 fuerant
2451 2326 2793 2394 existimata,
2851 2325 3022 2382 simili
3061 2327 3224 2383 modo
3265 2327 3598 2401 fortunaque

2026 2417 2256 2472 adversa
2281 2427 2630 2487 pugnassent,
2652 2430 2778 2470 curn
2807 2417 3031 2488 planctu
3052 2430 3117 2473 ac
3135 2418 3339 2488 eiulatu
3367 2427 3422 2476 et
3446 2422 3599 2492 prin-

2025 2508 2263 2578 cipibus,
2313 2509 2408 2578 qui
2462 2508 2726 2564 divinitus
2772 2507 2854 2564 eis
2901 2524 2928 2562 a
2970 2511 3332 2566 certaminum
3370 2509 3593 2570 Victore

2027 2597 2244 2653 fuerant
2272 2599 2462 2662 occisi,
2495 2606 2552 2653 et
2586 2598 2654 2653 iis
2679 2598 2774 2669 qui
2805 2599 2872 2654 ab
2899 2613 2964 2656 eo
3003 2599 3099 2656 icti
3127 2599 3368 2668 fuerant,
3403 2618 3594 2661 secum

2027 2690 2288 2758 acceptis,
2333 2689 2402 2746 ad
2437 2689 2555 2744 loca
2583 2688 2808 2760 propria
2851 2699 3161 2761 pugnantes
3203 2692 3473 2750 adversus
3513 2694 3599 2750 in-

2027 2781 2200 2837 vicem
2220 2779 2473 2836 abierunt
2495 2778 2684 2851 (65)...

2098 2892 2222 2948 190.
2263 2891 2488 2947 Barbari
2539 2901 2758 2960 autem,
2805 2907 2933 2950 cum
2973 2895 3204 2953 invicem
3263 2900 3595 2969 pugnabant,

2029 2986 2096 3041 iis
2126 2986 2216 3056 qui
2251 2986 2370 3041 illos
2403 2985 2842 3051 exstimularant,
2873 2987 3379 3046 dicebantzﬁonne
3414 2994 3596 3062 nobis,

2029 3078 2304 3131 neminem
2339 3075 2394 3130 in
2423 3075 2662 3142 civitate,
2699 3078 2806 3134 nisi
2849 3095 3009 3136 senes
3036 3084 3324 3150 quosdam,
3359 3098 3588 3154 paucas-

2028 3183 2137 3239 que
2203 3167 2580 3234 mulierculas,
2643 3183 2930 3240 superesse
2969 3172 3228 3229 dixistis?
3258 3175 3413 3231 Unde
3442 3185 3590 3232 tanta

2027 3274 2150 3329 quae
2203 3259 2358 3314 nobis
2404 3258 2605 3314 restitit
2653 3259 2709 3314 in
2757 3260 2978 3317 civitate
3023 3264 3212 3332 populi
3257 3267 3597 3323 multitudo?

2028 3351 2354 3408 Sanctorum
2387 3349 2444 3402 id‘
2473 3347 2644 3404 fuisse
2678 3349 2912 3405 militare
2953 3351 3240 3419 auxilium,
3261 3353 3470 3413 civitati
3493 3370 3594 3426 pro

2028 3444 2185 3499 nobis
2218 3458 2313 3511 per
2342 3441 2705 3496 certaminum
2743 3439 3018 3500 Victorem
3057 3445 3311 3512 allatum,
3361 3445 3595 3502 manife—

2025 3543 2170 3592 stum
2208 3531 2461 3586 omnibus
2509 3528 2612 3584 fuit
2665 3531 2850 3602 (66)...
2883 3532 3066 3604 Atque
3106 3534 3212 3591 hoc
3256 3551 3450 3596 rursus
3493 3552 3593 3609 per

2025 3743 2204 3804 sidiis,
2232 3740 2430 3816 quibus
2463 3742 2576 3816 haec
2620 3742 2736 3816 ipsa
2762 3741 2962 3816 civitas
2989 3742 3307 3816 _ah’quando
3365 3747 3595 3816 impete-

2027 3821 2200 3886 retur,
2249 3813 2302 3864 in
2355 3812 2474 3886 loca
2526 3812 2632 3886 alia
2669 3812 2906 3886 civitatis
2953 3811 3194 3886 ejusdem
3225 3820 3398 3870 muris
3426 3811 3589 3886 quam

2029 3881 2278 3948 proxime
2324 3881 2654 3950 adiacentia,
2691 3880 3044 3949 irruptiones,
3075 3883 3276 3949 quibus
3315 3880 3498 3950 fiebat,
3533 3898 3594 3943 ut

2030 3958 2085 4002 et
2115 3950 2312 4019 captivi
2343 3949 2751 4004 abducerentur
2777 3965 2940 4019 quam
2970 3951 3212 4018 plurimi,
3259 3962 3313 4005 et
3344 3956 3448 4009 alia
3481 3949 3589 4012 non

2032 4017 2203 4087 pauca
2237 4017 2822 4074 'l‘hessalonicensibus
2866 4017 3200 4073 inferrentur
3241 4022 3465 4077 (lamna.
3496 4025 3591 4079 Est

2036 4101 2223 4160 porro,
2257 4089 2711 4156 quemadmodum
2745 4100 2938 4160 auctor
2979 4090 3352 4160 prosequitur,
3394 4101 3590 4160 priete-

2027 4157 2120 4212 rea
2176 4157 2402 4222 factum,
2455 4165 2529 4219 ιιι,
2584 4172 2706 4212 cum
2765 4159 3024 4212 ccutinuo
3077 4157 3590 4218 deThessa‘lunira

2028 4228 2342 4298 occupanda
2394 4227 2617 4280 Barbari
2672 4228 2996 4296 cogitarent,
3048 4229 3297 4298 variique
3342 4232 3488 4287 hunc
3533 4233 3589 4288 in

2028 4297 2192 4350 ﬁnem
2240 4299 2385 4368 varia
2433 4299 2792 4350 instrumenta
2820 4298 3010 4352 bellica
3043 4296 3300 4368 efﬁngere
3340 4300 3588 4356 niteren-

2030 4378 2140 4430 tur,
2171 4367 2440 4435 quispiam
2469 4380 2532 4438 ex
2567 4368 2653 4430 iis,
2705 4367 3194 4423 instrumentorum
3243 4369 3584 4438 hujustnodi,

2031 4444 2154 4508 utut
2205 4439 2427 4508 natione
2473 4437 2720 4508 Sclavus,
2776 4438 3268 4508 construendorum
3320 4437 3585 4508 peritior,

2031 4505 2155 4558 miri
2201 4506 2422 4558 artiticii
2465 4506 2658 4558 turrim
2695 4507 2950 4573 ligneam,
2981 4521 3090 4576 qua
3140 4505 3586 4576 Thessalonicam

358 4575 880 4630 'l'bcssalouicenses
949 4577 1016 4628 de
1077 4571 1224 4630 felici
1275 4575 1382 4628 isto
1421 4571 1711 4647 successu
1769 4589 1921 4627 sum-
1957 4573 2000 4628 Ι)
2029 4583 2178 4628 certo
2213 4576 2630 4647 expugnandam
2673 4571 2973 4647 asserebat,
2999 4571 3345 4647 excogitarit.
3386 4575 3585 4633 Verum

358 4661 475 4698 mas
533 4647 640 4696 lico
691 4660 754 4698 ac
799 4647 1116 4714 sospitatori
1173 4653 1364 4698 sancto
1421 4643 1927 4714 Demetriorcgisse

357 4715 583 4788 gratias,
604 4715 808 4775 retulit,
837 4713 1186 4788 in’cod.ol_itn
1219 4714 1536 4788 Mazarinaeo
1555 4713 1644 4766 fol.
1677 4713 1776 4767 180
1805 4713 1929 4788 sul)-

355 4783 702 4853 jungit,'quae
734 4795 1061 4853 punctorum
1112 4784 1514 4854 intet'positioni
1560 4790 1802 4852 proxime
1837 4783 1925 4836 bic

359 4857 690 4906 subduntur.

433 4924 542 4992 (66)
574 4921 670 4975 llic
701 4923 929 4980 modoin
960 4924 1080 4978 cod.
1103 4923 1228 4978 olim
1248 4921 1572 4978 Mazarinzeo
1596 4937 1700 4977 non
1728 4937 1923 4990 pauca,

358 5010 386 5044 a
427 4999 583 5045 nobis
616 4995 808 5063 iterum
863 4996 931 5050 ob
975 4993 1235 5063 temporis
1271 4995 1612 5057 brevitatem,
1645 5009 1754 5062 quo
1782 4996 1824 5047 is
1859 4996 1927 5048 ad

363 5077 585 5115 manum
638 5060 761 5125 fuit,
794 5080 899 5117 non
939 5060 1236 5132 descripta,
1285 5074 1475 5116 auctor
1509 5060 1819 5129 subiungit;
1861 5077 1925 5117 ac

362 5147 540 5198 primo
579 5134 794 5199 quidem
829 5136 1016 5202 paucis
1065 5143 1189 5202 post
1223 5135 1413 5187 diebus
1456 5132 1618 5202 etiam
1663 5133 1782 5188 illos
1829 5134 1924 5202 qui

363 5205 427 5253 ad
463 5216 735 5254 annonam
785 5215 814 5272 a
863 5204 1200 5272 Uellegezitis
1232 5204 1515 5257 emendant
1560 5201 1920 5256 fueruntcum

364 5273 596 5347 naribus
618 5271 827 5332 emissi,
851 5271 1170 5347 incolumes,
1194 5275 1570 5343 patrm-mante
1599 5274 1712 5347 suis
1735 5283 1924 5347 sancto

359 5340 658 5402 Detinetrio.
695 5357 797 5395 una
829 5359 953 5397 cum
990 5345 1129 5397 haud
1158 5340 1342 5411 parva,
1377 5358 1536 5410 quam
1561 5344 1923 5411 advehebant,

364 5411 623 5462 lrntnenti
673 5414 824 5480 copia
878 5429 1000 5467 esse
1038 5409 1306 5476 reversos,
1350 5409 1472 5466 cum
1529 5411 1640 5479 jam
1687 5409 1925 5464 Thessa-

367 5492 558 5531 lonicae
635 5481 978 5539 obsidionem
1056 5483 1304 5537 dcscrerc
1373 5484 1682 5549 compulsos
1753 5481 1924 5536 fuisse

364 5549 772 5620 Sclavos,apud
807 5552 1145 5620 Bellegizitas
1181 5551 1532 5614 didicissent;
1570 5551 1762 5604 deinde
1797 5565 1925 5604 vero

361 5618 537 5690 addit,
570 5618 853 5675 liberatam
891 5618 1108 5690 quidem
1146 5622 1308 5674 modo
1340 5638 1368 5675 a
1393 5637 1450 5675 se
1475 5624 1719 5690 exposito
1751 5621 1925 5674 ’l‘hes-

363 5689 662 5742 salntncam
683 5689 1004 5745 Sclavorum
1038 5691 1317 5743 obsidione
1349 5689 1553 5753 fuisse,
1576 5691 1712 5744 haud
1739 5699 1919 5744 tamen

362 5769 647 5829 propterea
674 5776 920 5817 cessasse
950 5761 1294 5829 quotidianas
1324 5760 1438 5815 fere
1493 5763 1684 5815 borum
1718 5768 1769 5814 tn
1807 5762 1923 5814 loca

363 5827 774 5886 Thessalonica:
803 5827 979 5885 vicina
1005 5830 1379 5892 excursiones,
1421 5830 1694 5902 iactasque
1725 5847 1787 5886 cx
1837 5835 1924 5884 in-

723 5947 988 6009 PATBOL.
1033 5947 1140 6006 GR-
1175 5941 1384 6005 CXVI.

2030 4659 2198 4716 cum,
2246 4653 2414 4716 turris
2463 4645 2610 4696 illius
2669 4645 3034 4699 delineatione
3091 4645 3350 4700 solavicte
3408 4649 3586 4716 gentis

2028 4713 2364 4785 principibus
2382 4716 2654 4785 proposita
2673 4729 2736 4769 ac
2757 4715 3296 4785 approbata,sibique
3327 4713 3432 4784 per
3441 4717 3585 4780 illos,

2028 4783 2120 4850 qui
2165 4783 2275 4851 jam
2307 4784 2538 4846 civitati,
2571 4798 2682 4852 quo
2725 4783 2986 4838 adversus
3017 4785 3158 4838 hanc
3186 4783 3456 4840 machinas
3484 4801 3586 4839 ex-

2027 4853 2306 4906 struendau
2344 4853 2644 4920 periculum
2677 4854 2940 4916 facerent,
2979 4853 3166 4922 copias
3212 4856 3585 4921 inexspectato

2026 4923 2401 4984 admoverant,
2434 4925 2760 4977 necessariis
2787 4923 2853 4975 ad
2885 4923 3346 4978 constructionem
3371 4925 3582 4978 submi-

2027 4992 2295 5061 nistratis,
2331 5006 2552 5046 manum
2597 4992 2770 5061 operi,
2825 4993 3012 5044 multis
3063 4993 3110 5044 ei
3158 5007 3315 5060 opem
3360 4991 3585 5046 ferenti-

2025 5059 2148 5123 bus,
2196 5061 2516 5115 admoturus
2553 5059 2781 5130 jatitjam
2810 5069 2976 5125 esset,
3020 5059 3209 5115 subito
3243 5063 3292 5116 ei
3325 5072 3583 5130 spectan-

2027 5130 2153 5201 dum
2185 5145 2305 5185 sese
2361 5131 2557 5185 obtulit
2602 5140 2824 5201 sanctus
2858 5131 3179 5193 Demetrius,
3225 5131 3488 5201 alapaque
3527 5132 3580 5184 in

2026 5195 2165 5254 facie
2191 5215 2512 5269 percussum
2547 5200 2746 5254 mentis
2783 5202 3034 5268 impotem
3079 5195 3334 5265 reddidit,
3365 5195 3502 5255 adeo
3525 5213 3585 5254 nt

2027 5270 2208 5338 fugam
2247 5271 2532 5324 celerrime
2577 5270 2892 5338 arripuerit,
2923 5278 3086 5338 atque
3127 5271 3182 5322 in
3227 5280 3438 5324 montes
3484 5273 3581 5323 de-

2027 5351 2238 5410 sertos,
2294 5339 2496 5394 frustra
2549 5339 2965 5408 insequentibus
3018 5339 3175 5410 aliis,
3229 5353 3475 5410 opusque
3522 5349 3580 5393 ut

2025 5409 2402 5473 exordirctur,
2469 5410 2929 5472 inclamantibus,
2986 5425 3050 5463 ex
3105 5409 3399 5463 hominum
3447 5423 3581 5463 con-

2026 5487 2232 5546 spectu,
2267 5493 2374 5532 non
2407 5493 2568 5533 secus
2606 5495 2670 5533 ac
2700 5479 2814 5532 fera
2855 5480 3001 5534 hunc
3032 5480 3231 5542 vitans,
3270 5479 3576 5534 secesserit.

2028 5547 2102 5617 lbi
2163 5563 2353 5617 porro.
2407 5550 2582 5604 donec
2645 5549 2846 5614 Sclavi,
2904 5551 3154 5604 machina
3211 5549 3578 5617 bellica,7qua

2028 5616 2471 5690 Thessalonicam
2513 5633 2884 5690 expugnatum
2931 5621 2994 5672 iri
3032 5616 3578 5690 sperarunt,_iufet:ta

2025 5693 2095 5741 oh
2119 5689 2398 5759 architecti
2433 5685 2612 5759 fugam
2649 5685 2921 5752 manente,
2949 5685 3216 5758 susceptas
3247 5689 3298 5741 in
3338 5685 3578 5742 Thessa-

2029 5758 2335 5813 loniccnses
2381 5758 2716 5828 expeditioni
2754 5760 3000 5813 nuntium
3033 5759 3312 5824 remisere,
3341 5770 3583 5811 commo-

2028 5840 2178 5883 ratus
2232 5840 2349 5893 CSI;
2408 5839 2535 5886 tunc
2599 5840 2780 5884 autem
2843 5838 3075 5884 mentem
3126 5841 3335 5894 sanam,
3393 5840 3579 5898 quam,

2999 5941 3074 6002 ῐι3
