4090 6384
325 465 466 543 1357

1381 483 1439 545 S.
1472 475 1851 543 DEMETRII
1886 481 2274 545 MARTYRIS
2314 481 2521 544 ACTA.

3425 476 3560 542 1358

309 581 642 644 πωσάντων
670 588 768 645 καὶ
804 587 1143 655 διαζεύκτων
1165 588 1366 656 ὅπλων,
1399 593 1528 655 τοὺς
1559 590 1882 656 θαλαττίους

1994 590 2179 647 barum
2207 591 2441 662 partium
2474 594 2603 646 sunt
2653 587 2852 660 partim
2914 586 3325 658 quiescentibus
3367 588 3562 643 armis~

316 680 615 752 πλωτῆρας
635 683 763 747 τοὺς
793 684 885 737 ἐπὶ
921 682 1276 757 παρακομιδῇ
1327 682 1559 754 καρπῶν
1587 683 1648 736 ὲν
1684 686 1752 754 τῇ
1790 682 1888 754 βαο

316 774 608 848 σιλευούσῃ
633 778 884 843 ἀνιόντας
914 779 1070 833 πόλει
1110 779 1468 851 παμπόλλους
1512 779 1887 850 ἐκπορθήσαν-

315 882 429 930 τες,
461 866 569 920 ἀπό
610 885 678 922 τε
711 869 820 924 τῶν
851 871 1032 942 νήσων
1084 873 1176 925 καὶ
1227 872 1328 942 τῆς
1355 871 1549 941 στενῆς
1593 871 1884 941 θαλάττης,

315 959 413 1012 καὶ
440 960 548 1014 τῶν
570 961 664 1014 ἐπὶ
695 962 756 1016 τὸ
791 963 996 1034 Πάριον
1046 963 1143 1018 καὶ⁸
1174 963 1521 1035 Προκόνησον
1553 963 1756 1027 τόπους
1793 961 1890 1017 καὶ

315 1050 513 1115 αὐτοὺς
548 1054 677 1116 τοὺς
728 1055 808 1118 είς
868 1055 928 1108 τὸ
974 1055 1260 1110 τελωνεῖον
1312 1054 1429 1124 ἅμα
1483 1054 1592 1108 τῶν
1640 1055 1890 1126 πλοΐμων

316 1143 828 1213 αἰχμαλωτίσαντες
857 1147 997 1217 μετὰ
1027 1146 1296 1200 πλείστων
1323 1145 1467 1199 νηῶν
1496 1145 1637 1198 οτκοι
1669 1145 1762 1200 ἐπὶ
1796 1145 1892 1199 θυε-

316 1234 520 1300 λάκους
546 1235 796 1293 ἀπίασιν.

392 1414 537 1480 ριιαθ.
573 1409 706 1465 Τότε
741 1410 800 1466 δὲ
829 1411 858 1464 ό
880 1409 989 1466 τῶν
1017 1414 1360 1484 πραγμάτων
1387 1415 1601 1485 κύριος,
1624 1408 1652 1466 ὁ
1677 1429 1894 1486 χριστο-

316 1501 521 1572 στεφὴς
538 1501 696 1572 ⁴ἡμῶν
724 1503 1003 1572 βασιλεὺς,
1033 1506 1131 1576 τὴν
1159 1506 1424 1576 ἐπιμονὴν
1457 1507 1552 1559 καὶ
1573 1504 1894 1568 ἀλαζονείαν

319 1588 431 1641 τῶν
467 1589 682 1659 ἐχθρῶν
707 1591 849 1662 ὀρῶν
880 1593 940 1645 οὐ
979 1593 1142 1663 μόνον
1171 1594 1270 1664 τὴν
1303 1594 1440 1664 πρὸς
1469 1594 1568 1664 τὴν
1599 1593 1723 1647 καθ’
1750 1595 1897 1664 ἡμᾶς

317 1681 492 1747 πόλιν,
531 1681 614 1733 ἔτι
647 1681 701 1734 δὲ
748 1683 845 1736 καὶ
873 1683 1008 1753 πρὸς
1039 1684 1237 1746 αὐτοὺς
1268 1685 1476 1757 τολμᾷν
1515 1686 1897 1756 ἀντιπαρατά-

321 1767 516 1826 ξασθαι
546 1769 676 1832 τοὺς
707 1769 1062 1840 κρατοῦντας,
1106 1772 1306 1842 ἠξίωσε
1339 1768 1468 1837 τοὺς
1499 1777 1562 1828 ὲκ
1595 1775 1689 1828 τοῦ
1727 1775 1895 1830 αὑτοῦ

321 1858 670 1930 φιλοχρίστου
715 1863 950 1928 στρατοῦ
995 1864 1085 1916 διὰ
1127 1864 1351 1936 Θρᾴκης
1403 1867 1498 1919 καὶ
1538 1865 1648 1920 τῶν
1691 1867 1894 1922 άντίων

321 1953 462 2007 κατὰ
504 1952 613 2006 τῶν
655 1949 750 2006 τοῦ
782 1954 1107 2026 Στρυμῶνος
1149 1959 1784 2028 καταστρατοπεδεῦσαι,
1827 1961 1888 2015 οὐ
1923 1937 1965 1994 Β

321 2041 596 2112 κρυφηδδν
631 2041 749 2112 ἦτοι
777 2041 1074 2114 λαθραίως,
1104 2045 1240 2099 ἀλλὰ
1277 2047 1370 2100 καὶ
1403 2049 1762 2118 προμηνύσας
1788 2050 1890 2104 αύ-

320 2135 430 2196 τοῖς
461 2133 561 2204 τὴν
592 2125 728 2201 πρὸς
753 2134 950 2204 αὐτοὺς
975 2135 1250 2202 ὲξέλευσιν
1274 2153 1288 2166 ·
1321 2138 1516 2200 οἵτινες
1549 2142 1893 2211 προεγνωκό-

315 2239 426 2287 τες,
470 2223 570 2287 τὰς
617 2223 945 2296 κλεισούρας
989 2226 1083 2280 καὶ
1115 2227 1242 2291 τοὺς
1281 2227 1645 2300 ὀχυροτέρους
1693 2231 1890 2296 τόπους

315 2317 715 2382 καταλαϐόντες
759 2318 896 2389 πρὸς
943 2318 1256 2373 ἀντίστασιν
1284 2321 1392 2374 τῶν
1431 2319 1756 2391 Ῥωμαϊκῶν
1802 2326 1892 2378 ὲκ-

319 2409 746 2479 στρατευμάτων
782 2408 1202 2473 ἀνθωπλίζοντο,
1253 2413 1434 2466 πᾶσαν
1475 2412 1575 2484 τὴν
1615 2413 1891 2485 βάρϐαρον

317 2501 382 2552 ἑκ
413 2497 689 2571 διαφόρων
715 2499 901 2570 ρηγῶν
934 2500 1188 2574 βοήθειαν
1213 2502 1293 2566 είς
1326 2506 1643 2575 συμμαχίαν
1664 2521 1893 2576 προτρεο

315 2586 587 2662 ψάμενοι.

395 2682 539 2754 ριιβ’.
581 2683 743 2737 Ἀλλὰ
776 2684 868 2738 καὶ
906 2685 963 2739 ὲν
997 2685 1172 2758 τούτῳ
1213 2687 1308 2741 τοῦ
1345 2686 1658 2756 εὐσθενοῦς,
1696 2688 1772 2750 ὡς
1801 2687 1891 2742 λέ-

316 2772 528 2838 λεκται,
564 2776 843 2845 μάρτυρος
879 2775 1019 2846 μετὰ
1053 2777 1160 2830 τῶν
1190 2777 1396 2831 λοιπῶν
1431 2777 1605 2844 ἁγίων
1635 2776 1894 2831 καθοπλι-

321 2866 580 2935 σαμένου,
621 2867 797 2930 νίκαις
824 2869 884 2920 τὸ
924 2866 1234 2938 Ῥωμαϊκὸν
1272 2870 1415 2923 κατὰ
1443 2870 1552 2923 τῶν
1581 2869 1892 2924 Σκλαϐίνων

319 2957 551 3024 ἐνέδειξε
589 2959 952 3029 στρατόπεδον
1001 2960 1098 3013 καὶ
1129 2961 1210 3024 εἰς
1239 2960 1305 3024 ἃς
1336 2963 1490 3016 αὐτοὶ
1525 2963 1894 3032 πεποιήκασιν

321 3049 541 3120 ἐνέδρας
563 3052 688 3114 τοὺς
710 3051 890 3105 αὐτῶν
921 3051 1216 3123 σθεναροὺς
1245 3055 1341 3108 καὶ
1369 3055 1590 3124 ἐξόχους
1621 3057 1712 3109 καὶ
1737 3055 1895 3109 ὁπλί-

319 3158 418 3203 τας
445 3141 815 3212 κατέσφαξαν,
837 3141 932 3196 καὶ
953 3142 1152 3212 ἔφυγεν
1179 3145 1330 3198 πᾶσα
1355 3147 1388 3215 ἠ
1422 3146 1697 3217 βάρϐαρος
1725 3145 1890 3216 φυλὴ,

318 3232 462 3285 ὥστε
494 3233 648 3296 τινὰς
681 3233 1078 3304 εἰσδραμόντας
1107 3237 1176 3306 τῇ
1208 3235 1331 3290 καθ’
1363 3237 1510 3307 ἡμᾶς
1542 3237 1892 3310 θεοφυλάκτῳ

322 3323 474 3375 πόλει
516 3323 792 3395 κρυφηὸὸν
837 3323 1142 3394 διήγειραν,
1179 3325 1264 3394 ἐφ’
1303 3321 1347 3394 ᾧ
1389 3325 1631 3390 ἐξελθεῖν
1681 3328 1760 3390 είς
1792 3329 1893 3392 τάς

321 3411 501 3465 αὐτῶν
534 3414 706 3475 κάσας
737 3416 832 3477 τὰς
869 3413 1119 3484 πλησίον,
1154 3415 1250 3466 καὶ
1280 3417 1525 3483 καρποὺς
1554 3417 1679 3478 τοὺς
1711 3416 1892 3471 αὐτῶν

320 3503 505 3557 λαϐεῖν
536 3504 623 3557 διὰ
655 3504 748 3557 τοῦ
780 3504 988 3574 ἀφάτου
1019 3505 1210 3573 φόϐου,
1249 3505 1470 3574 καὶτῆς
1503 3506 1803 3576 γενομένης
1836 3507 1894 3560 ὲν

320 3597 501 3659 αὐτοῖς
536 3597 894 3667 κατασφαγῆς
921 3599 1021 3661 τὰς
1063 3597 1242 3652 αὐτῶν
1277 3597 1541 3668 φαμιλίας
1571 3598 1748 3652 πάντα
1793 3613 1894 3651 κα-

319 3691 644 3753 ταλιπόντας
672 3694 785 3754 τοῖς
815 3691 1006 3760 μέρεσι
1029 3689 1432 3761 προσπελάσαι,
1462 3692 1558 3743 καὶ
1581 3685 1650 3760 ἦν
1681 3690 1893 3760 θεωρῆ-

322 3799 412 3836 σαι
464 3783 589 3844 τοὺς
641 3781 962 3854 νικηθέντας
1018 3783 1113 3836 καὶ
1162 3782 1409 3850 φυγάδας
1458 3781 1718 3845 πολίτας,
1774 3781 1894 3851 ἅμα

322 3872 536 3940 γυναιξὶ
570 3872 664 3926 καὶ
705 3873 916 3936 τέκνοις
955 3873 1036 3936 είς
1082 3872 1178 3936 τὰς
1225 3874 1398 3936 κάσας
1427 3872 1533 3925 τῶν
1564 3874 1692 3942 περὶ
1738 3873 1894 3927 πόλιν

321 3965 417 4018 καὶ
446 3963 648 4016 λοιπῶν
675 3964 1086 4034 πλησιαζόντων
1106 3964 1288 4017 τόπων
1310 3964 1568 4026 ἀπιόντας
1586 3965 1680 4018 καὶ
1706 3963 1894 4035 φέρειν

325 4058 491 4119 σῖτον,
524 4055 748 4126 ὄσπρια,
780 4055 876 4109 καὶ
923 4055 1089 4119 ἄλλας
1138 4057 1451 4118 ἀποσκευάς
1481 4057 1573 4110 καὶ
1611 4057 1681 4110 τά
1729 4057 1895 4111 λοιπὰ

322 4147 391 4200 τά
434 4147 571 4219 πρὸς
613 4149 932 4216 ἀποτροπὴν
965 4147 1053 4200 ἐπ’
1098 4146 1265 4216 ὤμων
1308 4148 1766 4218 άποκομίζοντας,
1801 4148 1895 4203 άόο

227 4264 229 4266 ·
325 4239 492 4301 πλους
513 4239 606 4292 καὶ
633 4238 707 4302 ὡς
750 4237 926 4292 ἔνεστι
955 4237 1042 4291 διὰ
1069 4238 1168 4308 τὴν
1217 4238 1333 4293 ὁδὸν
1386 4239 1482 4292 καὶ
1513 4239 1604 4292 τὸν
1641 4238 1896 4293 καύσωνα

323 4328 683 4400 ἡμιχίτωνας,
716 4330 811 4382 καὶ
839 4330 975 4398 ὅπερ
1006 4328 1160 4382 αὐτοὶ
1192 4329 1333 4381 κατὰ
1361 4328 1461 4397 τῆς
1498 4328 1707 4390 πόλεως
1735 4329 1895 4399 ἡμῶν

325 4419 736 4483 ἐϐουλεύσαντο,
779 4418 936 4472 τοῦτο
962 4417 1052 4471 διὰ
1092 4416 1185 4470 τοῦ
1231 4417 1504 4490 μάρτυρος
1544 4415 1578 4488 ἡ
1619 4418 1732 4472 άνω
1762 4420 1896 4473 πάνο

326 4525 436 4572 τως
467 4509 695 4580 πρόνοια
727 4510 808 4569 εἰς
834 4508 1029 4572 αὐτοὺς
1062 4508 1400 4578 ἐπανήγαγε.

1987 698 2094 753 que
2123 682 2435 753 disiunctis,
2462 689 2659 736 nautas
2691 681 2932 736 marinos
2961 679 3252 750 plurimos,
3289 678 3436 748 quia
3462 675 3563 734 de-

1986 773 2247 830 vebendis
2267 775 2334 829 ad
2363 773 2638 829 civitatem
2673 772 3037 842 imperantem
3071 770 3347 826 fructibus
3379 785 3564 825 rever-

1988 865 2258 930 tebantur,
2285 865 2624 934 diripientes,
2644 878 2848 934 eosque
2868 863 2958 934 qui
2982 863 3035 918 in
3055 863 3251 917 insulis
3289 861 3565 930 marisque

1988 960 2236 1028 angustia
2251 973 2314 1013 ac
2335 957 2553 1027 locisLiis
2573 973 2692 1027 quae
2717 955 2938 1012 Parium
2957 971 3020 1010 ac
3034 955 3417 1011 Proconissum
3439 970 3567 1010 ver-

1988 1064 2081 1106 sus
2109 1048 2218 1122 (69)
2241 1049 2344 1106 sita
2367 1057 2516 1117 sunt,
2550 1048 2886 1115 habitabant,
2909 1058 3071 1116 atque
3101 1048 3361 1118 ipsosmet
3397 1047 3562 1101 etiam

1989 1141 2082 1212 qui
2116 1157 2146 1196 a
2167 1141 2518 1212 vectigalibus
2553 1149 2727 1206 erant,
2760 1155 2870 1195 una
2898 1155 3020 1194 cum
3052 1138 3118 1195 iis
3157 1155 3279 1210 quas
3306 1139 3370 1192 ad
3414 1139 3570 1192 navi-

1994 1231 2263 1302 gationem
2299 1230 2634 1301 spectabant,
2675 1231 2970 1301 capientes,
3007 1243 3129 1284 cum
3170 1229 3401 1286 navibus
3444 1228 3568 1300 plu-

1993 1323 2149 1377 rimis
2178 1325 2243 1378 ad
2279 1337 2437 1378 casas
2466 1321 2579 1393 (70)
2609 1336 2736 1378 suas
2769 1323 3196 1377 revertebantur.
3310 1359 3343 1393 δ

2068 1411 2188 1467 191.
2253 1410 2408 1468 Tunc
2467 1422 2650 1467 autem
2703 1427 2886 1468 rerum
2933 1412 3230 1489 dominus,
3274 1420 3566 1468 coronatus

1996 1511 2180 1558 noster
2209 1516 2238 1556 a
2270 1502 2489 1558 Christo
2525 1503 2846 1573 imperator,
2871 1503 3222 1559 inimicorum
3241 1503 3565 1558 obstinatio-

1995 1609 2116 1649 nem
2157 1605 2321 1665 atque
2363 1595 2758 1664 arrogantiam,
2787 1608 2894 1650 non
2940 1594 3116 1650 solum
3150 1594 3425 1650 civitatem
3460 1610 3563 1650 no-

1997 1693 2188 1750 stram,
2208 1685 2300 1741 sed
2325 1694 2584 1756 praeterea
2609 1685 2773 1740 etiam
2797 1699 2892 1740 eos
2910 1683 3003 1754 qui
3030 1685 3392 1754 principatum
3417 1680 3564 1740 obti-

1995 1774 2220 1840 nebant,
2248 1776 2467 1846 aggredi
2503 1773 2704 1830 audere
2725 1774 3095 1844 conspiciens,
3124 1783 3318 1830 contra
3349 1789 3446 1830 eos
3468 1775 3563 1846 qui

1997 1865 2065 1920 ad
2112 1865 2408 1920 exercitum
2452 1880 2614 1920 suum
2661 1865 2865 1921 Christi
2896 1873 3172 1922 amantem
3219 1866 3562 1936 spectabant.

1994 1963 2181 2012 contra
2215 1971 2309 2013 eos
2330 1957 2424 2027 qui
2451 1957 2516 2012 ad
2547 1956 2890 2029 Strymonem
2939 1957 3098 2015 sedes
3131 1957 3411 2013 habebant
3452 1974 3562 2014 non

1993 2049 2206 2103 occulte
2231 2057 2324 2104 aut
2352 2049 2566 2114 furtim,
2599 2049 2692 2105 sed
2722 2057 2776 2105 ct
2803 2065 2920 2119 quae
2943 2050 3209 2106 adversus
3240 2066 3336 2106 eos
3359 2051 3412 2105 in
3437 2065 3565 2120 pro.

1994 2143 2172 2196 cinctu
2206 2149 2348 2210 erat,
2372 2142 2717 2211 expeditione
2737 2151 2868 2197 ante
2895 2141 3236 2207 denuntiata,
3265 2155 3362 2213 per
3385 2139 3563 2196 Thra-

1994 2234 2134 2288 cium
2165 2235 2392 2304 locaque
2432 2233 2612 2289 vicina
2654 2250 2870 2290 movere
2900 2235 3088 2305 jussit.
3133 2235 3238 2302 Qui
3279 2251 3393 2290 rem
3427 2249 3566 2306 pras-

1994 2334 2305 2390 uoscentes,
2337 2326 2603 2394 angustiis
2634 2326 2874 2396 locisque
2907 2326 3244 2382 firmioribus
3277 2327 3563 2397 occupatis

1995 2424 2054 2468 ut
2074 2413 2334 2470 Romanis
2351 2416 2682 2472 exercitibus
2701 2417 3043 2480 resisterent,
3064 2432 3217 2472 arma
3230 2432 3294 2472 ex
3309 2418 3563 2482 adverso,

1995 2507 2267 2562 universis
2315 2508 2593 2580 variorum
2641 2523 2831 2579 regum
2878 2507 3182 2565 barbaricis
3203 2510 3562 2565 auxiliaribus

1994 2598 2166 2666 copiis
2188 2599 2253 2651 ad
2288 2597 2412 2652 belli
2449 2599 2763 2654 societatem
2790 2601 3018 2664 vocatis,
3052 2610 3335 2668 pararunt.

2067 2680 2184 2740 192.
2226 2685 2422 2741 Verum
2483 2698 2537 2743 et
2592 2689 2694 2742 hac
2739 2687 2794 2742 in
2849 2704 2928 2753 re,
2973 2700 3182 2759 potens,
3256 2697 3312 2743 ut
3360 2691 3562 2747 dictum

1995 2787 2098 2846 est,
2134 2787 2358 2850 martyr,
2393 2773 2618 2850 reliquis
2666 2795 2791 2835 cum
2843 2782 3047 2838 sanctis
3081 2797 3232 2837 arma
3282 2783 3553 2838 submini-

1997 2881 2200 2938 strans,
2230 2869 2537 2926 Romanum
2578 2875 2878 2928 exercitum
2920 2884 3112 2929 contra
3142 2874 3365 2931 Sclavos
3394 2877 3565 2932 victo-

1995 2977 2110 3017 rem
2141 2961 2341 3027 eﬂ‘ecit,
2372 2977 2577 3032 perque
2624 2963 2877 3041 insidias,
2927 2979 3066 3034 quas
3099 2965 3317 3036 ipsimct
3345 2975 3562 3021 struxe-

1996 3063 2141 3118 rant,
2200 3054 2369 3110 fortes
2405 3069 2594 3109 eorum
2650 3056 3170 3126 prwstantioresque
3217 3071 3282 3112 ac
3323 3068 3563 3114 armatos

1997 3145 2239 3210 occidit;
2269 3153 2432 3215 atque
2460 3145 2641 3200 omnis
2673 3160 2805 3216 gens
2836 3145 3069 3200 barbara
3096 3145 3276 3214 fugam
3309 3147 3564 3217 arripuit,

1997 3238 2132 3293 adeo
2183 3247 2243 3292 ut
2275 3237 2536 3308 quosdam
2585 3237 2678 3306 qui
2726 3238 2799 3292 ad
2851 3247 3092 3292 nostram
3151 3240 3478 3294 custoditam
3531 3254 3563 3293 a

1993 3329 2106 3383 Deo
2129 3327 2403 3382 civitatem
2434 3326 2811 3398 confugerant,
2849 3326 3158 3382 clanculum
3201 3329 3476 3383 monuerit
3502 3339 3565 3383 ut

1994 3420 2062 3473 ad
2097 3435 2254 3476 casas
2283 3434 2413 3474 suas
2437 3435 2604 3487 prope
2641 3434 2760 3473 eam
2791 3418 2924 3474 sitas
2951 3419 3186 3482 exirent,
3243 3419 3566 3490 fructusque

1993 3513 2308 3566 earumdem
2333 3511 2672 3580 colligerent,
2707 3524 2818 3579 quo
2846 3511 2920 3564 ob
2949 3509 3279 3565 inelfabilem
3310 3511 3562 3566 timorem

1994 3611 2308 3671 tantamque
2338 3602 2390 3655 in
2421 3615 2479 3654 sc
2501 3599 2702 3654 caedem
2735 3598 2970 3654 familias
2993 3614 3126 3655 suas
3148 3599 3372 3654 omnino
3396 3600 3566 3654 relin«

1993 3701 2247 3763 quentes,
2283 3692 2350 3746 ad
2377 3700 2560 3760 partes
2591 3691 2716 3746 illas
2751 3690 3109 3757 accederent;
3140 3691 3565 3770 popularesque,

1995 3784 2087 3850 qui
2121 3782 2318 3836 devicti
2351 3788 2508 3836 erant
2553 3795 2618 3836 ac
2661 3781 2964 3850 fugiebant,
3018 3796 3144 3835 cum
3183 3782 3450 3838 uxoribus
3496 3781 3595 3837 ac'

1995 3875 2182 3929 liberis
2207 3874 2274 3928 ad
2313 3873 2542 3928 sitoru
2571 3887 2738 3942 prope
2768 3873 2916 3926 illam
2951 3872 3404 3942 reliquorumque
3427 3873 3565 3929 vici-

1997 3981 2190 4022 norum
2231 3966 2478 4020 locorum
2524 3979 2682 4021 casas
2727 3964 2990 4020 abeuntes
3022 3962 3472 4034 frumentumque
3498 3980 3564 4020 ac

1995 4057 2147 4112 olera
2197 4058 2458 4120 ferentes,
2483 4065 2599 4110 erat
2625 4053 2836 4120 videre,
2874 4055 2952 4109 uti
2985 4056 3150 4110 etiam
3191 4055 3286 4126 qui
3336 4057 3565 4126 impedi-

1995 4157 2178 4205 menta
2201 4149 2520 4219 reliquaque
2543 4147 2686 4218 iuga:
2709 4160 2953 4217 congrua
2978 4147 3228 4203 humeris
3247 4149 3561 4218 portabant,

1996 4241 2138 4297 alios
2173 4241 2438 4307 inermes,
2468 4249 2634 4309 atque
2669 4249 2726 4294 ut
2755 4254 2852 4309 per
2890 4239 3035 4293 viam
3069 4255 3135 4294 ac
3163 4241 3412 4296 ardorem
3439 4241 3566 4296 liceo

1995 4332 2110 4396 bat.
2155 4333 2557 4398 semivir-stilos;
2610 4346 2674 4385 ac
2701 4331 2844 4399 quod
2894 4329 2995 4402 ipsi
3047 4339 3241 4386 contra
3284 4331 3562 4387 civitatem

1996 4431 2239 4477 nostram
2292 4423 2532 4477 meditati
2567 4430 2746 4486 erant,
2780 4422 2832 4477 id
2866 4432 2963 4493 per
2995 4427 3285 4492 martyrem
3319 4436 3562 4493 superna

1997 4513 2338 4584 providentia
2370 4529 2534 4583 supra
2563 4529 2660 4569 eos
2689 4515 2915 4568 omnino
2946 4513 3184 4569 induxit.

405 4601 686 4672 ρῑιγἍΤού
721 4601 829 4672 γάρ
857 4601 1094 4670 στρατοῦ
1128 4603 1306 4654 ἐκεῖσε
1333 4603 1400 4656 ὲκ
1426 4601 1519 4654 τοῦ
1551 4601 1772 4666 δικαίως
1797 4602 1890 4657 καὶ

2064 4606 2186 4662 195.
2251 4607 2302 4662 is
2344 4621 2525 4676 porro,
2580 4607 2672 4676 qui
2711 4607 2860 4676 juste
2909 4621 2974 4661 ac
3039 4605 3126 4676 pie
3171 4605 3332 4661 nobis
3389 4605 3567 4676 impe-

325 4693 564 4757 εὐσεϐῶς
595 4691 904 4762 βασιλεύειν
926 4695 1054 4764 ἡμῖν
1081 4692 1335 4764 λαχόντος
1364 4692 1648 4758 σταλέντος
1670 4694 1765 4748 ἐπὶ
1790 4710 1894 4750 πα-

329 4786 554 4858 ρατάξει
573 4787 678 4840 τῶν
704 4785 1036 4852 Σκλαϐίνων,
1062 4787 1324 4856 σιτοφόρα
1353 4786 1536 4858 σκάφη
1557 4788 1649 4841 καὶ
1671 4789 1777 4857 πρὸ
1796 4787 1895 4857 τῆς

330 4877 490 4948 ἡμῶν
515 4879 782 4949 αἰτήσεως
810 4879 1044 4933 ἐνταῦθα
1069 4877 1378 4933 ἀπέστειλε.
1407 4876 1527 4930 Τῶν
1553 4878 1896 4950 κρατούντων

328 4970 428 5024 καὶ
476 4971 534 5023 ιν
585 4971 758 5042 τούτῳ
798 4971 1157 5042 ἁργησάντων
1207 4970 1296 5023 διὰ
1348 4971 1442 5022 τὸν
1487 4969 1673 5038 φόϐον,
1726 4963 1896 5039 οὗπερ

329 5061 591 5134 ιποίησαν
621 5066 686 5118 ὲκ
714 5063 825 5119 τῶν
856 5063 1091 5118 ἐνταῦθα
1119 5061 1374 5133 ὲκφορίου
1405 5062 1601 5132 μήπως
1626 5059 1895 5130 γνωσθέν-

329 5171 420 5220 τες
472 5156 841 5225 ἀγανακτήσει
881 5155 977 5209 καὶ
1013 5153 1383 5225 ύποϐληθῶσι,
1420 5153 1516 5206 καὶ
1555 5152 1606 5205 εί
1649 5151 1726 5223 μὴ
1763 5151 1891 5221 ἄχρι

329 5289 665 5360 regionibus.
695 5287 836 5342 haud
877 5287 1277 5360 procuietiam,
1303 5297 1361 5341 ut
1391 5287 1621 5360 dictum.
1651 5301 1682 5339 a
1709 5283 1886 5360 Tbcs-

332 5354 575 5432 Saiouica
610 5360 858 5432 remotis,
881 5354 954 5412 ab
989 5358 1234 5426 ipsismct
1269 5358 1692 5432 imperatoribus
1722 5354 1880 5409 sedes

333 5429 568 5483 Subinde
621 5428 948 5492 obtinuiise,
1010 5436 1062 5480 et
1103 5435 1281 5480 tamen
1326 5428 1468 5480 baud
1519 5440 1646 5479 raro
1695 5433 1886 5478 contra

333 5497 500 5554 hosce
537 5513 687 5552 arma
721 5507 910 5568 postea
941 5495 1119 5550 adbuc
1162 5497 1417 5562 movisse,
1448 5495 1893 5549 excursionibus-

402 5636 516 5706 (69)
541 5635 912 5706 Proconessus
939 5631 1114 5706 insula
1138 5639 1219 5706 est
1246 5630 1388 5685 Asia
1408 5629 1630 5686 Minoris
1677 5630 1730 5684 in
1762 5627 1891 5706 Pro-

367 5701 580 5768 ontide.
627 5721 749 5775 qua:
801 5705 944 5775 aliis
986 5701 1542 5775 olint__Proconnesus
1589 5711 1690 5755 aut
1729 5701 1891 5754 etiam

367 5722 580 5768 onttae,
627 5722 749 5775 quae
801 5722 927 5759 atus
986 5722 1116 5757 011111
1165 5722 1542 5754 κτυευηηεδυβ
1589 5722 1690 5755 ιιιι
1729 5722 1891 5754 euillll

328 5722 724 5832 Braeconnesus
774 5773 1065 5844 appellata,
1123 5769 1392 5844 Marmara
1423 5781 1613 5844 _mooo
1685 5784 1897 5844 nuncu-

367 5856 508 5900 atur.
577 5837 944 5899 Videsisnad
1015 5840 1338 5895 vocabulum
1416 5837 1776 5893 Proronnesus
1839 5839 1893 5893 in

367 5862 508 5900 atur.
585 5862 793 5899 vruesrs
877 5862 944 5897 au
1016 5862 1338 5895 vocauuwm
1416 5862 1776 5893 rrownuuus
1839 5862 1893 5893 ιη

331 5862 531 5972 Eexico
577 5913 951 5984 Geograpbico
1001 5907 1402 5966 Baudrandum.
1453 5909 1672 5980 Πάριον,
1711 5907 1896 5975 Mysia

1995 4713 2123 4754 rare
2169 4707 2250 4754 est
2284 4698 2533 4765 sortitus,
2578 4698 2750 4753 misso
2793 4697 2861 4752 ad
2891 4698 3118 4754 Sclavos
3161 4701 3560 4769 oppugnandos

1996 4789 2265 4857 exercitu,
2293 4789 2506 4860 navigia
2532 4788 2722 4852 etiam,
2753 4787 3029 4844 frumento
3061 4797 3286 4852 onusta,
3317 4789 3386 4843 ad
3421 4789 3563 4860 peti-

1997 4876 2202 4930 tionem
2253 4884 2494 4930 uostram
2539 4876 2648 4931 huc
2691 4874 2861 4930 misit.
2891 4873 3026 4928 Cum
3054 4884 3108 4930 et
3131 4874 3236 4928 hac
3265 4873 3320 4928 in
3356 4889 3436 4940 re,
3462 4875 3560 4946 qui

1997 4965 2388 5035 rempublicam
2429 4966 2907 5042 administrabant,
2951 4965 3022 5019 ob
3050 4964 3324 5031 timorem,
3368 4979 3438 5020 ne
3464 4964 3558 5035 qui

1999 5066 2160 5112 terra:
2187 5068 2486 5127 proventus
2505 5057 2911 5119 distrahebant.
2942 5069 3057 5110 rem
3105 5065 3399 5112 noscentes
3424 5071 3557 5112 con-

1999 5157 2082 5203 tra
2114 5163 2174 5204 se
2217 5146 2652 5218 indignarentur,
2685 5147 2825 5202 nihil
2857 5145 3082 5202 omnino
3127 5145 3368 5202 facerent
3413 5146 3567 5203 dice-

1997 5299 2104 5354 que
2125 5283 2326 5339 damna
2358 5281 2632 5354 illisbaud
2658 5283 2866 5338 modica
2889 5281 3162 5348 intulisse,
3183 5281 3341 5354 facile
3361 5293 3565 5354 agnos-

1997 5351 2144 5420 cent,
2193 5355 2284 5424 qui
2323 5351 2786 5424 velAC‘onstantini
2815 5353 3265 5424 Porphyrogeniﬁti
3297 5352 3365 5407 de
3415 5351 3564 5424 Tlte-

1997 5419 2232 5548 matiblus
2285 5421 2832 5492 administrandoque
2888 5419 3127 5492 imperio
3179 5423 3348 5477 libros
3411 5419 3561 5476 evol-

1996 5508 2149 5548 vertn
2179 5531 2194 5547 .

1999 5629 2227 5687 Minoris
2275 5629 2330 5685 in
2375 5629 2507 5685 Asia
2546 5629 2612 5686 ad
2651 5627 2996 5700 Propontidis
3047 5644 3198 5686 oram
3243 5630 3433 5687 civitas
3452 5640 3568 5688 est;

2075 5701 2186 5771 (70)
2227 5701 2302 5754 Ita
2331 5701 2418 5754 hic
2445 5700 2768 5771 vocabulum
2814 5700 3102 5771 θυλάκους,
3133 5700 3280 5771 quod
3311 5702 3562 5771 ejusdem

2001 5768 2237 5842 prbprie'
2257 5786 2378 5826 cum
2407 5769 2670 5842 vocabulo
2711 5768 2909 5842 Latino
2933 5786 3118 5832 saccus
3147 5768 3567 5842 signiﬁcationis

2001 5839 2117 5908 est,
2140 5839 2604 5911 interpretandum
2629 5854 2660 5896 ε
2689 5854 2855 5896 sensu
2879 5839 3054 5913 duxi.,
