4070 6382
351 279 488 343 ΐόθτ)

1405 279 1462 341 S.
1497 276 1874 345 DEMETRII
1916 277 2307 336 MARTYBIS
2350 275 2558 340 ACTA.

3450 273 3586 338 1366

345 395 411 448 εκ
469 409 630 446 τινων
692 393 800 446 τῶν
854 389 1302 463 ἀναγκαιοτέρων
1373 391 1912 462 προσοικεὶσυμένων

2018 392 2121 454 rit;
2154 391 2267 460 qui.
2298 407 2420 444 cum
2453 407 2484 445 e
2511 391 2859 460 quibusdam,
2889 391 2983 461 qui
3016 405 3137 446 cum
3162 404 3228 446 eo
3259 388 3584 444 familiarius

346 483 498 554 αύτῷ
547 483 735 554 μαθὼν
767 485 866 554 τὴν
900 485 994 539 τοῦ
1043 484 1285 538 τοιούτου
1329 483 1462 536 λαοῦ
1492 483 1602 537 τῶν
1645 484 1915 554 πατρῴων

349 574 560 628 πόλεων
588 575 905 644 ἐπιθυμίαν,
939 578 995 628 ἐν
1035 575 1226 644 σκέψει
1257 575 1466 643 γίνεται
1499 575 1594 628 καὶ
1616 575 1915 628 ἀνάστατον

347 665 614 734 λαμϐάνει
643 666 732 718 τὸν
767 667 942 719 πάντα
989 666 1277 736 Ῥωμαίων
1330 666 1458 719 λαὸν
1496 667 1638 736 μετὰ
1681 667 1773 721 καὶ
1804 668 1919 720 ἑτέ-

352 775 462 829 ρων
492 757 719 811 ἐθνικῶν
747 757 889 810 καθὰ
918 759 975 810 ὲν
1001 759 1064 827 τῇ
1105 758 1374 828 Μωσαῖκῇ
1413 759 1508 828 τῆς
1543 757 1758 821 Ἐξόδου
1807 757 1918 809 τῶν

364 850 634 903 Ἰουδαίων
671 849 970 918 ἐμφέρεται
1009 849 1198 920 βίϐλῳ,
1233 847 1511 901 τουτέστιν
1544 846 1918 918 προσηλύτους

353 939 492 1006 μετὰ
516 939 608 991 καὶ
633 941 729 1009 τῆς
755 937 935 992 αὐτῶν
975 939 1285 1006 ἀποσκευῆς
1316 938 1410 991 καὶ
1433 935 1632 1000 ὃπλων,
1662 937 1753 989 καὶ
1785 937 1917 990 ἀνά-

355 1051 537 1086 στατοι
568 1033 660 1085 καὶ
695 1033 957 1100 άντάρται
991 1032 1378 1085 καταλέλεκται
1415 1030 1580 1101 [κατὰ
1603 1027 1912 1101 λέλεκθαιῖ]

349 1123 441 1177 τοῦ
466 1124 702 1192 γαγάνου
721 1124 977 1192 γίνονται,
997 1123 1135 1175 ῶστε
1155 1123 1426 1190 ἐγνωκότα
1446 1121 1536 1175 τὸν
1560 1122 1722 1175 αὑτὸν
1746 1121 1918 1190 χαγά-

352 1234 440 1270 νον
477 1217 660 1280 διῶξαι
705 1215 923 1269 ὄπισθεν
949 1214 1148 1280 αὐτῶν,
1182 1215 1274 1267 καὶ
1299 1214 1717 1283 συμϐαλλόντων
1739 1215 1920 1268 αὐτῶν

352 1311 446 1361 καὶ
477 1309 566 1360 ἐπὶ
594 1308 802 1379 πέντεῆ
831 1306 891 1372 ἓξ
913 1307 1183 1376 πολέμους
1210 1307 1305 1360 καὶ
1328 1306 1417 1358 ἐπ’
1434 1306 1764 1376 ἀμφοτέροις
1790 1305 1918 1376 παρ’

352 1400 528 1452 αὐτῶν
569 1398 894 1468 ἡττηθέντος
941 1397 1104 1452 αὐτοῦ
1143 1397 1273 1452 λαοῦ
1305 1401 1448 1468 φυγῇ
1473 1399 1817 1469 χρησάμενος
1861 1400 1918 1451 ἑν

348 1493 462 1553 τοῖς
489 1491 784 1562 ἐνδοτέροις
803 1490 939 1559 πρὸς
959 1489 1162 1559 ἄρκτον
1181 1490 1370 1544 ἄπεισι
1397 1491 1619 1553 τόπους.
1635 1490 1710 1553 ὼς
1731 1491 1918 1544 λοιπὸν

354 1586 489 1650 μετὰ
526 1585 681 1653 νίκης
709 1585 1024 1654 περάσαντα
1056 1583 1148 1635 τὸν
1194 1581 1358 1635 αὐτὸν
1409 1583 1625 1651 Κούόερ
1661 1583 1798 1652 μετὰ
1824 1583 1916 1636 τοῦ

349 1677 643 1747 εἰρημένου
684 1677 780 1728 σὺν
811 1674 963 1742 αὐτῷ
1013 1675 1216 1737 παντὸς
1263 1673 1397 1727 ’λαοῦ
1449 1673 1540 1727 τὸν
1592 1691 1918 1743 προαφηγηο

352 1771 510 1823 θέντα
567 1767 826 1821 Δάνουϐιν
859 1767 1104 1836 ποταμὸν
1164 1767 1256 1820 καὶ
1317 1766 1493 1820 ἑλθεῑν
1544 1768 1625 1829 είς
1661 1766 1730 1820 τὰ
1783 1767 1920 1838 πρὸς

351 1860 498 1928 ἡμᾶς
535 1859 699 1930 μέρη,
733 1860 826 1910 καὶ
854 1859 1132 1927 κρατῆσαι
1161 1856 1258 1910 τὸν
1292 1858 1648 1928 Κεραμήσιον
1673 1857 1917 1928 κάμπον,

349 1949 575 2002 κάκεῖσε
604 1947 784 2002 αὐτῶν
803 1944 1261 2014 ἑγκαθεσθέντων,
1290 1946 1390 2008 τὰς
1421 1945 1690 2013 πατρίους
1717 1944 1914 2014 ἠτοῦν-

348 2060 410 2094 το
435 2041 639 2106 πόλεις,
669 2041 746 2105 ὡς
783 2037 1017 2110 μάλιστα
1046 2038 1098 2091 ot
1138 2037 1237 2106 τῆς
1260 2035 1543 2106 όρθοδόξου
1579 2035 1920 2099 καθεστῶτες

351 2134 608 2195 πίστεως,
641 2133 689 2184 oi
730 2130 830 2200 μὲν
888 2131 985 2199 τὴν
1020 2127 1142 2182 καθ’
1198 2129 1348 2198 ἡμᾶς
1393 2126 1921 2198 μαρτυροφύλακτον

347 2225 450 2292 τὴν
477 2223 922 2276 Θεσσαλονικέων
952 2221 1128 2285 πόλιν,
1170 2219 1324 2274 ἄλλοι
1366 2201 1467 2288 τῆν
1512 2219 1919 2290 πανευδαίμονα

351 2317 444 2368 καὶ
478 2310 722 2386 βασιλίδᾶ
740 2315 848 2367 τῶν
875 2313 1107 2380 πόλεων,
1135 2313 1316 2385 ἕτεροι
1337 2313 1396 2368 δὲ
1423 2312 1520 2377 τὰς
1543 2313 1920 2376 ἀποαεινάσας

353 2408 449 2474 τῆς
477 2408 698 2480 Θρᾴκης
732 2406 936 2470 πόλεις.

424 2590 565 2659 ριιζι.
606 2587 788 2642 Ταῦτα
820 2587 877 2641 δδ
919 2587 1015 2640 τοῦ
1056 2587 1184 2641 λαοῦ
1233 2588 1653 2659 βουλευομένου,
1687 2590 1951 2669 συμϐουοῇ

353 2682 538 2734 λευταὶ
571 2681 790 2751 δολερᾶς
821 2680 1068 2752 γνώμης,
1120 2681 1324 2752 ταύτης
1356 2681 1557 2753 βουλῆς
1590 2686 1920 2756 κακούργως

351 2774 613 2840 γίνονται,
640 2773 781 2827 ὥστε
823 2774 896 2844 μή
925 2790 1078 2838 τινας
1120 2774 1180 2839 ἐξ
1228 2775 1409 2829 αὐτῶν
1439 2776 1533 2830 τοῦ
1579 2778 1918 2848 ποθουμένου

352 2865 518 2919 τόπου
567 2864 886 2934 ἀξιωθῆναι,
948 2864 1065 2920 ἀλλ’
1098 2864 1261 2920 αὐτὸν
1312 2866 1531 2939 Κούσερ
1585 2871 1793 2934 πάντας
1842 2871 1918 2935 ὡς

354 2955 676 3026 συμμίκτως
711 2954 1027 3019 ἐξελθόντας
1058 2957 1428 3026 ἐπικρατῆσαι
1459 2961 1552 3011 καὶ
1584 2961 1788 3014 τούτων
1819 2962 1920 3032 ἅρ-

2019 481 2499 544 convcrsahantur,
2552 481 2738 550 populi
2796 481 3108 551 hujusmodi
3160 480 3444 535 civitatum
3486 495 3584 549 pa-

2019 574 2245 627 triarum
2278 572 2610 628 desiderium
2651 573 2952 638 didicisset,
2988 574 3118 642 quid
3153 583 3298 644 agat,
3339 575 3580 627 circum-

2018 667 2180 734 spicit
2208 707 2221 729 ,
2259 680 2586 736 omnemque
2619 666 2875 736 populum
2911 665 3221 720 Romanum
3264 676 3538 720 extorrem
3567 702 3581 727 ,

2021 759 2265 828 aliosque
2295 759 2546 828 gentiles,
2580 758 2630 812 id
2661 767 2764 820 cst.
2806 759 3107 813 secundum
3145 757 3288 827 quod
3339 759 3390 810 in
3429 755 3586 825 Moy-

2019 848 2169 904 saico
2204 847 2514 904 Judteorum
2552 849 2726 904 Exodi
2753 849 2891 904 libro
2915 849 3248 912 continetur,
3283 848 3586 918 proselytos

2023 956 2146 996 una»
2189 957 2313 995 cum
2370 942 2686 997 eornmdem
2737 942 3070 1012 supellectile
3103 952 3267 1011 alque
3315 941 3483 995 armis
3518 941 3584 993 ad

2018 1046 2140 1088 sese
2177 1033 2430 1097 assumit,
2473 1033 2639 1102 hique
2667 1033 2958 1088 discedunt
2988 1048 3053 1088 ac
3085 1033 3313 1087 rebelles
3339 1033 3587 1100 chagano

2019 1125 2156 1178 fiunt
2192 1123 2328 1195 (85),
2367 1124 2439 1178 ita
2470 1134 2528 1178 ut
2555 1123 2695 1178 idem
2719 1124 3019 1195 chaga-nus.
3053 1139 3176 1178 cum
3211 1123 3262 1177 l—d
3294 1122 3584 1192 cognovis-L

2018 1226 2119 1282 set,
2155 1231 2186 1270 a
2229 1225 2380 1286 tergo
2423 1216 2572 1286 ipsos
2621 1216 3041 1286 insequeretur;
3073 1229 3196 1268 cum
3228 1229 3357 1268 vero
3389 1227 3584 1268 manus

2019 1311 2460 1378 conseruissent,
2489 1325 2552 1366 ac
2580 1321 2703 1381 post
2739 1311 2981 1380 quinque
3012 1317 3104 1364 aut
3140 1324 3234 1364 sex
3262 1308 3447 1379 praelia
3481 1309 3581 1363 de-

2020 1404 2196 1459 victus
2229 1404 2390 1458 etiam
2433 1403 2487 1457 in
2516 1403 2730 1459 duobus
2773 1403 2872 1458 abs
2916 1402 3024 1458 illis
3056 1401 3102 1456 is
3151 1401 3364 1464 fuisset,
3402 1399 3583 1470 fugam

2021 1505 2145 1544 cum
2172 1490 2365 1546 relicto
2391 1491 2498 1545 sibi
2529 1491 2727 1560 popqu
2755 1490 3027 1560 arripiens
3054 1491 3118 1545 ad
3147 1498 3328 1560 partes
3359 1490 3586 1544 interio-

2019 1595 2109 1636 res
2143 1580 2598 1649 Septemtrionem
2637 1595 2828 1634 versus
2862 1580 2995 1636 sitas
3029 1594 3148 1634 sese
3183 1579 3414 1646 confert,
3450 1581 3589 1635 adeo

2023 1677 2081 1724 ut
2109 1671 2327 1725 tandem
2359 1671 2500 1726 idem
2540 1670 2744 1736 Cuber,
2778 1686 2928 1738 cum,
2969 1671 3138 1726 relata
3172 1672 3422 1733 victoria,
3454 1687 3591 1742 pras-

1952 1738 1994 1792 B
2024 1763 2194 1818 fatum
2237 1763 2546 1819 Danubium
2581 1764 2806 1820 ﬂuvium
2847 1779 2973 1820 cum
3017 1765 3165 1820 omni
3211 1738 3470 1836 prmdicto
3496 1778 3590 1834 po-

2023 1855 2154 1924 pulo
2185 1870 2286 1911 suo
2317 1857 2643 1926 traiecisset,
2675 1855 2743 1912 sd
2775 1865 2996 1912 nostras
3023 1856 3188 1912 etiam
3215 1864 3397 1927 partes
3427 1871 3591 1912 vene-

2021 1947 2115 2012 rit,
2152 1960 2518 2017 campumque
2540 1945 2914 2004 ﬂeramesium
2957 1947 3071 2019 (84)
3098 1949 3400 2018 occuparit.
3435 1963 3590 2004 cum-

2022 2051 2126 2106 que
2159 2035 2358 2092 ibidem
2401 2037 2798 2104 consedissent,
2852 2038 2888 2092 ii
2941 2041 3177 2095 maxime
3208 2041 3302 2109 qui
3339 2039 3463 2096 fidei
3498 2055 3589 2096 or-

2025 2129 2274 2182 thodoxre
2303 2136 2481 2194 erant,
2514 2127 2582 2183 ad
2611 2128 2866 2184 civitates
2901 2130 3110 2199 patrias
3144 2130 3497 2195 anhelabant,
3533 2131 3590 2186 hi

2022 2217 2241 2286 quidem
2273 2217 2339 2271 ad
2369 2217 2700 2272 custoditam
2727 2225 2977 2273 nostram
2997 2233 3028 2272 a
3056 2218 3398 2289 martyribus
3415 2217 3587 2275 Thes-

2021 2308 2444 2365 salonicensium
2468 2308 2679 2375 urbem,
2699 2308 2790 2363 alii
2813 2309 2880 2365 ad
2898 2308 3387 2366 fortunatissimam
3417 2311 3590 2368 etiam

2021 2400 2239 2455 urbium
2275 2402 2517 2473 reginam
2549 2401 2689 2473 (85),
2730 2401 2825 2458 alii
2867 2409 3048 2460 autem
3075 2403 3144 2460 ad
3172 2401 3423 2460 Thracio
3457 2405 3591 2460 civi.

2021 2501 2160 2548 tates
2193 2493 2452 2564 reliquas.

2091 2583 2214 2639 £97.
2270 2584 2406 2640 Cum
2463 2599 2594 2641 vero
2659 2585 2775 2641 haec
2826 2586 3060 2657 populus
3119 2586 3341 2655 vellet,‘
3389 2587 3589 2645 dolosae

2020 2677 2219 2732 mentis
2242 2676 2538 2731 consiliarii
2562 2676 2616 2732 id
2639 2675 3014 2734 fraudulenter
3039 2693 3232 2748 cepere
3253 2680 3494 2745 consilii,
3518 2696 3588 2737 ne

2022 2768 2116 2838 qui
2163 2784 2229 2822 ex
2293 2768 2361 2824 iis
2406 2767 3004 2835 desitleratuvaocum
3052 2770 3288 2835 adirent,
3316 2771 3411 2826 sed
3440 2770 3585 2826 idem

2020 2858 2199 2914 Cuber
2215 2859 2661 2925 omnibus,veluti
2685 2861 2776 2929 qui
2802 2861 3132 2916 commistim
3153 2871 3339 2917 essent
3355 2862 3586 2932 egressi,

2022 2952 2334 3022 imperaret.
2368 2965 2666 3021 eorumque
2691 2953 2945 3022 princeps
2973 2968 3035 3009 ac
3084 2953 3367 3024 chaganus
3398 2953 3586 3020 fieret;

351 3065 515 3116 χοντα
550 3048 644 3102 καὶ
675 3047 913 3118 χαγάνον
941 3046 1198 3115 γενέσθαι
1227 3062 1242 3077 ⁶
1281 3050 1330 3101 εί
1362 3049 1473 3119 γὰρ
1501 3050 1636 3121 πρὸς
1671 3052 1763 3105 τὸν
1812 3053 1916 3107 ὑπὸ

2019 3045 2162 3114 quod
2197 3045 2242 3100 si
2275 3044 2419 3099 enim
2457 3044 2523 3098 ad
2559 3044 2733 3108 illum,
2763 3045 2854 3115 qui
2884 3045 3044 3100 nobis
3068 3047 3340 3115 imperare
3362 3047 3590 3105 sortitus

348 3137 486 3191 Θεοῦ
528 3137 839 3207 βασιλεύειν
877 3139 1008 3207 ἡμῖν
1035 3137 1268 3208 λαχόντα
1306 3139 1563 3193 ἀπελθεῖν
1597 3142 1913 3214 πειραθείη,

346 3231 441 3284 τὸν
469 3229 597 3284 λαὸν
627 3231 846 3284 ἅπαντα
871 3231 1003 3300 παρ’
1029 3230 1195 3283 αὑτοῦ
1224 3229 1528 3300 ληψόμενος
1551 3234 1645 3284 καὶ
1664 3233 1917 3302 διασκορ-

349 3321 517 3382 πίσας
547 3319 737 3374 τοῦτον
787 3321 888 3388 τῆς
937 3321 1118 3389 ἀρχῆς
1164 3319 1445 3390 ἀλλότριον
1477 3323 1791 3390 καθίστησι,
1821 3325 1916 3378 καὶ

349 3412 491 3476 τότε,
523 3411 584 3464 τδ
628 3410 827 3474 δοκεῖν,
860 3411 1064 3463 ἔστειλε
1102 3412 1238 3481 πρὸς
1277 3411 1370 3465 τδν
1411 3413 1601 3482 κύριον
1637 3414 1746 3467 τῶν
1780 3417 1916 3485 σκή-

349 3502 934 3573 πτρων,πρεσ6εύσων
969 3502 1140 3572 αύτῷ,
1187 3503 1274 3572 ἐφ’
1313 3499 1358 3571 ᾧ
1404 3506 1585 3573 μεῖναι
1631 3504 1770 3574 μετὰ
1819 3505 1913 3559 τοῦ

349 3597 446 3647 σὺν
475 3594 625 3664 αύτῷ
653 3595 988 3664 ὑπάρχοντος
1013 3593 1144 3646 λαοῦ
1180 3595 1378 3658 ὲκεϊσε,
1417 3595 1586 3648 αἰτῶν
1615 3595 1914 3666 κελευσθῆ-

349 3702 438 3738 ναι
467 3685 534 3738 τὰ
577 3685 960 3754 παρακείμενα
1013 3684 1146 3752 ἡμῖν
1175 3683 1285 3736 τῶν
1333 3684 1717 3753 Δραγουϐιτῶν
1782 3685 1912 3756 ἔθνη

348 3776 592 3836 δαπάνας
625 3776 768 3827 κατὰ
795 3775 854 3827 τὸ
883 3775 1068 3826 ἱκανὸν
1099 3775 1282 3836 αὐτοῖς
1327 3775 1752 3844 ἔπιχορηγῆσαι,
1790 3775 1818 3828 δ
1849 3777 1914 3847 δὴ

349 3870 446 3922 καὶ
486 3869 822 3936 γεγένηται·
855 3867 951 3918 καὶ
980 3865 1059 3936 τῷ
1099 3868 1287 3935 τρόπῳ
1335 3866 1510 3934 τούτῳ
1543 3865 1636 3917 ἐπὶ
1661 3867 1914 3936 σιτισμοῢ

349 3961 702 4014 εἰσελθόντων
739 3959 1010 4011 πλείστων
1044 3957 1123 4019 είς
1149 3957 1248 4018 τὰς
1277 3956 1384 4008 τῶν
1424 3955 1684 4010 Σκλάδων
1711 3957 1916 4026 σκηνὰς

349 4055 446 4108 καὶ
480 4051 934 4122 διερωτησάντων
973 4051 1103 4118 περὶ
1130 4050 1230 4119 τῆς
1257 4049 1382 4103 καθ’
1411 4050 1557 4120 ἡμᾶς
1584 4050 1794 4112 πόλεως
1822 4051 1916 4103 καὶ

348 4143 774 4216 ἀκριϐωθέντες,
803 4144 880 4206 ὡς
909 4145 973 4196 ὲκ
1025 4145 1236 4213 μήκους
1267 4143 1342 4213 μὴ
1372 4143 1639 4212 ὑπάρχειν
1687 4141 1914 4210 ταύταςι

349 4239 586 4309 ἧρξαντο
615 4237 860 4290 πλεῖστοι
889 4235 1076 4290 λοιπὸν
1101 4237 1150 4289 οἱ
1184 4238 1250 4292 ὲκ
1285 4236 1397 4290 τῶν
1435 4236 1725 4307 Ῥωμαίων
1761 4235 1913 4302 ὄντες

353 4329 493 4399 μετὰ
518 4327 792 4397 γυναικῶν
833 4329 925 4380 καὶ
968 4329 1174 4382 τέκνων
1219 4329 1280 4383 ἐν
1315 4331 1381 4399 τῇ
1419 4328 1708 4400 θεοσώστῳ
1740 4329 1912 4402 ταύτῃ

2024 3151 2052 3189 a
2087 3137 2194 3192 Deo
2215 3145 2352 3200 erat,
2376 3136 2526 3192 abire
2550 3136 2833 3202 niteretur,
2859 3136 2977 3192 fore
3004 3147 3063 3192 ιιι
3088 3139 3344 3208 populum
3369 3154 3586 3195 omnem

2023 3229 2122 3281 abs
2152 3227 2244 3281 illo
2265 3228 2630 3291 abstraheret,
2647 3228 3089 3299 dissipatumque
3115 3230 3366 3285 eumdem
3389 3232 3456 3285 ab
3481 3231 3587 3285 im-

2023 3320 2173 3390 perio
2201 3320 2438 3375 alienum
2465 3320 2721 3388 efﬁceret;
2758 3330 2996 3392 tuncque
3027 3321 3094 3376 ad
3128 3331 3465 3391 sceptrorum
3488 3321 3587 3378 doc

2023 3415 2255 3475 minum,
2284 3427 2394 3482 quo
2431 3412 2502 3477 ei,
2535 3421 2590 3466 ut
2639 3411 2729 3466 hic
2776 3426 2901 3467 cum
2933 3412 3083 3466 omni
3140 3413 3368 3482 p0pulo,
3398 3427 3585 3468 secum

2021 3505 2320 3559 exsistente
2350 3545 2364 3570 ,
2401 3519 2621 3559 manere
2654 3513 2858 3573 posset,
2896 3505 2951 3559 in
3000 3505 3194 3575 specie
3217 3505 3583 3576 supplicaret,

2023 3595 2238 3665 legavit,
2292 3595 2578 3665 postulans
2611 3596 2773 3650 etiam
2805 3604 2866 3650 nt
2913 3611 3036 3666 quae
3085 3597 3242 3653 nobis
3293 3598 3583 3667 adjacent.

2025 3688 2437 3757 Dragobitarum
2468 3688 2716 3742 nationes
2745 3687 3066 3742 sufﬁcientia
3099 3689 3181 3744 eis
3218 3689 3426 3745 cibaria
3452 3690 3586 3745 sub-

2021 3779 2334 3832 ministrare
2381 3777 2696 3845 iuberentur
2742 3777 2895 3846 (86);
2933 3781 3078 3849 quod
3128 3790 3182 3836 et
3227 3781 3432 3838 factum
3479 3793 3582 3840 est.

2021 3871 2196 3938 Atque
2226 3869 2300 3922 ita
2329 3883 2452 3923 cum
2493 3867 2711 3937 plurimi
2753 3866 3075 3925 Sclavorum
3114 3876 3372 3940 tentoria,
3407 3885 3466 3929 ut
3497 3877 3582 3932 ci-

2021 3958 2174 4013 baria
2205 3958 2289 4012 eis
2312 3956 2816 4022 subministrarem,
2863 3967 3050 4013 essent
3100 3961 3369 4030 ingressi,
3416 3963 3584 4034 hiun

2023 4049 2146 4104 illos
2177 4047 2244 4102 de
2274 4047 2498 4102 civitate
2544 4057 2735 4102 nostra
2785 4047 3209 4118 interrogantes,
3239 4067 3362 4108 esse
3392 4052 3485 4108 illa
3515 4054 3587 4110 ab

2023 4143 2126 4197 hac
2172 4138 2317 4194 baud
2364 4139 2554 4208 procul
2609 4147 2838 4206 remota,
2889 4139 3177 4211 diligenter
3220 4142 3582 4211 didicissent,

2021 4234 2239 4315 plurimi
2279 4235 2414 4305 jam,
2447 4235 2539 4304 qui
2586 4249 2617 4290 e
2669 4233 2929 4290 Romanis
2959 4234 3230 4291 ducebant
3273 4236 3540 4307 originem
3566 4280 3581 4304 ,

2024 4344 2148 4384 cum
2180 4327 2439 4383 uxoribus
2468 4335 2522 4382 et
2551 4327 3017 4382 liberis-nostram
3073 4343 3105 4383 a
3153 4328 3266 4384 Deo
3313 4338 3584 4385 servatam

350 4422 511 4494 ἡμῶν
535 4423 762 4476 εἰσιέναι
785 4421 960 4490 πόλει,
983 4421 1238 4488 οὕστινας
1265 4423 1461 4480 αὐτίκα
1482 4425 1531 4478 ot
1559 4424 1656 4495 τὴν
1675 4425 1916 4497 ὕπαρχον

2024 4421 2302 4476 civitatem
2333 4419 2539 4490 ingredi
2572 4428 3059 4490 caperonniun
3089 4423 3296 4488 statim,
3325 4424 3417 4494 qui
3444 4438 3586 4495 pm.

349 4645 464 4688 tum
525 4635 642 4704 jam
701 4644 953 4702 promoto
1011 4633 1310 4694 evenerint.
1374 4636 1776 4691 consectarium
1831 4637 1911 4700 fit.

347 4704 804 4829 gnemadtnodum
866 4707 919 4760 in
975 4705 1262 4760 Adnotatis
1295 4704 1361 4760 ad
1387 4712 1503 4760 not.
1538 4707 1772 4776 praeced.
1799 4708 1912 4776 jam

386 4790 530 4829 OCIII.

386 4790 530 4830 00m.

419 4843 531 4914 (83)
573 4843 759 4914 Graeca
799 4844 914 4899 haec
963 4845 1150 4908 verba,
1185 4848 1283 4900 καὶ
1311 4844 1581 4913 άντάρται
1611 4846 1912 4900 sectante-

347 4929 476 4967 κται
525 4913 620 4966 τοῦ
679 4915 917 4986 χαγ-άνου
966 4917 1231 4984 γίνονται,
1285 4915 1476 4970 Latine
1525 4917 1912 4986 interpretatus

347 4999 497 5057 sum.
541 4999 604 5057 ac
635 4984 860 5057 rebelles
879 4987 1113 5057 chagano
1135 4987 1289 5055 ﬁunt.
1316 4984 1684 5057 nullahabita
1703 4989 1914 5042 ratione

345 5052 596 5128 vocabuli
645 5052 1061 5128 καταλέλεκται,
1105 5052 1248 5128 quod
1293 5056 1424 5128 quid
1475 5055 1566 5111 hic
1601 5057 1910 5128 significare

345 5131 533 5193 queat,
571 5124 712 5193 haud
746 5127 1032 5190 perspicio.

423 5192 536 5265 (8d)
576 5189 824 5265 Nominis
846 5189 1013 5265 hujus
1046 5211 1297 5265 campum
1329 5212 1424 5251 seu
1456 5195 1759 5265 planitiem,
1793 5211 1913 5260 que

351 5263 731 5336 hauthprocul
777 5280 805 5316 a
841 5263 1230 5321 Thessalonica
1285 5267 1388 5322 sita
1444 5263 1625 5329 fuerit,
1661 5269 1910 5336 nnspiam

347 5331 586 5406 invenio.
625 5330 817 5386 Verum
874 5350 980 5406 non
1041 5347 1144 5406 est.
1191 5353 1289 5391 cur
1329 5338 1380 5391 id
1429 5338 1624 5390 mirum
1659 5330 1911 5406 cuiquam

345 5399 582 5461 accidat.
613 5416 736 5455 cum
770 5417 868 5476 nec
898 5405 1149 5470 planities
1171 5420 1362 5462 clunes
1387 5423 1482 5461 seu
1509 5422 1730 5476 campos
1762 5399 1913 5463 com-

348 5486 654 5546 tnentorare
707 5472 918 5546 soleant
961 5477 1278 5546 geographi,
1341 5493 1440 5530 nec
1500 5472 1746 5545 singulos
1797 5477 1913 5532 suis

347 5541 666 5618 numinibus
737 5541 1032 5618 distinctos
1069 5541 1282 5600 tabulae
1337 5541 1733 5618 geographica.
1797 5555 1920 5602 utut

345 5610 508 5664 etiam
545 5621 833 5676 accuratae,
866 5613 1143 5668 exhibere.

417 5677 531 5751 (85)
572 5678 646 5736 Ita
674 5681 836 5738 etiam
868 5687 1162 5755 scriptores
1191 5683 1365 5742 Graeci
1406 5687 1494 5741 alii
1518 5687 1907 5746 Constantino-

2015 4635 2334 4760 pollim‘per
2389 4633 2528 4689 tituli
2584 4633 2862 4691 honoraril
2923 4635 3141 4691 modum
3193 4635 3425 4692 subinde
3484 4651 3584 4708 ap-

2015 4722 2081 4760 ne
2126 4721 2190 4758 an
2225 4745 2238 4758 .

2126 4713 2238 4760 tim.

2015 4722 2546 4846 peiilatgsbragobitze
2574 4788 2724 4846 ergo,
2748 4774 2792 4829 si
2826 4789 2955 4846 vera
2987 4776 3072 4846 hic
3097 4784 3363 4830 memoret
3387 4783 3583 4830 auctor

2015 4845 2204 4901 noster
2227 4860 2552 4914 anonymus,
2585 4845 2692 4914 jam
2729 4855 2858 4899 ante
2901 4845 3034 4900 illud
3065 4854 3304 4913 tempus,
3332 4859 3443 4911 quo
3476 4846 3584 4897 (In.

2016 4919 2180 4971 berus
2203 4931 2325 4970 cum
2355 4913 2468 4968 suis
2496 4916 2546 4966 in
2571 4913 2775 4983 Campo
2803 4914 3116 4968 Ceramesio
3139 4914 3407 4974 consedit.
3434 4914 3579 4968 haud

2017 4987 2203 5053 procul
2237 5001 2266 5038 a
2307 4983 2696 5039 Thessalonica
2732 4984 2890 5054 sedes
2938 4984 3246 5038 habuerint.
3300 4984 3380 5038 Illi
3416 4999 3581 5054 porro

2019 5055 2322 5126 Dragobitte
2367 5070 2488 5116 seu,
2520 5062 2578 5107 ut
2607 5069 2768 5126 supra
2817 5053 2980 5126 etiam
3017 5055 3086 5108 ab
3116 5065 3345 5126 auctore
3389 5053 3582 5126 nostro

2017 5123 2368 5181 hoc'nomen
2404 5135 2692 5184 exaratnr.
2739 5123 3044 5191 Dragohitte
3091 5125 3332 5179 sclavica
3388 5124 3580 5185 etiam,

2017 5207 2075 5249 ttt
2104 5212 2266 5263 supra
2309 5196 2426 5248 loco
2485 5209 2593 5247 non
2638 5208 2748 5247 uno
2789 5193 2974 5254 tradit,
3026 5197 3176 5248 natio
3223 5195 3464 5257 fuerunt,
3499 5209 3584 5248 or-

2016 5267 2165 5334 tique
2207 5263 2615 5318 verosimillime
2660 5278 2725 5316 ex
2775 5263 2843 5318 iis
2895 5278 3035 5334 quos
3096 5263 3290 5320 Russis
3353 5267 3586 5334 tributa-

2015 5331 2128 5390 rios
2180 5335 2382 5397 fuisse,
2445 5334 2839 5387 Constantinus
2911 5331 3419 5404 Porphyrogcnitus
3483 5333 3581 5388 lib.

2015 5405 2092 5457 De
2153 5404 2576 5458 administrando
2606 5404 2844 5471 imperio,
2899 5419 3020 5472 cap.
3069 5403 3124 5469 9,
3150 5403 3364 5467 scribit,
3399 5403 3582 5457 Drun-

2015 5475 2436 5545 gubitarumqne
2510 5472 3106 5545 notniue_distinguit.
3174 5475 3378 5545 nullam
3443 5474 3585 5545 inte-

2019 5541 2708 5617 rimADragobitarumnseu
2738 5541 3181 5617 Drogobitarum,
3223 5544 3314 5612 qui
3365 5541 3580 5617 verosi-

2017 5615 2264 5674 millime,
2314 5621 2372 5666 tit
2399 5613 2512 5682 jam
2570 5612 2709 5674 disi,
2759 5627 2790 5666 e
2833 5611 3041 5668 Sclavis
3077 5611 3249 5669 hisce
3277 5614 3382 5667 orti
3427 5618 3580 5680 sunt,

2017 5685 2346 5740 mentionem
2382 5681 2463 5743 rel
2497 5681 2692 5740 ibidem
2718 5683 2801 5739 vel
2835 5683 2961 5741 alibi
3000 5684 3212 5754 uspiam
3241 5682 3471 5740 faciens.
