  <div class='ocr_page' id='page_1' title='image "/cluster/home/n/w/nwhite01/storage/ocr_20150623/116/hvd.32044073502221/691.png"; bbox 0 0 4070 6382; ppageno 0'>
   <div class='ocr_carea' id='block_1_1' title="bbox 447 226 577 292">
    <p class='ocr_par' dir='ltr' id='par_1_1' title="bbox 447 226 577 292">
     <span class='ocr_line' id='line_1_1' title="bbox 447 226 577 292; baseline -0.038 0"><span class='ocrx_word' id='word_1_1' title='bbox 447 226 577 292; x_wconf 74' lang='grc'><strong>1371</strong></span> 
     </span>
    </p>
   </div>
   <div class='ocr_carea' id='block_1_2' title="bbox 1744 233 2384 303">
    <p class='ocr_par' dir='ltr' id='par_1_2' title="bbox 1744 233 2384 303">
     <span class='ocr_line' id='line_1_2' title="bbox 1744 233 2384 303; baseline 0.011 -9"><span class='ocrx_word' id='word_1_2' title='bbox 1744 233 2195 296; x_wconf 77' lang='lat' dir='ltr'><strong>SUPPLEMEN</strong></span> <span class='ocrx_word' id='word_1_3' title='bbox 2202 236 2384 303; x_wconf 84' lang='lat' dir='ltr'><strong>TUM.</strong></span> 
     </span>
    </p>
   </div>
   <div class='ocr_carea' id='block_1_3' title="bbox 3571 235 3792 300">
    <p class='ocr_par' dir='ltr' id='par_1_3' title="bbox 3571 235 3792 300">
     <span class='ocr_line' id='line_1_3' title="bbox 3571 235 3792 300; baseline 0.014 -3"><span class='ocrx_word' id='word_1_4' title='bbox 3571 235 3604 297; x_wconf 84' lang='lat'><strong>1</strong></span> <span class='ocrx_word' id='word_1_5' title='bbox 3616 236 3792 300; x_wconf 66' lang='lat'><strong>372</strong></span> 
     </span>
    </p>
   </div>
   <div class='ocr_carea' id='block_1_4' title="bbox 512 340 2051 426">
    <p class='ocr_par' dir='ltr' id='par_1_4' title="bbox 512 340 2051 416">
     <span class='ocr_line' id='line_1_4' title="bbox 512 340 2051 416; baseline 0.002 -18"><span class='ocrx_word' id='word_1_6' title='bbox 512 340 669 399; x_wconf 85' lang='lat' dir='ltr'><strong>CCII.</strong></span> <span class='ocrx_word' id='word_1_7' title='bbox 705 341 969 413; x_wconf 86' lang='lat' dir='ltr'><strong>Sequenti</strong></span> <span class='ocrx_word' id='word_1_8' title='bbox 1013 343 1180 416; x_wconf 78' lang='lat' dir='ltr'><strong>igitur</strong></span> <span class='ocrx_word' id='word_1_9' title='bbox 1208 344 1318 411; x_wconf 91' lang='lat' dir='ltr'><strong>die,</strong></span> <span class='ocrx_word' id='word_1_10' title='bbox 1349 357 1472 414; x_wconf 83' lang='lat' dir='ltr'><strong>quae</strong></span> <span class='ocrx_word' id='word_1_11' title='bbox 1496 352 1689 400; x_wconf 88' lang='lat' dir='ltr'><strong>sancta</strong></span> <span class='ocrx_word' id='word_1_12' title='bbox 1722 355 1840 401; x_wconf 82' lang='lat' dir='ltr'><strong>erat</strong></span> <span class='ocrx_word' id='word_1_13' title='bbox 1867 346 2001 402; x_wconf 80' lang='lat' dir='ltr'><strong>heb-</strong></span> <span class='ocrx_word' id='word_1_14' title='bbox 2033 353 2051 408; x_wconf 65' lang='grc' dir='ltr'><em>Α</em></span> 
     </span>
    </p>
   </div>
   <div class='ocr_carea' id='block_1_5' title="bbox 2154 340 3769 426">
    <p class='ocr_par' dir='ltr' id='par_1_5' title="bbox 2182 346 3769 426">
     <span class='ocr_line' id='line_1_5' title="bbox 2182 346 3769 426; baseline -0.002 -22"><span class='ocrx_word' id='word_1_15' title='bbox 2182 351 2282 422; x_wconf 76' lang='grc' dir='ltr'><strong>οβ’.</strong></span> <span class='ocrx_word' id='word_1_16' title='bbox 2337 353 2414 423; x_wconf 84' lang='grc' dir='ltr'><strong>Τῇ</strong></span> <span class='ocrx_word' id='word_1_17' title='bbox 2444 350 2538 405; x_wconf 79' lang='grc' dir='ltr'><strong>οῦν</strong></span> <span class='ocrx_word' id='word_1_18' title='bbox 2587 351 2840 426; x_wconf 74' lang='grc' dir='ltr'>ἐπιούσῃ,</span> <span class='ocrx_word' id='word_1_19' title='bbox 2874 351 2996 422; x_wconf 68' lang='grc' dir='ltr'>ἥτις</span> <span class='ocrx_word' id='word_1_20' title='bbox 3026 346 3098 422; x_wconf 83' lang='grc' dir='ltr'>ἦν</span> <span class='ocrx_word' id='word_1_21' title='bbox 3146 349 3278 419; x_wconf 77' lang='grc' dir='ltr'>ἁγία</span> <span class='ocrx_word' id='word_1_22' title='bbox 3323 349 3570 418; x_wconf 76' lang='grc' dir='ltr'>δευτέρα</span> <span class='ocrx_word' id='word_1_23' title='bbox 3615 348 3769 418; x_wconf 71' lang='grc' dir='ltr'>τῆς</span> 
     </span>
    </p>
   </div>
   <div class='ocr_carea' id='block_1_6' title="bbox 445 432 2018 503">
    <p class='ocr_par' dir='ltr' id='par_1_6' title="bbox 445 432 2018 503">
     <span class='ocr_line' id='line_1_6' title="bbox 445 432 2018 503; baseline 0.002 -14"><span class='ocrx_word' id='word_1_24' title='bbox 445 433 695 490; x_wconf 69' lang='lat' dir='ltr'><strong>domada:</strong></span> <span class='ocrx_word' id='word_1_25' title='bbox 746 432 1031 491; x_wconf 84' lang='lat' dir='ltr'><strong>Passionis</strong></span> <span class='ocrx_word' id='word_1_26' title='bbox 1079 436 1380 492; x_wconf 66' lang='lat' dir='ltr'><strong>Dominicaa</strong></span> <span class='ocrx_word' id='word_1_27' title='bbox 1440 437 1721 503; x_wconf 90' lang='lat' dir='ltr'><strong>secunda,</strong></span> <span class='ocrx_word' id='word_1_28' title='bbox 1786 454 1914 493; x_wconf 88' lang='lat' dir='ltr'><strong>cum</strong></span> <span class='ocrx_word' id='word_1_29' title='bbox 1963 446 2018 493; x_wconf 88' lang='lat' dir='ltr'><strong>et</strong></span> 
     </span>
    </p>
   </div>
   <div class='ocr_carea' id='block_1_7' title="bbox 421 526 2016 598">
    <p class='ocr_par' dir='ltr' id='par_1_7' title="bbox 421 526 2016 598">
     <span class='ocr_line' id='line_1_7' title="bbox 421 526 2016 598; baseline 0.002 -16"><span class='ocrx_word' id='word_1_30' title='bbox 421 526 620 591; x_wconf 70' lang='lat' dir='ltr'><strong>,venti,</strong></span> <span class='ocrx_word' id='word_1_31' title='bbox 656 534 717 581; x_wconf 90' lang='lat' dir='ltr'><strong>ut</strong></span> <span class='ocrx_word' id='word_1_32' title='bbox 752 542 946 583; x_wconf 87' lang='lat' dir='ltr'><strong>versus</strong></span> <span class='ocrx_word' id='word_1_33' title='bbox 981 544 1083 584; x_wconf 90' lang='lat' dir='ltr'><strong>nos</strong></span> <span class='ocrx_word' id='word_1_34' title='bbox 1127 530 1432 598; x_wconf 88' lang='lat' dir='ltr'><strong>navigaret,</strong></span> <span class='ocrx_word' id='word_1_35' title='bbox 1480 538 1665 586; x_wconf 87' lang='lat' dir='ltr'><strong>essent</strong></span> <span class='ocrx_word' id='word_1_36' title='bbox 1711 532 2016 597; x_wconf 77' lang='lat' dir='ltr'><strong>contrarii,</strong></span> 
     </span>
    </p>
   </div>
   <div class='ocr_carea' id='block_1_8' title="bbox 455 619 2019 689">
    <p class='ocr_par' dir='ltr' id='par_1_8' title="bbox 455 619 2019 689">
     <span class='ocr_line' id='line_1_8' title="bbox 455 619 2019 689; baseline 0.003 -16"><span class='ocrx_word' id='word_1_37' title='bbox 455 619 950 689; x_wconf 66' lang='lat' dir='ltr'><strong>prmstantissimus</strong></span> <span class='ocrx_word' id='word_1_38' title='bbox 978 621 1062 675; x_wconf 86' lang='lat' dir='ltr'><strong>vir</strong></span> <span class='ocrx_word' id='word_1_39' title='bbox 1111 620 1203 676; x_wconf 90' lang='lat' dir='ltr'><strong>ille</strong></span> <span class='ocrx_word' id='word_1_40' title='bbox 1251 629 1425 676; x_wconf 92' lang='lat' dir='ltr'><strong>totum</strong></span> <span class='ocrx_word' id='word_1_41' title='bbox 1459 636 1619 677; x_wconf 91' lang='lat' dir='ltr'><strong>suum</strong></span> <span class='ocrx_word' id='word_1_42' title='bbox 1654 632 2019 677; x_wconf 82' lang='lat' dir='ltr'><strong>convocatum</strong></span> 
     </span>
    </p>
   </div>
   <div class='ocr_carea' id='block_1_9' title="bbox 447 712 2019 784">
    <p class='ocr_par' dir='ltr' id='par_1_9' title="bbox 447 712 2019 784">
     <span class='ocr_line' id='line_1_9' title="bbox 447 712 2019 784; baseline 0.003 -18"><span class='ocrx_word' id='word_1_43' title='bbox 447 712 750 766; x_wconf 83' lang='lat' dir='ltr'><strong>exercitum</strong></span> <span class='ocrx_word' id='word_1_44' title='bbox 789 712 1042 766; x_wconf 74' lang='lat' dir='ltr'><strong>hortatus</strong></span> <span class='ocrx_word' id='word_1_45' title='bbox 1087 723 1194 778; x_wconf 90' lang='lat' dir='ltr'><strong>est,</strong></span> <span class='ocrx_word' id='word_1_46' title='bbox 1238 729 1306 768; x_wconf 90' lang='lat' dir='ltr'><strong>ne</strong></span> <span class='ocrx_word' id='word_1_47' title='bbox 1341 715 1464 784; x_wconf 86' lang='lat' dir='ltr'><strong>quis</strong></span> <span class='ocrx_word' id='word_1_48' title='bbox 1495 715 1654 770; x_wconf 85' lang='lat' dir='ltr'><strong>deses</strong></span> <span class='ocrx_word' id='word_1_49' title='bbox 1679 724 1859 780; x_wconf 89' lang='lat' dir='ltr'><strong>esset,</strong></span> <span class='ocrx_word' id='word_1_50' title='bbox 1888 715 2019 770; x_wconf 90' lang='lat' dir='ltr'><strong>reli-</strong></span> 
     </span>
    </p>
   </div>
   <div class='ocr_carea' id='block_1_10' title="bbox 449 807 2020 879">
    <p class='ocr_par' dir='ltr' id='par_1_10' title="bbox 449 807 2020 879">
     <span class='ocr_line' id='line_1_10' title="bbox 449 807 2020 879; baseline 0.004 -23"><span class='ocrx_word' id='word_1_51' title='bbox 449 817 613 872; x_wconf 88' lang='lat' dir='ltr'><strong>quam</strong></span> <span class='ocrx_word' id='word_1_52' title='bbox 667 813 848 858; x_wconf 89' lang='lat' dir='ltr'><strong>autem</strong></span> <span class='ocrx_word' id='word_1_53' title='bbox 887 819 1106 860; x_wconf 85' lang='lat' dir='ltr'><strong>onmem</strong></span> <span class='ocrx_word' id='word_1_54' title='bbox 1155 807 1344 876; x_wconf 85' lang='lat' dir='ltr'><strong>templi</strong></span> <span class='ocrx_word' id='word_1_55' title='bbox 1393 817 1601 877; x_wconf 88' lang='lat' dir='ltr'><strong>partem</strong></span> <span class='ocrx_word' id='word_1_56' title='bbox 1653 814 2020 879; x_wconf 75' lang='lat' dir='ltr'><strong>expurgaret,</strong></span> 
     </span>
    </p>
   </div>
   <div class='ocr_carea' id='block_1_11' title="bbox 450 895 2024 968">
    <p class='ocr_par' dir='ltr' id='par_1_11' title="bbox 450 895 2024 968">
     <span class='ocr_line' id='line_1_11' title="bbox 450 895 2024 968; baseline 0.004 -21"><span class='ocrx_word' id='word_1_57' title='bbox 450 904 523 953; x_wconf 79' lang='lat' dir='ltr'><strong>rt.</strong></span> <span class='ocrx_word' id='word_1_58' title='bbox 555 895 700 961; x_wconf 90' lang='lat' dir='ltr'><strong>quod</strong></span> <span class='ocrx_word' id='word_1_59' title='bbox 731 896 786 949; x_wconf 93' lang='lat' dir='ltr'><strong>in</strong></span> <span class='ocrx_word' id='word_1_60' title='bbox 830 911 897 951; x_wconf 90' lang='lat' dir='ltr'><strong>eo</strong></span> <span class='ocrx_word' id='word_1_61' title='bbox 928 896 1126 961; x_wconf 81' lang='lat' dir='ltr'><strong>fuerat,</strong></span> <span class='ocrx_word' id='word_1_62' title='bbox 1177 898 1563 968; x_wconf 76' lang='lat' dir='ltr'><strong>baptisterium</strong></span> <span class='ocrx_word' id='word_1_63' title='bbox 1601 915 1822 956; x_wconf 87' lang='lat' dir='ltr'><strong>sacrum</strong></span> <span class='ocrx_word' id='word_1_64' title='bbox 1847 939 1863 964; x_wconf 89' lang='lat'><strong>,</strong></span> <span class='ocrx_word' id='word_1_65' title='bbox 1903 917 2024 955; x_wconf 83' lang='lat' dir='ltr'><strong>om—</strong></span> 
     </span>
    </p>
   </div>
   <div class='ocr_carea' id='block_1_12' title="bbox 453 986 2024 1060">
    <p class='ocr_par' dir='ltr' id='par_1_12' title="bbox 453 986 2024 1060">
     <span class='ocr_line' id='line_1_12' title="bbox 453 986 2024 1060; baseline 0.004 -23"><span class='ocrx_word' id='word_1_66' title='bbox 453 1001 682 1054; x_wconf 87' lang='lat' dir='ltr'><strong>nesque,</strong></span> <span class='ocrx_word' id='word_1_67' title='bbox 719 986 810 1055; x_wconf 87' lang='lat' dir='ltr'><strong>qui</strong></span> <span class='ocrx_word' id='word_1_68' title='bbox 850 996 1041 1042; x_wconf 89' lang='lat' dir='ltr'><strong>sancta</strong></span> <span class='ocrx_word' id='word_1_69' title='bbox 1073 987 1283 1044; x_wconf 87' lang='lat' dir='ltr'><strong>Christi</strong></span> <span class='ocrx_word' id='word_1_70' title='bbox 1326 989 1713 1045; x_wconf 83' lang='lat' dir='ltr'><strong>recordatione</strong></span> <span class='ocrx_word' id='word_1_71' title='bbox 1757 989 1907 1060; x_wconf 90' lang='lat' dir='ltr'><strong>digui</strong></span> <span class='ocrx_word' id='word_1_72' title='bbox 1935 1005 2024 1044; x_wconf 88' lang='lat' dir='ltr'><strong>es-</strong></span> 
     </span>
    </p>
   </div>
   <div class='ocr_carea' id='block_1_13' title="bbox 452 1079 2026 1150">
    <p class='ocr_par' dir='ltr' id='par_1_13' title="bbox 452 1079 2026 1150">
     <span class='ocr_line' id='line_1_13' title="bbox 452 1079 2026 1150; baseline 0.003 -20"><span class='ocrx_word' id='word_1_73' title='bbox 452 1087 575 1130; x_wconf 84' lang='lat' dir='ltr'><strong>sent</strong></span> <span class='ocrx_word' id='word_1_74' title='bbox 607 1079 828 1148; x_wconf 83' lang='lat'><strong>(95),...</strong></span> <span class='ocrx_word' id='word_1_75' title='bbox 858 1090 1335 1150; x_wconf 67' lang='lat' dir='ltr'><strong>praepararentur,</strong></span> <span class='ocrx_word' id='word_1_76' title='bbox 1370 1089 1428 1136; x_wconf 87' lang='lat' dir='ltr'><strong>ut</strong></span> <span class='ocrx_word' id='word_1_77' title='bbox 1459 1083 1764 1137; x_wconf 89' lang='lat' dir='ltr'><strong>secundum</strong></span> <span class='ocrx_word' id='word_1_78' title='bbox 1795 1096 2026 1137; x_wconf 88' lang='lat' dir='ltr'><strong>consue-</strong></span> 
     </span>
    </p>
   </div>
   <div class='ocr_carea' id='block_1_14' title="bbox 455 1169 2025 1243">
    <p class='ocr_par' dir='ltr' id='par_1_14' title="bbox 455 1169 2025 1243">
     <span class='ocr_line' id='line_1_14' title="bbox 455 1169 2025 1243; baseline 0.006 -25"><span class='ocrx_word' id='word_1_79' title='bbox 455 1169 701 1222; x_wconf 85' lang='lat' dir='ltr'><strong>tudinem</strong></span> <span class='ocrx_word' id='word_1_80' title='bbox 756 1169 960 1226; x_wconf 77' lang='lat' dir='ltr'><strong>festum</strong></span> <span class='ocrx_word' id='word_1_81' title='bbox 1013 1183 1381 1243; x_wconf 85' lang='lat' dir='ltr'><strong>peragerent;</strong></span> <span class='ocrx_word' id='word_1_82' title='bbox 1417 1189 1654 1243; x_wconf 90' lang='lat' dir='ltr'><strong>cumque</strong></span> <span class='ocrx_word' id='word_1_83' title='bbox 1707 1173 2025 1243; x_wconf 75' lang='lat' dir='ltr'><strong>huiusmodi</strong></span> 
     </span>
    </p>
   </div>
   <div class='ocr_carea' id='block_1_15' title="bbox 456 1258 2025 1330">
    <p class='ocr_par' dir='ltr' id='par_1_15' title="bbox 456 1258 2025 1330">
     <span class='ocr_line' id='line_1_15' title="bbox 456 1258 2025 1330; baseline 0.007 -21"><span class='ocrx_word' id='word_1_84' title='bbox 456 1258 520 1312; x_wconf 87' lang='lat' dir='ltr'><strong>ad</strong></span> <span class='ocrx_word' id='word_1_85' title='bbox 555 1259 674 1313; x_wconf 89' lang='lat' dir='ltr'><strong>illos</strong></span> <span class='ocrx_word' id='word_1_86' title='bbox 708 1263 849 1314; x_wconf 81' lang='lat' dir='ltr'><strong>facta</strong></span> <span class='ocrx_word' id='word_1_87' title='bbox 877 1263 1054 1316; x_wconf 83' lang='lat' dir='ltr'><strong>oratio</strong></span> <span class='ocrx_word' id='word_1_88' title='bbox 1083 1263 1340 1319; x_wconf 86' lang='lat' dir='ltr'><strong>omnibus</strong></span> <span class='ocrx_word' id='word_1_89' title='bbox 1366 1263 1702 1320; x_wconf 84' lang='lat' dir='ltr'><strong>irmotuisset</strong></span> <span class='ocrx_word' id='word_1_90' title='bbox 1722 1304 1736 1330; x_wconf 92' lang='lat'><strong>,</strong></span> <span class='ocrx_word' id='word_1_91' title='bbox 1764 1264 2025 1320; x_wconf 80' lang='lat' dir='ltr'><strong>alacriter</strong></span> 
     </span>
    </p>
   </div>
   <div class='ocr_carea' id='block_1_16' title="bbox 458 1353 2026 1430">
    <p class='ocr_par' dir='ltr' id='par_1_16' title="bbox 458 1353 2026 1430">
     <span class='ocr_line' id='line_1_16' title="bbox 458 1353 2026 1430; baseline 0.005 -26"><span class='ocrx_word' id='word_1_92' title='bbox 458 1353 642 1422; x_wconf 76' lang='lat' dir='ltr'><strong>templi</strong></span> <span class='ocrx_word' id='word_1_93' title='bbox 685 1363 737 1408; x_wconf 87' lang='lat' dir='ltr'><strong>et</strong></span> <span class='ocrx_word' id='word_1_94' title='bbox 785 1355 929 1410; x_wconf 81' lang='lat' dir='ltr'><strong>sacri</strong></span> <span class='ocrx_word' id='word_1_95' title='bbox 984 1356 1287 1425; x_wconf 41' lang='lat' dir='ltr'><strong>baptisterivi</strong></span> <span class='ocrx_word' id='word_1_96' title='bbox 1341 1359 1722 1430; x_wconf 87' lang='lat' dir='ltr'><strong>expurgationi</strong></span> <span class='ocrx_word' id='word_1_97' title='bbox 1775 1359 2026 1415; x_wconf 86' lang='lat' dir='ltr'><strong>certatim</strong></span> 
     </span>
    </p>
   </div>
   <div class='ocr_carea' id='block_1_17' title="bbox 459 1445 2027 1521">
    <p class='ocr_par' dir='ltr' id='par_1_17' title="bbox 459 1445 2027 1521">
     <span class='ocr_line' id='line_1_17' title="bbox 459 1445 2027 1521; baseline 0.008 -27"><span class='ocrx_word' id='word_1_98' title='bbox 459 1461 677 1513; x_wconf 79' lang='lat' dir='ltr'><strong>operam</strong></span> <span class='ocrx_word' id='word_1_99' title='bbox 713 1445 938 1512; x_wconf 86' lang='lat' dir='ltr'><strong>dabant,</strong></span> <span class='ocrx_word' id='word_1_100' title='bbox 961 1463 1026 1503; x_wconf 90' lang='lat' dir='ltr'><strong>ac</strong></span> <span class='ocrx_word' id='word_1_101' title='bbox 1046 1449 1188 1504; x_wconf 89' lang='lat' dir='ltr'><strong>alius</strong></span> <span class='ocrx_word' id='word_1_102' title='bbox 1220 1465 1346 1505; x_wconf 85' lang='lat' dir='ltr'><strong>cum</strong></span> <span class='ocrx_word' id='word_1_103' title='bbox 1383 1451 1492 1506; x_wconf 90' lang='lat' dir='ltr'><strong>alio</strong></span> <span class='ocrx_word' id='word_1_104' title='bbox 1523 1452 1876 1508; x_wconf 87' lang='lat' dir='ltr'><strong>tabernacula</strong></span> <span class='ocrx_word' id='word_1_105' title='bbox 1904 1460 2027 1521; x_wconf 87' lang='lat' dir='ltr'><strong>apte</strong></span> 
     </span>
    </p>
   </div>
   <div class='ocr_carea' id='block_1_18' title="bbox 459 1536 2029 1612">
    <p class='ocr_par' dir='ltr' id='par_1_18' title="bbox 459 1536 2029 1612">
     <span class='ocr_line' id='line_1_18' title="bbox 459 1536 2029 1612; baseline 0.008 -26"><span class='ocrx_word' id='word_1_106' title='bbox 459 1536 796 1600; x_wconf 70' lang='lat' dir='ltr'><strong>conﬁciebat,</strong></span> <span class='ocrx_word' id='word_1_107' title='bbox 826 1539 970 1594; x_wconf 88' lang='lat' dir='ltr'><strong>alius</strong></span> <span class='ocrx_word' id='word_1_108' title='bbox 1003 1554 1128 1595; x_wconf 90' lang='lat' dir='ltr'><strong>cum</strong></span> <span class='ocrx_word' id='word_1_109' title='bbox 1157 1541 1303 1607; x_wconf 88' lang='lat' dir='ltr'><strong>aliis,</strong></span> <span class='ocrx_word' id='word_1_110' title='bbox 1336 1557 1459 1611; x_wconf 85' lang='lat' dir='ltr'><strong>quae</strong></span> <span class='ocrx_word' id='word_1_111' title='bbox 1487 1542 1556 1598; x_wconf 87' lang='lat' dir='ltr'><strong>ad</strong></span> <span class='ocrx_word' id='word_1_112' title='bbox 1584 1543 1783 1599; x_wconf 78' lang='lat' dir='ltr'><strong>festum</strong></span> <span class='ocrx_word' id='word_1_113' title='bbox 1812 1553 2029 1612; x_wconf 78' lang='lat' dir='ltr'><strong>specta-</strong></span> 
     </span>
    </p>
   </div>
   <div class='ocr_carea' id='block_1_19' title="bbox 462 1632 2026 1705">
    <p class='ocr_par' dir='ltr' id='par_1_19' title="bbox 462 1632 2026 1705">
     <span class='ocr_line' id='line_1_19' title="bbox 462 1632 2026 1705; baseline 0.004 -22"><span class='ocrx_word' id='word_1_114' title='bbox 462 1640 602 1691; x_wconf 81' lang='lat' dir='ltr'><strong>rent,</strong></span> <span class='ocrx_word' id='word_1_115' title='bbox 636 1632 965 1701; x_wconf 88' lang='lat' dir='ltr'><strong>instruebat,</strong></span> <span class='ocrx_word' id='word_1_116' title='bbox 997 1633 1150 1700; x_wconf 73' lang='lat' dir='ltr'><strong>alius</strong></span> <span class='ocrx_word' id='word_1_117' title='bbox 1200 1644 1383 1690; x_wconf 86' lang='lat' dir='ltr'><strong>autem</strong></span> <span class='ocrx_word' id='word_1_118' title='bbox 1424 1651 1618 1692; x_wconf 84' lang='lat' dir='ltr'><strong>rursus</strong></span> <span class='ocrx_word' id='word_1_119' title='bbox 1667 1636 1737 1692; x_wconf 90' lang='lat' dir='ltr'><strong>ad</strong></span> <span class='ocrx_word' id='word_1_120' title='bbox 1791 1636 2026 1705; x_wconf 86' lang='lat' dir='ltr'><strong>piscium</strong></span> 
     </span>
    </p>
   </div>
   <div class='ocr_carea' id='block_1_20' title="bbox 461 1727 2033 1799">
    <p class='ocr_par' dir='ltr' id='par_1_20' title="bbox 461 1727 2033 1799">
     <span class='ocr_line' id='line_1_20' title="bbox 461 1727 2033 1799; baseline 0.003 -22"><span class='ocrx_word' id='word_1_121' title='bbox 461 1739 794 1793; x_wconf 83' lang='lat' dir='ltr'><strong>pecoruntve</strong></span> <span class='ocrx_word' id='word_1_122' title='bbox 819 1735 1104 1795; x_wconf 84' lang='lat' dir='ltr'><strong>capturam</strong></span> <span class='ocrx_word' id='word_1_123' title='bbox 1136 1727 1428 1794; x_wconf 87' lang='lat' dir='ltr'><strong>invitabat,</strong></span> <span class='ocrx_word' id='word_1_124' title='bbox 1464 1737 1634 1799; x_wconf 89' lang='lat' dir='ltr'><strong>atque</strong></span> <span class='ocrx_word' id='word_1_125' title='bbox 1667 1736 1730 1784; x_wconf 89' lang='lat' dir='ltr'><strong>ut</strong></span> <span class='ocrx_word' id='word_1_126' title='bbox 1758 1729 1926 1784; x_wconf 86' lang='lat' dir='ltr'><strong>verbo</strong></span> <span class='ocrx_word' id='word_1_127' title='bbox 1951 1728 2033 1782; x_wconf 89' lang='lat' dir='ltr'><strong>di—</strong></span> 
     </span>
    </p>
   </div>
   <div class='ocr_carea' id='block_1_21' title="bbox 2120 440 3766 514">
    <p class='ocr_par' dir='ltr' id='par_1_21' title="bbox 2120 440 3766 514">
     <span class='ocr_line' id='line_1_21' title="bbox 2120 440 3766 514; baseline -0.002 -19"><span class='ocrx_word' id='word_1_128' title='bbox 2120 443 2416 513; x_wconf 71' lang='grc' dir='ltr'>ἑϐδομάδος</span> <span class='ocrx_word' id='word_1_129' title='bbox 2458 443 2552 497; x_wconf 88' lang='grc' dir='ltr'><strong>τοῦ</strong></span> <span class='ocrx_word' id='word_1_130' title='bbox 2605 443 2894 514; x_wconf 82' lang='grc' dir='ltr'>Κυριακοῦ</span> <span class='ocrx_word' id='word_1_131' title='bbox 2930 443 3162 509; x_wconf 79' lang='grc' dir='ltr'><strong>πάθους,</strong></span> <span class='ocrx_word' id='word_1_132' title='bbox 3219 441 3447 497; x_wconf 74' lang='grc' dir='ltr'>καὶτῶν</span> <span class='ocrx_word' id='word_1_133' title='bbox 3472 440 3766 509; x_wconf 75' lang='grc' dir='ltr'>ἀνέμων</span> 
     </span>
    </p>
   </div>
   <div class='ocr_carea' id='block_1_22' title="bbox 2121 535 3760 608">
    <p class='ocr_par' dir='ltr' id='par_1_22' title="bbox 2121 535 3760 608">
     <span class='ocr_line' id='line_1_22' title="bbox 2121 535 3760 608; baseline 0.004 -20"><span class='ocrx_word' id='word_1_134' title='bbox 2121 538 2383 590; x_wconf 73' lang='grc' dir='ltr'><strong>ἐναντίων</strong></span> <span class='ocrx_word' id='word_1_135' title='bbox 2431 538 2789 608; x_wconf 80' lang='grc' dir='ltr'>ὑπαρχόντων</span> <span class='ocrx_word' id='word_1_136' title='bbox 2855 539 2994 607; x_wconf 80' lang='grc' dir='ltr'>πρὸς</span> <span class='ocrx_word' id='word_1_137' title='bbox 3026 537 3119 592; x_wconf 74' lang='grc' dir='ltr'>τὸν</span> <span class='ocrx_word' id='word_1_138' title='bbox 3143 537 3266 590; x_wconf 80' lang='grc' dir='ltr'>καθ’</span> <span class='ocrx_word' id='word_1_139' title='bbox 3297 537 3449 606; x_wconf 78' lang='grc' dir='ltr'>ἡμᾶς</span> <span class='ocrx_word' id='word_1_140' title='bbox 3498 535 3760 594; x_wconf 75' lang='grc' dir='ltr'>πλοῦν.</span> 
     </span>
    </p>
   </div>
   <div class='ocr_carea' id='block_1_23' title="bbox 2122 625 3760 700">
    <p class='ocr_par' dir='ltr' id='par_1_23' title="bbox 2122 625 3760 700">
     <span class='ocr_line' id='line_1_23' title="bbox 2122 625 3760 700; baseline -0.004 -19"><span class='ocrx_word' id='word_1_141' title='bbox 2122 629 2490 700; x_wconf 65' lang='grc' dir='ltr'><strong>ἐκκλησιάσας</strong></span> <span class='ocrx_word' id='word_1_142' title='bbox 2518 629 2611 683; x_wconf 76' lang='grc' dir='ltr'>τὸν</span> <span class='ocrx_word' id='word_1_143' title='bbox 2633 630 2796 685; x_wconf 85' lang='grc' dir='ltr'>αὐτοῦ</span> <span class='ocrx_word' id='word_1_144' title='bbox 2828 633 3049 685; x_wconf 76' lang='grc' dir='ltr'>ἅπαντα</span> <span class='ocrx_word' id='word_1_145' title='bbox 3078 629 3308 698; x_wconf 81' lang='grc' dir='ltr'>στρατὸν</span> <span class='ocrx_word' id='word_1_146' title='bbox 3333 625 3760 696; x_wconf 80' lang='grc' dir='ltr'>προδιελέχθη</span> 
     </span>
    </p>
   </div>
   <div class='ocr_carea' id='block_1_24' title="bbox 2122 714 3759 793">
    <p class='ocr_par' dir='ltr' id='par_1_24' title="bbox 2122 714 3759 793">
     <span class='ocr_line' id='line_1_24' title="bbox 2122 714 3759 793; baseline -0.004 -18"><span class='ocrx_word' id='word_1_147' title='bbox 2122 724 2152 775; x_wconf 99' lang='lat'><strong>6</strong></span> <span class='ocrx_word' id='word_1_148' title='bbox 2177 722 2506 792; x_wconf 80' lang='grc' dir='ltr'><strong>πανάριστος</strong></span> <span class='ocrx_word' id='word_1_149' title='bbox 2539 714 2694 786; x_wconf 75' lang='grc' dir='ltr'>οὗτος</span> <span class='ocrx_word' id='word_1_150' title='bbox 2722 722 2881 791; x_wconf 78' lang='grc' dir='ltr'>ἀνὴρ,</span> <span class='ocrx_word' id='word_1_151' title='bbox 2919 722 3164 793; x_wconf 77' lang='grc' dir='ltr'>ῥᾴθυμον</span> <span class='ocrx_word' id='word_1_152' title='bbox 3203 720 3408 791; x_wconf 82' lang='grc' dir='ltr'>μηδένα</span> <span class='ocrx_word' id='word_1_153' title='bbox 3431 715 3621 781; x_wconf 78' lang='grc' dir='ltr'>εἶναι,</span> <span class='ocrx_word' id='word_1_154' title='bbox 3672 717 3759 768; x_wconf 69' lang='grc' dir='ltr'>τὸ</span> 
     </span>
    </p>
   </div>
   <div class='ocr_carea' id='block_1_25' title="bbox 2123 807 3758 882">
    <p class='ocr_par' dir='ltr' id='par_1_25' title="bbox 2123 807 3758 882">
     <span class='ocr_line' id='line_1_25' title="bbox 2123 807 3758 882; baseline -0.004 -16"><span class='ocrx_word' id='word_1_155' title='bbox 2123 813 2180 866; x_wconf 80' lang='grc' dir='ltr'>δὲ</span> <span class='ocrx_word' id='word_1_156' title='bbox 2209 815 2398 867; x_wconf 72' lang='grc' dir='ltr'>λοιπὸν</span> <span class='ocrx_word' id='word_1_157' title='bbox 2427 815 2521 867; x_wconf 88' lang='grc' dir='ltr'><strong>τοῦ</strong></span> <span class='ocrx_word' id='word_1_158' title='bbox 2549 814 2680 867; x_wconf 89' lang='grc' dir='ltr'>ναοῦ</span> <span class='ocrx_word' id='word_1_159' title='bbox 2709 813 2996 882; x_wconf 86' lang='grc' dir='ltr'>καθαίρειν</span> <span class='ocrx_word' id='word_1_160' title='bbox 3034 813 3184 866; x_wconf 77' lang='grc' dir='ltr'>ἅπαν</span> <span class='ocrx_word' id='word_1_161' title='bbox 3205 851 3220 875; x_wconf 89' lang='grc'><strong>,</strong></span> <span class='ocrx_word' id='word_1_162' title='bbox 3256 811 3352 864; x_wconf 79' lang='grc' dir='ltr'>καὶ</span> <span class='ocrx_word' id='word_1_163' title='bbox 3378 810 3437 863; x_wconf 78' lang='grc' dir='ltr'>τὸ</span> <span class='ocrx_word' id='word_1_164' title='bbox 3469 811 3526 862; x_wconf 84' lang='grc' dir='ltr'>ὲν</span> <span class='ocrx_word' id='word_1_165' title='bbox 3547 807 3758 876; x_wconf 79' lang='grc' dir='ltr'>αὐτῷ</span> 
     </span>
    </p>
   </div>
   <div class='ocr_carea' id='block_1_26' title="bbox 2125 900 3751 978">
    <p class='ocr_par' dir='ltr' id='par_1_26' title="bbox 2125 900 3751 978">
     <span class='ocr_line' id='line_1_26' title="bbox 2125 900 3751 978; baseline -0.004 -19"><span class='ocrx_word' id='word_1_166' title='bbox 2125 905 2416 977; x_wconf 86' lang='grc' dir='ltr'>γενόμενον</span> <span class='ocrx_word' id='word_1_167' title='bbox 2441 907 2595 972; x_wconf 78' lang='grc' dir='ltr'>ἅγιον</span> <span class='ocrx_word' id='word_1_168' title='bbox 2624 907 2908 978; x_wconf 77' lang='grc' dir='ltr'><strong>βάπτισμα</strong></span> <span class='ocrx_word' id='word_1_169' title='bbox 2939 907 3037 959; x_wconf 73' lang='grc' dir='ltr'>καὶ</span> <span class='ocrx_word' id='word_1_170' title='bbox 3061 905 3272 966; x_wconf 85' lang='grc' dir='ltr'>πάντας</span> <span class='ocrx_word' id='word_1_171' title='bbox 3302 900 3751 969; x_wconf 75' lang='grc' dir='ltr'>ἐτοιμασθῆναι</span> 
     </span>
    </p>
   </div>
   <div class='ocr_carea' id='block_1_27' title="bbox 2131 989 3751 1071">
    <p class='ocr_par' dir='ltr' id='par_1_27' title="bbox 2131 989 3751 1071">
     <span class='ocr_line' id='line_1_27' title="bbox 2131 989 3751 1071; baseline -0.012 -8"><span class='ocrx_word' id='word_1_172' title='bbox 2131 997 2316 1062; x_wconf 80' lang='grc' dir='ltr'><strong>ἀξίους</strong></span> <span class='ocrx_word' id='word_1_173' title='bbox 2342 999 2440 1066; x_wconf 79' lang='grc' dir='ltr'>τῆς</span> <span class='ocrx_word' id='word_1_174' title='bbox 2466 999 2627 1067; x_wconf 83' lang='grc' dir='ltr'>ἁγίας</span> <span class='ocrx_word' id='word_1_175' title='bbox 2665 996 2902 1071; x_wconf 77' lang='grc' dir='ltr'>Χριστοῦ</span> <span class='ocrx_word' id='word_1_176' title='bbox 2939 997 3317 1067; x_wconf 76' lang='grc' dir='ltr'>ἀναμνήσεως,</span> <span class='ocrx_word' id='word_1_177' title='bbox 3348 995 3421 1056; x_wconf 85' lang='grc' dir='ltr'>ὡς</span> <span class='ocrx_word' id='word_1_178' title='bbox 3449 993 3518 1046; x_wconf 74' lang='grc' dir='ltr'><strong>τά</strong></span> <span class='ocrx_word' id='word_1_179' title='bbox 3556 989 3751 1044; x_wconf 74' lang='grc' dir='ltr'>κατὰ</span> 
     </span>
    </p>
   </div>
   <div class='ocr_carea' id='block_1_28' title="bbox 2130 1083 3746 1161">
    <p class='ocr_par' dir='ltr' id='par_1_28' title="bbox 2130 1083 3746 1161">
     <span class='ocr_line' id='line_1_28' title="bbox 2130 1083 3746 1161; baseline -0.005 -17"><span class='ocrx_word' id='word_1_180' title='bbox 2130 1089 2335 1161; x_wconf 79' lang='grc' dir='ltr'><strong>συνήθη</strong></span> <span class='ocrx_word' id='word_1_181' title='bbox 2369 1092 2470 1161; x_wconf 81' lang='grc' dir='ltr'>τῆς</span> <span class='ocrx_word' id='word_1_182' title='bbox 2516 1093 2710 1161; x_wconf 78' lang='grc' dir='ltr'>ἑορτῆς</span> <span class='ocrx_word' id='word_1_183' title='bbox 2761 1091 3137 1161; x_wconf 79' lang='grc' dir='ltr'>ἐκπληρῶσαι,</span> <span class='ocrx_word' id='word_1_184' title='bbox 3184 1087 3278 1141; x_wconf 76' lang='grc' dir='ltr'><strong>καὶ</strong></span> <span class='ocrx_word' id='word_1_185' title='bbox 3313 1086 3410 1154; x_wconf 78' lang='grc' dir='ltr'>τῆς</span> <span class='ocrx_word' id='word_1_186' title='bbox 3439 1083 3746 1137; x_wconf 70' lang='grc' dir='ltr'>τοιαῦτ-τῖε</span> 
     </span>
    </p>
   </div>
   <div class='ocr_carea' id='block_1_29' title="bbox 2129 1184 3754 1254">
    <p class='ocr_par' dir='ltr' id='par_1_29' title="bbox 2129 1184 3754 1254">
     <span class='ocr_line' id='line_1_29' title="bbox 2129 1184 3754 1254; baseline -0.004 -14"><span class='ocrx_word' id='word_1_187' title='bbox 2129 1186 2312 1249; x_wconf 83' lang='grc' dir='ltr'>αὐτοῖς</span> <span class='ocrx_word' id='word_1_188' title='bbox 2338 1186 2619 1248; x_wconf 79' lang='grc' dir='ltr'>διαλαλιᾶς</span> <span class='ocrx_word' id='word_1_189' title='bbox 2653 1186 2821 1240; x_wconf 70' lang='grc' dir='ltr'>πᾶσιν</span> <span class='ocrx_word' id='word_1_190' title='bbox 2852 1184 3158 1254; x_wconf 81' lang='grc' dir='ltr'>καταδήλου</span> <span class='ocrx_word' id='word_1_191' title='bbox 3215 1185 3539 1252; x_wconf 76' lang='grc' dir='ltr'>γενομένης,</span> <span class='ocrx_word' id='word_1_192' title='bbox 3574 1200 3754 1250; x_wconf 73' lang='grc' dir='ltr'>προ-</span> 
     </span>
    </p>
   </div>
   <div class='ocr_carea' id='block_1_30' title="bbox 2129 1274 3747 1348">
    <p class='ocr_par' dir='ltr' id='par_1_30' title="bbox 2129 1274 3747 1348">
     <span class='ocr_line' id='line_1_30' title="bbox 2129 1274 3747 1348; baseline -0.002 -17"><span class='ocrx_word' id='word_1_193' title='bbox 2129 1277 2318 1348; x_wconf 74' lang='grc' dir='ltr'>θύμως</span> <span class='ocrx_word' id='word_1_194' title='bbox 2358 1277 2460 1347; x_wconf 84' lang='grc' dir='ltr'>τῆς</span> <span class='ocrx_word' id='word_1_195' title='bbox 2490 1277 2810 1348; x_wconf 78' lang='grc' dir='ltr'>καθάρσεως</span> <span class='ocrx_word' id='word_1_196' title='bbox 2841 1275 2937 1330; x_wconf 91' lang='grc' dir='ltr'><strong>τοῦ</strong></span> <span class='ocrx_word' id='word_1_197' title='bbox 2972 1274 3102 1329; x_wconf 71' lang='grc' dir='ltr'>ναοῦ</span> <span class='ocrx_word' id='word_1_198' title='bbox 3155 1278 3250 1330; x_wconf 80' lang='grc' dir='ltr'>καὶ</span> <span class='ocrx_word' id='word_1_199' title='bbox 3280 1275 3374 1328; x_wconf 88' lang='grc' dir='ltr'><strong>τοῦ</strong></span> <span class='ocrx_word' id='word_1_200' title='bbox 3415 1277 3577 1343; x_wconf 83' lang='grc' dir='ltr'>ἁγίου</span> <span class='ocrx_word' id='word_1_201' title='bbox 3620 1277 3747 1344; x_wconf 70' lang='grc' dir='ltr'><strong>βα-</strong></span> 
     </span>
    </p>
   </div>
   <div class='ocr_carea' id='block_1_31' title="bbox 2131 1368 3748 1441">
    <p class='ocr_par' dir='ltr' id='par_1_31' title="bbox 2131 1368 3748 1441">
     <span class='ocr_line' id='line_1_31' title="bbox 2131 1368 3748 1441; baseline -0.004 -16"><span class='ocrx_word' id='word_1_202' title='bbox 2131 1373 2434 1441; x_wconf 83' lang='grc' dir='ltr'>πτίσματος</span> <span class='ocrx_word' id='word_1_203' title='bbox 2462 1371 2812 1440; x_wconf 76' lang='grc' dir='ltr'>ἠγωνίζοντο,</span> <span class='ocrx_word' id='word_1_204' title='bbox 2843 1370 2937 1423; x_wconf 67' lang='grc' dir='ltr'><strong>καὶ</strong></span> <span class='ocrx_word' id='word_1_205' title='bbox 2970 1369 3130 1431; x_wconf 78' lang='grc' dir='ltr'>ἄλλος</span> <span class='ocrx_word' id='word_1_206' title='bbox 3164 1369 3284 1436; x_wconf 83' lang='grc' dir='ltr'>μετ’</span> <span class='ocrx_word' id='word_1_207' title='bbox 3310 1368 3471 1424; x_wconf 70' lang='grc' dir='ltr'>ἀλλου</span> <span class='ocrx_word' id='word_1_208' title='bbox 3509 1384 3748 1436; x_wconf 80' lang='grc' dir='ltr'>σκηνο-</span> 
     </span>
    </p>
   </div>
   <div class='ocr_carea' id='block_1_32' title="bbox 2132 1457 3743 1532">
    <p class='ocr_par' dir='ltr' id='par_1_32' title="bbox 2132 1457 3743 1532">
     <span class='ocr_line' id='line_1_32' title="bbox 2132 1457 3743 1532; baseline -0.006 -14"><span class='ocrx_word' id='word_1_209' title='bbox 2132 1463 2304 1518; x_wconf 83' lang='grc' dir='ltr'>ποιῶν</span> <span class='ocrx_word' id='word_1_210' title='bbox 2328 1463 2582 1526; x_wconf 78' lang='grc' dir='ltr'>εὐθέτως,</span> <span class='ocrx_word' id='word_1_211' title='bbox 2616 1462 2775 1525; x_wconf 80' lang='grc' dir='ltr'>ἄλλος</span> <span class='ocrx_word' id='word_1_212' title='bbox 2811 1461 3155 1532; x_wconf 75' lang='grc' dir='ltr'>εὖτρεπίζων</span> <span class='ocrx_word' id='word_1_213' title='bbox 3190 1460 3332 1531; x_wconf 72' lang='grc' dir='ltr'>μετὰ</span> <span class='ocrx_word' id='word_1_214' title='bbox 3355 1459 3462 1512; x_wconf 81' lang='grc' dir='ltr'>τῶν</span> <span class='ocrx_word' id='word_1_215' title='bbox 3501 1457 3743 1526; x_wconf 79' lang='grc' dir='ltr'>ἑτέρων</span> 
     </span>
    </p>
   </div>
   <div class='ocr_carea' id='block_1_33' title="bbox 2131 1549 3742 1626">
    <p class='ocr_par' dir='ltr' id='par_1_33' title="bbox 2131 1549 3742 1626">
     <span class='ocr_line' id='line_1_33' title="bbox 2131 1549 3742 1626; baseline -0.006 -17"><span class='ocrx_word' id='word_1_216' title='bbox 2131 1555 2200 1609; x_wconf 80' lang='grc' dir='ltr'><strong>τὰ</strong></span> <span class='ocrx_word' id='word_1_217' title='bbox 2221 1555 2322 1624; x_wconf 84' lang='grc' dir='ltr'>τῆς</span> <span class='ocrx_word' id='word_1_218' title='bbox 2357 1555 2573 1626; x_wconf 75' lang='grc' dir='ltr'>ἑορτῆς,</span> <span class='ocrx_word' id='word_1_219' title='bbox 2604 1554 2793 1624; x_wconf 71' lang='grc' dir='ltr'>ἕτερος</span> <span class='ocrx_word' id='word_1_220' title='bbox 2823 1553 2880 1606; x_wconf 80' lang='grc' dir='ltr'>δὲ</span> <span class='ocrx_word' id='word_1_221' title='bbox 2911 1554 3073 1607; x_wconf 86' lang='grc' dir='ltr'>πάλιν</span> <span class='ocrx_word' id='word_1_222' title='bbox 3130 1551 3266 1622; x_wconf 68' lang='grc' dir='ltr'>πρὸς</span> <span class='ocrx_word' id='word_1_223' title='bbox 3299 1549 3477 1620; x_wconf 77' lang='grc' dir='ltr'>ἄγραν</span> <span class='ocrx_word' id='word_1_224' title='bbox 3507 1549 3742 1618; x_wconf 75' lang='grc' dir='ltr'>ἰχθύων</span> 
     </span>
    </p>
   </div>
   <div class='ocr_carea' id='block_1_34' title="bbox 2133 1639 3734 1717">
    <p class='ocr_par' dir='ltr' id='par_1_34' title="bbox 2133 1639 3734 1717">
     <span class='ocr_line' id='line_1_34' title="bbox 2133 1639 3734 1717; baseline -0.006 -16"><span class='ocrx_word' id='word_1_225' title='bbox 2133 1647 2164 1717; x_wconf 80' lang='grc' dir='ltr'>ἢ</span> <span class='ocrx_word' id='word_1_226' title='bbox 2201 1647 2296 1702; x_wconf 75' lang='grc' dir='ltr'>καὶ</span> <span class='ocrx_word' id='word_1_227' title='bbox 2321 1647 2538 1716; x_wconf 84' lang='grc' dir='ltr'>κτηνῶν</span> <span class='ocrx_word' id='word_1_228' title='bbox 2555 1645 2970 1715; x_wconf 78' lang='grc' dir='ltr'>προσεκαλεῖτο,</span> <span class='ocrx_word' id='word_1_229' title='bbox 2996 1643 3094 1698; x_wconf 68' lang='grc' dir='ltr'><strong>καὶ</strong></span> <span class='ocrx_word' id='word_1_230' title='bbox 3120 1642 3308 1704; x_wconf 79' lang='grc' dir='ltr'>ἁπλῶς</span> <span class='ocrx_word' id='word_1_231' title='bbox 3331 1642 3538 1705; x_wconf 83' lang='grc' dir='ltr'>πάντες</span> <span class='ocrx_word' id='word_1_232' title='bbox 3566 1639 3734 1694; x_wconf 65' lang='grc' dir='ltr'>κατὰ</span> 
     </span>
    </p>
   </div>
   <div class='ocr_carea' id='block_1_35' title="bbox 2136 1731 3734 1808">
    <p class='ocr_par' dir='ltr' id='par_1_35' title="bbox 2136 1731 3734 1808">
     <span class='ocr_line' id='line_1_35' title="bbox 2136 1731 3734 1808; baseline -0.007 -17"><span class='ocrx_word' id='word_1_233' title='bbox 2136 1739 2199 1791; x_wconf 69' lang='grc' dir='ltr'>τὸ</span> <span class='ocrx_word' id='word_1_234' title='bbox 2229 1737 2442 1808; x_wconf 79' lang='grc' dir='ltr'>ἑκάστῳ</span> <span class='ocrx_word' id='word_1_235' title='bbox 2471 1735 2685 1803; x_wconf 82' lang='grc' dir='ltr'>δοκοῦν,</span> <span class='ocrx_word' id='word_1_236' title='bbox 2722 1738 2801 1800; x_wconf 83' lang='grc' dir='ltr'><strong>είς</strong></span> <span class='ocrx_word' id='word_1_237' title='bbox 2824 1739 2890 1790; x_wconf 62' lang='grc' dir='ltr'>τᾶ</span> <span class='ocrx_word' id='word_1_238' title='bbox 2921 1735 3048 1802; x_wconf 77' lang='grc' dir='ltr'>ἑξῆς</span> <span class='ocrx_word' id='word_1_239' title='bbox 3076 1735 3145 1788; x_wconf 76' lang='grc' dir='ltr'>τὰ</span> <span class='ocrx_word' id='word_1_240' title='bbox 3166 1735 3264 1805; x_wconf 80' lang='grc' dir='ltr'>τῆς</span> <span class='ocrx_word' id='word_1_241' title='bbox 3295 1733 3491 1804; x_wconf 79' lang='grc' dir='ltr'>ἑορτῆς</span> <span class='ocrx_word' id='word_1_242' title='bbox 3521 1731 3734 1800; x_wconf 65' lang='lat' dir='ltr'><strong>surpe-</strong></span> 
     </span>
    </p>
   </div>
   <div class='ocr_carea' id='block_1_36' title="bbox 464 1816 2051 1899">
    <p class='ocr_par' dir='ltr' id='par_1_36' title="bbox 464 1816 2034 1891">
     <span class='ocr_line' id='line_1_36' title="bbox 464 1816 2034 1891; baseline 0.006 -24"><span class='ocrx_word' id='word_1_243' title='bbox 464 1831 606 1882; x_wconf 67' lang='lat' dir='ltr'><strong>eam,</strong></span> <span class='ocrx_word' id='word_1_244' title='bbox 639 1816 906 1883; x_wconf 78' lang='lat' dir='ltr'><strong>universi,</strong></span> <span class='ocrx_word' id='word_1_245' title='bbox 955 1827 1120 1888; x_wconf 90' lang='lat' dir='ltr'><strong>prout</strong></span> <span class='ocrx_word' id='word_1_246' title='bbox 1167 1821 1402 1890; x_wconf 79' lang='lat' dir='ltr'><strong>singulis</strong></span> <span class='ocrx_word' id='word_1_247' title='bbox 1446 1821 1759 1886; x_wconf 80' lang='lat' dir='ltr'><strong>videbatur,</strong></span> <span class='ocrx_word' id='word_1_248' title='bbox 1811 1835 1933 1891; x_wconf 64' lang='lat' dir='ltr'><strong>qure</strong></span> <span class='ocrx_word' id='word_1_249' title='bbox 1965 1821 2034 1877; x_wconf 83' lang='lat' dir='ltr'><strong>ad</strong></span> 
     </span>
    </p>
   </div>
   <div class='ocr_carea' id='block_1_37' title="bbox 2154 1816 3732 1899">
    <p class='ocr_par' dir='ltr' id='par_1_37' title="bbox 2154 1822 3732 1899">
     <span class='ocr_line' id='line_1_37' title="bbox 2154 1822 3732 1899; baseline -0.006 -16"><span class='ocrx_word' id='word_1_250' title='bbox 2154 1829 2323 1893; x_wconf 75' lang='grc' dir='ltr'>τίζειν</span> <span class='ocrx_word' id='word_1_251' title='bbox 2347 1828 2594 1899; x_wconf 72' lang='grc' dir='ltr'>ἤλπιζον,</span> <span class='ocrx_word' id='word_1_252' title='bbox 2650 1828 2707 1881; x_wconf 72' lang='grc' dir='ltr'>ἐν</span> <span class='ocrx_word' id='word_1_253' title='bbox 2738 1828 2929 1898; x_wconf 72' lang='grc' dir='ltr'>ἀγνοίᾳ.</span> <span class='ocrx_word' id='word_1_254' title='bbox 2959 1827 3180 1880; x_wconf 90' lang='grc' dir='ltr'>πάντων</span> <span class='ocrx_word' id='word_1_255' title='bbox 3239 1825 3414 1878; x_wconf 75' lang='grc' dir='ltr'>ὄντων</span> <span class='ocrx_word' id='word_1_256' title='bbox 3439 1822 3536 1876; x_wconf 87' lang='grc' dir='ltr'><strong>τοῦ</strong></span> <span class='ocrx_word' id='word_1_257' title='bbox 3567 1822 3732 1875; x_wconf 76' lang='grc' dir='ltr'>κατά</span> 
     </span>
    </p>
   </div>
   <div class='ocr_carea' id='block_1_38' title="bbox 467 1907 2051 1990">
    <p class='ocr_par' dir='ltr' id='par_1_38' title="bbox 467 1907 2034 1984">
     <span class='ocr_line' id='line_1_38' title="bbox 467 1907 2034 1984; baseline 0.007 -25"><span class='ocrx_word' id='word_1_258' title='bbox 467 1907 666 1963; x_wconf 83' lang='lat' dir='ltr'><strong>festum</strong></span> <span class='ocrx_word' id='word_1_259' title='bbox 699 1909 898 1966; x_wconf 88' lang='lat' dir='ltr'><strong>deinde</strong></span> <span class='ocrx_word' id='word_1_260' title='bbox 927 1912 1321 1968; x_wconf 89' lang='lat' dir='ltr'><strong>celebrandum</strong></span> <span class='ocrx_word' id='word_1_261' title='bbox 1353 1920 1692 1984; x_wconf 89' lang='lat' dir='ltr'><strong>spectarent,</strong></span> <span class='ocrx_word' id='word_1_262' title='bbox 1721 1927 2034 1984; x_wconf 67' lang='lat' dir='ltr'><strong>praeparare</strong></span> 
     </span>
    </p>
   </div>
   <div class='ocr_carea' id='block_1_39' title="bbox 2154 1907 3729 1990">
    <p class='ocr_par' dir='ltr' id='par_1_39' title="bbox 2154 1910 3729 1990">
     <span class='ocr_line' id='line_1_39' title="bbox 2154 1910 3729 1990; baseline -0.006 -17"><span class='ocrx_word' id='word_1_263' title='bbox 2154 1920 2237 1990; x_wconf 76' lang='grc' dir='ltr'>τὴν</span> <span class='ocrx_word' id='word_1_264' title='bbox 2255 1920 2480 1989; x_wconf 83' lang='grc' dir='ltr'>γνώμην</span> <span class='ocrx_word' id='word_1_265' title='bbox 2514 1917 2611 1971; x_wconf 90' lang='grc' dir='ltr'><strong>τοῦ</strong></span> <span class='ocrx_word' id='word_1_266' title='bbox 2638 1916 2968 1987; x_wconf 76' lang='grc' dir='ltr'>λελεγμένου</span> <span class='ocrx_word' id='word_1_267' title='bbox 2993 1915 3212 1984; x_wconf 76' lang='grc' dir='ltr'>Κοὺϐερ</span> <span class='ocrx_word' id='word_1_268' title='bbox 3239 1914 3336 1966; x_wconf 70' lang='grc' dir='ltr'><strong>καὶ</strong></span> <span class='ocrx_word' id='word_1_269' title='bbox 3356 1911 3452 1965; x_wconf 87' lang='grc' dir='ltr'><strong>τοῦ</strong></span> <span class='ocrx_word' id='word_1_270' title='bbox 3482 1910 3729 1980; x_wconf 75' lang='grc' dir='ltr'>Μαύρου</span> 
     </span>
    </p>
   </div>
   <div class='ocr_carea' id='block_1_40' title="bbox 467 2001 2051 2075">
    <p class='ocr_par' dir='ltr' id='par_1_40' title="bbox 467 2001 2038 2075">
     <span class='ocr_line' id='line_1_40' title="bbox 467 2001 2038 2075; baseline 0.003 -22"><span class='ocrx_word' id='word_1_271' title='bbox 467 2015 589 2054; x_wconf 82' lang='lat' dir='ltr'><strong>sese</strong></span> <span class='ocrx_word' id='word_1_272' title='bbox 618 2001 1030 2068; x_wconf 87' lang='lat' dir='ltr'><strong>existimabant,</strong></span> <span class='ocrx_word' id='word_1_273' title='bbox 1065 2004 1195 2058; x_wconf 92' lang='lat' dir='ltr'><strong>dum</strong></span> <span class='ocrx_word' id='word_1_274' title='bbox 1231 2020 1427 2061; x_wconf 89' lang='lat' dir='ltr'><strong>omnes</strong></span> <span class='ocrx_word' id='word_1_275' title='bbox 1452 2021 1572 2075; x_wconf 74' lang='lat' dir='ltr'><strong>qua:</strong></span> <span class='ocrx_word' id='word_1_276' title='bbox 1601 2005 1894 2075; x_wconf 58' lang='lat' dir='ltr'><strong>praedictus</strong></span> <span class='ocrx_word' id='word_1_277' title='bbox 1929 2006 2038 2058; x_wconf 88' lang='lat' dir='ltr'><strong>Cu-</strong></span> 
     </span>
    </p>
   </div>
   <div class='ocr_carea' id='block_1_41' title="bbox 2154 2001 3731 2075">
    <p class='ocr_par' dir='ltr' id='par_1_41' title="bbox 2154 2003 3731 2075">
     <span class='ocr_line' id='line_1_41' title="bbox 2154 2003 3731 2075; baseline -0.006 -9"><span class='ocrx_word' id='word_1_278' title='bbox 2154 2013 2236 2066; x_wconf 63' lang='lat' dir='ltr'><strong>rta!</strong></span> <span class='ocrx_word' id='word_1_279' title='bbox 2256 2012 2365 2065; x_wconf 84' lang='grc' dir='ltr'>τῶν</span> <span class='ocrx_word' id='word_1_280' title='bbox 2396 2012 2518 2064; x_wconf 84' lang='grc' dir='ltr'>κατ’</span> <span class='ocrx_word' id='word_1_281' title='bbox 2543 2008 2743 2071; x_wconf 83' lang='grc' dir='ltr'>αὐτοὺς</span> <span class='ocrx_word' id='word_1_282' title='bbox 2781 2006 3198 2075; x_wconf 72' lang='grc' dir='ltr'>ωμπνευστῶν.</span> <span class='ocrx_word' id='word_1_283' title='bbox 3226 2007 3320 2058; x_wconf 70' lang='grc' dir='ltr'>καὶ</span> <span class='ocrx_word' id='word_1_284' title='bbox 3357 2005 3423 2074; x_wconf 78' lang='grc' dir='ltr'>δὴ</span> <span class='ocrx_word' id='word_1_285' title='bbox 3454 2003 3592 2071; x_wconf 78' lang='grc' dir='ltr'>μετὰ</span> <span class='ocrx_word' id='word_1_286' title='bbox 3620 2004 3731 2071; x_wconf 74' lang='grc' dir='ltr'><strong>τὴν</strong></span> 
     </span>
    </p>
   </div>
   <div class='ocr_carea' id='block_1_42' title="bbox 471 2093 2051 2170">
    <p class='ocr_par' dir='ltr' id='par_1_42' title="bbox 471 2093 2038 2168">
     <span class='ocr_line' id='line_1_42' title="bbox 471 2093 2038 2168; baseline 0.005 -24"><span class='ocrx_word' id='word_1_287' title='bbox 471 2097 633 2147; x_wconf 83' lang='lat' dir='ltr'><strong>herus</strong></span> <span class='ocrx_word' id='word_1_288' title='bbox 671 2103 724 2148; x_wconf 90' lang='lat' dir='ltr'><strong>et</strong></span> <span class='ocrx_word' id='word_1_289' title='bbox 759 2093 1002 2161; x_wconf 83' lang='lat' dir='ltr'><strong>Maurus,</strong></span> <span class='ocrx_word' id='word_1_290' title='bbox 1037 2095 1207 2166; x_wconf 90' lang='lat' dir='ltr'><strong>iique,</strong></span> <span class='ocrx_word' id='word_1_291' title='bbox 1241 2098 1336 2167; x_wconf 86' lang='lat' dir='ltr'><strong>qui</strong></span> <span class='ocrx_word' id='word_1_292' title='bbox 1379 2113 1507 2153; x_wconf 91' lang='lat' dir='ltr'><strong>cum</strong></span> <span class='ocrx_word' id='word_1_293' title='bbox 1561 2098 1717 2153; x_wconf 90' lang='lat' dir='ltr'><strong>hisce</strong></span> <span class='ocrx_word' id='word_1_294' title='bbox 1745 2099 2038 2168; x_wconf 87' lang='lat' dir='ltr'><strong>conspira-</strong></span> 
     </span>
    </p>
   </div>
   <div class='ocr_carea' id='block_1_43' title="bbox 2154 2093 3727 2170">
    <p class='ocr_par' dir='ltr' id='par_1_43' title="bbox 2154 2093 3727 2170">
     <span class='ocr_line' id='line_1_43' title="bbox 2154 2093 3727 2170; baseline -0.006 -16"><span class='ocrx_word' id='word_1_295' title='bbox 2154 2101 2300 2155; x_wconf 76' lang='grc' dir='ltr'>θείαν</span> <span class='ocrx_word' id='word_1_296' title='bbox 2329 2099 2672 2170; x_wconf 87' lang='grc' dir='ltr'>λειτουργίαν</span> <span class='ocrx_word' id='word_1_297' title='bbox 2698 2098 2798 2166; x_wconf 73' lang='grc' dir='ltr'>τῆς</span> <span class='ocrx_word' id='word_1_298' title='bbox 2825 2097 2993 2166; x_wconf 79' lang='grc' dir='ltr'>αὐτῆς</span> <span class='ocrx_word' id='word_1_299' title='bbox 3032 2096 3191 2164; x_wconf 81' lang='grc' dir='ltr'>ἁγίας</span> <span class='ocrx_word' id='word_1_300' title='bbox 3225 2094 3508 2166; x_wconf 81' lang='grc' dir='ltr'>δευτέρας,</span> <span class='ocrx_word' id='word_1_301' title='bbox 3531 2094 3628 2146; x_wconf 74' lang='grc' dir='ltr'>καὶ</span> <span class='ocrx_word' id='word_1_302' title='bbox 3662 2093 3727 2145; x_wconf 76' lang='grc' dir='ltr'>τὸ</span> 
     </span>
    </p>
   </div>
   <div class='ocr_carea' id='block_1_44' title="bbox 471 2184 2051 2262">
    <p class='ocr_par' dir='ltr' id='par_1_44' title="bbox 471 2185 2038 2258">
     <span class='ocr_line' id='line_1_44' title="bbox 471 2185 2038 2258; baseline 0.001 -18"><span class='ocrx_word' id='word_1_303' title='bbox 471 2185 635 2252; x_wconf 87' lang='lat' dir='ltr'><strong>haut,</strong></span> <span class='ocrx_word' id='word_1_304' title='bbox 671 2186 725 2240; x_wconf 91' lang='lat' dir='ltr'><strong>in</strong></span> <span class='ocrx_word' id='word_1_305' title='bbox 773 2188 962 2242; x_wconf 87' lang='lat' dir='ltr'><strong>animo</strong></span> <span class='ocrx_word' id='word_1_306' title='bbox 1009 2187 1307 2255; x_wconf 82' lang='lat' dir='ltr'><strong>habebant,</strong></span> <span class='ocrx_word' id='word_1_307' title='bbox 1359 2189 1696 2258; x_wconf 78' lang='lat' dir='ltr'><strong>ignorarent.</strong></span> <span class='ocrx_word' id='word_1_308' title='bbox 1743 2189 2038 2258; x_wconf 84' lang='lat' dir='ltr'><strong>Postquam</strong></span> 
     </span>
    </p>
   </div>
   <div class='ocr_carea' id='block_1_45' title="bbox 2154 2184 3727 2262">
    <p class='ocr_par' dir='ltr' id='par_1_45' title="bbox 2154 2184 3727 2262">
     <span class='ocr_line' id='line_1_45' title="bbox 2154 2184 3727 2262; baseline -0.008 -14"><span class='ocrx_word' id='word_1_309' title='bbox 2154 2195 2426 2262; x_wconf 68' lang='grc' dir='ltr'>Βειπνῆσαι</span> <span class='ocrx_word' id='word_1_310' title='bbox 2481 2193 2709 2255; x_wconf 85' lang='grc' dir='ltr'>πάντας,</span> <span class='ocrx_word' id='word_1_311' title='bbox 2772 2190 2867 2242; x_wconf 73' lang='grc' dir='ltr'>καὶ</span> <span class='ocrx_word' id='word_1_312' title='bbox 2897 2188 2997 2258; x_wconf 77' lang='grc' dir='ltr'>τὴν</span> <span class='ocrx_word' id='word_1_313' title='bbox 3051 2187 3187 2259; x_wconf 72' lang='grc' dir='ltr'>πρὸς</span> <span class='ocrx_word' id='word_1_314' title='bbox 3222 2185 3442 2256; x_wconf 82' lang='grc' dir='ltr'>συνήθει</span> <span class='ocrx_word' id='word_1_315' title='bbox 3484 2185 3567 2255; x_wconf 82' lang='grc' dir='ltr'>τῷ</span> <span class='ocrx_word' id='word_1_316' title='bbox 3598 2184 3727 2252; x_wconf 82' lang='grc' dir='ltr'><strong>Θεῷ</strong></span> 
     </span>
    </p>
   </div>
   <div class='ocr_carea' id='block_1_46' title="bbox 473 2279 2051 2357">
    <p class='ocr_par' dir='ltr' id='par_1_46' title="bbox 473 2279 2042 2337">
     <span class='ocr_line' id='line_1_46' title="bbox 473 2279 2042 2337; baseline 0.004 -7"><span class='ocrx_word' id='word_1_317' title='bbox 473 2294 600 2332; x_wconf 79' lang='lat' dir='ltr'><strong>vero</strong></span> <span class='ocrx_word' id='word_1_318' title='bbox 629 2279 872 2334; x_wconf 83' lang='lat' dir='ltr'><strong>divinum</strong></span> <span class='ocrx_word' id='word_1_319' title='bbox 904 2289 1109 2335; x_wconf 74' lang='lat' dir='ltr'><strong>sanctae</strong></span> <span class='ocrx_word' id='word_1_320' title='bbox 1135 2279 1243 2334; x_wconf 91' lang='lat' dir='ltr'><strong>diei</strong></span> <span class='ocrx_word' id='word_1_321' title='bbox 1280 2282 1535 2337; x_wconf 69' lang='lat' dir='ltr'><strong>secundae</strong></span> <span class='ocrx_word' id='word_1_322' title='bbox 1567 2280 1804 2336; x_wconf 82' lang='lat' dir='ltr'><strong>ollicium</strong></span> <span class='ocrx_word' id='word_1_323' title='bbox 1845 2281 2042 2336; x_wconf 79' lang='lat' dir='ltr'><strong>fuisset</strong></span> 
     </span>
    </p>
   </div>
   <div class='ocr_carea' id='block_1_47' title="bbox 2154 2279 3727 2357">
    <p class='ocr_par' dir='ltr' id='par_1_47' title="bbox 2154 2279 3727 2357">
     <span class='ocr_line' id='line_1_47' title="bbox 2154 2279 3727 2357; baseline -0.006 -17"><span class='ocrx_word' id='word_1_324' title='bbox 2154 2285 2463 2357; x_wconf 77' lang='grc' dir='ltr'>Ξιναπέμψαι</span> <span class='ocrx_word' id='word_1_325' title='bbox 2494 2283 2869 2356; x_wconf 75' lang='grc' dir='ltr'>εὐχαριστίαν,</span> <span class='ocrx_word' id='word_1_326' title='bbox 2892 2284 2919 2336; x_wconf 90' lang='lat'><strong>6</strong></span> <span class='ocrx_word' id='word_1_327' title='bbox 2944 2284 3303 2352; x_wconf 79' lang='grc' dir='ltr'>πανεύφημος</span> <span class='ocrx_word' id='word_1_328' title='bbox 3346 2281 3556 2342; x_wconf 71' lang='grc' dir='ltr'>ικεῖνος</span> <span class='ocrx_word' id='word_1_329' title='bbox 3581 2279 3727 2349; x_wconf 74' lang='grc' dir='ltr'>ἀνὴρ</span> 
     </span>
    </p>
   </div>
   <div class='ocr_carea' id='block_1_48' title="bbox 476 2369 2051 2448">
    <p class='ocr_par' dir='ltr' id='par_1_48' title="bbox 476 2373 2041 2445">
     <span class='ocr_line' id='line_1_48' title="bbox 476 2373 2041 2445; baseline 0.004 -23"><span class='ocrx_word' id='word_1_330' title='bbox 476 2380 778 2438; x_wconf 85' lang='lat' dir='ltr'><strong>peractum,</strong></span> <span class='ocrx_word' id='word_1_331' title='bbox 807 2387 871 2424; x_wconf 87' lang='lat' dir='ltr'><strong>ac</strong></span> <span class='ocrx_word' id='word_1_332' title='bbox 901 2387 1096 2428; x_wconf 87' lang='lat' dir='ltr'><strong>omnes</strong></span> <span class='ocrx_word' id='word_1_333' title='bbox 1126 2373 1330 2429; x_wconf 75' lang='lat' dir='ltr'><strong>cmnati</strong></span> <span class='ocrx_word' id='word_1_334' title='bbox 1365 2383 1555 2428; x_wconf 83' lang='lat' dir='ltr'><strong>essent</strong></span> <span class='ocrx_word' id='word_1_335' title='bbox 1578 2374 1896 2445; x_wconf 77' lang='lat' dir='ltr'><strong>gratiasque</strong></span> <span class='ocrx_word' id='word_1_336' title='bbox 1929 2373 2041 2428; x_wconf 88' lang='lat' dir='ltr'><strong>Deo</strong></span> 
     </span>
    </p>
   </div>
   <div class='ocr_carea' id='block_1_49' title="bbox 2154 2369 3726 2448">
    <p class='ocr_par' dir='ltr' id='par_1_49' title="bbox 2154 2369 3726 2448">
     <span class='ocr_line' id='line_1_49' title="bbox 2154 2369 3726 2448; baseline -0.005 -18"><span class='ocrx_word' id='word_1_337' title='bbox 2154 2377 2212 2430; x_wconf 79' lang='grc' dir='ltr'>τὰ</span> <span class='ocrx_word' id='word_1_338' title='bbox 2239 2377 2347 2432; x_wconf 83' lang='grc' dir='ltr'>τῶν</span> <span class='ocrx_word' id='word_1_339' title='bbox 2373 2376 2604 2448; x_wconf 82' lang='grc' dir='ltr'>’βιγλῶν</span> <span class='ocrx_word' id='word_1_340' title='bbox 2660 2377 2755 2428; x_wconf 75' lang='grc' dir='ltr'><strong>καὶ</strong></span> <span class='ocrx_word' id='word_1_341' title='bbox 2791 2373 3072 2427; x_wconf 80' lang='grc' dir='ltr'>σκούλκων</span> <span class='ocrx_word' id='word_1_342' title='bbox 3121 2372 3216 2426; x_wconf 71' lang='grc' dir='ltr'>καὶ</span> <span class='ocrx_word' id='word_1_343' title='bbox 3247 2369 3452 2425; x_wconf 84' lang='grc' dir='ltr'>λοιπῶν</span> <span class='ocrx_word' id='word_1_344' title='bbox 3498 2369 3726 2422; x_wconf 82' lang='grc' dir='ltr'>πάντων</span> 
     </span>
    </p>
   </div>
   <div class='ocr_carea' id='block_1_50' title="bbox 475 2460 2051 2538">
    <p class='ocr_par' dir='ltr' id='par_1_50' title="bbox 475 2463 2041 2534">
     <span class='ocr_line' id='line_1_50' title="bbox 475 2463 2041 2534; baseline 0.006 -23"><span class='ocrx_word' id='word_1_345' title='bbox 475 2463 542 2514; x_wconf 82' lang='lat' dir='ltr'><strong>de</strong></span> <span class='ocrx_word' id='word_1_346' title='bbox 573 2479 724 2518; x_wconf 88' lang='lat' dir='ltr'><strong>more</strong></span> <span class='ocrx_word' id='word_1_347' title='bbox 769 2465 1031 2531; x_wconf 86' lang='lat' dir='ltr'><strong>egissent,</strong></span> <span class='ocrx_word' id='word_1_348' title='bbox 1078 2465 1473 2522; x_wconf 87' lang='lat' dir='ltr'><strong>celeberrimus</strong></span> <span class='ocrx_word' id='word_1_349' title='bbox 1511 2468 1594 2520; x_wconf 91' lang='lat' dir='ltr'><strong>vir</strong></span> <span class='ocrx_word' id='word_1_350' title='bbox 1643 2467 1756 2531; x_wconf 88' lang='lat' dir='ltr'><strong>ille,</strong></span> <span class='ocrx_word' id='word_1_351' title='bbox 1805 2481 1928 2534; x_wconf 64' lang='lat' dir='ltr'><strong>quae</strong></span> <span class='ocrx_word' id='word_1_352' title='bbox 1974 2467 2041 2520; x_wconf 82' lang='lat' dir='ltr'><strong>ad</strong></span> 
     </span>
    </p>
   </div>
   <div class='ocr_carea' id='block_1_51' title="bbox 2154 2460 3726 2538">
    <p class='ocr_par' dir='ltr' id='par_1_51' title="bbox 2154 2460 3726 2538">
     <span class='ocr_line' id='line_1_51' title="bbox 2154 2460 3726 2538; baseline -0.006 -16"><span class='ocrx_word' id='word_1_353' title='bbox 2154 2469 2254 2522; x_wconf 83' lang='grc' dir='ltr'><strong>τῶν</strong></span> <span class='ocrx_word' id='word_1_354' title='bbox 2286 2468 2422 2538; x_wconf 79' lang='grc' dir='ltr'>πρὸς</span> <span class='ocrx_word' id='word_1_355' title='bbox 2451 2466 2856 2538; x_wconf 77' lang='grc' dir='ltr'>παραφυλακὴν</span> <span class='ocrx_word' id='word_1_356' title='bbox 2889 2465 3215 2534; x_wconf 78' lang='grc' dir='ltr'>ἐπιτηδείων</span> <span class='ocrx_word' id='word_1_357' title='bbox 3253 2460 3552 2531; x_wconf 76' lang='grc' dir='ltr'>φροντίσας</span> <span class='ocrx_word' id='word_1_358' title='bbox 3593 2461 3726 2531; x_wconf 72' lang='grc' dir='ltr'>ἠρει-</span> 
     </span>
    </p>
   </div>
   <div class='ocr_carea' id='block_1_52' title="bbox 474 2553 2051 2631">
    <p class='ocr_par' dir='ltr' id='par_1_52' title="bbox 474 2553 2046 2628">
     <span class='ocr_line' id='line_1_52' title="bbox 474 2553 2046 2628; baseline 0.001 -22"><span class='ocrx_word' id='word_1_359' title='bbox 474 2553 742 2609; x_wconf 65' lang='lat' dir='ltr'><strong>stationes</strong></span> <span class='ocrx_word' id='word_1_360' title='bbox 781 2564 839 2610; x_wconf 88' lang='lat' dir='ltr'><strong>et</strong></span> <span class='ocrx_word' id='word_1_361' title='bbox 869 2557 1135 2612; x_wconf 81' lang='lat' dir='ltr'><strong>excubias</strong></span> <span class='ocrx_word' id='word_1_362' title='bbox 1168 2558 1491 2628; x_wconf 87' lang='lat' dir='ltr'><strong>reliquaque</strong></span> <span class='ocrx_word' id='word_1_363' title='bbox 1519 2559 1726 2622; x_wconf 89' lang='lat' dir='ltr'><strong>omnia,</strong></span> <span class='ocrx_word' id='word_1_364' title='bbox 1760 2558 1826 2613; x_wconf 91' lang='lat' dir='ltr'><strong>ad</strong></span> <span class='ocrx_word' id='word_1_365' title='bbox 1860 2565 2046 2612; x_wconf 84' lang='lat' dir='ltr'><strong>custo-</strong></span> 
     </span>
    </p>
   </div>
   <div class='ocr_carea' id='block_1_53' title="bbox 2154 2553 3548 2631">
    <p class='ocr_par' dir='ltr' id='par_1_53' title="bbox 2154 2553 3548 2631">
     <span class='ocr_line' id='line_1_53' title="bbox 2154 2553 3548 2631; baseline -0.005 -18"><span class='ocrx_word' id='word_1_366' title='bbox 2154 2563 2271 2631; x_wconf 82' lang='grc' dir='ltr'>μεῖν</span> <span class='ocrx_word' id='word_1_367' title='bbox 2298 2561 2387 2615; x_wconf 73' lang='grc' dir='ltr'>τὸν</span> <span class='ocrx_word' id='word_1_368' title='bbox 2416 2560 2608 2614; x_wconf 76' lang='grc' dir='ltr'>λοιπὸν</span> <span class='ocrx_word' id='word_1_369' title='bbox 2644 2558 2861 2614; x_wconf 74' lang='grc' dir='ltr'>ἅπαντα</span> <span class='ocrx_word' id='word_1_370' title='bbox 2895 2554 3125 2626; x_wconf 76' lang='grc' dir='ltr'>στρτιτδν</span> <span class='ocrx_word' id='word_1_371' title='bbox 3153 2553 3548 2626; x_wconf 80' lang='grc' dir='ltr'>προσέταττεν.</span> 
     </span>
    </p>
   </div>
   <div class='ocr_carea' id='block_1_54' title="bbox 479 2647 2045 2718">
    <p class='ocr_par' dir='ltr' id='par_1_54' title="bbox 479 2647 2045 2718">
     <span class='ocr_line' id='line_1_54' title="bbox 479 2647 2045 2718; baseline 0.004 -21"><span class='ocrx_word' id='word_1_372' title='bbox 479 2648 624 2700; x_wconf 81' lang='lat' dir='ltr'><strong>diam</strong></span> <span class='ocrx_word' id='word_1_373' title='bbox 659 2647 1024 2703; x_wconf 85' lang='lat' dir='ltr'><strong>conducentia</strong></span> <span class='ocrx_word' id='word_1_374' title='bbox 1055 2656 1306 2712; x_wconf 82' lang='lat' dir='ltr'><strong>spectant</strong></span> <span class='ocrx_word' id='word_1_375' title='bbox 1330 2689 1346 2713; x_wconf 87' lang='lat'><strong>,</strong></span> <span class='ocrx_word' id='word_1_376' title='bbox 1375 2649 1668 2718; x_wconf 84' lang='lat' dir='ltr'><strong>diligenter</strong></span> <span class='ocrx_word' id='word_1_377' title='bbox 1693 2663 1917 2713; x_wconf 87' lang='lat' dir='ltr'><strong>curans,</strong></span> <span class='ocrx_word' id='word_1_378' title='bbox 1958 2665 2045 2703; x_wconf 86' lang='lat' dir='ltr'><strong>re-</strong></span> 
     </span>
    </p>
   </div>
   <div class='ocr_carea' id='block_1_55' title="bbox 482 2738 1798 2810">
    <p class='ocr_par' dir='ltr' id='par_1_55' title="bbox 482 2738 1798 2810">
     <span class='ocr_line' id='line_1_55' title="bbox 482 2738 1798 2810; baseline 0.006 -20"><span class='ocrx_word' id='word_1_379' title='bbox 482 2738 688 2801; x_wconf 82' lang='lat' dir='ltr'><strong>liquum</strong></span> <span class='ocrx_word' id='word_1_380' title='bbox 719 2753 934 2793; x_wconf 90' lang='lat' dir='ltr'><strong>omnem</strong></span> <span class='ocrx_word' id='word_1_381' title='bbox 969 2740 1271 2794; x_wconf 80' lang='lat' dir='ltr'><strong>exercitum</strong></span> <span class='ocrx_word' id='word_1_382' title='bbox 1298 2740 1466 2810; x_wconf 88' lang='lat' dir='ltr'><strong>jussit</strong></span> <span class='ocrx_word' id='word_1_383' title='bbox 1493 2740 1798 2810; x_wconf 85' lang='lat' dir='ltr'><strong>quiescere.</strong></span> 
     </span>
    </p>
   </div>
   <div class='ocr_carea' id='block_1_56' title="bbox 547 2823 2051 2902">
    <p class='ocr_par' dir='ltr' id='par_1_56' title="bbox 547 2829 2048 2899">
     <span class='ocr_line' id='line_1_56' title="bbox 547 2829 2048 2899; baseline 0.001 -16"><span class='ocrx_word' id='word_1_384' title='bbox 547 2829 675 2885; x_wconf 70' lang='lat'><strong>205.</strong></span> <span class='ocrx_word' id='word_1_385' title='bbox 707 2829 844 2885; x_wconf 88' lang='lat' dir='ltr'><strong>Cum</strong></span> <span class='ocrx_word' id='word_1_386' title='bbox 868 2844 998 2886; x_wconf 89' lang='lat' dir='ltr'><strong>vero</strong></span> <span class='ocrx_word' id='word_1_387' title='bbox 1036 2830 1084 2885; x_wconf 88' lang='lat' dir='ltr'><strong>is</strong></span> <span class='ocrx_word' id='word_1_388' title='bbox 1113 2830 1301 2886; x_wconf 89' lang='lat' dir='ltr'><strong>statim</strong></span> <span class='ocrx_word' id='word_1_389' title='bbox 1325 2831 1776 2895; x_wconf 86' lang='lat' dir='ltr'><strong>obdormisceret,</strong></span> <span class='ocrx_word' id='word_1_390' title='bbox 1799 2829 2048 2899; x_wconf 88' lang='lat' dir='ltr'><strong>pulchris</strong></span> 
     </span>
    </p>
   </div>
   <div class='ocr_carea' id='block_1_57' title="bbox 2154 2823 3700 2902">
    <p class='ocr_par' dir='ltr' id='par_1_57' title="bbox 2223 2823 3700 2902">
     <span class='ocr_line' id='line_1_57' title="bbox 2223 2823 3700 2902; baseline -0.008 -15"><span class='ocrx_word' id='word_1_391' title='bbox 2223 2839 2326 2902; x_wconf 83' lang='grc' dir='ltr'>σγ⁹.</span> <span class='ocrx_word' id='word_1_392' title='bbox 2370 2831 2479 2885; x_wconf 69' lang='grc' dir='ltr'><strong>Καὶ</strong></span> <span class='ocrx_word' id='word_1_393' title='bbox 2505 2831 2569 2901; x_wconf 81' lang='grc' dir='ltr'>δὴ</span> <span class='ocrx_word' id='word_1_394' title='bbox 2600 2829 2801 2884; x_wconf 80' lang='grc' dir='ltr'>αὐτίκα</span> <span class='ocrx_word' id='word_1_395' title='bbox 2829 2827 3262 2898; x_wconf 79' lang='grc' dir='ltr'>ἀφυπνώσαντος</span> <span class='ocrx_word' id='word_1_396' title='bbox 3307 2823 3498 2889; x_wconf 78' lang='grc' dir='ltr'>αὐτοῦ,</span> <span class='ocrx_word' id='word_1_397' title='bbox 3539 2823 3700 2892; x_wconf 75' lang='grc' dir='ltr'>φαῖνε</span> 
     </span>
    </p>
   </div>
   <div class='ocr_carea' id='block_1_58' title="bbox 483 2913 2051 2996">
    <p class='ocr_par' dir='ltr' id='par_1_58' title="bbox 483 2923 2046 2996">
     <span class='ocr_line' id='line_1_58' title="bbox 483 2923 2046 2996; baseline 0.001 -21"><span class='ocrx_word' id='word_1_398' title='bbox 483 2925 730 2979; x_wconf 77' lang='lat' dir='ltr'><strong>victoriis</strong></span> <span class='ocrx_word' id='word_1_399' title='bbox 764 2925 1052 2980; x_wconf 88' lang='lat' dir='ltr'><strong>decoratus</strong></span> <span class='ocrx_word' id='word_1_400' title='bbox 1083 2923 1179 2980; x_wconf 87' lang='lat' dir='ltr'><strong>Dei</strong></span> <span class='ocrx_word' id='word_1_401' title='bbox 1217 2933 1425 2996; x_wconf 89' lang='lat' dir='ltr'><strong>martyr</strong></span> <span class='ocrx_word' id='word_1_402' title='bbox 1456 2924 1792 2986; x_wconf 88' lang='lat' dir='ltr'><strong>Demetrius.</strong></span> <span class='ocrx_word' id='word_1_403' title='bbox 1824 2923 1921 2993; x_wconf 90' lang='lat' dir='ltr'><strong>qui</strong></span> <span class='ocrx_word' id='word_1_404' title='bbox 1949 2937 2046 2989; x_wconf 91' lang='lat' dir='ltr'><strong>pro</strong></span> 
     </span>
    </p>
   </div>
   <div class='ocr_carea' id='block_1_59' title="bbox 2154 2913 3726 2996">
    <p class='ocr_par' dir='ltr' id='par_1_59' title="bbox 2154 2913 3726 2993">
     <span class='ocr_line' id='line_1_59' title="bbox 2154 2913 3726 2993; baseline -0.008 -15"><span class='ocrx_word' id='word_1_405' title='bbox 2154 2943 2240 2978; x_wconf 74' lang='grc' dir='ltr'><strong>ται</strong></span> <span class='ocrx_word' id='word_1_406' title='bbox 2262 2925 2324 2978; x_wconf 78' lang='grc' dir='ltr'><strong>οὐ</strong></span> <span class='ocrx_word' id='word_1_407' title='bbox 2356 2924 2476 2977; x_wconf 87' lang='grc' dir='ltr'>κατ’</span> <span class='ocrx_word' id='word_1_408' title='bbox 2506 2923 2659 2993; x_wconf 76' lang='grc' dir='ltr'>δναρ,</span> <span class='ocrx_word' id='word_1_409' title='bbox 2681 2920 2818 2976; x_wconf 77' lang='grc' dir='ltr'>ἀλλὰ</span> <span class='ocrx_word' id='word_1_410' title='bbox 2847 2919 2969 2973; x_wconf 80' lang='grc' dir='ltr'>καθ’</span> <span class='ocrx_word' id='word_1_411' title='bbox 2998 2918 3146 2986; x_wconf 73' lang='grc' dir='ltr'>ὕπαρ</span> <span class='ocrx_word' id='word_1_412' title='bbox 3178 2919 3205 2970; x_wconf 93' lang='lat'><strong>6</strong></span> <span class='ocrx_word' id='word_1_413' title='bbox 3231 2917 3465 2970; x_wconf 87' lang='grc' dir='ltr'>πάντοτε</span> <span class='ocrx_word' id='word_1_414' title='bbox 3505 2913 3726 2984; x_wconf 78' lang='grc' dir='ltr'>μοχθῶν</span> 
     </span>
    </p>
   </div>
   <div class='ocr_carea' id='block_1_60' title="bbox 487 3005 2051 3089">
    <p class='ocr_par' dir='ltr' id='par_1_60' title="bbox 487 3015 2051 3089">
     <span class='ocr_line' id='line_1_60' title="bbox 487 3015 2051 3089; baseline 0.002 -21"><span class='ocrx_word' id='word_1_415' title='bbox 487 3015 647 3069; x_wconf 80' lang='lat' dir='ltr'><strong>nobis</strong></span> <span class='ocrx_word' id='word_1_416' title='bbox 675 3016 848 3070; x_wconf 80' lang='lat' dir='ltr'><strong>servis</strong></span> <span class='ocrx_word' id='word_1_417' title='bbox 880 3016 1124 3085; x_wconf 85' lang='lat' dir='ltr'><strong>indignis</strong></span> <span class='ocrx_word' id='word_1_418' title='bbox 1170 3031 1237 3072; x_wconf 87' lang='lat' dir='ltr'><strong>ac</strong></span> <span class='ocrx_word' id='word_1_419' title='bbox 1286 3018 1464 3084; x_wconf 88' lang='lat' dir='ltr'><strong>patria</strong></span> <span class='ocrx_word' id='word_1_420' title='bbox 1517 3017 1629 3089; x_wconf 87' lang='lat' dir='ltr'><strong>(96l</strong></span> <span class='ocrx_word' id='word_1_421' title='bbox 1685 3017 2051 3086; x_wconf 84' lang='lat' dir='ltr'><strong>undequaque</strong></span> 
     </span>
    </p>
   </div>
   <div class='ocr_carea' id='block_1_61' title="bbox 2154 3005 3727 3089">
    <p class='ocr_par' dir='ltr' id='par_1_61' title="bbox 2154 3005 3727 3086">
     <span class='ocr_line' id='line_1_61' title="bbox 2154 3005 3727 3086; baseline -0.007 -17"><span class='ocrx_word' id='word_1_422' title='bbox 2154 3019 2247 3070; x_wconf 69' lang='grc' dir='ltr'><strong>καὶ</strong></span> <span class='ocrx_word' id='word_1_423' title='bbox 2308 3015 2588 3086; x_wconf 84' lang='grc' dir='ltr'>μεριμνῶν</span> <span class='ocrx_word' id='word_1_424' title='bbox 2638 3013 2779 3081; x_wconf 79' lang='grc' dir='ltr'>ὑπὲρ</span> <span class='ocrx_word' id='word_1_425' title='bbox 2839 3010 3076 3076; x_wconf 80' lang='grc' dir='ltr'>ἀναξίων</span> <span class='ocrx_word' id='word_1_426' title='bbox 3119 3008 3320 3062; x_wconf 78' lang='grc' dir='ltr'>δούλων</span> <span class='ocrx_word' id='word_1_427' title='bbox 3347 3007 3440 3060; x_wconf 57' lang='grc' dir='ltr'><strong>κοιλ¹</strong></span> <span class='ocrx_word' id='word_1_428' title='bbox 3464 3005 3727 3076; x_wconf 79' lang='grc' dir='ltr'>πατρίδος</span> 
     </span>
    </p>
   </div>
   <div class='ocr_carea' id='block_1_62' title="bbox 485 3107 2054 3180">
    <p class='ocr_par' dir='ltr' id='par_1_62' title="bbox 485 3107 2054 3180">
     <span class='ocr_line' id='line_1_62' title="bbox 485 3107 2054 3180; baseline -0.001 -17"><span class='ocrx_word' id='word_1_429' title='bbox 485 3109 698 3164; x_wconf 84' lang='lat' dir='ltr'><strong>iahorat</strong></span> <span class='ocrx_word' id='word_1_430' title='bbox 725 3124 790 3164; x_wconf 94' lang='lat' dir='ltr'><strong>ac</strong></span> <span class='ocrx_word' id='word_1_431' title='bbox 807 3109 1080 3164; x_wconf 89' lang='lat' dir='ltr'><strong>sollicitus</strong></span> <span class='ocrx_word' id='word_1_432' title='bbox 1113 3119 1218 3174; x_wconf 90' lang='lat' dir='ltr'><strong>est,</strong></span> <span class='ocrx_word' id='word_1_433' title='bbox 1249 3109 1526 3180; x_wconf 90' lang='lat' dir='ltr'><strong>salutique</strong></span> <span class='ocrx_word' id='word_1_434' title='bbox 1557 3117 1757 3164; x_wconf 60' lang='lat' dir='ltr'><strong>nostra</strong></span> <span class='ocrx_word' id='word_1_435' title='bbox 1783 3107 2054 3176; x_wconf 89' lang='lat' dir='ltr'><strong>imprimis</strong></span> 
     </span>
    </p>
   </div>
   <div class='ocr_carea' id='block_1_63' title="bbox 487 3199 2059 3268">
    <p class='ocr_par' dir='ltr' id='par_1_63' title="bbox 487 3199 2059 3268">
     <span class='ocr_line' id='line_1_63' title="bbox 487 3199 2059 3268; baseline -0.001 -14"><span class='ocrx_word' id='word_1_436' title='bbox 487 3201 690 3266; x_wconf 82' lang='lat' dir='ltr'><strong>studet,</strong></span> <span class='ocrx_word' id='word_1_437' title='bbox 728 3215 836 3255; x_wconf 93' lang='lat' dir='ltr'><strong>non</strong></span> <span class='ocrx_word' id='word_1_438' title='bbox 873 3201 926 3255; x_wconf 88' lang='lat' dir='ltr'><strong>in</strong></span> <span class='ocrx_word' id='word_1_439' title='bbox 958 3217 1174 3265; x_wconf 89' lang='lat' dir='ltr'><strong>somno,</strong></span> <span class='ocrx_word' id='word_1_440' title='bbox 1212 3201 1306 3255; x_wconf 90' lang='lat' dir='ltr'><strong>sed</strong></span> <span class='ocrx_word' id='word_1_441' title='bbox 1338 3202 1393 3255; x_wconf 90' lang='lat' dir='ltr'><strong>iu</strong></span> <span class='ocrx_word' id='word_1_442' title='bbox 1422 3200 1652 3254; x_wconf 86' lang='lat' dir='ltr'><strong>veritate</strong></span> <span class='ocrx_word' id='word_1_443' title='bbox 1679 3206 1926 3268; x_wconf 86' lang='lat' dir='ltr'><strong>apparet,</strong></span> <span class='ocrx_word' id='word_1_444' title='bbox 1953 3199 2059 3254; x_wconf 84' lang='lat' dir='ltr'><strong>ita-</strong></span> 
     </span>
    </p>
   </div>
   <div class='ocr_carea' id='block_1_64' title="bbox 488 3290 2058 3361">
    <p class='ocr_par' dir='ltr' id='par_1_64' title="bbox 488 3290 2058 3361">
     <span class='ocr_line' id='line_1_64' title="bbox 488 3290 2058 3361; baseline 0.002 -18"><span class='ocrx_word' id='word_1_445' title='bbox 488 3308 594 3360; x_wconf 87' lang='lat' dir='ltr'><strong>que</strong></span> <span class='ocrx_word' id='word_1_446' title='bbox 623 3291 696 3345; x_wconf 91' lang='lat' dir='ltr'><strong>illi</strong></span> <span class='ocrx_word' id='word_1_447' title='bbox 728 3293 806 3347; x_wconf 88' lang='lat' dir='ltr'><strong>ait</strong></span> <span class='ocrx_word' id='word_1_448' title='bbox 839 3308 853 3346; x_wconf 88' lang='lat'><strong>:</strong></span> <span class='ocrx_word' id='word_1_449' title='bbox 882 3291 1684 3361; x_wconf 76' lang='lat' dir='ltr'><strong>Erpergiscere,quiddormis?</strong></span> <span class='ocrx_word' id='word_1_450' title='bbox 1707 3290 1839 3346; x_wconf 79' lang='lat' dir='ltr'><strong>Vela</strong></span> <span class='ocrx_word' id='word_1_451' title='bbox 1865 3291 2058 3354; x_wconf 79' lang='lat' dir='ltr'><strong>iacias,</strong></span> 
     </span>
    </p>
   </div>
   <div class='ocr_carea' id='block_1_65' title="bbox 488 3383 2059 3452">
    <p class='ocr_par' dir='ltr' id='par_1_65' title="bbox 488 3383 2059 3452">
     <span class='ocr_line' id='line_1_65' title="bbox 488 3383 2059 3452; baseline 0 -16"><span class='ocrx_word' id='word_1_452' title='bbox 488 3384 758 3439; x_wconf 71' lang='lat' dir='ltr'><strong>secundus</strong></span> <span class='ocrx_word' id='word_1_453' title='bbox 807 3394 890 3438; x_wconf 90' lang='lat' dir='ltr'><strong>est</strong></span> <span class='ocrx_word' id='word_1_454' title='bbox 941 3392 1161 3439; x_wconf 84' lang='lat' dir='ltr'><strong>ventus.</strong></span> <span class='ocrx_word' id='word_1_455' title='bbox 1225 3384 1347 3452; x_wconf 81' lang='lat' dir='ltr'><strong>Ipse</strong></span> <span class='ocrx_word' id='word_1_456' title='bbox 1374 3393 1557 3439; x_wconf 88' lang='lat' dir='ltr'><strong>autem</strong></span> <span class='ocrx_word' id='word_1_457' title='bbox 1608 3384 1777 3444; x_wconf 89' lang='lat' dir='ltr'><strong>illico,</strong></span> <span class='ocrx_word' id='word_1_458' title='bbox 1808 3385 1964 3452; x_wconf 88' lang='lat' dir='ltr'><strong>quasi</strong></span> <span class='ocrx_word' id='word_1_459' title='bbox 2005 3383 2059 3436; x_wconf 84' lang='lat' dir='ltr'><strong>id</strong></span> 
     </span>
    </p>
   </div>
   <div class='ocr_carea' id='block_1_66' title="bbox 489 3475 2055 3545">
    <p class='ocr_par' dir='ltr' id='par_1_66' title="bbox 489 3475 2055 3545">
     <span class='ocr_line' id='line_1_66' title="bbox 489 3475 2055 3545; baseline -0.001 -17"><span class='ocrx_word' id='word_1_460' title='bbox 489 3476 632 3545; x_wconf 88' lang='lat' dir='ltr'><strong>quod</strong></span> <span class='ocrx_word' id='word_1_461' title='bbox 679 3485 1027 3543; x_wconf 83' lang='lat' dir='ltr'><strong>apparuerat,</strong></span> <span class='ocrx_word' id='word_1_462' title='bbox 1065 3489 1124 3529; x_wconf 87' lang='lat' dir='ltr'><strong>re</strong></span> <span class='ocrx_word' id='word_1_463' title='bbox 1154 3476 1318 3530; x_wconf 89' lang='lat' dir='ltr'><strong>etiam</strong></span> <span class='ocrx_word' id='word_1_464' title='bbox 1353 3491 1482 3530; x_wconf 90' lang='lat' dir='ltr'><strong>vera</strong></span> <span class='ocrx_word' id='word_1_465' title='bbox 1515 3475 1792 3530; x_wconf 89' lang='lat' dir='ltr'><strong>obtineret</strong></span> <span class='ocrx_word' id='word_1_466' title='bbox 1827 3475 2006 3529; x_wconf 92' lang='lat' dir='ltr'><strong>locum</strong></span> <span class='ocrx_word' id='word_1_467' title='bbox 2036 3493 2055 3540; x_wconf 84' lang='lat'><strong>,</strong></span> 
     </span>
    </p>
   </div>
   <div class='ocr_carea' id='block_1_67' title="bbox 489 3565 2065 3638">
    <p class='ocr_par' dir='ltr' id='par_1_67' title="bbox 489 3565 2065 3638">
     <span class='ocr_line' id='line_1_67' title="bbox 489 3565 2065 3638; baseline -0.003 -16"><span class='ocrx_word' id='word_1_468' title='bbox 489 3581 616 3622; x_wconf 88' lang='lat' dir='ltr'><strong>eum</strong></span> <span class='ocrx_word' id='word_1_469' title='bbox 647 3565 739 3635; x_wconf 90' lang='lat' dir='ltr'><strong>qui</strong></span> <span class='ocrx_word' id='word_1_470' title='bbox 774 3567 975 3620; x_wconf 88' lang='lat' dir='ltr'><strong>caraho</strong></span> <span class='ocrx_word' id='word_1_471' title='bbox 1002 3573 1251 3635; x_wconf 64' lang='lat' dir='ltr'><strong>praeerat,</strong></span> <span class='ocrx_word' id='word_1_472' title='bbox 1275 3565 1459 3636; x_wconf 87' lang='lat' dir='ltr'><strong>qualis</strong></span> <span class='ocrx_word' id='word_1_473' title='bbox 1488 3575 1684 3621; x_wconf 86' lang='lat' dir='ltr'><strong>ventus</strong></span> <span class='ocrx_word' id='word_1_474' title='bbox 1713 3573 1883 3632; x_wconf 87' lang='lat' dir='ltr'><strong>esset,</strong></span> <span class='ocrx_word' id='word_1_475' title='bbox 1909 3581 2065 3638; x_wconf 85' lang='lat' dir='ltr'><strong>roga-</strong></span> 
     </span>
    </p>
   </div>
   <div class='ocr_carea' id='block_1_68' title="bbox 495 3655 2066 3725">
    <p class='ocr_par' dir='ltr' id='par_1_68' title="bbox 495 3655 2066 3725">
     <span class='ocr_line' id='line_1_68' title="bbox 495 3655 2066 3725; baseline -0.001 -11"><span class='ocrx_word' id='word_1_476' title='bbox 495 3660 608 3714; x_wconf 80' lang='lat' dir='ltr'><strong>hut.</strong></span> <span class='ocrx_word' id='word_1_477' title='bbox 665 3655 768 3712; x_wconf 87' lang='lat' dir='ltr'><strong>Hic</strong></span> <span class='ocrx_word' id='word_1_478' title='bbox 813 3666 998 3712; x_wconf 89' lang='lat' dir='ltr'><strong>autem</strong></span> <span class='ocrx_word' id='word_1_479' title='bbox 1047 3657 1264 3713; x_wconf 87' lang='lat' dir='ltr'><strong>dicebat</strong></span> <span class='ocrx_word' id='word_1_480' title='bbox 1295 3674 1310 3711; x_wconf 73' lang='grc' dir='ltr'><em>ε</em></span> <span class='ocrx_word' id='word_1_481' title='bbox 1343 3656 1672 3714; x_wconf 88' lang='lat' dir='ltr'><strong>Contrarius</strong></span> <span class='ocrx_word' id='word_1_482' title='bbox 1705 3667 1813 3725; x_wconf 88' lang='lat' dir='ltr'><strong>est,</strong></span> <span class='ocrx_word' id='word_1_483' title='bbox 1859 3658 1956 3715; x_wconf 88' lang='lat' dir='ltr'><strong>sed</strong></span> <span class='ocrx_word' id='word_1_484' title='bbox 2009 3665 2066 3714; x_wconf 87' lang='lat' dir='ltr'><strong>et</strong></span> 
     </span>
    </p>
   </div>
   <div class='ocr_carea' id='block_1_69' title="bbox 493 3749 2064 3806">
    <p class='ocr_par' dir='ltr' id='par_1_69' title="bbox 493 3749 2064 3806">
     <span class='ocr_line' id='line_1_69' title="bbox 493 3749 2064 3806; baseline 0.001 -2"><span class='ocrx_word' id='word_1_485' title='bbox 493 3759 659 3804; x_wconf 86' lang='lat' dir='ltr'><strong>vento</strong></span> <span class='ocrx_word' id='word_1_486' title='bbox 711 3750 971 3805; x_wconf 87' lang='lat' dir='ltr'><strong>hesterno</strong></span> <span class='ocrx_word' id='word_1_487' title='bbox 1012 3751 1189 3806; x_wconf 83' lang='lat' dir='ltr'><strong>multo</strong></span> <span class='ocrx_word' id='word_1_488' title='bbox 1245 3750 1650 3806; x_wconf 81' lang='lat' dir='ltr'><strong>vehementior.</strong></span> <span class='ocrx_word' id='word_1_489' title='bbox 1692 3749 1831 3806; x_wconf 89' lang='lat' dir='ltr'><strong>Cum</strong></span> <span class='ocrx_word' id='word_1_490' title='bbox 1883 3759 2064 3806; x_wconf 85' lang='lat' dir='ltr'><strong>autem</strong></span> 
     </span>
    </p>
   </div>
   <div class='ocr_carea' id='block_1_70' title="bbox 497 3840 2065 3908">
    <p class='ocr_par' dir='ltr' id='par_1_70' title="bbox 497 3840 2065 3908">
     <span class='ocr_line' id='line_1_70' title="bbox 497 3840 2065 3908; baseline 0 -14"><span class='ocrx_word' id='word_1_491' title='bbox 497 3855 754 3896; x_wconf 85' lang='lat' dir='ltr'><strong>reversus</strong></span> <span class='ocrx_word' id='word_1_492' title='bbox 799 3840 1211 3897; x_wconf 89' lang='lat' dir='ltr'><strong>obdormiturus</strong></span> <span class='ocrx_word' id='word_1_493' title='bbox 1256 3848 1426 3908; x_wconf 86' lang='lat' dir='ltr'><strong>esset,</strong></span> <span class='ocrx_word' id='word_1_494' title='bbox 1477 3856 1606 3896; x_wconf 86' lang='lat' dir='ltr'><strong>mox</strong></span> <span class='ocrx_word' id='word_1_495' title='bbox 1655 3843 1818 3896; x_wconf 90' lang='lat' dir='ltr'><strong>etiam</strong></span> <span class='ocrx_word' id='word_1_496' title='bbox 1875 3841 2017 3896; x_wconf 89' lang='lat' dir='ltr'><strong>idem</strong></span> <span class='ocrx_word' id='word_1_497' title='bbox 2046 3879 2065 3906; x_wconf 94' lang='lat'><strong>,</strong></span> 
     </span>
    </p>
   </div>
   <div class='ocr_carea' id='block_1_71' title="bbox 499 3933 2072 4004">
    <p class='ocr_par' dir='ltr' id='par_1_71' title="bbox 499 3933 2072 4004">
     <span class='ocr_line' id='line_1_71' title="bbox 499 3933 2072 4004; baseline 0.003 -21"><span class='ocrx_word' id='word_1_498' title='bbox 499 3933 788 4000; x_wconf 55' lang='lat' dir='ltr'><strong>praefatum</strong></span> <span class='ocrx_word' id='word_1_499' title='bbox 820 3933 1015 3989; x_wconf 88' lang='lat' dir='ltr'><strong>ducem</strong></span> <span class='ocrx_word' id='word_1_500' title='bbox 1052 3933 1326 3997; x_wconf 88' lang='lat' dir='ltr'><strong>excitans,</strong></span> <span class='ocrx_word' id='word_1_501' title='bbox 1354 3949 1549 3989; x_wconf 87' lang='lat' dir='ltr'><strong>rursus</strong></span> <span class='ocrx_word' id='word_1_502' title='bbox 1582 3943 1746 3994; x_wconf 87' lang='lat' dir='ltr'><strong>astat.</strong></span> <span class='ocrx_word' id='word_1_503' title='bbox 1789 3934 2072 4004; x_wconf 86' lang='lat' dir='ltr'><strong>latereque</strong></span> 
     </span>
    </p>
   </div>
   <div class='ocr_carea' id='block_1_72' title="bbox 499 4023 2069 4094">
    <p class='ocr_par' dir='ltr' id='par_1_72' title="bbox 499 4023 2069 4094">
     <span class='ocr_line' id='line_1_72' title="bbox 499 4023 2069 4094; baseline 0.001 -16"><span class='ocrx_word' id='word_1_504' title='bbox 499 4039 786 4094; x_wconf 87' lang='lat' dir='ltr'><strong>percusso,</strong></span> <span class='ocrx_word' id='word_1_505' title='bbox 826 4023 960 4078; x_wconf 86' lang='lat' dir='ltr'><strong>dicit</strong></span> <span class='ocrx_word' id='word_1_506' title='bbox 996 4041 1010 4079; x_wconf 87' lang='lat'><strong>:</strong></span> <span class='ocrx_word' id='word_1_507' title='bbox 1040 4023 1458 4094; x_wconf 83' lang='lat' dir='ltr'><strong>Expergiscere,</strong></span> <span class='ocrx_word' id='word_1_508' title='bbox 1503 4024 1614 4079; x_wconf 86' lang='lat' dir='ltr'><strong>dixi</strong></span> <span class='ocrx_word' id='word_1_509' title='bbox 1660 4024 1792 4090; x_wconf 89' lang='lat' dir='ltr'><strong>tibi,</strong></span> <span class='ocrx_word' id='word_1_510' title='bbox 1825 4025 1942 4080; x_wconf 89' lang='lat' dir='ltr'><strong>vela</strong></span> <span class='ocrx_word' id='word_1_511' title='bbox 1981 4023 2069 4080; x_wconf 77' lang='lat' dir='ltr'><strong>fa-</strong></span> 
     </span>
    </p>
   </div>
   <div class='ocr_carea' id='block_1_73' title="bbox 497 4114 2069 4187">
    <p class='ocr_par' dir='ltr' id='par_1_73' title="bbox 497 4114 2069 4187">
     <span class='ocr_line' id='line_1_73' title="bbox 497 4114 2069 4187; baseline 0.001 -16"><span class='ocrx_word' id='word_1_512' title='bbox 497 4116 632 4181; x_wconf 89' lang='lat' dir='ltr'><strong>cias,</strong></span> <span class='ocrx_word' id='word_1_513' title='bbox 661 4116 937 4171; x_wconf 89' lang='lat' dir='ltr'><strong>secundus</strong></span> <span class='ocrx_word' id='word_1_514' title='bbox 967 4122 1053 4170; x_wconf 89' lang='lat' dir='ltr'><strong>est</strong></span> <span class='ocrx_word' id='word_1_515' title='bbox 1081 4123 1299 4170; x_wconf 87' lang='lat' dir='ltr'><strong>ventus.</strong></span> <span class='ocrx_word' id='word_1_516' title='bbox 1338 4114 1584 4185; x_wconf 89' lang='lat' dir='ltr'><strong>Surgens</strong></span> <span class='ocrx_word' id='word_1_517' title='bbox 1611 4116 1801 4187; x_wconf 85' lang='lat' dir='ltr'><strong>igitur,</strong></span> <span class='ocrx_word' id='word_1_518' title='bbox 1830 4131 1928 4173; x_wconf 85' lang='lat' dir='ltr'><strong>eos</strong></span> <span class='ocrx_word' id='word_1_519' title='bbox 1964 4117 2069 4173; x_wconf 87' lang='lat' dir='ltr'><strong>ite-</strong></span> 
     </span>
    </p>
   </div>
   <div class='ocr_carea' id='block_1_74' title="bbox 497 4205 2072 4277">
    <p class='ocr_par' dir='ltr' id='par_1_74' title="bbox 497 4205 2072 4277">
     <span class='ocr_line' id='line_1_74' title="bbox 497 4205 2072 4277; baseline 0.003 -19"><span class='ocrx_word' id='word_1_520' title='bbox 497 4221 619 4260; x_wconf 86' lang='lat' dir='ltr'><strong>rum</strong></span> <span class='ocrx_word' id='word_1_521' title='bbox 651 4206 742 4275; x_wconf 90' lang='lat' dir='ltr'><strong>qui</strong></span> <span class='ocrx_word' id='word_1_522' title='bbox 769 4205 922 4276; x_wconf 84' lang='lat' dir='ltr'><strong>juxta</strong></span> <span class='ocrx_word' id='word_1_523' title='bbox 963 4219 1088 4272; x_wconf 83' lang='lat' dir='ltr'><strong>eum</strong></span> <span class='ocrx_word' id='word_1_524' title='bbox 1127 4205 1497 4272; x_wconf 87' lang='lat' dir='ltr'><strong>dormiebant,</strong></span> <span class='ocrx_word' id='word_1_525' title='bbox 1522 4221 1732 4277; x_wconf 90' lang='lat' dir='ltr'><strong>eosque</strong></span> <span class='ocrx_word' id='word_1_526' title='bbox 1759 4208 1852 4277; x_wconf 90' lang='lat' dir='ltr'><strong>qui</strong></span> <span class='ocrx_word' id='word_1_527' title='bbox 1894 4222 2072 4263; x_wconf 79' lang='lat' dir='ltr'><strong>ezcu-</strong></span> 
     </span>
    </p>
   </div>
   <div class='ocr_carea' id='block_1_75' title="bbox 2159 3099 3723 3177">
    <p class='ocr_par' dir='ltr' id='par_1_75' title="bbox 2159 3099 3723 3177">
     <span class='ocr_line' id='line_1_75' title="bbox 2159 3099 3723 3177; baseline -0.008 -16"><span class='ocrx_word' id='word_1_528' title='bbox 2159 3110 2254 3161; x_wconf 68' lang='grc' dir='ltr'>καὶ</span> <span class='ocrx_word' id='word_1_529' title='bbox 2281 3106 2350 3160; x_wconf 74' lang='grc' dir='ltr'><strong>τά</strong></span> <span class='ocrx_word' id='word_1_530' title='bbox 2373 3110 2472 3176; x_wconf 78' lang='grc' dir='ltr'>τῆς</span> <span class='ocrx_word' id='word_1_531' title='bbox 2498 3105 2774 3177; x_wconf 86' lang='grc' dir='ltr'>σωτηρίας</span> <span class='ocrx_word' id='word_1_532' title='bbox 2791 3104 2947 3175; x_wconf 80' lang='grc' dir='ltr'>ἡμῶν</span> <span class='ocrx_word' id='word_1_533' title='bbox 2970 3101 3150 3164; x_wconf 84' lang='grc' dir='ltr'>καλῶς</span> <span class='ocrx_word' id='word_1_534' title='bbox 3177 3099 3723 3170; x_wconf 69' lang='grc' dir='ltr'>πραγματευόμενος,</span> 
     </span>
    </p>
   </div>
   <div class='ocr_carea' id='block_1_76' title="bbox 2158 3189 3729 3269">
    <p class='ocr_par' dir='ltr' id='par_1_76' title="bbox 2158 3189 3729 3269">
     <span class='ocr_line' id='line_1_76' title="bbox 2158 3189 3729 3269; baseline -0.01 -15"><span class='ocrx_word' id='word_1_535' title='bbox 2158 3202 2186 3254; x_wconf 92' lang='lat'><strong>6</strong></span> <span class='ocrx_word' id='word_1_536' title='bbox 2215 3198 2526 3261; x_wconf 80' lang='grc' dir='ltr'>καλλίνικος</span> <span class='ocrx_word' id='word_1_537' title='bbox 2562 3198 2775 3269; x_wconf 85' lang='grc' dir='ltr'>μάρτυς</span> <span class='ocrx_word' id='word_1_538' title='bbox 2803 3197 2898 3250; x_wconf 88' lang='grc' dir='ltr'><strong>τοῦ</strong></span> <span class='ocrx_word' id='word_1_539' title='bbox 2924 3194 3060 3249; x_wconf 89' lang='grc' dir='ltr'>Θεοῦ</span> <span class='ocrx_word' id='word_1_540' title='bbox 3088 3193 3420 3264; x_wconf 80' lang='grc' dir='ltr'>Δημήτριος,</span> <span class='ocrx_word' id='word_1_541' title='bbox 3444 3191 3540 3242; x_wconf 77' lang='grc' dir='ltr'>καὶ</span> <span class='ocrx_word' id='word_1_542' title='bbox 3557 3189 3729 3250; x_wconf 79' lang='grc' dir='ltr'>οὕτως</span> 
     </span>
    </p>
   </div>
   <div class='ocr_carea' id='block_1_77' title="bbox 2161 3281 3731 3361">
    <p class='ocr_par' dir='ltr' id='par_1_77' title="bbox 2161 3281 3731 3361">
     <span class='ocr_line' id='line_1_77' title="bbox 2161 3281 3731 3361; baseline -0.008 -17"><span class='ocrx_word' id='word_1_543' title='bbox 2161 3292 2311 3361; x_wconf 76' lang='grc' dir='ltr'><strong>αὑτῷ</strong></span> <span class='ocrx_word' id='word_1_544' title='bbox 2345 3291 2482 3358; x_wconf 71' lang='grc' dir='ltr'><strong>ἔφη’</strong></span> <span class='ocrx_word' id='word_1_545' title='bbox 2540 3291 2786 3360; x_wconf 86' lang='grc' dir='ltr'>Ἔγειρε,</span> <span class='ocrx_word' id='word_1_546' title='bbox 2838 3288 2892 3341; x_wconf 88' lang='grc' dir='ltr'><strong>τί</strong></span> <span class='ocrx_word' id='word_1_547' title='bbox 2953 3285 3267 3349; x_wconf 83' lang='grc' dir='ltr'>καθεύδεις’;</span> <span class='ocrx_word' id='word_1_548' title='bbox 3331 3281 3731 3352; x_wconf 79' lang='grc' dir='ltr'>Ἀρμένισον,ὁ</span> 
     </span>
    </p>
   </div>
   <div class='ocr_carea' id='block_1_78' title="bbox 2162 3372 3732 3454">
    <p class='ocr_par' dir='ltr' id='par_1_78' title="bbox 2162 3372 3732 3454">
     <span class='ocr_line' id='line_1_78' title="bbox 2162 3372 3732 3454; baseline -0.009 -17"><span class='ocrx_word' id='word_1_549' title='bbox 2162 3386 2364 3454; x_wconf 80' lang='grc' dir='ltr'>ἄνεμος</span> <span class='ocrx_word' id='word_1_550' title='bbox 2388 3381 2693 3452; x_wconf 73' lang='grc' dir='ltr'>ἐπιτήδειός</span> <span class='ocrx_word' id='word_1_551' title='bbox 2739 3382 2909 3433; x_wconf 76' lang='grc' dir='ltr'>ἐστιν.</span> <span class='ocrx_word' id='word_1_552' title='bbox 2944 3378 3003 3433; x_wconf 86' lang='lat'><strong>&#39;0</strong></span> <span class='ocrx_word' id='word_1_553' title='bbox 3025 3378 3081 3431; x_wconf 80' lang='grc' dir='ltr'>δὲ</span> <span class='ocrx_word' id='word_1_554' title='bbox 3109 3375 3308 3430; x_wconf 76' lang='grc' dir='ltr'>αὐτίκα</span> <span class='ocrx_word' id='word_1_555' title='bbox 3339 3374 3402 3427; x_wconf 69' lang='grc' dir='ltr'>τὸ</span> <span class='ocrx_word' id='word_1_556' title='bbox 3430 3372 3623 3426; x_wconf 83' lang='grc' dir='ltr'>θεαθὲν</span> <span class='ocrx_word' id='word_1_557' title='bbox 3653 3372 3732 3434; x_wconf 83' lang='grc' dir='ltr'>ὡς</span> 
     </span>
    </p>
   </div>
   <div class='ocr_carea' id='block_1_79' title="bbox 2164 3462 3729 3546">
    <p class='ocr_par' dir='ltr' id='par_1_79' title="bbox 2164 3462 3729 3546">
     <span class='ocr_line' id='line_1_79' title="bbox 2164 3462 3729 3546; baseline -0.01 -18"><span class='ocrx_word' id='word_1_558' title='bbox 2164 3474 2385 3546; x_wconf 73' lang='grc' dir='ltr'>ἐνεργὸν</span> <span class='ocrx_word' id='word_1_559' title='bbox 2405 3473 2649 3543; x_wconf 81' lang='grc' dir='ltr'>ὑπάρχον</span> <span class='ocrx_word' id='word_1_560' title='bbox 2671 3471 2763 3524; x_wconf 77' lang='grc' dir='ltr'><strong>τὸν</strong></span> <span class='ocrx_word' id='word_1_561' title='bbox 2797 3470 3115 3542; x_wconf 86' lang='grc' dir='ltr'>προεστῶτα</span> <span class='ocrx_word' id='word_1_562' title='bbox 3133 3467 3226 3521; x_wconf 85' lang='grc' dir='ltr'><strong>τοῦ</strong></span> <span class='ocrx_word' id='word_1_563' title='bbox 3253 3464 3498 3534; x_wconf 79' lang='grc' dir='ltr'>καράόου</span> <span class='ocrx_word' id='word_1_564' title='bbox 3522 3462 3729 3533; x_wconf 71' lang='grc' dir='ltr'>ἠρώτα,</span> 
     </span>
    </p>
   </div>
   <div class='ocr_carea' id='block_1_80' title="bbox 2167 3553 3730 3633">
    <p class='ocr_par' dir='ltr' id='par_1_80' title="bbox 2167 3553 3730 3633">
     <span class='ocr_line' id='line_1_80' title="bbox 2167 3553 3730 3633; baseline -0.01 -12"><span class='ocrx_word' id='word_1_565' title='bbox 2167 3567 2322 3630; x_wconf 83' lang='grc' dir='ltr'>ποῖός</span> <span class='ocrx_word' id='word_1_566' title='bbox 2350 3567 2497 3619; x_wconf 78' lang='grc' dir='ltr'>ἐστιν</span> <span class='ocrx_word' id='word_1_567' title='bbox 2552 3565 2581 3618; x_wconf 89' lang='lat'><strong>6</strong></span> <span class='ocrx_word' id='word_1_568' title='bbox 2609 3564 2832 3633; x_wconf 71' lang='grc' dir='ltr'>ἄνεμος.</span> <span class='ocrx_word' id='word_1_569' title='bbox 2898 3561 2958 3615; x_wconf 88' lang='lat'><strong>&#39;0</strong></span> <span class='ocrx_word' id='word_1_570' title='bbox 2982 3561 3039 3614; x_wconf 74' lang='grc' dir='ltr'>δὲ</span> <span class='ocrx_word' id='word_1_571' title='bbox 3073 3559 3203 3630; x_wconf 70' lang='grc' dir='ltr'>ἔφη,</span> <span class='ocrx_word' id='word_1_572' title='bbox 3249 3556 3527 3619; x_wconf 84' lang='grc' dir='ltr'>Ἐναντίος</span> <span class='ocrx_word' id='word_1_573' title='bbox 3556 3553 3730 3608; x_wconf 76' lang='grc' dir='ltr'>ἐστίν·</span> 
     </span>
    </p>
   </div>
   <div class='ocr_carea' id='block_1_81' title="bbox 2167 3644 3731 3727">
    <p class='ocr_par' dir='ltr' id='par_1_81' title="bbox 2167 3644 3731 3727">
     <span class='ocr_line' id='line_1_81' title="bbox 2167 3644 3731 3727; baseline -0.01 -14"><span class='ocrx_word' id='word_1_574' title='bbox 2167 3659 2300 3715; x_wconf 69' lang='grc' dir='ltr'>ἀλλὰ</span> <span class='ocrx_word' id='word_1_575' title='bbox 2329 3659 2422 3711; x_wconf 70' lang='grc' dir='ltr'><strong>καὶ</strong></span> <span class='ocrx_word' id='word_1_576' title='bbox 2447 3655 2542 3711; x_wconf 88' lang='grc' dir='ltr'><strong>τοῦ</strong></span> <span class='ocrx_word' id='word_1_577' title='bbox 2576 3657 2700 3727; x_wconf 79' lang='grc' dir='ltr'>χθὲς</span> <span class='ocrx_word' id='word_1_578' title='bbox 2723 3657 2816 3710; x_wconf 71' lang='grc' dir='ltr'><strong>ἐπὶ</strong></span> <span class='ocrx_word' id='word_1_579' title='bbox 2843 3654 3025 3709; x_wconf 87' lang='grc' dir='ltr'>πλεῖον</span> <span class='ocrx_word' id='word_1_580' title='bbox 3057 3652 3439 3723; x_wconf 76' lang='grc' dir='ltr'>σφοδρότερος.</span> <span class='ocrx_word' id='word_1_581' title='bbox 3485 3648 3646 3702; x_wconf 83' lang='grc' dir='ltr'>Πάλιν</span> <span class='ocrx_word' id='word_1_582' title='bbox 3675 3644 3731 3698; x_wconf 62' lang='grc' dir='ltr'>δὲ</span> 
     </span>
    </p>
   </div>
   <div class='ocr_carea' id='block_1_82' title="bbox 2166 3737 3730 3820">
    <p class='ocr_par' dir='ltr' id='par_1_82' title="bbox 2166 3737 3730 3820">
     <span class='ocr_line' id='line_1_82' title="bbox 2166 3737 3730 3820; baseline -0.008 -16"><span class='ocrx_word' id='word_1_583' title='bbox 2166 3750 2244 3814; x_wconf 83' lang='grc' dir='ltr'>ὡς</span> <span class='ocrx_word' id='word_1_584' title='bbox 2277 3749 2514 3820; x_wconf 71' lang='grc' dir='ltr'>ἤμελλεν</span> <span class='ocrx_word' id='word_1_585' title='bbox 2541 3747 2824 3816; x_wconf 80' lang='grc' dir='ltr'>ἀφυπνοῦν</span> <span class='ocrx_word' id='word_1_586' title='bbox 2857 3747 2951 3800; x_wconf 78' lang='grc' dir='ltr'>καὶ</span> <span class='ocrx_word' id='word_1_587' title='bbox 2979 3747 3036 3799; x_wconf 74' lang='grc' dir='ltr'>ὲν</span> <span class='ocrx_word' id='word_1_588' title='bbox 3067 3745 3283 3816; x_wconf 80' lang='grc' dir='ltr'>βραχεῖ,</span> <span class='ocrx_word' id='word_1_589' title='bbox 3329 3744 3356 3794; x_wconf 98' lang='lat'><strong>6</strong></span> <span class='ocrx_word' id='word_1_590' title='bbox 3379 3740 3542 3803; x_wconf 76' lang='grc' dir='ltr'>αὐτὸς</span> <span class='ocrx_word' id='word_1_591' title='bbox 3581 3737 3730 3802; x_wconf 76' lang='grc' dir='ltr'>αὖθις</span> 
     </span>
    </p>
   </div>
   <div class='ocr_carea' id='block_1_83' title="bbox 2171 3828 3732 3912">
    <p class='ocr_par' dir='ltr' id='par_1_83' title="bbox 2171 3828 3732 3912">
     <span class='ocr_line' id='line_1_83' title="bbox 2171 3828 3732 3912; baseline -0.009 -17"><span class='ocrx_word' id='word_1_592' title='bbox 2171 3842 2478 3912; x_wconf 77' lang='grc' dir='ltr'>ἐφίσταται,</span> <span class='ocrx_word' id='word_1_593' title='bbox 2502 3840 2789 3910; x_wconf 88' lang='grc' dir='ltr'>διεγείρων</span> <span class='ocrx_word' id='word_1_594' title='bbox 2823 3839 2914 3892; x_wconf 75' lang='grc' dir='ltr'>τὸν</span> <span class='ocrx_word' id='word_1_595' title='bbox 2946 3836 3210 3906; x_wconf 82' lang='grc' dir='ltr'>λεχθέντα</span> <span class='ocrx_word' id='word_1_596' title='bbox 3265 3831 3574 3904; x_wconf 75' lang='grc' dir='ltr'>στρατηγὸν</span> <span class='ocrx_word' id='word_1_597' title='bbox 3594 3869 3609 3895; x_wconf 89' lang='grc'><strong>,</strong></span> <span class='ocrx_word' id='word_1_598' title='bbox 3642 3828 3732 3882; x_wconf 74' lang='grc' dir='ltr'><strong>καὶ</strong></span> 
     </span>
    </p>
   </div>
   <div class='ocr_carea' id='block_1_84' title="bbox 2170 3921 3732 4007">
    <p class='ocr_par' dir='ltr' id='par_1_84' title="bbox 2170 3921 3732 4007">
     <span class='ocr_line' id='line_1_84' title="bbox 2170 3921 3732 4007; baseline -0.009 -19"><span class='ocrx_word' id='word_1_599' title='bbox 2170 3935 2272 4007; x_wconf 79' lang='grc' dir='ltr'>τὴν</span> <span class='ocrx_word' id='word_1_600' title='bbox 2299 3934 2544 4004; x_wconf 84' lang='grc' dir='ltr'>πλευρὰν</span> <span class='ocrx_word' id='word_1_601' title='bbox 2573 3931 2736 3998; x_wconf 83' lang='grc' dir='ltr'>νύξας</span> <span class='ocrx_word' id='word_1_602' title='bbox 2768 3930 2871 4001; x_wconf 74' lang='grc' dir='ltr'>ἔφη</span> <span class='ocrx_word' id='word_1_603' title='bbox 2891 3947 2904 3960; x_wconf 86' lang='grc'><strong>·</strong></span> <span class='ocrx_word' id='word_1_604' title='bbox 2936 3930 3184 3999; x_wconf 84' lang='grc' dir='ltr'>Ἔγειρε,</span> <span class='ocrx_word' id='word_1_605' title='bbox 3219 3922 3375 3980; x_wconf 77' lang='grc' dir='ltr'>εῐπὸν</span> <span class='ocrx_word' id='word_1_606' title='bbox 3410 3941 3517 3986; x_wconf 85' lang='grc' dir='ltr'>σοι,</span> <span class='ocrx_word' id='word_1_607' title='bbox 3565 3921 3732 3992; x_wconf 79' lang='grc' dir='ltr'>ἀρμέ-</span> 
     </span>
    </p>
   </div>
   <div class='ocr_carea' id='block_1_85' title="bbox 2170 4011 3734 4094">
    <p class='ocr_par' dir='ltr' id='par_1_85' title="bbox 2170 4011 3734 4094">
     <span class='ocr_line' id='line_1_85' title="bbox 2170 4011 3734 4094; baseline -0.011 -13"><span class='ocrx_word' id='word_1_608' title='bbox 2170 4043 2338 4092; x_wconf 82' lang='grc' dir='ltr'>νισον,</span> <span class='ocrx_word' id='word_1_609' title='bbox 2375 4027 2405 4079; x_wconf 89' lang='lat'><strong>6</strong></span> <span class='ocrx_word' id='word_1_610' title='bbox 2468 4025 2669 4094; x_wconf 76' lang='grc' dir='ltr'>ἄνεμος</span> <span class='ocrx_word' id='word_1_611' title='bbox 2730 4020 3038 4091; x_wconf 78' lang='grc' dir='ltr'>ἐπιτήδειός</span> <span class='ocrx_word' id='word_1_612' title='bbox 3084 4021 3254 4074; x_wconf 69' lang='grc' dir='ltr'>ἐστιν.</span> <span class='ocrx_word' id='word_1_613' title='bbox 3311 4013 3611 4077; x_wconf 82' lang='grc' dir='ltr'>Διαναστὰς</span> <span class='ocrx_word' id='word_1_614' title='bbox 3643 4011 3734 4065; x_wconf 81' lang='grc' dir='ltr'><strong>οῦν</strong></span> 
     </span>
    </p>
   </div>
   <div class='ocr_carea' id='block_1_86' title="bbox 2173 4104 3734 4187">
    <p class='ocr_par' dir='ltr' id='par_1_86' title="bbox 2173 4104 3734 4187">
     <span class='ocr_line' id='line_1_86' title="bbox 2173 4104 3734 4187; baseline -0.011 -14"><span class='ocrx_word' id='word_1_615' title='bbox 2173 4117 2336 4173; x_wconf 81' lang='grc' dir='ltr'>πάλιν</span> <span class='ocrx_word' id='word_1_616' title='bbox 2364 4115 2629 4187; x_wconf 69' lang='grc' dir='ltr'>ἐπηρώτα</span> <span class='ocrx_word' id='word_1_617' title='bbox 2653 4115 2778 4176; x_wconf 77' lang='grc' dir='ltr'>τοὺς</span> <span class='ocrx_word' id='word_1_618' title='bbox 2797 4109 3337 4180; x_wconf 74' lang='grc' dir='ltr'>παρακοιμωμένους</span> <span class='ocrx_word' id='word_1_619' title='bbox 3366 4107 3461 4162; x_wconf 79' lang='grc' dir='ltr'>καὶ</span> <span class='ocrx_word' id='word_1_620' title='bbox 3491 4106 3614 4167; x_wconf 72' lang='grc' dir='ltr'>τοὺς</span> <span class='ocrx_word' id='word_1_621' title='bbox 3638 4104 3734 4172; x_wconf 83' lang='grc' dir='ltr'>τῆς</span> 
     </span>
    </p>
   </div>
   <div class='ocr_carea' id='block_1_87' title="bbox 2178 4193 3731 4280">
    <p class='ocr_par' dir='ltr' id='par_1_87' title="bbox 2178 4193 3731 4280">
     <span class='ocr_line' id='line_1_87' title="bbox 2178 4193 3731 4280; baseline -0.02 -5"><span class='ocrx_word' id='word_1_622' title='bbox 2178 4207 2390 4280; x_wconf 78' lang='grc' dir='ltr'>βίγλας,</span> <span class='ocrx_word' id='word_1_623' title='bbox 2415 4207 2496 4271; x_wconf 78' lang='grc' dir='ltr'><strong>τίς</strong></span> <span class='ocrx_word' id='word_1_624' title='bbox 2525 4201 2594 4276; x_wconf 76' lang='grc' dir='ltr'>ἦν</span> <span class='ocrx_word' id='word_1_625' title='bbox 2615 4206 2643 4258; x_wconf 88' lang='lat'><strong>6</strong></span> <span class='ocrx_word' id='word_1_626' title='bbox 2670 4204 2853 4272; x_wconf 77' lang='grc' dir='ltr'>λέξας,</span> <span class='ocrx_word' id='word_1_627' title='bbox 2881 4207 2980 4257; x_wconf 76' lang='grc' dir='ltr'>καὶ</span> <span class='ocrx_word' id='word_1_628' title='bbox 3008 4201 3301 4268; x_wconf 74' lang='grc' dir='ltr'>ἑξυπνίσας</span> <span class='ocrx_word' id='word_1_629' title='bbox 3331 4198 3420 4252; x_wconf 79' lang='grc' dir='ltr'>διὰ</span> <span class='ocrx_word' id='word_1_630' title='bbox 3447 4195 3538 4248; x_wconf 82' lang='grc' dir='ltr'><strong>τὸν</strong></span> <span class='ocrx_word' id='word_1_631' title='bbox 3557 4193 3731 4248; x_wconf 73' lang='grc' dir='ltr'>πλοῦνο</span> 
     </span>
    </p>
   </div>
   <div class='ocr_carea' id='block_1_88' title="bbox 500 4283 2051 4369">
    <p class='ocr_par' dir='ltr' id='par_1_88' title="bbox 500 4297 2051 4369">
     <span class='ocr_line' id='line_1_88' title="bbox 500 4297 2051 4369; baseline 0.001 -17"><span class='ocrx_word' id='word_1_632' title='bbox 500 4299 619 4358; x_wconf 84' lang='lat' dir='ltr'><strong>hias</strong></span> <span class='ocrx_word' id='word_1_633' title='bbox 647 4301 904 4368; x_wconf 79' lang='lat' dir='ltr'><strong>agebant,</strong></span> <span class='ocrx_word' id='word_1_634' title='bbox 938 4297 1187 4367; x_wconf 80' lang='lat' dir='ltr'><strong>rogabat,</strong></span> <span class='ocrx_word' id='word_1_635' title='bbox 1212 4297 1338 4368; x_wconf 88' lang='lat' dir='ltr'><strong>quis</strong></span> <span class='ocrx_word' id='word_1_636' title='bbox 1363 4305 1513 4354; x_wconf 86' lang='lat' dir='ltr'><strong>esset</strong></span> <span class='ocrx_word' id='word_1_637' title='bbox 1530 4298 1623 4369; x_wconf 90' lang='lat' dir='ltr'><strong>qui</strong></span> <span class='ocrx_word' id='word_1_638' title='bbox 1645 4313 1770 4354; x_wconf 85' lang='lat' dir='ltr'><strong>eum</strong></span> <span class='ocrx_word' id='word_1_639' title='bbox 1801 4300 2051 4355; x_wconf 75' lang='lat' dir='ltr'><strong>allocutu:</strong></span> 
     </span>
    </p>
   </div>
   <div class='ocr_carea' id='block_1_89' title="bbox 2154 4283 3733 4369">
    <p class='ocr_par' dir='ltr' id='par_1_89' title="bbox 2179 4283 3733 4367">
     <span class='ocr_line' id='line_1_89' title="bbox 2179 4283 3733 4367; baseline -0.012 -11"><span class='ocrx_word' id='word_1_640' title='bbox 2179 4297 2487 4356; x_wconf 75' lang='grc' dir='ltr'>πάντωνδὲ</span> <span class='ocrx_word' id='word_1_641' title='bbox 2516 4295 2886 4367; x_wconf 76' lang='grc' dir='ltr'>ἀρνουμένων,</span> <span class='ocrx_word' id='word_1_642' title='bbox 2924 4293 3126 4365; x_wconf 79' lang='grc' dir='ltr'>μηδένα</span> <span class='ocrx_word' id='word_1_643' title='bbox 3157 4291 3489 4362; x_wconf 77' lang='grc' dir='ltr'>ἑωρακέναι,</span> <span class='ocrx_word' id='word_1_644' title='bbox 3529 4286 3562 4358; x_wconf 77' lang='grc' dir='ltr'><strong>ἢ</strong></span> <span class='ocrx_word' id='word_1_645' title='bbox 3595 4283 3733 4355; x_wconf 82' lang='grc' dir='ltr'>παρά</span> 
     </span>
    </p>
   </div>
   <div class='ocr_carea' id='block_1_90' title="bbox 499 4379 2051 4461">
    <p class='ocr_par' dir='ltr' id='par_1_90' title="bbox 499 4389 2051 4461">
     <span class='ocr_line' id='line_1_90' title="bbox 499 4389 2051 4461; baseline 0 -17"><span class='ocrx_word' id='word_1_646' title='bbox 499 4400 838 4460; x_wconf 87' lang='lat' dir='ltr'><strong>essetatque</strong></span> <span class='ocrx_word' id='word_1_647' title='bbox 867 4389 933 4445; x_wconf 89' lang='lat' dir='ltr'><strong>ad</strong></span> <span class='ocrx_word' id='word_1_648' title='bbox 965 4391 1330 4461; x_wconf 89' lang='lat' dir='ltr'><strong>navigandum</strong></span> <span class='ocrx_word' id='word_1_649' title='bbox 1363 4390 1693 4457; x_wconf 81' lang='lat' dir='ltr'><strong>excitasset;</strong></span> <span class='ocrx_word' id='word_1_650' title='bbox 1727 4405 1853 4446; x_wconf 90' lang='lat' dir='ltr'><strong>cum</strong></span> <span class='ocrx_word' id='word_1_651' title='bbox 1879 4398 2051 4446; x_wconf 87' lang='lat' dir='ltr'><strong>auten</strong></span> 
     </span>
    </p>
   </div>
   <div class='ocr_carea' id='block_1_91' title="bbox 2154 4379 3730 4461">
    <p class='ocr_par' dir='ltr' id='par_1_91' title="bbox 2179 4379 3730 4461">
     <span class='ocr_line' id='line_1_91' title="bbox 2179 4379 3730 4461; baseline -0.012 -14"><span class='ocrx_word' id='word_1_652' title='bbox 2179 4410 2322 4455; x_wconf 84' lang='grc' dir='ltr'>τινος</span> <span class='ocrx_word' id='word_1_653' title='bbox 2349 4394 2650 4461; x_wconf 79' lang='grc' dir='ltr'>ἀκηκοέναι</span> <span class='ocrx_word' id='word_1_654' title='bbox 2671 4387 2802 4458; x_wconf 59' lang='grc' dir='ltr'><strong>’περὶ⁸</strong></span> <span class='ocrx_word' id='word_1_655' title='bbox 2825 4386 3038 4451; x_wconf 80' lang='grc' dir='ltr'>τούτου,</span> <span class='ocrx_word' id='word_1_656' title='bbox 3073 4383 3238 4438; x_wconf 89' lang='grc' dir='ltr'>πάλιν</span> <span class='ocrx_word' id='word_1_657' title='bbox 3259 4381 3470 4454; x_wconf 72' lang='grc' dir='ltr'>ἠρώτα,</span> <span class='ocrx_word' id='word_1_658' title='bbox 3502 4380 3550 4432; x_wconf 86' lang='grc' dir='ltr'><strong>εί</strong></span> <span class='ocrx_word' id='word_1_659' title='bbox 3571 4379 3596 4430; x_wconf 86' lang='lat'><strong>6</strong></span> <span class='ocrx_word' id='word_1_660' title='bbox 3614 4379 3730 4432; x_wconf 72' lang='grc' dir='ltr'>ἆνε-</span> 
     </span>
    </p>
   </div>
   <div class='ocr_carea' id='block_1_92' title="bbox 502 4470 2051 4556">
    <p class='ocr_par' dir='ltr' id='par_1_92' title="bbox 502 4482 2051 4552">
     <span class='ocr_line' id='line_1_92' title="bbox 502 4482 2051 4552; baseline -0.001 -15"><span class='ocrx_word' id='word_1_661' title='bbox 502 4496 719 4544; x_wconf 88' lang='lat' dir='ltr'><strong>omnes,</strong></span> <span class='ocrx_word' id='word_1_662' title='bbox 759 4497 878 4536; x_wconf 84' lang='lat' dir='ltr'><strong>sese</strong></span> <span class='ocrx_word' id='word_1_663' title='bbox 921 4496 1258 4550; x_wconf 84' lang='lat' dir='ltr'><strong>quemquam</strong></span> <span class='ocrx_word' id='word_1_664' title='bbox 1302 4482 1508 4538; x_wconf 83' lang='lat' dir='ltr'><strong>vidisse</strong></span> <span class='ocrx_word' id='word_1_665' title='bbox 1555 4492 1648 4538; x_wconf 90' lang='lat' dir='ltr'><strong>aut</strong></span> <span class='ocrx_word' id='word_1_666' title='bbox 1693 4498 1760 4538; x_wconf 83' lang='lat' dir='ltr'><strong>ex</strong></span> <span class='ocrx_word' id='word_1_667' title='bbox 1805 4483 1991 4552; x_wconf 88' lang='lat' dir='ltr'><strong>aliquo</strong></span> <span class='ocrx_word' id='word_1_668' title='bbox 2023 4483 2051 4536; x_wconf 76' lang='lat' dir='ltr'><strong>it</strong></span> 
     </span>
    </p>
   </div>
   <div class='ocr_carea' id='block_1_93' title="bbox 2154 4470 3728 4556">
    <p class='ocr_par' dir='ltr' id='par_1_93' title="bbox 2184 4470 3728 4556">
     <span class='ocr_line' id='line_1_93' title="bbox 2184 4470 3728 4556; baseline -0.009 -18"><span class='ocrx_word' id='word_1_669' title='bbox 2184 4502 2282 4556; x_wconf 88' lang='grc' dir='ltr'><strong>μος</strong></span> <span class='ocrx_word' id='word_1_670' title='bbox 2314 4482 2626 4551; x_wconf 69' lang='grc' dir='ltr'>ἐπιτήδειός</span> <span class='ocrx_word' id='word_1_671' title='bbox 2659 4482 2808 4534; x_wconf 67' lang='grc' dir='ltr'>ἔστιν</span> <span class='ocrx_word' id='word_1_672' title='bbox 2840 4478 2984 4532; x_wconf 73' lang='grc' dir='ltr'>κατὰ</span> <span class='ocrx_word' id='word_1_673' title='bbox 3027 4477 3089 4530; x_wconf 79' lang='grc' dir='ltr'><strong>τὸ</strong></span> <span class='ocrx_word' id='word_1_674' title='bbox 3128 4475 3318 4546; x_wconf 77' lang='grc' dir='ltr'>λεχθὲν</span> <span class='ocrx_word' id='word_1_675' title='bbox 3349 4471 3497 4543; x_wconf 80' lang='grc' dir='ltr'>αὐτῷ</span> <span class='ocrx_word' id='word_1_676' title='bbox 3517 4487 3531 4500; x_wconf 87' lang='grc'><strong>·</strong></span> <span class='ocrx_word' id='word_1_677' title='bbox 3569 4470 3728 4556; x_wconf 58' lang='grc' dir='ltr'>εἰπεῖν</span> 
     </span>
    </p>
   </div>
   <div class='ocr_carea' id='block_1_94' title="bbox 505 4572 2073 4643">
    <p class='ocr_par' dir='ltr' id='par_1_94' title="bbox 505 4572 2073 4643">
     <span class='ocr_line' id='line_1_94' title="bbox 505 4572 2073 4643; baseline -0.001 -14"><span class='ocrx_word' id='word_1_678' title='bbox 505 4572 802 4637; x_wconf 72' lang='lat' dir='ltr'><strong>audivisse,</strong></span> <span class='ocrx_word' id='word_1_679' title='bbox 839 4579 1134 4640; x_wconf 89' lang='lat' dir='ltr'><strong>negarent,</strong></span> <span class='ocrx_word' id='word_1_680' title='bbox 1174 4573 1374 4626; x_wconf 90' lang='lat' dir='ltr'><strong>iterum</strong></span> <span class='ocrx_word' id='word_1_681' title='bbox 1425 4573 1680 4643; x_wconf 76' lang='lat' dir='ltr'><strong>rogavit,</strong></span> <span class='ocrx_word' id='word_1_682' title='bbox 1735 4588 1804 4626; x_wconf 88' lang='lat' dir='ltr'><strong>an</strong></span> <span class='ocrx_word' id='word_1_683' title='bbox 1857 4582 2073 4638; x_wconf 86' lang='lat' dir='ltr'><strong>ventus,</strong></span> 
     </span>
    </p>
   </div>
   <div class='ocr_carea' id='block_1_95' title="bbox 507 4662 2073 4731">
    <p class='ocr_par' dir='ltr' id='par_1_95' title="bbox 507 4662 2073 4731">
     <span class='ocr_line' id='line_1_95' title="bbox 507 4662 2073 4731; baseline -0.004 -9"><span class='ocrx_word' id='word_1_684' title='bbox 507 4665 812 4722; x_wconf 77' lang='lat' dir='ltr'><strong>secundum</strong></span> <span class='ocrx_word' id='word_1_685' title='bbox 848 4663 990 4731; x_wconf 90' lang='lat' dir='ltr'><strong>quod</strong></span> <span class='ocrx_word' id='word_1_686' title='bbox 1025 4662 1075 4716; x_wconf 89' lang='lat' dir='ltr'><strong>ei</strong></span> <span class='ocrx_word' id='word_1_687' title='bbox 1126 4662 1334 4716; x_wconf 89' lang='lat' dir='ltr'><strong>dictum</strong></span> <span class='ocrx_word' id='word_1_688' title='bbox 1365 4672 1504 4726; x_wconf 89' lang='lat' dir='ltr'><strong>erat,</strong></span> <span class='ocrx_word' id='word_1_689' title='bbox 1557 4663 1838 4718; x_wconf 87' lang='lat' dir='ltr'><strong>secundus</strong></span> <span class='ocrx_word' id='word_1_690' title='bbox 1869 4671 2019 4717; x_wconf 87' lang='lat' dir='ltr'><strong>esset</strong></span> <span class='ocrx_word' id='word_1_691' title='bbox 2059 4679 2073 4716; x_wconf 90' lang='lat'>:</span> 
     </span>
    </p>
   </div>
   <div class='ocr_carea' id='block_1_96' title="bbox 506 4753 2077 4820">
    <p class='ocr_par' dir='ltr' id='par_1_96' title="bbox 506 4753 2077 4820">
     <span class='ocr_line' id='line_1_96' title="bbox 506 4753 2077 4820; baseline -0.001 -11"><span class='ocrx_word' id='word_1_692' title='bbox 506 4771 699 4810; x_wconf 89' lang='lat' dir='ltr'><strong>omnes</strong></span> <span class='ocrx_word' id='word_1_693' title='bbox 731 4764 931 4816; x_wconf 88' lang='lat' dir='ltr'><strong>autem,</strong></span> <span class='ocrx_word' id='word_1_694' title='bbox 974 4753 1313 4810; x_wconf 81' lang='lat' dir='ltr'><strong>contrarium</strong></span> <span class='ocrx_word' id='word_1_695' title='bbox 1343 4768 1487 4820; x_wconf 91' lang='lat' dir='ltr'><strong>esse,</strong></span> <span class='ocrx_word' id='word_1_696' title='bbox 1514 4763 1888 4808; x_wconf 82' lang='lat' dir='ltr'><strong>asserueruut.</strong></span> <span class='ocrx_word' id='word_1_697' title='bbox 1918 4753 1991 4807; x_wconf 88' lang='lat' dir='ltr'><strong>De</strong></span> <span class='ocrx_word' id='word_1_698' title='bbox 2017 4769 2077 4808; x_wconf 88' lang='lat' dir='ltr'><strong>re</strong></span> 
     </span>
    </p>
   </div>
   <div class='ocr_carea' id='block_1_97' title="bbox 511 4843 2075 4916">
    <p class='ocr_par' dir='ltr' id='par_1_97' title="bbox 511 4843 2075 4916">
     <span class='ocr_line' id='line_1_97' title="bbox 511 4843 2075 4916; baseline -0.001 -17"><span class='ocrx_word' id='word_1_699' title='bbox 511 4847 674 4913; x_wconf 88' lang='lat' dir='ltr'><strong>igitur</strong></span> <span class='ocrx_word' id='word_1_700' title='bbox 697 4845 840 4899; x_wconf 71' lang='lat' dir='ltr'><strong>dii-ta</strong></span> <span class='ocrx_word' id='word_1_701' title='bbox 867 4845 1096 4916; x_wconf 76' lang='lat' dir='ltr'><strong>visaque</strong></span> <span class='ocrx_word' id='word_1_702' title='bbox 1121 4844 1253 4914; x_wconf 89' lang='lat' dir='ltr'><strong>quid</strong></span> <span class='ocrx_word' id='word_1_703' title='bbox 1283 4852 1430 4900; x_wconf 85' lang='lat' dir='ltr'><strong>esset</strong></span> <span class='ocrx_word' id='word_1_704' title='bbox 1461 4885 1476 4910; x_wconf 91' lang='lat'><strong>,</strong></span> <span class='ocrx_word' id='word_1_705' title='bbox 1511 4858 1635 4898; x_wconf 90' lang='lat' dir='ltr'><strong>cum</strong></span> <span class='ocrx_word' id='word_1_706' title='bbox 1665 4843 1869 4897; x_wconf 85' lang='lat' dir='ltr'><strong>dubius</strong></span> <span class='ocrx_word' id='word_1_707' title='bbox 1899 4844 2075 4898; x_wconf 83' lang='lat' dir='ltr'><strong>haere-</strong></span> 
     </span>
    </p>
   </div>
   <div class='ocr_carea' id='block_1_98' title="bbox 513 4936 2081 5007">
    <p class='ocr_par' dir='ltr' id='par_1_98' title="bbox 513 4936 2081 5007">
     <span class='ocr_line' id='line_1_98' title="bbox 513 4936 2081 5007; baseline -0.001 -16"><span class='ocrx_word' id='word_1_708' title='bbox 513 4947 616 5001; x_wconf 77' lang='lat' dir='ltr'><strong>ret,</strong></span> <span class='ocrx_word' id='word_1_709' title='bbox 649 4939 959 5007; x_wconf 88' lang='lat' dir='ltr'><strong>iterumque</strong></span> <span class='ocrx_word' id='word_1_710' title='bbox 988 4953 1097 5005; x_wconf 71' lang='lat' dir='ltr'><strong>prae</strong></span> <span class='ocrx_word' id='word_1_711' title='bbox 1126 4938 1367 4993; x_wconf 83' lang='lat' dir='ltr'><strong>maxima</strong></span> <span class='ocrx_word' id='word_1_712' title='bbox 1397 4938 1794 4993; x_wconf 81' lang='lat' dir='ltr'><strong>exercitatione</strong></span> <span class='ocrx_word' id='word_1_713' title='bbox 1821 4936 1888 4990; x_wconf 87' lang='lat' dir='ltr'><strong>ad</strong></span> <span class='ocrx_word' id='word_1_714' title='bbox 1916 4937 2081 4990; x_wconf 88' lang='lat' dir='ltr'><strong>breve</strong></span> 
     </span>
    </p>
   </div>
   <div class='ocr_carea' id='block_1_99' title="bbox 515 5028 2080 5099">
    <p class='ocr_par' dir='ltr' id='par_1_99' title="bbox 515 5028 2080 5099">
     <span class='ocr_line' id='line_1_99' title="bbox 515 5028 2080 5099; baseline 0 -15"><span class='ocrx_word' id='word_1_715' title='bbox 515 5039 728 5099; x_wconf 83' lang='lat' dir='ltr'><strong>tempus</strong></span> <span class='ocrx_word' id='word_1_716' title='bbox 766 5032 1106 5090; x_wconf 87' lang='lat' dir='ltr'><strong>dormiturus</strong></span> <span class='ocrx_word' id='word_1_717' title='bbox 1159 5031 1324 5094; x_wconf 79' lang='lat' dir='ltr'><strong>foret,</strong></span> <span class='ocrx_word' id='word_1_718' title='bbox 1371 5032 1626 5087; x_wconf 87' lang='lat' dir='ltr'><strong>eumdem</strong></span> <span class='ocrx_word' id='word_1_719' title='bbox 1683 5031 1882 5085; x_wconf 84' lang='lat' dir='ltr'><strong>ducem</strong></span> <span class='ocrx_word' id='word_1_720' title='bbox 1937 5028 2080 5084; x_wconf 88' lang='lat' dir='ltr'><strong>idem</strong></span> 
     </span>
    </p>
   </div>
   <div class='ocr_carea' id='block_1_100' title="bbox 515 5123 2081 5197">
    <p class='ocr_par' dir='ltr' id='par_1_100' title="bbox 515 5123 2081 5197">
     <span class='ocr_line' id='line_1_100' title="bbox 515 5123 2081 5197; baseline 0 -21"><span class='ocrx_word' id='word_1_721' title='bbox 515 5133 724 5193; x_wconf 85' lang='lat' dir='ltr'><strong>martyr</strong></span> <span class='ocrx_word' id='word_1_722' title='bbox 769 5125 932 5177; x_wconf 83' lang='lat' dir='ltr'><strong>tertio</strong></span> <span class='ocrx_word' id='word_1_723' title='bbox 977 5125 1200 5191; x_wconf 82' lang='lat' dir='ltr'><strong>excitat,</strong></span> <span class='ocrx_word' id='word_1_724' title='bbox 1238 5123 1386 5182; x_wconf 88' lang='lat' dir='ltr'><strong>haud</strong></span> <span class='ocrx_word' id='word_1_725' title='bbox 1425 5139 1593 5197; x_wconf 89' lang='lat' dir='ltr'><strong>parvo</strong></span> <span class='ocrx_word' id='word_1_726' title='bbox 1623 5124 1808 5182; x_wconf 88' lang='lat' dir='ltr'><strong>studio</strong></span> <span class='ocrx_word' id='word_1_727' title='bbox 1839 5137 1906 5178; x_wconf 90' lang='lat' dir='ltr'><strong>ac</strong></span> <span class='ocrx_word' id='word_1_728' title='bbox 1945 5135 2081 5177; x_wconf 89' lang='lat' dir='ltr'><strong>con-</strong></span> 
     </span>
    </p>
   </div>
   <div class='ocr_carea' id='block_1_101' title="bbox 518 5217 1090 5274">
    <p class='ocr_par' dir='ltr' id='par_1_101' title="bbox 518 5217 1090 5274">
     <span class='ocr_line' id='line_1_101' title="bbox 518 5217 1090 5274; baseline 0 -4"><span class='ocrx_word' id='word_1_729' title='bbox 518 5217 758 5270; x_wconf 82' lang='lat' dir='ltr'><strong>tentione</strong></span> <span class='ocrx_word' id='word_1_730' title='bbox 784 5217 832 5272; x_wconf 83' lang='lat' dir='ltr'><strong>ei</strong></span> <span class='ocrx_word' id='word_1_731' title='bbox 863 5217 1052 5274; x_wconf 85' lang='lat' dir='ltr'><strong>dicens</strong></span> <span class='ocrx_word' id='word_1_732' title='bbox 1075 5234 1090 5270; x_wconf 90' lang='lat'><strong>:</strong></span> 
     </span>
    </p>
   </div>
   <div class='ocr_carea' id='block_1_102' title="bbox 596 5369 2077 5444">
    <p class='ocr_par' dir='ltr' id='par_1_102' title="bbox 596 5369 2077 5444">
     <span class='ocr_line' id='line_1_102' title="bbox 596 5369 2077 5444; baseline 0.005 -21"><span class='ocrx_word' id='word_1_733' title='bbox 596 5369 807 5444; x_wconf 79' lang='lat' dir='ltr'><strong>(95)_ln</strong></span> <span class='ocrx_word' id='word_1_734' title='bbox 832 5371 1018 5426; x_wconf 88' lang='lat' dir='ltr'><strong>codice</strong></span> <span class='ocrx_word' id='word_1_735' title='bbox 1041 5371 1169 5426; x_wconf 89' lang='lat' dir='ltr'><strong>olim</strong></span> <span class='ocrx_word' id='word_1_736' title='bbox 1211 5371 1531 5429; x_wconf 76' lang='lat' dir='ltr'><strong>Mazarinteo</strong></span> <span class='ocrx_word' id='word_1_737' title='bbox 1557 5388 1716 5430; x_wconf 89' lang='lat' dir='ltr'><strong>voces</strong></span> <span class='ocrx_word' id='word_1_738' title='bbox 1735 5374 1941 5444; x_wconf 87' lang='lat' dir='ltr'><strong>aliquot</strong></span> <span class='ocrx_word' id='word_1_739' title='bbox 1975 5375 2077 5430; x_wconf 90' lang='lat' dir='ltr'><strong>hoc</strong></span> 
     </span>
    </p>
   </div>
   <div class='ocr_carea' id='block_1_103' title="bbox 521 5439 2079 5514">
    <p class='ocr_par' dir='ltr' id='par_1_103' title="bbox 521 5439 2079 5514">
     <span class='ocr_line' id='line_1_103' title="bbox 521 5439 2079 5514; baseline 0.004 -22"><span class='ocrx_word' id='word_1_740' title='bbox 521 5439 638 5493; x_wconf 89' lang='lat' dir='ltr'><strong>loco</strong></span> <span class='ocrx_word' id='word_1_741' title='bbox 671 5439 804 5514; x_wconf 86' lang='lat' dir='ltr'><strong>adeo</strong></span> <span class='ocrx_word' id='word_1_742' title='bbox 834 5456 1010 5514; x_wconf 72' lang='lat' dir='ltr'><strong>exesae</strong></span> <span class='ocrx_word' id='word_1_743' title='bbox 1040 5451 1194 5514; x_wconf 83' lang='lat' dir='ltr'><strong>sunt,</strong></span> <span class='ocrx_word' id='word_1_744' title='bbox 1228 5455 1288 5496; x_wconf 92' lang='lat' dir='ltr'><strong>ut</strong></span> <span class='ocrx_word' id='word_1_745' title='bbox 1331 5445 1477 5498; x_wconf 89' lang='lat' dir='ltr'><strong>nulla</strong></span> <span class='ocrx_word' id='word_1_746' title='bbox 1522 5448 1683 5514; x_wconf 66' lang='lat' dir='ltr'><strong>piane</strong></span> <span class='ocrx_word' id='word_1_747' title='bbox 1714 5439 1925 5500; x_wconf 85' lang='lat' dir='ltr'><strong>ratione</strong></span> <span class='ocrx_word' id='word_1_748' title='bbox 1972 5444 2079 5514; x_wconf 88' lang='lat' dir='ltr'><strong>legi</strong></span> 
     </span>
    </p>
   </div>
   <div class='ocr_carea' id='block_1_104' title="bbox 523 5511 2084 5594">
    <p class='ocr_par' dir='ltr' id='par_1_104' title="bbox 523 5511 2084 5594">
     <span class='ocr_line' id='line_1_104' title="bbox 523 5511 2084 5594; baseline 0.004 -32"><span class='ocrx_word' id='word_1_749' title='bbox 523 5511 1086 5594; x_wconf 32' lang='lat' dir='ltr'><strong>potuerintireliquis</strong></span> <span class='ocrx_word' id='word_1_750' title='bbox 1114 5523 1318 5576; x_wconf 78' lang='lat' dir='ltr'><strong>autem,</strong></span> <span class='ocrx_word' id='word_1_751' title='bbox 1359 5511 1830 5594; x_wconf 47' lang='lat' dir='ltr'><strong>quem&#39;contextui</strong></span> <span class='ocrx_word' id='word_1_752' title='bbox 1868 5511 2084 5594; x_wconf 71' lang='lat' dir='ltr'><strong>confor-</strong></span> 
     </span>
    </p>
   </div>
   <div class='ocr_carea' id='block_1_105' title="bbox 523 5582 2086 5648">
    <p class='ocr_par' dir='ltr' id='par_1_105' title="bbox 523 5582 2086 5648">
     <span class='ocr_line' id='line_1_105' title="bbox 523 5582 2086 5648; baseline 0.008 -18"><span class='ocrx_word' id='word_1_753' title='bbox 523 5582 753 5648; x_wconf 83' lang='lat' dir='ltr'><strong>miorem</strong></span> <span class='ocrx_word' id='word_1_754' title='bbox 781 5582 1111 5648; x_wconf 81' lang='lat' dir='ltr'><strong>existimavi,</strong></span> <span class='ocrx_word' id='word_1_755' title='bbox 1143 5582 1390 5640; x_wconf 32' lang='lat' dir='ltr'><strong>sensum’</strong></span> <span class='ocrx_word' id='word_1_756' title='bbox 1413 5584 1468 5640; x_wconf 90' lang='lat' dir='ltr'><strong>in</strong></span> <span class='ocrx_word' id='word_1_757' title='bbox 1502 5587 1753 5641; x_wconf 78' lang='lat' dir='ltr'><strong>versione</strong></span> <span class='ocrx_word' id='word_1_758' title='bbox 1782 5583 1973 5642; x_wconf 86' lang='lat' dir='ltr'><strong>Latina</strong></span> <span class='ocrx_word' id='word_1_759' title='bbox 2008 5595 2086 5642; x_wconf 87' lang='lat' dir='ltr'><strong>at—</strong></span> 
     </span>
    </p>
   </div>
   <div class='ocr_carea' id='block_1_106' title="bbox 523 5647 711 5706">
    <p class='ocr_par' dir='ltr' id='par_1_106' title="bbox 523 5647 711 5706">
     <span class='ocr_line' id='line_1_106' title="bbox 523 5647 711 5706; baseline 0.016 -3"><span class='ocrx_word' id='word_1_760' title='bbox 523 5647 711 5706; x_wconf 87' lang='lat' dir='ltr'><strong>tribui.</strong></span> 
     </span>
    </p>
   </div>
   <div class='ocr_carea' id='block_1_107' title="bbox 2179 4555 3730 4640">
    <p class='ocr_par' dir='ltr' id='par_1_107' title="bbox 2179 4555 3730 4640">
     <span class='ocr_line' id='line_1_107' title="bbox 2179 4555 3730 4640; baseline -0.012 -8"><span class='ocrx_word' id='word_1_761' title='bbox 2179 4578 2236 4632; x_wconf 73' lang='grc' dir='ltr'>δὲ</span> <span class='ocrx_word' id='word_1_762' title='bbox 2256 4577 2387 4640; x_wconf 79' lang='grc' dir='ltr'>τοὺς</span> <span class='ocrx_word' id='word_1_763' title='bbox 2418 4575 2632 4636; x_wconf 84' lang='grc' dir='ltr'>πάντας</span> <span class='ocrx_word' id='word_1_764' title='bbox 2661 4572 2906 4627; x_wconf 78' lang='grc' dir='ltr'>ἐναντίον</span> <span class='ocrx_word' id='word_1_765' title='bbox 2953 4569 3246 4639; x_wconf 85' lang='grc' dir='ltr'>τυγχάνειν</span> <span class='ocrx_word' id='word_1_766' title='bbox 3270 4582 3286 4600; x_wconf 76' lang='grc' dir='ltr'><strong>ο</strong></span> <span class='ocrx_word' id='word_1_767' title='bbox 3337 4567 3396 4620; x_wconf 76' lang='grc' dir='ltr'>ὲν</span> <span class='ocrx_word' id='word_1_768' title='bbox 3422 4563 3620 4634; x_wconf 73' lang='grc' dir='ltr'>ἀπορίᾳ</span> <span class='ocrx_word' id='word_1_769' title='bbox 3645 4555 3730 4614; x_wconf 79' lang='grc' dir='ltr'>οὖν</span> 
     </span>
    </p>
   </div>
   <div class='ocr_carea' id='block_1_108' title="bbox 2179 4649 3729 4738">
    <p class='ocr_par' dir='ltr' id='par_1_108' title="bbox 2179 4649 3729 4738">
     <span class='ocr_line' id='line_1_108' title="bbox 2179 4649 3729 4738; baseline -0.012 -14"><span class='ocrx_word' id='word_1_770' title='bbox 2179 4669 2274 4724; x_wconf 86' lang='grc' dir='ltr'><strong>τοῦ</strong></span> <span class='ocrx_word' id='word_1_771' title='bbox 2331 4667 2616 4738; x_wconf 80' lang='grc' dir='ltr'>λεχθέντος</span> <span class='ocrx_word' id='word_1_772' title='bbox 2672 4682 2731 4719; x_wconf 87' lang='grc' dir='ltr'><strong>τε</strong></span> <span class='ocrx_word' id='word_1_773' title='bbox 2786 4663 2885 4719; x_wconf 71' lang='grc' dir='ltr'><strong>καὶ</strong></span> <span class='ocrx_word' id='word_1_774' title='bbox 2911 4663 3202 4734; x_wconf 83' lang='grc' dir='ltr'>δραθέντος</span> <span class='ocrx_word' id='word_1_775' title='bbox 3252 4649 3616 4730; x_wconf 84' lang='grc' dir='ltr'>γεγενημένου</span> <span class='ocrx_word' id='word_1_776' title='bbox 3644 4652 3729 4706; x_wconf 75' lang='grc' dir='ltr'>καὶ</span> 
     </span>
    </p>
   </div>
   <div class='ocr_carea' id='block_1_109' title="bbox 2186 4741 3729 4826">
    <p class='ocr_par' dir='ltr' id='par_1_109' title="bbox 2186 4741 3729 4826">
     <span class='ocr_line' id='line_1_109' title="bbox 2186 4741 3729 4826; baseline -0.011 -16"><span class='ocrx_word' id='word_1_777' title='bbox 2186 4755 2468 4826; x_wconf 87' lang='grc' dir='ltr'>μέλλοντος</span> <span class='ocrx_word' id='word_1_778' title='bbox 2493 4753 2656 4807; x_wconf 85' lang='grc' dir='ltr'>πάλιν</span> <span class='ocrx_word' id='word_1_779' title='bbox 2674 4755 2743 4807; x_wconf 79' lang='grc' dir='ltr'>ὲκ</span> <span class='ocrx_word' id='word_1_780' title='bbox 2772 4752 3035 4821; x_wconf 87' lang='grc' dir='ltr'>πλείστης</span> <span class='ocrx_word' id='word_1_781' title='bbox 3071 4747 3386 4818; x_wconf 79' lang='grc' dir='ltr'>ἀδολεσχίας</span> <span class='ocrx_word' id='word_1_782' title='bbox 3409 4749 3549 4816; x_wconf 79' lang='grc' dir='ltr'>πρὸς</span> <span class='ocrx_word' id='word_1_783' title='bbox 3573 4741 3729 4807; x_wconf 83' lang='grc' dir='ltr'>ὀλίγον</span> 
     </span>
    </p>
   </div>
   <div class='ocr_carea' id='block_1_110' title="bbox 2181 4833 3730 4916">
    <p class='ocr_par' dir='ltr' id='par_1_110' title="bbox 2181 4833 3730 4916">
     <span class='ocr_line' id='line_1_110' title="bbox 2181 4833 3730 4916; baseline -0.01 -14"><span class='ocrx_word' id='word_1_784' title='bbox 2181 4849 2483 4916; x_wconf 80' lang='grc' dir='ltr'>ἁφυπνοῦν,</span> <span class='ocrx_word' id='word_1_785' title='bbox 2514 4845 2608 4899; x_wconf 78' lang='grc' dir='ltr'><strong>τὸν</strong></span> <span class='ocrx_word' id='word_1_786' title='bbox 2635 4845 2800 4899; x_wconf 77' lang='grc' dir='ltr'>αὐτδν</span> <span class='ocrx_word' id='word_1_787' title='bbox 2834 4843 3142 4916; x_wconf 77' lang='grc' dir='ltr'>στρατηγὸν</span> <span class='ocrx_word' id='word_1_788' title='bbox 3178 4841 3342 4904; x_wconf 79' lang='grc' dir='ltr'>αὐτὸς</span> <span class='ocrx_word' id='word_1_789' title='bbox 3373 4841 3400 4894; x_wconf 92' lang='lat'><strong>6</strong></span> <span class='ocrx_word' id='word_1_790' title='bbox 3432 4839 3629 4912; x_wconf 83' lang='grc' dir='ltr'>μάρτυς</span> <span class='ocrx_word' id='word_1_791' title='bbox 3671 4833 3730 4887; x_wconf 75' lang='grc' dir='ltr'>ἐκ</span> 
     </span>
    </p>
   </div>
   <div class='ocr_carea' id='block_1_111' title="bbox 2181 4923 3724 5008">
    <p class='ocr_par' dir='ltr' id='par_1_111' title="bbox 2181 4923 3724 5008">
     <span class='ocr_line' id='line_1_111' title="bbox 2181 4923 3724 5008; baseline -0.002 -18"><span class='ocrx_word' id='word_1_792' title='bbox 2181 4937 2374 5008; x_wconf 86' lang='grc' dir='ltr'>τρίτης</span> <span class='ocrx_word' id='word_1_793' title='bbox 2421 4935 2778 5007; x_wconf 84' lang='grc' dir='ltr'>παρίσταται,</span> <span class='ocrx_word' id='word_1_794' title='bbox 2808 4933 2871 4989; x_wconf 82' lang='grc' dir='ltr'><strong>οὐ</strong></span> <span class='ocrx_word' id='word_1_795' title='bbox 2926 4935 3099 5007; x_wconf 80' lang='grc' dir='ltr'>μικρᾷ</span> <span class='ocrx_word' id='word_1_796' title='bbox 3149 4933 3356 5005; x_wconf 73' lang='grc' dir='ltr'>σπουδῇ</span> <span class='ocrx_word' id='word_1_797' title='bbox 3393 4932 3488 4986; x_wconf 81' lang='grc' dir='ltr'>καὶ</span> <span class='ocrx_word' id='word_1_798' title='bbox 3536 4923 3724 4999; x_wconf 80' lang='grc' dir='ltr'>ταραχῇ</span> 
     </span>
    </p>
   </div>
   <div class='ocr_carea' id='block_1_112' title="bbox 2185 5025 2575 5097">
    <p class='ocr_par' dir='ltr' id='par_1_112' title="bbox 2185 5025 2575 5097">
     <span class='ocr_line' id='line_1_112' title="bbox 2185 5025 2575 5097; baseline -0.013 -15"><span class='ocrx_word' id='word_1_799' title='bbox 2185 5026 2336 5097; x_wconf 81' lang='grc' dir='ltr'>αὑτῷ</span> <span class='ocrx_word' id='word_1_800' title='bbox 2363 5025 2536 5081; x_wconf 75' lang='grc' dir='ltr'>εἰπών</span> <span class='ocrx_word' id='word_1_801' title='bbox 2559 5041 2575 5057; x_wconf 81' lang='grc'><em>’</em></span> 
     </span>
    </p>
   </div>
   <div class='ocr_carea' id='block_1_113' title="bbox 2260 5369 3736 5446">
    <p class='ocr_par' dir='ltr' id='par_1_113' title="bbox 2260 5369 3736 5446">
     <span class='ocr_line' id='line_1_113' title="bbox 2260 5369 3736 5446; baseline -0.005 -15"><span class='ocrx_word' id='word_1_802' title='bbox 2260 5374 2372 5446; x_wconf 88' lang='lat'><strong>(96)</strong></span> <span class='ocrx_word' id='word_1_803' title='bbox 2410 5375 2468 5430; x_wconf 94' lang='lat' dir='ltr'><strong>ln</strong></span> <span class='ocrx_word' id='word_1_804' title='bbox 2501 5375 2684 5446; x_wconf 82' lang='lat' dir='ltr'><strong>codice</strong></span> <span class='ocrx_word' id='word_1_805' title='bbox 2713 5375 2851 5446; x_wconf 79' lang='lat' dir='ltr'><strong>olim_</strong></span> <span class='ocrx_word' id='word_1_806' title='bbox 2878 5373 3214 5446; x_wconf 65' lang='lat' dir='ltr'><strong>Mazariuazo</strong></span> <span class='ocrx_word' id='word_1_807' title='bbox 3249 5387 3408 5429; x_wconf 89' lang='lat' dir='ltr'><strong>voces</strong></span> <span class='ocrx_word' id='word_1_808' title='bbox 3444 5371 3625 5446; x_wconf 83' lang='lat' dir='ltr'><strong>iterum</strong></span> <span class='ocrx_word' id='word_1_809' title='bbox 3648 5369 3736 5424; x_wconf 81' lang='lat' dir='ltr'><strong>ali-</strong></span> 
     </span>
    </p>
   </div>
   <div class='ocr_carea' id='block_1_114' title="bbox 2189 5442 3733 5515">
    <p class='ocr_par' dir='ltr' id='par_1_114' title="bbox 2189 5442 3733 5515">
     <span class='ocr_line' id='line_1_114' title="bbox 2189 5442 3733 5515; baseline -0.003 -17"><span class='ocrx_word' id='word_1_810' title='bbox 2189 5442 2324 5513; x_wconf 70' lang='lat' dir='ltr'><strong>quot</strong></span> <span class='ocrx_word' id='word_1_811' title='bbox 2353 5442 2531 5501; x_wconf 69' lang='lat' dir='ltr'><strong>exesae</strong></span> <span class='ocrx_word' id='word_1_812' title='bbox 2549 5445 2639 5515; x_wconf 84' lang='lat' dir='ltr'><strong>hic</strong></span> <span class='ocrx_word' id='word_1_813' title='bbox 2667 5453 2812 5508; x_wconf 87' lang='lat' dir='ltr'><strong>sunt,</strong></span> <span class='ocrx_word' id='word_1_814' title='bbox 2840 5444 3000 5515; x_wconf 88' lang='lat' dir='ltr'><strong>idque</strong></span> <span class='ocrx_word' id='word_1_815' title='bbox 3021 5447 3117 5507; x_wconf 83' lang='lat' dir='ltr'><strong>ita,</strong></span> <span class='ocrx_word' id='word_1_816' title='bbox 3141 5455 3202 5500; x_wconf 92' lang='lat' dir='ltr'><strong>ut</strong></span> <span class='ocrx_word' id='word_1_817' title='bbox 3233 5461 3342 5500; x_wconf 86' lang='lat' dir='ltr'><strong>non</strong></span> <span class='ocrx_word' id='word_1_818' title='bbox 3380 5442 3571 5511; x_wconf 89' lang='lat' dir='ltr'><strong>magis,</strong></span> <span class='ocrx_word' id='word_1_819' title='bbox 3594 5453 3733 5508; x_wconf 85' lang='lat' dir='ltr'><strong>quam</strong></span> 
     </span>
    </p>
   </div>
   <div class='ocr_carea' id='block_1_115' title="bbox 2190 5513 3734 5589">
    <p class='ocr_par' dir='ltr' id='par_1_115' title="bbox 2190 5513 3734 5589">
     <span class='ocr_line' id='line_1_115' title="bbox 2190 5513 3734 5589; baseline -0.005 -19"><span class='ocrx_word' id='word_1_820' title='bbox 2190 5516 2256 5589; x_wconf 82' lang='lat' dir='ltr'><strong>de</strong></span> <span class='ocrx_word' id='word_1_821' title='bbox 2272 5517 2468 5589; x_wconf 76' lang='lat' dir='ltr'><strong>quibus</strong></span> <span class='ocrx_word' id='word_1_822' title='bbox 2497 5513 2563 5568; x_wconf 91' lang='lat' dir='ltr'><strong>ad</strong></span> <span class='ocrx_word' id='word_1_823' title='bbox 2591 5523 2708 5589; x_wconf 67' lang='lat' dir='ltr'><strong>not.</strong></span> <span class='ocrx_word' id='word_1_824' title='bbox 2741 5513 3065 5589; x_wconf 72' lang='lat' dir='ltr'><strong>praecedant.</strong></span> <span class='ocrx_word' id='word_1_825' title='bbox 3109 5515 3210 5586; x_wconf 85' lang='lat' dir='ltr'><strong>legi</strong></span> <span class='ocrx_word' id='word_1_826' title='bbox 3241 5523 3463 5585; x_wconf 88' lang='lat' dir='ltr'><strong>queant,</strong></span> <span class='ocrx_word' id='word_1_827' title='bbox 3484 5526 3547 5566; x_wconf 89' lang='lat' dir='ltr'><strong>eo</strong></span> <span class='ocrx_word' id='word_1_828' title='bbox 3582 5517 3734 5589; x_wconf 75' lang='lat' dir='ltr'><strong>tamen</strong></span> 
     </span>
    </p>
   </div>
   <div class='ocr_carea' id='block_1_116' title="bbox 2195 5585 3738 5654">
    <p class='ocr_par' dir='ltr' id='par_1_116' title="bbox 2195 5585 3738 5654">
     <span class='ocr_line' id='line_1_116' title="bbox 2195 5585 3738 5654; baseline -0.003 -14"><span class='ocrx_word' id='word_1_829' title='bbox 2195 5585 2534 5649; x_wconf 80' lang='lat' dir='ltr'><strong>discrimine,</strong></span> <span class='ocrx_word' id='word_1_830' title='bbox 2566 5585 2734 5654; x_wconf 84' lang='lat' dir='ltr'><strong>quod,</strong></span> <span class='ocrx_word' id='word_1_831' title='bbox 2763 5601 2882 5649; x_wconf 67' lang='lat' dir='ltr'><strong>qua:</strong></span> <span class='ocrx_word' id='word_1_832' title='bbox 2907 5585 3010 5641; x_wconf 89' lang='lat' dir='ltr'><strong>hoc</strong></span> <span class='ocrx_word' id='word_1_833' title='bbox 3031 5586 3152 5644; x_wconf 91' lang='lat' dir='ltr'><strong>loco</strong></span> <span class='ocrx_word' id='word_1_834' title='bbox 3197 5598 3376 5646; x_wconf 64' lang='lat' dir='ltr'><strong>exesae</strong></span> <span class='ocrx_word' id='word_1_835' title='bbox 3394 5590 3541 5652; x_wconf 86' lang='lat' dir='ltr'><strong>sunt,</strong></span> <span class='ocrx_word' id='word_1_836' title='bbox 3559 5585 3738 5648; x_wconf 84' lang='lat' dir='ltr'><strong>sensui,</strong></span> 
     </span>
    </p>
   </div>
   <div class='ocr_carea' id='block_1_117' title="bbox 2201 5653 3005 5725">
    <p class='ocr_par' dir='ltr' id='par_1_117' title="bbox 2201 5653 3005 5725">
     <span class='ocr_line' id='line_1_117' title="bbox 2201 5653 3005 5725; baseline 0.004 -16"><span class='ocrx_word' id='word_1_837' title='bbox 2201 5667 2257 5710; x_wconf 89' lang='lat' dir='ltr'><strong>ut</strong></span> <span class='ocrx_word' id='word_1_838' title='bbox 2293 5664 2532 5725; x_wconf 82' lang='lat' dir='ltr'><strong>apparet,</strong></span> <span class='ocrx_word' id='word_1_839' title='bbox 2567 5653 2712 5710; x_wconf 86' lang='lat' dir='ltr'><strong>haud</strong></span> <span class='ocrx_word' id='word_1_840' title='bbox 2745 5654 3005 5713; x_wconf 84' lang='lat' dir='ltr'><strong>olIiciant.</strong></span> 
     </span>
    </p>
   </div>
  </div>
