4090 6384
406 267 545 338 1373

1415 273 1473 333 S.
1521 269 1902 332 DEMETRII
1941 271 2335 336 MARTYRIS
2390 274 2594 336 ACTA.

3503 267 3644 334 1374

475 380 572 436 σδ’.
619 379 698 436 Συ
720 381 796 454 μὴ
826 381 1132 455 ἀμελήσῃς,
1163 380 1400 451 ιγειρον,
1444 380 1760 453 ἀρμινισον,
1789 381 1820 434 6
1850 381 1974 436 ἄνευ

2142 384 2272 440 τοι.
2307 382 2386 441 ‘l'u
2434 401 2503 441 ne
2550 385 2760 456 absque
2809 398 2940 441 cura
2968 397 3068 449 srs,
3099 383 3500 455 expergiscere,
3523 383 3644 438 vela

404 491 504 546 μσς
525 475 833 545 ἐπιτήδειός
856 477 1028 530 ἐστιν.
1066 475 1196 529 Ἰδοὺ
1228 475 1294 528 σὺ
1336 474 1642 540 καθεύδεις,
1671 475 1767 529 καὶ
1821 473 1972 529 ἄλλοι

401 567 816 638 ἀρμενίζουσιν.
863 567 999 620 Τότε
1034 565 1224 619 λοιπὸν
1279 565 1582 636 διεγερθεὶς
1619 565 1710 619 καὶ
1739 567 1922 628 συνεὶς
1944 567 1973 618 ό

405 658 718 727 θαυμαστὸς
751 657 846 711 καὶ
875 655 1190 720 ἀξιοθέατος
1225 656 1454 718 ικεῐνος,
1499 656 1593 708 καὶ
1637 654 1806 717 ὅντως
1837 655 1973 724 γνή-

406 767 520 812 σιος
560 750 715 818 φίλος
733 748 827 803 τοῦ
849 749 984 802 Θεοῦ
1013 750 1107 803 καὶ
1134 747 1228 802 τοῦ
1263 747 1538 818 μάρτυρος
1566 745 1643 809 ὡς
1682 747 1808 818 θείᾳ
1833 747 1973 799 ἀπσ-

406 839 639 910 καλύψει
666 842 760 894 καὶ
788 841 847 893 ού
885 839 1028 892 κατὰ
1057 838 1360 907 φαντασίαν
1405 838 1506 903 τὴν
1535 837 1798 906 τοιαύτην
1843 853 1975 907 προσ

406 932 616 1003 τροπὴν
673 931 768 984 τοῦ
825 930 1011 993 πλοὸς,
1052 929 1250 982 αὐτίκα
1293 927 1608 991 διαναστὰς,
1641 929 1737 980 καὶ
1765 927 1864 980 οὐκ
1892 927 1972 980 ἔτι

405 1025 530 1079 τινὰ
560 1024 690 1094 περὶ
722 1021 916 1076 τούτου
949 1021 1285 1091 διερωτήσας
1311 1020 1513 1090 ἤρξατο
1535 1019 1661 1082 τοὺς
1695 1018 1973 1090 καράϐους

407 1119 736 1189 διατρέχειν,
771 1115 866 1170 καὶ
893 1113 1228 1184 προσέταξεν
1257 1112 1510 1183 ὲξορμεῖν
1544 1112 1610 1164 τὰ
1637 1113 1770 1180 πρὸς
1801 1112 1973 1181 ἡμᾶς.

406 1210 582 1266 Τινῶν
613 1210 670 1262 δὲ
721 1207 1058 1277 φασκόντων,
1092 1206 1204 1259 τῶν
1235 1205 1452 1275 ἀνέμων
1497 1203 1756 1257 ἐναντίων
1783 1203 1971 1267 ὅντων,

405 1305 498 1358 καὶ
520 1302 700 1357 αὐτῶν
731 1300 800 1354 τὰ
831 1301 931 1369 τῆς
979 1299 1178 1368 ἑορτῆς
1220 1299 1401 1351 ἐκεῖσε
1433 1295 1780 1367 εὐτρεπίζειν
1817 1312 1976 1348 orton-

400 1395 691 1461 δαζόντων,
716 1392 820 1447 πού
845 1391 1137 1463 βούλεσθαι
1173 1390 1274 1458 ἔφη
1307 1391 1366 1442 ἐν
1395 1391 1568 1458 ἑτέρῳ
1595 1389 1652 1442 τύ
1665 1405 1749 1457 πιρ
1773 1389 1976 1456 ἐρημο-

399 1491 546 1562 τέρῳ
565 1485 871 1556 ἀποφέρειν
905 1483 1128 1546 αύτούς.
1175 1477 1307 1534 Εἶτα
1337 1481 1396 1534 δὲ
1441 1480 1653 1534 ἐκείνου
1685 1481 1746 1532 ἐκ
1778 1479 1876 1549 τῆς
1909 1478 1973 1530 ὲκ

399 1581 586 1650 τρίτου
610 1577 934 1639 ἐπιστασίας
953 1575 1048 1629 τοῦ
1079 1574 1358 1644 μάρτυρος
1385 1572 1770 1642 ὴκριϐωμένου
1801 1570 1976 1640 ὑπάρ-

400 1687 609 1741 χοντος,
655 1671 723 1722 ἑκ
776 1669 874 1738 τῆς
931 1666 1195 1737 ἑπιμόνου
1259 1665 1425 1720 αὐτοῦ
1476 1663 1753 1736 ὀχλήσεὼς
1783 1680 1842 1715 τε
1877 1660 1974 1715 καὶ

403 1762 639 1832 θεωρίας
662 1759 757 1815 τοῦ
781 1757 1196 1828 ύπερασπιστοῦ
1222 1759 1322 1828 τῆς
1358 1757 1568 1820 πόλεως
1603 1756 1762 1825 ἡμῶν
1789 1757 1974 1826 Δημη-

399 1855 575 1925 τρίου,
607 1855 701 1908 τδν
740 1851 910 1907 πλοῦν
959 1851 1112 1923 αύτῷ
1136 1851 1446 1922 ἐπιτήδειον
1499 1847 1744 1912 ἔσεσθαι,
1787 1863 1976 1916 κωπη-

399 1947 585 2000 λατεῖν
626 1944 762 2014 πρὸς
793 1944 889 2014 τὴν
921 1943 1099 2014 ὁρμὴν
1135 1944 1230 1997 τοῦ
1264 1942 1427 2005 πλοὸς
1456 1941 1847 2012 προσέταττεν,
1878 1939 1975 1992 καὶ⁵

399 2040 464 2110 δὴ
517 2039 620 2109 δρᾷ
655 2035 921 2108 κάραϐον,
973 2036 1049 2099 ὡς
1083 2036 1190 2089 ἀπὺ
1227 2035 1338 2088 τῶν
1393 2034 1577 2105 μερῶν
1605 2031 1873 2093 Χαλκίδος
1895 2031 1975 2092 εἰς

399 2131 470 2186 τὰ
514 2129 650 2202 πρὸς
702 2127 898 2190 αὐτοὺς
941 2123 1307 2198 ἀρμενίζοντα
1350 2125 1575 2189 εὐθέως,
1609 2123 1701 2177 καὶ
1729 2119 1974 2193 ιμνήσθη

398 2220 492 2277 τίὖ
525 2223 582 2276 ἐν
611 2218 956 2290 ἀποκαλύψει
977 2217 1261 2288 λεχθέντος
1288 2217 1462 2287 αὐτῷ.

469 2414 568 2463 σε’.
611 2406 821 2462 Αὐτίκα
853 2405 987 2475 γοῦν
1017 2409 1082 2477 τῇ
1126 2403 1322 2474 ἐλασίᾳ
1366 2400 1477 2457 τῶν
1506 2400 1766 2473 καράϐων
1808 2399 1978 2462 ἐξιόν-

396 2519 530 2567 των,
584 2499 679 2554 καὶ
713 2497 809 2554 τοῦ
856 2498 1083 2568 ἀνέμου,
1116 2497 1191 2559 ῶς
1224 2496 1459 2565 ἔφημεν,
1507 2494 1653 2546 κατά
1685 2491 1975 2562 πρόσωπον

395 2597 569 2658 ὄντος,
620 2593 777 2663 ἀφνω
829 2590 1061 2660 νεύματι
1109 2589 1242 2659 θείῳ
1283 2589 1372 2641 διὰ
1398 2589 1506 2640 τῶν
1535 2585 1842 2656 πρεσϐειῶν
1883 2585 1976 2639 τοῦ

398 2685 699 2754 ἀθλοφόροι)
723 2685 788 2736 ἐκ
805 2682 913 2734 τῶν
931 2679 1158 2734 δπισθεν
1172 2678 1381 2741 τούτοις
1405 2678 1757 2748 οὐριοδρόμος
1776 2677 1978 2742 ἄνεμος

398 2779 682 2838 κατιπνει,
708 2774 804 2827 καὶ
838 2770 1175 2833 πλεύσαντες
1209 2768 1483 2838 ἁρμοδίως
1514 2772 1612 2821 καὶ
1639 2766 1976 2838 ἀρμενίσανσ

395 2886 485 2932 τες
521 2866 782 2930 εὐθέτως,
827 2868 895 2934 τῇ
925 2864 1058 2933 ἁγίᾳ
1101 2863 1325 2932 τετράδι
1367 2861 1468 2931 τὴν
1494 2861 1594 2930 τῆς
1630 2859 1791 2924 ἁγίας
1821 2859 1978 2910 ἐϐδο-

400 2962 566 3032 μάδος
590 2959 740 3028 ῶραν
784 2956 1022 3026 ἑϐδόμην
1047 2956 1143 3023 τὴν
1176 2954 1472 3023 θεόρυστον
1499 2952 1706 3019 ταύτην
1740 2950 1976 3002 κατέλαο

2076 474 2268 542 facias,
2305 477 2578 532 secundus
2616 486 2700 532 est
2738 485 2953 532 ventus.
2991 475 3154 539 Ecce,
3213 485 3271 528 ιιι
3319 473 3553 538 dormis,
3583 488 3649 529 ac

2075 571 2168 625 alii
2205 571 2481 640 navigant.
2525 567 2701 634 Tunc,
2727 583 2852 624 cum
2889 568 3108 622 tandem
3155 566 3426 620 mirabilis
3453 565 3548 620 ille
3579 580 3646 619 ac

2075 663 2295 720 visione
2315 662 2623 717 honoratus
2669 660 2874 730 Deique
2901 668 2956 714 et
2985 658 3244 730 martyris
3275 659 3488 712 amicus
3519 671 3648 710 vere

2074 755 2347 825 genuinus
2371 762 2516 808 esset
2539 749 2972 821 expergefactus,
3006 764 3071 804 ac
3101 749 3264 802 talem
3291 747 3358 800 ad
3387 746 3648 814 navigan-

2074 846 2202 901 dum
2234 845 2608 900 invitationem
2637 859 2668 899 ιι
2697 844 2879 898 divina
2903 841 3258 903 revelatione,
3284 853 3392 892 non
3417 838 3484 891 ab
3508 838 3648 891 ima-

2075 938 2358 1008 ginatione
2407 952 2568 1001 esse,
2617 935 2966 1004 intelligeret,
3017 934 3202 989 statim
3247 944 3502 1001 surgens,
3547 943 3648 982 nec

2075 1046 2412 1102 quemquam
2443 1031 2682 1100 ampli-us
2708 1030 2774 1085 de
2815 1045 2876 1084 re
2903 1028 2995 1082 illa
3027 1029 3374 1097 interrogans
3418 1023 3648 1079 carabos

2076 1137 2400 1194 percurrere
2430 1122 2620 1191 erepit,
2648 1130 2813 1190 atque
2865 1131 2926 1174 ut
2972 1133 3161 1174 versus
3200 1127 3386 1187 partes
3431 1125 3648 1170 nostras

2077 1215 2373 1280 solverent,
2397 1212 2674 1283 prmeepit.
2695 1211 2834 1265 Cum
2853 1219 3031 1265 autem
3057 1210 3280 1279 quidam
3315 1217 3506 1260 ventos
3526 1220 3650 1260 esse

2077 1304 2408 1368 contrarios,
2441 1318 2608 1373 seque
2640 1311 2700 1358 ut
2747 1301 2816 1357 ad
2859 1301 3060 1356 festum
3110 1298 3413 1370 spectantia
3445 1297 3647 1351 ibidem

2077 1403 2473 1466 praepararent,
2527 1408 2748 1462 operam
2803 1394 2958 1454 dare.
3012 1398 3344 1451 assererem,
3386 1385 3525 1440 velle
3568 1400 3649 1449 se,

2077 1487 2333 1552 dicebat,
2367 1485 2557 1556 aliquo
2592 1483 2661 1539 ad
2693 1485 2870 1539 locum
2919 1482 3178 1552 praesidio
3215 1481 3390 1550 magis
3420 1478 3653 1534 destitu-

2079 1593 2192 1639 tum
2228 1597 2324 1638 eos
2357 1581 2650 1636 abducere.
2685 1575 2888 1630 Deinde
2922 1591 3052 1630 vero
3103 1587 3229 1628 cum
3276 1575 3323 1627 is
3373 1587 3437 1625 ex
3490 1571 3652 1624 tertia

2079 1675 2336 1746 martyris
2364 1669 2729 1742 apparitione,
2765 1681 2887 1722 sese
2921 1681 3020 1736 per
3049 1664 3256 1720 assidui
3293 1664 3440 1716 illius
3469 1663 3652 1717 civita-

2077 1769 2148 1823 tis
2176 1775 2382 1822 nostrae
2403 1759 2835 1833 propugnatoris
2858 1755 3118 1810 Demetrii
3151 1751 3648 1822 interpellationem

2076 1877 2141 1916 ac
2175 1855 2708 1914 commendationem
2736 1865 2999 1922 prospera
3027 1847 3376 1916 navigatione
3405 1853 3648 1902 usurum

2074 1952 2244 2022 probe
2273 1955 2480 2012 nosset,
2516 1943 2798 2014 remigari,
2826 1950 2885 1996 ut
2932 1954 3056 1996 cum
3089 1940 3296 2008 impetu
3330 1951 3395 1991 ac
3450 1934 3650 1990 celeri-

2077 2053 2189 2100 tate
2223 2041 2502 2110 navigatio
2528 2037 2876 2108 procederet,
2901 2032 3088 2102 jussit.
3129 2030 3524 2096 carabumque,
3562 2040 3654 2080 ve-

2076 2136 2178 2192 luti
2211 2151 2240 2190 e
2274 2131 2550 2190 Chalcidis
2581 2127 2832 2198 partibus
2863 2125 2974 2196 (97)
3001 2138 3221 2178 cursum
3255 2120 3321 2176 ad
3358 2120 3512 2190 ipsos
3557 2131 3654 2172 ce‘

2076 2229 2270 2284 leriter
2327 2224 2676 2290 dirigentem,
2721 2215 3216 2283 vidit,illiusque,
3271 2211 3420 2281 quod
3458 2209 3560 2264 sibi
3595 2208 3653 2262 iu

2078 2320 2415 2376 revelatione
2447 2317 2651 2370 dictum
2682 2311 2882 2376 fuerat,
2916 2317 3001 2368 est
3030 2306 3354 2361 recordatus
3386 2303 3522 2372 (98).

2145 2412 2283 2468 205.
2336 2409 2469 2464 Cum
2519 2408 2689 2477 igitur
2745 2402 2908 2457 initio
2954 2398 3282 2453 caraborum
3335 2391 3651 2449 exeuntium

2079 2503 2266 2562 cursui
2301 2509 2496 2558 ventus
2525 2499 2715 2560 etiam,
2751 2505 2811 2554 ut
2843 2493 3104 2556 diximus,
3139 2487 3449 2546 contrarius
3479 2491 3652 2552 esset,

2083 2601 2374 2667 derepente
2427 2603 2561 2650 nutu
2608 2591 2796 2645 divino
2844 2602 2938 2656 per
2989 2584 3359 2641 certaminum
3410 2579 3653 2634 Victoris

2083 2705 2274 2762 preces
2305 2705 2335 2744 a
2365 2697 2514 2755 tergo
2542 2685 2622 2740 eis
2655 2691 2857 2740 ventus
2891 2679 3166 2734 secundus
3215 2673 3419 2728 amavit
3445 2712 3462 2738 ,
3494 2686 3656 2726 cum-

2078 2800 2186 2856 que
2233 2779 2628 2838 convenienter
2658 2776 3011 2844 navigassent
3041 2807 3064 2834 ,
3091 2775 3506 2839 opportuneque
3537 2765 3654 2819 vela

2081 2879 2362 2941 fecissent,
2414 2871 2768 2926 hebdomade
2825 2873 3033 2922 sancta
3087 2864 3178 2916 die
3229 2869 3452 2929 quarta,
3515 2857 3652 2910 hora

2081 2969 2316 3039 septima
2372 2966 2437 3018 ad
2471 2971 2743 3019 servatam
2789 2960 2934 3013 hanc
2978 2971 3006 3008 a
3060 2953 3172 3009 Deo
3222 2951 3504 3006 civitatem
3559 2962 3654 3016 per

397 3052 491 3104 ϐον
517 3050 675 3105 πόλιν
713 3049 801 3102 διὰ
832 3047 924 3100 τοῦ
966 3045 1389 3115 ὑπερασπιστοῦ
1422 3044 1596 3112 αὐτῆς
1639 3042 1974 3112 Δημητρίου.

2081 3037 2247 3130 hujus
2286 3064 2754 3128 propugnatorem
2794 3047 3130 3103 Demetrium
3177 3043 3468 3114 appulere.
3496 3037 3652 3095 Unde

398 3147 565 3201 Ὀθεν
592 3144 688 3199 τοῦ
715 3143 903 3205 δεινῶς
961 3137 1352 3210 μελετηθέντος
1381 3154 1438 3190 τε
1472 3138 1568 3191 καὶ
1597 3135 1976 3206 στοιχηθέντος

395 3244 676 3312 δράματος
715 3239 812 3291 τοῦ
837 3235 1105 3305 ἐμφυλίου
1141 3233 1384 3303 πολέμου
1415 3231 1603 3286 λοιπὸν
1637 3231 1977 3302 ἀργήσαντος

398 3334 550 3404 παρὰ
578 3330 673 3384 τοῦ
701 3328 930 3398 Μαύρου
966 3328 1062 3380 καὶ
1092 3326 1201 3380 τῶν
1233 3325 1351 3396 μετ’
1371 3323 1560 3390 αὐτοῦ,
1593 3323 1794 3376 αὐτίκα
1827 3321 1976 3390 φόϐῳ

396 3426 492 3480 καὶ
524 3421 738 3493 ἀθυμίᾳ
765 3420 1050 3490 συσχεθεὶς
1077 3420 1105 3471 6
1142 3418 1304 3480 αὐτὸς
1347 3416 1599 3484 Μαῦρος,
1627 3415 1845 3485 πυρετῷ
1875 3432 1976 3483 χα-

394 3513 682 3582 λεποτάτῳ
737 3512 802 3564 ὲκ
857 3511 958 3576 τῆς
991 3507 1232 3574 ἀθυμίας
1279 3503 1600 3575 περιπεσὼν
1656 3502 1974 3558 κατέθεικεν

394 3607 484 3659 ἐπὶ
519 3603 705 3674 κλίνης
757 3602 850 3654 ἐπὶ
914 3599 1177 3658 πλείστας
1235 3597 1489 3666 ἡμέρας*
1546 3595 1699 3648 ἔνθεν
1741 3593 1974 3648 καὶτῶν

397 3695 649 3754 ἐντεῦθεν
685 3693 948 3763 μετέστη,
977 3692 1027 3746 εἰ
1058 3691 1133 3760 μὴ
1161 3692 1190 3742 6
1225 3689 1570 3760 προρῤηθεὶς
1606 3686 1746 3757 ἀνὴρ
1771 3685 1799 3737 6
1834 3701 1972 3738 παν-

398 3791 651 3858 εύφημος
667 3784 996 3855 στρατηγὸς,
1030 3774 1246 3850 ἀγνοῶν
1263 3781 1324 3834 τὸ
1356 3778 1672 3850 μελετηθὲν,
1696 3777 1885 3831 τοῦτον
1917 3777 1976 3828 ὲν

399 3883 580 3950 λόγοις
612 3878 708 3932 καὶ
729 3880 914 3948 ὅρκοις
941 3875 1358 3943 κατησφάλιστο
1377 3888 1393 3903 ·
1430 3871 1501 3926 τὰ
1527 3871 1584 3925 δὲ
1619 3870 1715 3923 τοῦ
1751 3868 1978 3939 ὁραθέν-

398 3991 490 4037 τος
513 3969 683 4039 αὐτῷ,
710 3970 879 4041 ἦγουν
922 3965 1342 4022 διατυπωθέντα
1392 3963 1544 4033 παρά
1569 3961 1663 4016 τοῦ
1694 3964 1975 4034 μάρτυρος

397 4065 528 4136 περὶ
560 4061 656 4116 τοῦ
688 4060 874 4125 πλοὸς,
907 4059 1184 4121 πλείστοις
1207 4057 1591 4127 ἀφηγούμενος
1639 4056 1975 4127 ἐδημηγόρει

396 4161 496 4232 τὴν
524 4158 766 4227 σπουδὴν
797 4157 894 4210 καὶ
933 4153 1031 4224 τὴν
1056 4155 1317 4223 πρόνοιαν
1339 4151 1432 4204 τοῦ
1467 4150 1764 4222 μάρτυρος,
1795 4150 1976 4221 ἥνπερ

398 4253 698 4322 εποιήσατο
725 4246 978 4319 περὶτῆς
1003 4246 1238 4310 πόλεως.
1264 4246 1376 4299 Καὶ
1397 4243 1521 4298 τότε
1551 4243 1737 4297 λοιπὸν
1762 4242 1854 4296 τὸν
1880 4242 1978 4296 αύ-

397 4345 488 4398 τδν
523 4341 751 4412 Μαῦρον
789 4337 932 4410 μετά
960 4337 1066 4389 τῶν
1115 4335 1263 4390 ίδίων
1311 4335 1480 4390 αὐτοῦ
1515 4334 1746 4404 στρατοῦ
1787 4333 1880 4388 τοῦ
1911 4335 1977 4386 ὲκ

397 4436 507 4490 τῶν
541 4432 802 4505 καράϐων
830 4430 939 4496 ἔξω
966 4430 1064 4498 τῆς
1089 4429 1299 4491 πόλεως
1337 4429 1394 4482 ἐν
1417 4431 1528 4490 τοῖς
1551 4427 1791 4489 δυτικοῖς
1815 4426 1976 4497 μέρε-
2007 4426 2012 4459 '-

402 4538 487 4578 σιν
514 4520 959 4593 παραφοσσεύειν
1006 4515 1365 4582 διετύπωσεν,
1403 4517 1540 4587 πρὸς
1588 4517 1651 4570 τὸ
1680 4517 1807 4580 τοὺς
1843 4515 1974 4586 μὲλ-

399 4615 586 4678 λοντας
616 4617 680 4668 ὲκ
704 4613 814 4666 τῶν
855 4609 1117 4664 Σκλάϐων
1141 4608 1512 4680 προσφεύγειν
1551 4609 1978 4678 Κερμησιάνους

399 4708 573 4770 ἀδεῶς
603 4706 698 4760 καὶ
729 4702 1143 4774 ἀνεμποδίστως
1193 4700 1626 4772 προσέρχεσθαι,
1664 4702 1758 4754 καὶ
1800 4701 1977 4765 οὕτως

401 4797 684 4866 διέμειναν
712 4795 928 4867 ἡμέρας
950 4792 1194 4854 πλείους.

472 5056 585 5124 σ’ς’.
629 5057 784 5112 Μετὰ
821 5058 876 5111 δὶ
902 5057 1074 5112 ταῦτα
1103 5054 1408 5120 κελεύσεως
1471 5054 1768 5125 βασιλικῆς
1798 5077 1959 5134 φοιτη

472 5195 584 5278 (θ’ί)
639 5194 901 5278 ghalcis,
927 5195 1422 5278 _quemadmod_um
1462 5195 1843 5278 ΔΒλιιιιινιιιιᾲιιε
1882 5202 1964 5278 _in

402 5265 605 5323 Le'xic'o
635 5265 1012 5335 Geographico
1036 5265 1214 5330 docet,
1245 5267 1376 5322 urbs
1396 5274 1477 5320 est
1509 5267 1724 5322 Euboeae
1751 5267 1966 5336 insulae,

403 5337 459 5416 in
488 5336 849 5416 Archipelago
872 5339 1034 5416 “sitae,
1061 5337 1354 5416 pri_n_raria§
1391 5338 1504 5416 haec
1550 5345 1742 5416 autem
1785 5339 1964 5397 insula

405 5409 476 5461 ab
519 5407 588 5461 iis
649 5407 740 5479 qui
792 5405 826 5479 ο
871 5406 1102 5461 Sciatho
1127 5405 1566 5463 Thessalonicam
1617 5408 1902 5479 navigant,
1933 5427 1962 5467 a

405 5486 560 5544 tergo
589 5475 935 5544 relinquitur.

473 5495 488 5530 Γ
526 5495 560 5530 0
589 5495 935 5544 l't’llllqullul'.

473 5495 754 5626 (gsiQuia
778 5547 1058 5626 nimirum,
1083 5553 1139 5600 ut
1170 5545 1354 5626 sibiin
1387 5548 1595 5626 visione
1620 5550 1823 5626 dictum
1847 5550 1962 5604 fne-

403 5613 507 5680 τοι,
536 5613 774 5688 ventum
814 5630 935 5688 esse
967 5613 1414 5688 Thessalonicam
1453 5619 1835 5688 navigantibus
1877 5636 1961 5673 se-

403 5687 674 5764 cundum,
701 5701 730 5744 e
766 5686 910 5753 navi,
939 5699 1059 5756 qua:
1089 5685 1251 5742 celeri
1273 5701 1440 5744 cursu
1465 5689 1530 5744 ad
1563 5685 1712 5760 ipsos
1740 5704 1770 5746 ε
1796 5691 1962 5744 Chal~

2081 3155 2322 3217 tandem,
2355 3149 2502 3220 quod
2543 3163 2572 3200 a
2614 3145 2805 3199 Mauro
2841 3143 3018 3212 iisque
3043 3139 3133 3209 qui
3166 3137 3215 3192 ei
3257 3134 3610 3191 adhaerebant
3634 3169 3652 3192 .

2075 3245 2300 3313 indigne
2336 3249 2586 3312 paratum
2638 3233 3104 3301 formidatumque
3137 3237 3278 3293 erat,
3332 3226 3464 3282 belli
3514 3227 3656 3280 inte-

2079 3334 2208 3390 stini
2255 3332 2500 3386 facinore
2551 3334 2925 3395 torpescente,
2958 3324 3156 3377 timore
3207 3320 3390 3376 subito
3422 3333 3487 3372 ac
3520 3331 3656 3371 con-

2077 3427 2423 3486 sternatione
2455 3425 2569 3493 ipse
2600 3421 2826 3476 Maurus
2852 3427 3162 3487 correptus,
3196 3430 3322 3470 cum
3351 3429 3459 3482 pra:
3485 3411 3660 3466 animi

2079 3519 2383 3591 dejectione
2438 3517 2493 3571 in
2555 3514 2752 3570 febrim
2806 3510 3193 3581 gravissimam
3248 3506 3554 3567 incidisset.
3595 3503 3653 3557 in

2073 3589 2218 3666 lecto
2249 3623 2348 3679 per
2369 3606 2487 3664 dies
2515 3603 2786 3675 plurimos
2817 3596 3098 3654 decubuit.
3124 3595 3301 3664 Atque
3332 3593 3460 3646 hinc
3487 3589 3654 3645 etiam

2077 3717 2148 3758 ex
2193 3699 2302 3756 hoc
2342 3697 2550 3752 mundo
2590 3695 2821 3749 abiisset
2845 3730 2862 3755 ,
2897 3689 3004 3744 nisi
3043 3687 3346 3756 praedictus
3395 3683 3504 3745 vir,
3541 3683 3656 3736 dux

2079 3793 2230 3848 omni
2280 3789 2444 3845 laude
2482 3787 2707 3856 dignus,
2746 3781 2839 3850 qui
2891 3779 3038 3848 quod
3086 3778 3409 3832 meditatum
3456 3775 3656 3837 fuerat,

2080 3881 2398 3951 ignorabat,
2427 3893 2551 3933 eum
2585 3884 2636 3930 et
2663 3871 2845 3928 verbis
2883 3879 2934 3924 et
2963 3867 3296 3939 iuramentis
3326 3865 3660 3920 reddidisset

2079 3987 2356 4030 securum.
2403 3969 2536 4039 Quae
2579 3979 2744 4037 porro
2784 3962 2852 4018 ad
2905 3961 3060 4016 illum
3095 3958 3190 4028 qui
3237 3959 3286 4012 ei
3330 3960 3386 4012 in
3443 3955 3656 4012 visione

2080 4068 2437 4134 apparuerat,
2492 4058 2880 4130 pertinebant,
2918 4051 3175 4107 videlicet
3201 4065 3324 4118 quae
3355 4063 3385 4102 a
3417 4055 3656 4118 martyre

2080 4157 2148 4212 de
2195 4154 2543 4224 navigatione
2587 4157 2811 4205 ostensa
2842 4151 3024 4209 erant,
3077 4143 3332 4214 plurimis
3368 4156 3606 4196 narrans
3635 4180 3651 4204 .

2081 4246 2323 4304 studium
2357 4259 2421 4298 ac
2449 4255 2663 4306 curam,
2695 4254 2857 4308 quam
2901 4249 3000 4306 pro
3046 4232 3266 4289 civitate
3299 4241 3505 4304 martyr
3533 4246 3658 4302 ges-

2082 4339 2287 4400 sisset,
2338 4330 2688 4386 manifestam
2721 4327 2989 4392 faciebat,
3024 4334 3262 4393 tuncque
3313 4321 3559 4384 tandem,
3601 4328 3659 4374 ut

2077 4427 2196 4498 ipse
2225 4424 2448 4480 Maurus
2474 4437 2597 4479 cum
2628 4419 2889 4475 omnibus
2921 4414 3176 4486 suis,qui
3207 4429 3234 4468 a
3257 4413 3474 4468 Cubero
3506 4411 3659 4481 ejus-

2077 4534 2188 4591 que
2225 4516 2477 4573 exercitu
2511 4513 2754 4577 stabant,
2785 4527 2814 4566 e
2845 4510 3090 4572 civitate,
3118 4521 3231 4576 quo
3273 4503 3612 4560 Cermesiani
3639 4543 3656 4569 ,

2079 4611 2174 4680 qui
2223 4623 2254 4662 e
2303 4604 2518 4660 Sclavis
2569 4603 2695 4674 fuga
2738 4602 2954 4657 evasuri
3011 4606 3219 4660 essent,
3255 4611 3451 4652 secure
3490 4607 3658 4664 atque

2080 4702 2288 4769 absque
2335 4695 2728 4765 impedimento
2774 4692 3118 4756 advenirent,
3169 4688 3238 4742 ad
3289 4696 3475 4757 partes
3502 4683 3661 4740 Occi-

2083 4793 2334 4850 dentales
2366 4789 2649 4846 secederet
2683 4788 2820 4860 (99),
2845 4788 2940 4854 qui
2974 4785 3190 4842 carabis
3219 4791 3490 4853 praeerat,
3525 4795 3660 4836 con-

2086 4889 2286 4946 stituit.
2317 4888 2498 4958 Atque
2531 4886 2636 4943 hoc
2663 4886 2720 4940 in
2747 4893 2891 4940 statu
2913 4897 3009 4952 per
3029 4881 3150 4936 dies
3172 4876 3362 4950 plures
3393 4891 3484 4933 res
3507 4891 3660 4931 man-

2082 4990 2294 5038 serunt.

2161 5073 2289 5129 206.
2344 5073 2476 5128 Post
2540 5069 2657 5124 haec
2725 5075 2906 5122 autem
2962 5079 3088 5120 cum
3148 5063 3408 5132 praedicto
3476 5060 3652 5116 Deum

2076 5208 2197 5263 cide
2234 5224 2329 5263 seu
2360 5207 2562 5263 Enbwa
2591 5201 2940 5273 properabat,
2969 5195 3649 5273 certissimeintelligebat.

2077 5279 2153 5332 uti
2191 5279 2393 5348 cuique
2447 5294 2512 5332 ex
2574 5267 2641 5330 iis
2695 5267 2815 5348 quae
2849 5271 2917 5325 de
2969 5270 3172 5348 insula_
3200 5267 3400 5348 Euboea
3432 5270 3497 5321 ad
3536 5274 3653 5321 not.

2074 5339 2316 5417 praeced.'
2342 5347 2555 5411 notavi,
2593 5339 2946 5417 manifestum
2981 5355 3106 5396 esse
3142 5339 3330 5417 debet.

2145 5418 2256 5492 (99)
2312 5417 2388 5472 Ita
2449 5405 2824 5492 hic'_verb_uu-t
2886 5405 3653 5492 mpatpoosstiezv.‘quod‘in

2075 5477 2250 5544 nullis
2291 5503 2542 5560 prorsus
2574 5485 2767 5560 lesicis
2800 5477 3261 5544 invenire’licuit,
3316 5477 3652 5560 interpreta-

2073 5567 2160 5613 tus
2187 5544 2331 5626 snni,
2367 5557 2847 5628 signiﬁcationem,
2881 5565 3046 5622 quam
3090 5564 3286 5606 sensus
3316 5544 3532 5618 exigere
3562 5544 3649 5602 vi-

2071 5628 2317 5693 debatur,
2373 5626 2447 5686 illi
2481 5626 2812 5684 attribucns.
