4090 6384
474 418 614 486 i379

1776 413 2422 478 SUPPLEMENTUM.

3589 403 3729 476 1380

469 537 630 590 sione
657 531 804 588 enim
833 529 1196 592 afﬁciebatur,
1229 536 1283 581 et
1311 540 1443 582 ecce
1481 525 1590 592 vir,
1625 534 1905 580 armatura
1942 525 2048 580 mi-

2153 542 2249 590 τυς
2283 525 2571 595 ἐφίσταται
2593 539 2606 554 ·
2636 517 2787 594 ἑώρα
2819 520 2953 592 γὰρ,
2993 520 3085 575 καὶ
3121 516 3254 580 ίδοὺ,
3279 520 3419 590 ἀνὴρ
3439 519 3730 588 sesam-

470 626 614 682 litari
645 625 892 689 indutus,
918 636 1060 692 equo
1084 619 1346 686 insidens,
1381 633 1512 674 ense
1542 618 1868 680 instructus,
1891 617 2046 686 juve-

469 720 560 777 nis
608 717 773 774 simul
825 731 890 772 ac
942 714 1082 769 l‘acie
1119 713 1459 774 laetissimus,
1493 720 1658 780 alque
1712 709 1947 773 dicebat,
1985 708 2044 764 Si

472 813 788 884 captivitate
816 819 872 865 et
901 810 1136 864 vinculis
1161 809 1383 864 liberari
1409 808 1514 870 vis,
1544 819 1776 877 sequere
1804 819 1911 859 me.
1939 804 2044 858 De-

470 907 644 961 clarat
675 903 727 959 ei
757 919 916 958 suum
954 912 1008 957 et
1039 916 1236 956 nomen
1265 910 1319 955 et
1353 900 1583 970 patriam
1616 905 1671 953 et
1699 897 2045 968 dignitatem,

473 1012 644 1066 seque
681 995 816 1050 adeo
866 993 1202 1048 Demetrium
1243 991 1451 1055 vocari,
1484 989 2047 1057 Thessalonicamque

470 1089 522 1144 ci
547 1091 778 1159 patriam
812 1102 952 1150 esse,
971 1087 1308 1154 militemque
1331 1083 1566 1139 existere
1596 1082 1856 1154 dignitate
1884 1081 2044 1135 etiam

471 1181 762 1236 illustrem.
797 1179 1089 1234 Liberatur
1131 1177 1279 1231 illico
1313 1176 1548 1231 vinculis
1577 1174 2044 1244 archiepiscopus,

471 1283 525 1326 et
569 1287 734 1338 quam
785 1279 972 1340 posset
1023 1268 1312 1324 celerrime
1343 1283 1494 1334 eum,
1522 1266 1617 1337 qui
1648 1267 1698 1322 ei
1731 1266 2045 1336 apparebat,

472 1364 826 1431 sequebatur.

540 1455 666 1510 210.
732 1439 855 1509 Dies
918 1454 1091 1524 prima
1145 1453 1387 1519 transiit,
1449 1453 1690 1508 secunda
1746 1451 1936 1508 aderat
1984 1466 2049 1507 ac

471 1559 597 1616 post
634 1547 775 1600 hanc
805 1545 961 1598 tertia
994 1555 1047 1598 et
1079 1543 1159 1598 sic
1193 1545 1449 1613 deinceps
1479 1559 1651 1614 usque
1684 1543 1749 1597 ad
1778 1553 2047 1607 octavam,

471 1639 661 1691 ducem
690 1637 901 1690 itineris
930 1651 987 1690 se
1019 1636 1295 1706 praebente
1331 1645 1589 1706 martyre,
1615 1637 1841 1705 jamque
1882 1649 2050 1704 prape

471 1728 923 1784 Thessalonicam
978 1736 1097 1782 erat
1147 1729 1618 1798 archiepiscopus,
1663 1737 1717 1782 et
1768 1743 1894 1782 ecce
1925 1743 2051 1782 eva-

472 1822 646 1877 nescit
678 1823 778 1875 via:
819 1821 960 1886 dux;
1015 1821 1292 1874 civitatem
1339 1821 1668 1889 ingreditur,
1705 1821 1829 1890 quis
1883 1821 1935 1874 in
1987 1835 2049 1874 ea

472 1910 544 1964 sit
609 1911 787 1973 miles,
847 1921 1026 1978 rogat,
1081 1925 1311 1964 narrans
1347 1911 1442 1979 qui
1491 1926 1614 1964 eum
1664 1925 1694 1964 a
1741 1911 2052 1978 captivitate

472 2000 793 2065 liberasset;
838 2002 1017 2053 adhuc
1059 2000 1204 2054 enim
1231 2017 1260 2053 e
1306 1999 1669 2054 Providentiae
1709 1999 2053 2054 ordinatione

472 2092 724 2146 miraculi
771 2107 801 2146 a
848 2100 1088 2162 martyre
1119 2094 1316 2162 patrati
1353 2093 1673 2164 mysterium
1710 2092 1884 2160 ipsum
1922 2091 2054 2145 late-

472 2186 587 2248 bat,
635 2193 692 2238 ut
728 2185 908 2238 adhuc
950 2185 1124 2254 magis
1159 2184 1533 2253 divnlgaretur
1563 2183 1869 2253 prodigium
1904 2197 2052 2236 mar-

474 2279 690 2348 tyrique
724 2276 791 2328 ad
825 2275 1054 2344 gloriam
1081 2274 1300 2328 cederet
1332 2276 1680 2330 miraculum.
1705 2275 2052 2344 Simulatque

474 2369 643 2440 igitur
679 2367 967 2422 audientes
1011 2366 1067 2420 in
1111 2366 1482 2431 cognitionem
1529 2367 1628 2431 rei,
1663 2381 1760 2435 per
1792 2367 1993 2420 factum
2021 2381 2052 2420 a

473 2469 713 2530 martyre
768 2458 1094 2511 miraculum
1150 2466 1400 2527 patratae,
1449 2466 1732 2520 venerunt,
1771 2457 1837 2512 ad
1879 2459 2051 2526 ipsam

475 2552 630 2606 illum
662 2565 875 2605 sacram
917 2549 1175 2620 martyris
1210 2550 1494 2604 basilicam
1527 2550 1839 2617 deducunt;
1867 2551 2052 2613 statim

477 2652 662 2696 autem
694 2650 858 2710 atque
891 2649 1039 2696 esset
1069 2641 1376 2711 ingressus,
1415 2655 1478 2695 ac
1501 2641 1555 2694 in
1582 2642 1736 2695 icone
1763 2654 2052 2711 martyrem

473 2733 723 2794 vidisset,
761 2733 1034 2802 simulque
1059 2743 1113 2787 et
1139 2749 1270 2788 ense
1293 2733 1620 2789 instructum
1648 2743 1703 2785 et
1737 2747 1881 2801 equo
1914 2733 2053 2787 insi-

475 2825 691 2878 dentem
726 2825 1066 2893 conspiceret
1097 2838 1220 2877 esse
1255 2824 1406 2877 illum
1425 2825 1518 2894 qui
1545 2824 1650 2879 sibi
1686 2825 2050 2892 apparuisset,

475 2916 845 2970 asseverabat.
885 2916 1160 2970 Continuo
1205 2915 1278 2980 ei,
1314 2932 1438 2985 quae
1467 2916 1532 2969 ad
1567 2915 1893 2969 miraculum
1927 2929 2054 2984 spe-

475 3015 709 3069 ctarent,
745 3006 1091 3062 manifestata
1119 3016 1267 3071 sunt,
1300 3007 1612 3076 cadensque
1640 3006 1695 3060 in
1720 3004 1914 3060 facient
1945 3003 2054 3059 Deo

475 3107 531 3154 et
564 3100 784 3169 martyri
825 3099 1030 3168 gratias
1073 3099 1288 3168 agebat.

2145 635 2238 683 νος
2289 617 2597 672 πανοπλίαν
2649 617 3050 689 στρατηγικὴν,
3093 616 3356 685 ἔφιππος,
3405 614 3728 686 ξιφηφόρος,

2143 711 2266 774 νέος
2296 708 2412 780 ἅμα
2443 709 2538 764 καὶ
2561 712 2958 780 χαριέστατος⁹
2993 707 3191 774 καὶ,Εί
3216 708 3316 776 τῆς
3351 705 3733 776 αἰχμαλωσίας

2145 802 2535 872 ἀπαλλαγῆναι
2589 801 2772 872 βούλει
2830 802 2926 854 καὶ
2972 800 3082 854 τῶν
3110 799 3351 870 δεσμῶν,
3380 800 3567 868 φησὶν,
3597 799 3704 852 ἀκο

2145 896 2326 950 λούθει
2360 913 2472 966 μοι.
2524 895 2791 963 Γνωρίςει
2818 893 2995 964 τούτῳ
3034 894 3129 946 καὶ⁵
3170 891 3343 960 δνομα
3365 891 3464 944 καὶ
3487 888 3730 958 πατρίδα

2147 990 2242 1042 καὶ
2273 986 2513 1058 ἀξίωμα,
2562 988 2646 1041 ὅτι
2673 1004 2734 1039 τε
2771 988 3082 1056 Δημήτριος
3113 983 3387 1049 καλεῖται,
3409 983 3506 1036 καὶ
3522 983 3732 1035 Θεσσα-

2145 1081 2330 1151 λονίκη
2383 1079 2557 1146 τούτῳ
2604 1078 2826 1148 πατρὶς,
2882 1076 2978 1130 καὶ
3057 1074 3399 1146 στρατιώτης
3438 1073 3729 1143 τυγχάνει,

2147 1175 2404 1246 λαμπρὸν
2431 1173 2610 1228 καὶτὸ
2639 1172 2856 1242 ἀξίωμα
2878 1169 3286 1240 περικείμενος.
3307 1168 3515 1221 Λύεται
3540 1183 3728 1236 παρα-

2147 1273 2336 1344 χρῆμα
2364 1269 2475 1323 τῶν
2506 1266 2729 1338 δεσμῶν
2759 1268 2788 1319 6
2827 1263 3146 1335 ἀρχιερεὺς,
3197 1261 3294 1315 καὶ
3406 1259 3584 1313 ποδῶν
3611 1252 3728 1328 εἶχε

2148 1363 2369 1432 τάχους,
2401 1361 2479 1432 τῷ
2507 1360 2730 1428 φανέντι
2764 1355 3072 1410 ἀκολουθεῖ.

2221 1455 2308 1511 σι’.
2340 1454 2555 1525 Ἡμέρα
2579 1451 2860 1522 παρῆλθεν
2889 1451 2923 1518 ή
2949 1449 3161 1519 πρώτη,
3190 1448 3224 1518 ἡ
3252 1445 3488 1515 δευτέρα
3517 1445 3724 1515 παρῆν,

2151 1549 2244 1602 καὶ
2278 1549 2397 1617 μετ’
2426 1545 2598 1615 αὐτὴν
2649 1546 2682 1613 η
2733 1543 2917 1612 τρίτη,
2945 1543 3042 1594 καὶ
3072 1539 3308 1609 καθεξῆς
3339 1538 3470 1609 ἄχρι
3502 1538 3730 1607 καὶτῆς

2150 1639 2362 1708 ὀγδόης,
2392 1635 2822 1706 ποδηγετοῶθτος
2849 1635 2943 1688 τοῦ
2969 1634 3253 1705 μάρτυρος
3272 1649 3288 1663 θ
3318 1633 3412 1686 καὶ
3432 1633 3571 1685 κατὰ
3594 1631 3730 1683 Grc-

2154 1731 2443 1799 σαλονίκην
2477 1732 2506 1782 6
2534 1729 2858 1799 ἀρχιθύτης,
2901 1726 3013 1780 ίδοϋ
3056 1725 3151 1778 καὶ
3179 1727 3208 1778 6
3240 1725 3435 1794 ὁδηγδς
3475 1723 3686 1792 ἀφανής
3706 1735 3723 1750 ⁸

2154 1825 2327 1894 εἰσῄει
2352 1824 2453 1894 τὴν
2477 1823 2654 1889 πόλιν,
2685 1820 3023 1874 πυνθάνεται
3046 1819 3129 1882 τίς
3160 1819 3189 1870 6
3211 1818 3269 1870 ὲν
3292 1819 3435 1887 αὐτῇ
3463 1815 3727 1886 στρατιώι

2151 1936 2273 1987 τηε,
2302 1917 2655 1987 διηγούμενος
2685 1916 2834 1977 ὅπως
2887 1913 3053 1966 αὑτὸν
3083 1913 3182 1979 τῆς
3213 1908 3590 1981 αἰχμαλωσίας
3629 1907 3730 1958 λυέ-

2152 2007 2418 2078 τρώσοιτο
2439 2025 2451 2040 ⁸
2486 2005 2661 2059 εἰσέτι
2686 2007 2797 2074 γὰρ
2821 2003 3048 2074 τρόποις
3073 2001 3390 2070 οἰκονομίας
3417 1996 3726 2051 κεκάλυπτο

2152 2101 2202 2151 oi
2233 2100 2293 2151 τὸ
2323 2099 2424 2166 τῆς
2459 2096 2802 2168 μαρτυρικῆς
2827 2093 3274 2164 θαυματουργίας
3309 2093 3621 2160 μυστήριον,
3645 2087 3726 2148 ὡς

2154 2192 2230 2243 ἔτι
2270 2190 2475 2260 μᾶλλον
2502 2190 2566 2260 δη
2578 2187 2884 2259 μοσιεύοιτο
2921 2185 2984 2238 τὸ
3011 2183 3326 2254 τεράστιον,
3359 2182 3453 2234 καὶ
3483 2176 3727 2246 μεγαλύ-

2153 2300 2294 2337 νοιτο
2355 2281 2433 2352 τῷ
2487 2281 2725 2350 μάρτυρι
2759 2278 2824 2330 τὸ
2885 2275 3211 2344 θαυμάσιον.
3292 2272 3379 2333 Ὠς
3425 2270 3556 2338 γοῦν
3590 2269 3726 2338 πρὸς

2152 2375 2354 2444 γνῶσιν
2380 2375 2428 2426 οἱ
2452 2373 2746 2435 ἀκούοντες
2780 2370 3044 2438 γένοιντο,
3079 2367 3154 2430 ὡς
3181 2366 3249 2420 τὰ
3281 2365 3375 2418 τοῦ
3405 2365 3726 2435 πράγματος

2154 2465 2573 2536 θαυματουργία
2636 2461 2972 2534 μαρτυρικὴ,
3020 2463 3099 2523 είς
3135 2458 3277 2511 αὐτὰ
3313 2455 3503 2510 τοῦτον
3533 2454 3726 2521 ἄγουσι

2151 2559 2246 2612 τοῦ
2285 2559 2563 2628 μάρτυρος
2593 2556 2662 2608 τὰ
2691 2555 2812 2607 θεῖα
2845 2553 3126 2621 ἀνάκτορα
3145 2567 3160 2580 ο
3190 2552 3219 2602 6
3247 2548 3304 2602 δὲ
3331 2547 3449 2617 ἅμα
3472 2562 3532 2598 τε
3553 2543 3724 2614 εἰσῄει

2153 2653 2250 2706 καὶ
2292 2654 2356 2722 τῇ
2395 2651 2568 2703 εικόνι
2603 2648 2694 2702 τὸν
2725 2649 2980 2718 μάρτυρα
3015 2644 3114 2698 ῐδοι
3144 2642 3240 2697 καὶ
3267 2640 3561 2712 ξιφηφόρον
3592 2635 3727 2706 όμοῦ

2154 2749 2246 2797 καὶ
2285 2743 2524 2814 ἱππότην
2564 2740 2835 2803 θεάσοιτο,
2868 2737 3031 2792 αὐτὸν
3062 2737 3268 2788 ἐκεῖνον
3300 2732 3390 2785 τὸν
3420 2731 3650 2798 φανέντα
3672 2728 3725 2782 οι

2154 2835 2403 2908 παρευθὺ
2437 2833 2989 2903 ἁναγνωρισάμενος·
3035 2827 3158 2880 τότε
3210 2824 3276 2894 δὴ
3297 2825 3418 2877 τότε
3452 2817 3726 2876 ἀποκαλύ-

2153 2945 2349 2982 πτεται
2374 2927 2526 2996 αὑτῷ
2565 2927 2630 2980 τὰ
2661 2924 2753 2976 τοῦ
2778 2922 3077 2993 θαύματος,
3109 2921 3204 2971 καὶ
3241 2916 3424 2970 πεσὼν
3449 2915 3526 2977 είς
3559 2914 3728 2980 πρόσ-

2154 3038 2303 3074 ωπον
2347 3019 2811 3090 ηνθωμολογείτο·
2842 3015 2911 3067 τὰ
2963 3011 3293 3085 χαριστήρια
3339 3008 3458 3078 Θεῷ
3521 3005 3615 3060 καὶ
3643 3004 3723 3073 τῷ

2159 3114 2416 3184 μάρτυρι.

545 3189 671 3243 211.
724 3189 790 3242 Et
825 3203 989 3254 nunc,
1029 3189 1396 3254 exclamabat,
1433 3197 1727 3260 martyrem
1763 3201 1923 3244 suum
1946 3187 2049 3241 mi-

2228 3209 2356 3256 σια’.
2404 3203 2513 3255 Kal.
2542 3201 2636 3254 νῦν
2660 3199 2852 3268 ἔγνων,
2889 3197 3039 3263 ὲὸόα,
3077 3199 3158 3251 ὅτι
3205 3193 3494 3250 ἀπέστειλε
3520 3190 3728 3262 Κύριος

475 3278 623 3336 sisse
660 3280 974 3346 Dominum,
1011 3295 1259 3351 mequee
1293 3295 1456 3334 manu
1482 3281 1834 3348 amigentinm
1869 3295 1956 3334 me
1987 3293 2052 3332 ac

477 3373 546 3426 de
576 3372 691 3426 luto
740 3372 889 3427 lancis
929 3373 1220 3438 liberasse,
1261 3372 1536 3442 pedesque
1562 3388 1714 3427 meos
1761 3372 2050 3438 direxisse,

479 3478 772 3532 cognosco.
807 3465 1001 3518 Anima
1031 3479 1152 3518 mea
1184 3465 1536 3533 pertransivit
1561 3466 1906 3518 vinculorum
1944 3465 2051 3519 fer-

479 3571 623 3621 rum,
654 3557 784 3625 ipsaa
816 3571 1009 3610 manus
1045 3571 1178 3610 mea:
1199 3557 1252 3610 in
1284 3557 1522 3626 cophino
1556 3557 1898 3624 servierunt;
1931 3557 2049 3622 sed,

477 3665 627 3716 ecce,
657 3664 806 3704 nunc
838 3648 962 3704 illas
984 3665 1110 3703 cum
1143 3649 1326 3704 la'titia
1353 3651 1528 3714 elevo,
1566 3651 1710 3704 unde
1739 3651 1870 3704 mihi
1902 3650 2054 3704 auxi-

479 3739 610 3792 lium
665 3740 836 3793 venit.
890 3739 970 3794 Ac
1023 3739 1193 3795 Deum
1244 3740 1460 3809 quidem
1507 3756 1602 3796 ore
1646 3741 2050 3810 ntugttiﬁcabnl,

479 3830 655 3884 oculis
671 3840 852 3884 autem
882 3829 1190 3898 subjectum
1226 3830 1409 3899 templi
1434 3831 1609 3886 solum
1636 3828 2049 3894 titadcl'aciebat;

478 3921 527 3974 ei
551 3923 694 3974 enim
725 3935 836 3990 prae
862 3921 1046 3976 laetitia
1073 3919 1238 3974 simul
1257 3929 1309 3974 et
1326 3921 1750 3990 compunctione
1775 3920 2049 3990 lacryma',

481 4016 747 4068 scatebris
797 4013 850 4067 in
909 4013 1134 4068 modum
1177 4023 1499 4076 manantes,
1549 4011 1860 4066 emuebant.
1915 4011 2053 4067 Hinc

481 4119 680 4158 novatn
716 4106 908 4159 civitas
931 4114 1043 4160 tota
1088 4105 1222 4158 tanti
1257 4105 1487 4174 prodigii
1521 4103 1870 4160 festivitatem
1905 4104 2052 4160 cele-

478 4192 677 4248 brabat
701 4196 954 4265 martyri,
990 4195 1426 4264 miraculumque
1452 4195 1770 4250 extollebat.

551 4461 679 4515 212.
713 4462 806 4516 Ille
860 4470 1041 4516 autem
1091 4461 1539 4533 archiepiscopus
1593 4461 1898 4534 Cyprianus
1957 4479 2048 4518 ca.

2158 3296 2250 3347 τὸν
2276 3295 2532 3364 μάρτυρα
2559 3292 2746 3357 αὑτοῦ,
2785 3292 2879 3344 καὶ
2901 3289 3174 3362 spetam
3207 3306 3274 3359 με
3303 3292 3366 3340 ὲκ
3391 3284 3580 3366 χειρὸς
3617 3282 3730 3334 τῶν

2161 3388 2453 3441 θλιϐόντων
2488 3402 2578 3456 με,
2618 3388 2712 3439 καί
2741 3384 2848 3437 ἀπὸ
2883 3382 3056 3454 πηλοῦ
3092 3381 3270 3445 ίλύοςο
3295 3381 3390 3434 καὶ
3413 3376 3730 3446 ἔστησενιίν

2158 3477 2457 3550 εὐρυχώρῳ
2487 3478 2616 3540 τοὺς
2667 3477 2834 3540 πόδας
2892 3493 3014 3546 μου,
3052 3476 3147 3530 καὶ
3167 3476 3238 3530 τά
3267 3471 3585 3543 διαδήματά
3623 3486 3726 3540 μου

2159 3569 2474 3622 κατεύθυνε.
2517 3567 2747 3638 Σίδηρον
2791 3566 3006 3636 διῆλθεν
3061 3566 3094 3634 ἡ
3138 3563 3285 3634 ψυχή
3342 3580 3443 3633 μου
3487 3561 3578 3614 τὸν
3618 3560 3727 3613 τῶν

2157 3660 2371 3731 δεσμῶν
2393 3675 2408 3689 ο
2439 3659 2494 3711 αί
2518 3659 2700 3728 χεῖρές
2731 3675 2834 3728 μου
2860 3651 3021 3712 αὗται
3052 3658 3109 3708 ὲν
3135 3656 3214 3726 τῷ
3245 3655 3448 3724 κοφὶνῳ
3477 3652 3727 3707 ἐδούλευ-

2161 3768 2260 3804 σαν
2280 3765 2294 3781 ·
2327 3751 2464 3806 ἀλλὰ
2496 3750 2612 3813 νῦν,
2643 3749 2775 3814 ίδοὺ,
2818 3750 2960 3820 αἴρω
3008 3747 3209 3811 ταύτας
3241 3748 3356 3817 μετ’
3385 3745 3728 3815 εὐφροσύνης

2159 3840 2280 3894 ὅθεν
2315 3840 2348 3909 ἡ
2379 3839 2598 3910 βοήθειά
2624 3856 2727 3908 μου
2759 3837 3019 3906 ἐλήλυθεν
3045 3853 3059 3867 °
3085 3837 3182 3891 καὶ
3214 3835 3440 3906 στόματι
3473 3834 3575 3904 μὶν
3594 3832 3728 3887 Θεὸν

2158 3931 2517 4000 ἐμεγάλυνεν,
2548 3930 2606 3996 ἐξ
2628 3928 2894 4000 ὀμμάτων
2917 3929 2974 3984 δὲ
3004 3930 3064 3981 τὸ
3104 3927 3467 3998 ὑποκείμενον
3495 3926 3588 3979 τοῦ
3620 3923 3727 3980 νεὼ

2158 4023 2493 4093 κατέδρεχεν
2545 4021 2742 4091 ἔδαφος
2761 4033 2776 4050 ⁸
2837 4022 3138 4094 κρουνηδὸν
3165 4023 3274 4092 γάρ
3302 4019 3450 4090 αὑτῷ
3472 4020 3726 4090 κατέρρει

2156 4114 2218 4165 τὸ
2246 4113 2346 4182 τῆς
2375 4114 2550 4182 χαρᾶς
2570 4108 2704 4180 ὁμοῦ
2731 4113 2823 4166 καὶ
2849 4113 3200 4181 κατανύξεως
3227 4113 3481 4184 δάκρυον.
3519 4111 3729 4166 Ἐντεῦο

2158 4205 2251 4256 θεν
2281 4204 2315 4274 ἡ
2344 4204 2498 4267 πόλις
2520 4207 2670 4257 πᾶσα
2703 4205 2898 4274 ἑορτὴν
2933 4205 3103 4276 ἄλλην
3130 4207 3228 4276 τῆς
3247 4205 3481 4276 τηλίκης
3512 4203 3728 4274 θαυμαο

2155 4294 2416 4364 τουργίας
2472 4295 2730 4365 ἐκρότουν
2767 4295 2845 4366 τῷ
2903 4296 3167 4368 μάρτυρι,
3225 4296 3415 4351 καὶτὸ
3443 4297 3729 4366 τεράστιον

2157 4384 2511 4455 ὲμεγάλυνον.

2231 4475 2358 4545 σιβ’.
2390 4476 2448 4529 '0
2475 4475 2532 4528 δὲ
2573 4476 2863 4548 ἀρχιερεὺς
2883 4477 3088 4543 ἐκεῖνος
3116 4477 3450 4549 Κυπριανδς,
3473 4480 3503 4533 6
3525 4480 3730 4550 αἰχμά·

478 4554 682 4624 ptivus,
729 4551 972 4617 vinctus,
1003 4552 1138 4606 liber
1159 4555 1211 4606 in
1236 4564 1496 4625 martyre,
1519 4555 2049 4624 Constantinopolim

2155 4567 2346 4634 λωτος,
2403 4571 2430 4621 6
2462 4569 2707 4639 δέσμιος,
2754 4571 2784 4622 6
2811 4570 3095 4642 ἐλεύθερος
3151 4573 3208 4628 ἐν
3239 4571 3318 4643 τῷ
3339 4573 3600 4644 μάρτυρι,
3625 4573 3728 4643 τὴν

477 4655 606 4716 post
640 4644 753 4698 haec
791 4659 1111 4714 properans,
1142 4661 1264 4714 quae
1296 4645 1344 4700 ei
1373 4655 1499 4700 ante
1532 4647 1902 4715 captivitatem
1934 4643 2050 4701 l‘ne-

479 4745 604 4791 rant
636 4735 941 4806 proposita,
985 4737 1222 4800 curavit,
1261 4735 1585 4791 miraculum
1629 4740 1792 4790 etiam
1825 4737 2048 4801 ibidem,

481 4830 625 4897 quod
655 4829 704 4883 ei
730 4844 758 4883 a
788 4839 978 4883 sancto
1006 4828 1280 4883 Demetrio
1303 4829 1594 4900 obtigerat,
1627 4842 1896 4884 enarrans
1920 4829 2053 4884 libe-

480 4937 651 4991 reque
701 4923 1005 4992 divulgans.
1035 4924 1332 4992 Postquam
1380 4936 1543 4992 porro
1570 4937 1762 4976 rursus
1803 4923 1871 4976 ad
1909 4923 2052 4978 ovile

479 5027 640 5076 suum
675 5013 935 5080 venisset,
970 5012 1228 5080 templum
1263 5013 1479 5081 ingens,
1508 5011 1672 5064 veluti
1703 5013 1769 5065 de
1797 5012 2049 5083 redemp-

479 5103 627 5157 tione
657 5117 755 5158 sua
778 5102 971 5172 Magno
1001 5105 1076 5172 (6)
1098 5104 1302 5173 gratias
1320 5117 1507 5172 agens,
1525 5101 1712 5156 divino
1737 5103 1812 5156 illi
1846 5105 2050 5157 nomini

479 5195 702 5260 excitat,
731 5195 973 5263 illudque
1014 5203 1070 5249 et
1107 5203 1265 5248 ornat
1305 5202 1362 5247 et
1397 5193 1654 5247 illustrat.
1700 5192 1897 5248 Verum
1925 5209 2048 5248 cum

477 5295 534 5338 et
574 5302 869 5352 marmora,
907 5296 964 5340 ut
1005 5301 1102 5356 per
1125 5302 1187 5340 ea
1235 5284 1464 5354 martyri
1516 5286 1776 5354 templum
1828 5294 2051 5340 ornaret

479 5378 840 5446 splendidius,
860 5395 998 5448 opus
1037 5380 1086 5434 ei
1115 5388 1320 5443 essent,
1369 5377 1580 5432 socium
1607 5379 1658 5431 in
1683 5378 1870 5434 labore
1897 5379 2047 5434 illum

479 5470 706 5526 invenit.
737 5472 798 5528 Ei
829 5473 974 5527 enim
1009 5480 1254 5542 apparet,
1285 5484 1452 5542 seque
1487 5471 1772 5541 appulsam
1806 5474 1859 5527 in
1889 5484 2045 5542 portu

477 5565 684 5630 navim,
709 5579 832 5635 quae
857 5565 1165 5621 necessaria
1189 5564 1374 5620 futura
1404 5564 1731 5629 contineret,
1754 5566 1866 5636 jam
1901 5583 2047 5622 nunc

550 5785 885 5882 £91“:ng
920 5795 1518 5882 δέιξὲἕῐεξρειεριείυε.
1549 5799 1643 5882 (uti
1691 5800 2043 5882 μεγαλομέερ·

2157 4660 2570 4715 Κωνσταντίνου
2598 4662 2737 4731 μετὰ
2761 4661 2931 4717 ταῦτα
2957 4663 3305 4729 καταλαϐὼν,
3329 4659 3451 4736 ᾖτά
3473 4667 3570 4736 τῆς
3595 4681 3731 4734 προ-

2158 4753 2361 4816 θέσεως
2387 4752 2561 4822 τούτῳ
2589 4753 2658 4807 τὰ
2684 4753 2786 4823 τῆς
2810 4755 3188 4825 αἰχμαλωσίας
3207 4757 3538 4826 κατήπειγε,
3562 4759 3728 4812 κάκεῖ

2155 4844 2215 4896 τὸ
2245 4844 2330 4896 ἐπ’
2348 4844 2495 4914 αὐτῷ
2511 4844 2606 4897 τοῦ
2631 4847 2948 4916 Δημητρίου
2979 4846 3278 4917 θαυμάσιον
3297 4848 3723 4919 διηγησάμενος,

2155 4934 2251 4987 καὶ
2283 4938 2826 5007 παρρησιασάμενος.
2878 4939 3029 4993 Ἐπεὶ
3066 4940 3159 4994 καὶ
3188 4937 3342 5004 αὖθις
3368 4943 3448 5013 τῷ
3478 4943 3725 5013 σφετέρῳ

2157 5025 2396 5094 ποιμνίῳ
2424 5027 2657 5093 γένοιτο,
2683 5027 2772 5080 τδν
2800 5027 2972 5098 μέγαν
2999 5028 3235 5100 ὡσπερεὶ
3265 5031 3602 5100 δεξιούμενος
3622 5032 3726 5101 τῆς

2154 5114 2588 5184 ἀπολυτρώσεως
2614 5116 2741 5169 ναὸν
2763 5117 2965 5188 ἐγείρει
2995 5121 3092 5173 ἰπὶ
3129 5121 3206 5191 τῷ
3244 5122 3374 5192 θείῳ
3403 5124 3582 5194 τούτῳ
3606 5124 3724 5176 ὀνό·

2157 5221 2307 5274 ματι,
2340 5206 2617 5272 καλλύνει,
2674 5207 2982 5278 λαμπρύνει
3036 5209 3260 5264 τοῦτον·
3311 5214 3445 5266 ἀλλὰ
3482 5218 3592 5284 γὰρ
3625 5217 3727 5269 καὶ

2156 5301 2462 5368 μαρμάρων
2489 5300 2609 5351 ἐπεὶ
2643 5300 2721 5361 είς
2755 5302 2944 5368 χρείαν
2987 5302 3313 5357 καθίσταται
3344 5305 3418 5368 ώς
3450 5295 3518 5360 δι’
3538 5307 3724 5361 αὐτῶν

2154 5389 2512 5460 φαιδρότερον
2539 5393 2936 5447 κατακαλλύνει
2959 5396 3038 5465 τῷ
3065 5396 3308 5467 μάρτυρι
3332 5398 3423 5452 τὸν
3451 5401 3597 5463 ναὸν,
3629 5402 3727 5454 εύ-

2155 5481 2331 5550 ρίσκει
2355 5483 2545 5537 τοῦτον
2581 5486 2858 5557 συνέριθον
2878 5503 2892 5517 ·
2924 5488 3178 5556 φαίνεται
3208 5491 3319 5561 γὰρ
3349 5492 3517 5562 αὐτῷ,
3543 5493 3636 5545 καὶ
3658 5493 3726 5545 τὸ

2155 5573 2212 5624 ὲν
2241 5573 2321 5642 τῷ
2345 5573 2558 5642 λιμένει
2589 5575 2775 5630 πλοῖον
2801 5583 3132 5650 προσκεῖλαν
3153 5582 3278 5653 ἄρτι
3305 5587 3508 5653 φάσκει
3538 5585 3726 5655 ἑωραο

2146 5803 2560 5883 condecoratur,
2592 5809 3026 5883 antonomastice
3063 5808 3465 5880 quodammodo
3488 5822 3584 5866 seu
3613 5823 3726 5883 per

480 5870 664 5925 τνρος,
706 5860 890 5930 magni
939 5865 1222 5936 martyris,
1276 5867 1438 5926 titulo
1493 5860 1525 5925 ἆ
1567 5860 1783 5926 Όινειξέἱέ
1829 5860 2039 5942 pa'ssi'm
2149 5875 2524 5932 excellentiam
2546 5860 2902 5934 ἰιοωῖσείοῇ
