4070 6382
562 308 698 372 13-57

630 420 757 475 2:0.
818 420 992 490 Rogat
1015 458 1031 483 ,

559 512 636 566 ita
668 510 839 578 solus,
876 512 952 567 ita
993 511 1256 582 caligans,
1285 512 1545 582 omnique
1574 527 1639 566 ex
1666 521 1821 582 parte
1849 511 2133 567 miserabi-

559 604 656 668 lis;
683 604 838 659 audit
862 620 876 658 :
903 604 970 658 ad
998 603 1179 658 divum
1203 605 1384 673 magni
1412 603 1667 659 Demetrii
1695 614 2132 669 monumentum,

558 701 618 746 ut
651 695 824 748 visum
880 709 1220 764 recuperem.
1259 693 1387 758 Sed,
1429 694 1533 759 ait,
1575 694 1766 763 longus
1804 693 1900 748 tibi
1945 693 2136 747 dillici-

558 787 737 854 lisque
769 787 981 842 itineris
1005 787 1266 858 propositi
1297 797 1380 842 est
1409 801 1623 842 cursus.
1656 784 1868 842 Rursus
1889 785 1963 852 id,
1991 785 2135 855 quod

557 877 736 946 primo
769 876 999 941 dixerat,
1024 874 1132 931 Sed
1157 876 1256 930 etsi
1293 875 1389 939 ita,
1424 875 1537 940 ait,
1576 875 1643 930 ad
1675 875 1812 930 duos
1851 887 2021 928 annos
2049 874 2136 927 in-

561 981 741 1039 tegros
775 969 1025 1024 laborare
1054 969 1376 1039 oportuerit,
1410 985 1518 1024 non
1548 968 1828 1032 desistam,
1860 967 2032 1022 donec
2061 965 2134 1020 ibi

559 1061 735 1116 fuero.
780 1063 848 1116 At
887 1076 1034 1128 vero,
1083 1063 1160 1116 ait
1206 1061 1457 1130 Magnus,
1499 1060 1774 1132 paulisper
1819 1067 1871 1113 te
1920 1057 2022 1112 hoc
2078 1057 2136 1111 in

559 1169 702 1224 equo
736 1154 1082 1224 requiescere
1114 1153 1333 1209 faciam.
1366 1153 1501 1207 Eum
1552 1151 1606 1206 in
1655 1166 1855 1221 equum
1917 1149 2134 1218 accipit,

560 1249 866 1315 eodemque
898 1247 986 1300 die
1019 1246 1072 1300 iu
1102 1246 1284 1301 medio
1326 1245 1514 1300 divino
1551 1243 1642 1298 illo
1679 1241 1880 1312 templo
1924 1255 2132 1296 ctecum

560 1339 848 1396 constituit
876 1340 1010 1413 (l4).
1049 1337 1150 1394 llic
1178 1347 1359 1392 autem
1390 1337 1536 1392 haud
1563 1350 1795 1391 noscens
1829 1334 2136 1404 prodigium

561 1447 623 1486 ac
663 1432 754 1486 ubi
791 1442 955 1496 esset,
987 1445 1016 1485 a
1052 1431 1238 1485 multis
1281 1429 1628 1492 hominibus,
1659 1426 1749 1497 qui
1792 1426 1969 1495 magni
2005 1434 2138 1480 tem-

561 1521 706 1590 plum
739 1522 876 1591 (dies
905 1522 1051 1578 enim
1074 1563 1088 1588 ,
1126 1537 1233 1591 qua
1263 1521 1518 1592 martyris
1548 1520 1888 1576 celebramus
1925 1529 2137 1588 marty-

561 1612 729 1677 rium,
767 1623 895 1667 tuuc
922 1613 1062 1682 erat)
1097 1614 1542 1683 ingrediebantur
1590 1621 1644 1668 et
1691 1610 2133 1682 egrediebantur,

561 1716 876 1774 contrusus,
911 1721 1030 1761 sese
1062 1722 1156 1777 per
1183 1707 1416 1778 equitem
1447 1706 1623 1770 illum,
1650 1706 1743 1776 qui
1777 1704 1881 1758 iter
1909 1719 2034 1759 cum
2067 1718 2136 1759 eo

557 1799 780 1864 iecerat,
808 1815 838 1854 a
872 1800 955 1854 ria
987 1799 1156 1854 luisse
1184 1799 1502 1864 abductum,
1535 1798 1844 1866 iterumque
1871 1799 1922 1850 in
1947 1797 2138 1851 civita-
2167 1781 2214 1840 Β

557 1891 633 1945 tis
662 1889 1162 1958 Adrianopolitana:
1192 1887 1370 1942 forum
1406 1886 1739 1956 conjectum,
1765 1885 2134 1950 existimabat,

561 1989 727 2051 atque
749 1982 889 2034 hanc
920 1981 989 2035 ob
1017 1995 1128 2035 rem
1161 1978 1581 2044 vociferabatur,
1605 1979 1765 2033 talem
1795 1978 2138 2034 seductorem

558 2087 848 2138 recusans,
889 2086 1218 2142 causamque
1253 2071 1562 2142 hujusmodi
1605 2070 1789 2142 pepuli
1839 2087 2141 2128 concursus

561 2167 780 2236 rogabat
792 2207 806 2222 .

631 2259 757 2313 εει.
792 2257 968 2328 Atque
1034 2256 1221 2325 aliqui,
1252 2269 1376 2310 cum
1427 2253 1479 2308 id
1539 2255 1895 2320 audivissent,
1944 2256 2138 2311 aiunt:

579 2353 882 2412 Insanisne,
915 2349 1110 2404 homo?
1143 2347 1545 2403 Thessalonica:
1577 2347 1633 2402 in
1664 2349 1845 2419 magni
1878 2346 2139 2403 Demetrii

566 2445 766 2512 templo
793 2458 915 2497 eum
945 2451 1077 2507 stes,
1108 2439 1543 2511 Ailriaquolim,
1579 2442 1948 2511 equitemque,
1987 2441 2080 2512 qui
2109 2457 2140 2495 a

565 2535 652 2589 via
710 2535 967 2588 aberrare
999 2531 1214 2599 fecerit,
1253 2531 1592 2602 imaginaris.
1631 2531 1754 2587 Mox
1787 2541 1871 2587 sat
1900 2533 1990 2586 diu
2025 2541 2143 2588 erat

565 2626 826 2681 attonitus
859 2640 921 2681 ac
953 2626 1144 2690 silens,
1179 2638 1244 2679 ac
1273 2633 1383 2678 tum
1427 2624 1644 2679 demum
1695 2625 1768 2678 ita
1799 2627 1866 2679 ad
1898 2625 2140 2695 seipsum

566 2720 968 2788 quodammodo
997 2730 1268 2780 reversus,
1298 2715 1623 2771 miraculum
1655 2717 1929 2787 vulgabat,
1965 2717 2144 2788 lacry-

568 2811 783 2882 misque
830 2809 993 2866 simul
1041 2819 1097 2866 et
1128 2809 1311 2865 laetitia
1354 2809 1616 2864 medelam
1669 2809 1986 2878 qumrebat;
2027 2809 2142 2879 jam

567 2905 710 2959 enim
735 2918 766 2958 e
791 2911 1168 2973 praeconcepla
1189 2903 1455 2971 opinione
1484 2900 1766 2955 oculormu
1797 2917 1951 2955 usum
1984 2902 2144 2956 indu-

567 2995 806 3051 bitanter
851 3003 1226 3066 recuperatum
1272 2993 1529 3050 habebat.
1571 2992 1634 3047 Ei
1675 2993 1842 3063 igitur
1891 3004 2052 3048 noctu
2088 2994 2142 3048 in

566 3104 762 3146 somno
800 3097 1004 3159 martyr
1056 3095 1282 3157 apparet
1333 3101 1398 3141 ac
1443 3086 1572 3140 dicit
1613 3102 1628 3140 :
1675 3083 1792 3140 Non
1828 3087 1992 3140 modo
2027 3102 2141 3140 tua-

567 3200 737 3239 nuum
770 3189 1025 3237 contactu
1057 3195 1236 3235 meum
1267 3180 1371 3234 hoc
1401 3180 1662 3246 templum
1696 3179 2007 3244 considera,
2045 3180 2140 3234 sed

558 3287 622 3332 .et
651 3275 787 3345 ipsis
825 3275 998 3330 oculis
1040 3274 1092 3328 id
1117 3274 1360 3343 intuere.
1398 3271 1475 3326 Ac
1503 3272 1689 3326 statim
1728 3272 2141 3342 palpebras'ex-

558 3368 776 3437 plicans
806 3381 1024 3422 omnem
1073 3364 1258 3434 templi
1305 3364 1588 3433 situmque
1615 3379 1680 3418 ac
1711 3366 1964 3420 decorem
1992 3353 2144 3419 'con-

568 3459 812 3526 spicatus
844 3467 949 3522 cst,
994 3457 1158 3510 Deum
1197 3455 1554 3523 magniﬁcans
1581 3471 1645 3508 ac
1688 3468 1982 3526 martyrem
2027 3458 2146 3526 ejus

569 3551 924 3605 Demetrium.

1861 305 2504 369 SUPPLEMENTUM.

1107 435 1216 475 non
1271 428 1449 474 tamen
1509 421 1782 488 ignorans,
1831 434 1936 488 quo
1977 419 2133 474 Vadat

2312 425 2414 474 σκ¹.
2453 420 2662 489 Ἐρωτᾷ
2701 418 2796 472 καὶ
2825 417 2902 488 μὴ
2937 417 3148 484 ἀγνοῶν
3189 417 3297 488 ὅπη
3338 415 3629 487 πορεύεται
3666 418 3842 471 οὕτω

3591 300 3843 388 ,ιεει

2241 510 2426 580 μόνος,
2487 508 2634 564 οὕτω
2701 509 2978 574 σκοτεινὸς
3031 511 3127 564 καὶ
3178 510 3363 580 πάσης
3422 510 3839 580 ἐλεεινότητος,

2237 602 2448 668 ἀκούει,
2481 601 2617 672 πρὸς
2645 602 2741 655 τὸν
2766 600 2863 655 τοῦ
2921 603 3165 673 μεγάλου
3191 601 3508 673 Δημητρίου
3539 601 3687 655 θεῖον
3721 602 3839 654 τάο

2238 711 2356 764 φον,
2383 694 2458 756 ὼς
2481 693 2807 764 ἀναϐλέψειν
2829 710 2845 727 ο
2886 694 3046 748 Ἀλλά
3077 693 3243 758 πολύς
3274 711 3378 760 σοι,
3417 694 3606 762 φησὶν,
3637 696 3663 746 ό
3691 693 3840 764 δρό-

2241 801 2338 848 μος
2361 785 2461 853 τῆς
2483 787 2854 856 προκειμένης
2873 786 3189 856 ὁδοιπορίας
3213 787 3304 838 καὶ
3333 786 3630 856 δυσχερής.
3649 785 3839 848 Αὖθις

2237 876 2297 930 τὸ
2327 880 2422 930 καὶ
2443 875 2638 948 πρώην
2667 877 2854 948 ρηθένο
2873 877 3018 930 Ἀλλ’
3041 880 3089 932 εξ
3113 880 3207 931 καὶ
3229 881 3308 942 εἰς
3335 878 3428 931 δύο
3450 880 3605 942 ὅλους
3637 879 3839 930 ἐνιαυ-

2238 972 2382 1035 τοὺς,
2419 972 2586 1040 φησιν
2613 1012 2628 1038 ,
2679 971 2824 1025 οὕτω
2879 972 3393 1043 ταλαιπωρήσαιμι,
3447 973 3508 1024 ού
3542 971 3841 1042 στήσομαι

2242 1066 2437 1135 μέχρις
2471 1065 2596 1118 ὅτου
2652 1065 2836 1118 ἐκεῖσε
2871 1065 3137 1134 γένωμαι.
3183 1064 3344 1117 Ἀλλά
3377 1081 3440 1131 γε
3474 1065 3560 1136 δὴ,
3594 1064 3778 1134 φησὶν
3810 1064 3843 1116 ὸ

2242 1157 2437 1225 μέγας,
2463 1159 2560 1210 καὶ
2595 1158 2791 1230 μικρόν
2815 1174 2874 1210 σε
2903 1157 2982 1227 τῷ
3011 1157 3164 1228 ἵππῳ
3187 1157 3322 1231 agilis
3344 1157 3838 1227 διαναπαύσομαι.

2240 1250 2531 1319 Λαμόάνει
2557 1249 2747 1304 τοῦτον
2777 1251 2873 1303 ἐπὶ
2906 1249 3000 1302 τοῦ
3030 1251 3220 1316 ἵππου,
3255 1253 3348 1303 καὶ
3379 1251 3701 1320 αὐθημερὸν
3732 1251 3843 1319 μέ-

2241 1355 2334 1392 σον
2364 1337 2458 1392 τοῦ
2489 1339 2636 1392 θείου
2657 1340 2919 1408 τεμένους
2947 1338 3138 1391 τούτου
3173 1338 3447 1409 ἐντίθησιν
3466 1336 3559 1392 τὸν
3589 1339 3839 1405 τυφλόν.

2254 1431 2313 1484 Ὀ
2343 1431 2399 1484 δὲ
2441 1430 2516 1502 μὴ
2549 1431 2712 1498 γνοὺς
2739 1431 2800 1483 τὸ
2825 1430 3156 1500 θαυμάσιον,
3197 1432 3291 1484 καὶ
3320 1432 3426 1500 ὅπη
3457 1434 3668 1502 παρῆν,
3708 1433 3843 1493 τοῖς

2239 1525 2298 1578 ὲν
2329 1523 2406 1593 τῷ
2437 1523 2550 1594 ναῷ
2582 1523 2676 1577 τοῦ
2708 1522 2949 1594 μεγάλου
2980 1524 3233 1586 εἰσιοῦσι,
3257 1525 3353 1576 καὶ
3383 1523 3590 1589 ἐξιοῦσι
3621 1523 3843 1594 δήμοις

2243 1614 2461 1680 πολλοῖς
2518 1615 2929 1686 συνωθούμενος
2995 1609 3087 1686 (ἦν
3130 1615 3238 1687 γὰρ
3268 1615 3453 1684 ἡμέρα
3501 1617 3648 1676 τότε,
3696 1615 3840 1670 καθ’

2240 1709 2306 1779 ἣν
2346 1707 2796 1780 πανηγυρίζομεν
2828 1707 2905 1778 τῷ
2937 1709 3175 1779 μάρτυρι
3215 1707 3278 1760 τὸ
3321 1707 3676 1776 μαρτύριον),
3710 1705 3843 1760 ἐδό-

2242 1818 2330 1854 κει
2363 1799 2442 1863 ὠς
2487 1799 2855 1871 ἐξαπατηθείη
2905 1799 3042 1870 πρὸς
3096 1796 3192 1851 τοῦ
3251 1796 3837 1868 συνοδοιπορήσαντος

2241 1891 2418 1963 τούτῳ
2473 1892 2730 1959 ἱππότου,
2782 1894 2877 1946 καὶ
2937 1887 3095 1955 αὖθις
3153 1889 3558 1962 ὲναπερῤἰφθαι
3613 1892 3681 1959 τῇ
3727 1890 3836 1958 τῆς

2255 1985 2758 2056 Ἀδριανούπολεως
2807 1985 3010 2056 ἀγορᾷ,
3061 1984 3157 2036 καὶ
3191 1981 3260 2037 τά
3303 1981 3431 2052 περὶ
3464 1979 3656 2033 τούτου
3685 1980 3834 2034 ὲὸόα

2243 2077 2601 2148 μεμφόμενος
2656 2072 2770 2131 οἷον
2827 2077 2922 2131 τὸν
2974 2076 3360 2146 ἀπατήσαντα,
3389 2074 3483 2127 καὶ
3512 2072 3612 2144 τὴν
3640 2071 3836 2129 αἰτίαν

2242 2168 2430 2239 ἠρώτα
2460 2169 2557 2238 τῆς
2588 2167 2857 2238 τοσαύτης
2885 2167 2978 2221 τοῦ
3004 2165 3134 2220 λαοῦ
3181 2165 3508 2236 συνδρομῆς.

2315 2259 2456 2315 σκα⁹.
2505 2261 2615 2316 Καί
2653 2278 2798 2324 τινες
2845 2261 3106 2331 κατήκοοι
3155 2259 3346 2313 τούτου
3379 2259 3686 2328 γενόμενοι,
3720 2274 3833 2328 φα·

2245 2356 2350 2409 σιν·
2391 2354 2708 2424 Ἄνθρωπε,
2749 2354 3005 2424 μέμηνας
3031 2371 3046 2417 ;
3078 2352 3168 2423 Τῷ
3215 2352 3275 2406 ὲν
3307 2352 3683 2426 θεσσαλονεκῃ
3707 2351 3828 2423 ναῷ

2241 2449 2339 2502 τοῦ
2370 2448 2612 2519 μεγάλου
2642 2447 2964 2517 Δημητρίου
2997 2443 3172 2508 ἑστὼς
3212 2444 3661 2515 Ἀδριανούπολιν
3686 2463 3833 2513 φαν-

2243 2541 2383 2612 τάξῃ
2417 2541 2515 2594 καὶ
2553 2541 2790 2610 ἱππότην
2849 2539 3226 2608 πλανήσαντα.
3271 2538 3382 2592 Καὶ
3420 2538 3484 2608 δὴ
3515 2537 3829 2609 ἔκπληκτος

2243 2628 2312 2701 ἦν
2345 2631 2518 2702 ὥραις
2549 2629 2637 2699 ἐφ’
2667 2631 2882 2693 ἱκαναῖς
2909 2669 2924 2694 ,
2983 2630 3080 2682 καὶ
3126 2627 3318 2696 σιγῶν·
3367 2623 3468 2681 εἷθ’
3518 2628 3692 2692 οὕτως
3745 2630 3830 2692 εἰς

2244 2723 2440 2776 ἑαυτὸν
2475 2721 2668 2792 ὥσπερ
2697 2723 3017 2793 γενόμενος,
3049 2719 3376 2790 ὲδημοσίευε
3420 2719 3480 2772 τὸ
3509 2721 3827 2791 τεράστιον,

2245 2815 2341 2867 καὶ
2389 2815 2529 2884 μετὰ
2559 2811 2813 2884 δακρύων
2873 2811 2990 2882 ἅμα
3049 2811 3146 2864 καὶ
3203 2812 3484 2882 χαρμονῆς
3512 2810 3612 2884 τὴν
3661 2811 3830 2884 θεραο

2246 2905 2410 2959 πείαν
2441 2906 2628 2976 ἐζήτει
2651 2923 2664 2938 ·
2698 2906 2800 2976 ήδη
2839 2905 2949 2975 γὰρ
2985 2903 3362 2974 ἁναμφξὸολον
3387 2907 3452 2958 ὲκ
3487 2904 3584 2957 τοῦ
3617 2905 3825 2973 προλα-

2246 2998 2437 3062 ϐόντος
2468 2995 2582 3068 εἶχε
2613 2997 2715 3069 τὴν
2749 2998 2860 3055 τῶν
2905 2998 3174 3068 ὀμμάτων
3221 2996 3539 3066 ἀνάϐλεψιν.
3565 2996 3829 3050 Φαίνεται

2247 3088 2377 3156 γοῦν
2413 3091 2536 3142 κατ’
2572 3089 2705 3160 ὄναρ
2737 3092 2765 3142 ὁ
2795 3089 3009 3160 μάρτυς
3039 3089 3192 3159 αὐτῷ
3243 3092 3460 3156 νυκτδς,
3487 3091 3578 3143 καί
3612 3106 3782 3160 φησιν
3809 3105 3826 3120 ’

2247 3184 2340 3256 Μὴ
2376 3184 2536 3254 μόνον
2574 3184 2762 3256 χερσὶν
2792 3183 3155 3253 ἐπαφώμενος
3193 3183 3286 3236 τὸν
3324 3183 3459 3253 ἐμὸν
3497 3183 3640 3236 τόνδε
3692 3183 3830 3236 νειὸν

2245 3276 2655 3345 καταμάνθανε,
2695 3275 2831 3330 ἀλλὰ
2863 3276 3030 3347 βλέπε
3067 3275 3258 3329 τοῦτον
3287 3276 3384 3328 καὶ
3408 3275 3585 3338 αὐτοῖς
3613 3275 3833 3344 ὀφθαλ-

2247 3371 2388 3436 μοῖς.
2441 3369 2552 3421 Καὶ
2616 3368 2820 3421 αὐτίκα
2880 3369 3237 3432 ἀναπετάσας
3283 3369 3354 3422 τά
3404 3368 3669 3437 βλέφαρα,
3721 3369 3828 3438 6ρᾷ

2245 3458 2426 3509 πᾶσαν
2453 3455 2548 3508 τοῦ
2574 3455 2702 3510 ναοῦ
2732 3457 2834 3529 τὴν
2884 3455 3034 3510 θέσιν
3065 3474 3125 3509 τε
3165 3457 3260 3510 καὶ
3309 3457 3646 3528 εὐπρέπειαν
3691 3457 3826 3512 Θεὸν

2251 3549 2596 3618 μεγαλύνων.
2630 3550 2727 3602 καὶ
2759 3551 2849 3602 τὸν
2879 3549 3139 3622 μάρτυρα
3175 3550 3369 3603 τούτου
3416 3551 3752 3621 Δημήτριον.

2008 3689 2240 3746 CAPUT
2284 3689 2376 3746 Ill.

570 3796 646 3849 Ne
678 3792 798 3859 uiri,
829 3791 946 3844 loca
974 3804 1130 3844 sacra
1170 3788 1471 3853 visitant“,
1505 3788 1558 3842 in
1583 3786 1976 3843 Saracenorum
2008 3804 2197 3842 manus
2224 3790 2490 3859 incidant,
2512 3791 2816 3862 prodigiose
2847 3789 3070 3859 impedit
3103 3799 3322 3846 sanctus
3361 3789 3662 3845 Demetrius
3688 3786 3835 3860 (15).

640 3904 768 3960 9.9.2.
806 3902 986 3969 Aliud,
1023 3901 1317 3965 auditores,
1361 3915 1392 3956 e
1435 3900 1616 3969 magni
1658 3898 1914 3971 martyris
1956 3897 2147 3969 prodi-

571 3998 676 4070 giis
713 4013 935 4052 narrare
963 3995 1278 4065 aggredior,
1297 3993 1364 4048 iis
1411 3993 1569 4059 forte,
1597 4007 1716 4062 qua:
1743 4001 1962 4047 narrata
1993 4000 2138 4059 sunt,

574 4090 719 4144 haud
743 4089 943 4144 minus.
967 4088 1254 4154 Enimvero
1275 4085 1367 4157 qui
1389 4085 1590 4140 multos
1609 4093 1733 4140 ante
1747 4099 1941 4149 annos,
1963 4081 2144 4139 Leone

573 4192 785 4251 sceptra
810 4175 1545 4246 moderante,Thessalonica
1572 4191 1667 4246 per
1691 4175 1894 4247 judicia
1916 4189 2142 4242 arcana,

573 4291 694 4346 qua:
725 4285 800 4340 tu,
831 4273 1080 4336 Domine,
1116 4271 1243 4327 talia
1273 4269 1581 4342 deSpiClENS
1614 4269 1792 4338 itaque
1821 4268 1892 4324 ob
1926 4278 2147 4339 peccata

572 4377 759 4423 nostra
793 4365 1014 4421 evenire
1033 4365 1326 4434 diSponens
1356 4361 1504 4417 solus
1536 4362 1650 4432 ipse
1679 4360 1840 4428 nosti,
1861 4361 1930 4415 ab
1955 4359 2148 4429 Agaris

572 4459 780 4512 ancilla:
812 4458 938 4512 ﬁliis
965 4468 1118 4526 capta
1151 4455 1437 4528 gladioque
1466 4454 1630 4510 fuerit
1659 4454 1844 4510 excisa
1867 4453 2004 4525 (l6),
2036 4453 2140 4508 alia

2329 3899 2472 3970 σκβ¹.
2510 3901 2758 3973 Ἕτερον,
2779 3895 2824 3955 ὧ
2845 3903 3142 3982 παρόντες,
3166 3903 3276 3957 τῶν
3296 3903 3389 3957 τοῦ
3407 3903 3825 3973 μεγαλομάρτυο

2257 4011 2348 4066 ρος
2379 3995 2686 4064 τεραστεων
2717 3996 2892 4064 λέγων
2919 3997 3176 4068 ἔρχομαι,
3204 3996 3312 4050 τῶν
3338 3996 3652 4067 εἰρημένων
3681 3996 3822 4066 τάχα

2252 4089 2352 4142 οὐκ
2382 4088 2629 4143 ἔλαττονο
2665 4089 2814 4152 ὅπως
2852 4089 2952 4160 μὲν
2983 4091 3017 4161 ή
3045 4089 3419 4159 Θεσσαλονίκη
3456 4091 3668 4160 χρόνοις
3699 4089 3827 4142 πολ-

2251 4179 2364 4244 λοῖς
2391 4178 2659 4249 πρότερον
2693 4179 2799 4234 ὑπὸ
2820 4180 2928 4235 τῶν
2957 4181 3059 4252 τῆς
3091 4182 3286 4252 δούλης
3315 4181 3461 4235 ἑάλω
3485 4183 3697 4235 τέκνων
3721 4182 3824 4252 τῆς

2257 4271 2460 4342 Ἀγαρ,
2516 4269 2612 4324 καὶ
2662 4275 2940 4344 μαχαίρας
2975 4273 3136 4346 ἔργον
3192 4275 3434 4342 ἐγένετο,
3474 4273 3709 4337 Λέοντος
3751 4273 3821 4327 τὰ

2252 4367 2511 4434 σκῆπτρα
2538 4364 2838 4430 διέποντος,
2872 4366 3139 4436 κρίμασιν
3165 4361 3247 4431 οἷς
3276 4366 3441 4427 αὐτὸς
3469 4367 3631 4435 μόνος
3659 4366 3828 4436 ἀπορ-

2251 4459 2442 4528 ρήτοις
2479 4459 2794 4523 ἐπίσταται,
2827 4459 3026 4531 Κύριε,
3069 4444 3314 4532 παριδὼν
3344 4461 3413 4514 τά
3447 4457 3697 4522 τοιαῦτα,
3732 4457 3827 4510 καὶ

648 4641 758 4714 (ﬂ)
783 4639 888 4708 En,
937 4640 1148 4711 insigne
1185 4639 1480 4714 enimvero
1523 4641 1845 4714 miraculum
1867 4643 1910 4714 l_
1938 4641 2134 4696 Verum
2171 4644 2214 4700 ἰ)
2247 4640 2428 4714 isthoo
2459 4645 2778 4714 contentum
2807 4652 2837 4692 e
2866 4637 3213 4714 codice‘ollm
3249 4639 3594 4714 Blazarjnreo,
3624 4640 3676 4691 in
3710 4657 3817 4711 quo

572 4708 704 4784 quid
739 4708 804 4767 de
850 4719 914 4768 'eo
963 4708 1334 4784 censendum?
1370 4708 1482 4784 Etsi
1515 4711 1735 4779 quidem
1765 4712 1948 4764 omnia
1974 4750 1988 4772 ,
2019 4727 2140 4784 (line

575 4779 738 4853 supra
772 4793 978 4837 natura:
1006 4781 1145 4836 vires
1163 4794 1194 4853 a
1219 4779 1420 4853 sanctis
1452 4788 1659 4853 patrata
1687 4790 1995 4853 narrantur,
2023 4781 2141 4836 solo

575 4847 681 4909 hoc
710 4869 778 4908 ex
811 4856 1010 4922 capite,
1039 4850 1182 4920 quod
1210 4847 1461 4922 prodigia
1486 4850 1617 4912 sint,
1649 4851 1834 4904 haberi
1867 4866 1964 4921 pro
1994 4867 2144 4904 com-

577 4927 776 4979 tnentis
803 4917 1108 4990 fabultsque
1142 4917 1285 4973 haud
1316 4917 1589 4990 debeant,
1625 4935 1731 4986 quo
1758 4917 1936 4975 tamen
1967 4925 2146 4989 prodi-

576 4995 725 5062 giosa
765 4997 938 5063 magis
971 4989 1294 5058 credituque
1324 4989 1463 5063 adeo
1488 4989 1802 5063 _dillicilior_a
1849 4995 2141 5054 exsistunt,

577 5059 644 5118 eo
665 5059 942 5128 etiamfut
969 5064 1279 5126 credantur,
1311 5059 1532 5128 majoris
1560 5071 1611 5114 et
1654 5061 1776 5112 lldei
1810 5072 1864 5115 et
1909 5063 2147 5114 auctori-

575 5133 704 5187 tatis
736 5147 832 5186 seu
867 5144 1031 5189 testes
1061 5145 1156 5184 seu
1189 5131 1506 5197 scriptores,
1553 5145 1582 5183 a
1623 5132 1819 5201 quibus
1873 5132 2148 5185 memoriae

575 5203 690 5259 sint
719 5203 950 5270 prodita,
987 5201 1161 5257 solent
1189 5202 1416 5270 requiri.
1467 5204 1602 5255 Cum
1636 5200 1812 5254 autem
1846 5200 1898 5254 id
1947 5204 2018 5252 ita
2055 5205 2149 5253 ha-

579 5274 724 5336 beat,
758 5287 900 5326 anne
924 5283 1114 5326 auctor
1144 5282 1354 5335 uoster,
1386 5280 1440 5322 ut
1472 5271 1588 5336 tali,
1627 5271 1787 5338 quale
1824 5272 1911 5325 hic
1942 5272 2104 5325 relcrt
2127 5311 2143 5338 ,

577 5346 821 5412 prodigio
862 5343 1018 5396 ﬁdem
1067 5340 1432 5394 indubitatam
1478 5341 1755 5404 conciliet,
1788 5343 2146 5412 auctoritatis

574 5411 896 5468 sollicieutis
924 5415 1014 5477 sit,
1049 5421 1256 5466 statues
1290 5425 1355 5464 ex
1395 5412 1492 5474 iis,
1544 5425 1664 5478 quae
1693 5416 1754 5463 de
1783 5411 1874 5466 illo
1905 5412 1956 5465 iu
1985 5411 2144 5465 Com-

575 5486 845 5536 mentario
873 5485 1098 5553 praevio,
1154 5497 1305 5553 num.
1353 5482 1443 5547 25,
1469 5481 1526 5553 in
1559 5481 1795 5533 medium
1822 5482 2048 5536 adduxi.
2085 5481 2144 5533 Ei

576 5555 796 5607 interim
831 5549 1159 5623 suﬂragatur
1189 5549 1804 5623 JoatttteshStauraeius,
1849 5553 1941 5620 qui
1987 5557 2142 5618 plura

574 5623 628 5676 i.l
670 5639 841 5692 genus
872 5620 1130 5677 miracula
1164 5637 1195 5676 a
1226 5632 1422 5692 sancto
1437 5620 1712 5692 Demetrio
1736 5621 1906 5676 l'uis.~e
1937 5632 2147 5689 patrata

573 5691 740 5760 Supra
777 5709 930 5746 num.
961 5692 1066 5745 2M
1095 5705 1150 5746 et
1177 5709 1331 5761 seqq.
1368 5691 1620 5745 aliirmat.

648 5761 762 5833 itii)
811 5762 988 5834 Caput
1029 5777 1290 5832 pra-scus,
1322 5774 1412 5816 aut
1442 5803 1458 5829 ,
1507 5761 1553 5815 si
1594 5762 1788 5829 mavis,
1843 5762 2148 5832 prodigium

2245 4730 2274 4768 a
2307 4712 2405 4765 τοι.
2435 4725 2590 4763 verso
2613 4708 2721 4762 218
2747 4722 2920 4780 usque
2948 4711 3014 4762 ad
3046 4710 3141 4780 fol.
3171 4726 3384 4780 versum
3418 4709 3517 4762 221
3553 4708 3820 4780 excurrit,

2244 4782 2433 4835 Graece
2470 4781 2630 4834 simul
2669 4789 2719 4832 et
2749 4778 2940 4851 Latine
2973 4781 3026 4833 in
3067 4779 3322 4835 Historia:
3351 4779 3668 4848 Byzantium
3702 4778 3826 4851 post

2245 4852 2632 4922 Theophanem
2669 4849 3056 4922 scriptoribus,
3082 4867 3206 4922 pag.
3235 4851 3341 4904 514
3364 4864 3418 4922 et
3459 4851 3602 4904 binis
3637 4849 3820 4922 Seqq.,

2245 4933 2369 4976 ante
2401 4918 2494 4974 ine
2524 4919 2639 4988 jam
2675 4918 2912 4988 rulgavit
2941 4918 3322 4976 Combetisius.
3359 4921 3539 4988 Atque
3564 4922 3670 4974 hoc
3694 4918 3820 4988 qui;

2245 4994 2391 5053 dem,
2427 4987 2550 5063 eun}
2601 4988 2730 5063 hinc
2769 4987 3504 5063 Grieca‘scriptorisnostri
3559 4987 3820 5063 attettyitii

2247 5063 2490 5117 narratio
2514 5058 2869 5113 describenda
2892 5077 2921 5115 e
2941 5060 3086 5116 dicto
3115 5061 3435 5115 δίεισι-ιιιωο
3467 5061 3654 5115 codice
3675 5058 3822 5116 haud
3863 5101 3868 5105 -

2249 5136 2434 5193 fuerit,
2471 5131 2602 5182 mihi
2646 5129 2846 5182 accidit
2875 5134 3363 5198 percommodum;
3397 5145 3608 5194 verum,
3635 5136 3738 5184 etsi
3771 5135 3820 5185 id

2247 5204 2321 5256 ita
2349 5203 2442 5264 sit,
2477 5201 2766 5267 hancque,
2804 5209 2968 5268 prout
2994 5199 3114 5256 loco
3148 5204 3244 5255 cit.
3283 5218 3312 5254 a
3347 5201 3677 5255 Combelisio
3706 5205 3824 5256 rul-

2247 5282 2367 5342 gata
2408 5279 2616 5332 exstat,
2652 5271 2921 5342 duntaxat
2952 5271 3040 5323 hic
3069 5273 3346 5337 reeudam,
3375 5270 3587 5342 Latina;
3613 5282 3819 5334 tamen,

2245 5339 2350 5411 qua
2381 5342 2448 5393 ab
2475 5343 2581 5393 hoc
2605 5339 2874 5411 scriptore
2907 5345 3216 5408 exponitur,
3251 5340 3689 5409 interpretationi
3725 5359 3816 5397 no-

2244 5409 2369 5464 ram
2411 5409 2851 5465 substituendam
2891 5411 3220 5477 existimari,
3257 5414 3403 5480 quod
3446 5413 3716 5465 adornata
3752 5414 3819 5466 ab

2245 5499 2311 5536 eo
2359 5480 2599 5534 auctoris
2642 5479 2910 5533 duntaxat
2961 5497 3203 5547 sensum,
3257 5479 3368 5535 non
3424 5491 3607 5534 autem
3659 5492 3821 5536 etiam

2249 5553 2409 5604 verba
2451 5550 2684 5602 subinde
2731 5550 2953 5614 reddat;
2983 5553 3124 5617 quod
3174 5562 3376 5605 nostra!
3423 5549 3614 5605 Graeca
3658 5551 3812 5607 inter-

2251 5619 2500 5690 pretandi
2535 5619 2792 5690 methodo
2826 5620 2968 5674 haud
3005 5620 3140 5675 satis
3174 5621 3448 5689 congruit.

2324 5693 2436 5760 (t6)
2481 5689 2744 5742 Saraceni
2766 5726 2786 5760 ν,
2820 5691 2942 5743 aliis
2975 5693 3206 5759 Agareui
3238 5692 3439 5759 hit-que
3480 5689 3688 5745 auctori
3725 5707 3834 5746 no»

2251 5772 2366 5817 stro
2393 5759 2584 5832 Agaris
2613 5759 2824 5816 ancillae
2865 5761 2978 5825 lilii,
3005 5765 3149 5830 quod
3175 5762 3242 5816 ab
3269 5765 3368 5816 hac
3397 5763 3566 5830 Saiai,
3593 5764 3826 5818 Abrah:
