4070 6382
349 404 487 469 i397

1399 409 1459 470 S.
1508 412 1881 470 DEMETIUI
1929 412 2324 474 MARTYRIS
2361 415 2570 477 ACTA.

3459 414 3596 478 i398

345 495 600 552 κοντίανα
634 495 711 566 τῷ
739 496 926 568 χωρίῳ
962 496 1023 550 τὸ
1064 497 1258 567 ὄνομα,
1296 496 1421 559 ναὸς
1449 498 1527 568 τῷ
1561 501 1919 570 μεγαλομὰρ-

2034 518 2092 556 na
2126 503 2238 575 (26)
2287 505 2408 560 loco
2459 519 2655 560 nomen
2687 504 2792 576 est)
2819 519 3015 577 magno
3062 502 3288 576 martyri
3319 503 3594 559 Demetrio

345 605 468 660 τυρι
525 589 822 661 Δημητρίῳ
880 589 1288 660 ἐξῳκοδόμηται
1357 588 1446 642 διὰ
1509 591 1608 658 τῆς
1657 591 1918 647 ἀνωτάτω

345 683 515 749 τιμῆς
560 697 618 734 τε
664 681 760 734 καὶ
796 678 978 744 αἰδοῦς
1032 679 1113 732 ἔτι
1147 683 1261 744 τοῖς
1291 681 1585 750 ἐγχωρίοις
1621 682 1916 752 ἀγόμενος,

349 773 446 826 καὶ
483 773 518 842 ἡ
558 773 709 826 αἰτία
743 772 843 841 τῆς
900 772 1211 840 οἰκοδομῆς,
1245 773 1420 825 εἰπεῖν
1457 773 1518 826 οῦ
1566 775 1750 844 χεῖρον
1787 773 1917 828 ταύ-

349 881 474 932 την,
499 863 665 917 ἐστίν·
710 864 876 934 Ἀνήρ
929 881 1013 926 τις
1073 864 1397 932 αὐτουργεῖν
1444 863 1653 928 εἰωθὼς
1688 866 1782 919 καὶ
1814 865 1921 917 ἀπὸ

355 956 562 1026 χειρῶν
619 957 1025 1027 πεπορισμένος
1095 957 1187 1009 τὸν
1250 955 1366 1025 βίον
1419 957 1546 1025 περὶ
1607 957 1666 1010 τὸ
1724 957 1923 1012 ἑαυτοῦ

352 1046 687 1116 πονούμενος
725 1047 938 1116 γήδιον,
996 1045 1163 1098 λίθων
1217 1047 1343 1100 τινὰ
1407 1046 1659 1118 ἐξεφόρει
1723 1048 1924 1120 σωρὸν,

354 1137 646 1208 προῦκειτο
675 1137 732 1192 δὲ
779 1138 885 1210 ἄρα
925 1136 1004 1206 τῷ
1037 1137 1194 1207 ἀνδρὶ
1229 1139 1329 1201 ἐἰς
1359 1137 1543 1193 ἅλωνα
1581 1140 1928 1210 μετασκευά-

355 1248 446 1284 σαι
499 1230 588 1284 τὸν
647 1230 825 1301 χῶρον
891 1226 1344 1298 ἐκκαθαρθέντα·
1405 1229 1500 1282 καὶ
1532 1231 1560 1282 ὁ
1621 1229 1722 1299 μὲν
1761 1230 1925 1301 ἔργον

337 1323 536 1391 ἐἴχετο
587 1321 683 1374 καὶ
716 1318 1121 1373 σπουδαιότατα
1159 1320 1280 1372 τότε
1320 1321 1396 1384 ὡς
1423 1321 1618 1376 δοκοῦν
1650 1322 1928 1392 ἄχρηστον

353 1413 675 1482 διεκάθηρε.

425 1505 562 1574 σλβ’.
615 1507 851 1570 Νεανίας
880 1507 936 1560 δέ
974 1522 1058 1568 τις
1091 1504 1240 1575 αὖτῷ
1289 1504 1418 1574 περὶ
1465 1505 1642 1560 ταῦτα
1673 1504 1928 1561 πονοῦντι

352 1595 454 1665 τὴν
488 1597 614 1667 δψιν
649 1599 956 1668 ἐκπρεπὴς,
1005 1599 1104 1668 τὴν
1147 1598 1298 1670 ὤραν
1335 1595 1625 1669 διαφανὴς.
1660 1613 1929 1667 στρατιω-

354 1689 521 1752 τικῶς
555 1690 889 1759 ἐσταλμένος
923 1691 1158 1758 ἱππότης
1186 1691 1498 1758 ἐφίσταται,
1536 1690 1632 1743 καὶ
1657 1684 1726 1742 Ὦ
1750 1683 1929 1756 οὗτος,

357 1782 484 1849 ἔφη,
526 1783 606 1846 είς
640 1782 826 1837 ἅλωνα
867 1783 958 1836 τδν
1015 1783 1150 1853 ἐμόν
1203 1801 1286 1838 σοι
1339 1782 1430 1837 διὰ
1489 1784 1725 1853 σπουδῆς
1768 1801 1932 1855 μετα-

355 1876 626 1930 σκευάσαι
681 1877 894 1946 σηκόνς
972 1876 1047 1930 Οὐ
1104 1876 1396 1946 χαιρήσεις
1447 1875 1527 1946 τῷ
1575 1877 1928 1946 ἐπινοήματι,

354 1968 478 2021 οῦδέ
532 1969 732 2037 ἄριστα
788 1969 969 2038 σαυτῷ
1020 1969 1120 2042 Eon
1185 1967 1645 2039 βεϐουλευμένος·
1702 1968 1816 2033 είμὶ
1873 1966 1931 2020 δὲ

355 2061 383 2112 δ
413 2057 864 2125 Θεσσαλονικεῦς,
913 2059 1041 2131 ἔφη,
1069 2062 1408 2130 Δημήτριος,
1441 2061 1536 2114 καὶ
1570 2059 1808 2114 ἐνταῦθα
1844 2077 1930 2114 τι-

364 2149 638 2218 μώμενος.
670 2150 780 2204 Καὶ
800 2153 828 2204 ὁ
853 2151 952 2220 μὲν
989 2149 1230 2204 τοσαῦτα
1265 2149 1436 2203 είπὼν
1459 2148 1633 2220 ᾤχετο
1658 2164 1672 2180 ⁸
1713 2152 1931 2220 ἄφωνος

355 2241 414 2294 δὲ
464 2244 491 2295 ὁ
524 2241 764 2311 γηπόνος
822 2241 1226 2304 κατελέλειπτο,
1285 2241 1377 2294 καὶ
1424 2235 1537 2294 οἷον
1586 2241 1686 2304 τὰς
1728 2241 1932 2311 φρένας

359 2335 722 2404 παρακοπεὶς,
768 2333 875 2386 τῶν
912 2333 1009 2404 μὲν
1045 2335 1105 2386 ἐν
1139 2333 1299 2404 χερσὶ
1334 2332 1554 2386 πάντων
1584 2332 1926 2403 ἐκλελησμέ-

359 2442 483 2488 νος,
533 2425 638 2478 ὑπὸ
684 2425 742 2478 δὲ
799 2425 894 2494 τῆς
948 2424 1097 2486 θείας
1138 2423 1357 2494 ἐκείνης
1401 2423 1783 2494 μαρμαρυγῆς
1833 2424 1933 2487 τὰς

359 2516 646 2586 αἰσθήσεις
680 2515 1022 2587 ἀφαιρεθείς.

408 2609 566 2677 ⁴σ)γ’.
618 2608 774 2662 Ἐπεὶ
823 2608 917 2663 οὖν
958 2609 1006 2662 oi
1067 2609 1436 2680 προσήκοντες
1470 2607 1566 2661 καὶ
1606 2605 1780 2669 ἄλλως
1812 2623 1934 2658 συν-

360 2700 516 2768 ἤθεις
547 2700 646 2770 τὴν
680 2700 866 2753 αἰτίαν
901 2702 998 2770 τῆς
1035 2700 1282 2768 ἁφασεας
1325 2698 1771 2761 διεπυνθάνοντο,
1805 2715 1934 2768 τρε-

363 2793 540 2864 μοῦσῃ
577 2792 815 2848 ἐνταῦθα
848 2793 876 2844 ὁ
910 2792 1194 2862 ἄνθρωπος
1243 2796 1338 2845 καὶ
1371 2790 1563 2860 ὥσπερ
1593 2808 1936 2861 παραφαινο-

362 2885 496 2958 μένῃ
522 2888 586 2956 τῇ
618 2883 832 2956 γλώττῃ
857 2886 1068 2940 ἕκαστα
1088 2883 1532 2956 τῶνδραθέντων
1563 2886 1931 2954 περιηγεῖται,

356 2978 452 3029 καὶ
493 2976 584 3030 τὸν
617 2978 952 3045 ἐπιφανέντα
982 2977 1294 3047 Δημήτριον
1333 2969 1472 3028 εἶναι
1504 2974 1681 3044 ἔλεγε.
1715 2975 1932 3044 Σπουδῇ

361 3060 459 3118 οῦν
500 3067 549 3118 oi
598 3066 934 3130 ἀκούσαντες
978 3064 1306 3135 τηνικαῦτα,
1343 3064 1549 3134 μᾶλλον
1596 3065 1686 3118 τὸν
1727 3064 1935 3118 ἐπικείο

366 3175 529 3227 μενον
562 3159 973 3230 ὲκφορήσαντες
1008 3157 1275 3228 συρφετὸν
1304 3157 1400 3210 καὶ
1439 3155 1928 3227 διακαθηράμενοι,
1956 3189 2000 3252 C

358 3249 634 3319 θεμελίοις
681 3267 741 3304 τε
785 3251 1023 3312 παλαιᾶς
1062 3267 1209 3312 τινος
1243 3248 1679 3320 περιετύγχανον
1717 3247 1924 3302 οἰκοδο-

361 3341 491 3412 μῆς.
531 3343 626 3395 καὶ
677 3341 838 3396 τοῦτο
896 3342 1076 3395 ἐκεῖνο
1131 3341 1327 3412 δηλοῦν
1380 3342 1474 3395 τὸν
1527 3340 1818 3410 φανέντα,
1853 3334 1937 3402 οἷς

356 3435 686 3505 περιέτυχον
737 3435 968 3498 είκότως
1024 3434 1574 3505 τεκμηριωσάμενοι,
1631 3432 1824 3486 τοῦτον
1876 3430 1937 3484 δὲ

357 3528 450 3579 τὸν
502 3529 598 3581 νῦν
655 3527 939 3599 δρώμενον
987 3526 1356 3597 πο>.υτίμητὸν
1399 3541 1459 3578 τε
1497 3524 1594 3578 καὶ
1625 3522 1938 3594 θαυμαστὸν

359 3620 528 3691 σηκὸν
564 3621 1060 3692 ἀνῳκοδομήσαντο
1087 3659 1101 3682 ,
1131 3618 1374 3688 σταυρόν
1397 3635 1456 3670 τε
1479 3617 1572 3670 ἐπὶ
1601 3615 1678 3686 τῷ
1699 3615 1936 3677 ἐκείνου,

357 3711 434 3776 ὡς
489 3715 602 3774 τοῖς
661 3712 924 3782 ἀγρόταις
977 3711 1142 3774 ἔθος,
1204 3710 1266 3774 ἐξ
1314 3709 1559 3779 ἀργύρου
1598 3707 1679 3777 τῷ
1720 3706 1937 3775 τεμένει

359 3803 778 3872 ἑνιδρυσάμενοι
828 3803 1056 3872 ὀνόματι
1125 3801 1422 3870 θαυμάτων
1482 3800 1576 3852 καὶ
1634 3797 1938 3868 τεραστίων

359 3895 617 3964 ἐμπλεων
670 3895 767 3965 τὴν
817 3893 1098 3966 περίοικον
1149 3891 1559 3960 ἀπειργάσαντο
1593 3887 1806 3958 μεγάλα
1843 3887 1938 3940 καὶ

359 3983 592 4038 ἀκοῦσαι
624 3983 852 4052 φρικτὰ,
891 3982 978 4036 ἀεὶ
1010 3980 1106 4036 τοῦ
1145 3977 1532 4050 φιλανθρώπου
1556 3976 1937 4038 ἐπιτελοῦντος

359 4073 593 4128 ἐνταῦθα
629 4073 768 4128 Θεοῦ
820 4074 908 4127 διὰ
962 4075 1062 4144 τῆς
1123 4072 1218 4126 τοῦ
1275 4072 1555 4143 μάρτυρος
1619 4068 1934 4140 Δημητρίου

365 4167 621 4237 συνεχοῦς
665 4167 741 4233 τῷ
776 4167 962 4238 χωρίῳ
991 4165 1296 4236 παρουσίας
1359 4165 1454 4217 καὶ
1494 4163 1923 4232 ἐπιφοιτήσεως.

364 4258 422 4309 ἐν
454 4258 678 4328 Χριστῷ
734 4257 913 4329 Ἰησοῦ
962 4259 1042 4328 τῷ
1076 4258 1265 4328 Κυρίῳ
1312 4255 1491 4327 ἡμῶν,
1539 4247 1583 4322 ᾧ
1617 4254 1650 4325 ἡ
1683 4253 1812 4320 δόξα
1841 4255 1937 4308 καὶ

360 4350 420 4404 ne
472 4351 675 4420 κράτος
705 4349 800 4404 νῦν
848 4351 944 4404 καὶ
987 4352 1095 4414 ἀεὶ,
1137 4367 1192 4404 κ.
1225 4367 1275 4402 τ.
1319 4349 1368 4403 λ.

2026 596 2307 666 templum,
2332 597 2475 666 quod
2498 599 2548 652 in
2570 598 2808 653 maximo
2841 597 3244 654 adbucbonore
3275 612 3340 653 ac
3373 612 3599 652 venera-

2024 683 2173 738 tione
2189 685 2256 739 ab
2275 685 2464 742 incolis
2481 687 2732 754 habetur,
2747 688 3070 744 aediﬁcatum
3083 697 3277 753 exstat,
3301 703 3594 757 causaque,

2025 789 2185 843 quam
2201 782 2519 846 exposuisse
2533 779 2631 835 abs
2645 793 2702 834 re
2725 779 2869 833 haud
2886 778 3072 848 fuerit,
3091 779 3468 834 azdilicationis
3484 793 3592 834 esu

2031 864 2122 921 Vir
2152 867 2371 934 quidam
2397 910 2413 936 ,
2462 885 2557 940 per
2583 887 2704 928 sese
2737 871 2990 927 laborare
3024 886 3398 941 manuumque
3432 887 3601 938 opere

2025 956 2228 1012 victum
2263 973 2584 1028 comparare
2614 961 2830 1028 solitus,
2863 977 2988 1018 cum
3028 962 3081 1016 in
3116 962 3288 1029 agello
3317 977 3420 1017 suo
3451 961 3604 1016 labo-

2027 1056 2194 1112 raret,
2225 1047 2464 1118 lapidum
2487 1053 2774 1120 quemdam
2803 1067 3059 1108 acervum
3093 1053 3308 1114 extulit,
3346 1053 3466 1106 viro
3506 1067 3604 1106 au-

2029 1146 2136 1193 tem
2171 1137 2310 1195 forte
2341 1151 2458 1196 erat
2489 1143 2851 1213 propositum,
2878 1144 3080 1209 locum,
3111 1159 3232 1198 cum
3267 1153 3602 1213 expurgatus

2031 1243 2212 1297 esset,
2244 1231 2297 1286 in
2331 1247 2512 1288 aream
2547 1243 2920 1300 commutare,
2954 1249 3018 1290 ac
3052 1249 3217 1305 opere
3248 1236 3467 1304 quidem
3504 1237 3600 1290 de-

2033 1323 2326 1389 tinebatur,
2379 1327 2920 1398 accuratissimeque,
2969 1327 3134 1398 quod,
3186 1337 3246 1382 ut
3292 1329 3602 1391 videbatur.

2032 1416 2224 1470 inutile
2253 1425 2388 1484 erat,
2422 1419 2772 1489 repurgabat.

2105 1508 2233 1564 232.
2271 1508 2328 1563 Ei
2379 1525 2509 1564 vero
2558 1509 2708 1565 hisce
2740 1525 2958 1579 cperam
2996 1513 3187 1579 danti,
3220 1514 3437 1582 juvenis
3479 1514 3603 1580 qui-

2037 1597 2182 1662 dam,
2241 1599 2375 1655 facie
2424 1601 2699 1667 decorus,
2759 1601 2942 1672 specie
3001 1604 3321 1671 pellucidus,
3381 1605 3603 1658 militari

2035 1689 2234 1760 equitis
2269 1690 2452 1746 habitu
2513 1693 2756 1757 indutus,
2818 1706 3040 1761 repente
3082 1705 3260 1757 as'at,
3319 1704 3392 1759 et,
3456 1693 3605 1749 Heus

2039 1789 2118 1841 tu.
2153 1781 2348 1850 inquit.
2380 1799 2630 1838 meumne
2663 1793 2717 1838 tu
2750 1785 3008 1854 templum
3043 1786 3091 1837 in
3125 1801 3305 1840 aream
3347 1787 3442 1840 tibi
3479 1801 3605 1853 pro.

2035 1887 2163 1941 pere
2193 1874 2535 1930 commutes?
2562 1875 2661 1937 lle,
2688 1891 2850 1946 quam
2886 1857 3188 1939 meditaris,
3223 1876 3365 1930 haud
3394 1876 3608 1930 laetabe-

2036 1965 2134 2024 ris.
2169 1981 2347 2034 neque
2378 1967 2582 2036 Optime
2608 1967 2919 2039 tibimetipsi
2951 1967 3326 2032 consulueris;
3357 1983 3477 2023 sum
3509 1983 3606 2020 au-

2036 2067 2167 2124 tem,
2202 2058 2360 2120 di\it,
2407 2059 2733 2128 Demetrius,
2772 2059 3177 2116 Thessalonicae
3220 2069 3379 2114 natus
3403 2061 3606 2129 ub‘qnc

2037 2149 2358 2206 honoratus.
2398 2151 2574 2218 Atque
2609 2151 2697 2206 hic
2729 2151 2946 2222 quidem
2968 2193 2982 2215 ,
3015 2167 3140 2206 cum
3175 2153 3298 2206 talia
3341 2151 3604 2212 dixisset.

2036 2241 2213 2294 abibat
2239 2259 2253 2306 ;
2289 2244 2520 2312 agricola
2551 2253 2731 2298 autem
2759 2259 2888 2298 voce
2917 2243 3175 2298 manebat
3201 2243 3514 2305 destitutus,
3545 2256 3608 2296 ac

2033 2335 2177 2388 velut
2211 2346 2394 2390 mente
2431 2336 2740 2404 perculsus,
2779 2337 3022 2391 omnium
3057 2336 3275 2405 quidem
3328 2351 3448 2401 quae
3499 2351 3608 2404 pne

2035 2427 2287 2482 manibus
2338 2427 2590 2494 habebat,
2641 2437 2759 2483 erat
2807 2429 3032 2492 oblitus,
3069 2443 3176 2498 prce
3208 2427 3393 2481 divino
3429 2435 3604 2480 autem

2039 2516 2132 2572 illo
2167 2518 2376 2586 fulgore
2409 2518 2664 2574 sensibus
2697 2519 2945 2573 orbatus.

2101 2611 2226 2665 253.
2263 2610 2395 2664 Cum
2448 2609 2610 2683 igitur
2662 2610 2955 2666 necessarii
3009 2610 3270 2680 aliterque
3315 2607 3610 2662 familiares

2034 2702 2271 2771 stuporis
2322 2717 2544 2757 causam
2594 2710 2875 2774 rogarunt,
2911 2709 3176 2756 tremente
3226 2715 3290 2754 ac
3322 2700 3468 2753 velut
3515 2700 3612 2753 dc-

2035 2796 2245 2850 licien'e
2287 2810 2420 2849 voce
2461 2793 2674 2864 singula
2721 2808 2912 2848 eorum
2947 2807 3066 2861 qua:
3093 2793 3206 2848 visa
3241 2801 3420 2852 erant,
3446 2791 3611 2846 homo

2036 2889 2122 2943 hic
2156 2889 2379 2957 exponit
2406 2930 2420 2952 ,
2450 2901 2708 2954 eumque,
2740 2886 2832 2956 qui
2866 2895 3236 2958 apparuerat,
3274 2883 3609 2937 Demetrium

2035 2993 2154 3033 esse
2203 2978 2396 3032 edixit.
2431 2975 2569 3032 Tum
2622 2977 2808 3047 igitur,
2837 2978 2929 3047 qui
2977 2978 3029 3031 id
3080 2975 3386 3036 audierant,
3437 2973 3612 3042 magis

2035 3070 2288 3126 alacriter
2312 3071 2721 3140 superjacentes
2747 3071 2938 3126 sordes
2977 3069 3283 3130 elTereotes,
3322 3067 3612 3132 locumque

2035 3171 2421 3231 cxpurgantcs,
2444 3161 2575 3216 etin
2612 3161 2822 3229 antiqui
2853 3159 3136 3230 cujusdam
3168 3156 3380 3212 aedilicii
3416 3155 3614 3209 funda-

2037 3261 2214 3305 menta
2253 3251 2567 3308 incidebant
2596 3291 2610 3315 ,
2647 3260 2700 3306 et
2738 3250 2879 3306 hanc
2911 3251 3085 3320 ipsam
3119 3263 3232 3304 rem
3260 3289 3276 3314 ,
3307 3247 3399 3316 qui
3449 3259 3614 3314 appa-

2036 3353 2240 3406 ruerat,
2271 3340 2582 3404 ostcndere,
2616 3357 2678 3396 ex
2713 3342 2779 3396 iis
2816 3340 2870 3395 in
2908 3356 3026 3408 qua:
3060 3337 3390 3400 inciderunt,
3419 3333 3614 3388 merito

2035 3433 2418 3504 conjicientes.
2469 3433 2610 3488 banc
2657 3447 2779 3503 quae
2827 3432 3100 3501 hodieque
3151 3429 3398 3486 cernitur
3441 3427 3612 3480 aedem

2037 3540 2247 3580 sacram
2277 3533 2332 3580 et
2361 3525 2660 3595 pretiosam
2697 3534 2748 3580 et
2781 3523 3085 3579 mirandam
3121 3523 3524 3577 instaurarunt.
3553 3532 3616 3571 ac

2037 3633 2256 3675 crucem
2298 3629 2633 3690 argenteam,
2665 3629 2724 3673 ut
2756 3619 2974 3674 rusticis
3016 3633 3135 3673 mos
3168 3627 3272 3680 est,
3301 3615 3504 3670 nomini
3547 3614 3616 3665 il-

2038 3711 2143 3765 lius
2171 3711 2223 3764 in
2267 3712 2391 3764 luco
2424 3713 2758 3766 collocantes
2791 3711 3073 3764 miraculis
3108 3721 3158 3763 et
3194 3707 3462 3778 prodigiis
3493 3707 3612 3775 ple-

2037 3814 2205 3864 nam,
2273 3815 2467 3869 magna
2541 3799 2842 3869 audituque
2937 3797 3199 3868 stupenda
3275 3795 3614 3853 misericordi

2037 3892 2142 3946 Deo
2169 3905 2381 3960 semper
2413 3907 2509 3962 per
2536 3891 2812 3946 assiduam
2843 3892 3100 3962 martyris
3130 3889 3388 3944 Demetrii
3417 3889 3468 3941 in
3496 3888 3616 3943 loco

2037 3983 2377 4053 praesisntiam
2411 3998 2474 4038 ac
2511 3983 2876 4038 visitationem
2909 3981 3108 4036 ibidem
3147 3981 3461 4050 perliciente
3485 4019 3500 4042 ,
3534 3980 3616 4029 vi-

2037 4073 2215 4128 cinam
2245 4072 2474 4129 eﬂ'ecere
2507 4072 2620 4146 (27)
2655 4075 2709 4128 in
2737 4074 2955 4130 Cbristo
2984 4072 3113 4129 Jesu
3144 4071 3376 4128 Domino
3404 4079 3615 4134 nostro,

2042 4167 2126 4220 cui
2170 4166 2339 4235 gloria
2369 4176 2420 4221 et
2445 4167 2619 4224 virtus
2646 4183 2790 4223 nunc
2823 4176 2879 4224 et
2913 4183 3150 4239 semper,
3177 4175 3281 4220 etc.

360 4537 624 4599 excurrit,
666 4537 930 4603 integrum
959 4536 1098 4604 apud
1137 4551 1232 4589 nos
1263 4537 1590 4606 descriptum
1624 4544 1815 4606 exstat,
1848 4536 1934 4590 hic
1968 4536 2010 4590 ι)
2043 4537 2307 4589 tradatur.

404 4607 722 4676 reponitur;
772 4603 1205 4674 pariter’autem
1257 4608 1378 4662 aliis
1427 4603 1605 4662 verbis
1653 4620 1680 4658 a
1721 4603 1932 4676 Joanne

404 4628 722 4676 roponttur;
773 4628 976 4674 paritur
1025 4628 1205 4658 ειυιιτιη
1257 4628 1378 4662 atus
1427 4628 1605 4662 VCI‘DIS
1653 4628 1680 4658 3
1721 4628 1932 4660 uranne

363 4628 650 4736 Etauracio
694 4678 1043 4747 explanatum
1084 4686 1260 4731 exstat
1312 4678 1364 4731 in
1422 4679 1610 4731 codice
1660 4688 1848 4747 nostro
1897 4675 1937 4747 1-

363 4768 469 4806 ms.
497 4749 620 4814 193,
640 4750 692 4801 in
717 4762 826 4814 quo
844 4746 1189 4809 miraculum,
1219 4763 1336 4817 cip.
1358 4746 1681 4817 praecedenti
1709 4745 1929 4812 datum,

364 4819 860 4891 proximeexcipit.

435 4889 547 4958 (9.6)
589 4887 697 4941 Nec
729 4889 916 4943 urbem
948 4902 1047 4942 nec
1075 4903 1268 4956 pagum
1311 4889 1474 4955 hujus
1521 4888 1786 4945 nominis.
1837 4888 1933 4955 qui

365 4960 418 5014 iu
448 4959 792 5026 Cappadocia
825 4959 966 5013 situs
987 4960 1078 5021 sit,
1105 4959 1156 5011 in
1179 4958 1574 5026 Geograpiiieis
1605 4973 1700 5012 seu
1729 4958 1927 5012 tabulis

365 5047 458 5083 seu
493 5030 685 5083 lexicls
720 5029 972 5093 invenio,
1008 5038 1068 5082 ut
1103 5028 1238 5082 adeo
1274 5045 1369 5097 pro
1402 5029 1625 5094 ignobili
1658 5031 1925 5081 duntaxat

365 5101 484 5153 loco
533 5100 890 5152 Dracontiaua
938 5099 1134 5152 debeat
1178 5098 1398 5158 haberi,
1442 5098 1566 5151 licet
1609 5098 1827 5152 interim
1875 5107 1929 5152 et

363 5171 476 5223 a'de
500 5180 691 5224 sancto
733 5169 1004 5222 Demetrio
1033 5185 1185 5222 sacra
1204 5210 1218 5229 .
1248 5179 1301 5221 et
1332 5168 1630 5230 miraculis,
1661 5183 1756 5236 per
1785 5171 1929 5222 hunc

367 5240 611 5310 pitratis.
641 5238 910 5294 etinlsisse
943 5240 1009 5293 ab
1039 5250 1262 5295 auctore
1293 5247 1481 5292 no-tro
1510 5253 1630 5295 cao.
1673 5238 1928 5307 prmsenti

2111 4606 2223 4677 (27)
2255 4607 2388 4677 cum
2414 4603 2622 4669 omnia,
2647 4617 2767 4671 cap.
2787 4601 3190 4677 presenti,quo
3213 4609 3408 4677 auctor
3417 4611 3618 4677 poster

2039 4669 2474 4731 lucubrationem
2509 4689 2666 4729 suam
2699 4669 2958 4727 terminat
2981 4710 2995 4734 ,
3030 4669 3286 4735 narrata,
3322 4671 3374 4724 in
3411 4669 3620 4736 Cappa-

2037 4747 2196 4817 doei_a
2231 4754 2380 4817 gesta
2409 4745 2688 4817 dicantur,
2714 4744 2870 4817 isque
2895 4758 3002 4817 non
3042 4741 3096 4817 i_n
3128 4741 3347 4817 regione
3375 4739 3614 4817 illa,_sed

2039 4808 2547 4872 velThéssalonica:
2574 4815 2654 4870 vel
2676 4814 2729 4868 in
2753 4808 2892 4876 loco,
2925 4811 3065 4864 baud
3101 4808 3289 4878 procul
3320 4808 3613 4863 admodum

2038 4889 2108 4942 ab
2155 4889 2254 4941 bac
2297 4888 2540 4958 civitate,
2582 4885 3008 4958 longissimeque
3039 4882 3172 4935 adeo
3219 4878 3618 4958 aCappadoeia

2038 4968 2266 5016 remoto.
2299 4948 2552 5012 ﬂoruisse
2607 4948 2874 5016 videatur,
2921 4948 3101 5022 potest
3143 4964 3275 5022 sane
3328 4948 3411 5005 vel
3461 4948 3614 5022 hinc,

2037 5043 2166 5081 nom
2217 5031 2482 5095 integram
2529 5026 2575 5079 is
2609 5023 2662 5078 in
2694 5020 2973 5099 omnibus2
3023 5036 3172 5099 quae.
3200 5021 3286 5074 hic
3336 5020 3619 5099 memoriae

2038 5099 2238 5166 prodit,
2275 5090 2434 5151 [idem
2469 5103 2766 5159 mereatur,
2803 5107 2910 5146 non
2961 5090 3235 5146 innuerito
3269 5090 3514 5145 revocari
3564 5093 3617 5141 in

2039 5168 2294 5223 dubium.

2523 5352 2550 5362 ε
