4070 6382
543 353 681 423 13'99
1836 366 2191 428 SUPPLEM

2198 370 2486 432 ENTUM.
3680 380 3865 446 1400

1785 715 2532 830 ANALECTA

525 952 618 1014 De
660 961 992 1031 unguento
1030 969 1145 1016 seu
1184 954 1329 1016 oleo
1359 972 1393 1016 e
1430 957 1493 1016 S.
1530 955 1831 1017 Demetrii
1869 954 2123 1017 tumulo
2159 974 2195 1034 p

2203 957 2530 1037 rodigiose
2585 964 2978 1028 scaturiente
3024 969 3307 1049 aliisque
3357 974 3572 1037 adhuc
3632 978 3844 1054 eius-

604 1058 748 1117 dem
797 1059 1007 1119 Sancti
1057 1058 1408 1128 miraculis,
1474 1060 1698 1136 partim
1744 1078 1778 1120 c
1839 1060 2262 1136 scriptoribus
2327 1072 2623 1142 typorum
2655 1067 2964 1133 beneﬁcio
2984 1073 3113 1150 jam
3152 1078 3451 1156 vulgatis,
3491 1082 3756 1158 partim
3794 1105 3838 1146 e

602 1159 866 1221 Joannis
909 1161 1214 1222 Stauracii
1255 1178 1325 1221 ac
1350 1161 1652 1222 Demetrii
1687 1160 2087 1240 Chrysolorte
2123 1162 2186 1224 lu

2100 1405 2172 1415 -ς

525 1516 552 1581 §
587 1514 621 1576 l_
662 1514 927 1593 Hirti-{Lilia
950 1560 964 1579 ,
997 1536 1192 1593 sternte
1223 1521 1422 1593 decium
1453 1523 1750 1589 posteriora
1772 1564 1785 1586 ,
1814 1541 1930 1593 qua?
1962 1526 2101 1581 Sau-
2132 1526 2185 1586 Α

590 1598 705 1639 ctus
722 1586 775 1638 in
799 1587 1182 1644 Thcssalonicw
1212 1586 1706 1682 fauorem'patrarse
1732 1586 2005 1651 narratur.

595 1702 642 1756 l.
680 1699 872 1757 Fuisse
894 1704 1199 1769 enimvero,
1226 1705 1479 1760 Mauritio
1512 1707 1725 1777 imperii
1752 1708 1983 1763 Romani
2011 1708 2106 1764 ha-

526 1794 691 1848 benas
709 1794 1051 1858 moderante,
1071 1796 1851 1871 Thessalonicamprodigiose
1878 1816 2102 1866 prorsus

524 1882 685 1936 modo
711 1885 980 1939 adversus
1012 1885 1223 1939 uuitam
1250 1886 1490 1941 Avarum
1524 1888 1866 1959 aliarumque
1899 1888 2101 1943 barba-

523 1978 760 2032 ricarum
793 1979 1079 2032 nationum
1111 1978 1218 2032 vim
1251 1995 1278 2031 a
1312 1987 1501 2035 sancto
1534 1980 1829 2050 Demetrio,
1867 1990 2101 2050 patrono

520 2085 645 2134 suo,
670 2069 978 2137 defensam,
1005 2071 1540 2141 expugnationisque
1563 2072 1727 2127 simul
1750 2089 1813 2128 ac
1837 2074 2102 2144 direptio-

522 2165 608 2217 nis
659 2163 905 2229 periculo
958 2164 1389 2232 prasentissimo
1448 2173 1731 2235 ereptam,
1807 2167 2094 2230 Joannes,

522 2254 1031 2308 't‘bessalonicensis
1074 2254 1543 2323 archiepiscopus,
1578 2272 1742 2326 supra
1794 2258 2097 2329 swpissime

524 2346 802 2411 laudatus,
833 2347 925 2415 qui
969 2347 1048 2400 rei
1092 2355 1262 2416 gestae
1298 2347 1570 2411 interluit,
1612 2349 2030 2417 miraculorum,
2061 2369 2094 2408 a

522 2447 712 2491 sancto
748 2436 1026 2492 Demetrio
1059 2447 1422 2509 patratorum,
1467 2439 1565 2494 lib.
1602 2456 1616 2493 ι
1650 2441 1763 2510 iam
1797 2442 1947 2509 dato,
1972 2460 2092 2515 cap.

525 2529 589 2582 t5
620 2540 675 2584 et
723 2530 863 2591 binis
889 2546 1073 2599 seqq.,
1124 2530 1489 2585 indubitatum
1540 2531 1690 2587 facit.
1736 2535 1915 2604 Atque
1960 2536 2092 2591 illud

520 2622 769 2690 quidem,
790 2623 867 2678 uti
899 2638 963 2678 ex
995 2622 1306 2691 Adnotatis,
1339 2623 1484 2679 dicto
1516 2625 1683 2694 capiti
1717 2625 1781 2679 l3
1834 2630 2093 2684 subnexis

516 2715 726 2785 liquet,
783 2715 986 2770 saeculo
1035 2723 1189 2771 sexto
1265 2715 1331 2770 ad
1410 2714 1573 2770 finem
1648 2718 1948 2774 inclinante
1991 2735 2090 2775 seu

520 2821 665 2860 anno
698 2805 801 2861 597
833 2808 1052 2872 evenit;
1076 2806 1246 2861 fuisse
1285 2820 1447 2875 porro
1475 2806 1640 2861 etiam
1672 2808 1923 2863 eamdem
1951 2811 2089 2864 civi-

523 2907 687 2952 tatem
739 2898 941 2952 szeculo
977 2899 1230 2968 septimo,
1279 2913 1403 2952 cum
1436 2897 1603 2961 idem,
1635 2914 1798 2969 quem
1842 2902 2088 2968 proxime
2124 2883 2191 2936 Βν

524 2985 741 3039 laudavi
764 3024 778 3047 .
805 2985 1044 3041 Joannes
1073 2986 1621 3045 Thessalonicensem
1660 2990 1949 3045 ecclesiam
1975 2990 2086 3059 jam

524 3075 927 3143 moderaretur,
968 3087 1133 3147 atque
1181 3077 1361 3135 adhuc
1411 3080 1624 3144 serius,
1663 3082 1862 3135 szcculo
1896 3091 2091 3135 octavo

522 3166 767 3229 scilicet,
805 3168 966 3223 modo
997 3169 1207 3237 pariter
1244 3184 1469 3237 prorsus
1520 3170 1755 3224 mirabili
1809 3186 1839 3224 a
1887 3171 2091 3227 Sancto

523 3267 713 3315 nostro
749 3260 1016 3315 adversus
1036 3261 1304 3316 Barbaros
1342 3273 1767 3333 propngnatam,
1794 3280 1825 3318 e
1857 3272 2094 3333 patrato—

521 3368 640 3405 rum
661 3352 764 3407 abs
779 3352 883 3407 hoc
902 3352 1293 3408 miraculorum
1321 3353 1411 3408 lib.
1440 3355 1845 3425 n,pariterjam
1868 3357 2015 3420 dato,
2044 3356 2090 3412 si

521 3460 655 3508 non,
698 3444 845 3512 quod
878 3445 1043 3513 hujus
1078 3452 1272 3499 auctor
1305 3445 1415 3513 (adi
1442 3445 1911 3501 Commentarium
1949 3463 2091 3517 prae-

520 3536 674 3589 vium
711 3548 865 3589 num.
893 3532 987 3603 24)
1024 3532 1186 3587 ﬁdem
1226 3533 1592 3604 undequaquc
1631 3536 1896 3607 integram
1947 3537 2089 3591 haud

525 3634 837 3691 mereatur,
879 3625 1109 3680 omnino
1157 3624 1561 3691 indubitatum,
1619 3627 2089 3683 verosimiltimum

520 3717 712 3773 saltem
732 3726 980 3787 apparet.
997 3717 1068 3772 Et
1092 3732 1243 3780 vero,
1263 3732 1370 3772 non
1393 3726 1603 3772 tantum
1634 3719 1835 3774 saeculo
1860 3721 2093 3789 septimo

521 3825 586 3866 ac
620 3810 871 3879 sequenti
896 3851 911 3871 ,
940 3809 1037 3865 sed
1072 3809 1236 3865 etiam
1267 3810 1334 3864 ad
1359 3824 1562 3864 annum
1593 3827 1766 3881 usque
1793 3812 1897 3868 904
1922 3814 2094 3870 Thes-

521 3902 819 3957 salonicam
840 3901 1188 3956 inimicorum
1204 3901 1450 3956 omnium
1469 3902 1697 3972 impetu,
1719 3910 2093 3972 patrocinante

521 4004 711 4050 sancto
743 3993 1041 4059 Demetrio,
1084 3995 1422 4063 superiorem
1464 3997 1851 4064 permansisse,
1893 3999 2089 4053 variis-

520 4101 631 4155 que
655 4086 780 4141 belli
817 4076 1074 4156 periculis
1103 4085 1275 4142 fuisse
1311 4095 1551 4156 ereptam
1573 4128 1586 4149 ,
1620 4086 1862 4143 Joannes
1896 4087 2089 4144 Came-

520 4179 663 4233 niata
690 4194 856 4248 supra
888 4179 1068 4232 adhuc
1097 4177 1370 4243 laudatus,
1404 4176 1497 4247 qui
1526 4186 1636 4232 tum
1664 4177 1869 4243 ﬂoruit,
1901 4180 1955 4234 in
1984 4196 2083 4236 sua

516 4276 585 4327 de
624 4271 1031 4328 Thessalonicae
1069 4286 1166 4341 per
1200 4269 1505 4326 Saracenos
1557 4272 1772 4327 excidio
1825 4273 2087 4337 lucubra-

518 4363 687 4426 tione,
715 4377 780 4417 ac
803 4361 1059 4418 Nicotaus
1087 4360 1421 4427 patriarcha,
1448 4362 1741 4418 ecclesiam
1770 4362 2089 4420 Constanti-

516 4454 888 4524 nopolitanam
931 4463 1063 4508 tunc
1106 4455 1369 4525 temporis
1399 4455 1738 4520 moderatus,
1783 4457 1841 4511 in
1876 4473 1978 4513 sua
2017 4457 2086 4514 de

513 4544 704 4600 eodem
731 4543 987 4599 luctuoso
1009 4555 1208 4601 eventu
1245 4546 1495 4602 Monodia
1528 4562 1639 4602 non
1670 4549 1907 4605 obscure
1943 4549 2091 4605 indi-

513 4646 662 4693 cant.

581 4727 635 4783 2.
680 4725 881 4781 Verum
931 4735 1061 4783 tunc
1089 4726 1446 4784 celeberrima
1482 4730 1571 4785 illa
1607 4731 1820 4796 civitas,
1871 4734 1951 4787 uti
2008 4732 2087 4786 rci

512 4820 766 4873 oculatus
799 4818 977 4884 testis,
1006 4835 1168 4889 quem
1194 4819 1392 4875 iterum
1419 4837 1541 4876 mox
1574 4823 1816 4888 laudavi,
1849 4823 2091 4880 Joannes

511 4911 851 4973 Cameniata,
871 4927 903 4966 a
933 4911 1231 4968 Bertholdo
1256 4911 1487 4969 Niltusio
1520 4930 1665 4970 anno
1692 4914 1827 4971 1653
1848 4916 2090 4971 Colonia:

512 5007 820 5074 Agrippina:
858 5005 1066 5069 editus,
1107 5022 1408 5077 rursusque
1454 5008 1650 5063 deinde
1699 5023 1730 5063 a
1760 5008 2089 5064 Combelisio

518 5094 771 5150 Historia:
812 5096 1129 5165 Byzantium
1183 5109 1307 5168 post
1350 5097 1742 5169 Theophanem
1796 5100 2091 5169 scriptores

514 5200 655 5241 .‘nno
684 5186 822 5241 1685
856 5187 998 5258 typis
1028 5188 1431 5245 Parisiensibus
1459 5207 1709 5258 recusus,
1747 5194 1906 5247 [idem
1936 5193 2085 5252 facit,

517 5296 536 5335 ι
559 5279 851 5336 Saracenis
874 5284 1141 5339 adversus
1158 5283 1396 5339 Leonem
1416 5283 1659 5342 Orientis
1684 5290 2086 5357 imperatorem,

507 5384 873 5444 cognomento
915 5371 1270 5444 Sapientem,
1325 5376 1675 5442 bellantibus,
1732 5380 1833 5434 sub
1884 5378 2087 5435 Leonis

504 5462 820 5536 Tripolim,
870 5467 1182 5536 impiissimi
1229 5479 1527 5539 apostatre,
1564 5473 1731 5528 ductu
1779 5482 2086 5545 expugnata

506 5559 630 5624 fuit,
662 5559 1097 5631 latdissimeque,
1136 5563 1329 5616 incolis
1353 5564 1517 5618 etiam
1554 5580 1750 5636 magno
1779 5578 2008 5620 numero
2031 5566 2085 5620 in
2117 5570 2165 5631 Β

504 5654 877 5723 captivitatem
913 5656 1185 5723 abductis,
1216 5658 1427 5727 direpta
1461 5671 1627 5727 atque
1669 5660 1875 5716 excisa.
1908 5665 2092 5729 Atque

507 5747 610 5799 hoc
638 5746 893 5815 quidem,
926 5750 1075 5819 quod
1123 5751 1188 5805 ad
1243 5751 1376 5807 illud
1429 5767 1607 5824 usque
1643 5761 1860 5823 tempus
1907 5753 2079 5808 sancti

506 5835 789 5906 Demetrii,
817 5841 894 5895 uti
917 5842 1171 5898 omnibus
1200 5845 1407 5918 passim
1436 5855 1546 5901 erat
1584 5842 1874 5909 creditura,
1899 5857 2083 5915 patro—

2195 1166 2686 1230 cubrationibus
2720 1172 3005 1234 nonduin
3039 1177 3235 1239 editis
3265 1190 3549 1259 accepta.

2210 1527 2355 1582 cinio
2374 1525 2765 1584 Thessalonica
2800 1540 2991 1583 contra
3027 1532 3211 1585 omnia
3239 1533 3477 1589 hostium
3504 1538 3825 1594 molimina

2208 1621 2455 1675 stetisset
2491 1621 2839 1687 inconcussa,
2877 1622 3190 1679 mirandum
3227 1641 3393 1695 quam
3425 1629 3675 1685 tnaxime
3711 1648 3820 1685 ac-

2206 1711 2360 1766 cidit.
2393 1712 2556 1774 Audi,
2594 1714 2691 1782 qui
2739 1725 3050 1783 opportune
3084 1718 3152 1771 al
3193 1716 3511 1772 institutum
3548 1738 3813 1788 praesens

2203 1802 2462 1860 Nico’aus
2494 1806 2806 1875 patriarcha
2842 1808 2962 1862 loco
3003 1824 3170 1878 supra
3201 1808 3294 1865 cit.
3329 1812 3511 1869 verbis
3542 1811 3769 1867 Graecis
3794 1858 3813 1876 ,

2202 1911 2326 1965 quae
2358 1905 2412 1951 et
2440 1898 2493 1949 in
2517 1896 2757 1967 linguam
2791 1896 3041 1953 Latinam
3077 1915 3347 1956 conversa
3381 1902 3557 1957 textui
3602 1904 3818 1960 Graeco

2202 1987 2547 2058 subjbngam,
2584 1989 2860 2058 loquatur.
2913 1990 3047 2055 [103,
3086 1993 3284 2061 inquit,
3341 1996 3453 2062 μοὶ,
3506 1999 3815 2067 Δημήτριε

2203 2080 2451 2149 μάρτυς,
2508 2083 2541 2149 ἡ
2605 2083 2877 2153 ἀήττητος
2948 2087 3268 2156 συμμαχίη
3337 2089 3458 2150 πῶς
3525 2089 3627 2156 τὴν
3703 2094 3816 2158 σὴν

2201 2171 2354 2223 πόλιν
2397 2171 2678 2241 ὑπερεῖδες
2724 2173 3140 2245 πορθουμένηνς
3203 2176 3320 2237 πῶς
3363 2177 3469 2229 ὑπὸ
3520 2179 3605 2231 σοὶ
3641 2180 3811 2233 πολ-

2196 2260 2339 2331 cix-qi
2379 2262 2410 2331 ἡ
2456 2260 2673 2332 ἐχθροῖς
2704 2263 2904 2325 ἄϐατος
2949 2262 3045 2332 ἀφ’
3079 2258 3142 2317 οὗ
3171 2267 3364 2335 χρόνου
3399 2267 3608 2336 ταύτην
3636 2269 3810 2337 ἥλιος

2197 2353 2460 2406 ἐθεάσατο
2483 2353 2775 2413 ,τοσούτων
2805 2354 2992 2408 κακῶν
3033 2356 3114 2418 εἰς
3153 2359 3349 2426 πεῖραν
3377 2360 3631 2427 ἐγένετος
3672 2361 3807 2422 Πῶς

2196 2446 2293 2514 τῆς
2348 2444 2462 2497 τῶν
2520 2444 2927 2500 δυσσεϐούντων
2963 2448 3164 2518 ὀφρύος
3213 2450 3442 2519 ἠνέσχου
3488 2468 3805 2522 κατορχου-

2197 2535 2366 2604 μένης
2391 2537 2490 2605 τῆς
2519 2538 2671 2606 ἱερᾶς
2709 2539 3047 2605 προστασίας
3074 2557 3087 2603 ς
3119 2541 3234 2604 πῶς
3277 2542 3579 2612 ὑπέμεινας
3611 2548 3801 2597 ταῦτα

2194 2627 2291 2679 καὶ
2323 2627 2799 2698 διεκαρτέρησαςς
2844 2646 2863 2680 t
2903 2628 3005 2685 Ubi
3049 2632 3208 2694 mihi,
3245 2630 3482 2685 Demetri
3531 2644 3755 2705 martyr
3778 2678 3796 2699 ,

2193 2716 2395 2772 invicta
2440 2719 2493 2771 in
2539 2720 2682 2773 bello
2713 2716 2987 2775 societas?
3028 2721 3130 2786 Qui
3166 2723 3442 2777 civitatem
3495 2733 3677 2789 tuam,
3732 2736 3797 2780 ut

2194 2816 2559 2871 everteretur,
2591 2808 2930 2878 despexisti?
2966 2810 3058 2878 qui
3092 2812 3195 2865 sub
3243 2822 3295 2866 te
3339 2801 3593 2881 praeside,
3635 2830 3792 2884 quae.

2194 2916 2224 2955 a
2258 2915 2368 2970 quo
2404 2909 2647 2970 tempore
2678 2899 2760 2954 sui
2789 2899 2939 2954 illam
2968 2902 3235 2970 spectavit
3262 2941 3279 2969 ,
3314 2903 3557 2959 inimicis
3604 2904 3795 2959 fuerat

2196 2991 2499 3053 inaccessa,
2536 2993 2603 3046 ad
2644 3001 2798 3048 tanta
2843 2994 3186 3063 experienda
3210 2995 3349 3049 mala
3384 2995 3649 3050 devenit?
3681 2997 3789 3062 Qui

2195 3087 2491 3156 impiorum
2538 3086 2739 3142 fastum
2793 3089 2846 3141 in
2878 3087 3021 3142 sacri
3053 3088 3341 3157 patrocinii
3393 3090 3787 3145 centumeliata

2193 3178 2467 3234 exsultare
2497 3180 2849 3236 sustinuisti?
2877 3179 2979 3246 Qui
3018 3181 3136 3235 lucc
3177 3196 3375 3251 passus
3407 3196 3476 3236 es
3519 3192 3687 3249 atque
3716 3183 3786 3236 ad

2193 3280 2496 3325 extremum
2525 3287 2702 3342 usque
2732 3273 3045 3342 pertulisti?
3078 3292 3098 3325 ι
3136 3275 3212 3327 Ita
3262 3274 3494 3329 illustris
3534 3275 3651 3339 ille,
3685 3276 3784 3346 qui

2193 3368 2249 3413 et
2282 3362 2541 3430 mysticus
2566 3362 3015 3432 cognominatur,
3053 3362 3367 3431 patriarcha
3398 3362 3786 3419 Constantino-

2196 3452 2471 3521 politanus
2510 3469 2667 3509 suam
2712 3453 2859 3509 haud
2896 3454 3128 3509 obscure
3173 3455 3241 3509 de
3295 3467 3454 3524 capta
3488 3457 3785 3524 excisaque

2198 3543 2611 3609 'l‘hessalonica,
2646 3561 2769 3600 cum
2803 3546 2869 3601 ad
2921 3564 3076 3602 suam
3121 3563 3295 3618 usque
3322 3559 3539 3603 aetatem
3590 3550 3786 3603 civitas

2196 3636 2385 3691 isthice
2420 3639 2627 3706 potenti
2658 3640 2833 3694 sancti
2866 3640 3127 3695 Demetrii
3160 3642 3466 3710 patrocinio
3506 3649 3619 3695 tuta
3649 3640 3788 3696 fuis-

2196 3740 2297 3793 set,
2325 3729 2742 3786 admirationem
2771 3732 2972 3802 prodit,
3003 3749 3127 3798 nec,
3165 3733 3293 3802 quin
3322 3733 3633 3788 communis
3670 3734 3782 3795 ille,

2196 3837 2355 3888 quem
2381 3819 2634 3877 NiCOi'IﬂS
2666 3822 2847 3877 verbis
2869 3823 3010 3877 datis
3040 3824 3318 3893 exprimit,
3349 3824 3632 3877 hominum
3661 3838 3785 3878 om-

2197 3914 2342 3966 nium
2379 3929 2575 3968 sensus
2612 3924 2725 3969 tum
2758 3914 2949 3980 fuerit,
2983 3915 3343 3970 dubitandum
3377 3924 3623 3985 apparet.

2262 4005 2318 4058 5.
2350 4004 2422 4059 At
2455 4020 2584 4060 vero
2612 4022 2712 4060 cur
2749 4006 3078 4073 Demetrius,
3116 4008 3231 4078 qui,
3270 4017 3328 4062 ut
3355 4024 3522 4076 supra
3553 4011 3608 4061 in
3634 4007 3777 4063 duo-

2195 4097 2298 4151 bus
2336 4099 2610 4167 prioribus
2642 4101 3029 4155 miraculorum
3076 4104 3194 4174 ejus
3246 4103 3400 4157 libris
3450 4116 3535 4158 cst
3570 4103 3778 4166 videre,

2192 4204 2348 4245 suam
2373 4190 2501 4244 olim
2529 4191 2809 4246 civitatem
2835 4205 3025 4248 contra
3052 4192 3428 4248 ferocissimus
3453 4195 3640 4249 IIOSleS
3665 4204 3779 4249 tam

2194 4295 2368 4347 sape,
2409 4291 2594 4350 totque
2630 4285 2808 4338 modis
2843 4285 3172 4354 prodigiosis
3209 4285 3443 4341 diversis
3479 4287 3659 4342 funerat
3691 4298 3780 4342 tu-

2194 4381 2357 4436 tatus,
2382 4390 2413 4428 a
2448 4368 2758 4439 Saracenis,
2785 4374 2993 4430 Christi
3027 4375 3302 4441 hostibus,
3326 4386 3439 4431 tum
3473 4382 3779 4448 expugnari

2193 4477 2354 4536 atque
2399 4468 2572 4522 everti
2624 4468 2833 4535 siverit,
2870 4469 2981 4523 alta
3022 4468 3136 4533 Dei,
3187 4485 3217 4524 a
3253 4470 3456 4537 quibus
3508 4480 3561 4525 et
3617 4472 3778 4526 nobis

2196 4558 2526 4622 timendum,
2555 4568 2685 4615 sunt
2708 4560 2941 4631 judicia.
2985 4558 3222 4617 Sanctus
3252 4562 3469 4616 interim
3491 4603 3508 4628 ,
3536 4563 3627 4632 qui
3659 4572 3775 4618 tum

2192 4652 2261 4704 ob
2295 4652 2670 4724 cujuscunque
2698 4651 2912 4719 generis
2946 4652 3209 4706 miracula
3231 4694 3245 4716 ,
3297 4668 3495 4723 magno
3539 4670 3775 4708 numero

2193 4753 2425 4813 patrata.
2464 4753 2580 4798 tum
2616 4743 2854 4798 maxime
2885 4743 2957 4797 ob
2985 4742 3438 4800 Thessalonicam
3466 4745 3776 4814 prodigiose

2193 4848 2386 4890 contra
2434 4835 2621 4890 hostes
2660 4835 2782 4903 plus
2817 4838 2986 4891 semel
3033 4847 3307 4891 servatam
3355 4838 3774 4908 gloriosissimis

2195 4928 2372 4997 magni
2412 4928 2668 4998 martyris
2702 4943 2766 4981 ac
2794 4928 3163 4996 thanmaturgi
3189 4968 3204 4991 ,
3241 4930 3475 4999 aliisque
3521 4929 3575 4983 in
3606 4944 3769 4997 supra

2193 5020 2318 5073 tlata
2363 5018 2589 5075 JOannis
2622 5018 3164 5084 Thessalonicensis,
3212 5022 3623 5092 scriptorisquc,
3676 5023 3767 5090 qui

2193 5109 2454 5164 Joannem
2470 5111 2829 5172 cmttinuavit,
2863 5111 3119 5181 anonymi
3155 5111 3277 5165 lucu
3289 5112 3535 5165 bratiune
3550 5126 3768 5178 ettpres-

2193 5203 2270 5256 sis
2305 5201 2478 5256 titulis
2507 5202 2906 5257 condecoratus
2951 5202 3152 5272 passim
3198 5218 3231 5257 a
3259 5202 3466 5257 Graecis
3494 5205 3623 5256 ohm
3656 5202 3767 5273 jam

2197 5297 2390 5355 inerat,
2426 5309 2582 5349 suam
2605 5295 2749 5348 illam
2774 5294 3050 5350 civitatem
3089 5297 3491 5358 natalem,cutn
3525 5295 3593 5348 ab
3616 5295 3764 5347 illato

2165 5388 2169 5393 '
2195 5401 2290 5453 per
2319 5384 2627 5439 Saracenos
2652 5383 2873 5439 excidio
2894 5389 3244 5448 surrexisset,
3276 5385 3600 5454 clademque
3634 5400 3769 5454 pne-

2196 5479 2414 5531 teritam
2472 5485 2816 5545 reparasset,
2856 5493 2958 5532 suo
3011 5478 3206 5531 iterum
3254 5479 3463 5533 auxilio
3510 5478 3769 5534 adversus

2199 5570 2450 5623 inimicos
2498 5568 2814 5638 prodigiose
2861 5569 2963 5624 fuit
3014 5580 3241 5635 tutatus,
3293 5570 3421 5624 licet
3471 5570 3685 5623 tandem
3737 5587 3767 5624 a

2197 5659 2393 5714 Turcis
2423 5660 2593 5726 illam,
2626 5675 2744 5730 qum
2773 5661 2877 5715 alta
2914 5662 3113 5717 iterum
3150 5661 3637 5729 inscrulaltiliaque
3678 5661 3767 5717 llci

2195 5751 2569 5823 suntjudicia,
2603 5766 2747 5807 anno
2781 5753 2919 5809 M29
2955 5754 3276 5824 expugnari,
3309 5752 3577 5820 ﬁrmaque
3612 5755 3765 5807 dein-

2195 5860 2328 5917 crps
2358 5844 2729 5917 possessione,
2759 5844 2824 5899 ad
2862 5846 3002 5899 hunc
3032 5844 3193 5902 etiam
3227 5860 3401 5917 usque
3418 5844 3559 5900 diem
3588 5857 3765 5914 persa-
