  <div class='ocr_page' id='page_1' title='image "/cluster/home/n/w/nwhite01/storage/ocr_20150623/116/hvd.32044073502221/706.png"; bbox 0 0 4090 6384; ppageno 0'>
   <div class='ocr_carea' id='block_1_1' title="bbox 332 402 469 495">
    <p class='ocr_par' dir='ltr' id='par_1_1' title="bbox 332 402 469 495">
     <span class='ocr_line' id='line_1_1' title="bbox 332 402 469 495; baseline 0.029 -4"><span class='ocrx_word' id='word_1_1' title='bbox 332 402 469 495; x_wconf 78' lang='lat' dir='ltr'><strong>itct</strong></span> 
     </span>
    </p>
   </div>
   <div class='ocr_carea' id='block_1_2' title="bbox 1366 436 2550 502">
    <p class='ocr_par' dir='ltr' id='par_1_2' title="bbox 1366 436 2550 502">
     <span class='ocr_line' id='line_1_2' title="bbox 1366 436 2550 502; baseline 0.003 -4"><span class='ocrx_word' id='word_1_2' title='bbox 1366 441 1426 499; x_wconf 92' lang='lat' dir='ltr'><strong>S.</strong></span> <span class='ocrx_word' id='word_1_3' title='bbox 1470 436 1853 499; x_wconf 77' lang='lat' dir='ltr'><strong>DEMETRII</strong></span> <span class='ocrx_word' id='word_1_4' title='bbox 1898 436 2296 501; x_wconf 80' lang='lat' dir='ltr'><strong>MARTYRiS</strong></span> <span class='ocrx_word' id='word_1_5' title='bbox 2335 440 2550 502; x_wconf 75' lang='lat' dir='ltr'><strong>ACTA.</strong></span> 
     </span>
    </p>
   </div>
   <div class='ocr_carea' id='block_1_3' title="bbox 3444 429 3586 496">
    <p class='ocr_par' dir='ltr' id='par_1_3' title="bbox 3444 429 3586 496">
     <span class='ocr_line' id='line_1_3' title="bbox 3444 429 3586 496; baseline -0.028 0"><span class='ocrx_word' id='word_1_6' title='bbox 3444 429 3586 496; x_wconf 67' lang='lat' dir='ltr'><strong>H03</strong></span> 
     </span>
    </p>
   </div>
   <div class='ocr_carea' id='block_1_4' title="bbox 321 544 3595 619">
    <p class='ocr_par' dir='ltr' id='par_1_4' title="bbox 321 544 3595 619">
     <span class='ocr_line' id='line_1_4' title="bbox 321 544 3595 619; baseline -0.001 -20"><span class='ocrx_word' id='word_1_7' title='bbox 321 554 569 612; x_wconf 77' lang='lat' dir='ltr'><strong>versute,</strong></span> <span class='ocrx_word' id='word_1_8' title='bbox 618 545 788 602; x_wconf 79' lang='lat' dir='ltr'><strong>teneri</strong></span> <span class='ocrx_word' id='word_1_9' title='bbox 818 546 1146 617; x_wconf 84' lang='lat' dir='ltr'><strong>permiserit.</strong></span> <span class='ocrx_word' id='word_1_10' title='bbox 1166 545 1452 611; x_wconf 79' lang='lat' dir='ltr'><strong>Cedrenus</strong></span> <span class='ocrx_word' id='word_1_11' title='bbox 1474 549 1527 603; x_wconf 89' lang='lat' dir='ltr'><strong>in</strong></span> <span class='ocrx_word' id='word_1_12' title='bbox 1558 549 1914 604; x_wconf 84' lang='lat' dir='ltr'><strong>historiarum</strong></span> <span class='ocrx_word' id='word_1_13' title='bbox 1950 556 1990 606; x_wconf 74' lang='grc' dir='ltr'><strong>Α</strong></span> <span class='ocrx_word' id='word_1_14' title='bbox 2022 564 2133 619; x_wconf 85' lang='lat' dir='ltr'><strong>quo</strong></span> <span class='ocrx_word' id='word_1_15' title='bbox 2162 549 2381 618; x_wconf 69' lang='lat' dir='ltr'><strong>Bulgari</strong></span> <span class='ocrx_word' id='word_1_16' title='bbox 2407 591 2421 615; x_wconf 61' lang='grc' dir='ltr'>ε</span> <span class='ocrx_word' id='word_1_17' title='bbox 2460 557 2658 606; x_wconf 85' lang='lat' dir='ltr'><strong>sancto</strong></span> <span class='ocrx_word' id='word_1_18' title='bbox 2691 548 2968 604; x_wconf 77' lang='lat' dir='ltr'><strong>Demetrio</strong></span> <span class='ocrx_word' id='word_1_19' title='bbox 3000 544 3595 603; x_wconf 77' lang='lat' dir='ltr'><strong>Thessalonicensith</strong></span> 
     </span>
    </p>
   </div>
   <div class='ocr_carea' id='block_1_5' title="bbox 324 640 1914 714">
    <p class='ocr_par' dir='ltr' id='par_1_5' title="bbox 324 640 1914 714">
     <span class='ocr_line' id='line_1_5' title="bbox 324 640 1914 714; baseline 0.002 -20"><span class='ocrx_word' id='word_1_20' title='bbox 324 640 684 709; x_wconf 79' lang='lat' dir='ltr'><strong>Compendio,</strong></span> <span class='ocrx_word' id='word_1_21' title='bbox 715 656 839 695; x_wconf 91' lang='lat' dir='ltr'><strong>cum</strong></span> <span class='ocrx_word' id='word_1_22' title='bbox 885 643 952 697; x_wconf 83' lang='lat' dir='ltr'><strong>de</strong></span> <span class='ocrx_word' id='word_1_23' title='bbox 1009 642 1176 696; x_wconf 81' lang='lat' dir='ltr'><strong>rebus</strong></span> <span class='ocrx_word' id='word_1_24' title='bbox 1217 642 1319 697; x_wconf 85' lang='lat' dir='ltr'><strong>sub</strong></span> <span class='ocrx_word' id='word_1_25' title='bbox 1351 640 1612 697; x_wconf 76' lang='lat' dir='ltr'><strong>Micbacle</strong></span> <span class='ocrx_word' id='word_1_26' title='bbox 1646 641 1713 696; x_wconf 76' lang='grc' dir='ltr'><strong>ιν</strong></span> <span class='ocrx_word' id='word_1_27' title='bbox 1745 641 1914 714; x_wconf 83' lang='lat' dir='ltr'><strong>gestis</strong></span> 
     </span>
    </p>
   </div>
   <div class='ocr_carea' id='block_1_6' title="bbox 325 733 1911 804">
    <p class='ocr_par' dir='ltr' id='par_1_6' title="bbox 325 733 1911 804">
     <span class='ocr_line' id='line_1_6' title="bbox 325 733 1911 804; baseline 0 -19"><span class='ocrx_word' id='word_1_28' title='bbox 325 741 547 798; x_wconf 84' lang='lat' dir='ltr'><strong>tractat,</strong></span> <span class='ocrx_word' id='word_1_29' title='bbox 581 735 862 804; x_wconf 73' lang='lat' dir='ltr'><strong>sequentia</strong></span> <span class='ocrx_word' id='word_1_30' title='bbox 898 735 1078 804; x_wconf 93' lang='lat' dir='ltr'><strong>prodit</strong></span> <span class='ocrx_word' id='word_1_31' title='bbox 1114 733 1395 788; x_wconf 73' lang='lat' dir='ltr'><strong>memoria:</strong></span> <span class='ocrx_word' id='word_1_32' title='bbox 1425 752 1442 791; x_wconf 89' lang='lat'><strong>:</strong></span> <span class='ocrx_word' id='word_1_33' title='bbox 1473 752 1492 784; x_wconf 71' lang='grc' dir='ltr'><strong><em>ι</em></strong></span> <span class='ocrx_word' id='word_1_34' title='bbox 1530 735 1686 789; x_wconf 86' lang='lat' dir='ltr'><strong>Anno</strong></span> <span class='ocrx_word' id='word_1_35' title='bbox 1723 735 1911 801; x_wconf 68' lang='lat' dir='ltr'><strong>mund;</strong></span> 
     </span>
    </p>
   </div>
   <div class='ocr_carea' id='block_1_7' title="bbox 334 825 1965 898">
    <p class='ocr_par' dir='ltr' id='par_1_7' title="bbox 334 825 1965 898">
     <span class='ocr_line' id='line_1_7' title="bbox 334 825 1965 898; baseline 0 -18"><span class='ocrx_word' id='word_1_36' title='bbox 334 829 509 885; x_wconf 76' lang='lat' dir='ltr'><strong>sexies</strong></span> <span class='ocrx_word' id='word_1_37' title='bbox 533 826 826 886; x_wconf 81' lang='lat' dir='ltr'><strong>millesimo</strong></span> <span class='ocrx_word' id='word_1_38' title='bbox 840 828 1284 898; x_wconf 84' lang='lat' dir='ltr'><strong>quingentesimo</strong></span> <span class='ocrx_word' id='word_1_39' title='bbox 1305 825 1726 896; x_wconf 78' lang='lat' dir='ltr'><strong>quadragesimo</strong></span> <span class='ocrx_word' id='word_1_40' title='bbox 1744 843 1911 890; x_wconf 80' lang='lat' dir='ltr'><strong>nono,</strong></span> <span class='ocrx_word' id='word_1_41' title='bbox 1960 836 1965 841; x_wconf 87' lang='lat'><em>‘</em></span> 
     </span>
    </p>
   </div>
   <div class='ocr_carea' id='block_1_8' title="bbox 333 919 1914 989">
    <p class='ocr_par' dir='ltr' id='par_1_8' title="bbox 333 919 1914 989">
     <span class='ocr_line' id='line_1_8' title="bbox 333 919 1914 989; baseline 0 -16"><span class='ocrx_word' id='word_1_42' title='bbox 333 919 632 974; x_wconf 81' lang='lat' dir='ltr'><strong>indictione</strong></span> <span class='ocrx_word' id='word_1_43' title='bbox 682 932 851 974; x_wconf 81' lang='lat' dir='ltr'><strong>nona.</strong></span> <span class='ocrx_word' id='word_1_44' title='bbox 906 936 1091 974; x_wconf 79' lang='lat' dir='ltr'><strong>mense</strong></span> <span class='ocrx_word' id='word_1_45' title='bbox 1125 920 1451 989; x_wconf 82' lang='lat' dir='ltr'><strong>Septembri,</strong></span> <span class='ocrx_word' id='word_1_46' title='bbox 1486 919 1785 973; x_wconf 85' lang='lat' dir='ltr'><strong>Alusianus</strong></span> <span class='ocrx_word' id='word_1_47' title='bbox 1817 935 1914 987; x_wconf 87' lang='lat' dir='ltr'><strong>pa-</strong></span> 
     </span>
    </p>
   </div>
   <div class='ocr_carea' id='block_1_9' title="bbox 328 1009 1915 1081">
    <p class='ocr_par' dir='ltr' id='par_1_9' title="bbox 328 1009 1915 1081">
     <span class='ocr_line' id='line_1_9' title="bbox 328 1009 1915 1081; baseline -0.003 -16"><span class='ocrx_word' id='word_1_48' title='bbox 328 1010 526 1067; x_wconf 75' lang='lat' dir='ltr'><strong>tricius</strong></span> <span class='ocrx_word' id='word_1_49' title='bbox 569 1021 621 1066; x_wconf 78' lang='lat' dir='ltr'><strong>et</strong></span> <span class='ocrx_word' id='word_1_50' title='bbox 655 1012 1126 1081; x_wconf 71' lang='lat' dir='ltr'><strong>&#39;Theodosiopolis</strong></span> <span class='ocrx_word' id='word_1_51' title='bbox 1158 1012 1466 1080; x_wconf 67' lang='lat' dir='ltr'><strong>praefectus,</strong></span> <span class='ocrx_word' id='word_1_52' title='bbox 1501 1010 1776 1065; x_wconf 87' lang='lat' dir='ltr'><strong>secundus</strong></span> <span class='ocrx_word' id='word_1_53' title='bbox 1805 1009 1915 1061; x_wconf 84' lang='lat' dir='ltr'><strong>Aa-</strong></span> 
     </span>
    </p>
   </div>
   <div class='ocr_carea' id='block_1_10' title="bbox 328 1103 1911 1175">
    <p class='ocr_par' dir='ltr' id='par_1_10' title="bbox 328 1103 1911 1175">
     <span class='ocr_line' id='line_1_10' title="bbox 328 1103 1911 1175; baseline -0.003 -16"><span class='ocrx_word' id='word_1_54' title='bbox 328 1105 483 1160; x_wconf 87' lang='lat' dir='ltr'><strong>ronis</strong></span> <span class='ocrx_word' id='word_1_55' title='bbox 513 1104 713 1175; x_wconf 86' lang='lat' dir='ltr'><strong>(fuerat</strong></span> <span class='ocrx_word' id='word_1_56' title='bbox 767 1104 858 1159; x_wconf 89' lang='lat' dir='ltr'><strong>hic</strong></span> <span class='ocrx_word' id='word_1_57' title='bbox 901 1103 1173 1159; x_wconf 83' lang='lat' dir='ltr'><strong>Samuelis</strong></span> <span class='ocrx_word' id='word_1_58' title='bbox 1228 1104 1588 1175; x_wconf 82' lang='lat' dir='ltr'><strong>Bulgarorum</strong></span> <span class='ocrx_word' id='word_1_59' title='bbox 1639 1105 1911 1174; x_wconf 85' lang='lat' dir='ltr'><strong>quondam</strong></span> 
     </span>
    </p>
   </div>
   <div class='ocr_carea' id='block_1_11' title="bbox 330 1189 1911 1269">
    <p class='ocr_par' dir='ltr' id='par_1_11' title="bbox 330 1189 1911 1269">
     <span class='ocr_line' id='line_1_11' title="bbox 330 1189 1911 1269; baseline -0.001 -18"><span class='ocrx_word' id='word_1_60' title='bbox 330 1198 473 1267; x_wconf 74' lang='lat' dir='ltr'><strong>regis</strong></span> <span class='ocrx_word' id='word_1_61' title='bbox 504 1197 692 1265; x_wconf 79' lang='lat' dir='ltr'><strong>frater)</strong></span> <span class='ocrx_word' id='word_1_62' title='bbox 740 1198 883 1252; x_wconf 84' lang='lat' dir='ltr'><strong>ﬁlius</strong></span> <span class='ocrx_word' id='word_1_63' title='bbox 915 1198 1096 1252; x_wconf 87' lang='lat' dir='ltr'><strong>subito</strong></span> <span class='ocrx_word' id='word_1_64' title='bbox 1127 1214 1192 1251; x_wconf 85' lang='lat' dir='ltr'><strong>ex</strong></span> <span class='ocrx_word' id='word_1_65' title='bbox 1228 1189 1387 1252; x_wconf 33' lang='lat' dir='ltr'><strong>urbe.</strong></span> <span class='ocrx_word' id='word_1_66' title='bbox 1412 1196 1911 1269; x_wconf 76' lang='lat' dir='ltr'><strong>(Constantinopoli</strong></span> 
     </span>
    </p>
   </div>
   <div class='ocr_carea' id='block_1_12' title="bbox 331 1284 1911 1359">
    <p class='ocr_par' dir='ltr' id='par_1_12' title="bbox 331 1284 1911 1359">
     <span class='ocr_line' id='line_1_12' title="bbox 331 1284 1911 1359; baseline 0 -16"><span class='ocrx_word' id='word_1_67' title='bbox 331 1284 553 1359; x_wconf 79' lang='lat' dir='ltr'><strong>nempe)</strong></span> <span class='ocrx_word' id='word_1_68' title='bbox 584 1290 869 1359; x_wconf 79' lang='lat' dir='ltr'><strong>profugus.</strong></span> <span class='ocrx_word' id='word_1_69' title='bbox 900 1291 965 1344; x_wconf 88' lang='lat' dir='ltr'><strong>ad</strong></span> <span class='ocrx_word' id='word_1_70' title='bbox 1000 1290 1297 1345; x_wconf 88' lang='lat' dir='ltr'><strong>Deleannm</strong></span> <span class='ocrx_word' id='word_1_71' title='bbox 1335 1292 1471 1358; x_wconf 78' lang='lat' dir='ltr'><strong>(erat</strong></span> <span class='ocrx_word' id='word_1_72' title='bbox 1505 1290 1552 1345; x_wconf 90' lang='lat' dir='ltr'><strong>is</strong></span> <span class='ocrx_word' id='word_1_73' title='bbox 1579 1308 1607 1344; x_wconf 91' lang='lat' dir='ltr'><strong>a</strong></span> <span class='ocrx_word' id='word_1_74' title='bbox 1643 1291 1911 1359; x_wconf 80' lang='lat' dir='ltr'><strong>Bulgaris,</strong></span> 
     </span>
    </p>
   </div>
   <div class='ocr_carea' id='block_1_13' title="bbox 332 1381 1910 1455">
    <p class='ocr_par' dir='ltr' id='par_1_13' title="bbox 332 1381 1910 1455">
     <span class='ocr_line' id='line_1_13' title="bbox 332 1381 1910 1455; baseline 0.003 -23"><span class='ocrx_word' id='word_1_75' title='bbox 332 1396 469 1449; x_wconf 86' lang='lat' dir='ltr'><strong>quos</strong></span> <span class='ocrx_word' id='word_1_76' title='bbox 497 1381 565 1434; x_wconf 86' lang='lat' dir='ltr'><strong>ad</strong></span> <span class='ocrx_word' id='word_1_77' title='bbox 613 1382 978 1436; x_wconf 86' lang='lat' dir='ltr'><strong>deficiendum</strong></span> <span class='ocrx_word' id='word_1_78' title='bbox 1013 1398 1042 1436; x_wconf 90' lang='lat' dir='ltr'><strong>a</strong></span> <span class='ocrx_word' id='word_1_79' title='bbox 1069 1382 1273 1438; x_wconf 57' lang='lat' dir='ltr'><strong>Graicis</strong></span> <span class='ocrx_word' id='word_1_80' title='bbox 1299 1385 1617 1443; x_wconf 80' lang='lat' dir='ltr'><strong>concitarat,</strong></span> <span class='ocrx_word' id='word_1_81' title='bbox 1647 1383 1702 1435; x_wconf 88' lang='lat' dir='ltr'><strong>in</strong></span> <span class='ocrx_word' id='word_1_82' title='bbox 1733 1398 1910 1455; x_wconf 59' lang='lat' dir='ltr'><strong>iugem</strong></span> 
     </span>
    </p>
   </div>
   <div class='ocr_carea' id='block_1_14' title="bbox 328 1472 1043 1542">
    <p class='ocr_par' dir='ltr' id='par_1_14' title="bbox 328 1472 1043 1542">
     <span class='ocr_line' id='line_1_14' title="bbox 328 1472 1043 1542; baseline 0.006 -18"><span class='ocrx_word' id='word_1_83' title='bbox 328 1472 665 1542; x_wconf 57' lang='lat' dir='ltr'><strong>assumptus)</strong></span> <span class='ocrx_word' id='word_1_84' title='bbox 699 1489 759 1528; x_wconf 89' lang='lat' dir='ltr'><strong>se</strong></span> <span class='ocrx_word' id='word_1_85' title='bbox 786 1476 1043 1528; x_wconf 89' lang='lat' dir='ltr'><strong>contulit.</strong></span> 
     </span>
    </p>
   </div>
   <div class='ocr_carea' id='block_1_15' title="bbox 362 1561 1914 1634">
    <p class='ocr_par' dir='ltr' id='par_1_15' title="bbox 362 1561 1914 1634">
     <span class='ocr_line' id='line_1_15' title="bbox 362 1561 1914 1634; baseline 0.003 -19"><span class='ocrx_word' id='word_1_86' title='bbox 362 1563 370 1572; x_wconf 91' lang='lat'><strong>&#39;</strong></span> <span class='ocrx_word' id='word_1_87' title='bbox 398 1561 454 1615; x_wconf 71' lang='lat'><strong>4.</strong></span> <span class='ocrx_word' id='word_1_88' title='bbox 493 1582 511 1615; x_wconf 87' lang='grc'><em>‹</em></span> <span class='ocrx_word' id='word_1_89' title='bbox 549 1564 683 1617; x_wconf 89' lang='lat' dir='ltr'><strong>Cum</strong></span> <span class='ocrx_word' id='word_1_90' title='bbox 719 1564 866 1618; x_wconf 91' lang='lat' dir='ltr'><strong>enim</strong></span> <span class='ocrx_word' id='word_1_91' title='bbox 900 1564 1185 1633; x_wconf 74' lang='lat' dir='ltr'><strong>injusdtia:</strong></span> <span class='ocrx_word' id='word_1_92' title='bbox 1210 1572 1503 1621; x_wconf 79' lang='lat' dir='ltr'><strong>accusatus</strong></span> <span class='ocrx_word' id='word_1_93' title='bbox 1536 1575 1704 1627; x_wconf 66' lang='lat' dir='ltr'><strong>cssot,</strong></span> <span class='ocrx_word' id='word_1_94' title='bbox 1736 1563 1914 1634; x_wconf 86' lang='lat' dir='ltr'><strong>prius-</strong></span> 
     </span>
    </p>
   </div>
   <div class='ocr_carea' id='block_1_16' title="bbox 331 1652 1913 1726">
    <p class='ocr_par' dir='ltr' id='par_1_16' title="bbox 331 1652 1913 1726">
     <span class='ocr_line' id='line_1_16' title="bbox 331 1652 1913 1726; baseline 0.003 -22"><span class='ocrx_word' id='word_1_95' title='bbox 331 1666 492 1719; x_wconf 92' lang='lat' dir='ltr'><strong>quam</strong></span> <span class='ocrx_word' id='word_1_96' title='bbox 522 1652 588 1705; x_wconf 89' lang='lat' dir='ltr'><strong>de</strong></span> <span class='ocrx_word' id='word_1_97' title='bbox 616 1668 779 1707; x_wconf 89' lang='lat' dir='ltr'><strong>causa</strong></span> <span class='ocrx_word' id='word_1_98' title='bbox 805 1662 1249 1724; x_wconf 86' lang='lat' dir='ltr'><strong>cognosceretur,</strong></span> <span class='ocrx_word' id='word_1_99' title='bbox 1269 1655 1510 1711; x_wconf 80' lang='lat' dir='ltr'><strong>Joannes</strong></span> <span class='ocrx_word' id='word_1_100' title='bbox 1540 1655 1913 1726; x_wconf 81' lang='lat' dir='ltr'><strong>(intperatOris</strong></span> 
     </span>
    </p>
   </div>
   <div class='ocr_carea' id='block_1_17' title="bbox 331 1742 1911 1816">
    <p class='ocr_par' dir='ltr' id='par_1_17' title="bbox 331 1742 1911 1816">
     <span class='ocr_line' id='line_1_17' title="bbox 331 1742 1911 1816; baseline 0.003 -18"><span class='ocrx_word' id='word_1_101' title='bbox 331 1742 601 1812; x_wconf 87' lang='lat' dir='ltr'><strong>minister)</strong></span> <span class='ocrx_word' id='word_1_102' title='bbox 633 1744 697 1799; x_wconf 88' lang='lat' dir='ltr'><strong>ab</strong></span> <span class='ocrx_word' id='word_1_103' title='bbox 726 1760 788 1798; x_wconf 86' lang='lat' dir='ltr'><strong>eo</strong></span> <span class='ocrx_word' id='word_1_104' title='bbox 814 1759 1067 1815; x_wconf 80' lang='lat' dir='ltr'><strong>exegerat</strong></span> <span class='ocrx_word' id='word_1_105' title='bbox 1090 1748 1208 1801; x_wconf 86' lang='lat' dir='ltr'><strong>auri</strong></span> <span class='ocrx_word' id='word_1_106' title='bbox 1243 1747 1409 1802; x_wconf 87' lang='lat' dir='ltr'><strong>libras</strong></span> <span class='ocrx_word' id='word_1_107' title='bbox 1435 1761 1488 1811; x_wconf 79' lang='grc' dir='ltr'><strong>ι..</strong></span> <span class='ocrx_word' id='word_1_108' title='bbox 1524 1748 1911 1816; x_wconf 85' lang='lat' dir='ltr'><strong>ademeratque</strong></span> 
     </span>
    </p>
   </div>
   <div class='ocr_carea' id='block_1_18' title="bbox 332 1835 1911 1909">
    <p class='ocr_par' dir='ltr' id='par_1_18' title="bbox 332 1835 1911 1909">
     <span class='ocr_line' id='line_1_18' title="bbox 332 1835 1911 1909; baseline 0.002 -22"><span class='ocrx_word' id='word_1_109' title='bbox 332 1835 379 1887; x_wconf 83' lang='lat' dir='ltr'><strong>ei</strong></span> <span class='ocrx_word' id='word_1_110' title='bbox 415 1835 700 1889; x_wconf 74' lang='lat' dir='ltr'><strong>mulierem</strong></span> <span class='ocrx_word' id='word_1_111' title='bbox 741 1836 1211 1906; x_wconf 75' lang='lat' dir='ltr'><strong>elegantissimam</strong></span> <span class='ocrx_word' id='word_1_112' title='bbox 1238 1878 1253 1900; x_wconf 88' lang='lat'><strong>,</strong></span> <span class='ocrx_word' id='word_1_113' title='bbox 1295 1855 1457 1909; x_wconf 89' lang='lat' dir='ltr'><strong>quam</strong></span> <span class='ocrx_word' id='word_1_114' title='bbox 1508 1840 1562 1893; x_wconf 88' lang='lat' dir='ltr'><strong>in</strong></span> <span class='ocrx_word' id='word_1_115' title='bbox 1611 1839 1911 1893; x_wconf 80' lang='lat' dir='ltr'><strong>Cbarsiano</strong></span> 
     </span>
    </p>
   </div>
   <div class='ocr_carea' id='block_1_19' title="bbox 335 1922 1915 1999">
    <p class='ocr_par' dir='ltr' id='par_1_19' title="bbox 335 1922 1915 1999">
     <span class='ocr_line' id='line_1_19' title="bbox 335 1922 1915 1999; baseline 0.003 -21"><span class='ocrx_word' id='word_1_116' title='bbox 335 1925 599 1992; x_wconf 79' lang='lat' dir='ltr'><strong>habebat;</strong></span> <span class='ocrx_word' id='word_1_117' title='bbox 636 1943 870 1997; x_wconf 88' lang='lat' dir='ltr'><strong>cumque</strong></span> <span class='ocrx_word' id='word_1_118' title='bbox 907 1922 1093 1982; x_wconf 77' lang='lat' dir='ltr'><strong>maltis</strong></span> <span class='ocrx_word' id='word_1_119' title='bbox 1131 1929 1274 1998; x_wconf 86' lang='lat' dir='ltr'><strong>apud</strong></span> <span class='ocrx_word' id='word_1_120' title='bbox 1310 1930 1696 1999; x_wconf 83' lang='lat' dir='ltr'><strong>imperatorem</strong></span> <span class='ocrx_word' id='word_1_121' title='bbox 1742 1929 1915 1999; x_wconf 90' lang='lat' dir='ltr'><strong>preci-</strong></span> 
     </span>
    </p>
   </div>
   <div class='ocr_carea' id='block_1_20' title="bbox 335 2017 1914 2091">
    <p class='ocr_par' dir='ltr' id='par_1_20' title="bbox 335 2017 1914 2091">
     <span class='ocr_line' id='line_1_20' title="bbox 335 2017 1914 2091; baseline 0.003 -21"><span class='ocrx_word' id='word_1_122' title='bbox 335 2017 433 2071; x_wconf 87' lang='lat' dir='ltr'><strong>bus</strong></span> <span class='ocrx_word' id='word_1_123' title='bbox 469 2035 573 2073; x_wconf 88' lang='lat' dir='ltr'><strong>nou</strong></span> <span class='ocrx_word' id='word_1_124' title='bbox 607 2019 961 2081; x_wconf 72' lang='lat' dir='ltr'><strong>obtinuisset,</strong></span> <span class='ocrx_word' id='word_1_125' title='bbox 995 2031 1052 2075; x_wconf 91' lang='lat' dir='ltr'><strong>ut</strong></span> <span class='ocrx_word' id='word_1_126' title='bbox 1083 2023 1167 2076; x_wconf 90' lang='lat' dir='ltr'><strong>sui</strong></span> <span class='ocrx_word' id='word_1_127' title='bbox 1203 2023 1496 2076; x_wconf 82' lang='lat' dir='ltr'><strong>haberetur</strong></span> <span class='ocrx_word' id='word_1_128' title='bbox 1528 2023 1690 2089; x_wconf 85' lang='lat' dir='ltr'><strong>ratio,</strong></span> <span class='ocrx_word' id='word_1_129' title='bbox 1723 2024 1914 2091; x_wconf 83' lang='lat' dir='ltr'><strong>despe-</strong></span> 
     </span>
    </p>
   </div>
   <div class='ocr_carea' id='block_1_21' title="bbox 336 2110 1918 2184">
    <p class='ocr_par' dir='ltr' id='par_1_21' title="bbox 336 2110 1918 2184">
     <span class='ocr_line' id='line_1_21' title="bbox 336 2110 1918 2184; baseline 0.003 -22"><span class='ocrx_word' id='word_1_130' title='bbox 336 2110 467 2163; x_wconf 83' lang='lat' dir='ltr'><strong>ratis</strong></span> <span class='ocrx_word' id='word_1_131' title='bbox 497 2111 613 2164; x_wconf 89' lang='lat' dir='ltr'><strong>suis</strong></span> <span class='ocrx_word' id='word_1_132' title='bbox 644 2111 832 2178; x_wconf 87' lang='lat' dir='ltr'><strong>rebus,</strong></span> <span class='ocrx_word' id='word_1_133' title='bbox 854 2114 1115 2167; x_wconf 75' lang='lat' dir='ltr'><strong>Armenio</strong></span> <span class='ocrx_word' id='word_1_134' title='bbox 1143 2113 1331 2168; x_wconf 90' lang='lat' dir='ltr'><strong>habitu</strong></span> <span class='ocrx_word' id='word_1_135' title='bbox 1364 2124 1605 2184; x_wconf 84' lang='lat' dir='ltr'><strong>sumpto,</strong></span> <span class='ocrx_word' id='word_1_136' title='bbox 1628 2115 1918 2168; x_wconf 85' lang='lat' dir='ltr'><strong>simulans-</strong></span> 
     </span>
    </p>
   </div>
   <div class='ocr_carea' id='block_1_22' title="bbox 332 2200 1915 2271">
    <p class='ocr_par' dir='ltr' id='par_1_22' title="bbox 332 2200 1915 2271">
     <span class='ocr_line' id='line_1_22' title="bbox 332 2200 1915 2271; baseline 0.005 -20"><span class='ocrx_word' id='word_1_137' title='bbox 332 2214 459 2267; x_wconf 89' lang='lat' dir='ltr'><strong>que,</strong></span> <span class='ocrx_word' id='word_1_138' title='bbox 508 2216 567 2254; x_wconf 89' lang='lat' dir='ltr'><strong>se</strong></span> <span class='ocrx_word' id='word_1_139' title='bbox 602 2200 790 2255; x_wconf 80' lang='lat' dir='ltr'><strong>Basilii</strong></span> <span class='ocrx_word' id='word_1_140' title='bbox 837 2202 1187 2258; x_wconf 84' lang='lat' dir='ltr'><strong>Thcodorani</strong></span> <span class='ocrx_word' id='word_1_141' title='bbox 1238 2204 1501 2259; x_wconf 90' lang='lat' dir='ltr'><strong>famulum</strong></span> <span class='ocrx_word' id='word_1_142' title='bbox 1553 2220 1694 2269; x_wconf 89' lang='lat' dir='ltr'><strong>esse,</strong></span> <span class='ocrx_word' id='word_1_143' title='bbox 1751 2215 1915 2271; x_wconf 89' lang='lat' dir='ltr'><strong>atque</strong></span> 
     </span>
    </p>
   </div>
   <div class='ocr_carea' id='block_1_23' title="bbox 332 2287 1915 2365">
    <p class='ocr_par' dir='ltr' id='par_1_23' title="bbox 332 2287 1915 2365">
     <span class='ocr_line' id='line_1_23' title="bbox 332 2287 1915 2365; baseline 0.005 -20"><span class='ocrx_word' id='word_1_144' title='bbox 332 2287 783 2348; x_wconf 79' lang='lat' dir='ltr'><strong>Thessalonicam</strong></span> <span class='ocrx_word' id='word_1_145' title='bbox 818 2295 886 2349; x_wconf 80' lang='lat' dir='ltr'><strong>ad</strong></span> <span class='ocrx_word' id='word_1_146' title='bbox 920 2296 1311 2365; x_wconf 86' lang='lat' dir='ltr'><strong>imperatorem</strong></span> <span class='ocrx_word' id='word_1_147' title='bbox 1347 2299 1447 2362; x_wconf 91' lang='lat' dir='ltr'><strong>ire,</strong></span> <span class='ocrx_word' id='word_1_148' title='bbox 1483 2299 1624 2353; x_wconf 89' lang='lat' dir='ltr'><strong>clam</strong></span> <span class='ocrx_word' id='word_1_149' title='bbox 1659 2298 1915 2353; x_wconf 83' lang='lat' dir='ltr'><strong>omnibus</strong></span> 
     </span>
    </p>
   </div>
   <div class='ocr_carea' id='block_1_24' title="bbox 336 2383 1914 2457">
    <p class='ocr_par' dir='ltr' id='par_1_24' title="bbox 336 2383 1914 2457">
     <span class='ocr_line' id='line_1_24' title="bbox 336 2383 1914 2457; baseline 0.003 -20"><span class='ocrx_word' id='word_1_150' title='bbox 336 2384 572 2453; x_wconf 75' lang='lat' dir='ltr'><strong>aufugit,</strong></span> <span class='ocrx_word' id='word_1_151' title='bbox 602 2383 1013 2456; x_wconf 82' lang='lat' dir='ltr'><strong>Ostrobumque</strong></span> <span class='ocrx_word' id='word_1_152' title='bbox 1043 2390 1313 2457; x_wconf 79' lang='lat' dir='ltr'><strong>pervenit,</strong></span> <span class='ocrx_word' id='word_1_153' title='bbox 1348 2390 1437 2444; x_wconf 93' lang='lat' dir='ltr'><strong>ubi</strong></span> <span class='ocrx_word' id='word_1_154' title='bbox 1470 2399 1581 2444; x_wconf 81' lang='lat' dir='ltr'><strong>tum</strong></span> <span class='ocrx_word' id='word_1_155' title='bbox 1616 2405 1738 2445; x_wconf 89' lang='lat' dir='ltr'><strong>cum</strong></span> <span class='ocrx_word' id='word_1_156' title='bbox 1767 2388 1914 2442; x_wconf 76' lang='lat' dir='ltr'><strong>ointzi</strong></span> 
     </span>
    </p>
   </div>
   <div class='ocr_carea' id='block_1_25' title="bbox 337 2478 1913 2555">
    <p class='ocr_par' dir='ltr' id='par_1_25' title="bbox 337 2478 1913 2555">
     <span class='ocr_line' id='line_1_25' title="bbox 337 2478 1913 2555; baseline 0.003 -24"><span class='ocrx_word' id='word_1_157' title='bbox 337 2478 579 2534; x_wconf 79' lang='lat' dir='ltr'><strong>exercitu</strong></span> <span class='ocrx_word' id='word_1_158' title='bbox 605 2489 785 2534; x_wconf 87' lang='lat' dir='ltr'><strong>castra</strong></span> <span class='ocrx_word' id='word_1_159' title='bbox 817 2479 1084 2536; x_wconf 81' lang='lat' dir='ltr'><strong>Deleanus</strong></span> <span class='ocrx_word' id='word_1_160' title='bbox 1117 2482 1583 2555; x_wconf 71' lang='lat' dir='ltr'><strong>ltabebat.‘llfagna</strong></span> <span class='ocrx_word' id='word_1_161' title='bbox 1616 2485 1762 2538; x_wconf 87' lang='lat' dir='ltr'><strong>hunc</strong></span> <span class='ocrx_word' id='word_1_162' title='bbox 1789 2500 1913 2538; x_wconf 89' lang='lat' dir='ltr'><strong>cum</strong></span> 
     </span>
    </p>
   </div>
   <div class='ocr_carea' id='block_1_26' title="bbox 333 2568 1913 2648">
    <p class='ocr_par' dir='ltr' id='par_1_26' title="bbox 333 2568 1913 2648">
     <span class='ocr_line' id='line_1_26' title="bbox 333 2568 1913 2648; baseline 0.004 -24"><span class='ocrx_word' id='word_1_163' title='bbox 333 2568 524 2624; x_wconf 73' lang='lat' dir='ltr'><strong>laetitia</strong></span> <span class='ocrx_word' id='word_1_164' title='bbox 578 2572 788 2641; x_wconf 91' lang='lat' dir='ltr'><strong>accepit</strong></span> <span class='ocrx_word' id='word_1_165' title='bbox 842 2570 1135 2634; x_wconf 75' lang='lat' dir='ltr'><strong>Deleanus,</strong></span> <span class='ocrx_word' id='word_1_166' title='bbox 1187 2585 1460 2642; x_wconf 75' lang='lat' dir='ltr'><strong>metuens,</strong></span> <span class='ocrx_word' id='word_1_167' title='bbox 1504 2595 1571 2633; x_wconf 91' lang='lat' dir='ltr'><strong>ne</strong></span> <span class='ocrx_word' id='word_1_168' title='bbox 1615 2577 1681 2631; x_wconf 89' lang='lat' dir='ltr'><strong>ad</strong></span> <span class='ocrx_word' id='word_1_169' title='bbox 1736 2578 1913 2648; x_wconf 84' lang='lat' dir='ltr'><strong>ipsum</strong></span> 
     </span>
    </p>
   </div>
   <div class='ocr_carea' id='block_1_27' title="bbox 337 2662 1915 2738">
    <p class='ocr_par' dir='ltr' id='par_1_27' title="bbox 337 2662 1915 2738">
     <span class='ocr_line' id='line_1_27' title="bbox 337 2662 1915 2738; baseline 0.003 -24"><span class='ocrx_word' id='word_1_170' title='bbox 337 2678 372 2732; x_wconf 87' lang='lat' dir='ltr'><strong>p</strong></span> <span class='ocrx_word' id='word_1_171' title='bbox 394 2663 522 2716; x_wconf 84' lang='lat' dir='ltr'><strong>:tius</strong></span> <span class='ocrx_word' id='word_1_172' title='bbox 540 2662 866 2720; x_wconf 85' lang='lat' dir='ltr'><strong>inclinarent</strong></span> <span class='ocrx_word' id='word_1_173' title='bbox 888 2664 1127 2734; x_wconf 83' lang='lat' dir='ltr'><strong>Bulgari,</strong></span> <span class='ocrx_word' id='word_1_174' title='bbox 1151 2676 1209 2720; x_wconf 91' lang='lat' dir='ltr'><strong>ut</strong></span> <span class='ocrx_word' id='word_1_175' title='bbox 1236 2667 1385 2738; x_wconf 84' lang='lat' dir='ltr'><strong>regio</strong></span> <span class='ocrx_word' id='word_1_176' title='bbox 1419 2671 1686 2737; x_wconf 72' lang='lat' dir='ltr'><strong>sanguine</strong></span> <span class='ocrx_word' id='word_1_177' title='bbox 1706 2679 1915 2733; x_wconf 86' lang='lat' dir='ltr'><strong>natum,</strong></span> 
     </span>
    </p>
   </div>
   <div class='ocr_carea' id='block_1_28' title="bbox 335 2754 1917 2826">
    <p class='ocr_par' dir='ltr' id='par_1_28' title="bbox 335 2754 1917 2826">
     <span class='ocr_line' id='line_1_28' title="bbox 335 2754 1917 2826; baseline 0.004 -20"><span class='ocrx_word' id='word_1_178' title='bbox 335 2762 675 2819; x_wconf 87' lang='lat' dir='ltr'><strong>consortem,</strong></span> <span class='ocrx_word' id='word_1_179' title='bbox 733 2765 793 2809; x_wconf 92' lang='lat' dir='ltr'><strong>ut</strong></span> <span class='ocrx_word' id='word_1_180' title='bbox 826 2770 936 2824; x_wconf 76' lang='lat' dir='ltr'><strong>prae</strong></span> <span class='ocrx_word' id='word_1_181' title='bbox 980 2771 1038 2810; x_wconf 87' lang='lat' dir='ltr'><strong>se</strong></span> <span class='ocrx_word' id='word_1_182' title='bbox 1076 2754 1309 2821; x_wconf 90' lang='lat' dir='ltr'><strong>ferebat,</strong></span> <span class='ocrx_word' id='word_1_183' title='bbox 1346 2758 1557 2826; x_wconf 85' lang='lat' dir='ltr'><strong>imperii</strong></span> <span class='ocrx_word' id='word_1_184' title='bbox 1604 2759 1818 2821; x_wconf 88' lang='lat' dir='ltr'><strong>ascivit,</strong></span> <span class='ocrx_word' id='word_1_185' title='bbox 1852 2774 1917 2812; x_wconf 90' lang='lat' dir='ltr'><strong>ac</strong></span> 
     </span>
    </p>
   </div>
   <div class='ocr_carea' id='block_1_29' title="bbox 335 2846 1912 2920">
    <p class='ocr_par' dir='ltr' id='par_1_29' title="bbox 335 2846 1912 2920">
     <span class='ocr_line' id='line_1_29' title="bbox 335 2846 1912 2920; baseline 0.004 -22"><span class='ocrx_word' id='word_1_186' title='bbox 335 2861 459 2898; x_wconf 86' lang='lat' dir='ltr'><strong>eum</strong></span> <span class='ocrx_word' id='word_1_187' title='bbox 489 2846 732 2900; x_wconf 80' lang='lat' dir='ltr'><strong>exercitu</strong></span> <span class='ocrx_word' id='word_1_188' title='bbox 761 2848 1116 2919; x_wconf 80' lang='lat' dir='ltr'><strong>quadraginta</strong></span> <span class='ocrx_word' id='word_1_189' title='bbox 1148 2850 1378 2904; x_wconf 89' lang='lat' dir='ltr'><strong>millium</strong></span> <span class='ocrx_word' id='word_1_190' title='bbox 1403 2851 1467 2905; x_wconf 84' lang='lat' dir='ltr'><strong>ad</strong></span> <span class='ocrx_word' id='word_1_191' title='bbox 1495 2853 1912 2920; x_wconf 75' lang='lat' dir='ltr'><strong>oppugnandam</strong></span> 
     </span>
    </p>
   </div>
   <div class='ocr_carea' id='block_1_30' title="bbox 336 2935 1916 3010">
    <p class='ocr_par' dir='ltr' id='par_1_30' title="bbox 336 2935 1916 3010">
     <span class='ocr_line' id='line_1_30' title="bbox 336 2935 1916 3010; baseline 0.006 -21"><span class='ocrx_word' id='word_1_192' title='bbox 336 2935 777 2993; x_wconf 83' lang='lat' dir='ltr'><strong>Thessalonicam</strong></span> <span class='ocrx_word' id='word_1_193' title='bbox 803 2940 971 3001; x_wconf 88' lang='lat' dir='ltr'><strong>misit,</strong></span> <span class='ocrx_word' id='word_1_194' title='bbox 994 2942 1081 2994; x_wconf 92' lang='lat' dir='ltr'><strong>cui</strong></span> <span class='ocrx_word' id='word_1_195' title='bbox 1109 2951 1239 2996; x_wconf 90' lang='lat' dir='ltr'><strong>tunc</strong></span> <span class='ocrx_word' id='word_1_196' title='bbox 1267 2952 1498 3010; x_wconf 57' lang='lat' dir='ltr'><strong>praerat</strong></span> <span class='ocrx_word' id='word_1_197' title='bbox 1523 2944 1916 2998; x_wconf 78' lang='lat' dir='ltr'><strong>Constantinus</strong></span> 
     </span>
    </p>
   </div>
   <div class='ocr_carea' id='block_1_31' title="bbox 336 3030 1918 3103">
    <p class='ocr_par' dir='ltr' id='par_1_31' title="bbox 336 3030 1918 3103">
     <span class='ocr_line' id='line_1_31' title="bbox 336 3030 1918 3103; baseline 0.005 -22"><span class='ocrx_word' id='word_1_198' title='bbox 336 3030 618 3097; x_wconf 86' lang='lat' dir='ltr'><strong>patricius,</strong></span> <span class='ocrx_word' id='word_1_199' title='bbox 650 3031 913 3100; x_wconf 84' lang='lat' dir='ltr'><strong>patruelis</strong></span> <span class='ocrx_word' id='word_1_200' title='bbox 956 3032 1330 3100; x_wconf 87' lang='lat' dir='ltr'><strong>imperatoris.</strong></span> <span class='ocrx_word' id='word_1_201' title='bbox 1362 3035 1441 3088; x_wconf 86' lang='lat' dir='ltr'><strong>Eo</strong></span> <span class='ocrx_word' id='word_1_202' title='bbox 1476 3035 1756 3103; x_wconf 80' lang='lat' dir='ltr'><strong>profectus</strong></span> <span class='ocrx_word' id='word_1_203' title='bbox 1788 3037 1918 3090; x_wconf 77' lang='lat' dir='ltr'><strong>Alu-</strong></span> 
     </span>
    </p>
   </div>
   <div class='ocr_carea' id='block_1_32' title="bbox 335 3120 1918 3192">
    <p class='ocr_par' dir='ltr' id='par_1_32' title="bbox 335 3120 1918 3192">
     <span class='ocr_line' id='line_1_32' title="bbox 335 3120 1918 3192; baseline 0.007 -19"><span class='ocrx_word' id='word_1_204' title='bbox 335 3120 525 3174; x_wconf 84' lang='lat' dir='ltr'><strong>sianus</strong></span> <span class='ocrx_word' id='word_1_205' title='bbox 572 3122 762 3175; x_wconf 90' lang='lat' dir='ltr'><strong>urbem</strong></span> <span class='ocrx_word' id='word_1_206' title='bbox 814 3122 956 3177; x_wconf 88' lang='lat' dir='ltr'><strong>vallo</strong></span> <span class='ocrx_word' id='word_1_207' title='bbox 1010 3123 1179 3192; x_wconf 81' lang='lat' dir='ltr'><strong>cingit</strong></span> <span class='ocrx_word' id='word_1_208' title='bbox 1232 3139 1295 3178; x_wconf 88' lang='lat' dir='ltr'><strong>ac</strong></span> <span class='ocrx_word' id='word_1_209' title='bbox 1349 3126 1622 3180; x_wconf 84' lang='lat' dir='ltr'><strong>machinis</strong></span> <span class='ocrx_word' id='word_1_210' title='bbox 1683 3127 1918 3184; x_wconf 90' lang='lat' dir='ltr'><strong>admotis</strong></span> 
     </span>
    </p>
   </div>
   <div class='ocr_carea' id='block_1_33' title="bbox 2018 637 3596 712">
    <p class='ocr_par' dir='ltr' id='par_1_33' title="bbox 2018 637 3596 712">
     <span class='ocr_line' id='line_1_33' title="bbox 2018 637 3596 712; baseline -0.004 -17"><span class='ocrx_word' id='word_1_211' title='bbox 2018 643 2215 712; x_wconf 67' lang='lat' dir='ltr'><strong>prteire</strong></span> <span class='ocrx_word' id='word_1_212' title='bbox 2246 658 2311 697; x_wconf 86' lang='lat' dir='ltr'><strong>ac</strong></span> <span class='ocrx_word' id='word_1_213' title='bbox 2340 658 2439 709; x_wconf 84' lang='lat' dir='ltr'><strong>pro</strong></span> <span class='ocrx_word' id='word_1_214' title='bbox 2480 645 2618 697; x_wconf 86' lang='lat' dir='ltr'><strong>urbe</strong></span> <span class='ocrx_word' id='word_1_215' title='bbox 2648 642 2933 697; x_wconf 87' lang='lat' dir='ltr'><strong>decertare</strong></span> <span class='ocrx_word' id='word_1_216' title='bbox 2962 640 3142 710; x_wconf 81' lang='lat' dir='ltr'><strong>palam</strong></span> <span class='ocrx_word' id='word_1_217' title='bbox 3168 645 3492 705; x_wconf 84' lang='lat' dir='ltr'><strong>conspecto,</strong></span> <span class='ocrx_word' id='word_1_218' title='bbox 3525 637 3596 689; x_wconf 74' lang='lat' dir='ltr'><strong>ab</strong></span> 
     </span>
    </p>
   </div>
   <div class='ocr_carea' id='block_1_34' title="bbox 2015 728 3594 802">
    <p class='ocr_par' dir='ltr' id='par_1_34' title="bbox 2015 728 3594 802">
     <span class='ocr_line' id='line_1_34' title="bbox 2015 728 3594 802; baseline -0.006 -14"><span class='ocrx_word' id='word_1_219' title='bbox 2015 735 2303 790; x_wconf 83' lang='lat' dir='ltr'><strong>obsidione</strong></span> <span class='ocrx_word' id='word_1_220' title='bbox 2339 733 2817 790; x_wconf 81' lang='lat' dir='ltr'><strong>Thessalonicensi</strong></span> <span class='ocrx_word' id='word_1_221' title='bbox 2855 733 2993 802; x_wconf 83' lang='lat' dir='ltr'><strong>pulsi</strong></span> <span class='ocrx_word' id='word_1_222' title='bbox 3041 740 3209 802; x_wconf 86' lang='lat' dir='ltr'><strong>atque</strong></span> <span class='ocrx_word' id='word_1_223' title='bbox 3262 730 3315 782; x_wconf 93' lang='lat' dir='ltr'><strong>in</strong></span> <span class='ocrx_word' id='word_1_224' title='bbox 3366 728 3549 794; x_wconf 62' lang='lat' dir='ltr'><strong>fugam</strong></span> <span class='ocrx_word' id='word_1_225' title='bbox 3578 766 3594 790; x_wconf 90' lang='lat'><strong>,</strong></span> 
     </span>
    </p>
   </div>
   <div class='ocr_carea' id='block_1_35' title="bbox 2017 818 3598 894">
    <p class='ocr_par' dir='ltr' id='par_1_35' title="bbox 2017 818 3598 894">
     <span class='ocr_line' id='line_1_35' title="bbox 2017 818 3598 894; baseline -0.006 -14"><span class='ocrx_word' id='word_1_226' title='bbox 2017 842 2213 892; x_wconf 76' lang='lat' dir='ltr'><strong>magna</strong></span> <span class='ocrx_word' id='word_1_227' title='bbox 2259 827 2402 880; x_wconf 83' lang='lat' dir='ltr'><strong>edita</strong></span> <span class='ocrx_word' id='word_1_228' title='bbox 2452 841 2676 881; x_wconf 87' lang='lat' dir='ltr'><strong>suorum</strong></span> <span class='ocrx_word' id='word_1_229' title='bbox 2722 838 2928 894; x_wconf 79' lang='lat' dir='ltr'><strong>strage,</strong></span> <span class='ocrx_word' id='word_1_230' title='bbox 2972 821 3232 890; x_wconf 76' lang='lat' dir='ltr'><strong>coniecti,</strong></span> <span class='ocrx_word' id='word_1_231' title='bbox 3271 836 3299 875; x_wconf 88' lang='lat' dir='ltr'><strong>a</strong></span> <span class='ocrx_word' id='word_1_232' title='bbox 3346 818 3598 874; x_wconf 86' lang='lat' dir='ltr'><strong>Cedreno</strong></span> 
     </span>
    </p>
   </div>
   <div class='ocr_carea' id='block_1_36' title="bbox 2018 911 3597 985">
    <p class='ocr_par' dir='ltr' id='par_1_36' title="bbox 2018 911 3597 985">
     <span class='ocr_line' id='line_1_36' title="bbox 2018 911 3597 985; baseline -0.005 -17"><span class='ocrx_word' id='word_1_233' title='bbox 2018 925 2339 979; x_wconf 85' lang='lat' dir='ltr'><strong>narrantur,</strong></span> <span class='ocrx_word' id='word_1_234' title='bbox 2370 916 2675 985; x_wconf 78' lang='lat' dir='ltr'><strong>prodigium</strong></span> <span class='ocrx_word' id='word_1_235' title='bbox 2704 915 2815 983; x_wconf 88' lang='lat' dir='ltr'><strong>jam</strong></span> <span class='ocrx_word' id='word_1_236' title='bbox 2846 924 3078 982; x_wconf 74' lang='lat' dir='ltr'><strong>spectat,</strong></span> <span class='ocrx_word' id='word_1_237' title='bbox 3099 912 3369 975; x_wconf 76' lang='lat' dir='ltr'><strong>Zonaras,</strong></span> <span class='ocrx_word' id='word_1_238' title='bbox 3404 911 3461 962; x_wconf 89' lang='lat' dir='ltr'><strong>iu</strong></span> <span class='ocrx_word' id='word_1_239' title='bbox 3485 912 3597 962; x_wconf 74' lang='lat' dir='ltr'><strong>Au-</strong></span> 
     </span>
    </p>
   </div>
   <div class='ocr_carea' id='block_1_37' title="bbox 2020 1000 3602 1075">
    <p class='ocr_par' dir='ltr' id='par_1_37' title="bbox 2020 1000 3602 1075">
     <span class='ocr_line' id='line_1_37' title="bbox 2020 1000 3602 1075; baseline -0.004 -16"><span class='ocrx_word' id='word_1_240' title='bbox 2020 1007 2233 1060; x_wconf 86' lang='lat' dir='ltr'><strong>nalibus</strong></span> <span class='ocrx_word' id='word_1_241' title='bbox 2267 1007 2334 1059; x_wconf 88' lang='lat' dir='ltr'><strong>de</strong></span> <span class='ocrx_word' id='word_1_242' title='bbox 2369 1008 2633 1060; x_wconf 82' lang='lat' dir='ltr'><strong>Alusiauo</strong></span> <span class='ocrx_word' id='word_1_243' title='bbox 2661 1007 2866 1075; x_wconf 86' lang='lat' dir='ltr'><strong>pariter</strong></span> <span class='ocrx_word' id='word_1_244' title='bbox 2896 1005 3280 1073; x_wconf 79' lang='lat' dir='ltr'><strong>Bulgarisque,</strong></span> <span class='ocrx_word' id='word_1_245' title='bbox 3308 1002 3427 1071; x_wconf 87' lang='lat' dir='ltr'><strong>qui,</strong></span> <span class='ocrx_word' id='word_1_246' title='bbox 3457 1000 3602 1054; x_wconf 71' lang='lat' dir='ltr'><strong>duce</strong></span> 
     </span>
    </p>
   </div>
   <div class='ocr_carea' id='block_1_38' title="bbox 2020 1091 3599 1167">
    <p class='ocr_par' dir='ltr' id='par_1_38' title="bbox 2020 1091 3599 1167">
     <span class='ocr_line' id='line_1_38' title="bbox 2020 1091 3599 1167; baseline -0.005 -17"><span class='ocrx_word' id='word_1_247' title='bbox 2020 1096 2278 1161; x_wconf 81' lang='lat' dir='ltr'><strong>Deleanu,</strong></span> <span class='ocrx_word' id='word_1_248' title='bbox 2305 1096 2620 1152; x_wconf 66' lang='lat' dir='ltr'><strong>Grmcorum</strong></span> <span class='ocrx_word' id='word_1_249' title='bbox 2652 1099 2842 1167; x_wconf 73' lang='lat' dir='ltr'><strong>iugum</strong></span> <span class='ocrx_word' id='word_1_250' title='bbox 2869 1136 2885 1160; x_wconf 93' lang='lat'><strong>,</strong></span> <span class='ocrx_word' id='word_1_251' title='bbox 2921 1112 2949 1149; x_wconf 92' lang='lat' dir='ltr'><strong>a</strong></span> <span class='ocrx_word' id='word_1_252' title='bbox 2986 1097 3188 1150; x_wconf 75' lang='lat' dir='ltr'><strong>Basilio</strong></span> <span class='ocrx_word' id='word_1_253' title='bbox 3231 1095 3416 1152; x_wconf 86' lang='lat' dir='ltr'><strong>tertio.</strong></span> <span class='ocrx_word' id='word_1_254' title='bbox 3465 1091 3599 1145; x_wconf 70' lang='lat' dir='ltr'><strong>lla!-</strong></span> 
     </span>
    </p>
   </div>
   <div class='ocr_carea' id='block_1_39' title="bbox 2018 1183 3593 1259">
    <p class='ocr_par' dir='ltr' id='par_1_39' title="bbox 2018 1183 3593 1259">
     <span class='ocr_line' id='line_1_39' title="bbox 2018 1183 3593 1259; baseline -0.006 -18"><span class='ocrx_word' id='word_1_255' title='bbox 2018 1189 2294 1259; x_wconf 79' lang='lat' dir='ltr'><strong>garoctoni</strong></span> <span class='ocrx_word' id='word_1_256' title='bbox 2329 1202 2630 1258; x_wconf 77' lang='lat' dir='ltr'><strong>cognomen</strong></span> <span class='ocrx_word' id='word_1_257' title='bbox 2658 1196 2946 1256; x_wconf 78' lang='lat' dir='ltr'><strong>propterea</strong></span> <span class='ocrx_word' id='word_1_258' title='bbox 2990 1186 3213 1254; x_wconf 82' lang='lat' dir='ltr'><strong>adepto,</strong></span> <span class='ocrx_word' id='word_1_259' title='bbox 3249 1185 3362 1253; x_wconf 77' lang='lat' dir='ltr'><strong>jam</strong></span> <span class='ocrx_word' id='word_1_260' title='bbox 3394 1183 3463 1235; x_wconf 88' lang='lat' dir='ltr'><strong>ab</strong></span> <span class='ocrx_word' id='word_1_261' title='bbox 3495 1184 3593 1232; x_wconf 66' lang='lat' dir='ltr'><strong>alio</strong></span> 
     </span>
    </p>
   </div>
   <div class='ocr_carea' id='block_1_40' title="bbox 2017 1272 3595 1347">
    <p class='ocr_par' dir='ltr' id='par_1_40' title="bbox 2017 1272 3595 1347">
     <span class='ocr_line' id='line_1_40' title="bbox 2017 1272 3595 1347; baseline -0.006 -15"><span class='ocrx_word' id='word_1_262' title='bbox 2017 1295 2126 1344; x_wconf 85' lang='lat' dir='ltr'><strong>quo</strong></span> <span class='ocrx_word' id='word_1_263' title='bbox 2156 1290 2400 1347; x_wconf 86' lang='lat' dir='ltr'><strong>tempore</strong></span> <span class='ocrx_word' id='word_1_264' title='bbox 2433 1278 2536 1332; x_wconf 88' lang='lat' dir='ltr'><strong>sibi</strong></span> <span class='ocrx_word' id='word_1_265' title='bbox 2569 1278 2928 1345; x_wconf 79' lang='lat' dir='ltr'><strong>impositum,</strong></span> <span class='ocrx_word' id='word_1_266' title='bbox 2964 1275 3070 1328; x_wconf 85' lang='lat' dir='ltr'><strong>sub</strong></span> <span class='ocrx_word' id='word_1_267' title='bbox 3112 1290 3318 1327; x_wconf 75' lang='lat' dir='ltr'><strong>annum</strong></span> <span class='ocrx_word' id='word_1_268' title='bbox 3369 1272 3595 1325; x_wconf 72' lang='lat' dir='ltr'><strong>circiter</strong></span> 
     </span>
    </p>
   </div>
   <div class='ocr_carea' id='block_1_41' title="bbox 2023 1364 3600 1438">
    <p class='ocr_par' dir='ltr' id='par_1_41' title="bbox 2023 1364 3600 1438">
     <span class='ocr_line' id='line_1_41' title="bbox 2023 1364 3600 1438; baseline -0.007 -11"><span class='ocrx_word' id='word_1_269' title='bbox 2023 1372 2155 1427; x_wconf 77' lang='lat' dir='ltr'><strong>l0l0</strong></span> <span class='ocrx_word' id='word_1_270' title='bbox 2183 1386 2502 1429; x_wconf 73' lang='lat' dir='ltr'><strong>excussere.</strong></span> <span class='ocrx_word' id='word_1_271' title='bbox 2540 1371 2593 1423; x_wconf 91' lang='lat' dir='ltr'><strong>in</strong></span> <span class='ocrx_word' id='word_1_272' title='bbox 2637 1368 2902 1422; x_wconf 79' lang='lat' dir='ltr'><strong>Michaele</strong></span> <span class='ocrx_word' id='word_1_273' title='bbox 2932 1376 3135 1438; x_wconf 83' lang='lat' dir='ltr'><strong>quarto</strong></span> <span class='ocrx_word' id='word_1_274' title='bbox 3163 1381 3478 1419; x_wconf 85' lang='lat' dir='ltr'><strong>sermonem</strong></span> <span class='ocrx_word' id='word_1_275' title='bbox 3515 1364 3600 1417; x_wconf 85' lang='lat' dir='ltr'><strong>iu-</strong></span> 
     </span>
    </p>
   </div>
   <div class='ocr_carea' id='block_1_42' title="bbox 2016 1442 3599 1529">
    <p class='ocr_par' dir='ltr' id='par_1_42' title="bbox 2016 1442 3599 1529">
     <span class='ocr_line' id='line_1_42' title="bbox 2016 1442 3599 1529; baseline -0.006 -12"><span class='ocrx_word' id='word_1_276' title='bbox 2016 1463 2197 1517; x_wconf 89' lang='lat' dir='ltr'><strong>stituit</strong></span> <span class='ocrx_word' id='word_1_277' title='bbox 2229 1478 2329 1516; x_wconf 82' lang='lat' dir='ltr'><strong>nec</strong></span> <span class='ocrx_word' id='word_1_278' title='bbox 2354 1470 2536 1514; x_wconf 89' lang='lat' dir='ltr'><strong>tamen</strong></span> <span class='ocrx_word' id='word_1_279' title='bbox 2574 1442 2981 1529; x_wconf 21' lang='lat' dir='ltr'><strong>prodigiisque</strong></span> <span class='ocrx_word' id='word_1_280' title='bbox 3012 1458 3309 1512; x_wconf 66' lang='lat' dir='ltr'><strong>Alusiaaus</strong></span> <span class='ocrx_word' id='word_1_281' title='bbox 3339 1456 3409 1510; x_wconf 92' lang='lat' dir='ltr'><strong>ab</strong></span> <span class='ocrx_word' id='word_1_282' title='bbox 3445 1455 3599 1509; x_wconf 73' lang='lat' dir='ltr'><strong>obsi-</strong></span> 
     </span>
    </p>
   </div>
   <div class='ocr_carea' id='block_1_43' title="bbox 2016 1550 3601 1620">
    <p class='ocr_par' dir='ltr' id='par_1_43' title="bbox 2016 1550 3601 1620">
     <span class='ocr_line' id='line_1_43' title="bbox 2016 1550 3601 1620; baseline -0.004 -9"><span class='ocrx_word' id='word_1_283' title='bbox 2016 1558 2179 1611; x_wconf 84' lang='lat' dir='ltr'><strong>dione</strong></span> <span class='ocrx_word' id='word_1_284' title='bbox 2208 1555 2718 1617; x_wconf 82' lang='lat' dir='ltr'><strong>Thessalonicensi,</strong></span> <span class='ocrx_word' id='word_1_285' title='bbox 2752 1555 2965 1609; x_wconf 86' lang='lat' dir='ltr'><strong>civitati</strong></span> <span class='ocrx_word' id='word_1_286' title='bbox 3014 1570 3128 1607; x_wconf 72' lang='lat' dir='ltr'><strong>sua:</strong></span> <span class='ocrx_word' id='word_1_287' title='bbox 3175 1568 3334 1620; x_wconf 88' lang='lat' dir='ltr'><strong>opem</strong></span> <span class='ocrx_word' id='word_1_288' title='bbox 3392 1550 3601 1604; x_wconf 68' lang='lat' dir='ltr'><strong>ferente</strong></span> 
     </span>
    </p>
   </div>
   <div class='ocr_carea' id='block_1_44' title="bbox 2018 1645 3601 1713">
    <p class='ocr_par' dir='ltr' id='par_1_44' title="bbox 2018 1645 3601 1713">
     <span class='ocr_line' id='line_1_44' title="bbox 2018 1645 3601 1713; baseline -0.004 -11"><span class='ocrx_word' id='word_1_289' title='bbox 2018 1656 2212 1702; x_wconf 88' lang='lat' dir='ltr'><strong>sancto</strong></span> <span class='ocrx_word' id='word_1_290' title='bbox 2248 1647 2547 1709; x_wconf 87' lang='lat' dir='ltr'><strong>Demetrio,</strong></span> <span class='ocrx_word' id='word_1_291' title='bbox 2583 1647 2839 1700; x_wconf 73' lang='lat' dir='ltr'><strong>recedere</strong></span> <span class='ocrx_word' id='word_1_292' title='bbox 2883 1647 3047 1699; x_wconf 80' lang='lat' dir='ltr'><strong>fuerit</strong></span> <span class='ocrx_word' id='word_1_293' title='bbox 3076 1645 3418 1713; x_wconf 83' lang='lat' dir='ltr'><strong>compulsus,</strong></span> <span class='ocrx_word' id='word_1_294' title='bbox 3450 1658 3601 1695; x_wconf 73' lang='lat' dir='ltr'><strong>mru-</strong></span> 
     </span>
    </p>
   </div>
   <div class='ocr_carea' id='block_1_45' title="bbox 2017 1736 3603 1802">
    <p class='ocr_par' dir='ltr' id='par_1_45' title="bbox 2017 1736 3603 1802">
     <span class='ocr_line' id='line_1_45' title="bbox 2017 1736 3603 1802; baseline -0.004 -8"><span class='ocrx_word' id='word_1_295' title='bbox 2017 1742 2219 1794; x_wconf 86' lang='lat' dir='ltr'><strong>tionem</strong></span> <span class='ocrx_word' id='word_1_296' title='bbox 2255 1739 2335 1792; x_wconf 88' lang='lat' dir='ltr'><strong>vel</strong></span> <span class='ocrx_word' id='word_1_297' title='bbox 2370 1739 2533 1792; x_wconf 84' lang='lat' dir='ltr'><strong>verbo</strong></span> <span class='ocrx_word' id='word_1_298' title='bbox 2572 1737 2720 1793; x_wconf 84' lang='lat' dir='ltr'><strong>facit.</strong></span> <span class='ocrx_word' id='word_1_299' title='bbox 2754 1736 2956 1791; x_wconf 80' lang='lat' dir='ltr'><strong>Verum</strong></span> <span class='ocrx_word' id='word_1_300' title='bbox 3011 1753 3133 1791; x_wconf 86' lang='lat' dir='ltr'><strong>cum</strong></span> <span class='ocrx_word' id='word_1_301' title='bbox 3175 1739 3219 1789; x_wconf 89' lang='lat' dir='ltr'><strong>is</strong></span> <span class='ocrx_word' id='word_1_302' title='bbox 3251 1737 3491 1802; x_wconf 84' lang='lat' dir='ltr'><strong>scriptor</strong></span> <span class='ocrx_word' id='word_1_303' title='bbox 3535 1748 3603 1787; x_wconf 83' lang='lat' dir='ltr'><strong>ne</strong></span> 
     </span>
    </p>
   </div>
   <div class='ocr_carea' id='block_1_46' title="bbox 2017 1825 3604 1900">
    <p class='ocr_par' dir='ltr' id='par_1_46' title="bbox 2017 1825 3604 1900">
     <span class='ocr_line' id='line_1_46' title="bbox 2017 1825 3604 1900; baseline -0.006 -16"><span class='ocrx_word' id='word_1_304' title='bbox 2017 1832 2388 1900; x_wconf 70' lang='lat' dir='ltr'><strong>expeditionis</strong></span> <span class='ocrx_word' id='word_1_305' title='bbox 2419 1831 2665 1900; x_wconf 84' lang='lat' dir='ltr'><strong>quidem,</strong></span> <span class='ocrx_word' id='word_1_306' title='bbox 2712 1830 2779 1884; x_wconf 90' lang='lat' dir='ltr'><strong>ab</strong></span> <span class='ocrx_word' id='word_1_307' title='bbox 2814 1831 3086 1885; x_wconf 85' lang='lat' dir='ltr'><strong>Alusiano</strong></span> <span class='ocrx_word' id='word_1_308' title='bbox 3134 1837 3325 1881; x_wconf 85' lang='lat' dir='ltr'><strong>contra</strong></span> <span class='ocrx_word' id='word_1_309' title='bbox 3367 1825 3604 1878; x_wconf 71' lang='lat' dir='ltr'><strong>Thes~a-</strong></span> 
     </span>
    </p>
   </div>
   <div class='ocr_carea' id='block_1_47' title="bbox 2019 1916 3599 1991">
    <p class='ocr_par' dir='ltr' id='par_1_47' title="bbox 2019 1916 3599 1991">
     <span class='ocr_line' id='line_1_47' title="bbox 2019 1916 3599 1991; baseline -0.006 -12"><span class='ocrx_word' id='word_1_310' title='bbox 2019 1924 2255 1979; x_wconf 77' lang='lat' dir='ltr'><strong>lenit-am</strong></span> <span class='ocrx_word' id='word_1_311' title='bbox 2287 1933 2583 1991; x_wconf 61' lang='lat' dir='ltr'><strong>suscepta},</strong></span> <span class='ocrx_word' id='word_1_312' title='bbox 2622 1922 2962 1990; x_wconf 70' lang='lat' dir='ltr'><strong>meminerit,</strong></span> <span class='ocrx_word' id='word_1_313' title='bbox 2995 1920 3317 1989; x_wconf 78' lang='lat' dir='ltr'><strong>factumque.</strong></span> <span class='ocrx_word' id='word_1_314' title='bbox 3349 1916 3599 1987; x_wconf 78' lang='lat' dir='ltr'><strong>proinde,</strong></span> 
     </span>
    </p>
   </div>
   <div class='ocr_carea' id='block_1_48' title="bbox 2018 2009 3600 2086">
    <p class='ocr_par' dir='ltr' id='par_1_48' title="bbox 2018 2009 3600 2086">
     <span class='ocr_line' id='line_1_48' title="bbox 2018 2009 3600 2086; baseline -0.006 -16"><span class='ocrx_word' id='word_1_315' title='bbox 2018 2032 2125 2086; x_wconf 80' lang='lat' dir='ltr'><strong>quo</strong></span> <span class='ocrx_word' id='word_1_316' title='bbox 2156 2015 2295 2069; x_wconf 85' lang='lat' dir='ltr'><strong>felici</strong></span> <span class='ocrx_word' id='word_1_317' title='bbox 2332 2015 2436 2067; x_wconf 78' lang='lat' dir='ltr'><strong>ista</strong></span> <span class='ocrx_word' id='word_1_318' title='bbox 2471 2030 2736 2069; x_wconf 73' lang='lat' dir='ltr'><strong>successu</strong></span> <span class='ocrx_word' id='word_1_319' title='bbox 2762 2014 2928 2068; x_wconf 89' lang='lat' dir='ltr'><strong>fuerit</strong></span> <span class='ocrx_word' id='word_1_320' title='bbox 2958 2013 3249 2069; x_wconf 79' lang='lat' dir='ltr'><strong>frustrata,</strong></span> <span class='ocrx_word' id='word_1_321' title='bbox 3277 2009 3600 2063; x_wconf 86' lang='lat' dir='ltr'><strong>miraculum</strong></span> 
     </span>
    </p>
   </div>
   <div class='ocr_carea' id='block_1_49' title="bbox 2018 2103 3600 2176">
    <p class='ocr_par' dir='ltr' id='par_1_49' title="bbox 2018 2103 3600 2176">
     <span class='ocr_line' id='line_1_49' title="bbox 2018 2103 3600 2176; baseline -0.006 -13"><span class='ocrx_word' id='word_1_322' title='bbox 2018 2122 2459 2163; x_wconf 82' lang='lat' dir='ltr'><strong>commemorare</strong></span> <span class='ocrx_word' id='word_1_323' title='bbox 2492 2114 2806 2176; x_wconf 81' lang='lat' dir='ltr'><strong>opportune</strong></span> <span class='ocrx_word' id='word_1_324' title='bbox 2845 2104 2986 2158; x_wconf 90' lang='lat' dir='ltr'><strong>haud</strong></span> <span class='ocrx_word' id='word_1_325' title='bbox 3034 2103 3294 2172; x_wconf 68' lang='lat' dir='ltr'><strong>punierit,</strong></span> <span class='ocrx_word' id='word_1_326' title='bbox 3326 2116 3433 2154; x_wconf 89' lang='lat' dir='ltr'><strong>non</strong></span> <span class='ocrx_word' id='word_1_327' title='bbox 3480 2108 3600 2161; x_wconf 86' lang='lat' dir='ltr'><strong>est,</strong></span> 
     </span>
    </p>
   </div>
   <div class='ocr_carea' id='block_1_50' title="bbox 2017 2193 3602 2253">
    <p class='ocr_par' dir='ltr' id='par_1_50' title="bbox 2017 2193 3602 2253">
     <span class='ocr_line' id='line_1_50' title="bbox 2017 2193 3602 2253; baseline -0.004 -1"><span class='ocrx_word' id='word_1_328' title='bbox 2017 2216 2119 2253; x_wconf 87' lang='lat' dir='ltr'><strong>cur</strong></span> <span class='ocrx_word' id='word_1_329' title='bbox 2161 2199 2304 2252; x_wconf 90' lang='lat' dir='ltr'><strong>illius</strong></span> <span class='ocrx_word' id='word_1_330' title='bbox 2347 2199 2414 2252; x_wconf 86' lang='lat' dir='ltr'><strong>de</strong></span> <span class='ocrx_word' id='word_1_331' title='bbox 2466 2197 2569 2251; x_wconf 89' lang='lat' dir='ltr'><strong>hoc</strong></span> <span class='ocrx_word' id='word_1_332' title='bbox 2600 2198 2881 2252; x_wconf 86' lang='lat' dir='ltr'><strong>silentium</strong></span> <span class='ocrx_word' id='word_1_333' title='bbox 2925 2197 3124 2249; x_wconf 71' lang='lat' dir='ltr'><strong>mirum</strong></span> <span class='ocrx_word' id='word_1_334' title='bbox 3161 2195 3451 2247; x_wconf 84' lang='lat' dir='ltr'><strong>admodum</strong></span> <span class='ocrx_word' id='word_1_335' title='bbox 3485 2193 3602 2247; x_wconf 86' lang='lat' dir='ltr'><strong>cui-</strong></span> 
     </span>
    </p>
   </div>
   <div class='ocr_carea' id='block_1_51' title="bbox 2023 2282 3645 2362">
    <p class='ocr_par' dir='ltr' id='par_1_51' title="bbox 2023 2282 3645 2362">
     <span class='ocr_line' id='line_1_51' title="bbox 2023 2282 3645 2362; baseline -0.006 -17"><span class='ocrx_word' id='word_1_336' title='bbox 2023 2310 2188 2362; x_wconf 86' lang='lat' dir='ltr'><strong>quam</strong></span> <span class='ocrx_word' id='word_1_337' title='bbox 2224 2282 2465 2347; x_wconf 81' lang='lat' dir='ltr'><strong>accidat.</strong></span> <span class='ocrx_word' id='word_1_338' title='bbox 2504 2292 2572 2346; x_wconf 83' lang='lat' dir='ltr'><strong>At</strong></span> <span class='ocrx_word' id='word_1_339' title='bbox 2611 2307 2739 2344; x_wconf 89' lang='lat' dir='ltr'><strong>vero</strong></span> <span class='ocrx_word' id='word_1_340' title='bbox 2776 2291 2879 2343; x_wconf 87' lang='lat' dir='ltr'><strong>erit</strong></span> <span class='ocrx_word' id='word_1_341' title='bbox 2930 2289 3206 2350; x_wconf 81' lang='lat' dir='ltr'><strong>fortassis,</strong></span> <span class='ocrx_word' id='word_1_342' title='bbox 3242 2288 3337 2357; x_wconf 90' lang='lat' dir='ltr'><strong>qui</strong></span> <span class='ocrx_word' id='word_1_343' title='bbox 3373 2287 3597 2348; x_wconf 80' lang='lat' dir='ltr'><strong>saltem,</strong></span> <span class='ocrx_word' id='word_1_344' title='bbox 3644 2312 3645 2315; x_wconf 59' lang='grc' dir='ltr'><strong>η</strong></span> 
     </span>
    </p>
   </div>
   <div class='ocr_carea' id='block_1_52' title="bbox 2018 2367 3598 2442">
    <p class='ocr_par' dir='ltr' id='par_1_52' title="bbox 2018 2367 3598 2442">
     <span class='ocr_line' id='line_1_52' title="bbox 2018 2367 3598 2442; baseline -0.006 -5"><span class='ocrx_word' id='word_1_345' title='bbox 2018 2384 2159 2438; x_wconf 90' lang='lat' dir='ltr'><strong>idem</strong></span> <span class='ocrx_word' id='word_1_346' title='bbox 2193 2385 2517 2439; x_wconf 89' lang='lat' dir='ltr'><strong>miraculum</strong></span> <span class='ocrx_word' id='word_1_347' title='bbox 2557 2367 2777 2438; x_wconf 79' lang='lat' dir='ltr'><strong>silentio</strong></span> <span class='ocrx_word' id='word_1_348' title='bbox 2800 2383 2962 2436; x_wconf 89' lang='lat' dir='ltr'><strong>etiam</strong></span> <span class='ocrx_word' id='word_1_349' title='bbox 3000 2398 3027 2435; x_wconf 93' lang='lat' dir='ltr'><strong>a</strong></span> <span class='ocrx_word' id='word_1_350' title='bbox 3050 2380 3260 2435; x_wconf 67' lang='lat' dir='ltr'><strong>Joanne</strong></span> <span class='ocrx_word' id='word_1_351' title='bbox 3283 2379 3598 2442; x_wconf 78' lang='lat' dir='ltr'><strong>Stauraeio,</strong></span> 
     </span>
    </p>
   </div>
   <div class='ocr_carea' id='block_1_53' title="bbox 2018 2474 3600 2546">
    <p class='ocr_par' dir='ltr' id='par_1_53' title="bbox 2018 2474 3600 2546">
     <span class='ocr_line' id='line_1_53' title="bbox 2018 2474 3600 2546; baseline -0.003 -16"><span class='ocrx_word' id='word_1_352' title='bbox 2018 2486 2077 2530; x_wconf 86' lang='lat' dir='ltr'><strong>ut</strong></span> <span class='ocrx_word' id='word_1_353' title='bbox 2116 2478 2232 2529; x_wconf 82' lang='lat' dir='ltr'><strong>fieri</strong></span> <span class='ocrx_word' id='word_1_354' title='bbox 2269 2479 2320 2530; x_wconf 92' lang='lat' dir='ltr'><strong>in</strong></span> <span class='ocrx_word' id='word_1_355' title='bbox 2359 2477 2519 2546; x_wconf 59' lang='lat' dir='ltr'><strong>hujus</strong></span> <span class='ocrx_word' id='word_1_356' title='bbox 2555 2492 2723 2544; x_wconf 85' lang='lat' dir='ltr'><strong>penes</strong></span> <span class='ocrx_word' id='word_1_357' title='bbox 2775 2492 2873 2528; x_wconf 92' lang='lat' dir='ltr'><strong>nos</strong></span> <span class='ocrx_word' id='word_1_358' title='bbox 2917 2483 3172 2529; x_wconf 83' lang='lat' dir='ltr'><strong>exstante</strong></span> <span class='ocrx_word' id='word_1_359' title='bbox 3220 2474 3600 2527; x_wconf 75' lang='lat' dir='ltr'><strong>lucubratione</strong></span> 
     </span>
    </p>
   </div>
   <div class='ocr_carea' id='block_1_54' title="bbox 2017 2564 3597 2639">
    <p class='ocr_par' dir='ltr' id='par_1_54' title="bbox 2017 2564 3597 2639">
     <span class='ocr_line' id='line_1_54' title="bbox 2017 2564 3597 2639; baseline -0.004 -15"><span class='ocrx_word' id='word_1_360' title='bbox 2017 2570 2314 2639; x_wconf 80' lang='lat' dir='ltr'><strong>comperio,</strong></span> <span class='ocrx_word' id='word_1_361' title='bbox 2351 2570 2642 2638; x_wconf 71' lang='lat' dir='ltr'><strong>pra-teriri,</strong></span> <span class='ocrx_word' id='word_1_362' title='bbox 2674 2568 2985 2621; x_wconf 85' lang='lat' dir='ltr'><strong>mirandum</strong></span> <span class='ocrx_word' id='word_1_363' title='bbox 3022 2569 3191 2636; x_wconf 84' lang='lat' dir='ltr'><strong>magis</strong></span> <span class='ocrx_word' id='word_1_364' title='bbox 3219 2566 3514 2619; x_wconf 60' lang='lat' dir='ltr'><strong>existimet.</strong></span> <span class='ocrx_word' id='word_1_365' title='bbox 3539 2564 3597 2618; x_wconf 84' lang='lat' dir='ltr'><strong>ld</strong></span> 
     </span>
    </p>
   </div>
   <div class='ocr_carea' id='block_1_55' title="bbox 2017 2657 3598 2727">
    <p class='ocr_par' dir='ltr' id='par_1_55' title="bbox 2017 2657 3598 2727">
     <span class='ocr_line' id='line_1_55' title="bbox 2017 2657 3598 2727; baseline -0.004 -11"><span class='ocrx_word' id='word_1_366' title='bbox 2017 2676 2172 2724; x_wconf 84' lang='lat' dir='ltr'><strong>sane,</strong></span> <span class='ocrx_word' id='word_1_367' title='bbox 2224 2676 2349 2715; x_wconf 87' lang='lat' dir='ltr'><strong>eum</strong></span> <span class='ocrx_word' id='word_1_368' title='bbox 2408 2662 2495 2715; x_wconf 89' lang='lat' dir='ltr'><strong>hic</strong></span> <span class='ocrx_word' id='word_1_369' title='bbox 2551 2662 2810 2727; x_wconf 68' lang='grc' dir='ltr'><strong>δογίπιιον,</strong></span> <span class='ocrx_word' id='word_1_370' title='bbox 2863 2660 2979 2727; x_wconf 84' lang='lat' dir='ltr'><strong>qui,</strong></span> <span class='ocrx_word' id='word_1_371' title='bbox 3031 2657 3495 2726; x_wconf 79' lang='lat' dir='ltr'><strong>quemadmodum</strong></span> <span class='ocrx_word' id='word_1_372' title='bbox 3542 2658 3598 2710; x_wconf 81' lang='lat' dir='ltr'><strong>in</strong></span> 
     </span>
    </p>
   </div>
   <div class='ocr_carea' id='block_1_56' title="bbox 2018 2749 3599 2821">
    <p class='ocr_par' dir='ltr' id='par_1_56' title="bbox 2018 2749 3599 2821">
     <span class='ocr_line' id='line_1_56' title="bbox 2018 2749 3599 2821; baseline -0.004 -12"><span class='ocrx_word' id='word_1_373' title='bbox 2018 2753 2428 2809; x_wconf 86' lang='lat' dir='ltr'><strong>Commentario</strong></span> <span class='ocrx_word' id='word_1_374' title='bbox 2463 2754 2668 2821; x_wconf 69' lang='lat' dir='ltr'><strong>prmvio</strong></span> <span class='ocrx_word' id='word_1_375' title='bbox 2700 2768 2848 2805; x_wconf 90' lang='lat' dir='ltr'><strong>num.</strong></span> <span class='ocrx_word' id='word_1_376' title='bbox 2886 2751 2955 2805; x_wconf 76' lang='lat'><strong>26</strong></span> <span class='ocrx_word' id='word_1_377' title='bbox 2986 2751 3172 2814; x_wconf 81' lang='lat' dir='ltr'><strong>docui,</strong></span> <span class='ocrx_word' id='word_1_378' title='bbox 3209 2749 3406 2804; x_wconf 53' lang='lat' dir='ltr'><strong>saeculo</strong></span> <span class='ocrx_word' id='word_1_379' title='bbox 3434 2749 3599 2802; x_wconf 86' lang='lat' dir='ltr'><strong>tertio</strong></span> 
     </span>
    </p>
   </div>
   <div class='ocr_carea' id='block_1_57' title="bbox 2019 2845 3595 2917">
    <p class='ocr_par' dir='ltr' id='par_1_57' title="bbox 2019 2845 3595 2917">
     <span class='ocr_line' id='line_1_57' title="bbox 2019 2845 3595 2917; baseline -0.003 -17"><span class='ocrx_word' id='word_1_380' title='bbox 2019 2850 2231 2903; x_wconf 80' lang='lat' dir='ltr'><strong>decimo</strong></span> <span class='ocrx_word' id='word_1_381' title='bbox 2267 2847 2471 2910; x_wconf 77' lang='lat' dir='ltr'><strong>ﬂoruit,</strong></span> <span class='ocrx_word' id='word_1_382' title='bbox 2506 2855 2719 2917; x_wconf 87' lang='lat' dir='ltr'><strong>patrata</strong></span> <span class='ocrx_word' id='word_1_383' title='bbox 2756 2864 2782 2899; x_wconf 90' lang='lat' dir='ltr'><strong>a</strong></span> <span class='ocrx_word' id='word_1_384' title='bbox 2814 2855 3008 2901; x_wconf 87' lang='lat' dir='ltr'><strong>sancto</strong></span> <span class='ocrx_word' id='word_1_385' title='bbox 3042 2845 3322 2899; x_wconf 83' lang='lat' dir='ltr'><strong>Demetrio</strong></span> <span class='ocrx_word' id='word_1_386' title='bbox 3356 2847 3418 2897; x_wconf 86' lang='lat' dir='ltr'><strong>ad</strong></span> <span class='ocrx_word' id='word_1_387' title='bbox 3462 2845 3595 2897; x_wconf 89' lang='lat' dir='ltr'><strong>illud</strong></span> 
     </span>
    </p>
   </div>
   <div class='ocr_carea' id='block_1_58' title="bbox 2021 2937 3594 3005">
    <p class='ocr_par' dir='ltr' id='par_1_58' title="bbox 2021 2937 3594 3005">
     <span class='ocr_line' id='line_1_58' title="bbox 2021 2937 3594 3005; baseline -0.003 -12"><span class='ocrx_word' id='word_1_388' title='bbox 2021 2955 2193 3005; x_wconf 84' lang='lat' dir='ltr'><strong>usque</strong></span> <span class='ocrx_word' id='word_1_389' title='bbox 2233 2949 2449 3003; x_wconf 70' lang='lat' dir='ltr'><strong>tempus</strong></span> <span class='ocrx_word' id='word_1_390' title='bbox 2483 2937 2743 2991; x_wconf 79' lang='lat' dir='ltr'><strong>uit-arula</strong></span> <span class='ocrx_word' id='word_1_391' title='bbox 2786 2937 2992 3003; x_wconf 87' lang='lat' dir='ltr'><strong>omnia,</strong></span> <span class='ocrx_word' id='word_1_392' title='bbox 3040 2947 3133 2990; x_wconf 87' lang='lat' dir='ltr'><strong>aut</strong></span> <span class='ocrx_word' id='word_1_393' title='bbox 3169 2938 3360 2992; x_wconf 86' lang='lat' dir='ltr'><strong>saltem</strong></span> <span class='ocrx_word' id='word_1_394' title='bbox 3398 2937 3594 2990; x_wconf 85' lang='lat' dir='ltr'><strong>borum</strong></span> 
     </span>
    </p>
   </div>
   <div class='ocr_carea' id='block_1_59' title="bbox 2022 3031 3594 3102">
    <p class='ocr_par' dir='ltr' id='par_1_59' title="bbox 2022 3031 3594 3102">
     <span class='ocr_line' id='line_1_59' title="bbox 2022 3031 3594 3102; baseline -0.003 -17"><span class='ocrx_word' id='word_1_395' title='bbox 2022 3035 2288 3102; x_wconf 75' lang='lat' dir='ltr'><strong>przeeipua</strong></span> <span class='ocrx_word' id='word_1_396' title='bbox 2322 3033 2519 3086; x_wconf 83' lang='lat' dir='ltr'><strong>litteris</strong></span> <span class='ocrx_word' id='word_1_397' title='bbox 2552 3032 2938 3085; x_wconf 86' lang='lat' dir='ltr'><strong>commendare</strong></span> <span class='ocrx_word' id='word_1_398' title='bbox 2988 3031 3328 3100; x_wconf 75' lang='lat' dir='ltr'><strong>prepositum</strong></span> <span class='ocrx_word' id='word_1_399' title='bbox 3362 3031 3465 3085; x_wconf 87' lang='lat' dir='ltr'><strong>sibi</strong></span> <span class='ocrx_word' id='word_1_400' title='bbox 3505 3032 3594 3082; x_wconf 86' lang='lat' dir='ltr'><strong>ba-</strong></span> 
     </span>
    </p>
   </div>
   <div class='ocr_carea' id='block_1_60' title="bbox 2022 3120 3587 3194">
    <p class='ocr_par' dir='ltr' id='par_1_60' title="bbox 2022 3120 3587 3194">
     <span class='ocr_line' id='line_1_60' title="bbox 2022 3120 3587 3194; baseline -0.004 -14"><span class='ocrx_word' id='word_1_401' title='bbox 2022 3126 2220 3190; x_wconf 88' lang='lat' dir='ltr'><strong>bnerit,</strong></span> <span class='ocrx_word' id='word_1_402' title='bbox 2260 3133 2519 3194; x_wconf 56' lang='lat' dir='ltr'><strong>certeque</strong></span> <span class='ocrx_word' id='word_1_403' title='bbox 2549 3140 2609 3177; x_wconf 87' lang='lat' dir='ltr'><strong>ea</strong></span> <span class='ocrx_word' id='word_1_404' title='bbox 2639 3124 2808 3184; x_wconf 86' lang='lat' dir='ltr'><strong>inter,</strong></span> <span class='ocrx_word' id='word_1_405' title='bbox 2839 3124 3007 3192; x_wconf 75' lang='lat' dir='ltr'><strong>quod,</strong></span> <span class='ocrx_word' id='word_1_406' title='bbox 3042 3139 3207 3190; x_wconf 85' lang='lat' dir='ltr'><strong>supra</strong></span> <span class='ocrx_word' id='word_1_407' title='bbox 3263 3138 3291 3176; x_wconf 92' lang='lat' dir='ltr'><strong>e</strong></span> <span class='ocrx_word' id='word_1_408' title='bbox 3337 3120 3587 3176; x_wconf 67' lang='lat' dir='ltr'><strong>Ct&#39;dreuu</strong></span> 
     </span>
    </p>
   </div>
   <div class='ocr_carea' id='block_1_61' title="bbox 336 3214 3589 3289">
    <p class='ocr_par' dir='ltr' id='par_1_61' title="bbox 336 3214 3589 3289">
     <span class='ocr_line' id='line_1_61' title="bbox 336 3214 3589 3289; baseline -0.001 -23"><span class='ocrx_word' id='word_1_409' title='bbox 336 3228 551 3267; x_wconf 89' lang='lat' dir='ltr'><strong>summa</strong></span> <span class='ocrx_word' id='word_1_410' title='bbox 583 3214 849 3270; x_wconf 86' lang='lat' dir='ltr'><strong>industria</strong></span> <span class='ocrx_word' id='word_1_411' title='bbox 877 3227 1179 3286; x_wconf 82' lang='lat' dir='ltr'><strong>oppugnat.</strong></span> <span class='ocrx_word' id='word_1_412' title='bbox 1214 3217 1321 3272; x_wconf 86' lang='lat' dir='ltr'><strong>Sed</strong></span> <span class='ocrx_word' id='word_1_413' title='bbox 1351 3235 1471 3272; x_wconf 90' lang='lat' dir='ltr'><strong>cum</strong></span> <span class='ocrx_word' id='word_1_414' title='bbox 1522 3237 1615 3289; x_wconf 86' lang='lat' dir='ltr'><strong>per</strong></span> <span class='ocrx_word' id='word_1_415' title='bbox 1662 3237 1757 3274; x_wconf 82' lang='lat' dir='ltr'><strong>sex</strong></span> <span class='ocrx_word' id='word_1_416' title='bbox 1799 3222 1915 3277; x_wconf 88' lang='lat' dir='ltr'><strong>dies</strong></span> <span class='ocrx_word' id='word_1_417' title='bbox 1943 3233 1984 3288; x_wconf 71' lang='grc' dir='ltr'>ε</span> <span class='ocrx_word' id='word_1_418' title='bbox 2020 3218 2271 3274; x_wconf 87' lang='lat' dir='ltr'><strong>relatum.</strong></span> <span class='ocrx_word' id='word_1_419' title='bbox 2311 3232 2454 3270; x_wconf 89' lang='lat' dir='ltr'><strong>anno</strong></span> <span class='ocrx_word' id='word_1_420' title='bbox 2485 3231 2549 3269; x_wconf 73' lang='lat' dir='ltr'><strong>ex</strong></span> <span class='ocrx_word' id='word_1_421' title='bbox 2581 3215 2745 3270; x_wconf 87' lang='lat' dir='ltr'><strong>dictis</strong></span> <span class='ocrx_word' id='word_1_422' title='bbox 2782 3216 2913 3270; x_wconf 70' lang='lat' dir='ltr'><strong>10H</strong></span> <span class='ocrx_word' id='word_1_423' title='bbox 2946 3216 3234 3279; x_wconf 85' lang='lat' dir='ltr'><strong>acciderit,</strong></span> <span class='ocrx_word' id='word_1_424' title='bbox 3271 3215 3589 3268; x_wconf 83' lang='lat' dir='ltr'><strong>miraculum</strong></span> 
     </span>
    </p>
   </div>
   <div class='ocr_carea' id='block_1_62' title="bbox 336 3304 1912 3383">
    <p class='ocr_par' dir='ltr' id='par_1_62' title="bbox 336 3304 1912 3383">
     <span class='ocr_line' id='line_1_62' title="bbox 336 3304 1912 3383; baseline 0.008 -27"><span class='ocrx_word' id='word_1_425' title='bbox 336 3304 537 3360; x_wconf 83' lang='lat' dir='ltr'><strong>frustra</strong></span> <span class='ocrx_word' id='word_1_426' title='bbox 575 3318 974 3376; x_wconf 62' lang='lat' dir='ltr'><strong>oppugnasset,</strong></span> <span class='ocrx_word' id='word_1_427' title='bbox 1005 3310 1242 3379; x_wconf 77' lang='lat' dir='ltr'><strong>undique</strong></span> <span class='ocrx_word' id='word_1_428' title='bbox 1275 3311 1561 3378; x_wconf 88' lang='lat' dir='ltr'><strong>repulsus,</strong></span> <span class='ocrx_word' id='word_1_429' title='bbox 1597 3327 1690 3381; x_wconf 63' lang='lat' dir='ltr'><strong>spe</strong></span> <span class='ocrx_word' id='word_1_430' title='bbox 1738 3329 1912 3383; x_wconf 75' lang='lat' dir='ltr'><strong>expu-</strong></span> 
     </span>
    </p>
   </div>
   <div class='ocr_carea' id='block_1_63' title="bbox 336 3398 1876 3473">
    <p class='ocr_par' dir='ltr' id='par_1_63' title="bbox 336 3398 1876 3473">
     <span class='ocr_line' id='line_1_63' title="bbox 336 3398 1876 3473; baseline 0.008 -24"><span class='ocrx_word' id='word_1_431' title='bbox 336 3398 563 3466; x_wconf 74' lang='lat' dir='ltr'><strong>gnandze</strong></span> <span class='ocrx_word' id='word_1_432' title='bbox 598 3398 827 3467; x_wconf 86' lang='lat' dir='ltr'><strong>abjecta,</strong></span> <span class='ocrx_word' id='word_1_433' title='bbox 863 3402 1152 3456; x_wconf 81' lang='lat' dir='ltr'><strong>obsidione</strong></span> <span class='ocrx_word' id='word_1_434' title='bbox 1177 3419 1295 3456; x_wconf 86' lang='lat' dir='ltr'><strong>eam</strong></span> <span class='ocrx_word' id='word_1_435' title='bbox 1327 3418 1522 3472; x_wconf 88' lang='lat' dir='ltr'><strong>capere</strong></span> <span class='ocrx_word' id='word_1_436' title='bbox 1555 3406 1764 3460; x_wconf 86' lang='lat' dir='ltr'><strong>statuit.</strong></span> <span class='ocrx_word' id='word_1_437' title='bbox 1872 3469 1876 3473; x_wconf 16' lang='grc' dir='ltr'>φ</span> 
     </span>
    </p>
   </div>
   <div class='ocr_carea' id='block_1_64' title="bbox 405 3489 1911 3566">
    <p class='ocr_par' dir='ltr' id='par_1_64' title="bbox 405 3489 1911 3566">
     <span class='ocr_line' id='line_1_64' title="bbox 405 3489 1911 3566; baseline 0.005 -24"><span class='ocrx_word' id='word_1_438' title='bbox 405 3490 467 3542; x_wconf 71' lang='grc' dir='ltr'><strong>5.σ</strong></span> <span class='ocrx_word' id='word_1_439' title='bbox 489 3509 507 3540; x_wconf 77' lang='grc' dir='ltr'><strong><em>ι</em></strong></span> <span class='ocrx_word' id='word_1_440' title='bbox 540 3489 806 3558; x_wconf 84' lang='lat' dir='ltr'><strong>Oppidani</strong></span> <span class='ocrx_word' id='word_1_441' title='bbox 839 3494 1072 3562; x_wconf 85' lang='lat' dir='ltr'><strong>quadam</strong></span> <span class='ocrx_word' id='word_1_442' title='bbox 1100 3493 1189 3548; x_wconf 85' lang='lat' dir='ltr'><strong>die</strong></span> <span class='ocrx_word' id='word_1_443' title='bbox 1213 3495 1278 3547; x_wconf 78' lang='lat' dir='ltr'><strong>ad</strong></span> <span class='ocrx_word' id='word_1_444' title='bbox 1313 3496 1626 3563; x_wconf 71' lang='lat' dir='ltr'><strong>Sepulcrum</strong></span> <span class='ocrx_word' id='word_1_445' title='bbox 1655 3495 1911 3566; x_wconf 71' lang='lat' dir='ltr'><strong>martyris</strong></span> 
     </span>
    </p>
   </div>
   <div class='ocr_carea' id='block_1_65' title="bbox 338 3579 1907 3656">
    <p class='ocr_par' dir='ltr' id='par_1_65' title="bbox 338 3579 1907 3656">
     <span class='ocr_line' id='line_1_65' title="bbox 338 3579 1907 3656; baseline 0.005 -23"><span class='ocrx_word' id='word_1_446' title='bbox 338 3579 592 3635; x_wconf 87' lang='lat' dir='ltr'><strong>Demetrii</strong></span> <span class='ocrx_word' id='word_1_447' title='bbox 642 3595 1028 3649; x_wconf 78' lang='lat' dir='ltr'><strong>accesserunt,</strong></span> <span class='ocrx_word' id='word_1_448' title='bbox 1067 3586 1579 3656; x_wconf 83' lang='lat' dir='ltr'><strong>supplicationeque</strong></span> <span class='ocrx_word' id='word_1_449' title='bbox 1616 3605 1709 3653; x_wconf 86' lang='lat' dir='ltr'><strong>per</strong></span> <span class='ocrx_word' id='word_1_450' title='bbox 1743 3599 1907 3643; x_wconf 73' lang='lat' dir='ltr'><strong>tntazu</strong></span> 
     </span>
    </p>
   </div>
   <div class='ocr_carea' id='block_1_66' title="bbox 335 3675 1907 3748">
    <p class='ocr_par' dir='ltr' id='par_1_66' title="bbox 335 3675 1907 3748">
     <span class='ocr_line' id='line_1_66' title="bbox 335 3675 1907 3748; baseline 0.006 -24"><span class='ocrx_word' id='word_1_451' title='bbox 335 3680 548 3726; x_wconf 87' lang='lat' dir='ltr'><strong>noctem</strong></span> <span class='ocrx_word' id='word_1_452' title='bbox 580 3683 751 3729; x_wconf 89' lang='lat' dir='ltr'><strong>tracta</strong></span> <span class='ocrx_word' id='word_1_453' title='bbox 780 3675 974 3744; x_wconf 85' lang='lat' dir='ltr'><strong>usique</strong></span> <span class='ocrx_word' id='word_1_454' title='bbox 998 3688 1295 3743; x_wconf 77' lang='lat' dir='ltr'><strong>unguento,</strong></span> <span class='ocrx_word' id='word_1_455' title='bbox 1324 3679 1468 3747; x_wconf 90' lang='lat' dir='ltr'><strong>quod</strong></span> <span class='ocrx_word' id='word_1_456' title='bbox 1487 3695 1550 3732; x_wconf 79' lang='lat' dir='ltr'><strong>ex</strong></span> <span class='ocrx_word' id='word_1_457' title='bbox 1569 3694 1632 3732; x_wconf 86' lang='lat' dir='ltr'><strong>eo</strong></span> <span class='ocrx_word' id='word_1_458' title='bbox 1656 3681 1907 3748; x_wconf 84' lang='lat' dir='ltr'><strong>sepulcro</strong></span> 
     </span>
    </p>
   </div>
   <div class='ocr_carea' id='block_1_67' title="bbox 337 3765 1908 3836">
    <p class='ocr_par' dir='ltr' id='par_1_67' title="bbox 337 3765 1908 3836">
     <span class='ocr_line' id='line_1_67' title="bbox 337 3765 1908 3836; baseline 0.004 -19"><span class='ocrx_word' id='word_1_459' title='bbox 337 3765 583 3828; x_wconf 88' lang='lat' dir='ltr'><strong>scaturit,</strong></span> <span class='ocrx_word' id='word_1_460' title='bbox 614 3781 722 3818; x_wconf 91' lang='lat' dir='ltr'><strong>uno</strong></span> <span class='ocrx_word' id='word_1_461' title='bbox 757 3765 961 3834; x_wconf 85' lang='lat' dir='ltr'><strong>impetu</strong></span> <span class='ocrx_word' id='word_1_462' title='bbox 997 3769 1202 3835; x_wconf 88' lang='lat' dir='ltr'><strong>apertis</strong></span> <span class='ocrx_word' id='word_1_463' title='bbox 1232 3771 1402 3836; x_wconf 87' lang='lat' dir='ltr'><strong>portis</strong></span> <span class='ocrx_word' id='word_1_464' title='bbox 1451 3767 1506 3822; x_wconf 92' lang='lat' dir='ltr'><strong>in</strong></span> <span class='ocrx_word' id='word_1_465' title='bbox 1545 3768 1810 3835; x_wconf 74' lang='lat' dir='ltr'><strong>Bulgaros</strong></span> <span class='ocrx_word' id='word_1_466' title='bbox 1847 3786 1908 3823; x_wconf 87' lang='lat' dir='ltr'><strong>se</strong></span> 
     </span>
    </p>
   </div>
   <div class='ocr_carea' id='block_1_68' title="bbox 336 3857 1911 3930">
    <p class='ocr_par' dir='ltr' id='par_1_68' title="bbox 336 3857 1911 3930">
     <span class='ocr_line' id='line_1_68' title="bbox 336 3857 1911 3930; baseline 0.003 -22"><span class='ocrx_word' id='word_1_467' title='bbox 336 3858 668 3920; x_wconf 84' lang='lat' dir='ltr'><strong>emiserunt,</strong></span> <span class='ocrx_word' id='word_1_468' title='bbox 700 3857 961 3913; x_wconf 88' lang='lat' dir='ltr'><strong>habentes</strong></span> <span class='ocrx_word' id='word_1_469' title='bbox 994 3875 1180 3914; x_wconf 88' lang='lat' dir='ltr'><strong>secum</strong></span> <span class='ocrx_word' id='word_1_470' title='bbox 1223 3861 1494 3930; x_wconf 80' lang='lat' dir='ltr'><strong>legionem</strong></span> <span class='ocrx_word' id='word_1_471' title='bbox 1532 3859 1911 3929; x_wconf 82' lang='lat' dir='ltr'><strong>Magnanimo-</strong></span> 
     </span>
    </p>
   </div>
   <div class='ocr_carea' id='block_1_69' title="bbox 338 3948 1905 4021">
    <p class='ocr_par' dir='ltr' id='par_1_69' title="bbox 338 3948 1905 4021">
     <span class='ocr_line' id='line_1_69' title="bbox 338 3948 1905 4021; baseline 0.003 -21"><span class='ocrx_word' id='word_1_472' title='bbox 338 3963 478 4009; x_wconf 85' lang='lat' dir='ltr'><strong>rum,</strong></span> <span class='ocrx_word' id='word_1_473' title='bbox 507 3948 821 4019; x_wconf 86' lang='lat' dir='ltr'><strong>hostemque</strong></span> <span class='ocrx_word' id='word_1_474' title='bbox 846 3951 1137 4021; x_wconf 72' lang='lat' dir='ltr'><strong>improvisa</strong></span> <span class='ocrx_word' id='word_1_475' title='bbox 1171 3953 1530 4021; x_wconf 82' lang='lat' dir='ltr'><strong>impressione</strong></span> <span class='ocrx_word' id='word_1_476' title='bbox 1558 3954 1905 4021; x_wconf 85' lang='lat' dir='ltr'><strong>perterritum</strong></span> 
     </span>
    </p>
   </div>
   <div class='ocr_carea' id='block_1_70' title="bbox 267 4040 1915 4112">
    <p class='ocr_par' dir='ltr' id='par_1_70' title="bbox 267 4040 1915 4112">
     <span class='ocr_line' id='line_1_70' title="bbox 267 4040 1915 4112; baseline 0.004 -20"><span class='ocrx_word' id='word_1_477' title='bbox 267 4054 271 4058; x_wconf 68' lang='lat'><strong><em>‘</em></strong></span> <span class='ocrx_word' id='word_1_478' title='bbox 338 4040 390 4093; x_wconf 90' lang='lat' dir='ltr'><strong>iu</strong></span> <span class='ocrx_word' id='word_1_479' title='bbox 448 4040 629 4108; x_wconf 81' lang='lat' dir='ltr'><strong>fugam</strong></span> <span class='ocrx_word' id='word_1_480' title='bbox 685 4045 1081 4112; x_wconf 64' lang='lat' dir='ltr'><strong>coniecerunt,</strong></span> <span class='ocrx_word' id='word_1_481' title='bbox 1118 4048 1336 4098; x_wconf 89' lang='lat' dir='ltr'><strong>nemine</strong></span> <span class='ocrx_word' id='word_1_482' title='bbox 1372 4045 1676 4098; x_wconf 90' lang='lat' dir='ltr'><strong>subsistere</strong></span> <span class='ocrx_word' id='word_1_483' title='bbox 1721 4054 1814 4098; x_wconf 89' lang='lat' dir='ltr'><strong>aut</strong></span> <span class='ocrx_word' id='word_1_484' title='bbox 1854 4060 1915 4099; x_wconf 87' lang='lat' dir='ltr'><strong>se</strong></span> 
     </span>
    </p>
   </div>
   <div class='ocr_carea' id='block_1_71' title="bbox 336 4130 1913 4206">
    <p class='ocr_par' dir='ltr' id='par_1_71' title="bbox 336 4130 1913 4206">
     <span class='ocr_line' id='line_1_71' title="bbox 336 4130 1913 4206; baseline 0.004 -22"><span class='ocrx_word' id='word_1_485' title='bbox 336 4130 627 4187; x_wconf 57' lang='lat' dir='ltr'><strong>defendere</strong></span> <span class='ocrx_word' id='word_1_486' title='bbox 667 4148 818 4188; x_wconf 88' lang='lat' dir='ltr'><strong>auso.</strong></span> <span class='ocrx_word' id='word_1_487' title='bbox 859 4134 1058 4190; x_wconf 77' lang='lat' dir='ltr'><strong>Ductor</strong></span> <span class='ocrx_word' id='word_1_488' title='bbox 1097 4135 1355 4191; x_wconf 75' lang='lat' dir='ltr'><strong>Romana:</strong></span> <span class='ocrx_word' id='word_1_489' title='bbox 1389 4136 1525 4190; x_wconf 81' lang='lat' dir='ltr'><strong>aciei</strong></span> <span class='ocrx_word' id='word_1_490' title='bbox 1570 4138 1670 4190; x_wconf 87' lang='lat' dir='ltr'><strong>fttit</strong></span> <span class='ocrx_word' id='word_1_491' title='bbox 1707 4146 1913 4206; x_wconf 72' lang='lat' dir='ltr'><strong>martyr</strong></span> 
     </span>
    </p>
   </div>
   <div class='ocr_carea' id='block_1_72' title="bbox 338 4223 1907 4300">
    <p class='ocr_par' dir='ltr' id='par_1_72' title="bbox 338 4223 1907 4300">
     <span class='ocr_line' id='line_1_72' title="bbox 338 4223 1907 4300; baseline 0.006 -26"><span class='ocrx_word' id='word_1_492' title='bbox 338 4223 547 4293; x_wconf 73' lang='lat' dir='ltr'><strong>iterque</strong></span> <span class='ocrx_word' id='word_1_493' title='bbox 591 4226 993 4294; x_wconf 84' lang='lat' dir='ltr'><strong>emnplanavit;</strong></span> <span class='ocrx_word' id='word_1_494' title='bbox 1049 4229 1193 4298; x_wconf 86' lang='lat' dir='ltr'><strong>quod</strong></span> <span class='ocrx_word' id='word_1_495' title='bbox 1243 4230 1461 4298; x_wconf 84' lang='lat' dir='ltr'><strong>Bulgari</strong></span> <span class='ocrx_word' id='word_1_496' title='bbox 1508 4230 1710 4300; x_wconf 88' lang='lat' dir='ltr'><strong>captivi</strong></span> <span class='ocrx_word' id='word_1_497' title='bbox 1750 4231 1907 4300; x_wconf 85' lang='lat' dir='ltr'><strong>jura-</strong></span> 
     </span>
    </p>
   </div>
   <div class='ocr_carea' id='block_1_73' title="bbox 339 4316 1902 4391">
    <p class='ocr_par' dir='ltr' id='par_1_73' title="bbox 339 4316 1902 4391">
     <span class='ocr_line' id='line_1_73' title="bbox 339 4316 1902 4391; baseline 0.007 -25"><span class='ocrx_word' id='word_1_498' title='bbox 339 4326 523 4367; x_wconf 88' lang='lat' dir='ltr'><strong>tnento</strong></span> <span class='ocrx_word' id='word_1_499' title='bbox 560 4316 978 4383; x_wconf 82' lang='lat' dir='ltr'><strong>confirmarunt,</strong></span> <span class='ocrx_word' id='word_1_500' title='bbox 1009 4319 1281 4384; x_wconf 87' lang='lat' dir='ltr'><strong>dicentes,</strong></span> <span class='ocrx_word' id='word_1_501' title='bbox 1319 4321 1527 4376; x_wconf 84' lang='lat' dir='ltr'><strong>vidisse</strong></span> <span class='ocrx_word' id='word_1_502' title='bbox 1561 4337 1619 4376; x_wconf 88' lang='lat' dir='ltr'><strong>se</strong></span> <span class='ocrx_word' id='word_1_503' title='bbox 1644 4323 1902 4391; x_wconf 82' lang='lat' dir='ltr'><strong>juvenem</strong></span> 
     </span>
    </p>
   </div>
   <div class='ocr_carea' id='block_1_74' title="bbox 337 4404 1912 4484">
    <p class='ocr_par' dir='ltr' id='par_1_74' title="bbox 337 4404 1912 4484">
     <span class='ocr_line' id='line_1_74' title="bbox 337 4404 1912 4484; baseline 0.006 -25"><span class='ocrx_word' id='word_1_504' title='bbox 337 4404 597 4474; x_wconf 87' lang='lat' dir='ltr'><strong>equitem,</strong></span> <span class='ocrx_word' id='word_1_505' title='bbox 632 4408 726 4473; x_wconf 88' lang='lat' dir='ltr'><strong>qui</strong></span> <span class='ocrx_word' id='word_1_506' title='bbox 767 4409 1019 4464; x_wconf 68' lang='lat' dir='ltr'><strong>Romana:</strong></span> <span class='ocrx_word' id='word_1_507' title='bbox 1075 4411 1327 4481; x_wconf 78' lang='lat' dir='ltr'><strong>phalangi</strong></span> <span class='ocrx_word' id='word_1_508' title='bbox 1379 4415 1629 4481; x_wconf 71' lang='lat' dir='ltr'><strong>praeiret;</strong></span> <span class='ocrx_word' id='word_1_509' title='bbox 1678 4430 1744 4469; x_wconf 85' lang='lat' dir='ltr'><strong>ex</strong></span> <span class='ocrx_word' id='word_1_510' title='bbox 1805 4432 1912 4484; x_wconf 87' lang='lat' dir='ltr'><strong>quo</strong></span> 
     </span>
    </p>
   </div>
   <div class='ocr_carea' id='block_1_75' title="bbox 339 4498 1913 4566">
    <p class='ocr_par' dir='ltr' id='par_1_75' title="bbox 339 4498 1913 4566">
     <span class='ocr_line' id='line_1_75' title="bbox 339 4498 1913 4566; baseline 0.006 -15"><span class='ocrx_word' id='word_1_511' title='bbox 339 4498 483 4566; x_wconf 82' lang='lat' dir='ltr'><strong>ignis</strong></span> <span class='ocrx_word' id='word_1_512' title='bbox 512 4500 774 4553; x_wconf 83' lang='lat' dir='ltr'><strong>exsiliens</strong></span> <span class='ocrx_word' id='word_1_513' title='bbox 805 4502 1071 4557; x_wconf 86' lang='lat' dir='ltr'><strong>adversos</strong></span> <span class='ocrx_word' id='word_1_514' title='bbox 1108 4514 1382 4559; x_wconf 87' lang='lat' dir='ltr'><strong>cremaret</strong></span> <span class='ocrx_word' id='word_1_515' title='bbox 1418 4504 1623 4560; x_wconf 84' lang='lat' dir='ltr'><strong>hostes.</strong></span> <span class='ocrx_word' id='word_1_516' title='bbox 1652 4505 1913 4561; x_wconf 85' lang='lat' dir='ltr'><strong>Cecidere</strong></span> 
     </span>
    </p>
   </div>
   <div class='ocr_carea' id='block_1_76' title="bbox 2016 3305 3597 3373">
    <p class='ocr_par' dir='ltr' id='par_1_76' title="bbox 2016 3305 3597 3373">
     <span class='ocr_line' id='line_1_76' title="bbox 2016 3305 3597 3373; baseline -0.006 -11"><span class='ocrx_word' id='word_1_517' title='bbox 2016 3308 2157 3362; x_wconf 88' lang='lat' dir='ltr'><strong>haud</strong></span> <span class='ocrx_word' id='word_1_518' title='bbox 2193 3309 2436 3361; x_wconf 86' lang='lat' dir='ltr'><strong>intimum</strong></span> <span class='ocrx_word' id='word_1_519' title='bbox 2467 3307 2647 3359; x_wconf 81' lang='lat' dir='ltr'><strong>locum</strong></span> <span class='ocrx_word' id='word_1_520' title='bbox 2680 3307 2947 3369; x_wconf 85' lang='lat' dir='ltr'><strong>obtineat,</strong></span> <span class='ocrx_word' id='word_1_521' title='bbox 2983 3305 3113 3358; x_wconf 88' lang='lat' dir='ltr'><strong>mihi</strong></span> <span class='ocrx_word' id='word_1_522' title='bbox 3146 3305 3387 3373; x_wconf 89' lang='lat' dir='ltr'><strong>ipsimet,</strong></span> <span class='ocrx_word' id='word_1_523' title='bbox 3412 3313 3470 3357; x_wconf 87' lang='lat' dir='ltr'><strong>ut</strong></span> <span class='ocrx_word' id='word_1_524' title='bbox 3497 3318 3597 3353; x_wconf 73' lang='lat' dir='ltr'><strong>ve—</strong></span> 
     </span>
    </p>
   </div>
   <div class='ocr_carea' id='block_1_77' title="bbox 2012 3393 3592 3462">
    <p class='ocr_par' dir='ltr' id='par_1_77' title="bbox 2012 3393 3592 3462">
     <span class='ocr_line' id='line_1_77' title="bbox 2012 3393 3592 3462; baseline -0.005 -8"><span class='ocrx_word' id='word_1_525' title='bbox 2012 3416 2133 3454; x_wconf 90' lang='lat' dir='ltr'><strong>rum</strong></span> <span class='ocrx_word' id='word_1_526' title='bbox 2161 3398 2351 3461; x_wconf 76' lang='lat' dir='ltr'><strong>fatear,</strong></span> <span class='ocrx_word' id='word_1_527' title='bbox 2379 3399 2577 3451; x_wconf 88' lang='lat' dir='ltr'><strong>mirum</strong></span> <span class='ocrx_word' id='word_1_528' title='bbox 2615 3395 2912 3450; x_wconf 88' lang='lat' dir='ltr'><strong>admodum</strong></span> <span class='ocrx_word' id='word_1_529' title='bbox 2936 3399 3183 3452; x_wconf 86' lang='lat' dir='ltr'><strong>obvenit.</strong></span> <span class='ocrx_word' id='word_1_530' title='bbox 3207 3394 3433 3459; x_wconf 80' lang='lat' dir='ltr'><strong>Verum,</strong></span> <span class='ocrx_word' id='word_1_531' title='bbox 3462 3393 3592 3462; x_wconf 91' lang='lat' dir='ltr'><strong>quid</strong></span> 
     </span>
    </p>
   </div>
   <div class='ocr_carea' id='block_1_78' title="bbox 2011 3490 3585 3561">
    <p class='ocr_par' dir='ltr' id='par_1_78' title="bbox 2011 3490 3585 3561">
     <span class='ocr_line' id='line_1_78' title="bbox 2011 3490 3585 3561; baseline -0.003 -15"><span class='ocrx_word' id='word_1_532' title='bbox 2011 3493 2056 3546; x_wconf 91' lang='lat' dir='ltr'><strong>si</strong></span> <span class='ocrx_word' id='word_1_533' title='bbox 2094 3493 2346 3561; x_wconf 73' lang='lat' dir='ltr'><strong>quidem,</strong></span> <span class='ocrx_word' id='word_1_534' title='bbox 2385 3490 2464 3552; x_wconf 83' lang='lat' dir='ltr'><strong>de</strong></span> <span class='ocrx_word' id='word_1_535' title='bbox 2505 3506 2615 3557; x_wconf 84' lang='lat' dir='ltr'><strong>quo</strong></span> <span class='ocrx_word' id='word_1_536' title='bbox 2652 3490 2741 3541; x_wconf 91' lang='lat' dir='ltr'><strong>hic</strong></span> <span class='ocrx_word' id='word_1_537' title='bbox 2778 3490 3130 3552; x_wconf 84' lang='lat' dir='ltr'><strong>disserimus,</strong></span> <span class='ocrx_word' id='word_1_538' title='bbox 3186 3490 3512 3542; x_wconf 88' lang='lat' dir='ltr'><strong>miraculum</strong></span> <span class='ocrx_word' id='word_1_539' title='bbox 3554 3503 3585 3541; x_wconf 68' lang='grc' dir='ltr'><strong>ει</strong></span> 
     </span>
    </p>
   </div>
   <div class='ocr_carea' id='block_1_79' title="bbox 2014 3580 3595 3638">
    <p class='ocr_par' dir='ltr' id='par_1_79' title="bbox 2014 3580 3595 3638">
     <span class='ocr_line' id='line_1_79' title="bbox 2014 3580 3595 3638; baseline -0.003 -2"><span class='ocrx_word' id='word_1_540' title='bbox 2014 3583 2219 3636; x_wconf 82' lang='lat' dir='ltr'><strong>Joanne</strong></span> <span class='ocrx_word' id='word_1_541' title='bbox 2266 3581 2556 3638; x_wconf 87' lang='lat' dir='ltr'><strong>Stauracio</strong></span> <span class='ocrx_word' id='word_1_542' title='bbox 2602 3584 2802 3638; x_wconf 81' lang='lat' dir='ltr'><strong>litteris</strong></span> <span class='ocrx_word' id='word_1_543' title='bbox 2840 3583 3004 3636; x_wconf 89' lang='lat' dir='ltr'><strong>fuerit</strong></span> <span class='ocrx_word' id='word_1_544' title='bbox 3054 3580 3497 3635; x_wconf 80' lang='lat' dir='ltr'><strong>commendatum</strong></span> <span class='ocrx_word' id='word_1_545' title='bbox 3544 3590 3595 3632; x_wconf 85' lang='lat' dir='ltr'><strong>et</strong></span> 
     </span>
    </p>
   </div>
   <div class='ocr_carea' id='block_1_80' title="bbox 2017 3671 3595 3738">
    <p class='ocr_par' dir='ltr' id='par_1_80' title="bbox 2017 3671 3595 3738">
     <span class='ocr_line' id='line_1_80' title="bbox 2017 3671 3595 3738; baseline -0.003 -12"><span class='ocrx_word' id='word_1_546' title='bbox 2017 3683 2192 3726; x_wconf 86' lang='lat' dir='ltr'><strong>tamen</strong></span> <span class='ocrx_word' id='word_1_547' title='bbox 2227 3673 2279 3726; x_wconf 92' lang='lat' dir='ltr'><strong>in</strong></span> <span class='ocrx_word' id='word_1_548' title='bbox 2314 3672 2508 3727; x_wconf 86' lang='lat' dir='ltr'><strong>Leonis</strong></span> <span class='ocrx_word' id='word_1_549' title='bbox 2543 3673 2724 3726; x_wconf 84' lang='lat' dir='ltr'><strong>Allatii</strong></span> <span class='ocrx_word' id='word_1_550' title='bbox 2759 3677 2886 3731; x_wconf 71' lang='grc' dir='ltr'><strong>ηις..</strong></span> <span class='ocrx_word' id='word_1_551' title='bbox 2919 3672 3065 3738; x_wconf 88' lang='lat' dir='ltr'><strong>quod</strong></span> <span class='ocrx_word' id='word_1_552' title='bbox 3119 3671 3410 3725; x_wconf 86' lang='lat' dir='ltr'><strong>nobiscum</strong></span> <span class='ocrx_word' id='word_1_553' title='bbox 3442 3686 3595 3723; x_wconf 87' lang='lat' dir='ltr'><strong>enm-</strong></span> 
     </span>
    </p>
   </div>
   <div class='ocr_carea' id='block_1_81' title="bbox 2020 3760 3594 3831">
    <p class='ocr_par' dir='ltr' id='par_1_81' title="bbox 2020 3760 3594 3831">
     <span class='ocr_line' id='line_1_81' title="bbox 2020 3760 3594 3831; baseline 0 -16"><span class='ocrx_word' id='word_1_554' title='bbox 2020 3765 2352 3816; x_wconf 82' lang='lat' dir='ltr'><strong>muuicatum</strong></span> <span class='ocrx_word' id='word_1_555' title='bbox 2391 3763 2445 3814; x_wconf 90' lang='lat' dir='ltr'><strong>iu</strong></span> <span class='ocrx_word' id='word_1_556' title='bbox 2474 3764 2665 3816; x_wconf 87' lang='lat' dir='ltr'><strong>codice</strong></span> <span class='ocrx_word' id='word_1_557' title='bbox 2699 3771 2893 3815; x_wconf 84' lang='lat' dir='ltr'><strong>nostro</strong></span> <span class='ocrx_word' id='word_1_558' title='bbox 2922 3760 3075 3831; x_wconf 56' lang='lat' dir='ltr'><strong>fms.</strong></span> <span class='ocrx_word' id='word_1_559' title='bbox 3120 3762 3223 3816; x_wconf 77' lang='grc'><strong>105</strong></span> <span class='ocrx_word' id='word_1_560' title='bbox 3268 3770 3470 3826; x_wconf 74' lang='lat' dir='ltr'><strong>exstat,</strong></span> <span class='ocrx_word' id='word_1_561' title='bbox 3524 3763 3594 3815; x_wconf 84' lang='lat' dir='ltr'><strong>ab</strong></span> 
     </span>
    </p>
   </div>
   <div class='ocr_carea' id='block_1_82' title="bbox 2017 3854 2894 3908">
    <p class='ocr_par' dir='ltr' id='par_1_82' title="bbox 2017 3854 2894 3908">
     <span class='ocr_line' id='line_1_82' title="bbox 2017 3854 2894 3908; baseline -0.002 0"><span class='ocrx_word' id='word_1_562' title='bbox 2017 3854 2449 3908; x_wconf 89' lang='lat' dir='ltr'><strong>amanuensibus</strong></span> <span class='ocrx_word' id='word_1_563' title='bbox 2474 3855 2543 3908; x_wconf 90' lang='lat' dir='ltr'><strong>sit</strong></span> <span class='ocrx_word' id='word_1_564' title='bbox 2578 3856 2844 3907; x_wconf 89' lang='lat' dir='ltr'><strong>omissum</strong></span> <span class='ocrx_word' id='word_1_565' title='bbox 2872 3854 2894 3907; x_wconf 90' lang='lat'><strong>?</strong></span> 
     </span>
    </p>
   </div>
   <div class='ocr_carea' id='block_1_83' title="bbox 2088 3943 3594 4015">
    <p class='ocr_par' dir='ltr' id='par_1_83' title="bbox 2088 3943 3594 4015">
     <span class='ocr_line' id='line_1_83' title="bbox 2088 3943 3594 4015; baseline 0 -17"><span class='ocrx_word' id='word_1_566' title='bbox 2088 3946 2138 3998; x_wconf 87' lang='lat'><strong>7.</strong></span> <span class='ocrx_word' id='word_1_567' title='bbox 2175 3946 2314 4010; x_wconf 81' lang='lat' dir='ltr'><strong>Quid</strong></span> <span class='ocrx_word' id='word_1_568' title='bbox 2372 3946 2415 3999; x_wconf 90' lang='lat' dir='ltr'><strong>si</strong></span> <span class='ocrx_word' id='word_1_569' title='bbox 2464 3946 2629 3997; x_wconf 79' lang='lat' dir='ltr'><strong>etiam</strong></span> <span class='ocrx_word' id='word_1_570' title='bbox 2684 3943 3004 4000; x_wconf 88' lang='lat' dir='ltr'><strong>Stauracius</strong></span> <span class='ocrx_word' id='word_1_571' title='bbox 3044 3961 3106 4000; x_wconf 87' lang='lat' dir='ltr'><strong>ea</strong></span> <span class='ocrx_word' id='word_1_572' title='bbox 3143 3947 3437 4003; x_wconf 75' lang='lat' dir='ltr'><strong>duntaxat.</strong></span> <span class='ocrx_word' id='word_1_573' title='bbox 3472 3962 3594 4015; x_wconf 76' lang='lat' dir='ltr'><strong>qua:</strong></span> 
     </span>
    </p>
   </div>
   <div class='ocr_carea' id='block_1_84' title="bbox 2017 4035 3591 4104">
    <p class='ocr_par' dir='ltr' id='par_1_84' title="bbox 2017 4035 3591 4104">
     <span class='ocr_line' id='line_1_84' title="bbox 2017 4035 3591 4104; baseline -0.001 -13"><span class='ocrx_word' id='word_1_574' title='bbox 2017 4038 2238 4104; x_wconf 80' lang='lat' dir='ltr'><strong>Scriptis</strong></span> <span class='ocrx_word' id='word_1_575' title='bbox 2263 4037 2517 4091; x_wconf 84' lang='lat' dir='ltr'><strong>mandata</strong></span> <span class='ocrx_word' id='word_1_576' title='bbox 2545 4036 2771 4099; x_wconf 87' lang='lat' dir='ltr'><strong>invenit,</strong></span> <span class='ocrx_word' id='word_1_577' title='bbox 2794 4035 3058 4091; x_wconf 81' lang='lat' dir='ltr'><strong>miracula</strong></span> <span class='ocrx_word' id='word_1_578' title='bbox 3082 4036 3133 4089; x_wconf 91' lang='lat' dir='ltr'><strong>in</strong></span> <span class='ocrx_word' id='word_1_579' title='bbox 3156 4036 3591 4090; x_wconf 87' lang='lat' dir='ltr'><strong>lncubrationem</strong></span> 
     </span>
    </p>
   </div>
   <div class='ocr_carea' id='block_1_85' title="bbox 2018 4127 3595 4197">
    <p class='ocr_par' dir='ltr' id='par_1_85' title="bbox 2018 4127 3595 4197">
     <span class='ocr_line' id='line_1_85' title="bbox 2018 4127 3595 4197; baseline -0.001 -12"><span class='ocrx_word' id='word_1_580' title='bbox 2018 4147 2174 4185; x_wconf 79' lang='lat' dir='ltr'><strong>suam</strong></span> <span class='ocrx_word' id='word_1_581' title='bbox 2223 4130 2506 4184; x_wconf 83' lang='lat' dir='ltr'><strong>inferenda</strong></span> <span class='ocrx_word' id='word_1_582' title='bbox 2539 4129 2797 4191; x_wconf 77' lang='lat' dir='ltr'><strong>duxerit,</strong></span> <span class='ocrx_word' id='word_1_583' title='bbox 2830 4130 3158 4197; x_wconf 88' lang='lat' dir='ltr'><strong>nullumque</strong></span> <span class='ocrx_word' id='word_1_584' title='bbox 3190 4127 3329 4182; x_wconf 87' lang='lat' dir='ltr'><strong>forte</strong></span> <span class='ocrx_word' id='word_1_585' title='bbox 3374 4128 3595 4183; x_wconf 74' lang='lat' dir='ltr'><strong>fortuna</strong></span> 
     </span>
    </p>
   </div>
   <div class='ocr_carea' id='block_1_86' title="bbox 2018 4219 3599 4290">
    <p class='ocr_par' dir='ltr' id='par_1_86' title="bbox 2018 4219 3599 4290">
     <span class='ocr_line' id='line_1_86' title="bbox 2018 4219 3599 4290; baseline -0.003 -13"><span class='ocrx_word' id='word_1_586' title='bbox 2018 4219 2474 4290; x_wconf 72' lang='lat' dir='ltr'><strong>Scriptntu,&#39;qtto:l</strong></span> <span class='ocrx_word' id='word_1_587' title='bbox 2508 4221 2743 4275; x_wconf 86' lang='lat' dir='ltr'><strong>relatum</strong></span> <span class='ocrx_word' id='word_1_588' title='bbox 2768 4235 2796 4273; x_wconf 89' lang='lat' dir='ltr'><strong>a</strong></span> <span class='ocrx_word' id='word_1_589' title='bbox 2818 4220 3068 4274; x_wconf 80' lang='lat' dir='ltr'><strong>Cedrcno</strong></span> <span class='ocrx_word' id='word_1_590' title='bbox 3094 4221 3421 4275; x_wconf 72' lang='lat' dir='ltr'><strong>miraculum</strong></span> <span class='ocrx_word' id='word_1_591' title='bbox 3446 4237 3599 4275; x_wconf 89' lang='lat' dir='ltr'><strong>com-</strong></span> 
     </span>
    </p>
   </div>
   <div class='ocr_carea' id='block_1_87' title="bbox 2019 4313 3598 4383">
    <p class='ocr_par' dir='ltr' id='par_1_87' title="bbox 2019 4313 3598 4383">
     <span class='ocr_line' id='line_1_87' title="bbox 2019 4313 3598 4383; baseline -0.001 -15"><span class='ocrx_word' id='word_1_592' title='bbox 2019 4314 2366 4383; x_wconf 80' lang='lat' dir='ltr'><strong>plet-teretur,</strong></span> <span class='ocrx_word' id='word_1_593' title='bbox 2417 4314 2481 4367; x_wconf 85' lang='lat' dir='ltr'><strong>ad</strong></span> <span class='ocrx_word' id='word_1_594' title='bbox 2536 4328 2756 4365; x_wconf 88' lang='lat' dir='ltr'><strong>manum</strong></span> <span class='ocrx_word' id='word_1_595' title='bbox 2804 4313 3098 4366; x_wconf 84' lang='lat' dir='ltr'><strong>habuerit?</strong></span> <span class='ocrx_word' id='word_1_596' title='bbox 3147 4314 3282 4369; x_wconf 88' lang='lat' dir='ltr'><strong>Utttt</strong></span> <span class='ocrx_word' id='word_1_597' title='bbox 3315 4314 3420 4376; x_wconf 87' lang='lat' dir='ltr'><strong>sit,</strong></span> <span class='ocrx_word' id='word_1_598' title='bbox 3450 4314 3598 4367; x_wconf 85' lang='lat' dir='ltr'><strong>dicto</strong></span> 
     </span>
    </p>
   </div>
   <div class='ocr_carea' id='block_1_88' title="bbox 2016 4402 3602 4474">
    <p class='ocr_par' dir='ltr' id='par_1_88' title="bbox 2016 4402 3602 4474">
     <span class='ocr_line' id='line_1_88' title="bbox 2016 4402 3602 4474; baseline -0.001 -15"><span class='ocrx_word' id='word_1_599' title='bbox 2016 4405 2268 4473; x_wconf 88' lang='lat' dir='ltr'><strong>equidem</strong></span> <span class='ocrx_word' id='word_1_600' title='bbox 2303 4404 2573 4474; x_wconf 84' lang='lat' dir='ltr'><strong>prodigio,</strong></span> <span class='ocrx_word' id='word_1_601' title='bbox 2605 4406 2750 4473; x_wconf 90' lang='lat' dir='ltr'><strong>quod</strong></span> <span class='ocrx_word' id='word_1_602' title='bbox 2782 4414 2837 4459; x_wconf 90' lang='lat' dir='ltr'><strong>et</strong></span> <span class='ocrx_word' id='word_1_603' title='bbox 2865 4422 2892 4458; x_wconf 87' lang='lat' dir='ltr'><strong>a</strong></span> <span class='ocrx_word' id='word_1_604' title='bbox 2922 4402 3135 4459; x_wconf 79' lang='lat' dir='ltr'><strong>Joanne.</strong></span> <span class='ocrx_word' id='word_1_605' title='bbox 3157 4406 3486 4474; x_wconf 78' lang='lat' dir='ltr'><strong>Curopalate</strong></span> <span class='ocrx_word' id='word_1_606' title='bbox 3515 4420 3602 4458; x_wconf 88' lang='lat' dir='ltr'><strong>rc-</strong></span> 
     </span>
    </p>
   </div>
   <div class='ocr_carea' id='block_1_89' title="bbox 2018 4495 3599 4567">
    <p class='ocr_par' dir='ltr' id='par_1_89' title="bbox 2018 4495 3599 4567">
     <span class='ocr_line' id='line_1_89' title="bbox 2018 4495 3599 4567; baseline 0 -17"><span class='ocrx_word' id='word_1_607' title='bbox 2018 4495 2211 4558; x_wconf 78' lang='lat' dir='ltr'><strong>fertur,</strong></span> <span class='ocrx_word' id='word_1_608' title='bbox 2248 4504 2521 4567; x_wconf 87' lang='lat' dir='ltr'><strong>utcunque</strong></span> <span class='ocrx_word' id='word_1_609' title='bbox 2552 4497 2886 4567; x_wconf 65' lang='lat' dir='ltr'><strong>suffragatur</strong></span> <span class='ocrx_word' id='word_1_610' title='bbox 2930 4508 3292 4551; x_wconf 87' lang='lat' dir='ltr'><strong>memoratum</strong></span> <span class='ocrx_word' id='word_1_611' title='bbox 3342 4500 3394 4552; x_wconf 92' lang='lat' dir='ltr'><strong>in</strong></span> <span class='ocrx_word' id='word_1_612' title='bbox 3431 4499 3599 4553; x_wconf 84' lang='lat' dir='ltr'><strong>Com-</strong></span> 
     </span>
    </p>
   </div>
   <div class='ocr_carea' id='block_1_90' title="bbox 340 4588 3603 4669">
    <p class='ocr_par' dir='ltr' id='par_1_90' title="bbox 340 4588 3603 4669">
     <span class='ocr_line' id='line_1_90' title="bbox 340 4588 3603 4669; baseline 0 -26"><span class='ocrx_word' id='word_1_613' title='bbox 340 4592 571 4661; x_wconf 85' lang='lat' dir='ltr'><strong>amplius</strong></span> <span class='ocrx_word' id='word_1_614' title='bbox 616 4592 681 4647; x_wconf 88' lang='grc'><strong>15</strong></span> <span class='ocrx_word' id='word_1_615' title='bbox 734 4594 968 4650; x_wconf 78' lang='lat' dir='ltr'><strong>millibus</strong></span> <span class='ocrx_word' id='word_1_616' title='bbox 1019 4595 1377 4666; x_wconf 86' lang='lat' dir='ltr'><strong>Bulgarorutn</strong></span> <span class='ocrx_word' id='word_1_617' title='bbox 1406 4638 1422 4663; x_wconf 92' lang='lat'><strong>,</strong></span> <span class='ocrx_word' id='word_1_618' title='bbox 1458 4601 1720 4669; x_wconf 86' lang='lat' dir='ltr'><strong>captique</strong></span> <span class='ocrx_word' id='word_1_619' title='bbox 1765 4599 1908 4653; x_wconf 81' lang='lat' dir='ltr'><strong>haud</strong></span> <span class='ocrx_word' id='word_1_620' title='bbox 1947 4597 1990 4650; x_wconf 85' lang='grc' dir='ltr'>ο</span> <span class='ocrx_word' id='word_1_621' title='bbox 2018 4590 2286 4644; x_wconf 88' lang='lat' dir='ltr'><strong>mentario</strong></span> <span class='ocrx_word' id='word_1_622' title='bbox 2317 4591 2515 4660; x_wconf 73' lang='lat' dir='ltr'><strong>praevio</strong></span> <span class='ocrx_word' id='word_1_623' title='bbox 2552 4606 2704 4645; x_wconf 88' lang='lat' dir='ltr'><strong>num.</strong></span> <span class='ocrx_word' id='word_1_624' title='bbox 2741 4590 2843 4644; x_wconf 76' lang='grc'><strong>158</strong></span> <span class='ocrx_word' id='word_1_625' title='bbox 2880 4598 2934 4643; x_wconf 89' lang='lat' dir='ltr'><strong>et</strong></span> <span class='ocrx_word' id='word_1_626' title='bbox 2972 4588 3116 4643; x_wconf 89' lang='lat' dir='ltr'><strong>binis</strong></span> <span class='ocrx_word' id='word_1_627' title='bbox 3162 4605 3316 4660; x_wconf 91' lang='lat' dir='ltr'><strong>seqq.</strong></span> <span class='ocrx_word' id='word_1_628' title='bbox 3352 4588 3493 4643; x_wconf 80' lang='lat' dir='ltr'><strong>Petri</strong></span> <span class='ocrx_word' id='word_1_629' title='bbox 3547 4601 3603 4644; x_wconf 85' lang='lat' dir='ltr'><strong>et</strong></span> 
     </span>
    </p>
   </div>
   <div class='ocr_carea' id='block_1_91' title="bbox 338 4677 1916 4758">
    <p class='ocr_par' dir='ltr' id='par_1_91' title="bbox 338 4677 1916 4758">
     <span class='ocr_line' id='line_1_91' title="bbox 338 4677 1916 4758; baseline 0.006 -24"><span class='ocrx_word' id='word_1_630' title='bbox 338 4686 661 4753; x_wconf 62' lang='lat' dir='ltr'><strong>pauciores;</strong></span> <span class='ocrx_word' id='word_1_631' title='bbox 710 4685 904 4755; x_wconf 85' lang='lat' dir='ltr'><strong>reliqui</strong></span> <span class='ocrx_word' id='word_1_632' title='bbox 957 4677 1277 4757; x_wconf 72' lang='lat' dir='ltr'><strong>ttirpissima</strong></span> <span class='ocrx_word' id='word_1_633' title='bbox 1331 4688 1457 4758; x_wconf 82' lang='lat' dir='ltr'><strong>fuga</strong></span> <span class='ocrx_word' id='word_1_634' title='bbox 1511 4693 1576 4744; x_wconf 92' lang='lat' dir='ltr'><strong>ad</strong></span> <span class='ocrx_word' id='word_1_635' title='bbox 1624 4690 1916 4745; x_wconf 89' lang='lat' dir='ltr'><strong>De‘eanum</strong></span> 
     </span>
    </p>
   </div>
   <div class='ocr_carea' id='block_1_92' title="bbox 336 4775 1919 4848">
    <p class='ocr_par' dir='ltr' id='par_1_92' title="bbox 336 4775 1919 4848">
     <span class='ocr_line' id='line_1_92' title="bbox 336 4775 1919 4848; baseline 0.006 -23"><span class='ocrx_word' id='word_1_636' title='bbox 336 4783 647 4827; x_wconf 87' lang='lat' dir='ltr'><strong>evaserunt.</strong></span> <span class='ocrx_word' id='word_1_637' title='bbox 693 4793 711 4826; x_wconf 73' lang='grc' dir='ltr'><strong>ι</strong></span> <span class='ocrx_word' id='word_1_638' title='bbox 754 4775 932 4830; x_wconf 88' lang='lat' dir='ltr'><strong>Prima</strong></span> <span class='ocrx_word' id='word_1_639' title='bbox 999 4778 1111 4831; x_wconf 56' lang='lat' dir='ltr'><strong>hare</strong></span> <span class='ocrx_word' id='word_1_640' title='bbox 1156 4785 1240 4832; x_wconf 90' lang='lat' dir='ltr'><strong>est</strong></span> <span class='ocrx_word' id='word_1_641' title='bbox 1293 4778 1488 4833; x_wconf 87' lang='lat' dir='ltr'><strong>bellica</strong></span> <span class='ocrx_word' id='word_1_642' title='bbox 1532 4780 1831 4848; x_wconf 80' lang='lat' dir='ltr'><strong>expeditio.</strong></span> <span class='ocrx_word' id='word_1_643' title='bbox 1865 4781 1919 4835; x_wconf 88' lang='lat' dir='ltr'><strong>in</strong></span> 
     </span>
    </p>
   </div>
   <div class='ocr_carea' id='block_1_93' title="bbox 336 4861 1919 4940">
    <p class='ocr_par' dir='ltr' id='par_1_93' title="bbox 336 4861 1919 4940">
     <span class='ocr_line' id='line_1_93' title="bbox 336 4861 1919 4940; baseline 0.01 -29"><span class='ocrx_word' id='word_1_644' title='bbox 336 4876 441 4929; x_wconf 87' lang='lat' dir='ltr'><strong>qua</strong></span> <span class='ocrx_word' id='word_1_645' title='bbox 475 4861 671 4915; x_wconf 89' lang='lat' dir='ltr'><strong>iterum</strong></span> <span class='ocrx_word' id='word_1_646' title='bbox 716 4871 838 4930; x_wconf 89' lang='lat' dir='ltr'><strong>post</strong></span> <span class='ocrx_word' id='word_1_647' title='bbox 888 4877 1164 4936; x_wconf 89' lang='lat' dir='ltr'><strong>acceptam</strong></span> <span class='ocrx_word' id='word_1_648' title='bbox 1199 4883 1341 4921; x_wconf 85' lang='lat' dir='ltr'><strong>anno</strong></span> <span class='ocrx_word' id='word_1_649' title='bbox 1391 4869 1496 4923; x_wconf 67' lang='lat'><strong>904</strong></span> <span class='ocrx_word' id='word_1_650' title='bbox 1545 4872 1613 4924; x_wconf 88' lang='lat' dir='ltr'><strong>ab</strong></span> <span class='ocrx_word' id='word_1_651' title='bbox 1655 4872 1919 4940; x_wconf 79' lang='lat' dir='ltr'><strong>Agarenis</strong></span> 
     </span>
    </p>
   </div>
   <div class='ocr_carea' id='block_1_94' title="bbox 335 4952 1970 5026">
    <p class='ocr_par' dir='ltr' id='par_1_94' title="bbox 335 4952 1970 5026">
     <span class='ocr_line' id='line_1_94' title="bbox 335 4952 1970 5026; baseline 0.006 -21"><span class='ocrx_word' id='word_1_652' title='bbox 335 4952 546 5006; x_wconf 90' lang='lat' dir='ltr'><strong>cladem</strong></span> <span class='ocrx_word' id='word_1_653' title='bbox 601 4954 833 5009; x_wconf 86' lang='lat' dir='ltr'><strong>mirabili</strong></span> <span class='ocrx_word' id='word_1_654' title='bbox 887 4957 1046 5026; x_wconf 86' lang='lat' dir='ltr'><strong>plane</strong></span> <span class='ocrx_word' id='word_1_655' title='bbox 1099 4957 1261 5011; x_wconf 89' lang='lat' dir='ltr'><strong>modo</strong></span> <span class='ocrx_word' id='word_1_656' title='bbox 1313 4973 1343 5011; x_wconf 88' lang='lat' dir='ltr'><strong>a</strong></span> <span class='ocrx_word' id='word_1_657' title='bbox 1393 4968 1585 5012; x_wconf 81' lang='lat' dir='ltr'><strong>sancto</strong></span> <span class='ocrx_word' id='word_1_658' title='bbox 1643 4959 1920 5015; x_wconf 85' lang='lat' dir='ltr'><strong>Demetrio</strong></span> <span class='ocrx_word' id='word_1_659' title='bbox 1966 4997 1970 4999; x_wconf 28' lang='grc' dir='ltr'><em>Α</em></span> 
     </span>
    </p>
   </div>
   <div class='ocr_carea' id='block_1_95' title="bbox 335 5044 1918 5120">
    <p class='ocr_par' dir='ltr' id='par_1_95' title="bbox 335 5044 1918 5120">
     <span class='ocr_line' id='line_1_95' title="bbox 335 5044 1918 5120; baseline 0.006 -23"><span class='ocrx_word' id='word_1_660' title='bbox 335 5044 739 5099; x_wconf 60' lang='lat' dir='ltr'><strong>Thessalonicae</strong></span> <span class='ocrx_word' id='word_1_661' title='bbox 766 5046 936 5103; x_wconf 89' lang='lat' dir='ltr'><strong>fuisse</strong></span> <span class='ocrx_word' id='word_1_662' title='bbox 969 5065 1293 5104; x_wconf 87' lang='lat' dir='ltr'><strong>succursum</strong></span> <span class='ocrx_word' id='word_1_663' title='bbox 1341 5045 1619 5106; x_wconf 83' lang='lat' dir='ltr'><strong>narratur.</strong></span> <span class='ocrx_word' id='word_1_664' title='bbox 1658 5052 1835 5120; x_wconf 84' lang='lat' dir='ltr'><strong>Atque</strong></span> <span class='ocrx_word' id='word_1_665' title='bbox 1871 5053 1918 5107; x_wconf 91' lang='lat' dir='ltr'><strong>is</strong></span> 
     </span>
    </p>
   </div>
   <div class='ocr_carea' id='block_1_96' title="bbox 333 5135 1919 5205">
    <p class='ocr_par' dir='ltr' id='par_1_96' title="bbox 333 5135 1919 5205">
     <span class='ocr_line' id='line_1_96' title="bbox 333 5135 1919 5205; baseline 0.009 -22"><span class='ocrx_word' id='word_1_666' title='bbox 333 5135 554 5205; x_wconf 79' lang='lat' dir='ltr'><strong>quidem</strong></span> <span class='ocrx_word' id='word_1_667' title='bbox 585 5147 838 5205; x_wconf 86' lang='lat' dir='ltr'><strong>eventus,</strong></span> <span class='ocrx_word' id='word_1_668' title='bbox 871 5155 993 5194; x_wconf 89' lang='lat' dir='ltr'><strong>cum</strong></span> <span class='ocrx_word' id='word_1_669' title='bbox 1017 5157 1163 5197; x_wconf 86' lang='lat' dir='ltr'><strong>anno</strong></span> <span class='ocrx_word' id='word_1_670' title='bbox 1195 5142 1381 5196; x_wconf 88' lang='lat' dir='ltr'><strong>mundi</strong></span> <span class='ocrx_word' id='word_1_671' title='bbox 1418 5158 1599 5198; x_wconf 73' lang='lat' dir='ltr'><strong>sexres</strong></span> <span class='ocrx_word' id='word_1_672' title='bbox 1634 5143 1919 5199; x_wconf 85' lang='lat' dir='ltr'><strong>millesimo</strong></span> 
     </span>
    </p>
   </div>
   <div class='ocr_carea' id='block_1_97' title="bbox 334 5227 1921 5303">
    <p class='ocr_par' dir='ltr' id='par_1_97' title="bbox 334 5227 1921 5303">
     <span class='ocr_line' id='line_1_97' title="bbox 334 5227 1921 5303; baseline 0.006 -26"><span class='ocrx_word' id='word_1_673' title='bbox 334 5227 777 5297; x_wconf 85' lang='lat' dir='ltr'><strong>quingentesimo</strong></span> <span class='ocrx_word' id='word_1_674' title='bbox 811 5234 1234 5303; x_wconf 83' lang='lat' dir='ltr'><strong>quadragesimo</strong></span> <span class='ocrx_word' id='word_1_675' title='bbox 1270 5250 1437 5298; x_wconf 89' lang='lat' dir='ltr'><strong>nono,</strong></span> <span class='ocrx_word' id='word_1_676' title='bbox 1472 5234 1545 5287; x_wconf 90' lang='lat' dir='ltr'><strong>uti</strong></span> <span class='ocrx_word' id='word_1_677' title='bbox 1590 5249 1619 5288; x_wconf 90' lang='lat' dir='ltr'><strong>e</strong></span> <span class='ocrx_word' id='word_1_678' title='bbox 1638 5233 1751 5299; x_wconf 85' lang='lat' dir='ltr'><strong>jam</strong></span> <span class='ocrx_word' id='word_1_679' title='bbox 1783 5235 1921 5287; x_wconf 76' lang='lat' dir='ltr'><strong>reei-</strong></span> 
     </span>
    </p>
   </div>
   <div class='ocr_carea' id='block_1_98' title="bbox 334 5314 1915 5392">
    <p class='ocr_par' dir='ltr' id='par_1_98' title="bbox 334 5314 1915 5392">
     <span class='ocr_line' id='line_1_98' title="bbox 334 5314 1915 5392; baseline 0.007 -26"><span class='ocrx_word' id='word_1_680' title='bbox 334 5314 461 5371; x_wconf 86' lang='lat' dir='ltr'><strong>tatis</strong></span> <span class='ocrx_word' id='word_1_681' title='bbox 508 5317 742 5373; x_wconf 78' lang='lat' dir='ltr'><strong>Cedreni</strong></span> <span class='ocrx_word' id='word_1_682' title='bbox 790 5320 970 5375; x_wconf 85' lang='lat' dir='ltr'><strong>verbis</strong></span> <span class='ocrx_word' id='word_1_683' title='bbox 1004 5322 1351 5392; x_wconf 71' lang='lat' dir='ltr'><strong>intelligitur,</strong></span> <span class='ocrx_word' id='word_1_684' title='bbox 1400 5326 1580 5376; x_wconf 91' lang='lat' dir='ltr'><strong>locum</strong></span> <span class='ocrx_word' id='word_1_685' title='bbox 1632 5324 1915 5389; x_wconf 87' lang='lat' dir='ltr'><strong>habuerit,</strong></span> 
     </span>
    </p>
   </div>
   <div class='ocr_carea' id='block_1_99' title="bbox 337 5396 1916 5481">
    <p class='ocr_par' dir='ltr' id='par_1_99' title="bbox 337 5396 1916 5481">
     <span class='ocr_line' id='line_1_99' title="bbox 337 5396 1916 5481; baseline 0.007 -22"><span class='ocrx_word' id='word_1_686' title='bbox 337 5421 484 5461; x_wconf 79' lang='lat' dir='ltr'><strong>anno</strong></span> <span class='ocrx_word' id='word_1_687' title='bbox 516 5410 721 5465; x_wconf 83' lang='lat' dir='ltr'><strong>Christi</strong></span> <span class='ocrx_word' id='word_1_688' title='bbox 776 5412 909 5469; x_wconf 76' lang='grc'><strong>1041</strong></span> <span class='ocrx_word' id='word_1_689' title='bbox 961 5396 1118 5469; x_wconf 65' lang='lat' dir='ltr'><strong>debet</strong></span> <span class='ocrx_word' id='word_1_690' title='bbox 1167 5417 1393 5481; x_wconf 91' lang='lat' dir='ltr'><strong>innecti,</strong></span> <span class='ocrx_word' id='word_1_691' title='bbox 1433 5418 1515 5470; x_wconf 81' lang='lat' dir='ltr'><strong>uti</strong></span> <span class='ocrx_word' id='word_1_692' title='bbox 1548 5432 1612 5471; x_wconf 80' lang='lat' dir='ltr'><strong>ex</strong></span> <span class='ocrx_word' id='word_1_693' title='bbox 1645 5433 1916 5470; x_wconf 88' lang='lat' dir='ltr'><strong>annorum</strong></span> 
     </span>
    </p>
   </div>
   <div class='ocr_carea' id='block_1_100' title="bbox 340 5497 1917 5569">
    <p class='ocr_par' dir='ltr' id='par_1_100' title="bbox 340 5497 1917 5569">
     <span class='ocr_line' id='line_1_100' title="bbox 340 5497 1917 5569; baseline 0.007 -19"><span class='ocrx_word' id='word_1_694' title='bbox 340 5497 501 5562; x_wconf 82' lang='grc'><strong>5508,</strong></span> <span class='ocrx_word' id='word_1_695' title='bbox 567 5515 803 5569; x_wconf 86' lang='lat' dir='ltr'><strong>quorum</strong></span> <span class='ocrx_word' id='word_1_696' title='bbox 866 5504 1055 5559; x_wconf 87' lang='lat' dir='ltr'><strong>ultimo</strong></span> <span class='ocrx_word' id='word_1_697' title='bbox 1112 5504 1326 5562; x_wconf 89' lang='lat' dir='ltr'><strong>labente</strong></span> <span class='ocrx_word' id='word_1_698' title='bbox 1381 5507 1664 5562; x_wconf 83' lang='lat' dir='ltr'><strong>Christum</strong></span> <span class='ocrx_word' id='word_1_699' title='bbox 1726 5520 1917 5561; x_wconf 89' lang='lat' dir='ltr'><strong>natum</strong></span> 
     </span>
    </p>
   </div>
   <div class='ocr_carea' id='block_1_101' title="bbox 341 5590 1916 5670">
    <p class='ocr_par' dir='ltr' id='par_1_101' title="bbox 341 5590 1916 5670">
     <span class='ocr_line' id='line_1_101' title="bbox 341 5590 1916 5670; baseline 0.008 -31"><span class='ocrx_word' id='word_1_700' title='bbox 341 5590 515 5647; x_wconf 65' lang='grc' dir='ltr'><strong>(ἔτεσί</strong></span> <span class='ocrx_word' id='word_1_701' title='bbox 550 5602 814 5658; x_wconf 89' lang='lat' dir='ltr'><strong>statuunt,</strong></span> <span class='ocrx_word' id='word_1_702' title='bbox 852 5596 995 5650; x_wconf 83' lang='lat' dir='ltr'><strong>fat-ta</strong></span> <span class='ocrx_word' id='word_1_703' title='bbox 1027 5598 1097 5652; x_wconf 86' lang='lat' dir='ltr'><strong>ab</strong></span> <span class='ocrx_word' id='word_1_704' title='bbox 1127 5602 1288 5654; x_wconf 81' lang='lat' dir='ltr'><strong>annis</strong></span> <span class='ocrx_word' id='word_1_705' title='bbox 1319 5600 1483 5663; x_wconf 63' lang='lat'><strong>6549,</strong></span> <span class='ocrx_word' id='word_1_706' title='bbox 1512 5617 1744 5670; x_wconf 87' lang='lat' dir='ltr'><strong>quortnn</strong></span> <span class='ocrx_word' id='word_1_707' title='bbox 1782 5601 1916 5653; x_wconf 83' lang='lat' dir='ltr'><strong>ulti-</strong></span> 
     </span>
    </p>
   </div>
   <div class='ocr_carea' id='block_1_102' title="bbox 341 5685 1915 5762">
    <p class='ocr_par' dir='ltr' id='par_1_102' title="bbox 341 5685 1915 5762">
     <span class='ocr_line' id='line_1_102' title="bbox 341 5685 1915 5762; baseline 0.008 -29"><span class='ocrx_word' id='word_1_708' title='bbox 341 5697 430 5737; x_wconf 89' lang='lat' dir='ltr'><strong>mo</strong></span> <span class='ocrx_word' id='word_1_709' title='bbox 462 5698 526 5736; x_wconf 83' lang='lat' dir='ltr'><strong>ex</strong></span> <span class='ocrx_word' id='word_1_710' title='bbox 556 5685 719 5741; x_wconf 90' lang='lat' dir='ltr'><strong>dictis</strong></span> <span class='ocrx_word' id='word_1_711' title='bbox 745 5698 1041 5743; x_wconf 84' lang='lat' dir='ltr'><strong>memorata</strong></span> <span class='ocrx_word' id='word_1_712' title='bbox 1072 5706 1101 5743; x_wconf 87' lang='lat' dir='ltr'><strong>a</strong></span> <span class='ocrx_word' id='word_1_713' title='bbox 1128 5691 1380 5747; x_wconf 83' lang='lat' dir='ltr'><strong>Cedreno</strong></span> <span class='ocrx_word' id='word_1_714' title='bbox 1413 5693 1764 5762; x_wconf 67' lang='lat' dir='ltr'><strong>Bulgarorum</strong></span> <span class='ocrx_word' id='word_1_715' title='bbox 1803 5693 1915 5747; x_wconf 73' lang='lat' dir='ltr'><strong>cla-</strong></span> 
     </span>
    </p>
   </div>
   <div class='ocr_carea' id='block_1_103' title="bbox 336 5773 1682 5840">
    <p class='ocr_par' dir='ltr' id='par_1_103' title="bbox 336 5773 1682 5840">
     <span class='ocr_line' id='line_1_103' title="bbox 336 5773 1682 5840; baseline 0.013 -17"><span class='ocrx_word' id='word_1_716' title='bbox 336 5773 432 5825; x_wconf 85' lang='lat' dir='ltr'><strong>des</strong></span> <span class='ocrx_word' id='word_1_717' title='bbox 457 5776 664 5840; x_wconf 87' lang='lat' dir='ltr'><strong>evenit,</strong></span> <span class='ocrx_word' id='word_1_718' title='bbox 697 5779 1054 5837; x_wconf 86' lang='lat' dir='ltr'><strong>subduetione</strong></span> <span class='ocrx_word' id='word_1_719' title='bbox 1092 5782 1441 5838; x_wconf 86' lang='lat' dir='ltr'><strong>manifestum</strong></span> <span class='ocrx_word' id='word_1_720' title='bbox 1480 5785 1682 5840; x_wconf 87' lang='lat' dir='ltr'><strong>evadit.</strong></span> 
     </span>
    </p>
   </div>
   <div class='ocr_carea' id='block_1_104' title="bbox 410 5866 1911 5950">
    <p class='ocr_par' dir='ltr' id='par_1_104' title="bbox 410 5866 1911 5950">
     <span class='ocr_line' id='line_1_104' title="bbox 410 5866 1911 5950; baseline 0.008 -29"><span class='ocrx_word' id='word_1_721' title='bbox 410 5867 459 5921; x_wconf 82' lang='lat' dir='ltr'><strong>ti.</strong></span> <span class='ocrx_word' id='word_1_722' title='bbox 503 5866 658 5935; x_wconf 82' lang='lat' dir='ltr'><strong>Quod</strong></span> <span class='ocrx_word' id='word_1_723' title='bbox 683 5879 864 5928; x_wconf 80' lang='lat' dir='ltr'><strong>autem</strong></span> <span class='ocrx_word' id='word_1_724' title='bbox 897 5874 964 5930; x_wconf 87' lang='lat' dir='ltr'><strong>ad</strong></span> <span class='ocrx_word' id='word_1_725' title='bbox 998 5889 1109 5929; x_wconf 90' lang='lat' dir='ltr'><strong>rem</strong></span> <span class='ocrx_word' id='word_1_726' title='bbox 1137 5875 1308 5944; x_wconf 81' lang='lat' dir='ltr'><strong>ipsam</strong></span> <span class='ocrx_word' id='word_1_727' title='bbox 1337 5891 1432 5932; x_wconf 88' lang='lat' dir='ltr'><strong>seu</strong></span> <span class='ocrx_word' id='word_1_728' title='bbox 1465 5876 1650 5947; x_wconf 87' lang='lat' dir='ltr'><strong>potius</strong></span> <span class='ocrx_word' id='word_1_729' title='bbox 1674 5877 1911 5950; x_wconf 74' lang='lat' dir='ltr'><strong>insigne,</strong></span> 
     </span>
    </p>
   </div>
   <div class='ocr_carea' id='block_1_105' title="bbox 2027 4680 3599 4752">
    <p class='ocr_par' dir='ltr' id='par_1_105' title="bbox 2027 4680 3599 4752">
     <span class='ocr_line' id='line_1_105' title="bbox 2027 4680 3599 4752; baseline 0.001 -18"><span class='ocrx_word' id='word_1_730' title='bbox 2027 4681 2225 4734; x_wconf 73' lang='lat' dir='ltr'><strong>Asanis</strong></span> <span class='ocrx_word' id='word_1_731' title='bbox 2273 4680 2528 4746; x_wconf 86' lang='lat' dir='ltr'><strong>fratrum,</strong></span> <span class='ocrx_word' id='word_1_732' title='bbox 2575 4682 2883 4752; x_wconf 87' lang='lat' dir='ltr'><strong>principum</strong></span> <span class='ocrx_word' id='word_1_733' title='bbox 2932 4681 3320 4751; x_wconf 82' lang='lat' dir='ltr'><strong>Bulgarorutn,</strong></span> <span class='ocrx_word' id='word_1_734' title='bbox 3370 4681 3599 4735; x_wconf 90' lang='lat' dir='ltr'><strong>factum.</strong></span> 
     </span>
    </p>
   </div>
   <div class='ocr_carea' id='block_1_106' title="bbox 2029 4771 3603 4843">
    <p class='ocr_par' dir='ltr' id='par_1_106' title="bbox 2029 4771 3603 4843">
     <span class='ocr_line' id='line_1_106' title="bbox 2029 4771 3603 4843; baseline 0 -18"><span class='ocrx_word' id='word_1_735' title='bbox 2029 4771 2093 4826; x_wconf 90' lang='lat' dir='ltr'><strong>Hi</strong></span> <span class='ocrx_word' id='word_1_736' title='bbox 2145 4772 2315 4835; x_wconf 86' lang='lat' dir='ltr'><strong>enim,</strong></span> <span class='ocrx_word' id='word_1_737' title='bbox 2345 4786 2453 4839; x_wconf 90' lang='lat' dir='ltr'><strong>quo</strong></span> <span class='ocrx_word' id='word_1_738' title='bbox 2499 4774 2830 4829; x_wconf 79' lang='lat' dir='ltr'><strong>contribules</strong></span> <span class='ocrx_word' id='word_1_739' title='bbox 2862 4788 3013 4837; x_wconf 86' lang='lat' dir='ltr'><strong>suos,</strong></span> <span class='ocrx_word' id='word_1_740' title='bbox 3044 4774 3140 4843; x_wconf 90' lang='lat' dir='ltr'><strong>qui</strong></span> <span class='ocrx_word' id='word_1_741' title='bbox 3187 4783 3309 4842; x_wconf 84' lang='lat' dir='ltr'><strong>post</strong></span> <span class='ocrx_word' id='word_1_742' title='bbox 3356 4773 3603 4841; x_wconf 76' lang='lat' dir='ltr'><strong>proxime</strong></span> 
     </span>
    </p>
   </div>
   <div class='ocr_carea' id='block_1_107' title="bbox 2027 4861 3595 4935">
    <p class='ocr_par' dir='ltr' id='par_1_107' title="bbox 2027 4861 3595 4935">
     <span class='ocr_line' id='line_1_107' title="bbox 2027 4861 3595 4935; baseline -0.003 -16"><span class='ocrx_word' id='word_1_743' title='bbox 2027 4880 2057 4918; x_wconf 88' lang='lat' dir='ltr'><strong>e</strong></span> <span class='ocrx_word' id='word_1_744' title='bbox 2102 4861 2349 4919; x_wconf 80' lang='lat' dir='ltr'><strong>Cedreno</strong></span> <span class='ocrx_word' id='word_1_745' title='bbox 2394 4864 2624 4918; x_wconf 78' lang='lat' dir='ltr'><strong>relatam</strong></span> <span class='ocrx_word' id='word_1_746' title='bbox 2688 4865 3230 4935; x_wconf 82' lang='lat' dir='ltr'><strong>Thessalonicensem</strong></span> <span class='ocrx_word' id='word_1_747' title='bbox 3286 4864 3414 4917; x_wconf 86' lang='lat' dir='ltr'><strong>anni</strong></span> <span class='ocrx_word' id='word_1_748' title='bbox 3466 4864 3595 4918; x_wconf 73' lang='grc'><strong>1041</strong></span> 
     </span>
    </p>
   </div>
   <div class='ocr_carea' id='block_1_108' title="bbox 2027 4955 3602 5026">
    <p class='ocr_par' dir='ltr' id='par_1_108' title="bbox 2027 4955 3602 5026">
     <span class='ocr_line' id='line_1_108' title="bbox 2027 4955 3602 5026; baseline -0.003 -16"><span class='ocrx_word' id='word_1_749' title='bbox 2027 4955 2237 5010; x_wconf 88' lang='lat' dir='ltr'><strong>cladem</strong></span> <span class='ocrx_word' id='word_1_750' title='bbox 2280 4972 2309 5008; x_wconf 88' lang='lat' dir='ltr'><strong>a</strong></span> <span class='ocrx_word' id='word_1_751' title='bbox 2353 4955 2620 5011; x_wconf 81' lang='lat' dir='ltr'><strong>Michaele</strong></span> <span class='ocrx_word' id='word_1_752' title='bbox 2651 4967 2845 5026; x_wconf 91' lang='lat' dir='ltr'><strong>quarto</strong></span> <span class='ocrx_word' id='word_1_753' title='bbox 2878 4958 3096 5026; x_wconf 89' lang='lat' dir='ltr'><strong>penitus</strong></span> <span class='ocrx_word' id='word_1_754' title='bbox 3129 4958 3340 5010; x_wconf 74' lang='lat' dir='ltr'><strong>Sttltztt&#39;li</strong></span> <span class='ocrx_word' id='word_1_755' title='bbox 3377 4957 3602 5012; x_wconf 67' lang='lat' dir='ltr'><strong>Cnseo-</strong></span> 
     </span>
    </p>
   </div>
   <div class='ocr_carea' id='block_1_109' title="bbox 2027 5049 3598 5120">
    <p class='ocr_par' dir='ltr' id='par_1_109' title="bbox 2027 5049 3598 5120">
     <span class='ocr_line' id='line_1_109' title="bbox 2027 5049 3598 5120; baseline 0.001 -16"><span class='ocrx_word' id='word_1_756' title='bbox 2027 5067 2146 5104; x_wconf 88' lang='lat' dir='ltr'><strong>rum</strong></span> <span class='ocrx_word' id='word_1_757' title='bbox 2198 5050 2430 5120; x_wconf 90' lang='lat' dir='ltr'><strong>imperio</strong></span> <span class='ocrx_word' id='word_1_758' title='bbox 2460 5064 2635 5120; x_wconf 88' lang='lat' dir='ltr'><strong>usque</strong></span> <span class='ocrx_word' id='word_1_759' title='bbox 2678 5050 2746 5105; x_wconf 87' lang='lat' dir='ltr'><strong>ad</strong></span> <span class='ocrx_word' id='word_1_760' title='bbox 2798 5049 2989 5105; x_wconf 79' lang='lat' dir='ltr'><strong>Isaaeii</strong></span> <span class='ocrx_word' id='word_1_761' title='bbox 3026 5051 3243 5120; x_wconf 79' lang='lat' dir='ltr'><strong>Angeli,</strong></span> <span class='ocrx_word' id='word_1_762' title='bbox 3283 5065 3425 5103; x_wconf 85' lang='lat' dir='ltr'><strong>anno</strong></span> <span class='ocrx_word' id='word_1_763' title='bbox 3458 5049 3598 5105; x_wconf 77' lang='grc'><strong>1185</strong></span> 
     </span>
    </p>
   </div>
   <div class='ocr_carea' id='block_1_110' title="bbox 2027 5144 3600 5214">
    <p class='ocr_par' dir='ltr' id='par_1_110' title="bbox 2027 5144 3600 5214">
     <span class='ocr_line' id='line_1_110' title="bbox 2027 5144 3600 5214; baseline 0 -15"><span class='ocrx_word' id='word_1_764' title='bbox 2027 5145 2238 5213; x_wconf 90' lang='lat' dir='ltr'><strong>imperii</strong></span> <span class='ocrx_word' id='word_1_765' title='bbox 2285 5144 2515 5198; x_wconf 89' lang='lat' dir='ltr'><strong>habenis</strong></span> <span class='ocrx_word' id='word_1_766' title='bbox 2558 5145 2797 5214; x_wconf 89' lang='lat' dir='ltr'><strong>primum</strong></span> <span class='ocrx_word' id='word_1_767' title='bbox 2853 5145 3082 5208; x_wconf 80' lang='lat' dir='ltr'><strong>admeti,</strong></span> <span class='ocrx_word' id='word_1_768' title='bbox 3129 5154 3348 5212; x_wconf 86' lang='lat' dir='ltr'><strong>tempus</strong></span> <span class='ocrx_word' id='word_1_769' title='bbox 3374 5145 3600 5213; x_wconf 84' lang='lat' dir='ltr'><strong>pacifice</strong></span> 
     </span>
    </p>
   </div>
   <div class='ocr_carea' id='block_1_111' title="bbox 2029 5236 3604 5299">
    <p class='ocr_par' dir='ltr' id='par_1_111' title="bbox 2029 5236 3604 5299">
     <span class='ocr_line' id='line_1_111' title="bbox 2029 5236 3604 5299; baseline -0.001 -9"><span class='ocrx_word' id='word_1_770' title='bbox 2029 5248 2344 5291; x_wconf 86' lang='lat' dir='ltr'><strong>manserant</strong></span> <span class='ocrx_word' id='word_1_771' title='bbox 2375 5236 2599 5299; x_wconf 75' lang='lat' dir='ltr'><strong>annexi,</strong></span> <span class='ocrx_word' id='word_1_772' title='bbox 2628 5237 2693 5289; x_wconf 84' lang='lat' dir='ltr'><strong>ad</strong></span> <span class='ocrx_word' id='word_1_773' title='bbox 2729 5236 3093 5290; x_wconf 76' lang='lat' dir='ltr'><strong>defectionem</strong></span> <span class='ocrx_word' id='word_1_774' title='bbox 3128 5237 3324 5290; x_wconf 90' lang='lat' dir='ltr'><strong>iterum</strong></span> <span class='ocrx_word' id='word_1_775' title='bbox 3353 5237 3604 5290; x_wconf 87' lang='lat' dir='ltr'><strong>concita-</strong></span> 
     </span>
    </p>
   </div>
   <div class='ocr_carea' id='block_1_112' title="bbox 2028 5326 3601 5391">
    <p class='ocr_par' dir='ltr' id='par_1_112' title="bbox 2028 5326 3601 5391">
     <span class='ocr_line' id='line_1_112' title="bbox 2028 5326 3601 5391; baseline -0.002 -8"><span class='ocrx_word' id='word_1_776' title='bbox 2028 5337 2170 5391; x_wconf 84' lang='lat' dir='ltr'><strong>rent,</strong></span> <span class='ocrx_word' id='word_1_777' title='bbox 2210 5338 2462 5382; x_wconf 88' lang='lat' dir='ltr'><strong>sanctum</strong></span> <span class='ocrx_word' id='word_1_778' title='bbox 2494 5327 2869 5389; x_wconf 88' lang='lat' dir='ltr'><strong>Demetrium,</strong></span> <span class='ocrx_word' id='word_1_779' title='bbox 2895 5326 3290 5382; x_wconf 85' lang='lat' dir='ltr'><strong>Thessalonica</strong></span> <span class='ocrx_word' id='word_1_780' title='bbox 3323 5344 3352 5381; x_wconf 91' lang='lat' dir='ltr'><strong>a</strong></span> <span class='ocrx_word' id='word_1_781' title='bbox 3381 5327 3601 5381; x_wconf 74' lang='lat' dir='ltr'><strong>Grzeco-</strong></span> 
     </span>
    </p>
   </div>
   <div class='ocr_carea' id='block_1_113' title="bbox 2028 5421 3605 5489">
    <p class='ocr_par' dir='ltr' id='par_1_113' title="bbox 2028 5421 3605 5489">
     <span class='ocr_line' id='line_1_113' title="bbox 2028 5421 3605 5489; baseline -0.001 -13"><span class='ocrx_word' id='word_1_782' title='bbox 2028 5434 2258 5488; x_wconf 87' lang='lat' dir='ltr'><strong>rumque</strong></span> <span class='ocrx_word' id='word_1_783' title='bbox 2277 5421 2445 5474; x_wconf 88' lang='lat' dir='ltr'><strong>tutela</strong></span> <span class='ocrx_word' id='word_1_784' title='bbox 2479 5422 2693 5487; x_wconf 84' lang='lat' dir='ltr'><strong>relicta,</strong></span> <span class='ocrx_word' id='word_1_785' title='bbox 2716 5422 2770 5473; x_wconf 89' lang='lat' dir='ltr'><strong>in</strong></span> <span class='ocrx_word' id='word_1_786' title='bbox 2798 5421 3130 5488; x_wconf 79' lang='lat' dir='ltr'><strong>Bulgariam,</strong></span> <span class='ocrx_word' id='word_1_787' title='bbox 3160 5422 3246 5475; x_wconf 90' lang='lat' dir='ltr'><strong>cui</strong></span> <span class='ocrx_word' id='word_1_788' title='bbox 3271 5436 3426 5489; x_wconf 87' lang='lat' dir='ltr'><strong>opem</strong></span> <span class='ocrx_word' id='word_1_789' title='bbox 3455 5429 3605 5474; x_wconf 81' lang='lat' dir='ltr'><strong>esset</strong></span> 
     </span>
    </p>
   </div>
   <div class='ocr_carea' id='block_1_114' title="bbox 2028 5508 3597 5574">
    <p class='ocr_par' dir='ltr' id='par_1_114' title="bbox 2028 5508 3597 5574">
     <span class='ocr_line' id='line_1_114' title="bbox 2028 5508 3597 5574; baseline 0.001 -12"><span class='ocrx_word' id='word_1_790' title='bbox 2028 5508 2274 5574; x_wconf 85' lang='lat' dir='ltr'><strong>laturus,</strong></span> <span class='ocrx_word' id='word_1_791' title='bbox 2303 5512 2666 5573; x_wconf 78' lang='lat' dir='ltr'><strong>concessisse,</strong></span> <span class='ocrx_word' id='word_1_792' title='bbox 2698 5511 2935 5566; x_wconf 87' lang='lat' dir='ltr'><strong>subdole</strong></span> <span class='ocrx_word' id='word_1_793' title='bbox 2975 5511 3201 5574; x_wconf 75' lang='lat' dir='ltr'><strong>tinxere,</strong></span> <span class='ocrx_word' id='word_1_794' title='bbox 3240 5510 3395 5564; x_wconf 83' lang='lat' dir='ltr'><strong>falsis</strong></span> <span class='ocrx_word' id='word_1_795' title='bbox 3435 5512 3597 5564; x_wconf 87' lang='lat' dir='ltr'><strong>etiam</strong></span> 
     </span>
    </p>
   </div>
   <div class='ocr_carea' id='block_1_115' title="bbox 2029 5600 3599 5670">
    <p class='ocr_par' dir='ltr' id='par_1_115' title="bbox 2029 5600 3599 5670">
     <span class='ocr_line' id='line_1_115' title="bbox 2029 5600 3599 5670; baseline 0.001 -18"><span class='ocrx_word' id='word_1_796' title='bbox 2029 5600 2290 5670; x_wconf 88' lang='lat' dir='ltr'><strong>prodigiis</strong></span> <span class='ocrx_word' id='word_1_797' title='bbox 2317 5603 2443 5658; x_wconf 88' lang='lat' dir='ltr'><strong>huic</strong></span> <span class='ocrx_word' id='word_1_798' title='bbox 2468 5620 2567 5659; x_wconf 89' lang='lat' dir='ltr'><strong>suo</strong></span> <span class='ocrx_word' id='word_1_799' title='bbox 2600 5612 2912 5657; x_wconf 79' lang='lat' dir='ltr'><strong>commento</strong></span> <span class='ocrx_word' id='word_1_800' title='bbox 2960 5603 3118 5656; x_wconf 87' lang='lat' dir='ltr'><strong>fidem</strong></span> <span class='ocrx_word' id='word_1_801' title='bbox 3170 5602 3465 5655; x_wconf 86' lang='lat' dir='ltr'><strong>conciliare</strong></span> <span class='ocrx_word' id='word_1_802' title='bbox 3503 5616 3599 5653; x_wconf 84' lang='lat' dir='ltr'><strong>co-</strong></span> 
     </span>
    </p>
   </div>
   <div class='ocr_carea' id='block_1_116' title="bbox 2030 5694 3600 5766">
    <p class='ocr_par' dir='ltr' id='par_1_116' title="bbox 2030 5694 3600 5766">
     <span class='ocr_line' id='line_1_116' title="bbox 2030 5694 3600 5766; baseline 0.001 -19"><span class='ocrx_word' id='word_1_803' title='bbox 2030 5695 2179 5758; x_wconf 89' lang='lat' dir='ltr'><strong>nati;</strong></span> <span class='ocrx_word' id='word_1_804' title='bbox 2218 5695 2268 5747; x_wconf 88' lang='lat' dir='ltr'><strong>id</strong></span> <span class='ocrx_word' id='word_1_805' title='bbox 2316 5704 2495 5750; x_wconf 88' lang='lat' dir='ltr'><strong>autem</strong></span> <span class='ocrx_word' id='word_1_806' title='bbox 2531 5697 2641 5749; x_wconf 90' lang='lat' dir='ltr'><strong>duo</strong></span> <span class='ocrx_word' id='word_1_807' title='bbox 2693 5697 2900 5765; x_wconf 66' lang='lat' dir='ltr'><strong>praefati</strong></span> <span class='ocrx_word' id='word_1_808' title='bbox 2935 5696 3214 5766; x_wconf 87' lang='lat' dir='ltr'><strong>principes</strong></span> <span class='ocrx_word' id='word_1_809' title='bbox 3248 5695 3482 5748; x_wconf 65' lang='lat' dir='ltr'><strong>maxime</strong></span> <span class='ocrx_word' id='word_1_810' title='bbox 3520 5694 3600 5748; x_wconf 84' lang='lat' dir='ltr'><strong>fe-</strong></span> 
     </span>
    </p>
   </div>
   <div class='ocr_carea' id='block_1_117' title="bbox 2028 5787 3601 5861">
    <p class='ocr_par' dir='ltr' id='par_1_117' title="bbox 2028 5787 3601 5861">
     <span class='ocr_line' id='line_1_117' title="bbox 2028 5787 3601 5861; baseline 0.001 -22"><span class='ocrx_word' id='word_1_811' title='bbox 2028 5788 2171 5840; x_wconf 82' lang='lat' dir='ltr'><strong>cisse</strong></span> <span class='ocrx_word' id='word_1_812' title='bbox 2204 5787 2479 5861; x_wconf 53' lang='lat' dir='ltr'><strong>videntttr,</strong></span> <span class='ocrx_word' id='word_1_813' title='bbox 2515 5788 2596 5842; x_wconf 80' lang='lat' dir='ltr'><strong>vel</strong></span> <span class='ocrx_word' id='word_1_814' title='bbox 2631 5789 2798 5857; x_wconf 88' lang='lat' dir='ltr'><strong>quod,</strong></span> <span class='ocrx_word' id='word_1_815' title='bbox 2847 5804 2970 5843; x_wconf 87' lang='lat' dir='ltr'><strong>cum</strong></span> <span class='ocrx_word' id='word_1_816' title='bbox 3019 5787 3191 5842; x_wconf 72' lang='lat' dir='ltr'><strong>eladis</strong></span> <span class='ocrx_word' id='word_1_817' title='bbox 3232 5802 3395 5856; x_wconf 86' lang='lat' dir='ltr'><strong>prope</strong></span> <span class='ocrx_word' id='word_1_818' title='bbox 3425 5787 3601 5841; x_wconf 79' lang='lat' dir='ltr'><strong>Thcs-</strong></span> 
     </span>
    </p>
   </div>
   <div class='ocr_carea' id='block_1_118' title="bbox 2028 5877 3598 5947">
    <p class='ocr_par' dir='ltr' id='par_1_118' title="bbox 2028 5877 3598 5947">
     <span class='ocr_line' id='line_1_118' title="bbox 2028 5877 3598 5947; baseline 0.001 -15"><span class='ocrx_word' id='word_1_819' title='bbox 2028 5878 2325 5933; x_wconf 69' lang='lat' dir='ltr'><strong>salonicam</strong></span> <span class='ocrx_word' id='word_1_820' title='bbox 2366 5880 2659 5947; x_wconf 76' lang='lat' dir='ltr'><strong>majoribus</strong></span> <span class='ocrx_word' id='word_1_821' title='bbox 2695 5879 2811 5935; x_wconf 88' lang='lat' dir='ltr'><strong>suis</strong></span> <span class='ocrx_word' id='word_1_822' title='bbox 2839 5894 2982 5935; x_wconf 84' lang='lat' dir='ltr'><strong>anno</strong></span> <span class='ocrx_word' id='word_1_823' title='bbox 3014 5877 3140 5933; x_wconf 71' lang='lat' dir='ltr'><strong>ll)“</strong></span> <span class='ocrx_word' id='word_1_824' title='bbox 3180 5895 3208 5933; x_wconf 87' lang='lat' dir='ltr'><strong>a</strong></span> <span class='ocrx_word' id='word_1_825' title='bbox 3260 5887 3449 5933; x_wconf 78' lang='lat' dir='ltr'><strong>sancto</strong></span> <span class='ocrx_word' id='word_1_826' title='bbox 3495 5877 3598 5934; x_wconf 83' lang='lat' dir='ltr'><strong>De-</strong></span> 
     </span>
    </p>
   </div>
  </div>
