4070 6382
560 372 704 439 1403

1829 374 2488 436 ΞΗΡΡΙΕΜΕΝἸἮΜ.

3728 366 3885 430 14οι

559 489 756 545 metrio
783 487 965 553 illave,
1000 501 1273 544 memores
1303 487 1478 542 adhuc
1505 494 1715 551 essent,
1749 488 2033 550 timerent,
2067 504 2134 541 ne
2165 493 2211 550 Α
2246 488 2383 552 fiuit,
2436 489 2539 549 vel.
2591 499 2650 544 ιιι
2694 489 2789 544 alii
2841 490 3210 556 asserebant,
3265 489 3344 545 ira
3400 484 3684 542 Numinis
3737 479 3895 538 tristi

555 579 900 638 contribules
946 580 1028 634 sui
1051 619 1067 644 ,
1134 595 1294 649 quos.
1330 591 1389 635 ut
1414 579 1732 636 Graecorum
1761 579 1950 649 jugum
1983 595 2150 635 excu.

559 681 773 735 terent,
803 671 1084 741 impellere
1113 673 1459 736 nitebantur,
1502 687 1614 741 prae
1653 671 1855 725 similis
1888 670 2084 736 cladis,
2120 685 2150 724 a

563 772 758 817 sancto
792 761 1064 816 Demetrio
1094 762 1200 816 sibi
1238 761 1558 826 inferendae,
1599 763 1798 815 timore
1829 775 1858 814 a
1887 759 2152 815 defectio-

518 856 651 918 inis
683 853 916 908 consilio
947 853 1176 906 omnino
1228 853 1614 918 abhorrerent,
1657 852 1741 907 vel
1795 852 1959 906 etiam
2009 851 2153 921 quod

571 947 759 1009 hosce,
813 957 872 999 ut
921 945 1230 1016 promptius
1282 960 1437 998 arma
1481 945 1826 1015 arriperent,
1863 943 2086 1014 superni
2125 959 2155 997 ιι

563 1048 755 1092 sancto
781 1038 1053 1093 Demetrio
1083 1045 1234 1094 certo
1263 1037 1527 1102 adfuturi,
1563 1052 1672 1106 quo
1705 1036 2153 1104 potentissimum

567 1130 837 1198 majorum
891 1146 1116 1186 suorum
1166 1118 1472 1186 exercitium
1536 1127 1879 1200 proﬂigatum
1945 1128 2154 1194 fuisse,

567 1230 791 1278 norant.
821 1222 1025 1276 auxilio
1055 1219 1197 1276 facta
1228 1238 1325 1292 spe
1355 1222 1574 1277 facilius
1603 1221 1960 1276 adducendos
1996 1230 2159 1289 puta.

569 1322 715 1366 rent.
747 1311 852 1366 Sed
884 1311 954 1364 ita
986 1313 1153 1366 modo
1190 1329 1218 1365 a
1251 1311 1502 1367 Cedreno
1536 1312 1793 1376 relatum.
1827 1327 1938 1382 quo
1973 1310 2154 1368 Thes-

570 1405 829 1458 salonicm
859 1403 1024 1457 fuerit
1045 1418 1394 1467 succursum,
1416 1402 1603 1460 Sancti
1629 1404 1804 1458 nostri
1827 1403 2156 1459 miraculum

575 1503 856 1565 utcunque
882 1497 1220 1553 discussisse
1264 1495 1534 1564 sufﬁciat;
1567 1496 1634 1551 ad
1662 1494 1812 1551 aliud
1845 1511 2156 1552 sermonem

571 1596 985 1643 convertamus.

651 1679 704 1732 8.
735 1678 884 1733 Cum.
921 1679 1117 1735 Petrus
1153 1689 1207 1736 et
1248 1681 1393 1736 Asan
1440 1679 1639 1737 fratres
1674 1679 1923 1750 proxime
1955 1693 2162 1736 memo-

576 1773 700 1832 rati,
733 1772 934 1840 quibus
981 1774 1323 1843 potissimum
1366 1774 1801 1844 impellentibus,
1843 1772 2157 1828 Graecorum

568 1838 784 1929 jugnm,
835 1872 895 1918 ut
943 1838 1050 1933 iam
1082 1866 1310 1932 dictum,
1345 1838 1561 1936 Bulgari
1611 1872 1733 1935 post
1765 1879 1967 1919 annum
2019 1862 2160 1918 “85
2193 1838 2232 1894 Β

573 1965 956 2018 excusserant,
986 1957 1038 2010 in
1068 1957 1324 2028 Bulgaria
1365 1958 1545 2027 patria
1592 1972 1714 2023 sua,
1745 1971 1909 2026 quam
1945 1956 2160 2010 conati-

586 2045 687 2098 bus
719 2046 834 2100 suis
880 2045 1025 2101 felici
1061 2049 1427 2117 respondente
1458 2063 1742 2112 successu,
1767 2047 1821 2101 in
1849 2047 2159 2103 libertatem

573 2135 737 2190 etiam
771 2139 1466 2207 asseruerant,aliquandiu
1497 2139 1608 2207 jam
1639 2139 1926 2205 deminuti,
1963 2152 1994 2192 e
2025 2138 2160 2194 vivis

575 2238 766 2282 essent
799 2230 1025 2294 sublati,
1063 2231 1336 2286 successit
1379 2233 1432 2284 in
1469 2230 1736 2300 Bulgaria:
1783 2246 2017 2302 regnum
2071 2247 2163 2284 co-

577 2331 699 2369 rum
739 2317 906 2372 frater
934 2317 1196 2384 Joannes,
1230 2320 1324 2389 qui
1357 2320 1424 2374 ab
1457 2320 1579 2374 aliis
1610 2318 2036 2384 Caio-Joannes,
2065 2337 2158 2376 seu

577 2408 915 2471 Joannitza.
957 2421 1050 2464 aut
1098 2413 1261 2466 etiam
1303 2411 1618 2469 Joanuitius
1673 2414 1990 2469 norninatur
2057 2413 2160 2471 llic

579 2519 766 2568 porro.
791 2503 979 2560 multis
1010 2505 1181 2575 gestis
1214 2504 1397 2571 bellis,
1418 2521 1562 2561 anno
1592 2507 1808 2563 tandem
1833 2507 1970 2562 1207
1993 2508 2163 2564 Thes-

577 2595 877 2650 saloniram
927 2596 1131 2666 ingenti
1167 2597 1410 2652 exercitu
1460 2598 1713 2664 obsedit;
1751 2614 1938 2654 verum
1973 2601 2077 2653 hac
2109 2601 2162 2655 in

576 2687 924 2754 expeditione
955 2688 1170 2752 bellica,
1207 2703 1316 2741 non
1352 2703 1514 2744 secus
1568 2703 1631 2743 ac
1663 2691 1961 2754 Alnsianns
1995 2707 2162 2762 supra

578 2786 956 2840 memoratus,
1003 2776 1220 2834 fortuna
1275 2778 1646 2850 improspera,
1697 2784 2165 2851 quemadmodum

579 2866 848 2939 Georgius
881 2870 1219 2940 Acropolita,
1259 2873 1442 2926 saeculi
1484 2872 1626 2926 tertii
1670 2873 1868 2928 decimi
1905 2876 2163 2944 scriptor,

581 2963 737 3016 fidem
762 2963 912 3030 facit,
933 2975 1014 3020 est
1046 2980 1202 3029 usus,
1223 2966 1326 3021 sibi
1351 2965 1514 3020 etiam
1543 2973 1797 3019 sanctum
1820 2966 2154 3021 Demetrium

577 3054 863 3110 inimicum
895 3066 1176 3125 expertus.
1198 3058 1274 3111 Ita
1304 3067 1572 3127 quantum
1597 3058 1664 3113 ad
1694 3060 1796 3112 hoc
1825 3067 2164 3129 postremum

577 3158 633 3202 et
659 3149 800 3217 apud
833 3164 933 3203 nos
958 3149 1012 3203 in
1037 3149 1244 3204 codicis
1273 3151 1446 3205 nostri
1465 3150 1749 3222 -ι-ιιιεΛθὸ
1775 3152 2010 3221 prolixa,
2043 3167 2166 3221 qua:

577 3255 644 3294 ex
697 3238 897 3296 Leonis
929 3240 1118 3296 Allatii
1156 3258 1262 3298 ms.
1303 3241 1628 3313 deprompta
1669 3252 1924 3307 nmatur,
1975 3258 2168 3298 narra-

579 3333 748 3394 tione,
770 3331 984 3402 etapnd
1010 3333 1188 3402 ipsum
1210 3333 1468 3388 Allatium
1492 3334 1546 3388 in
1568 3335 1916 3390 concinnatis
1937 3335 2004 3388 ab
2023 3350 2087 3390 eo
2113 3336 2165 3388 iu

580 3423 911 3492 Acropolitaa
943 3423 1225 3478 historiam
1253 3424 1737 3490 Adnotationibus,
1767 3427 1931 3479 tertio
1955 3425 2168 3480 decimo

582 3515 744 3585 hujus
767 3529 888 3584 cap.
921 3514 1210 3580 subnexis,
1235 3514 1475 3572 Joannes
1501 3515 1823 3572 Stauracius
1849 3533 2017 3587 supra
2047 3518 2168 3586 plus

580 3606 750 3662 semel
787 3606 1065 3662 laudatus.
1099 3605 1402 3677 Scriptoris
1434 3607 1621 3680 hujus,
1656 3624 1778 3676 quae
1809 3609 1916 3663 huc
1948 3609 2169 3679 potissi-

523 3703 538 3718 ’
583 3713 734 3752 mum
778 3697 1013 3766 faciunt,
1057 3701 1220 3754 verba
1252 3699 1484 3770 aliquot,
1531 3710 1693 3771 prout
1728 3717 1758 3756 a
1789 3703 1998 3773 Cangio
2046 3703 2166 3759 loco

586 3806 712 3844 mox
744 3790 840 3846 cit.
869 3792 1090 3861 vulgata
1125 3801 1366 3858 exstant,
1395 3793 1659 3859 recitabo,
1688 3808 1809 3848 eum
1839 3795 2016 3862 prius,
2049 3811 2169 3866 quae

585 3883 692 3936 huc
734 3881 944 3951 pariter
975 3892 1260 3951 spectant,
1291 3883 1558 3937 nonnulla
1584 3881 1805 3952 Georgii
1835 3883 2167 3954 Acropolitze

585 3975 755 4031 verba
790 3975 844 4030 in
875 3976 1111 4032 medium
1139 3976 1442 4032 adduxero.
1475 3977 1572 4032 llic
1606 3978 1789 4048 itaque
1821 3980 2060 4050 scriptor
2107 3981 2163 4037 in

582 4067 848 4135 Historia,
881 4069 1026 4140 typis
1060 4067 1471 4143 Parisienrsihus
1513 4085 1658 4126 anno
1696 4072 1826 4126 l65l
1865 4073 2034 4136 edita,
2069 4090 2162 4129 se-

579 4161 804 4230 quentia
839 4160 1031 4216 istbzec
1063 4162 1224 4216 verba
1249 4202 1267 4228 ,
1299 4178 1420 4231 qme
1451 4161 1568 4219 fere
1607 4167 1790 4221 omnia
1826 4175 2015 4236 postea
2046 4169 2158 4224 ite-

582 4267 703 4306 rum
732 4253 784 4307 in
802 4253 1076 4308 Chronico
1099 4254 1512 4324 compendiario
1533 4255 1935 4311 Parisiensibus
1963 4259 2167 4328 pariter

581 4347 726 4416 typis
763 4346 953 4400 eodem
987 4362 1132 4400 anno
1162 4347 1385 4417 vulgato
1414 4363 1532 4418 pag.
1570 4348 1673 4404 115
1701 4352 1918 4419 repetit,
1956 4366 2080 4420 cap.
2103 4351 2168 4405 l5

579 4446 648 4492 de
683 4453 848 4506 supra
885 4449 1190 4494 memorato
1228 4438 1438 4495 Joanne
1469 4455 1565 4496 seu
1587 4440 1865 4498 Joannitio
1888 4445 2163 4498 autetiam

577 4529 890 4591 Joannitza,
929 4530 1291 4599 Bnlgarornm
1329 4548 1476 4603 rege.
1515 4536 1834 4605 suppeditat
1869 4554 1883 4590 :
1914 4555 1934 4590 ι
1981 4539 2019 4591 Ε
2047 4538 2169 4592 fun-
2203 4553 2245 4610 ο

577 4618 853 4674 dementis
875 4619 1101 4674 sustulit
1122 4620 1566 4692 Philippopolim,
1592 4627 1909 4694 praeclaram
1935 4629 2163 4683 nimium

580 4721 745 4782 atque
782 4710 1060 4782 egregiam
1104 4711 1320 4776 urbem,
1356 4728 1480 4782 qtae
1511 4713 1690 4770 llebro
1728 4719 1944 4787 adjacet
1968 4761 1984 4786 ,
2033 4721 2168 4774 alias

578 4806 842 4874 deinceps
889 4804 1204 4872 universas,
1249 4803 1594 4860 lleracleiam
1623 4847 1639 4871 .
1669 4807 1900 4863 Panium
1927 4852 1942 4876 ,
1976 4810 2168 4867 [laede-

581 4912 753 4962 stnm,
796 4895 1199 4968 Chariupolim,
1243 4897 1678 4969 Trajanupolim,
1725 4901 2169 4969 Macrem,Clau-

579 4990 884 5059 diupolim.
939 4990 1386 5063 Mosynupolim,
1441 4990 1865 5059 Peritheorion,
1922 4997 2170 5066 aliasque

578 5100 742 5150 quam
769 5083 1058 5154 plurimas,
1081 5101 1222 5156 quas
1243 5102 1572 5143 enumerare
1601 5103 1781 5158 opera:
1808 5093 2040 5158 pretium
2063 5105 2168 5145 uon

578 5183 678 5225 t-‘l.

657 5271 711 5322 9.
749 5288 769 5321 ι
813 5267 1218 5325 Multitudinem
1253 5270 1478 5342 abigens
1509 5271 1654 5327 circa
1692 5273 1811 5327 lstri
1839 5271 2038 5327 fluenta
2055 5273 2171 5327 col-

581 5359 752 5421 local,
794 5372 851 5416 et
881 5359 1344 5433 exjam'direptis
1387 5364 1627 5435 oppidis,
1677 5365 1904 5420 urbibus
1947 5366 2170 5420 nomina

582 5451 828 5522 propriis
858 5453 1097 5509 coloniis
1149 5455 1402 5525 imponit,
1435 5455 1661 5521 damna,
1698 5464 1756 5510 ut
1792 5457 1910 5525 ipse
1955 5456 2174 5510 dictita—

585 5545 700 5609 bat,
751 5560 1144 5614 compensans,
1180 5547 1384 5616 quibus
1424 5549 1726 5618 imperator
1774 5547 2008 5602 Basilius
2042 5547 2173 5602 Bul-

586 5655 749 5707 garos
778 5640 1084 5704 aliiixerat;
1109 5657 1348 5713 eumque
1379 5643 1654 5698 fatebatur
1685 5645 1792 5699 dici
1825 5644 2176 5712 Bulgarocto-

588 5745 742 5795 num,
779 5745 841 5786 se
886 5747 1016 5787 vero
1051 5733 1493 5788 llommoctonttm
1529 5734 1883 5802 indigitahat;
1917 5736 1961 5789 is
2002 5751 2174 5805 usque

586 5822 1038 5880 Thessalonicam
1104 5828 1430 5894 perrenirns
1491 5826 1699 5880 latcruli
1765 5829 1957 5882 inorbo
2011 5831 2172 5882 vitam

2261 590 2437 635 morte
2488 581 2746 636 multatus
2777 591 2885 637 est.
2935 582 3243 639 Somniavit
3289 579 3436 636 enim
3485 579 3591 634 abs
3648 586 3897 632 armato

2258 671 2362 726 sibi
2394 682 2610 726 astante
2641 668 2798 728 hasta
2831 673 2978 729 latus
3017 672 3277 737 confodi;
3327 687 3489 727 nemo
3521 670 3700 725 enim
3737 708 3757 732 ,
3796 684 3896 722 nec

2259 761 2518 826 mentior,
2547 777 2578 818 e
2607 764 2871 818 memoria
2901 763 3188 818 hominum
3221 769 3301 817 tot
3332 777 3397 818 ac
3430 761 3538 816 iste
3565 759 3898 814 calamus-

2258 853 2406 908 tibus
2458 853 2739 910 Bottianos
2772 854 2986 921 alllixit,
3019 855 3157 911 adeo
3186 863 3244 908 ut
3275 870 3304 908 a
3350 869 3486 908 cane
3530 867 3772 906 nomen
3820 851 3893 903 illi

2259 945 2573 1014 impositum
2615 946 2708 1010 sit,
2733 957 2787 1000 et
2819 945 3253 1017 Scylo-Joanncs
3289 944 3358 998 ab
3389 943 3674 1005 omnibus
3735 956 3897 994 com-

2257 1035 2576 1106 pelleretur.
2614 1054 2632 1088 ι
2673 1036 2750 1090 ita
2786 1036 3049 1092 hactenus
3099 1037 3447 1106 Acropolita,
3477 1033 3712 1090 Joanni
3755 1033 3888 1085 Bul-

2258 1143 2516 1196 garorum
2540 1128 2676 1199 regi,
2710 1144 2838 1184 cum
2855 1127 3304 1184 Thessalonicam
3351 1128 3681 1187 obsideret,
3717 1127 3891 1179 modo

2261 1219 2403 1274 haud
2451 1220 2692 1275 naturali
2721 1230 2953 1275 mortem
2985 1222 3300 1284 obvenisse,
3337 1220 3457 1284 sed,
3507 1218 3788 1273 Numine
3826 1217 3890 1271 ob

2261 1311 2468 1370 scelera
2521 1313 2589 1368 ab
2612 1328 2678 1368 eo
2708 1321 2919 1382 patrata
2981 1314 3145 1379 irato,
3181 1327 3418 1383 superna
3446 1312 3673 1365 virtute
3713 1309 3891 1364 fuisse

2263 1406 2546 1464 inﬂictam.
2594 1405 2910 1475 opinionem
2965 1405 3356 1460 nonnullorum
3407 1403 3749 1467 exstitisse,
3808 1412 3888 1454 sat

2262 1509 2448 1569 aperte
2480 1499 2568 1554 hic
2611 1499 2855 1566 docens;
2905 1497 3054 1553 illam
3103 1505 3286 1552 autem
3335 1510 3644 1566 supernam
3711 1495 3890 1546 virtu-

2265 1600 2394 1656 tem,
2432 1605 2539 1660 qna
2593 1591 2958 1662 Bulgarorum
2993 1606 3088 1646 rex
3120 1589 3362 1645 Joannes
3403 1587 3882 1643 Thessalonicam

2265 1682 2524 1738 obsidens
2582 1683 2842 1738 miserum
2877 1682 2930 1737 in
2961 1682 3186 1738 modum
3216 1681 3506 1744 interierit,
3529 1695 3559 1734 e
3585 1695 3886 1750 quorum-

2264 1771 2390 1827 dam
2425 1772 2687 1842 Opinione
2720 1788 2749 1827 a
2789 1781 2981 1828 sancto
3025 1770 3302 1827 Demetrio
3344 1770 3689 1841 profectam,
3719 1766 3880 1822 Joan-

2263 1879 2362 1921 nes
2399 1864 2722 1920 Stauracius
2770 1862 2914 1934 apud
2951 1863 3188 1919 Leonem
3223 1863 3480 1918 Allatium
3529 1862 3663 1918 loco
3703 1876 3878 1932 supra

2265 1958 2361 2012 cit.
2400 1957 2579 2013 verbis
2613 1955 2817 2012 Graecis
2860 1957 3141 2014 memoriae
3187 1956 3392 2026 prodit.
3448 1955 3524 2010 Ea
3576 1956 3759 2016 adeo,
3820 1967 3874 2009 ut

2265 2046 2426 2101 ﬁdem
2478 2046 2661 2101 datam
2693 2045 2958 2107 liberem,
2998 2046 3104 2100 huc
3140 2045 3300 2099 modo
3333 2061 3441 2100 una
3480 2061 3604 2100 cum
3644 2046 3874 2115 adjecta

2265 2135 2330 2191 ad
2373 2138 2578 2190 calcem
2613 2136 2867 2191 versione
2915 2135 3106 2190 Latina
3147 2134 3476 2191 transcribo.

2337 2226 2422 2282 l0.
2458 2227 2548 2282 Sic
2579 2229 2762 2296 itaque
2795 2228 2996 2283 habent.
3031 2243 3044 2280 ε
3081 2227 3217 2280 Τότε
3266 2227 3356 2296 δὴ,
3392 2227 3516 2279 τότε
3568 2226 3727 2296 ἀωρὶ
3768 2227 3874 2278 τῶν

2263 2319 2476 2372 νυκτῶν
2507 2321 2586 2382 εἰς
2619 2319 2775 2382 τέλος
2800 2319 2938 2384 Θεὸς
2993 2318 3091 2390 τὴν
3140 2318 3336 2371 ἑαυτοῦ
3375 2317 3476 2386 τῆς
3509 2318 3868 2388 ἐκδικήσεως

2267 2411 2544 2482 ῥομφαίαν
2575 2411 2927 2474 ἐστίλδωσεν,
2978 2411 3075 2466 καὶ
3125 2409 3399 2480 ὕπέθηξεν
3444 2409 3521 2473 ὡς
3554 2411 3614 2463 ὲν
3649 2411 3870 2480 θηγάνη

2264 2504 2342 2572 τῷ
2394 2503 2542 2574 ζήλῳ
2601 2503 2695 2558 τοῦ
2755 2505 3059 2574 μάρτυρος.
3118 2503 3229 2556 Καὶ
3268 2502 3465 2573 αἴφνης
3508 2503 3537 2556 ὁ
3579 2503 3868 2574 ἄγρυπνος

2265 2594 2341 2664 τῷ
2370 2595 2484 2648 ὄντι
2521 2595 2730 2662 φύλαξ,
2789 2596 2883 2648 καὶ
2962 2593 3250 2665 πολιοῦχος
3315 2594 3510 2663 ἡμῶν,
3550 2594 3651 2648 καὶ
3689 2596 3866 2665 μέγας

2266 2685 2358 2739 τοῦ
2428 2687 2665 2756 μεγάλου
2757 2687 3025 2758 βασιλέως
3105 2685 3449 2758 στρατιώτης
3542 2689 3867 2758 Δημήτριος

2268 2777 2508 2846 ἔφιππος
2561 2779 2647 2848 ἐφ’
2680 2780 2850 2833 ἵππου
2903 2779 3100 2832 λευκοῦ
3133 2779 3210 2850 τῷ
3242 2779 3706 2851 Βουλγαράνακτι
3742 2780 3864 2848 φαί-

2269 2885 2440 2930 νεται,
2473 2869 2569 2920 καὶ
2601 2869 2824 2939 καιρίαν
2849 2868 3128 2932 ἀκοντίζει
3164 2869 3504 2940 παραχρῆμα
3523 2870 3620 2922 τὸν
3652 2869 3859 2923 ἄολιον.

2281 2961 2339 3014 ’0
2378 2962 2434 3014 δὲ
2470 2961 2612 3031 μέγα
2668 2962 2987 3031 παραυτίκα
3021 2960 3354 3032 ἀνακραγὼν
3412 2961 3726 3015 κατεϐοᾶτο
3774 2958 3858 3012 τοῦ

2270 3053 2712 3125 ἀρχιστρατήγου
2769 3055 2865 3123 τῆς
2918 3055 3180 3123 στρατιᾶς
3211 3051 3378 3106 αὑτοῦ
3411 3054 3749 3122 Μαναστρᾶ.
3793 3051 3861 3111 ὡς

2271 3143 2434 3214 δῆθεν
2466 3144 2700 3216 τρωθεὶς
2739 3146 2832 3198 ὑπ’
2864 3145 3031 3199 αὐτοῦ
3061 3163 3075 3178 ⁸
3130 3146 3322 3199 τοῦτον
3373 3147 3482 3216 γὰρ
3524 3146 3709 3199 ἐδόκει
3736 3146 3859 3214 δρᾷν

2272 3235 2669 3303 ίππαζόμενον,
2704 3229 2860 3306 ᾧπερ
2890 3237 3108 3304 εὐγενεί
3137 3236 3232 3289 καὶ
3282 3237 3466 3307 λευκῷ
3493 3236 3649 3305 ἵππῳ
3689 3236 3858 3288 ἱππά-

2272 3325 2399 3392 ζετο
2453 3327 2553 3395 τῆς
2597 3328 2804 3397 σκηνῆς
2831 3327 2980 3381 ἔνδον
3024 3329 3340 3399 γενόμενον,
3403 3328 3500 3382 καὶ
3535 3327 3769 3408 λόγχην,
3798 3328 3856 3398 ἦν

2271 3417 2588 3488 περιέφερε,
2621 3421 2686 3490 τῇ
2711 3419 2913 3492 καρδίᾳ
2944 3419 3142 3473 τούτου
3169 3420 3523 3490 ὲμὸάψαντα.
3560 3422 3676 3474 Καὶ
3709 3420 3857 3483 αὖθις

2269 3508 2570 3562 κατεϐοᾶτο
2624 3511 2818 3564 τούτου
2859 3553 2873 3576 ,
2931 3514 3027 3567 καλ⁵
3086 3510 3370 3577 πολλάκις,
3413 3512 3488 3565 ὡς
3537 3512 3637 3564 καὶ
3701 3513 3854 3566 αὐτον

2267 3608 2388 3668 ταῖς
2418 3607 2688 3675 κραυγαῖς
2718 3605 3116 3678 Θορυδηθέντα.
3166 3608 3262 3661 καὶ
3305 3608 3743 3678 ἀναπηδήσαντα
3770 3607 3856 3677 τῆς

2271 3698 2586 3768 στρωμνῆς,
2620 3701 2678 3752 ὲν
2698 3699 2963 3766 γειτόνων
3002 3701 3111 3772 γάρ
3144 3695 3214 3771 ἦν
3238 3700 3395 3771 αὐτῷ
3433 3701 3466 3772 ἡ
3505 3701 3709 3771 σκηνὴ,
3751 3701 3852 3752 εἱσι

2270 3789 2446 3843 ελθεῖν
2480 3790 2577 3844 καὶ
2628 3791 2776 3858 ίδετν,
2809 3793 2904 3846 καὶ
2936 3793 3197 3863 φανῆναι,
3238 3793 3332 3847 καὶ
3371 3791 3628 3856 ἀκοῦσαι,
3666 3791 3746 3856 ὡς
3790 3789 3852 3843 Σύ

2271 3901 2341 3954 με
2373 3885 2480 3956 πρὸ
2519 3884 2770 3956 βραχέως
2824 3885 3064 3957 ἔφιππος
3120 3886 3200 3958 τῷ
3234 3886 3418 3957 λευκῷ
3459 3905 3552 3942 σου
3586 3887 3749 3958 ἵππῳ
3774 3902 3853 3954 γε·

2269 3975 2494 4045 νόμενος
2565 3975 2803 4030 ἐνταῦθα
2853 3977 3206 4047 κατέσφαξας
3284 3979 3482 4048 δόρατι
3515 3995 3532 4012 ο
3594 3980 3696 4032 καὶ
3773 3977 3854 4032 τὸν

2276 4067 2535 4130 γενέσθαι
2583 4069 2834 4140 περιδεᾶ,
2873 4073 2966 4126 καὶ
3004 4071 3184 4125 εἰπεῖν
3211 4085 3227 4100 ⁶
3269 4071 3361 4143 Μὴ
3394 4071 3456 4125 σύ
3490 4088 3577 4140 γε,
3617 4069 3851 4142 βασιλεῦ,

2273 4161 2660 4234 συμπάθησον,
2695 4163 2993 4235 οἴκτειρον,
3048 4164 3150 4219 οὐκ
3205 4164 3327 4218 ἔστι
3357 4165 3545 4230 τοῦτο,
3582 4165 3686 4218 οὐκ
3725 4166 3854 4218 ἐστι.

2272 4255 2470 4324 Φάσμα
2509 4271 2594 4309 σοι
2624 4258 2868 4324 γέγονεν,
2915 4256 3016 4310 οὐκ
3055 4255 3309 4326 ἀλήθειασ
3339 4257 3553 4320 ἐκεῖνος
3581 4259 3667 4321 είς
3703 4257 3857 4329 βάθος

2271 4348 2571 4418 δεξάμενος
2601 4349 2700 4420 τὴν
2733 4348 2951 4422 πληγὴν
2973 4347 3289 4421 ὲστροδείτο
3313 4348 3527 4415 δεινῶς,
3563 4349 3855 4421 ὲκέκραγε,

2271 4442 2366 4492 καὶ
2409 4439 2759 4506 άνωλώλυεε.

2347 4532 2435 4586 ll.
2489 4532 2774 4586 Νύσσεται
2821 4531 2915 4586 οὖν
2958 4533 3056 4604 τὴν
3112 4534 3327 4588 κοιλίαν
3377 4532 3578 4598 εὐθὺς,
3622 4532 3725 4586 καὶ
3765 4531 3849 4604 ῥοῦ

2272 4623 2454 4677 ἱκανὸν
2500 4625 2980 4693 ἁκραιφνεστάτου
3029 4626 3264 4696 αἵματος
3310 4626 3562 4680 κάτωθεν
3596 4626 3852 4698 ἀπορρεῖ,

2269 4716 2416 4776 ὅπως
2459 4715 2524 4769 ἂν
2571 4716 2718 4787 βαφῇ
2768 4719 2796 4769 ὁ
2829 4717 2966 4782 ποῦς
3021 4735 3127 4798 σοι,
3182 4719 3489 4790 Δημήτριε,
3518 4719 3719 4788 αἵματι
3763 4718 3856 4772 τῶν

2271 4807 2481 4879 ἐχθρῶν
2523 4826 2616 4862 σου
2651 4810 2792 4881 ὑπὲρ
2821 4811 2923 4880 τῆς
2973 4812 3071 4881 σῆς
3099 4811 3261 4880 τῆσδε
3296 4812 3526 4875 πόλεως.
3562 4813 3671 4865 Καὶ
3701 4810 3859 4881 ἄρχε-

2271 4915 2359 4952 ται
2394 4899 2494 4971 ἤδη
2547 4899 2922 4972 λειποψυχεῖν.
2971 4902 3159 4957 Ταῦτα
3197 4902 3324 4956 ίδὼν
3356 4905 3384 4957 ὁ
3428 4904 3528 4974 τῆς
3575 4902 3859 4971 δυνάμεως

2277 4991 2444 5044 αὐτοῦ
2501 4993 2948 5064 ἀρχιστράτηγος
2995 4994 3356 5067 Μαναστρᾶς,
3399 4989 3433 5071 ᾖ
3484 4996 3684 5065 τάχους
3716 4991 3856 5064 εἶχεν

2275 5082 2469 5135 ὕπτιον
2500 5083 2696 5137 τοῦτον
2738 5087 3070 5151 ἐπιϐιϐάσας
3106 5087 3491 5159 προτροπάδην
3519 5087 3738 5158 φεύγει,
3773 5087 3859 5139 καὶ

2274 5177 2524 5230 κλέπτων
2565 5179 2667 5250 τὴν
2701 5180 3004 5251 σωτηρίαν,
3037 5182 3157 5252 μεθ’
3177 5183 3304 5235 ὅσου
3328 5182 3528 5253 τάχους
3561 5181 3855 5250 ὑποχωρεῖ.

2275 5271 2368 5322 καὶ
2402 5271 2520 5340 μετ’
2558 5271 2729 5324 αὑτοῦ
2781 5274 2878 5326 καὶ
2927 5275 3025 5327 σὺν
3061 5274 3214 5344 αὑτῷ
3242 5274 3389 5328 ἅπαν
3435 5275 3616 5328 ἐκεῖνο
3651 5274 3716 5326 τὸ
3763 5291 3860 5342 μυο

2280 5362 2578 5431 ριοπληθὲς
2626 5366 3087 5435 στρατολογικὸν,
3123 5366 3269 5421 οὕτω
3318 5369 3552 5438 ταχέως,
3588 5365 3725 5420 ὡσεὶ
3771 5366 3856 5420 καὶ

2277 5453 2532 5525 βορεάδαι
2577 5457 2720 5520 τινὲς
2777 5459 2918 5512 κατὰ
2961 5462 3089 5525 τοὺς
3150 5461 3588 5532 Θρυλλουμένους
3635 5450 3856 5521 τούτους

2275 5547 2519 5602 ἐδίωκον.
2545 5547 2714 5612 Φόϐος
2746 5551 2854 5622 γὰρ
2889 5552 3074 5618 αὐτοῖς
3109 5554 3202 5606 καὶ
3246 5553 3448 5625 τρόμος
3477 5552 3682 5621 ἐπῆλθε
3718 5551 3858 5606 κατά

2276 5658 2401 5695 τινα
2456 5641 2615 5710 ξένην
2650 5643 3128 5713 ἀντιπερίστασιν
3159 5645 3296 5699 ἀλλὰ
3327 5647 3437 5716 γάρ
3486 5645 3590 5700 οὐκ
3641 5645 3719 5708 είς
3760 5662 3857 5714 μα·

2279 5733 2418 5802 κρὲιν
2473 5732 2649 5804 τούτῳ
2713 5735 2773 5790 τὸ
2830 5737 2951 5807 ζῇν,
3007 5737 3123 5791 ἀλλ’
3155 5737 3468 5809 αὐθημερὸν
3525 5738 3666 5808 προς
3706 5737 3856 5807 ἡλίου

2281 5824 2493 5896 δυσμὰς
2547 5826 2688 5882 κατὰ
2735 5825 2796 5882 τὸ
2841 5828 2897 5882 ἐν
2929 5830 3046 5892 ταῖς
3078 5828 3336 5893 ἱστορίαις
3373 5826 3512 5893 ζῶον
3549 5828 3856 5899 μονήμερον
