4090 6384
328 423 466 488 1105

1383 427 1448 487 8.
1491 425 1866 486 DEMETRII
1902 425 2294 487 MAR'I'YRIS
2321 426 2528 488 ACTA.

3455 421 3594 488 “06

325 540 552 608 θνήσκει
583 537 798 611 βιαίως,
831 535 1006 600 οὕτως
1031 537 1060 590 ὁ
1102 537 1286 603 ἄθλιος
1314 541 1414 611 τῆς
1451 543 1660 603 οἰκείας
1694 547 1894 606 κακίας

2007 542 2384 596 intestinorum
2420 543 2568 598 illius
2598 545 2914 613 sanguinen
2965 543 3019 597 in
3071 540 3225 596 inulti
3269 538 3584 611 sanguinis,

323 632 416 684 καὶ
461 632 830 704 ματαιότητος
857 629 1205 703 δρεψάμενος
1250 635 1380 696 τοὺς
1407 636 1676 705 καρποὺς,
1707 636 1901 706 μέχρις

322 724 490 779 αὑτοῦ
530 725 754 796 τρυγῐου
793 726 854 779 τὸ
895 727 1056 780 κόνδυ
1105 725 1200 780 τοῦ
1247 725 1423 795 θυμοῦ
1456 725 1686 790 ἐκπιὼν,
1721 731 1815 781 καὶ
1841 729 1905 781 τδ

321 819 423 885 τῆς
483 816 654 887 ὀργῆς
706 816 918 885 Κυρίου
975 819 1281 888 ποτήριον,
1319 818 1415 870 καὶ
1483 818 1903 888 μεμεθυσμένου

325 909 473 962 θείου
522 909 685 980 ξυροῦ
735 912 816 974 εἰς
861 912 1058 979 πεῖραν
1106 910 1297 964 ἐλθών.
1335 909 1693 980 Ἐπεστράφη
1735 911 1846 980 γὰρ
1876 911 1906 963 ὁ

323 1001 486 1064 πόνος
537 1001 703 1055 αὑτοῦ
756 1005 840 1066 εἰς
890 1003 1134 1073 κεφαλὴν
1189 1001 1376 1066 αὑτοῦ,
1417 1003 1511 1056 καὶ
1539 1003 1634 1055 ἐπὶ
1657 1002 1906 1072 κορυφὴν

329 1091 426 1159 μὲν
459 1093 492 1160 ἡ
525 1092 708 1146 ἀδικία
739 1093 907 1148 αὐτοῦ
938 1094 1170 1166 κατὲ6η’
1208 1096 1292 1158 εἰς
1322 1094 1517 1166 βόθρον
1543 1095 1588 1148 δ’
1624 1095 1685 1148 ὃν
1715 1097 1906 1167 εἰργάο

328 1201 483 1247 cavo,
509 1189 789 1250 πέπτωκε,
828 1189 925 1242 καὶ
959 1188 1056 1257 μία
1106 1187 1419 1257 μαρτυρικὴ
1457 1187 1606 1257 βολὶς
1650 1188 1730 1251 εἰς
1765 1188 1909 1242 ἐκδί-

326 1279 713 1349 κησινῆρκεσι
742 1279 853 1334 τῶν
887 1279 1104 1333 πολλῶν
1135 1277 1348 1333 ἐκείνου
1382 1278 1596 1343 κακῶν,
1631 1282 1728 1334 καὶ
1763 1277 1907 1348 αἷμα

327 1367 508 1437 ἐξέχεε
537 1369 744 1424 δίκαιον
774 1370 880 1424 τῶν
911 1371 1167 1442 ιγκάτων
1199 1370 1368 1426 αὐτοῦ
1408 1369 1622 1425 πολλῶν
1654 1371 1908 1439 αἱμάτων

325 1458 527 1514 ἀδίκων
559 1460 656 1515 ἀντ
666 1462 872 1517 ἱπονον.

403 1597 489 1651 I2.
519 1596 596 1653 En
634 1614 778 1654 nunc
804 1601 1110 1657 versionem
1139 1602 1426 1657 Latinam:
1451 1601 1618 1657 «Tum
1645 1601 1907 1658 continuo

328 1697 490 1744 nocte
513 1689 841 1760 intempesta
873 1693 1095 1748 ultionis
1115 1711 1228 1750 sum
1252 1694 1491 1765 gladium
1521 1694 1665 1751 Deus
1688 1694 1908 1748 tamlem

328 1782 574 1844 strinxit,
627 1791 791 1852 atque
846 1785 897 1838 in
947 1785 1066 1840 zelo
1099 1789 1376 1858 martyris,
1424 1787 1588 1842 veluti
1640 1787 1695 1842 in
1742 1795 1906 1852 eote,

327 1875 566 1928 exacuit.
595 1873 792 1928 Subito
823 1877 990 1946 igitur
1017 1887 1204 1933 custos
1228 1895 1354 1933 vere
1381 1879 1531 1948 vigil,
1559 1881 1908 1949 civitatisque
1941 1880 1982 1935 Β

331 1977 528 2020 nostra:
563 1982 764 2036 praeses
798 1983 860 2022 ac
902 1984 1132 2040 magnus
1180 1971 1360 2041 magni
1407 1969 1568 2040 Regis
1607 1971 1762 2026 miles
1800 1971 1907 2027 De-

329 2061 578 2128 metrius,
611 2077 752 2132 equo
783 2064 904 2118 albo
951 2064 1216 2130 insidens,
1250 2066 1609 2135 Bnlgarorum
1647 2067 1762 2137 regi
1810 2082 1909 2138 ap-

333 2164 507 2223 paret.
547 2155 861 2228 miseroque
912 2158 1059 2213 illico
1096 2160 1294 2214 vulnus
1327 2161 1528 2215 Iethale
1560 2158 1774 2228 inﬂigit.
1808 2159 1909 2216 Ilic

329 2256 509 2298 autem
575 2247 763 2301 statim
834 2263 1163 2317 magnopere
1214 2250 1524 2305 vociferans
1589 2265 1904 2319 snprenmm

328 2338 604 2392 exercitus
627 2339 712 2392 soi
744 2339 937 2394 ducem
971 2340 1320 2408 Manastram,
1351 2344 1520 2397 veluti
1562 2343 1814 2397 videlicet
1839 2344 1907 2394 ab

326 2444 392 2482 eo
419 2429 600 2494 lmsus,
622 2430 974 2488 inclamabat.
1007 2430 1163 2486 IIunc
1188 2435 1356 2497 enim,
1379 2435 1470 2503 qui
1496 2435 1788 2504 equitaret,
1812 2449 1906 2503 ge—

327 2535 526 2575 neroso
565 2535 628 2575 ac
663 2521 805 2585 albo,
830 2537 939 2590 quo
967 2524 1287 2587 vehebatur,
1313 2540 1455 2596 equo
1485 2527 1778 2580 tentorium
1812 2527 1899 2578 itt-

329 2625 604 2680 gressum,
642 2613 991 2683 hastamque,
1022 2630 1184 2684 quant
1235 2631 1422 2670 secum
1462 2616 1692 2679 ferebat,
1723 2617 1777 2670 in
1813 2632 1910 2672 cor

311 2707 492 2757 'sunm
528 2703 930 2774 demergentem
967 2695 1336 2763 seseilintueri
1390 2708 1771 2772 existimabat;
1807 2709 1906 2762 ile-

329 2807 562 2862 rumque
595 2808 658 2848 ac
707 2809 848 2863 same
890 2795 1038 2849 illum
1087 2797 1443 2858 inclamabat,
1499 2799 1571 2850 ita
1615 2808 1673 2851 nt
1717 2807 1770 2853 el
1822 2799 1904 2853 eis

327 2883 660 2939 clamoribus
687 2887 959 2941 excitatus
993 2888 1242 2958 lectoque
1283 2889 1548 2943 exsilieus
1583 2891 1904 2958 (tentorium

327 2974 471 3030 enim
507 2975 554 3029 ei
581 2985 700 3029 erat
728 2976 780 3030 in
813 2977 1032 3048 vicinia)
1063 2977 1445 3048 ingrederetur
1479 2995 1542 3033 ac
1575 2980 1906 3050 circumspi-

327 3077 498 3134 ceret,
530 3083 699 3139 seque
742 3070 920 3141 ipsum
971 3072 1326 3137 ostenderet,
1377 3089 1438 3128 ac
1484 3075 1574 3142 qni
1608 3073 1688 3128 Tu
1740 3090 1860 3127 mox
1889 3113 1902 3136 .

327 3176 468 3230 equo
497 3171 590 3216 tuo
627 3163 750 3218 albo
783 3165 892 3219 buc
924 3163 1210 3232 advectus,
1247 3165 1402 3220 basta
1437 3183 1521 3222 tne
1553 3167 1904 3230 interemisii,

328 3256 560 3318 audiret,
589 3256 891 3326 timoreque
926 3257 1321 3326 percelleretnr
1345 3274 1408 3313 ac
1441 3259 1647 3314 diceret
1682 3275 1695 3311 :
1721 3257 1799 3314 Ne
1827 3269 1908 3320 tu,

330 3361 448 3407 rex,
479 3348 636 3402 malis
675 3348 870 3404 alienis
891 3349 1150 3404 afliciaris
1179 3365 1193 3403 :
1225 3353 1411 3420 quieto
1445 3353 1631 3405 animo
1668 3351 1766 3407 eis.
1793 3351 1908 3405 Non

327 3446 413 3492 est
455 3439 528 3502 id,
563 3455 671 3493 non
706 3449 810 3496 est.
847 3441 1091 3511 Species,
1129 3459 1237 3498 non
1280 3443 1507 3506 veritas,
1537 3445 1632 3497 tibi
1665 3443 1905 3498 obvenit.

325 3530 443 3596 Ille,
475 3533 628 3600 plaga
666 3531 935 3600 profunde
967 3544 1215 3603 accepta,
1248 3535 1489 3604 graviter
1523 3535 1906 3605 torquebatur,

327 3623 731 3679 vociferabatur
760 3639 822 3679 ac
849 3624 1108 3695 ejulabat.

402 3761 486 3815 15.
525 3778 543 3812 t
589 3758 785 3816 Ventre
817 3759 984 3830 igitur
1013 3761 1196 3816 statim
1229 3761 1561 3824 lancinatnr,
1593 3760 1909 3816 sufficienti-

328 3868 432 3924 que
466 3853 620 3922 copia
657 3855 978 3924 sanguinem
1011 3863 1313 3917 recentem,
1349 3863 1407 3908 ut
1444 3854 1540 3908 tibi
1569 3895 1584 3920 ,
1623 3853 1859 3907 Demetri
1888 3893 1904 3917 ,

332 3960 433 4016 pro
473 3954 562 3998 tua
597 3945 698 3999 hac
731 3946 952 4001 civitate
989 3947 1335 4001 inimicorum
1370 3947 1636 4016 sanguine
1669 3962 1764 4014 pes
1797 3947 1907 4001 tin-

330 4046 514 4109 gatur,
540 4037 797 4093 deorsum
829 4041 1049 4103 emittit,
1078 4040 1304 4109 jamque
1337 4039 1528 4108 incipit
1559 4039 1744 4094 animo
1772 4039 1907 4093 defl-

326 4146 472 4185 cere.
512 4129 638 4185 Haec
665 4146 952 4197 supremus
984 4132 1262 4186 exercitus
1304 4131 1423 4200 ejus
1461 4131 1568 4184 dux
1599 4130 1906 4187 Manastras

327 4221 697 4288 conspicatus,
737 4237 860 4276 cum
896 4239 1020 4277 eum
1048 4237 1211 4292 quam
1241 4223 1417 4292 potuit
1443 4223 1730 4278 celerrime
1759 4239 1904 4292 equo

326 4316 580 4382 supinum
609 4315 982 4384 imposuisset,
1012 4330 1175 4369 cursu
1211 4314 1492 4369 concitato
1519 4315 1678 4385 fugit,
1710 4316 1904 4371 saluti-

326 4426 432 4475 que
451 4408 752 4462 consulens
784 4405 1072 4461 celerrime
1099 4405 1290 4475 pedem
1321 4406 1511 4470 refert,
1545 4424 1762 4478 unaque
1778 4424 1902 4462 cum

327 4502 420 4554 illo
457 4516 521 4555 ac
547 4517 643 4570 per
676 4499 797 4568 ejus
829 4499 1140 4553 mandatum
1171 4501 1352 4554 omnis
1381 4515 1444 4554 ea
1479 4501 1760 4555 innumera
1799 4501 1900 4555 mi-

2005 633 2207 704 injuste
2235 635 2412 700 effusi,
2453 649 2668 705 ptenam
2703 635 2913 691 effudit.
2950 653 2968 686 ι

2080 728 2168 782 II.
2201 725 2325 782 Haec
2361 729 2481 783 loco
2515 743 2680 797 supra
2725 727 2893 781 citato
2925 724 3168 782 Joannes
3212 723 3540 780 Stauracius
3570 738 3588 788 ;

2007 837 2197 878 verum
2230 837 2392 885 anne,
2431 821 2507 874 uti
2537 821 2690 876 bisce
2724 819 2912 875 Graece
2943 821 3106 874 sintut
3153 829 3208 873 et
3253 816 3444 872 Latine
3479 816 3592 883 jam

2007 915 2251 970 recitatis
2278 915 2459 970 verbis
2493 914 2683 979 tradit,
2712 912 2954 968 Joannes
2985 929 3081 968 seu
3103 910 3436 974 Joannitius,
3470 907 3597 960 Buf-

2007 1021 2266 1075 garornm
2298 1021 2413 1070 rex,
2449 1007 2574 1059 dum
2599 1004 3043 1060 Thessalonicam
3079 1003 3378 1066 obsideret,
3409 1017 3439 1056 a
3471 1015 3594 1055 san-

2007 1109 2098 1154 cto
2127 1101 2415 1158 Demetrio.
2453 1114 2610 1168 opem
2650 1099 2778 1151 bnic
2808 1098 3015 1152 civitati
3050 1113 3164 1152 suae
3193 1097 3360 1150 natali
3396 1094 3588 1163 prodi-

2009 1193 2161 1262 giose
2192 1191 2420 1254 ferente,
2456 1192 2636 1258 reipsa
2676 1189 2778 1243 fuit
2817 1189 3077 1242 occisus?
3110 1191 3315 1242 Auctor
3339 1187 3431 1241 ille
3461 1185 3590 1254 qui-

2009 1284 2155 1349 dem,
2188 1284 2648 1352 quemadmodum
2671 1283 2724 1337 in
2758 1281 3172 1336 Commentario
3200 1278 3404 1348 prawio
3433 1293 3585 1330 num.

2007 1375 2078 1431 26
2105 1375 2298 1440 docui,
2330 1375 2528 1429 saeculo
2564 1376 2726 1428 tertio
2765 1373 2982 1427 decium
3036 1369 3449 1425 verosimiilime
3492 1367 3592 1422 ﬂo-

2012 1471 2144 1534 ruit,
2176 1483 2238 1522 ac
2272 1469 2426 1538 proin
2453 1468 2656 1522 sacculo
2687 1467 2904 1528 eodem,
2943 1481 3051 1535 quo
3077 1464 3365 1526 Joannem,
3389 1461 3591 1529 Bulga-

2010 1577 2196 1618 rorum
2233 1576 2435 1630 regem,
2471 1561 2523 1614 in
2564 1558 2856 1614 obsidione
2891 1555 3370 1612 Tbessalonicensi
3405 1552 3589 1606 necari

2009 1668 2040 1708 e
2073 1666 2238 1720 supra
2281 1651 2444 1705 dictis
2491 1649 2758 1718 contigit;
2797 1664 2983 1702 verum
3017 1663 3139 1701 cum
3177 1647 3365 1702 etiam.
3399 1657 3594 1711 quem-

2011 1737 2303 1794 admodum
2337 1735 2476 1792 iufra
2503 1738 2736 1798 docebo.
2769 1737 2820 1791 in
2862 1736 3052 1790 codice
3085 1743 3274 1788 nostro
3299 1731 3442 1802 fma
3491 1731 3590 1785 195

2015 1846 2134 1900 pag.
2159 1830 2227 1884 93
2252 1845 2359 1884 non
2392 1834 2625 1885 obscure
2661 1829 2876 1894 innuat,
2911 1831 3001 1881 diu
3033 1837 3159 1880 ante
3181 1834 3396 1880 aetatem
3431 1839 3585 1878 suam

2013 1921 2214 1976 factum
2245 1935 2368 1976 esse
2403 1920 2477 1983 id,
2508 1921 2652 1988 quod
2675 1921 3017 1976 Emmanueli
3047 1920 3348 1979 Comneno,
3370 1915 3590 1969 Graeco-

2013 2028 2132 2067 rum
2159 2014 2229 2066 ab
2260 2028 2402 2068 anno
2437 2013 2573 2069 1145
2600 2012 2666 2068 ad
2718 2028 2920 2067 annum
2971 2029 3144 2082 usque
3188 2010 3320 2065 1180
3349 2011 3589 2078 impera.

2011 2105 2140 2169 turi,
2177 2122 2203 2158 a
2234 2115 2422 2160 sancto
2454 2105 2727 2160 Demetrio
2757 2107 3050 2161 obvenisse
3077 2147 3092 2171 ,
3128 2105 3326 2158 ibidem
3363 2111 3590 2166 narrat,

2012 2195 2156 2249 baud
2189 2193 2352 2249 citius
2379 2195 2671 2263 equidem,
2723 2212 2886 2264 quam
2933 2197 3126 2249 eodem
3183 2193 3382 2248 s:eculo
3430 2193 3592 2246 tertio

2010 2287 2224 2343 decitno
2261 2287 2493 2339 multum
2526 2286 2636 2354 jam
2671 2297 2930 2356 provet-to
2975 2286 3233 2340 ﬂoruisse
3273 2284 3488 2338 videtur
3527 2297 3592 2336 ac

2011 2379 2168 2450 proin
2205 2394 2234 2431 a
2267 2375 2496 2432 Joannis
2527 2375 2884 2446 Bulgarorum
2921 2377 3068 2444 regis
3102 2391 3258 2438 nece,
3289 2389 3412 2444 qua:
3442 2368 3589 2427 anno

2009 2486 2076 2525 ex
2111 2470 2270 2525 dictis
2299 2469 2436 2524 1207
2473 2469 2675 2532 evenit,
2709 2469 2974 2523 remotius
3009 2468 3276 2530 abfuisse.
3319 2482 3482 2536 quam
3531 2473 3594 2517 ut

2010 2563 2137 2624 sibi,
2190 2565 2317 2615 dum
2363 2575 2484 2616 eam
2534 2569 2726 2616 sancto
2778 2559 3052 2614 Demetrio
3102 2558 3394 2622 attribuit,
3433 2557 3591 2611 fidem

2009 2665 2214 2713 certam
2263 2662 2428 2724 atque
2473 2653 2833 2708 indubitatam
2889 2653 3188 2707 conciliare
3223 2661 3406 2720 queat.
3441 2649 3591 2714 Nec,

2009 2751 2110 2804 etsi
2140 2748 2302 2802 etiam
2338 2747 2523 2803 smcnli
2563 2747 2694 2802 dicti
2733 2746 2890 2800 initio
2915 2745 3164 2806 dixisset,
3201 2743 3361 2798 aliter
3391 2742 3459 2796 de
3497 2743 3592 2796 illo

2013 2843 2111 2897 bat:
2147 2841 2199 2896 in
2242 2859 2300 2897 re
2331 2841 2472 2896 foret
2504 2841 2856 2909 Ianendum.
2889 2837 3098 2892 Etenim
3141 2835 3432 2900 Joannem,
3457 2834 3583 2888 Bul-

2010 2950 2266 3003 garorum
2305 2949 2508 3004 regem,
2534 2949 2563 2986 a
2597 2943 2788 2986 sancto
2821 2932 3095 2986 Demetrio
3119 2931 3288 2984 fuisse
3323 2929 3591 2991 occisum,

2010 3044 2038 3079 c
2076 3026 2220 3093 vulgi
2248 3026 2512 3080 duntaxat
2543 3026 2683 3079 fama
2711 3065 2726 3090 ,
2761 3039 2883 3094 qua:
2920 3033 3083 3078 aetate
3115 3037 3210 3076 sua
3243 3021 3542 3076 obtinuerit
3571 3060 3588 3084 ,

2008 3117 2446 3182 verosimillime,
2483 3133 2551 3172 nc
2581 3117 2822 3185 amplius
2867 3115 2997 3184 quid
3033 3115 3252 3179 dicam,
3291 3114 3344 3167 in
3379 3113 3602 3168 litteras-

1934 3241 1980 3305 ο
2013 3210 2244 3264 miserit.
2281 3209 2359 3264 Ita
2393 3211 2476 3265 vel
2508 3211 2743 3264 maxime
2774 3224 2842 3264 ex
2873 3223 2938 3264 eo
2965 3220 3214 3272 autumo,
3241 3206 3386 3276 quod
3421 3203 3593 3258 Geor-

2014 3303 2132 3372 gius
2167 3303 2503 3373 Acropolita,
2547 3306 2639 3372 qui
2689 3301 2893 3370 pariter
2935 3300 3137 3356 sreculo
3170 3301 3334 3353 tertio
3377 3298 3592 3352 decimo

2013 3397 2220 3460 floruit,
2261 3397 2472 3468 prtefati
2511 3397 2869 3467 Bulgarornm
2904 3397 3051 3464 regis
3100 3410 3287 3449 necem
3339 3407 3594 3462 supernae

2012 3489 2204 3542 saltem
2234 3489 2420 3542 virtuti
2447 3503 2477 3541 a
2509 3489 2790 3541 nonnullis
2828 3488 3002 3542 fuisse
3028 3487 3379 3550 attributam,
3419 3500 3584 3554 supra

2012 3581 2118 3634 huc
2149 3581 2493 3649 tranScriptis
2529 3580 2709 3634 verbis
2735 3581 3014 3634 memoria:
3044 3583 3257 3648 prodat,
3293 3580 3475 3648 itaque
3510 3579 3591 3633 si-

2013 3672 2124 3725 mul
2163 3675 2385 3736 fatuam;
2422 3685 2455 3723 a
2480 3672 2758 3725 nonnullis
2793 3671 2924 3735 illis,
2949 3670 3042 3740 qui
3075 3670 3126 3723 id
3155 3671 3351 3737 fecere,
3380 3679 3589 3738 natam,

2011 3759 2256 3815 indicare
2292 3762 2554 3814 videatur.

2082 3848 2172 3902 15.
2198 3847 2398 3904 Verum
2425 3865 2586 3904 nemo
2619 3867 2723 3904 non
2750 3850 2924 3916 novit,
2952 3867 3112 3921 quam
3141 3867 3283 3921 saepe
3305 3851 3438 3906 falsa
3467 3867 3590 3907 esse

2011 3940 2150 3994 fama
2187 3941 2358 3996 soleat
2383 3979 2397 4005 ,
2434 3941 2667 3994 maxime
2699 3942 2742 3995 si
2777 3943 3088 3997 communis
3121 3942 3269 3997 baud
3301 3943 3402 4008 sit;
3439 3957 3591 3996 com-

2010 4048 2229 4087 munem
2269 4042 2449 4086 antem
2500 4032 2648 4087 illam
2695 4033 2843 4088 baud
2883 4033 3092 4100 fuisse,
3141 4051 3209 4089 ex
3262 4035 3589 4104 Acropolitze

2008 4129 2192 4184 verbis
2219 4127 2496 4182 observari
2533 4128 2718 4194 velim,
2757 4130 3024 4200 facileque
3059 4129 3176 4185 fieri
3222 4131 3488 4196 potuisse,
3523 4140 3584 4184 ut

2007 4234 2038 4274 e
2061 4217 2285 4272 Joannis
2313 4219 2456 4287 regis
2488 4219 2723 4284 somnio,
2759 4222 2922 4290 cujus
2954 4221 3096 4275 idem
3139 4221 3460 4290 Acropolita
3490 4223 3588 4276 ibi-

2007 4310 2128 4366 dem
2161 4310 2434 4372 meminit,
2467 4311 2804 4367 sinisterille
2827 4313 2894 4366 de
2921 4313 3072 4366 iliata
3101 4314 3334 4383 principi
3371 4315 3457 4368 isti
3493 4331 3589 4382 per

2007 4409 2260 4455 sanctum
2291 4399 2623 4454 Demetrium
2660 4417 2794 4456 nece
2831 4418 3020 4457 rumor
3049 4419 3276 4471 sparsus
3298 4444 3313 4469 ,
3353 4419 3591 4474 moxque

2008 4509 2036 4547 a
2067 4493 2302 4548 credulis
2335 4492 2564 4547 nimium
2609 4493 2762 4564 justo
2807 4495 3026 4550 facilius
3074 4496 3235 4550 fuerit
3264 4497 3542 4552 admissus
3571 4538 3588 4561 ,

326 4593 480 4646 litum
521 4591 833 4653 multitudo.
887 4591 958 4644 ita
1003 4589 1346 4654 festinanter,
1369 4605 1433 4644 ac
1465 4591 1510 4646 si
1545 4592 1768 4662 quidam
1813 4607 1899 4648 se-
1932 4589 1977 4645 D
2011 4584 2138 4639 licet
2171 4585 2386 4639 interim
2415 4584 2676 4654 Joannes,
2715 4603 2823 4642 non
2877 4589 3109 4643 violenta
3139 4631 3153 4656 ,
3211 4590 3307 4645 sed
3349 4592 3587 4645 naturali

327 4683 567 4738 cundum
605 4683 845 4738 fabulam
877 4681 1060 4737 Borea:
1090 4681 1183 4736 filii
1217 4697 1311 4737 eos
1339 4682 1782 4752 insequerentur.
1815 4683 1906 4739 Ti-

329 4792 449 4831 mor
488 4777 632 4830 enim
665 4791 730 4830 ac
763 4784 970 4831 tremor
1015 4773 1319 4830 secundum
1370 4790 1566 4828 novam
1613 4776 1901 4846 quamdam

330 4885 512 4924 rerum
550 4869 983 4924 vicissitudinem
1021 4867 1180 4922 irruit
1222 4882 1386 4935 super
1421 4882 1538 4923 eos.
1569 4867 1638 4922 At
1685 4883 1817 4924 vero
1851 4867 1902 4922 ei

329 4960 381 5012 in
418 4959 556 5011 vivis
589 4957 679 5012 ditt
718 4973 941 5014 manere
971 4957 1114 5012 baud
1146 4957 1382 5028 obtigit,
1418 4959 1516 5013 sed
1567 4961 1680 5029 ipsa
1713 4959 1901 5015 eadem

326 5052 415 5107 die
435 5062 557 5105 ante
579 5051 712 5105 solis
735 5066 1014 5115 occasum,
1042 5051 1120 5106 uti
1153 5051 1207 5105 in
1229 5051 1475 5108 historiis
1495 5052 1712 5122 legitur,
1737 5053 1902 5108 unius

327 5145 434 5199 diei
477 5143 680 5198 animal
727 5143 957 5198 violenta
1013 5153 1187 5198 morte
1227 5143 1528 5198 occumbit.
1586 5142 1661 5196 lta
1713 5144 1901 5199 miseri

327 5236 393 5291 ad
433 5235 611 5304 ipsum
649 5251 821 5305 usque
869 5233 1098 5290 fundum
1135 5234 1351 5290 Domini
1382 5235 1639 5291 vindicta:
1671 5236 1891 5307 poculo,

329 5323 737 5395 iracundiaeque
789 5324 958 5380 calice
1014 5325 1328 5390 exhausto,
1387 5333 1550 5395 atque
1605 5323 1904 5379 abundanti

331 5415 612 5469 novacula:
641 5415 838 5470 divina
866 5415 1241 5484 experimento
1271 5423 1516 5488 sumpto,
1545 5415 1766 5471 malitia:
1790 5430 1905 5472 suae

330 5520 394 5560 ac
429 5506 688 5561 vanitatis
723 5505 936 5561 fructus
973 5505 1212 5578 collegit.
1254 5510 1388 5579 Ejus
1434 5507 1581 5564 enim
1635 5508 1791 5568 labor
1848 5510 1902 5566 in

330 5607 490 5663 caput
520 5598 636 5666 ejus
668 5613 970 5653 conversus
1002 5606 1107 5653 est.
1143 5599 1222 5654 Ac
1251 5600 1373 5670 ejus
1401 5601 1620 5671 quidem
1646 5601 1909 5673 iniquitas
1943 5615 1950 5620 '

330 5705 493 5760 supra
530 5689 788 5744 verticem
820 5689 1142 5756 descendit;
1173 5689 1228 5745 in
1260 5689 1474 5746 foveam
1499 5702 1703 5759 autem,
1732 5708 1896 5764 quam

328 5782 478 5847 fecit,
523 5783 760 5847 cecidit.
797 5797 1077 5854 unumque
1111 5783 1370 5854 martyris
1397 5783 1640 5852 jaculum
1679 5785 1731 5840 in
1765 5786 1903 5840 mnf-

330 5887 506 5930 tarum
540 5875 656 5945 ejus
693 5875 1038 5947 iniquitatum
1065 5873 1362 5932 vindictam
1387 5874 1622 5943 Inﬁccit,
1642 5875 1896 5948 justeque

2010 4686 2185 4732 morte
2219 4677 2383 4731 vitam
2417 4677 2792 4735 terminasset.
2826 4680 3027 4736 Adbaec
3059 4681 3390 4752 Αι-ιιυροιίιο,
3425 4698 3587 4751 quem

2011 4765 2299 4823 Stauracio
2327 4770 2619 4842 suffragari
2657 4787 2764 4826 non
2799 4789 2958 4827 nemo
2992 4774 3132 4828 forte
3165 4775 3462 4834 existimet,
3499 4789 3590 4842 ge-

2006 4861 2238 4914 neratint
2275 4862 2539 4917 duntaxat
2566 4864 2736 4918 divini
2767 4862 3152 4934 Numinisjrm,
3185 4880 3291 4934 qua
3325 4863 3586 4930 Joannes,

2009 4951 2368 5019 Bulgarorum
2409 4971 2524 5017 rex,
2563 4956 2729 5010 fuerit
2757 4966 2988 5012 necatus
3011 4997 3026 5023 ,
3059 4972 3163 5012 non
3205 4966 3387 5012 autem
3421 4960 3586 5012 etiam

2003 5046 2210 5102 diserte
2261 5047 2434 5102 sancti
2473 5047 2730 5102 Demetrii
2787 5051 3119 5103 mentionem
3155 5049 3324 5113 facit,
3365 5065 3467 5105 nec
3499 5049 3586 5103 nl-

2011 5137 2122 5191 lum
2157 5137 2422 5193 hactenus
2451 5147 2594 5193 nota:
2622 5138 2742 5194 fidei
2777 5141 3190 5198 auctoritatisve
3235 5142 3582 5211 scriptorem,

2005 5227 2098 5296 qui
2148 5225 2345 5283 Joanui
2382 5228 2677 5284 Stauracio
2729 5234 3092 5297 assenxiatur,
3132 5233 3375 5286 invenire
3407 5233 3580 5302 quivi.

2005 5321 2240 5377 Allatius
2272 5320 2490 5391 quidem
2523 5325 2872 5396 transcriptis
2907 5340 2936 5379 a
2966 5341 3091 5381 sese
3118 5325 3237 5379 loco
3269 5341 3432 5394 supra
3478 5326 3579 5379 cit.

2003 5413 2232 5471 Joannis
2269 5413 2540 5470 Stanracii
2587 5417 2772 5472 verbis
2823 5417 3104 5487 subjungit
3150 5434 3164 5482 ;
3213 5435 3232 5468 ι
3289 5417 3345 5471 In
3394 5417 3584 5472 codice

2013 5507 2269 5560 Vaticano
2300 5506 2515 5561 CLXIII
2548 5507 2599 5560 in
2636 5509 2880 5577 margine
2912 5508 3165 5564 Historia:
3190 5508 3469 5564 Chom'atw
3504 5509 3586 5563 Ie-

2002 5598 2148 5668 gitur
2190 5614 2206 5654 :
2261 5591 2434 5662 υῦτός
2502 5600 2652 5652 ιστιν
2685 5601 2715 5652 ό
2757 5601 2825 5652 cio
2842 5599 2975 5670 εσὴς
3011 5599 3425 5670 Σκυλοῖωάννης
3458 5602 3584 5653 ἐπι-

2009 5689 2231 5762 κληθεὶς
2283 5689 2535 5762 ὕστερον,
2599 5690 2658 5746 ὃν
2707 5693 2919 5745 ἀνεῖλεν
2973 5695 3000 5747 ό
3054 5694 3230 5764 μέγας
3273 5697 3584 5767 Δημήτριος

2013 5784 2314 5854 προδήλως,
2343 5783 2488 5838 uti
2537 5784 2636 5853 τῆς
2678 5783 3077 5858 Θεσσαλονέχης
3104 5787 3579 5859 ὶπιστρατιύυανς

2003 5895 2086 5944 τι,
2143 5876 2217 5940 ὡς
2275 5879 2329 5928 ἐν
2363 5877 2476 5938 τοῖς
2534 5873 2745 5931 ὶκείνου
2803 5876 3073 5950 ϐήμασιν
3110 5883 3532 5950 ἀναγέγριπται
3566 5895 3581 5915 ·
