4070 6382
548 424 685 493 1137

1843 414 2497 478 ΞΠΡΡΕΕΧῙΕΝΊἩΜ.

3726 401 3866 466 1408

554 556 572 588 ι
614 537 713 591 llic
760 546 842 592 est
884 536 1085 606 impius
1137 537 1299 609 Srylu
1330 536 1576 591 Joannes
1630 535 1848 590 tauden
1904 532 2085 587 dictus
2118 571 2131 592 ,
2172 576 2173 581 η

2284 524 2930 595 ρημυῶν¹άπειλῃτικῶς
2998 522 3169 576 ἐκίνει
3224 520 3602 589 κατατοὶμᾷν,
3656 519 3769 570 καὶ
3820 521 3866 569 εί

546 647 709 700 quem
747 628 1191 685 Thessalonicam
1226 631 1443 696 agtniue
1469 631 1670 683 infesto
1704 627 2140 697 aggredicntem,

549 738 783 791 magnus
831 722 1157 788 Demetrius,
1191 724 1268 776 uti
1305 723 1358 776 itt
1392 724 1513 792 ejus
1548 720 1832 775 miraculis
1880 719 2140 785 scriptum

553 822 659 875 est,
691 814 982 868 manifesto
1015 815 1239 868 occidit.
1278 833 1298 866 ι
1352 812 1514 868 Hisce
1549 823 1735 866 autem
1765 812 1950 865 verbis
1978 809 2144 864 Joan-

559 921 657 959 nes
684 920 780 959 seu
801 904 1135 969 Joannitius,
1165 905 1524 975 Bulgarorum
1564 921 1680 962 rex.
1707 904 1926 956 tandem
1953 904 2140 965 etiam,

560 998 638 1050 uti
680 1012 853 1068 supra
892 999 1102 1065 pariter
1152 999 1463 1067 Acropolita
1517 998 1699 1060 docet,
1753 996 2146 1067 Scyloioaunes

559 1092 1008 1157 cognominatus,
1068 1106 1097 1143 a
1167 1099 1360 1144 sancto
1419 1090 1691 1143 Detnetrio
1748 1088 1806 1141 in
1860 1087 2146 1140 obsidione

560 1178 1036 1235 'l‘hessalonicensi
1076 1179 1245 1235 fuisse
1295 1180 1656 1248 interemptus
1710 1178 2146 1233 luculentissime

563 1288 697 1327 sane
736 1273 1018 1327 traditur:
1052 1288 1242 1327 verum
1275 1288 1402 1326 cum
1430 1274 1723 1326 verborum
1755 1272 1995 1334 illorum,
2025 1286 2149 1340 quae

562 1365 848 1420 Cboniataa
888 1365 1033 1419 hand
1067 1365 1440 1429 attribuenda,
1477 1373 1688 1419 certum
1736 1370 2009 1433 apparet,
2045 1378 2149 1417 au-

563 1469 769 1513 ctorem
805 1455 1037 1510 Allatius
1070 1470 1176 1510 non
1209 1454 1427 1525 prodat,
1460 1454 1618 1523 isquo
1650 1454 1877 1509 aliunde
1914 1470 2024 1507 non
2063 1456 2150 1507 in-

568 1555 833 1609 notescat,
867 1547 1185 1613 neutiquam
1217 1562 1302 1611 ea,
1333 1553 1394 1599 ut
1425 1546 1695 1614 prodigio,
1728 1546 1874 1614 quod
1905 1545 2148 1610 tradunt,

569 1639 728 1691 fidem
763 1637 1124 1691 indubitatam
1163 1637 1387 1699 faciant,
1420 1638 1719 1699 sufficiunt,
1754 1638 1883 1692 licet
1929 1637 2151 1693 interim

571 1740 848 1799 utcunque
892 1728 1086 1784 Joanni
1141 1728 1431 1785 Stauracio
1480 1730 1764 1800 suffragari
1820 1730 2150 1798 videantur,

571 1823 675 1877 uisi
710 1822 872 1885 forte,
916 1825 1006 1892 qui
1037 1839 1099 1879 ea
1129 1826 1196 1877 ad
1246 1823 1524 1879 Choniatze
1551 1824 1802 1878 Historiae
1850 1825 2149 1895 marginem

573 1914 795 1983 adjecit,
830 1916 1082 1984 ipsamet,
1120 1927 1172 1970 ut
1210 1917 1260 1969 id
1295 1915 1521 1980 faceret,
1566 1914 1797 1971 Joannis
1835 1915 2110 1971 Stauracii
2137 1956 2150 1976 ,

572 2020 737 2072 quem
777 2005 1001 2075 legerat,
1040 2006 1360 2061 narratione
1394 2006 1563 2061 fuerit
1596 2006 1889 2078 impulsus.

578 2113 608 2184 ς
631 2113 691 2169 Il.
726 2114 990 2171 Min-acula
1017 2119 1208 2172 sarculo
1235 2118 1434 2172 decimo
1458 2119 1772 2184 posteriora,
1800 2135 1916 2181 qua’
1944 2120 1996 2172 in
2024 2118 2157 2172 alio-

646 2201 765 2238 rum
809 2188 969 2240 etiam
998 2228 1010 2245 .
1048 2204 1208 2256 quam
1243 2190 1296 2241 in
1340 2187 1885 2242 Thessalonicensium
1919 2190 2153 2252 favorem

647 2272 681 2308 a
708 2266 891 2309 sancto
932 2258 1191 2312 Demetrio
1218 2258 1466 2326 feruntur
1496 2268 1735 2327 patrata.

653 2368 738 2422 16.
772 2369 1011 2431 Gabriel.
1035 2372 1127 2441 qui
1159 2372 1227 2426 ab
1251 2372 1375 2426 aliis
1402 2370 1728 2427 Radomirus
1758 2374 2160 2439 autetiamzlto-

584 2476 783 2517 manus
813 2463 1143 2532 appellatur,
1183 2463 1426 2520 Samueli
1453 2465 1590 2536 patri
1627 2482 1750 2527 suo,
1783 2482 1927 2520 anno
1968 2467 2106 2521 l0”
2130 2483 2159 2520 e

583 2551 719 2606 vivis
753 2553 989 2617 sublato,
1026 2557 1077 2608 in
1104 2555 1373 2625 Bulgarize
1403 2570 1630 2626 regnum
1663 2558 1953 2620 successit,
1987 2573 2161 2614 anno-

580 2660 688 2714 que
720 2648 971 2715 seqneuti
1022 2660 1144 2717 post
1185 2648 1350 2702 breve
1393 2664 1529 2704 sane
1573 2665 1801 2719 regnum
1834 2651 2001 2704 vitam
2032 2666 2157 2704 cmn

588 2749 762 2793 ntorte
788 2739 856 2793 Ἡ
885 2737 1142 2810 Octobris
1173 2741 1261 2794 die
1280 2785 1295 2806 ,
1332 2742 1407 2794 uti
1440 2757 1505 2794 ex
1534 2740 1785 2795 Cedreno
1814 2742 2047 2811 aliisque
2080 2744 2163 2796 in-

586 2831 854 2898 telligitur
884 2872 898 2895 ,
929 2834 1314 2886 commutavit.
1345 2831 1587 2887 Joannes
1641 2831 1966 2887 Stauracius
1998 2847 2162 2901 supra

588 2923 845 2979 laudatus
901 2925 1202 2994 principem
1253 2926 1396 2982 hunc
1437 2926 1737 2980 teterrimis
1780 2925 2059 2980 coloribus
2110 2927 2163 2981 in

588 3010 780 3065 codice
821 3020 1010 3067 nostro
1040 3014 1257 3082 signato
1287 3013 1328 3084 -ι-
1371 3030 1476 3069 ms.
1509 3015 1612 3070 195
1647 3015 1743 3069 fol.
1782 3015 1852 3069 86
1879 3015 2116 3087 deping‘t
2152 3060 2166 3082 ,

590 3102 797 3172 aitque,
822 3119 967 3168 eum,
988 3120 1110 3158 cum
1141 3106 1196 3159 in
1212 3104 1396 3167 Soski,
1422 3107 1755 3176 regittnculaa
1784 3108 1917 3162 mihi
1944 3108 2165 3177 ignoue.

2251 616 2325 685 μὴ
2369 616 2524 667 ποσὶν
2568 614 2797 676 οἰκείοις
2853 616 2881 666 ὁ
2946 610 3164 666 διώκων
3230 612 3432 680 φθάσοι
3479 610 3548 663 τὸ
3607 610 3868 679 θήραμα

2246 707 2390 760 κατὰ.
2427 705 2671 775 κεφαλῆς
2708 704 2862 773 αὐτῷ
2898 701 3159 772 παραυτὰ
3195 703 3228 771 ἡ
3276 700 3483 770 πληγὴ,
3518 700 3621 753 καὶ
3658 701 3868 768 νειρὶς

2246 800 2352 853 ἀνὰ
2403 799 2565 867 μέσον
2623 796 2803 849 ἔκειτο
2841 795 2951 847 τῶν
3007 794 3172 863 ὀρῶν.
3232 794 3343 847 Καὶ
3386 794 3416 846 ὀ
3470 795 3574 860 μὲν
3616 792 3867 861 ἀπηνῶς

2250 891 2395 944 οὕτω
2433 890 2529 943 καὶ
2578 888 2963 960 ἀπανθρώπως
3032 883 3367 955 ἐμάστιζεν·
3402 886 3431 936 ὀ
3466 885 3526 937 δὲ
3555 887 3754 954 ταχὺς
3782 888 3864 946 εἰς

2248 982 2557 1054 ἀντίληψιν,
2603 982 2703 1035 καὶ
2755 980 2882 1045 ὀξὺς
2925 981 3007 1041 εἰς
3054 976 3379 1047 ἐπικουρίαν
3427 975 3610 1045 μέγας
3660 977 3865 1045 Amat-

2253 1091 2428 1145 τριος,
2463 1075 2659 1141 φθάνει
2697 1073 2791 1125 τδν
2820 1071 3086 1124 κάκιστον
3130 1070 3257 1123 ὅσον
3295 1071 3393 1123 καὶ
3424 1068 3728 1137 ἀστραπὴ,
3762 1070 3864 1120 ἁνὰ

2254 1168 2417 1236 μέσον
2447 1165 2591 1235 ὁρῶν
2626 1162 3035 1234 κυνηγετοῦντα
3089 1162 3187 1215 καὶ
3239 1160 3661 1231 ίππαζόμευον,
3696 1159 3864 1225 ἔτιπ-

2251 1276 2371 1321 πος,
2404 1259 2497 1310 καὶ
2551 1255 2776 1326 καιρίαν
2810 1254 3040 1324 πλήττει
3095 1254 3187 1306 τὸν
3231 1254 3465 1306 δείλαιον
3519 1252 3618 1305 τοῦ
3675 1252 3859 1305 ἵπποι

2255 1351 2477 1420 μακρὰν
2536 1348 3121 1417 άποσφαιρισάμενος.
3167 1344 3392 1416 Ἐώρων
3435 1345 3530 1398 τον
3571 1346 3766 1414 μέγαν
3810 1349 3862 1408 ἐς

2251 1442 2571 1510 τούμφανὲς
2606 1439 2684 1509 τῷ
2724 1438 3039 1509 Ῥαδομιρῷ
3090 1437 3446 1507 ἐφεπόμενοι,
3495 1437 3660 1499 ὅπως
3697 1436 3861 1489 αὑτὸν

2254 1535 2461 1603 σφοδρᾷ
2518 1535 2586 1602 τῇ
2642 1531 2791 1602 ῥύμῃ
2854 1531 2951 1584 καὶ
3006 1529 3201 1599 ἐπέϐη,
3241 1530 3337 1583 καὶ
3365 1532 3433 1599 τῇ
3478 1528 3664 1601 λόγχῃ
3702 1531 3866 1582 κατέ-

2255 1624 2445 1692 σφαξε.
2506 1624 2613 1676 Καὶ
2644 1624 2670 1674 ὁ
2712 1623 2922 1692 μάρτυς
2978 1622 3078 1691 μὲν
3135 1623 3395 1691 παραυτὰ
3438 1621 3688 1691 άςακιής·
3729 1625 3758 1674 ὁ
3808 1622 3863 1674 δε

2255 1714 2549 1787 νεκρυῦται
2593 1716 2963 1785 παραχρῆμα,
3002 1714 3101 1767 καὶ
3131 1714 3286 1784 παρὰ
3316 1712 3410 1765 τὸν
3442 1712 3578 1785 ᾅδην
3621 1714 3696 1766 τὰ
3728 1714 3863 1766 ὀστᾶ

2257 1809 2716 1879 διεσκόρπισται,
2787 1806 2884 1859 καὶ
2950 1808 2977 1858 ὁ
3051 1804 3586 1875 καταπεπονημένος
3644 1806 3865 1869 ἐκεῖνος

2258 1905 2401 1968 ἄπας
2453 1905 2581 1966 tuo;
2622 1902 2899 1975 ἑώρταζον
2945 1902 3022 1973 τῷ
3061 1901 3285 1971 μεγάλῳ
3320 1903 3506 1973 piata.
3550 1921 3569 1952 ι
3609 1901 3764 1954 Cum
3799 1918 3859 1954 ra

2259 1998 2425 2067 igitur
2472 1996 2771 2050 humanam
2826 1994 3059 2048 fortnam
3112 2008 3311 2063 gerens
3347 1992 3459 2047 fera
3494 1991 3864 2064 (Radomirus

2259 2089 2468 2143 scilicet
2505 2086 2775 2157 Bulgaria:
2812 2084 2928 2156 rex)
2966 2084 3021 2138 in
3060 2084 3180 2139 loro
3232 2085 3326 2139 illo
3373 2085 3465 2138 diu
3516 2093 3865 2144 moraretur,

2258 2197 2454 2235 omnes
2489 2179 2834 2235 dilacerabat
2883 2187 3051 2248 atque
3081 2177 3504 2249 depasccbatur.
3557 2177 3714 2231 Hine
3758 2178 3866 2230 Illis

2260 2274 2418 2328 ﬂetus
2453 2283 2507 2327 et
2535 2272 2857 2326 lamentatio
2895 2279 2948 2325 et
2972 2271 3261 2340 planetus;
3291 2286 3505 2340 voxque
3539 2270 3864 2338 sanguinis,

2260 2385 2422 2439 quem
2462 2366 2711 2436 quotidie
2749 2364 3069 2418 effundebat
3092 2404 3111 2429 ,
3144 2373 3441 2434 martyrem
3474 2362 3824 2417 inclamabat
3851 2406 3865 2423 .

2261 2476 2323 2514 ac
2355 2461 2649 2514 vindictam
2684 2468 2869 2527 atque,
2912 2466 2971 2511 ut
3014 2456 3425 2526 quamprimum
3479 2454 3597 2518 illo,
3630 2454 3734 2521 qui
3771 2469 3866 2507 eos

2261 2553 2549 2624 afﬂigebat,
2579 2552 2964 2617 liberarentur,
2988 2549 3338 2620 postulabat;
3373 2547 3465 2602 ille
3487 2558 3707 2612 autem,
3739 2565 3866 2602 cum

2262 2645 2517 2717 martyris
2545 2659 2743 2699 nomen
2780 2644 2985 2714 saepius
3020 2642 3349 2698 invocantes
3381 2640 3627 2702 audiret.
3656 2641 3715 2695 id
3747 2644 3869 2711 qui-

2262 2738 2381 2791 dem
2417 2735 2677 2790 irridebat
2702 2736 3001 2805 sauuisque
3031 2733 3381 2803 excipiebat;
3411 2733 3481 2787 iis
3515 2742 3711 2785 autem
3750 2736 3874 2802 pla-

2265 2844 2357 2898 gas
2395 2828 2562 2895 magis
2591 2826 2841 2896 augebat,
2880 2825 3131 2887 Videant,
3173 2825 3388 2888 dicens,
3445 2840 3579 2877 nutu
3617 2825 3812 2878 veniat
3841 2841 3872 2879 e

2270 2920 2521 2976 manibus
2555 2919 2691 2972 ntcis
2727 2917 2880 2986 ipsos
2919 2917 3253 2971 liberaturus
3287 2917 3617 2970 Demetrius.

2345 3011 2427 3064 l8.
2468 3028 2487 3062 ι
2531 3009 2669 3075 Quid
2699 3008 2907 3077 igitttr?
2937 3007 3350 3062 Commiscrans
3383 3023 3445 3061 ac
3482 3022 3720 3078 uagnus
3761 3006 3869 3060 De-

2275 3104 2501 3158 metrius
2536 3102 2799 3168 ﬂectitur,
2834 3101 2899 3155 ad
2929 3100 3375 3169 compcditorutn
3412 3113 3600 3153 vocem
3647 3099 3869 3153 mendi-

595 3194 802 3261 incolas
828 3196 1104 3251 dirissimr
1130 3198 1373 3263 8:!!Vil'el,
1421 3198 1610 3266 hique,
1652 3213 1764 3268 quo
1796 3199 1921 3270 ejus
1954 3217 2170 3271 grassa-
2197 3220 2239 3272 ε
2274 3211 2577 3264 eorumque
2615 3193 2876 3263 gemitum
2922 3192 3194 3262 exsurgit,
3236 3192 3566 3262 proprioque
3619 3208 3651 3246 a
3708 3208 3872 3261 grege

593 3285 835 3341 tionibus
880 3287 1270 3353 liberarentur,
1319 3299 1575 3345 sanctum
1630 3290 1967 3347 Demetrium
2022 3295 2175 3349 invo-

595 3391 813 3435 cassmtt
834 3422 848 3443 ,
888 3381 1010 3436 neci
1043 3382 1208 3437 etiam
1243 3383 1310 3437 ab
1342 3383 1445 3438 hoc
1478 3383 1696 3437 tandem
1718 3426 1733 3448 ,
1766 3401 1875 3439 non
1925 3401 2082 3439 secus
2112 3402 2177 3439 ac

594 3470 860 3527 Joannem
897 3488 1061 3540 supra
1097 3482 1484 3549 memoratum,
1520 3474 1705 3526 datum
1739 3474 1930 3528 fuisse.
1977 3474 2175 3542 Verba,

601 3564 708 3618 huc
756 3562 1083 3630 spectantia,
1132 3561 1356 3617 omissis
1403 3572 1613 3629 tamen,
1668 3564 1872 3633 quibus
1910 3566 2178 3622 Gabrielis

600 3673 695 3712 seu
731 3654 1009 3712 Radomiri
1042 3671 1222 3709 mures
1253 3668 1448 3709 auctor
1471 3656 1775 3722 describit,
1805 3656 1999 3713 lectori
2035 3659 2167 3715 libet

601 3747 880 3809 exhibere,
909 3748 1089 3801 addita
1115 3748 1279 3803 etiam
1308 3750 1374 3802 ad
1407 3750 1612 3804 calcem
1646 3749 1966 3805 eorumdem
2011 3751 2177 3806 inter-

602 3841 907 3911 pretatimte
957 3839 1172 3895 Latina.
1222 3838 1314 3896 Sic
1369 3842 1568 3896 habent
1602 3858 1616 3895 :
1650 3841 1742 3912 Τῷ
1797 3842 1961 3913 χώρῳ
2007 3844 2182 3915 τούτῳ

604 3932 786 3987 τοίνυν
840 3932 1104 4002 χρονίζων
1149 3934 1178 3985 ὁ
1209 3932 1680 4003 άνθρωπόμορςος
1710 3928 1865 3998 οὗτος
1912 3936 2039 4007 θὴρ,
2073 3938 2184 3990 διε-

608 4025 890 4094 σπάραττε
931 4025 1140 4103 πάντας
1176 4026 1269 4077 καὶ
1325 4025 1676 4078 διεὸόσκετο·
1727 4026 1926 4097 θρῆνος
1977 4030 2181 4094 αὐτοῖς,

608 4116 706 4170 καὶ
727 4115 993 4186 ὀδυρμὸς.
1028 4116 1124 4169 καὶ
1154 4116 1302 4182 οὐαὶ,
1356 4116 1452 4171 καὶ
1482 4117 1639 4188 φωνὴ
1668 4118 1921 4188 αἱμάτων
1952 4122 2181 4185 ἐκεῖθεν.

614 4208 651 4266 ἃ
677 4210 801 4264 καθ’
827 4211 1047 4280 ἡμέραν
1094 4208 1330 4278 ἐξέχεεν,
1368 4209 1634 4262 ἐπεϐοᾶτο
1671 4209 1747 4278 τῷ
1780 4210 2051 4283 μάρτυρι,
2091 4213 2187 4267 καὶ

608 4298 708 4368 τὴν
757 4299 1040 4366 ἐκδίκησιν
1092 4298 1342 4369 ἐζήτουν,
1390 4300 1485 4351 καὶ
1514 4302 1738 4368 ταχεῖαν
1763 4300 1859 4352 τοῦ
1888 4300 2186 4365 λυποῦντος

609 4388 710 4459 τὴν
759 4388 1153 4459 ἀπολύτρωσιν.
1200 4388 1259 4441 '0
1312 4388 1367 4441 δὲ
1394 4428 1409 4453 ,
1464 4390 1560 4443 καὶ
1596 4390 1662 4460 δὴ
1696 4391 1959 4454 πολλάκις
1994 4395 2188 4447 ἐπικα-

610 4481 906 4552 λουμένους
967 4482 1166 4543 αὐτοὺς
1230 4482 1442 4536 ἁκούων
1499 4482 1672 4553 ὄνομα
1724 4483 1821 4537 τοῦ
1883 4488 2181 4556 μάρτυρος,

614 4572 882 4637 κατεγέλα
935 4573 1036 4641 μὲν
1083 4575 1250 4626 αὐτοῦ
1308 4575 1404 4627 καὶ
1442 4554 1897 4645 ὲξεμυκτήριζεν,
1946 4554 2188 4632 ἐπέτεινε
2223 4554 2263 4606 D

612 4664 669 4716 δὲ
728 4663 929 4733 μᾶλλον
983 4662 1168 4727 αὐτοῖς
1224 4663 1325 4726 τὰς
1379 4664 1596 4731 πληγὰς
1625 4704 1642 4729 ,
1688 4667 1854 4731 Ἰδω,
1890 4667 2064 4733 λέγων
2092 4709 2105 4733 ,
2141 4670 2190 4721 εἱ

615 4754 834 4824 ἔρχεται
887 4752 1199 4823 Δημήτριος
1237 4753 1303 4807 ἐκ
1339 4752 1447 4806 τῶν
1477 4754 1679 4824 χειρῶν
1715 4772 1815 4823 μου
1867 4756 2060 4809 σώσων
2095 4758 2190 4809 αὖ·

615 4846 765 4909 τούς.
1628 4845 1632 4848 ’

642 4940 778 4995 117.
823 4938 889 4992 Τί
930 4934 1062 5004 οὗν;
1116 4936 1446 5007 Κάμπτεται
1473 4938 1503 4990 ὁ
1553 4936 1845 5009 συμπαθὴς
1878 4938 1974 4991 καὶ
2021 4939 2195 5009 μέγας

618 5031 930 5101 Δημήτριος
955 5048 970 5064 ο
1001 5031 1291 5084 ἀνίσταται
1340 5030 1529 5084 ἕνεκεν
1582 5029 1684 5098 τῆς
1721 5027 1834 5082 τῶν
1872 5029 2195 5100 πεπεδημέ-

630 5141 726 5175 ιων
769 5126 975 5192 φωνῆς,
1026 5123 1122 5177 καὶ
1160 5124 1256 5176 τοῦ
1297 5124 1411 5176 τῶν
1457 5122 1690 5191 πτωχῶν
1734 5122 2067 5191 στεναγμοῦ,
2101 5124 2197 5177 καὶ

628 5216 719 5279 τῆς
752 5215 961 5276 οἰκείας
987 5214 1221 5284 ποίμνης
1243 5213 1408 5283 τῆσδε
1455 5212 1778 5277 ἀπαναστὰς
1809 5212 1889 5276 είς
1921 5214 2196 5284 σωτηρίαν

625 5303 755 5357 λαοῦ
787 5304 1110 5373 ἐξελήλυθεν
1133 5324 1145 5336 ⁸
1187 5308 1368 5358 ἐκεῖνο
1400 5305 1464 5374 δὴ
1508 5304 1569 5359 τὸ
1600 5304 1881 5374 κυριακὸν
1914 5302 2197 5372 παραλλὰξ

625 5398 888 5462 ἐπειπὼν,
918 5397 1021 5452 καὶ
1054 5398 1218 5454 ἄλλα
1251 5401 1518 5467 πρόϐατα
1544 5398 1668 5467 ἔχω
1699 5396 1819 5452 τῶν
1851 5399 2203 5465 προαυνῑίων

620 5508 765 5560 μου.
793 5490 902 5545 Καὶ
938 5489 1130 5545 ταῦτά
1153 5507 1230 5560 με
1261 5490 1358 5545 δεῖ
1387 5490 1861 5559 ἐπισκέψασθαι.
1896 5490 2008 5543 Καὶ
2037 5493 2064 5542 ὸ
2101 5491 2202 5559 μὲν

627 5580 720 5635 τὸν
777 5582 1241 5653 συντετριμμένον
1320 5586 1533 5638 ἐκεῖνον
1614 5584 1709 5638 καὶ
1768 5583 2204 5651 ὲκπεπιεσμὲνον

629 5673 757 5729 λαὸν
819 5680 955 5749 προς
1019 5677 1348 5750 κυνηγεσίαν
1403 5678 1649 5749 ἠγάγετο
1708 5678 1805 5730 καὶ
1860 5676 1995 5744 πρὸς
2052 5676 2199 5748 ὀρῶν

631 5768 888 5836 ἐσχατιὰς
922 5772 1015 5824 καὶ
1055 5772 1255 5833 νάπας.
1298 5774 1392 5825 καὶ
1421 5769 1790 5833 ἐπαναόἇισεις
1818 5769 2028 5839 βαίνειν
2055 5769 2197 5839 πεζῇ

638 5857 729 5909 τὸν
789 5859 1131 5933 ταλαίπωρον
1200 5864 1408 5917 ἐκεῖνον
1483 5862 1637 5933 ὄχλον
1691 5861 2065 5927 διεκελεύετο,
2113 5862 2207 5915 καὶ

2280 3289 2521 3354 migrans
2552 3285 2619 3340 ad
2666 3285 2853 3355 populi
2890 3284 3126 3341 salutem
3161 3294 3245 3340 est
3271 3298 3558 3353 egressus,
3613 3282 3868 3338 Domini-

2279 3398 2401 3435 cum
2440 3378 2571 3433 illud
2608 3379 2855 3433 vicissim
2887 3393 3161 3447 usurpans
3201 3394 3214 3427 :
3253 3375 3325 3430 Et
3355 3376 3493 3430 alias
3529 3392 3652 3430 oves
3674 3374 3871 3439 habeo,

2279 3490 2394 3544 qum
2419 3490 2519 3525 non
2545 3482 2667 3527 sunt
2697 3489 2761 3525 ea:
2791 3471 2887 3525 hoc
2911 3472 3078 3535 erili;
3106 3481 3154 3524 et
3196 3469 3319 3523 illa:
3349 3479 3548 3537 oportet
3584 3486 3667 3523 me
3704 3468 3875 3521 addu-

2280 3582 2415 3619 ccre.
2450 3563 2625 3632 Atque
2668 3565 2713 3618 is
2753 3564 2973 3632 quidem
3011 3562 3258 3617 attritum
3292 3561 3445 3617 illum
3477 3578 3542 3617 ac
3572 3562 3874 3615 conculca-

2284 3666 2393 3711 tum
2427 3657 2684 3726 peqiulutu
2713 3657 2780 3711 ad
2809 3656 3157 3711 venationem
3183 3654 3568 3725 compellebat,
3594 3653 3877 3708 miserant-

2283 3766 2389 3815 que
2421 3750 2581 3804 istam
2602 3751 2816 3805 turbam
2839 3749 3108 3803 moutimn
3129 3749 3477 3802 summitates
3495 3747 3791 3815 saltusque
3817 3761 3876 3799 ac

2285 3845 2454 3897 clivos
2489 3845 2720 3914 pedibus
2754 3859 3050 3914 peragrare
3086 3841 3339 3912 iubebat,
3373 3840 3675 3908 minisque,
3700 3847 3877 3908 utper

2286 3937 2582 4007 praecipitia
2620 3937 2871 3991 incedere
2898 3936 3169 3999 auderet,
3218 3934 3512 4004 adigebat,
3549 3941 3605 3986 ct
3643 3932 3751 3985 nisi
3783 3932 3874 4000 qui

2286 4031 2520 4100 prepriis
2552 4029 2781 4101 pedibus
2812 4036 3096 4098 capturam
3123 4027 3526 4089 insectabatur,
3560 4040 3684 4077 eam
3722 4039 3872 4078 ass:-

2286 4129 2571 4187 queretur,
2625 4119 2809 4173 statim
2843 4119 2893 4173 ei
2949 4119 3003 4173 in
3052 4119 3228 4188 capite
3280 4117 3437 4188 plaga
3481 4116 3874 4184 inﬂigebatur,

2288 4222 2656 4283 mortuusque
2696 4212 2751 4266 in
2790 4211 2970 4266 medio
3016 4211 3283 4265 montium
3326 4208 3753 4278 procumbebat.
3786 4211 3879 4260 Αι-

2288 4320 2395 4373 que
2422 4305 2494 4357 ita
2531 4302 2745 4373 quidem
2783 4301 2874 4357 ille
2915 4301 3432 4357 immiscricorditer
3462 4316 3525 4352 ac
3554 4299 3881 4352 inhumani-

2294 4408 2373 4451 ter
2406 4396 2792 4466 percutiebat;
2837 4394 3145 4450 Demetrius
3186 4401 3369 4448 autem
3409 4392 3475 4446 ad
3507 4406 3664 4461 opem
3696 4389 3883 4444 fereno

2292 4488 2411 4542 dam
2448 4493 2729 4556 promptus
2767 4498 2930 4557 atque
2983 4487 3049 4540 ad
3097 4483 3533 4540 succurrendum
3571 4480 3882 4537 induatrius

2294 4577 2357 4631 ad
2400 4578 2872 4646 improbissimum
2928 4578 2981 4630 in
3035 4576 3217 4631 medie
3265 4574 3536 4629 montium
3575 4583 3877 4627 venantem

2294 4686 2544 4741 equoque
2579 4669 2903 4725 insidentem
2937 4685 3105 4740 eques
3140 4668 3378 4738 equitem
3412 4666 3648 4737 fulguris
3672 4666 3728 4719 in
3768 4682 3887 4720 mo-

2296 4762 2423 4813 dum
2457 4758 2695 4824 accedit,
2738 4759 3052 4829 miseroque
3105 4760 3317 4829 plagam
3353 4758 3608 4812 lethalem
3646 4755 3884 4823 inﬂigit,

2298 4852 2482 4918 procul
2513 4865 2638 4904 eum
2680 4849 2748 4905 ab
2774 4864 2913 4919 equo
2944 4849 3229 4920 dejiciens.
3259 4849 3366 4916 Qui
3400 4847 3762 4902 Radomirnm
3802 4864 3886 4902 se-

2296 4943 2586 5011 quebatur,
2629 4943 2722 5012 qui
2757 4957 2881 4997 cum
2920 4957 3148 5011 magnus
3186 4940 3498 4996 vehementi
3536 4940 3745 5008 impetu
3792 4958 3890 5007 ag-

2299 5048 2522 5103 gressus
2556 5033 2651 5099 sit,
2682 5034 2944 5101 hastaque
2972 5032 3329 5094 interfecerit,
3369 5031 3608 5087 dilucide
3645 5046 3887 5100 conspe-

2300 5141 2451 5180 sere.
2499 5125 2578 5180 Ac
2613 5136 2822 5198 martyr
2852 5125 3072 5195 quidem
3109 5126 3295 5179 statim
3327 5123 3631 5193 diSparuit;
3672 5122 3767 5176 ille
3798 5137 3895 5177 au-

2303 5229 2321 5271 t
2360 5236 2408 5270 tn
2448 5221 2633 5272 statim
2663 5219 2819 5281 obiit,
2847 5228 3011 5287 atque
3040 5218 3095 5271 in
3122 5225 3264 5270 terra
3294 5231 3421 5270 ossa
3464 5215 3584 5281 ejus
3615 5214 3888 5280 dissipat:

2304 5322 2450 5375 sunt,
2489 5311 2830 5381 populusque
2881 5310 2972 5363 ille
3024 5309 3226 5373 omnis,
3264 5308 3356 5376 qui
3389 5316 3618 5361 vexatus
3662 5305 3890 5365 fuerat.

2307 5401 2645 5457 hia-rationis
2678 5400 2875 5455 festum
2908 5400 2962 5453 in
3000 5402 3179 5468 magni
3208 5400 3470 5452 honorem
3508 5397 3839 5450 celebravit.
3869 5415 3885 5444 ι

2385 5495 2467 5547 19.
2487 5494 2635 5547 Talis
2652 5503 2734 5548 est
2766 5490 2999 5547 Joannis
3026 5491 3370 5546 Stauriciide
3399 5505 3553 5554 nece,
3588 5487 3893 5541 [indomito

2309 5604 2404 5641 seu
2441 5586 2680 5643 Gabricli
2709 5583 2978 5654 Bulgaria:
3024 5585 3140 5652 regi
3185 5583 3361 5645 illata,
3411 5582 3699 5645 narratio;
3730 5595 3889 5633 nunc

2310 5680 2439 5748 quid
2470 5679 2535 5731 de
2567 5678 2667 5732 hac
2688 5678 3037 5732 statuendum
3063 5677 3157 5740 sit,
3185 5674 3564 5745 dispiciamus.
3587 5671 3891 5726 Auctorem

2311 5772 2574 5833 untuium,
2632 5770 2723 5841 qui
2756 5771 2902 5824 necis
2940 5768 3233 5823 Radomiro
3272 5767 3441 5822 illata“.
3492 5763 3890 5819 meminerunt.

2314 5861 2652 5932 antiquiores
2707 5862 2844 5917 citra
2901 5859 3336 5942 controversiam
3390 5865 3518 5914 sunt
3565 5852 3888 5915 Cedrcuus.
