4090 6384
264 250 396 315 Ιί09
1292 247 1354 309 S.
1423 248 1802 307 DEMETllll

1864 246 2258 305 MARTYRIS
2314 247 2526 306 ACTA.

3400 248 3541 313 1410

256 363 499 415 Zonaras
533 368 587 415 ot
620 356 809 428 Lupus
867 356 1260 428 protospatlta;
1305 356 1360 411 hi
1409 367 1613 423 autem,
1653 356 1858 425 princi.
1887 369 1931 422 Α
1967 372 2126 411 nemo
2175 359 2436 428 prudens,
2476 370 2739 428 quantum
2787 360 3002 430 opinor,
3053 361 3214 418 ﬁdem
3257 364 3534 432 habuerit,

258 469 374 523 pem
400 453 554 506 illum
586 468 615 504 a
646 447 859 505 Joanne
883 457 1116 518 cognato
1153 463 1281 512 suo,
1315 450 1410 517 qui
1451 458 1505 501 et
1546 446 1841 502 V'ladistla-

257 548 359 602 bus
394 544 704 608 dicebatur,
740 542 986 597 occisum
1028 540 1217 603 fuisse,
1251 541 1497 595 unanimi
1529 555 1841 608 consensu,

258 639 405 692 nulla
435 651 665 707 prorsus
696 635 874 690 sancti
908 633 1168 689 Demetrii
1210 633 1487 688 mentione
1527 632 1693 699 facta,
1730 650 1847 689 me-

260 729 443 783 moriae
472 732 736 798 produnt.
770 727 1051 782 Cedrenus
1086 727 1141 780 in
1169 724 1533 779 Historiarum
1570 725 1848 782 Parisien-

259 823 334 877 sis
370 822 498 875 anni
547 820 684 875 1647
719 820 978 877 editionis
1029 819 1365 889 Compendio
1391 857 1406 881 ,
1457 818 1586 872 dum
1622 834 1712 873 res
1742 820 1846 873 sub

259 915 463 971 Basilio
507 915 799 970 Macedone
847 923 1031 983 gestas
1083 921 1510 977 commemorat,
1549 915 1837 983 sequentia

261 1011 470 1076 isthme,
494 1024 616 1080 qum
641 1009 706 1064 ad
735 1009 1077 1079 propositum
1103 1017 1351 1060 nostrum
1380 1016 1651 1076 spectant,
1678 1007 1845 1062 verba

261 1102 572 1172 suppeditat
607 1116 620 1153 :
658 1119 679 1153 ι
712 1085 1002 1156 Successit
1033 1099 1083 1154 ei
1116 1099 1384 1170 (Samucli
1422 1115 1619 1170 nempe
1653 1101 1845 1172 Bulga-

262 1194 357 1249 ria:
391 1195 523 1265 regi)
559 1194 701 1248 ﬁlius
734 1192 1027 1258 Gabrielis,
1059 1191 1155 1261 qui
1209 1200 1262 1246 et
1306 1190 1590 1247 Romanus
1621 1193 1845 1248 diceba-

264 1295 368 1348 tur,
401 1297 551 1353 patre
577 1283 856 1337 robuStior
895 1283 1008 1346 ille,
1039 1282 1132 1338 sed
1170 1281 1464 1351 prudentia
1509 1283 1667 1352 longe
1700 1284 1843 1339 infe-

262 1376 397 1441 rior,
432 1387 590 1430 natus
621 1376 836 1445 captiva
876 1375 1114 1445 quadam
1150 1371 1441 1429 Larissaea.
1474 1372 1601 1427 lniit
1630 1374 1843 1430 decima

260 1467 445 1536 quinta
475 1464 847 1534 Septembris,
885 1466 1189 1520 indictione
1219 1466 1433 1520 decima
1466 1466 1658 1533 tertia,
1689 1481 1844 1519 cuin-

261 1576 369 1629 que
396 1561 637 1615 nondum
663 1560 935 1630 integrum
971 1560 1303 1629 imperasset
1334 1576 1565 1626 annum,
1591 1568 1842 1614 venatum

260 1651 450 1707 exiens
483 1651 811 1706 interﬁcitur
840 1665 870 1706 a
898 1649 1111 1706 Joanne
1132 1690 1150 1717 ,
1192 1651 1287 1721 qui
1319 1661 1375 1707 et
1404 1650 1839 1716 Vladistlilabus,

262 1745 373 1801 ﬁlio
401 1746 658 1812 Aaronis,
694 1762 858 1817 quem
896 1747 1013 1817 ipse
1046 1748 1166 1803 neci
1203 1748 1503 1819 aliquando
1549 1748 1846 1804 subtraxe-

261 1850 398 1895 rat.s
428 1842 504 1894 Ac
534 1842 699 1910 paulo
728 1848 851 1908 post
880 1840 1023 1895 idem
1062 1849 1257 1894 auctor
1287 1840 1362 1893 ita
1388 1839 1583 1894 iterum
1614 1839 1845 1896 scribit:

267 1948 286 1980 ι
317 1932 518 1998 Quinta
551 1934 639 1988 die
672 1932 1081 1988 Cbeirotmetus
1119 1931 1400 1987 Romanus
1446 1931 1539 2000 (ad
1570 1931 1839 1987 Basiliam

263 2025 646 2095 imperatorem
680 2024 1020 2097 Mosynopoli
1050 2024 1388 2093 versantem)
1418 2026 1586 2089 venit,
1613 2023 1848 2079 famulos

262 2135 450 2176 secum
487 2119 768 2175 adducens
797 2117 1027 2174 Joannis
1061 2117 1443 2183 Vladistblabi,
1467 2118 1702 2173 Aaronis
1731 2118 1848 2184 ﬁlii,

262 2221 319 2267 et
360 2213 595 2277 litteras,
634 2212 838 2281 quibus
865 2210 955 2265 hic
993 2209 1370 2279 signiﬁcabat,
1403 2225 1462 2264 se
1491 2207 1733 2264 Gabrieli
1766 2209 1840 2263 vi-

263 2314 370 2358 tam
400 2292 696 2375 eripuisse,
730 2318 986 2372 nuncque
1016 2302 1083 2357 ad
1133 2317 1193 2358 se
1237 2302 1466 2357 rediisse
1496 2300 1846 2371 Bulgaricum

260 2395 575 2463 imperium,
601 2394 1082 2463 promittebatque,
1114 2408 1170 2448 se
1205 2407 1427 2449 servum
1470 2400 1526 2449 et
1560 2392 1844 2448 subditum

263 2486 578 2556 imperatori
619 2484 756 2541 fore.
785 2472 812 2538 Δι

333 2665 424 2723 20.
454 2665 581 2722 llaec
615 2667 798 2722 omnia
832 2665 1138 2730 Cedrenus,
1160 2666 1363 2736 quibus
1395 2681 1552 2734 sane,
1585 2665 1850 2722 Radomi-

261 2773 384 2813 rum
417 2774 513 2814 seu
537 2759 870 2826 Uabrielem,
898 2758 993 2829 qui
1019 2767 1074 2813 et
1098 2755 1381 2815 Romanus
1403 2759 1711 2826 dicebatur,
1737 2778 1845 2818 non

263 2862 293 2900 a
340 2858 534 2903 sancto
568 2847 868 2913 Demetrio,
902 2848 997 2903 sed
1033 2862 1062 2901 a
1105 2846 1341 2911 Joanne,
1381 2864 1480 2904 seu
1504 2889 1518 2914 ,
1556 2850 1633 2904 uti
1687 2853 1848 2908 aliter

262 2939 425 2993 etiam
464 2940 789 3006 vocabatur,
825 2938 1204 2996 Vladisthlabo
1240 2940 1626 3012 interemptum
1651 2942 1843 3011 fuisse,

262 3031 607 3100 apertissime
647 3031 833 3086 tradit.
877 3030 987 3085 Nec
1028 3032 1213 3086 minus
1243 3032 1296 3086 id
1332 3032 1573 3088 dilucide
1597 3033 1843 3090 Zonaras

264 3124 537 3178 memoria:
584 3123 789 3192 prodit.
834 3122 1014 3185 Audi,
1061 3124 1154 3192 qui
1198 3123 1250 3177 in
1283 3124 1609 3192 Annalibus,
1658 3142 1690 3181 a
1722 3143 1842 3183 sese

262 3216 543 3270 adornatis
573 3231 831 3285 annoque
859 3216 995 3272 1687
1045 3215 1275 3271 Parisiis
1315 3219 1559 3284 excusis,
1596 3230 1726 3274 tom.
1756 3221 1798 3275 ll
1824 3260 1840 3287 ,

261 3320 386 3374 pag.
418 3306 524 3361 226
546 3308 820 3377 loquatur.
862 3325 882 3360 ι
921 3308 999 3361 Ex
1050 3309 1389 3379 cardiogmo,
1422 3311 1600 3380 inquit
1639 3311 1707 3365 de
1746 3311 1845 3365 Sa-

264 3398 440 3453 muele
467 3398 829 3468 Bulgarorum
862 3415 1015 3471 rege,
1043 3400 1268 3467 interiit,
1301 3402 1611 3472 principatu
1645 3403 1841 3474 Bulga.

262 3508 450 3547 rorum
484 3494 537 3546 in
582 3492 890 3548 Gabrielem
920 3492 1128 3560 ﬁlium,
1158 3493 1253 3561 qui
1284 3500 1339 3547 et
1371 3492 1656 3550 Romanus
1692 3497 1843 3551 dice-

262 3588 445 3653 batur,
507 3586 824 3642 translato:
859 3601 1062 3656 quem,
1118 3588 1364 3641 nondum
1419 3603 1565 3642 anno
1611 3589 1838 3657 elapso,

264 3679 432 3733 frater
464 3679 753 3747 patruelis,
780 3679 1021 3733 Aaronis
1057 3678 1201 3732 ﬁlius
1233 3677 1646 3736 Vladistlilavus
1679 3680 1845 3735 Joan-

264 3786 364 3837 nes
406 3770 727 3840 (binominis
764 3770 910 3824 enim
958 3778 1013 3824 et
1062 3769 1153 3824 hic
1200 3770 1340 3840 erat)
1384 3770 1609 3826 occidit.
1655 3789 1673 3823 ι
1725 3772 1839 3834 Ac,

262 3864 455 3932 paucis
485 3862 846 3931 interpositis,
879 3863 1030 3916 addit
1059 3878 1074 3915 :
1114 3863 1213 3917 «At
1243 3861 1518 3919 Samuelis
1550 3862 1695 3919 ﬁlius
1729 3862 1844 3917 Ro-

263 3969 457 4010 manus
492 3952 709 4008 Gabriel
745 3954 1002 4023 (necdum
1042 3954 1188 4010 enim
1228 3970 1404 4011 caesus
1442 3952 1581 4027 erat)
1619 3970 1717 4024 per
1767 3956 1844 4011 le-

261 4058 416 4117 galos
447 4048 763 4115 imperatori
797 4050 1022 4119 (Basilio
1051 4049 1337 4105 Matedoni
1368 4051 1584 4122 nempe)
1609 4052 1844 4105 servitu-

264 4155 369 4198 tem
420 4144 801 4212 pollicebatur,
843 4155 899 4199 et
947 4155 1193 4214 tempore
1249 4146 1436 4212 aliquo
1491 4146 1839 4214 interposito,

261 4235 491 4291 Joannis
523 4235 883 4291 Vladistltlavi
915 4238 1163 4292 minister
1196 4238 1352 4294 adest
1377 4238 1582 4292 caedem
1616 4237 1846 4293 Gabrie-

261 4329 330 4383 lis
361 4331 429 4383 ab
462 4331 592 4385 ltcro
626 4346 726 4385 suo
760 4329 961 4385 factam
1010 4332 1307 4396 nuntians,
1359 4332 1564 4401 aliique
1590 4333 1747 4387 multi
1775 4348 1843 4389 ex

1953 451 2187 505 maxime
2215 466 2340 505 cum
2384 442 2414 503 a
2451 451 2759 517 Rznloutiri,
2789 454 2915 510 aliis
2943 453 3215 511 Gabrielis
3241 466 3338 511 aut
3366 458 3532 513 etiam
3574 521 3582 529 _

1953 540 2205 608 Romani,
2254 551 2419 598 :etate
2473 560 2570 600 seu
2625 546 2809 600 saeculi
2862 545 3134 601 undecimi
3192 547 3370 614 initio,
3419 564 3534 619 quo

1949 635 2257 705 principem
2296 635 2444 691 hunc
2497 637 2683 692 necari
2733 637 2983 709 contigit,
3018 639 3387 695 ducentorum
3422 641 3532 696 cir-

1948 728 2086 782 citer
2129 744 2399 784 annormn
2444 731 2647 799 spatio,
2704 731 2781 786 uti
2827 747 2893 786 ex
2952 732 3020 787 iis
3083 749 3205 802 quae
3238 734 3306 789 de
3337 735 3430 789 illo
3475 735 3530 787 in

1947 819 2357 876 Commentario
2383 824 2609 892 praevio,
2635 840 2790 881 num.
2819 823 2910 892 26,
2941 826 2993 880 in
3026 827 3262 881 medium
3294 828 3532 892 adduxi,

1948 915 2123 991 palam
2175 925 2282 981 est,
2331 926 2577 972 remotus
2634 919 2831 973 vixerit
2884 921 3210 992 nullumque
3265 934 3530 992 praeterea

1948 1008 2275 1077 scriptorem
2310 1007 2478 1061 alium
2511 1024 2607 1064 seu
2644 1011 3013 1080 antiquiorem
3050 1029 3148 1070 seu
3177 1015 3344 1069 etiam
3387 1016 3534 1071 dun-

1948 1107 2102 1153 taxat
2149 1100 2507 1155 recentiorem
2561 1100 2666 1156 sibi
2717 1102 3107 1174 Suffragantem
3157 1107 3399 1174 habeat,
3453 1111 3530 1161 uti

1947 1192 2203 1261 quisque,
2230 1193 2323 1261 qui
2356 1207 2470 1247 rem
2499 1194 2852 1256 examinarit,
2884 1197 3211 1262 comperiet.

2017 1284 2109 1339 2|.
2142 1282 2498 1351 Badomirum
2541 1301 2705 1356 porro
2739 1287 2791 1340 in
2832 1288 3014 1342 medio
3048 1291 3355 1355 montium,
3401 1293 3533 1346 dum

1947 1378 2224 1431 venationi
2248 1392 2473 1446 operam
2499 1379 2679 1441 daret,
2710 1379 2880 1435 fuisse
2905 1382 3176 1445 occisum,
3204 1382 3348 1437 idem
3375 1384 3542 1439 Stan-

1950 1467 2131 1520 racius
2176 1465 2232 1519 in
2281 1469 2595 1521 narratione
2644 1482 2768 1530 sua,
2800 1467 2986 1522 Graece
3031 1471 3197 1523 simul
3245 1481 3298 1526 et
3332 1469 3537 1525 Latine

1947 1572 2113 1626 supra
2160 1557 2426 1623 exhibita,
2456 1557 2623 1614 etiam
2670 1559 2936 1626 affirmat;
2983 1560 3036 1615 id
3077 1571 3258 1617 autem
3309 1563 3538 1631 minus.

1950 1667 2111 1719 quam
2147 1668 2261 1707 rem
2287 1668 2316 1707 a
2348 1653 2556 1709 Sancto
2585 1662 2775 1710 nostro
2805 1653 2978 1710 fuisse
3005 1665 3305 1726 patratam,
3337 1671 3367 1709 a
3395 1672 3541 1712 vort-

1878 1720 1921 1775 B
1955 1753 2066 1800 tate
2098 1746 2380 1812 abhorret,
2408 1749 2535 1803 licet
2569 1747 2790 1803 interim
2818 1720 3087 1816 Cedreno,
3113 1752 3205 1820 qui
3240 1720 3391 1804 illtttu
3416 1750 3538 1803 ΒιιΙ-

1951 1853 2209 1906 garorum
2237 1855 2454 1929 regem,
2494 1857 2604 1895 non
2634 1857 2755 1895 cum
2790 1841 2983 1897 mediis
3018 1841 3072 1895 in
3108 1842 3385 1896 montibus
3410 1857 3536 1897 ver-

1948 1938 2163 1985 saretur
2200 1932 2591 2000 venationique
2619 1947 2847 2001 operam
2880 1931 2999 2004 iam
3039 1931 3216 1995 daret,
3244 1932 3339 1986 sed
3375 1941 3490 1986 tum
3517 1972 3534 1995 .

1947 2035 2072 2075 cum
2107 2021 2174 2076 ad
2208 2024 2552 2078 venationem
2580 2023 2777 2089 exiret,
2803 2038 2901 2078 seu
2929 2023 3066 2091 jam,
3100 2031 3161 2077 ut
3190 2023 3533 2077 venationem

1950 2112 2366 2183 aggrederetur,
2424 2115 2480 2169 in
2549 2115 2780 2185 procinc
2837 2122 3027 2179 staret,
3087 2124 3364 2185 perempta
3419 2123 3536 2167 tum

1949 2204 2142 2272 fuisse,
2174 2221 2336 2275 supra
2375 2208 2481 2262 huc
2510 2204 2853 2273 transcripti:
2885 2205 3069 2259 verbis
3105 2206 3309 2270 tradiit,
3344 2218 3536 2261 assen-

1949 2297 2040 2352 tiri
2088 2298 2310 2365 malim;
2360 2298 2504 2366 quod
2557 2297 2646 2351 hic
2694 2296 2953 2352 lectorem
3015 2295 3194 2350 adhuc
3253 2295 3536 2350 monuisse

1947 2400 2265 2456 contentus,
2302 2391 2368 2444 ad
2400 2389 2545 2445 aliud
2585 2389 2768 2452 modo,
2826 2388 2883 2444 in
2914 2404 3024 2458 quo
3071 2397 3281 2460 patrem
3330 2388 3538 2459 pariter

1924 2482 2189 2561 Sanctus
2240 2492 2428 2538 noster
2488 2482 2750 2538 habuisse
2818 2494 3076 2537 narratur
3109 2520 3126 2547 ,
3194 2482 3533 2552 progredior.

1946 2574 2265 2643 Clirisdaui,
2298 2575 2575 2645 susceptis
2612 2575 2791 2631 sacris
2828 2590 2935 2645 pro
2960 2576 3337 2643 recuperanda
3366 2572 3536 2627 Terra

1945 2675 2139 2722 sancta
2188 2665 2663 2736 expeditionibus,
2696 2665 3048 2720 Antiochiam
3106 2667 3161 2719 in
3210 2672 3537 2735 potestatem

1947 2772 2105 2813 suam
2136 2771 2280 2813 anno
2310 2756 2447 2814 1098
2471 2758 2585 2828 jam
2616 2757 2967 2827 redegerant,
2992 2773 3118 2813 cum
3148 2757 3295 2812 baud
3329 2759 3405 2811 ita
3435 2756 3539 2810 du-

1946 2850 2077 2906 dum
2125 2861 2247 2922 post
2282 2851 2353 2906 ab
2395 2852 2685 2907 innumero
2732 2842 3132 2906 Saracenorum
3181 2849 3433 2905 exercitu
3478 2850 3535 2904 in

1949 2940 2175 2996 civitate
2203 2941 2294 2996 illa
2323 2940 2478 2997 fuere
2508 2941 2778 3006 conclusi,
2803 2942 3228 3010 arctissimaque
3249 2939 3538 2996 obsidione

1950 3030 2016 3085 ad
2049 3047 2294 3088 summas
2321 3034 2607 3104 angustias
2635 3032 2837 3089 adacti.
2878 3033 3072 3088 Verum
3109 3048 3235 3087 cum
3274 3033 3494 3086 tandem
3518 3069 3536 3094 ,

1948 3142 2056 3195 quo
2095 3126 2249 3182 hisce
2271 3141 2393 3182 sese
2421 3128 2764 3197 expedirent,
2791 3143 2858 3181 ex
2896 3127 3030 3181 urbe
3060 3125 3291 3180 obsessa
3322 3126 3534 3196 egressi
3569 3141 3572 3145 ‘

1947 3220 2201 3275 inimicos
2241 3230 2433 3276 essent
2469 3221 2683 3285 adorti,
2735 3220 3044 3276 albatorum
3093 3220 3391 3285 exercitus,
3442 3219 3533 3274 cui

1946 3310 2257 3367 Demetrius
2287 3313 2494 3381 aliique
2525 3309 2715 3366 Sancti
2745 3312 2939 3382 praeire
2968 3310 3125 3366 fuere
3147 3310 3451 3380 conspecti,
3478 3310 3536 3365 in

1946 3405 2187 3470 ipsorum
2242 3405 2511 3458 auxilium
2560 3412 2757 3459 contra
2812 3402 3125 3459 Saracenos
3175 3418 3208 3458 e
3256 3402 3536 3457 montibus

1946 3495 2163 3564 prodire
2191 3507 2276 3551 est
2302 3498 2478 3551 visus.
2510 3492 2589 3551 Ita
2627 3498 2681 3550 in
2715 3497 2996 3551 variorum
3050 3496 3387 3565 scriptorum
3418 3494 3536 3550 col-

1944 3586 2195 3651 lectione,
2236 3604 2357 3657 qua:
2401 3586 2560 3642 Gesta
2612 3589 2706 3641 Dei
2749 3604 2843 3656 per
2896 3587 3140 3641 Francos
3203 3587 3530 3643 inscribitur

1947 3695 2203 3748 annoque
2237 3678 2369 3732 1611
2410 3680 2674 3733 Hanovize
2712 3679 2816 3733 fuit
2852 3693 3094 3745 excusa,
3146 3687 3408 3735 testatum
3451 3679 3538 3734 τει-

1945 3773 2101 3826 ciunt
2130 3770 2410 3826 Bobertus
2445 3772 2771 3838 monachus,
2805 3771 3094 3827 Baldricus
3146 3769 3395 3826 Dolensis
3441 3786 3535 3825 ar-

1947 3863 2355 3933 chiepiscopus,
2388 3878 2454 3916 ac
2481 3861 2783 3918 Guibertus
2814 3862 3027 3929 abbas,
3067 3862 3163 3932 qui
3207 3876 3404 3917 omnes
3454 3863 3534 3916 rei

1946 3965 2117 4025 gesta:
2152 3957 2391 4024 aequales
2427 3956 2716 4011 exstitere.

1932 4006 1977 4067 ὐ
2016 4048 2109 4103 21.
2146 4006 2500 4118 Singulorum
2529 4089 2544 4115 ,
2592 4064 2717 4119 quae
2767 4048 2833 4104 ad
2869 4063 2982 4103 rem
3013 4055 3266 4103 nostram
3306 4046 3537 4118 potissi-

1947 4158 2098 4196 mum
2145 4141 2373 4206 faciunt,
2405 4141 2569 4197 verba
2602 4142 2713 4199 huc
2745 4142 3046 4198 transfero.
3090 4141 3372 4197 Robertus
3415 4154 3537 4196 mo-

1947 4236 2160 4289 nachus
2186 4271 2202 4298 ,
2236 4249 2360 4304 pag.
2392 4234 2500 4302 64},
2528 4234 2586 4289 in
2616 4233 2885 4289 adornata
2916 4248 2947 4287 a
2979 4248 3104 4288 sese
3138 4230 3536 4300 Hierosolymi-

1951 4339 2080 4382 taua
2120 4328 2346 4382 historia
2372 4366 2388 4393 ,
2438 4326 2537 4382 lib.
2574 4342 2675 4392 vti,
2718 4325 2792 4379 ita
2828 4324 3026 4380 scribit
3060 4341 3075 4378 :
3111 4341 3131 4375 s
3165 4323 3303 4376 Dum
3353 4322 3438 4376 sic.
3481 4321 3536 4384 (τι

268 4422 573 4478 illustribus
623 4421 873 4492 Bulgaria
919 4422 986 4476 ad
1031 4425 1417 4494 imperatorem
1467 4425 1774 4482 confluunt.
1815 4446 1834 4479 ι
1873 4418 1918 4473 ι)
1947 4421 2284 4477 Christianis
2328 4419 2620 4473 Antiochia
2668 4415 2937 4488 egressis)
2991 4423 3261 4477 certatur,
3315 4422 3371 4467 et
3420 4423 3535 4465 tam

264 4512 333 4568 Et
363 4528 510 4568 nunc
535 4512 699 4577 etiam
728 4512 865 4584 Lupi
908 4515 1278 4584 protospathze
1334 4515 1428 4584 qui
1465 4525 1520 4572 et
1553 4518 1673 4588 ipse
1703 4518 1847 4588 apud

262 4598 621 4659 Muratorium
641 4645 655 4667 ,
685 4612 818 4659 tom.
856 4601 892 4658 V
936 4602 1126 4658 Rerum
1157 4604 1473 4661 Italicarum
1507 4611 1847 4677 scriptorum,

263 4711 390 4766 pag.
426 4696 517 4761 41,
550 4694 833 4751 Rademiri
875 4708 1128 4763 mortem,
1163 4714 1270 4752 non
1306 4709 1503 4755 sancto
1534 4701 1845 4767 Demetrio,

262 4787 360 4842 scd
408 4786 611 4843 Joanni
662 4804 761 4843 seu
798 4785 1176 4844 Vladistlilibo
1204 4831 1219 4855 ,
1257 4789 1407 4846 illius
1443 4802 1706 4861 cognato,
1749 4794 1850 4849 ad-

263 4879 481 4941 scribit,
521 4880 589 4934 ad
624 4896 737 4935 rem
772 4882 913 4936 hanc
945 4880 1202 4936 facientia
1236 4884 1426 4938 verba.
1459 4883 1553 4941 Sic
1589 4884 1794 4941 habent
1828 4904 1843 4942 :

272 4991 288 5024 ι
339 4975 495 5026 Anno
531 4973 670 5028 1016
700 4976 920 5033 occisus
968 4985 1055 5033 est
1088 4976 1235 5031 ﬁlius
1283 4977 1525 5042 praedicti
1573 4978 1848 5035 Samuelis

262 5065 333 5117 ab
371 5063 494 5133 ejus
528 5066 865 5123 consobrino
900 5068 1011 5123 ﬁlio
1047 5070 1243 5125 Aaroni
1284 5080 1337 5123 et
1387 5069 1638 5138 regnavit
1668 5070 1837 5139 ipse.)

259 5156 401 5211 Cum
452 5171 587 5226 ergo
638 5167 749 5213 tres
803 5161 1121 5228 scriptores.
1149 5176 1312 5231 supra
1348 5162 1401 5215 iu
1432 5176 1571 5226 rem,
1603 5176 1727 5232 qua:
1758 5164 1847 5216 hic

260 5249 607 5302 conﬁcienda
642 5260 782 5312 erat,
810 5250 1051 5318 laudati,
1084 5252 1415 5316 Gabrielem,
1451 5269 1564 5308 non
1593 5269 1622 5306 a
1655 5265 1846 5309 sancto

264 5340 567 5407 Demetrio,
603 5341 700 5397 sed
747 5359 778 5397 a
826 5341 1039 5400 Joanne
1088 5361 1185 5401 seu
1240 5345 1637 5414 Vladistltlabo,
1697 5348 1844 5404 nulla

262 5446 493 5498 prorsus
529 5432 716 5488 Sancti
754 5436 1030 5490 mentione
1061 5435 1223 5501 facta,
1255 5437 1431 5494 fuisse
1464 5439 1841 5503 interfectum,

263 5523 701 5582 luculentissime
754 5542 907 5594 sane,
964 5530 1041 5582 uti
1085 5543 1117 5583 e
1159 5528 1274 5600 jam
1323 5534 1569 5588 recitatis
1624 5532 1840 5587 illorum

264 5616 448 5673 verbis
483 5619 691 5689 liquet,
721 5622 997 5675 memoriae
1028 5622 1284 5690 prodant,
1337 5621 1627 5679 Stanracio
1669 5624 1845 5679 enim-

260 5719 417 5780 vero,
467 5713 558 5783 qui
631 5711 835 5771 Sancto
884 5723 1074 5771 nostro
1126 5729 1312 5773 necem
1364 5716 1510 5772 illam
1571 5718 1838 5786 ascribit,

1950 4516 2096 4586 longi
2136 4513 2460 4570 certaminis
2514 4511 2806 4583 prolixitas
2858 4517 3072 4580 poterat
3121 4506 3385 4573 tzediare;
3437 4519 3540 4559 nec

1950 4622 2213 4663 numerus
2248 4608 2491 4663 hostium
2523 4606 2815 4660 videbatur
2843 4604 3189 4668 decrescere,
3227 4599 3537 4654 albatorum

1950 4701 2186 4754 militum
2221 4699 2643 4756 innumerabilis
2680 4698 2959 4754 exercitus
2991 4697 3141 4750 visus
3169 4701 3255 4748 est
3287 4692 3356 4746 de
3381 4706 3539 4746 mon-

1949 4790 2097 4847 tibus
2140 4790 2500 4858 descendere,
2536 4806 2768 4862 quorutn
2817 4787 3062 4860 signiferi
3114 4795 3169 4839 et
3212 4784 3384 4837 duces
3414 4795 3542 4837 esse

1949 4888 2211 4942 dicuntur
2259 4885 2552 4955 Georgius,
2588 4883 2900 4945 Mauritius,
2932 4875 3281 4934 Demetrius:
3314 4886 3456 4942 quos
3479 4880 3540 4925 ut

1956 4980 2195 5049 primunt
2222 4980 2358 5034 vidit
2388 4977 2680 5034 Podiensis
2705 4975 3021 5044 episcopus,
3050 4971 3385 5025 exclamavit
3404 4981 3538 5020 voce

1956 5088 2150 5142 magna
2186 5073 2381 5128 dicens
2425 5089 2441 5126 :
2488 5070 2533 5123 0
2569 5069 2795 5131 milites,
2828 5082 2980 5131 ecce,
3018 5064 3168 5120 venit
3222 5061 3491 5117 auxilium
3522 5098 3537 5120 ,

1948 5166 2091 5234 quod
2141 5163 2297 5219 vobis
2350 5161 2607 5232 promisit
2641 5158 2809 5213 Deus.
2852 5158 2916 5211 Et
2951 5166 3104 5212 certe
3159 5153 3333 5208 nostri
3381 5150 3540 5205 valde

1949 5257 2297 5325 cxpavissent
2326 5295 2341 5319 ,
2394 5254 2502 5308 nisi
2559 5253 2754 5308 fuisset
2801 5267 2951 5321 spes,
3004 5263 3168 5320 quam
3207 5247 3262 5300 in
3302 5244 3538 5299 Domino

1952 5347 2246 5401 habebant.
2297 5345 2530 5401 Tremor
2580 5345 2859 5401 maximus
2908 5341 3071 5398 irruit
3123 5341 3176 5395 in
3232 5341 3446 5403 hostes,
3480 5345 3536 5388 et

1950 5438 2127 5493 versis
2158 5438 2423 5499 vultibus,
2452 5439 2627 5492 scutis
2658 5448 2808 5506 terga
2846 5437 3194 5505 cooper-imt,
3225 5440 3278 5488 et
3313 5431 3532 5501 fugam,

1950 5543 2060 5600 quo
2095 5529 2391 5596 unicuique
2434 5529 2589 5583 locus
2640 5528 2830 5592 dabat,
2877 5529 3170 5597 arripiunt.
3222 5522 3356 5578 Pars
3392 5521 3482 5576 illa
3519 5562 3531 5580 .

1951 5637 2073 5689 qua:
2103 5636 2131 5674 a
2174 5630 2327 5691 parte
2361 5620 2639 5692 pugnabat
2677 5621 2871 5683 maris,
2911 5629 2968 5675 tit
2993 5618 3131 5673 vidit
3163 5617 3345 5688 fugam
3389 5630 3533 5671 suo—

1952 5730 2097 5782 ruui,
2130 5714 2309 5786 ignem
2347 5717 2549 5788 sparsit
2579 5729 2743 5786 super
2773 5729 2996 5786 gramen
3032 5712 3233 5782 campi,
3259 5708 3405 5781 quod
3436 5723 3561 5765 cev
