4070 6382
561 258 694 322 llll

1858 253 2516 316 SUPi‘LEMEXTUAl.

3714 242 3883 308 14i2

555 373 742 429 leriter
773 372 930 434 arsit,
977 369 1103 438 quia
1147 369 1278 422 illu.l
1332 371 1637 423 siccavi-rat
1688 370 1854 424 ardor
1904 371 2134 424 aestatis.
2170 371 2215 430 Α
2244 377 2539 430 testantur,
2563 381 2754 418 verum
2787 364 2951 418 etiam
2980 364 3121 432 apud
3150 361 3448 416 Chcsnium
3471 369 3611 414 tom.
3644 357 3718 414 IV
3758 357 3883 413 Re-

558 470 682 522 lla-c
719 466 840 519 ideo
868 465 1140 526 fecerunt,
1170 473 1230 518 ut
1266 465 1370 517 hoc
1397 464 1556 532 signo
1581 464 1658 518 illi
1681 465 1772 532 qui
1801 465 1853 516 in
1887 463 2139 517 tentoriis

554 569 737 622 erant,
773 559 959 612 statim
1005 557 1277 625 fugerent,
1307 565 1361 609 et
1388 571 1574 611 secum
1599 556 1798 610 ditiora
1832 555 2003 624 spolia
2038 556 2139 609 tol-

559 655 757 704 lerent.
793 649 870 704 Illi
926 665 1078 712 vero,
1133 651 1355 718 cognito
1409 651 1565 720 signo
1592 691 1607 714 ,
1644 650 1734 719 qui
1772 649 1824 702 in
1862 649 2140 704 montibus

557 751 734 807 crant,
798 745 1052 811 protinus
1108 739 1365 810 fugerunt
1404 755 1528 794 cum
1588 739 1849 795 Omnibus
1902 739 2137 810 spoliis,

559 852 681 902 qua:
715 845 932 904 portare
966 835 1282 890 valuerunt.
1336 853 1354 884 ι
1413 833 1692 889 Hactenus
1731 835 1981 887 laudatus
2018 848 2140 885 mo-

559 930 775 984 nachus
829 926 1107 982 Robcrtus
1143 943 1156 978 :
1192 926 1260 980 ad
1298 918 1608 980 Baldricum
1664 925 2138 996 archiepiscopum

554 1020 668 1088 jam
708 1022 891 1073 venio.

630 1114 726 1166 25.
761 1111 858 1165 llic
891 1111 1131 1181 praefata:
1162 1108 1537 1170 Collectionis,
1567 1121 1689 1176 pag.
1741 1108 1860 1172 l2f,
1896 1107 1951 1162 in
2005 1121 2140 1162 con-

561 1215 708 1260 texta
740 1220 768 1257 a
816 1221 875 1258 se
911 1202 1409 1273 Hierosolymitaua
1445 1201 1673 1254 historia
1705 1200 1985 1270 sequentia
2041 1200 2145 1255 ist-

560 1297 676 1352 lnec
707 1294 888 1362 prodit
924 1295 1202 1349 memoria:
1240 1309 1254 1346 :
1286 1311 1304 1345 ι
1337 1293 1496 1357 Ecce,
1525 1292 1634 1346 Deo
1659 1292 1885 1362 gratias,
1922 1291 1990 1346 ab
2011 1292 2144 1362 ipsis

563 1389 844 1443 montanis
875 1388 1027 1455 (dum
1062 1387 1273 1441 scilicet
1303 1396 1492 1441 contra
1518 1386 1822 1440 Saracenos
1844 1385 2144 1444 Christiani

563 1495 732 1549 prope
757 1479 1106 1535 Antiochiam
1144 1491 1361 1532 summo
1393 1477 1712 1532 discrimine
1743 1477 2144 1548 praeliareutur)

561 1573 712 1626 visus
743 1579 827 1625 est
861 1571 1014 1624 exire
1042 1571 1318 1625 exercitus
1350 1568 1785 1645 innumerabilis,
1815 1571 1974 1639 equis
2007 1570 2147 1623 albis

563 1661 886 1725 insidentes,
921 1670 974 1714 et
1021 1661 1218 1715 vexilla
1274 1659 1505 1714 candida
1559 1661 1613 1714 in
1666 1661 1919 1716 manibus
1952 1660 2145 1732 praefe-

2244 475 2361 512 runt
2407 457 2787 511 Francicarum
2814 456 3136 525 scriptorum
3167 453 3243 506 rei
3273 452 3525 506 oenlatus
3553 451 3728 506 testis
3762 452 3882 507 Pe-

2245 561 2363 605 trus
2384 549 2740 611 'l'udebodus,
2771 546 3119 600 Sinracensis
3150 546 3431 608 sacerdos,
3457 561 3554 600 seu
3587 547 3803 615 potius
3835 547 3884 601 is

2243 643 2338 713 qui
2383 643 2715 713 prolixiores
2749 639 3037 696 Tutlebodi
3070 640 3523 703 commentarios,
3563 639 3882 692 narratio-

2243 737 2407 792 nibus
2437 737 2674 793 interim.
2701 752 2839 806 quas
2869 736 2920 788 hi
2947 734 3252 797 continent,
3279 731 3513 786 fideliter
3535 731 3876 802 expressis,

2241 833 2297 886 in
2335 831 2724 900 compendium
2754 829 3051 882 contraxit.

2314 925 2406 980 25.
2445 923 2521 976 Eu
2545 925 2705 988 adeo,
2729 937 2853 976 cum
2881 922 2933 975 id
2969 922 3044 976 ita
3071 920 3290 981 habeat,
3317 919 3480 990 hujus
3509 920 3712 980 etiam,
3741 934 3880 988 quae

2249 1018 2317 1073 ad
2353 1032 2596 1088 przrsens
2627 1015 2940 1070 institutum
2974 1013 3275 1084 pertinent,
3313 1013 3607 1082 scriptoris
3639 1013 3829 1065 verba
3857 1029 3871 1063 :

2248 1111 2577 1180 cCthel'tllll
2605 1118 2799 1162 turma:
2819 1107 3126 1162 Turcornm
3149 1124 3214 1161 cx
3233 1115 3465 1176 utraque
3491 1116 3653 1174 parte
3679 1105 3870 1164 exire,

2247 1212 2570 1270 nostrosque
2595 1200 2836 1270 undique
2865 1200 3373 1267 circumcingebant
3398 1239 3412 1261 ,
3448 1197 3778 1268 jaculaudo
3815 1207 3871 1252 et

2245 1293 2552 1364 sagittando
2577 1305 2632 1347 et
2664 1293 3026 1349 vulnerando.
3054 1293 3325 1348 Exierunt
3349 1306 3576 1361 quoque
3601 1293 3679 1346 de
3703 1307 3870 1344 mon-

2247 1386 2422 1440 taneis
2454 1386 2884 1442 innumerabiles
2917 1387 3216 1451 exercitus,
3251 1386 3340 1456 qui
3370 1385 3654 1439 ducebant
3681 1397 3867 1452 equos

2247 1485 2400 1539 albos
2424 1526 2439 1551 ,
2471 1502 2709 1552 quorum
2742 1489 2939 1542 vexilla
2972 1488 3157 1542 omnia
3206 1489 3326 1543 alba
3355 1496 3534 1542 erant.
3583 1487 3868 1541 Videntcs

2246 1579 2432 1645 itaque
2475 1579 2648 1632 nostri
2693 1579 2839 1632 hunc
2869 1581 3174 1634 exercitum
3205 1580 3570 1650 ignorabant,
3626 1579 3732 1648 qui
3766 1594 3870 1633 ess

2248 1680 2391 1735 sent,
2431 1669 2605 1726 donec
2639 1681 3015 1742 cognoverunt
3039 1713 3054 1736 ,
3081 1688 3201 1727 esse
3230 1673 3568 1742 adiutorium
3605 1670 3864 1737 Christi,

567 1761 767 1807 rentes.
802 1751 918 1806 Hoc
952 1752 1108 1806 multi
1148 1750 1406 1806 viderunt
1435 1751 1901 1818 Christianorum,
1925 1761 1979 1807 et
2001 1753 2145 1807 sicut
2177 1728 2222 1788 Β
2261 1763 2406 1819 sicut
2441 1728 2738 1818 mandavi:
2763 1766 2872 1819 mis
2920 1781 3018 1835 ρει-
3052 1728 3397 1833 Stephani“
3449 1765 3818 1820 εερετάοιεω
3845 1802 3862 1825 ,

561 1856 783 1912 putant,
814 1847 1101 1916 gentilium
1132 1863 1148 1913 ;
1182 1853 1237 1900 et
1269 1847 1589 1902 haesitantes
1615 1847 1961 1902 mirabantur
1985 1847 2148 1916 quid-

564 1956 694 1994 nam
727 1948 894 1995 esset.
921 1937 1167 1993 Tandem
1203 1938 1421 2008 utrique
1447 1947 1828 2009 cognoverunt
1859 1942 2025 1994 duces
2054 1957 2150 2011 ag-

564 2030 730 2084 minis
763 2040 1016 2084 sanctum
1049 2027 1346 2098 Georgium
1408 2035 1462 2081 ct
1508 2038 1760 2083 sanctum
1807 2027 2144 2084 Demetrium

561 2135 613 2176 et
645 2131 894 2177 sanctum
932 2120 1262 2176 Mercurium
1286 2160 1300 2184 ,
1333 2136 1432 2176 sua
1475 2120 1628 2192 signa
1668 2121 1908 2176 ferentes
1941 2136 2146 2192 praeco.-

565 2215 716 2267 tlere.
761 2211 1056 2266 Saracenis
1086 2226 1218 2277 ergo
1269 2210 1409 2265 visio
1464 2213 1580 2265 haec
1633 2212 1863 2265 multum
1912 2213 2148 2267 incussit

563 2308 819 2359 timorem
845 2345 862 2370 ,
894 2304 1224 2359 Christianis
1254 2313 1436 2358 autem
1471 2319 1621 2373 spem
1650 2307 2102 2362 auxit‘mcliorem
2130 2325 2145 2375 ;

565 2398 702 2451 istos
733 2397 1018 2462 animavit,
1051 2395 1176 2450 illos
1205 2395 1531 2451 exinanivit.
1561 2394 1695 2462 Hoc,
1727 2400 1818 2465 qui
1848 2397 2146 2475 aﬂuerunt,

563 2486 719 2540 multi
749 2485 1044 2556 contigisse
1075 2486 1255 2541 testati
1288 2485 1457 2548 suntf;
1493 2500 1601 2540 non
1637 2495 1818 2542 tamen
1866 2488 1919 2542 id
1953 2503 2150 2544 omnes

565 2577 748 2630 videre
800 2585 1139 2646 potuerunt,
1177 2577 1274 2634 sed
1307 2577 1512 2648 quibus
1549 2578 1813 2634 Dominus
1845 2580 2016 2636 voluit
2051 2596 2142 2636 ar-

562 2683 761 2722 canum
827 2683 988 2723 suum
1036 2669 1329 2734 revelare;
1362 2671 1622 2726 revelavit
1687 2681 1869 2727 autem
1923 2673 2048 2728 aiiis
2081 2674 2146 2729 ad

564 2761 953 2817 confusionem
983 2802 997 2826 ,
1032 2763 1161 2818 aliis
1188 2763 1256 2817 ad
1290 2763 1553 2819 instantis
1586 2764 1848 2836 triumphi
1872 2769 2147 2823 ostensio-

566 2869 715 2906 ιιυιιι.
764 2852 937 2908 Porro
970 2853 1242 2908 mendacii
1288 2869 1451 2910 nemo
1491 2869 1592 2910 nos
1629 2857 1925 2926 redarguat
1953 2899 1968 2924 ,
2017 2859 2148 2928 quia

565 2945 703 2997 nihil
737 2958 802 2996 ex
838 2943 1007 2998 corde
1058 2955 1248 3000 nostro
1297 2944 1591 3015 fingimus;
1625 2953 1718 3002 sed
1754 2947 1900 3017 quod
1935 2949 2119 3002 audivi

2249 1873 2486 1927 quorum
2516 1857 2774 1911 ductores
2805 1857 3020 1912 fuerunt
3051 1870 3279 1914 sanctus
3305 1859 3595 1928 Georgius,
3634 1870 3693 1912 et
3724 1859 3861 1910 bea-

2249 1956 2338 2005 tus
2353 1949 2680 2006 Theodorus
2701 1958 2755 2005 et
2777 1959 3000 2004 sanctus
3021 1951 3353 2005 Demetrius.
3375 1949 3500 2004 "me
3528 1951 3698 2002 verba
3729 1964 3861 2002 cre-

2250 2039 2429 2094 denda
2474 2049 2624 2105 sunt,
2667 2041 2796 2110 quia
2827 2041 3015 2112 plures
3046 2058 3108 2095 ex
3137 2041 3340 2096 uestris
3366 2043 3622 2096 viderunt
3656 2045 3793 2099 hoc.
3833 2061 3852 2092 ι

2249 2140 2428 2203 Atque
2460 2136 2532 2187 ita
2582 2132 2956 2204 prodigiosum
2984 2178 2999 2200 ,
3054 2136 3121 2189 de
3155 2151 3266 2204 quo
3300 2136 3388 2190 hic
3421 2137 3582 2191 nobis
3617 2154 3816 2192 sermo
3839 2178 3856 2201 ,

2251 2227 2476 2290 factum,
2529 2227 2863 2297 scriptorum
2900 2228 3344 2298 synchronorum
3368 2270 3383 2292 ,
3417 2246 3658 2300 quantm
3708 2246 3856 2285 unus

2248 2317 2417 2388 etiam
2448 2317 2698 2386 ipsismet
2723 2319 2842 2374 suis
2870 2319 3048 2373 oculis
3098 2336 3210 2373 rem
3245 2319 3411 2374 fuerit
3455 2323 3722 2386 intuitus,
3760 2324 3857 2379 fir-

2251 2417 2457 2463 matmn
2507 2410 2807 2475 habemus;
2867 2411 2999 2466 licet
3049 2421 3233 2466 autem
3265 2413 3318 2466 hi
3351 2414 3494 2468 haud
3538 2432 3743 2470 omnes
3798 2417 3854 2470 in

2249 2499 2558 2553 cmlcstium
2605 2500 2831 2562 ducum,
2885 2517 3122 2570 quorum
3175 2504 3442 2557 auxilium
3490 2505 3848 2559 Christianos

2251 2589 2408 2641 aiunt
2441 2599 2724 2657 expertos,
2767 2588 3105 2659 assignando
3151 2591 3312 2644 tertio
3360 2593 3731 2660 conveniant,
3778 2594 3848 2649 iis

2251 2686 2433 2733 tamen
2471 2679 2716 2733 unanimi
2765 2693 3040 2734 consensu
3090 2695 3284 2735 omnes
3333 2691 3585 2736 sanctum
3645 2683 3850 2742 Deme-

2249 2774 2418 2828 trium
2487 2789 2594 2827 una
2649 2787 2774 2828 cum
2837 2784 3031 2828 sancto
3075 2774 3312 2845 Georgio
3367 2791 3689 2834 accenscnt.
3734 2777 3849 2836 Nec

2254 2875 2466 2920 tantum
2510 2865 2564 2920 hi
2598 2867 2934 2935 posteriores
2985 2867 3174 2923 Sancti
3210 2869 3267 2923 in
3303 2885 3473 2940 supra
3526 2883 3843 2928 memorato

2250 2960 2314 3012 ad
2352 2960 2696 3015 Antiochiam
2731 2961 2942 3032 praelio,
2977 2977 3169 3016 vt-rum
3197 2963 3362 3017 etiam
3385 2967 3439 3018 in
3466 2966 3669 3026 altero.
3698 2969 3844 3037 quod

564 3051 710 3102 mus,
742 3037 792 3090 id
829 3045 1120 3102 testamur,
1153 3045 1208 3092 et
1241 3039 1618 3093 testimonium
1659 3049 1904 3094 nostrum
1949 3056 2013 3094 ex
2052 3057 2144 3094 ore

2254 3052 2381 3106 huic
2422 3052 2631 3122 pt'teivit
2654 3092 2668 3114 ,
2701 3069 2843 3107 anno
2871 3051 3008 3108 1097
3045 3069 3346 3124 paucorum
3381 3056 3594 3111 dierum
3648 3061 3847 3114 itinere

563 3143 753 3183 eorum
789 3130 881 3198 qui
913 3128 979 3182 ad
1015 3128 1258 3195 fuerunt,
1297 3145 1481 3185 verum
1516 3141 1620 3187 est.
1647 3149 1666 3184 ›

637 3218 726 3272 24.
771 3218 848 3272 Ita
889 3219 1176 3276 Baldricus
1207 3259 1222 3286 ,
1281 3237 1404 3292 qua:
1461 3236 1646 3292 supra
1682 3221 1925 3277 recitatis
1969 3223 2150 3281 verbis

566 3310 842 3367 Bobertus
888 3315 1194 3368 monachus
1232 3315 1443 3379 tradit,
1484 3317 1916 3372 luculentissime
1949 3318 2150 3372 confir-

566 3413 698 3455 mat.
733 3402 842 3456 Nec
873 3406 1058 3458 minus
1079 3407 1132 3459 id
1169 3408 1475 3461 luculenter
1505 3407 1637 3460 facit
1659 3410 1957 3464 Guibertus
1977 3411 2150 3465 abbas

569 3491 623 3544 in
659 3491 1152 3561 llterosolymitana
1187 3497 1388 3561 pariter
1414 3512 1445 3548 a
1477 3513 1537 3550 se
1555 3498 1882 3553 concinnata
1907 3499 2149 3555 Historia

569 3584 914 3638 collectionis
951 3583 1216 3654 praefata,
1247 3591 1338 3640 cui
1373 3597 1423 3641 et
1459 3585 1651 3642 isthmc
1686 3588 1893 3644 inserta
1925 3601 2107 3646 exstat
2132 3631 2148 3658 ,

568 3691 693 3746 pag.
718 3676 824 3730 523
859 3677 935 3732 ita
965 3678 1218 3734 scribens
1248 3695 1263 3732 :
1301 3697 1319 3730 ι
1359 3678 1424 3734 Et
1449 3694 1602 3744 ecce,
1627 3682 1800 3751 copiae
1830 3683 2152 3740 innumera-

566 3769 708 3824 biles
762 3770 915 3836 (dum
981 3768 1284 3826 Christiani
1335 3773 1550 3828 scilicet
1602 3783 1794 3830 contra
1841 3776 2149 3834 Saracenos

565 3875 737 3930 prepo
759 3861 1108 3918 Antiochiam
1131 3862 1438 3934 decertant)
1461 3877 1748 3935 coeperunt
1769 3866 1838 3922 de
1865 3871 2149 3927 urentibus

565 3968 868 4026 einen-gere,
903 3972 1138 4025 quorum
1176 3967 1231 4012 et
1258 3961 1386 4028 equi
1425 3968 1479 4014 et
1515 3959 1882 4030 signa'multo
1911 3965 2151 4020 candore

567 4045 852 4113 nitebant;
876 4049 1083 4104 nostris
1104 4058 1287 4104 autem
1311 4050 1587 4106 maximus
1615 4051 1684 4106 ad
1715 4068 1905 4109 eorum
1930 4058 2149 4112 contui-

567 4147 681 4192 tum
716 4149 912 4208 stupor
945 4140 1202 4206 increvit,
1238 4143 1556 4198 verentibus
1591 4145 1802 4216 utique,
1837 4161 1903 4202 ne
1930 4161 2151 4205 contra-

566 4229 662 4284 ria:
689 4231 944 4286 venirent
973 4231 1366 4287 adminiculum
1403 4232 1548 4290 ferre
1581 4236 1762 4305 parti,
1795 4236 1972 4294 donec
1999 4257 2148 4295 com-

564 4322 804 4392 periont,
858 4323 910 4379 id
965 4323 1082 4380 fore
1114 4325 1284 4380 etiam
1335 4325 1630 4382 visibiliter
1677 4327 1786 4385 sibi
1839 4332 2142 4400 pmstitum

2251 3157 2279 3195 a
2301 3140 2480 3196 Nicaea
2505 3143 2799 3208 commissa
2822 3141 3156 3202 Christianis
3179 3162 3344 3205 cruce
3367 3149 3844 3220 signatissuccur-

2251 3235 2390 3289 risse
2421 3245 2735 3292 narrantur.

2317 3324 2411 3380 26.
2449 3326 2503 3378 In
2535 3343 2696 3396 supra
2727 3328 2968 3396 laudata,
3006 3345 3126 3400 qua:
3157 3331 3316 3387 Gesta
3354 3333 3452 3388 Dei
3485 3351 3579 3404 per
3602 3336 3838 3393 Francos

2257 3415 2582 3470 inscribitur
2607 3458 2621 3481 ,
2676 3422 3009 3489 scriptormu
3049 3425 3323 3479 variorum
3371 3427 3714 3484 Collectione
3745 3447 3841 3485 au-

2248 3523 2368 3562 ctor
2393 3509 2657 3574 incertus,
2682 3511 3040 3578 Francorum,
3059 3515 3364 3574 Jerusalem
3382 3525 3838 3591 cxpuguantium,

2251 3610 2409 3672 gesta
2449 3605 2790 3670 describens,
2822 3609 3015 3673 relato,
3049 3610 3101 3664 in
3148 3628 3256 3680 quo
3291 3630 3318 3666 a
3355 3613 3690 3670 Christianis
3713 3633 3838 3671 cru-

2250 3708 2314 3748 ce
2341 3695 2573 3765 signatis
2602 3697 2849 3754 iulidcles
2885 3717 3078 3771 magna
3112 3704 3266 3760 clade
3325 3716 3451 3774 post
3493 3719 3714 3776 captam
3748 3710 3835 3764 Ni-

2249 3801 2416 3841 caeam
2453 3789 2554 3843 fusi
2591 3791 2765 3853 fuere,
2800 3795 3124 3859 certamine,
3159 3812 3285 3852 mox
3315 3800 3602 3873 subjungit
3629 3820 3647 3855 :
3684 3823 3702 3855 ι
3738 3804 3836 3856 Πίε-

2251 3879 2416 3934 latum
2449 3893 2535 3936 est
2563 3884 2694 3955 ergo
2725 3895 2916 3955 postea
2952 3904 2982 3942 a
3007 3890 3360 3959 quibusdam,
3385 3899 3513 3964 quia
3541 3899 3652 3952 duo
3685 3902 3834 3968 equi-

2255 3983 2359 4040 tes,
2397 3976 2450 4029 in
2485 3975 2626 4032 albis
2662 3980 2841 4034 vestiti
2875 4021 2890 4045 ,
2935 3993 3102 4054 super
3151 4001 3324 4055 equos
3361 3987 3510 4044 albos
3543 3991 3832 4058 sedentes,

2250 4061 2472 4120 Turcos
2544 4083 2641 4136 per
2701 4071 2946 4127 triduum
3010 4087 3492 4148 persequerentur,
3554 4082 3832 4148 dicentes,
3899 4127 3910 4137 .

2252 4171 2422 4212 unutn
2453 4161 2624 4217 fuisse
2653 4160 2946 4234 Georgium
2971 4206 2987 4230 ,
3021 4169 3253 4224 alterum
3283 4186 3411 4228 vero
3445 4174 3615 4231 fuisse
3646 4177 3836 4232 Deme-

2251 4251 2440 4314 trium,
2477 4263 2748 4326 martyres
2776 4258 3064 4327 gloriosos.
3110 4282 3128 4314 ι
3165 4265 3373 4321 Auctor
3404 4269 3622 4338 quidem
3651 4313 3668 4336 ,
3702 4273 3792 4341 qui
3816 4314 3832 4336 ,

2249 4345 2395 4411 quod
2423 4347 2605 4402 verbis
2630 4350 2778 4403 hisce
2803 4354 3097 4416 astruitur,
3132 4360 3403 4425 perhibet,
3427 4363 3646 4430 sibique
3669 4364 3830 4418 etiam

566 4415 897 4482 adiutorium
920 4416 1150 4473 Christi.
1175 4418 1420 4485 Quorum
1446 4420 1756 4491 specialiter
1775 4422 1945 4479 fuisse
1969 4425 2140 4480 duces

2249 4436 2467 4494 Petrum
2503 4440 2797 4498 diaconum
2839 4446 2892 4498 in
2948 4445 3208 4502 Chronico
3254 4450 3584 4518 Cassinemi,
3626 4455 3728 4509 lib.
3760 4473 3834 4522 iv,

565 4507 776 4575 opinati
810 4519 935 4563 sunt
958 4511 1231 4580 gloriosos
1262 4521 1382 4582 post
1407 4514 1654 4568 militiam
1681 4529 1949 4588 martyres
1973 4514 2141 4571 Geor-

565 4597 738 4667 gium,
765 4598 1099 4654 Mercurium
1121 4611 1287 4670 atque
1311 4601 1669 4661 Demetrium.
1691 4606 1816 4662 Hac
1837 4624 1867 4662 a
1892 4618 2140 4663 nostrum
2161 4655 2164 4658 .

571 4689 828 4760 plurimis
863 4691 976 4746 visa
1002 4731 1018 4759 ,
1049 4701 1105 4749 et
1140 4709 1263 4748 cum
1294 4693 1438 4760 aliis,
1470 4713 1595 4768 quae
1627 4699 1892 4764 viderant,
1923 4703 2146 4758 retulis-

563 4791 707 4845 sent,
757 4787 941 4853 plena,
978 4794 1039 4841 ut
1085 4803 1182 4856 par
1233 4797 1374 4854 erat,
1409 4791 1513 4846 fide
1557 4801 1688 4847 sunt
1730 4795 1962 4850 credita.
2000 4796 2066 4850 Et
2096 4797 2142 4851 si

564 4872 888 4931 Machaba‘is
917 4878 1048 4932 olim
1080 4895 1179 4950 pro
1207 4857 1629 4940 circumcisione
1650 4896 1705 4939 et
1729 4902 1897 4943 carne
1916 4889 2142 4958 porcina

564 4967 944 5033 pugnantibus
996 4971 1223 5025 evidens
1279 4977 1603 5044 apparuisse
1653 4976 1854 5047 legitur
1912 4982 2140 5036 caeleste

565 5057 909 5126 suffragium,
945 5074 1155 5132 quanto
1186 5067 1422 5133 amplius
1452 5068 1539 5122 his
1566 5069 1778 5137 debuit,
1815 5073 1903 5142 qui
1934 5089 2033 5142 pro
2063 5090 2146 5130 rc-

571 5149 765 5216 purgio
817 5152 1070 5207 ecclesiis
1115 5153 1427 5211 adhibendo
1478 5166 1533 5211 et
1580 5168 1729 5214 statu
1771 5160 1892 5216 fidei
1933 5179 2142 5233 propu-

563 5238 785 5306 gnando
810 5238 916 5293 fusi
948 5244 1232 5309 sanguinis
1263 5244 1482 5304 Christo
1511 5248 1755 5307 detulere
1785 5255 2091 5310 servitium.
2116 5274 2134 5308 ι

561 5327 672 5383 Nec
714 5330 766 5384 hi
801 5345 1010 5386 tantum
1042 5344 1155 5391 tres
1185 5340 1486 5409 scriptores
1508 5381 1522 5405 ,
1561 5359 1725 5413 supra
1756 5346 1988 5401 laudata:
2015 5347 2135 5402 Col-

561 5418 790 5475 leetioni
826 5423 1044 5490 inserti,
1076 5441 1311 5494 quorum
1351 5433 1514 5485 verba
1538 5433 1653 5500 jam
1683 5434 1960 5502 dedimus,
1987 5436 2142 5491 alba-

567 5524 748 5569 torum
799 5519 1070 5585 militum,
1106 5521 1308 5590 quibus
1342 5537 1569 5581 sauctus
1607 5528 1912 5584 Demetrius
1941 5531 2143 5599 aliique

561 5605 672 5662 duo
703 5611 880 5664 sancti
917 5615 1108 5681 pratire
1130 5615 1332 5670 fuerint
1355 5623 1658 5690 conspecti,
1689 5625 1952 5679 visionem
1982 5625 2145 5680 Chii-

561 5699 758 5780 stivattis
781 5705 835 5759 iu
855 5706 1212 5764 celeberrima
1229 5709 1295 5765 ad
1311 5712 1656 5771 Antiochiam
1675 5732 1852 5788 pugna
1877 5719 2137 5787 oblatam,

2245 4548 2367 4603 cap.
2407 4534 2496 4600 ll,
2535 4534 2923 4609 suﬂ'ragentem
2955 4543 3155 4612 habet,
3192 4547 3429 4603 militum
3483 4551 3789 4605 albatorum
3816 4595 3832 4614 .

2243 4626 2361 4693 qui,
2419 4629 2627 4684 sanctis
2675 4628 2907 4702 Georgio
2941 4649 3006 4692 ac
3049 4635 3322 4694 Demetrio
3353 4643 3622 4707 ducibus,
3655 4647 3712 4698 in
3742 4666 3834 4699 su.

2245 4732 2340 4786 pra
2384 4720 2558 4774 relato
2589 4723 2654 4775 ad
2684 4722 3034 4782 Antiochiam
3071 4733 3258 4797 praelia
3297 4732 3629 4791 Christianis
3671 4756 3836 4795 cruce

2244 4807 2476 4875 signatis
2500 4816 2920 4879 succurrerint,
2960 4817 3221 4874 visionem
3268 4813 3575 4878 miramlam
3609 4807 3836 4883 silent",

2246 4896 2493 4965 involvit,
2529 4903 2675 4971 quod
2705 4913 2756 4957 et
2784 4904 2975 4962 Petrus
3006 4910 3272 4966 diaconus
3297 4919 3548 4982 proxime
3574 4920 3836 4976 laudatus

2245 4985 2412 5054 facit;
2447 4991 2578 5046 hinc
2609 4995 2794 5050 autem
2833 4999 3094 5055 visionem
3119 5043 3132 5065 ,
3161 5020 3282 5068 qum
3321 5007 3374 5060 iu
3406 5011 3590 5077 prmlio
3621 5013 3688 5064 ad
3725 5015 3836 5066 Au-

2245 5080 2507 5134 tiochiam
2549 5085 2758 5149 evenit,
2793 5104 3075 5158 perperam
3109 5095 3172 5147 ad
3205 5099 3450 5165 przclium
3473 5142 3488 5166 ,
3527 5116 3832 5170 paucorum

2245 5169 2458 5226 dierum
2494 5175 2689 5232 itinere
2719 5195 2748 5231 a
2790 5179 2966 5234 Nicaea
3005 5196 3162 5240 antea
3193 5194 3573 5257 commissum,
3613 5212 3639 5248 a
3677 5201 3840 5252 duci-

2246 5263 2350 5320 bus
2379 5266 2490 5323 illis
2523 5272 2890 5341 Scriploribus
2925 5279 3114 5332 referri
3146 5323 3158 5345 ,
3189 5299 3297 5338 non
3334 5301 3492 5340 nemo
3524 5289 3660 5342 forte
3690 5307 3835 5344 con-

2247 5359 2445 5416 tendet.
2485 5359 2687 5416 Verum
2720 5366 2822 5418 etsi
2855 5368 3022 5422 etiam
3055 5374 3135 5425 vel
3181 5390 3244 5428 ex
3292 5392 3358 5429 eo
3392 5381 3644 5442 maxime,
3683 5388 3835 5451 qttuil

2247 5449 2378 5503 nulli
2415 5466 2645 5520 prorsus
2677 5458 2973 5526 scriptores
3009 5465 3096 5517 alii
3129 5465 3380 5533 visionis,
3419 5488 3539 5540 quic
3567 5477 3618 5526 in
3649 5492 3832 5545 pugna

2248 5552 2491 5605 proxnue
2525 5556 2648 5611 post
2699 5561 2912 5616 captam
2951 5552 3186 5608 Nicsram
3234 5558 3566 5615 Christianis
3622 5578 3836 5632 pariter

2248 5629 2412 5684 fuerit
2442 5635 2656 5698 oblata,
2701 5644 3035 5698 mentimicm
3080 5647 3306 5712 faciant.
3343 5664 3672 5721 scriptorum
3711 5659 3834 5711 lau-

2249 5720 2503 5778 datorum
2533 5742 2691 5782 error
2729 5730 3048 5801 hujusmotli
3080 5752 3187 5792 non
3221 5720 3497 5796 immerito
3529 5759 3695 5812 queat
3725 5764 3832 5802 ve-
