4070 6382
288 307 460 372 1413

1374 309 1438 371 S.
1482 308 1866 370 DEMETRII
1908 311 2297 373 MARTYRIS
2336 314 2550 377 ACTA.

3444 319 3583 386 1414

259 440 581 498 rosimilis
615 441 810 508 videri,
839 442 955 497 fieri
991 450 1172 495 tamen
1210 449 1388 512 potest
1414 481 1428 507 ,
1465 449 1522 495 ut
1556 441 1884 497 Christianis
1915 456 1965 509 Α
1999 461 2229 516 gnoscas
2266 449 2508 516 protiteri
2531 489 2548 514 ,
2593 449 2811 522 inquire
2839 461 2893 507 et
2935 454 3116 519 hodie,
3150 466 3205 511 et
3253 473 3400 523 cras,
3437 470 3494 517 et
3527 465 3583 518 in

253 532 552 590 visiones
587 535 708 590 dua:
740 535 947 590 similes
984 533 1217 588 diversae
1241 574 1256 596 ,
1301 534 1470 587 altera
1503 535 1558 588 in
1593 536 1782 605 proelio
1828 539 1896 591 ad

256 624 710 692 Antiochiam,
762 626 934 681 altera
988 627 1042 680 in
1099 625 1287 696 praelio
1343 627 1645 691 anteriori,
1693 627 1896 683 fuerint

257 717 527 783 oblatae,
564 735 798 788 quarum
840 719 1077 788 priorem
1112 717 1358 787 quidem,
1413 719 1558 787 quod
1593 735 1714 774 eam
1767 735 1891 789 per-

261 816 553 873 spectam
591 810 731 864 haud
774 809 1088 873 habuerint,
1120 809 1309 862 ultimo
1339 825 1369 863 a
1409 809 1568 866 nobis
1601 811 1892 867 memorati

261 900 395 954 duo
436 909 710 956 auctores
739 915 846 955 non
877 900 1174 962 narrarint,
1210 901 1570 969 posteriorem
1598 918 1731 956 vero
1759 905 1890 958 scri-

259 999 490 1059 ptores
541 992 660 1055 alii,
714 992 859 1061 quod
910 1007 1058 1054 eam,
1099 1001 1289 1061 utpote
1323 1008 1487 1062 quam
1542 994 1702 1062 pauci
1749 995 1890 1049 dun-

266 1089 476 1145 taxat,
515 1083 589 1136 uti
641 1099 705 1136 ex
759 1083 894 1152 ipsis
929 1082 1174 1152 proxime
1219 1084 1365 1137 datis
1417 1083 1601 1138 verbis
1654 1084 1889 1151 videtur,

264 1183 688 1239 spectassem,
744 1188 843 1242 pro
898 1173 1081 1228 minus
1122 1184 1275 1228 certa
1324 1175 1608 1242 haberent,
1662 1176 1885 1232 silentio

268 1267 703 1334 praeterierint.

347 1402 456 1455 27.
497 1401 670 1457 Porro
697 1409 1012 1458 sanctorum
1042 1400 1283 1473 Georgii,
1321 1401 1574 1457 Demetrii
1639 1412 1694 1458 et
1729 1404 1878 1460 Mau-

265 1494 424 1561 ritii,
485 1495 579 1566 qui
627 1495 955 1551 Christianis
989 1509 1153 1550 cruce
1179 1495 1410 1566 signatis
1439 1496 1722 1566 suppetias
1768 1497 1878 1552 fer-

263 1594 434 1653 rent,
465 1587 738 1643 visionem
767 1587 999 1642 subinde
1020 1585 1505 1656 ipsismet'l'urcis,
1527 1587 1656 1641 dum
1684 1589 1879 1644 urbem

263 1679 701 1734 Antiochenam
759 1694 909 1734 anno
961 1680 1102 1735 1098
1165 1679 1488 1736 obsiderent
1539 1680 1878 1748 Christiani,

263 1769 534 1826 oblatam
572 1768 764 1834 fuisse,
794 1770 996 1827 dixisse
1026 1772 1193 1827 etiam
1228 1781 1488 1827 narratur
1518 1773 1742 1843 quidam
1779 1788 1874 1828 eo-

265 1864 547 1918 rumdem
575 1862 883 1918 Turcorum
908 1864 1042 1929 dux,
1070 1865 1290 1919 nomine
1316 1863 1576 1935 Pyrrhus.
1607 1863 1726 1929 llic,
1749 1866 1878 1920 dum

268 1962 544 2024 tempore
578 1955 826 2009 brevium
863 1955 1230 2020 induciarum,
1267 1972 1389 2026 quas
1416 1995 1432 2020 ,
1470 1957 1704 2012 durante
1733 1957 1883 2011 obsi-

173 2050 192 2076 '
269 2042 487 2109 dione,
515 2053 688 2112 pacta:
737 2052 916 2110 erant,
949 2060 1071 2098 cum
1106 2046 1354 2116 principe
1395 2045 1694 2102 Tarentino
1732 2047 1875 2101 Boa-

269 2133 520 2198 mundo,
549 2135 636 2190 cui
673 2144 895 2206 postea,
930 2137 1145 2192 traditis
1173 2138 1258 2202 ei,
1294 2153 1432 2208 quas
1459 2139 1719 2192 custodia:
1761 2151 1876 2192 suat

267 2225 704 2280 commendatas
737 2226 998 2292 trahebat,
1033 2229 1296 2294 turribus,
1326 2228 1672 2283 Antiochiam
1701 2227 1880 2299 prodi-

266 2313 399 2381 dit,
439 2315 782 2370 familiariter
817 2316 1052 2372 subinde
1097 2317 1533 2387 colloqueretur,
1589 2317 1734 2370 inter
1767 2332 1873 2372 rre-

266 2413 426 2470 tera,
462 2407 922 2474 quemadmodum
957 2423 1124 2477 supra
1167 2408 1428 2463 laudatus
1455 2406 1728 2463 Robertus
1760 2423 1877 2462 mo-

265 2497 502 2551 nachus
539 2495 794 2551 Historia:
826 2495 1352 2567 Hierosolymitante,
1386 2497 1480 2553 lib.
1509 2513 1562 2566 v,
1595 2499 1874 2554 memoriae

265 2587 504 2659 prodit,
562 2608 580 2641 ι
617 2590 853 2660 quodam
901 2589 992 2644 die
1034 2590 1320 2660 requisivit
1370 2591 1440 2647 ab
1488 2606 1574 2657 eo,
1644 2593 1868 2647 ubinam

281 2690 484 2738 castra
519 2682 762 2750 posuerit
800 2681 889 2738 ille
921 2682 1340 2738 candidatorum
1377 2684 1650 2740 exercitus
1702 2683 1865 2739 innu-

271 2774 592 2839 merabilis,
643 2791 882 2845 quorum
916 2776 1125 2830 auxilio
1162 2777 1217 2831 in
1263 2778 1523 2834 omnibus
1557 2779 1716 2836 bellis
1745 2779 1867 2836 ful-

266 2867 580 2922 ciebantur
606 2865 930 2924 Christiani.
968 2868 1189 2923 Dicebat
1218 2868 1390 2936 cnim,
1412 2870 1540 2940 quia
1573 2871 1864 2926 adventum

269 2957 507 3014 illorum
559 2972 842 3028 nunquam
895 2968 1151 3028 poterant
1201 2960 1478 3016 sustinere
1529 2959 1718 3026 Turci,
1771 2963 1864 3018 sed

269 3053 468 3107 statim
523 3061 581 3106 ut
615 3052 876 3108 videbant
916 3053 1064 3118 illos,
1121 3053 1456 3125 incipiebant
1508 3069 1706 3124 pavere
1740 3074 1754 3110 :
1789 3055 1864 3110 illi

270 3157 415 3198 vero
447 3142 597 3208 ipsos
629 3152 688 3197 ut
719 3151 921 3198 ventus
953 3144 1200 3200 turbinis
1221 3145 1606 3216 Opprimcbant
1633 3184 1648 3208 ,
1684 3155 1738 3201 et
1771 3146 1862 3200 isti
1891 3149 1940 3214 ο

267 3231 738 3297 vulnerabantur;
772 3232 847 3287 illi
885 3233 1215 3298 obruebant,
1246 3246 1300 3290 et
1330 3237 1418 3291 isti
1447 3237 1858 3295 occidebantur.

275 3323 375 3379 'Jui
437 3323 791 3380 Boamundus
839 3325 916 3379 ait
969 3340 983 3375 :
1036 3324 1278 3382 Putasne
1327 3327 1496 3381 alium
1549 3331 1856 3383 exercitum

267 3429 421 3478 esse,
464 3429 626 3482 quam
664 3416 830 3482 hunc,
867 3432 1032 3488 quem
1068 3418 1243 3482 vides,
1278 3420 1569 3474 nostrum?
1603 3421 1700 3474 Cui
1734 3421 1855 3476 ille:

268 3507 380 3560 Per
410 3503 758 3562 Mat-bonrum
791 3524 970 3562 meum
997 3519 1385 3579 praeceptorem
1414 3510 1562 3579 juro,
1593 3513 1853 3582 quoniam

267 3606 317 3656 si
361 3600 450 3654 hic
476 3599 755 3666 adessent,
784 3609 898 3656 tota
926 3603 1039 3656 haec
1063 3603 1318 3673 planities
1341 3620 1435 3661 eos
1456 3621 1563 3659 non
1593 3615 1814 3675 caperet
1841 3624 1853 3659 :

268 3703 469 3742 omnes
501 3689 705 3741 habent
738 3705 909 3758 equos
940 3691 1098 3746 albos
1131 3695 1284 3746 mirae
1319 3695 1652 3758 celeritatis,
1683 3706 1736 3749 et
1767 3712 1855 3750 ve-

267 3780 532 3834 Stimenta
567 3785 621 3832 et
658 3786 816 3832 scuta
847 3787 903 3832 et
931 3779 1129 3833 vexilla
1165 3781 1412 3850 ejusdem
1443 3783 1668 3838 coloris.
1703 3782 1810 3837 Sed
1837 3823 1854 3847 ,

269 3885 369 3941 per
402 3867 586 3935 fidem,
625 3882 788 3938 quam
812 3867 982 3925 habes
1006 3869 1061 3922 in
1091 3867 1300 3936 Jesum,
1327 3871 1419 3926 ubi
1453 3884 1633 3927 castra
1662 3889 1850 3928 eorum

270 3962 450 4016 locata
486 3959 656 4014 sunt?

349 4095 438 4151 ‘28.
479 4111 499 4145 ι
537 4091 895 4149 Boamundus
930 4092 1115 4162 itaque
1153 4091 1354 4164 spiritu
1400 4094 1498 4151 Dei
1545 4095 1854 4154 illustratus

270 4188 423 4244 illico
473 4183 670 4248 sensit,
718 4185 888 4246 hanc,
936 4200 1100 4254 quam
1146 4183 1379 4250 viderat,
1431 4184 1524 4241 Dei
1581 4187 1848 4243 visionem

270 4292 427 4342 esse;
454 4290 556 4332 nec
570 4275 716 4346 quod
739 4276 1020 4346 quaerebat
1044 4293 1110 4332 ex
1141 4277 1463 4343 tentatione,
1495 4277 1590 4333 sed
1613 4293 1680 4334 ex
1703 4279 1847 4336 bona

273 4370 555 4425 voluntate
600 4368 920 4438 procedere,
970 4378 1027 4423 et
1061 4369 1399 4438 respondens
1430 4369 1609 4440 inquit
1641 4387 1655 4424 :
1695 4370 1848 4429 Licet

2002 537 2091 591 die
2127 541 2320 604 altera,
2346 557 2412 595 an
2439 542 2492 596 in
2520 550 2629 597 tota
2661 543 2881 613 regione
2906 545 3007 600 hac
3030 561 3220 602 eorum
3248 563 3429 608 castra
3460 571 3589 624 pos-

2007 631 2114 684 sint
2162 632 2394 686 inveniri
2451 650 2466 687 :
2519 635 2663 704 quod
2698 635 2743 690 si
2802 636 3170 705 inveniantur,
3206 643 3484 713 redarguti
3528 650 3583 703 in

2005 731 2298 790 Conspectu
2337 731 2428 778 tuo
2461 738 2492 778 a
2543 726 2856 790 mendacio,
2889 727 3304 787 erubescamus.
3347 733 3411 786 Et
3457 753 3582 794 cum

2000 809 2056 864 in
2091 820 2201 865 tota
2251 815 2475 883 regione
2525 818 2839 886 nequiveris
2869 819 2989 874 illos
3025 821 3307 888 invenire,
3340 829 3386 881 si
3419 830 3581 885 nobis

2001 915 2228 956 necesse
2259 906 2387 970 erit,
2437 907 2491 960 in
2540 909 2845 963 crastinum
2899 909 3111 966 videbis
3167 913 3383 970 adesse.
3429 915 3584 974 Unde

1999 992 2170 1058 igitur
2200 1003 2310 1049 tam
2347 997 2460 1050 cito
2490 1000 2742 1065 veniunt,
2777 1001 2879 1055 nisi
2913 1016 2941 1054 a
2972 1006 3224 1071 supernis
3247 1007 3495 1070 sedibus,
3529 1011 3580 1064 in

1995 1085 2194 1154 quibus
2230 1090 2563 1141 morantur?
2593 1089 2692 1142 Cui
2730 1091 3010 1159 respondit
3039 1091 3278 1162 Pyrrhus
3311 1097 3412 1158 (sic
3435 1099 3580 1151 enim

1994 1187 2112 1232 erat
2141 1193 2339 1234 nomen
2370 1179 2511 1249 ejus)
2537 1199 2549 1235 :
2579 1178 2642 1234 Et
2673 1182 2717 1236 si
2747 1182 2813 1235 de
2837 1183 2978 1237 caelo
3000 1185 3246 1249 veniunt,
3268 1189 3356 1240 ubi
3389 1199 3468 1244 tot
3501 1191 3582 1243 al-

1993 1268 2090 1323 bos
2114 1285 2311 1339 equos,
2337 1279 2416 1325 tot
2438 1280 2616 1338 scuta,
2643 1281 2722 1328 tot
2744 1273 2938 1328 vexilla
2969 1277 3288 1332 inveniunt?
3315 1281 3415 1334 Cui
3443 1279 3580 1334 Boa-

1994 1358 2234 1412 mundus
2268 1374 2282 1410 :
2320 1357 2400 1412 Tu
2435 1376 2631 1430 magna
2669 1372 2723 1415 et
2764 1379 2932 1432 super
2981 1381 3201 1420 sensum
3255 1385 3435 1422 meum
3493 1387 3578 1423 rc-

1989 1449 2199 1517 qniris;
2233 1461 2541 1520 propterea,
2578 1453 2624 1506 si
2661 1454 2763 1517 vis,
2792 1455 3019 1509 accedat
3049 1473 3202 1512 meus
3241 1462 3576 1529 capellanus,

1989 1537 2080 1605 qui
2107 1540 2203 1592 tibi
2230 1554 2396 1609 super
2424 1540 2510 1594 his
2535 1543 2902 1610 respondebit.
2953 1546 3032 1598 Ad
3059 1547 3173 1600 lucc
3214 1552 3573 1617 capellanus:

1988 1626 2121 1682 Cum
2157 1629 2512 1697 omnipotens
2545 1631 2782 1686 Creator
2812 1636 3040 1703 angelos
3081 1654 3210 1692 suos
3245 1641 3360 1693 sive
3391 1641 3577 1708 justo-

1991 1733 2112 1771 rum
2148 1720 2375 1789 spiritus
2401 1723 2620 1776 mittere.
2651 1723 2894 1792 disponit
2927 1728 2978 1778 in
3011 1736 3231 1792 terram,
3266 1740 3392 1783 tunc
3421 1749 3575 1787 assu-

1913 1819 1955 1874 B
1983 1820 2140 1864 munt
2177 1811 2284 1866 sibi
2330 1825 2491 1866 aerea
2527 1828 2778 1882 corpora,
2827 1823 2887 1868 ut
2919 1832 3014 1886 per
3044 1833 3105 1871 ea
3146 1822 3301 1876 nobis
3350 1823 3571 1884 introre-

1983 1913 2160 1957 scant.
2196 1904 2319 1958 Ideo
2345 1913 2530 1958 autem
2566 1922 2713 1961 nunc
2746 1910 2941 1962 armati
2981 1923 3281 1979 apparent,
3330 1923 3387 1969 ut
3421 1916 3571 1973 indi-

1983 1999 2132 2055 cent,
2166 1995 2313 2063 quod
2349 1996 2401 2048 in
2438 1995 2580 2049 bello
2611 1996 2940 2053 laboraturis
2978 2001 3184 2056 auxilio
3216 2005 3460 2060 veniunt.

2058 2082 2148 2138 29.
2183 2083 2253 2136 At
2289 2100 2440 2147 vero,
2493 2087 2704 2154 inquiet
2757 2103 3053 2154 nonnemo,
3104 2093 3354 2159 visionis,
3404 2113 3567 2167 quam

1982 2173 2234 2240 ipsismet
2285 2175 2481 2232 Turcis
2534 2178 2772 2233 oblatam
2821 2179 3030 2244 fuisse,
3081 2185 3314 2239 relatum
3374 2190 3560 2246 verbis

1981 2265 2155 2330 hisce,
2179 2266 2325 2336 quod
2354 2268 2732 2325 Boamundum
2769 2273 2912 2326 inter
2937 2281 2990 2326 et
3017 2273 3286 2344 Pyrrhum
3319 2280 3564 2336 habitum

1983 2357 2172 2422 fuerit,
2207 2359 2544 2429 colloquium
2594 2363 2786 2431 exigit,
2839 2365 2992 2421 solus
3028 2371 3273 2423 meminit
3309 2371 3560 2429 laudatus

1978 2447 2250 2505 ltobertus
2282 2454 2609 2520 monachus,
2645 2456 2967 2528 nullumque
2997 2461 3083 2516 hic
3108 2462 3350 2527 omnino,
3382 2470 3471 2534 qui
3497 2449 3584 2521 de

1975 2543 2149 2598 sacris
2171 2544 2612 2600 Christianorum
2649 2548 2704 2601 in
2740 2549 3087 2606 Palaestinam
3113 2556 3563 2624 expeditionibus

1973 2635 2249 2696 tractat-it,
2301 2636 2632 2705 scriptorem
2669 2638 2836 2693 alium
2889 2642 2993 2695 sibi
3031 2653 3310 2714 utcunque
3359 2647 3561 2702 suffra-

1971 2734 2186 2795 gantem
2220 2726 2404 2782 habet.
2438 2726 2659 2795 Fateor,
2702 2731 2784 2785 sic
2841 2732 3041 2799 habet;
3094 2736 3204 2788 imo
3256 2753 3385 2792 vero
3435 2754 3558 2794 cum

1971 2831 2274 2883 sermones,
2303 2833 2440 2886 quos
2475 2821 2616 2874 idem
2652 2821 2895 2891 scriptor
2926 2822 3246 2879 Boamundo
3275 2838 3326 2880 ct
3348 2826 3560 2899 Pyrrho

1972 2908 2245 2973 attribuit,
2267 2910 2380 2964 sint
2409 2911 2746 2982 huiusmodi,
2785 2926 2839 2968 ut
2867 2914 3011 2970 ultro
3034 2917 3288 2988 citroque
3317 2919 3382 2973 ab
3408 2921 3571 2976 hisce

1973 2997 2185 3052 habitos
2215 2999 2336 3054 illos
2368 3017 2563 3055 omnes
2591 3001 2789 3068 fuisse,
2823 3007 2986 3059 etiam
3015 3009 3096 3060 vel
3136 3007 3359 3075 idcirco,
3401 3012 3548 3080 quod

1971 3087 2239 3158 Pyrrhum
2270 3093 2433 3146 veluti
2466 3095 2856 3164 mysteriorum
2879 3097 3001 3152 fidei
3029 3097 3355 3154 Christiana:
3387 3102 3552 3170 plane

1973 3182 2222 3250 ignarum
2253 3194 2662 3252 reprmsentent,
2695 3187 2891 3258 hicque
2917 3196 3097 3243 tamen
3125 3190 3255 3245 olim
3281 3191 3551 3247 Christia.

1974 3288 2075 3328 nus
2113 3275 2340 3339 luisset,
2382 3290 2571 3344 parum
2606 3279 2917 3334 verosimile
2968 3292 3270 3349 appareat,
3306 3299 3406 3338 nec
3453 3301 3554 3353 ego

1973 3362 2270 3428 visionem,
2324 3381 2487 3434 quam
2529 3366 2773 3437 Pyrrhus
2811 3368 2863 3422 in
2911 3370 3184 3439 colloquio
3235 3387 3360 3425 cum
3418 3371 3524 3427 Bon

1974 3453 2176 3508 mundo
2207 3455 2396 3510 habito
2429 3457 2574 3527 apud
2608 3456 2908 3512 Bobertnm
2944 3461 3275 3514 monachum
3303 3479 3546 3517 comme-

1973 3556 2171 3611 morat,
2214 3560 2366 3604 certo
2399 3550 2670 3605 habuisse
2727 3551 2937 3615 locum,
2983 3566 3300 3606 asseverare
3330 3558 3547 3621 ausim;

1970 3652 2158 3692 verum
2192 3639 2459 3707 quidquid
2490 3641 2564 3694 sit
2598 3657 2692 3694 seu
2723 3643 2792 3696 de
2819 3643 3030 3696 visione
3063 3644 3166 3698 ista
3200 3659 3295 3699 seu
3323 3647 3390 3699 de
3424 3648 3549 3702 aliis

1966 3743 2135 3795 supra
2173 3744 2202 3781 e
2238 3729 2404 3782 variis
2435 3730 2800 3798 scriptoribus
2836 3732 3043 3798 relatis,
3085 3749 3225 3804 quas
3249 3738 3414 3790 etiam
3447 3737 3548 3793 de-

1965 3826 2134 3886 cepta:
2174 3818 2226 3870 in
2261 3819 2369 3872 illis
2403 3819 2560 3886 ipsis,
2589 3821 2682 3890 qui
2719 3835 2815 3876 eas
2849 3822 2951 3876 sibi
2983 3823 3198 3878 oblatas
3225 3827 3413 3889 fuisse
3461 3831 3546 3883 di-

1963 3923 2114 3971 xere,
2171 3909 2549 3980 imaginationi
2607 3927 2885 3968 nonnemo
2945 3915 3196 3971 fortassis
3261 3919 3541 3986 (rectene,

1964 4015 2033 4055 au
2075 4015 2254 4067 secus,
2298 4017 2404 4056 non
2451 4002 2676 4074 definio)
2712 4005 3030 4075 ascripserit
3057 4045 3073 4069 ,
3115 4023 3143 4061 a
3179 4009 3356 4062 tribus
3389 4013 3546 4080 equi-

1962 4092 2083 4146 dt'lll
2119 4093 2170 4146 in
2204 4091 2503 4149 Boainundi
2549 4106 2602 4149 et
2645 4095 2839 4166 Pyrrhi
2883 4099 3161 4168 colloquio
3211 4105 3539 4158 memoratis

1960 4181 2170 4236 sanctis
2210 4196 2274 4235 ac
2321 4182 2648 4238 nominatim
2695 4200 2725 4237 a
2766 4194 2960 4241 sancto
3001 4186 3278 4242 Demetrio
3305 4229 3320 4255 ,
3373 4192 3539 4246 Chri~

1960 4270 2158 4328 stianis
2188 4286 2354 4326 cruce
2379 4274 2611 4344 signatis
2641 4291 2752 4330 non
2783 4283 2996 4330 tantum
3019 4277 3074 4331 in
3109 4293 3288 4350 pugna
3325 4282 3390 4336 ad
3425 4284 3538 4337 An-

1961 4364 2219 4420 tioehiam
2255 4369 2574 4426 commissa.
2605 4385 2799 4424 verum
2825 4370 2989 4425 etiam
3026 4371 3081 4426 in
3116 4374 3289 4430 sacris
3315 4377 3538 4445 expedi-

243 4463 347 4518 ,δίε
379 4467 676 4516 ελιηηθιιε
705 4473 736 4512 a
768 4459 886 4528 [ego
944 4467 1158 4524 nostra,
1211 4459 1340 4527 quia
1391 4469 1444 4514 te
1497 4461 1658 4517 vich
1706 4464 1846 4517 bona
1883 4495 1932 4554 υ
1960 4456 2202 4514 tionibus
2233 4459 2372 4514 alias
2415 4475 2481 4514 ac
2515 4460 2840 4516 nominatim
2877 4460 2931 4514 in
2979 4463 3339 4532 gravissimo,
3389 4469 3534 4536 quod

268 4567 397 4624 erga
425 4567 526 4607 nos
551 4551 834 4606 voluntate
867 4551 1124 4620 bonoque
1150 4551 1346 4621 Spiritu
1370 4554 1694 4619 animatum,
1719 4569 1852 4623 ape-

271 4643 406 4696 riam
452 4639 550 4696 tibi
604 4639 824 4710 aliquod
877 4639 1004 4693 tidei
1053 4649 1260 4695 nostra:
1303 4651 1732 4697 sacramentum.
1789 4641 1849 4697 Si

273 4741 481 4786 tantum
518 4731 776 4802 profundi
809 4733 1122 4787 intellectus
1156 4731 1412 4795 haberes,
1441 4734 1648 4802 gratias
1681 4735 1849 4788 Crea-

275 4824 380 4877 tori
448 4825 698 4878 omnium
752 4823 959 4878 referre
1018 4821 1272 4888 deberes,
1321 4823 1418 4892 qui
1469 4824 1560 4877 tibi
1612 4824 1853 4880 ostendit

268 4915 567 4969 exercitum
593 4914 945 4969 candidatum
981 4930 994 4967 :
1025 4925 1078 4968 et
1103 4915 1270 4976 scias,
1300 4916 1428 4984 quia
1458 4914 1510 4969 in
1538 4916 1704 4970 terris
1737 4933 1845 4971 non

270 5014 696 5070 conversantur,
737 5006 831 5059 sed
873 5006 928 5059 in
967 5006 1221 5075 supernis
1266 5007 1649 5062 mansionibus
1694 5009 1844 5078 regni

268 5098 556 5151 malorum.
589 5097 655 5150 lli
686 5105 836 5158 sunt,
865 5098 957 5166 qui
1005 5113 1104 5166 pro
1150 5096 1253 5151 fide
1281 5095 1482 5151 Christi
1524 5102 1844 5170 martyrium

267 5191 662 5250 sustinuerunt,
703 5198 754 5243 et
806 5189 859 5242 in
910 5190 1061 5243 omni
1113 5198 1256 5243 terra
1306 5200 1494 5244 contra
1533 5190 1846 5246 incredulos

265 5284 680 5338 dimicaverunt.
705 5280 910 5334 Horum
936 5282 1192 5350 praecipui
1219 5291 1344 5335 sunt
1366 5282 1636 5352 signiferi,
1666 5283 1838 5338 Geor-

266 5374 407 5444 gius,
436 5373 766 5438 Demetrius,
793 5371 1082 5428 Mauritius
1111 5391 1125 5426 :
1154 5375 1244 5442 qui
1281 5375 1332 5426 in
1365 5373 1468 5426 hac
1494 5375 1709 5428 mortali
1737 5376 1844 5429 vita

264 5465 523 5519 militaria
550 5480 701 5519 arma
733 5475 1092 5535 geSIaveruut
1118 5504 1134 5528 ,
1167 5473 1227 5517 et
1261 5479 1358 5533 pro
1385 5463 1698 5518 Christiana
1739 5465 1844 5519 fide

262 5561 444 5626 capite
474 5561 616 5629 plexi
643 5570 792 5613 sunt.
821 5557 885 5611 ili
916 5558 1136 5626 quoties
1163 5556 1317 5609 nobis
1346 5557 1588 5625 expedit.
1609 5556 1840 5624 jnhente

263 5647 497 5705 Domino
535 5650 664 5706 Jesu
700 5650 941 5712 Christo,
982 5647 1143 5703 nobis
1179 5647 1552 5718 suffragantur
1577 5688 1593 5712 ,
1645 5658 1700 5702 et
1747 5664 1842 5718 per

266 5741 364 5799 hos
389 5743 597 5800 inimici
619 5743 791 5802 nostri
812 5741 1246 5811 pra-cipitantur.
1273 5739 1340 5794 Et
1361 5750 1415 5794 ut
1436 5756 1522 5795 me
1541 5757 1722 5795 rerum
1746 5756 1836 5796 eo.

1955 4563 2256 4618 paucorum
2287 4549 2502 4604 dierum
2553 4549 2756 4606 itinere
2791 4567 2820 4605 a
2863 4551 3043 4607 Nicma
3079 4556 3304 4622 evenit,
3349 4558 3536 4625 pactio

1965 4640 2139 4697 fuisse
2162 4656 2511 4708 succursum,
2537 4641 2665 4697 mihi
2698 4651 2782 4698 sat
2810 4645 3118 4700 verosimile
3152 4659 3397 4717 apparet,
3432 4650 3532 4703 ezsi

1952 4729 2170 4786 interim
2229 4747 2330 4788 nec
2360 4731 2412 4787 id
2452 4749 2680 4802 prorsus
2715 4743 2925 4790 certum
2962 4751 3284 4793 asseverare
3328 4741 3532 4794 ausim.

1947 4820 2026 4879 Ea
2060 4825 2215 4880 sedet
2242 4826 2543 4892 sententia,
2586 4827 2766 4896 primo
2798 4827 3016 4896 quidem
3040 4867 3056 4892 ,
3093 4830 3238 4896 quod
3281 4843 3528 4885 Sanctum

1947 4923 2199 4970 nostrum
2229 4915 2522 4987 dictusque
2544 4917 2705 4971 binos
2732 4917 2874 4971 alios
2905 4929 3124 4972 sanctos
3150 4936 3177 4971 a
3200 4919 3530 4977 Christianis

1947 5017 2061 5063 tum
2085 5009 2405 5079 frequenter
2435 5010 2718 5063 invocatos
2741 5008 2912 5063 fuisse
2940 5020 3222 5078 appareat,
3253 5013 3525 5070 directas.

1947 5117 2054 5171 que
2085 5101 2162 5155 illi
2199 5102 2265 5154 ad
2302 5117 2360 5156 se
2394 5115 2586 5169 preces
2620 5099 2803 5154 irritas
2828 5115 2946 5155 esse
2978 5101 3358 5156 verosimiliter
3380 5105 3521 5158 haud

1945 5192 2208 5256 siverint;
2241 5190 2436 5246 deinde
2466 5205 2618 5252 vero,
2642 5192 2810 5259 quod,
2841 5207 2963 5245 cum
2987 5190 3362 5257 Doaniundus,
3390 5199 3516 5247 dum

1945 5283 2014 5338 ad
2048 5285 2271 5338 relatam
2301 5298 2329 5336 a
2366 5280 2580 5353 Pyrrho
2618 5283 2888 5337 visionem
2927 5286 3232 5352 respondit,
3265 5286 3316 5337 in
3348 5289 3520 5338 tmllo-

1951 5389 2073 5428 rum
2106 5375 2366 5445 periculis
2396 5387 2425 5426 a
2453 5375 2660 5428 sanctis
2690 5373 2949 5441 Georgio,
2981 5374 3259 5428 Demetrio
3289 5385 3344 5428 et
3371 5376 3520 5429 Μω-

1943 5470 2068 5522 ritio
2126 5465 2231 5536 (adi
2295 5482 2446 5519 num.
2507 5463 2754 5535 proxime
2812 5469 3197 5535 praegressum)
3262 5471 3516 5520 succurri

1944 5555 2278 5612 Christianis
2327 5555 2648 5615 asserucrit,
2685 5568 2746 5605 ea
2781 5552 2834 5604 in
2872 5555 3128 5618 opinione
3157 5553 3323 5608 bnsCe
3356 5558 3515 5607 etiam

1947 5649 2151 5720 passim
2189 5658 2318 5699 tunc
2352 5645 2545 5706 fuisse,
2585 5652 2912 5712 argumento
2946 5641 2996 5694 id
3038 5643 3130 5706 sit,
3153 5648 3520 5713 experientia-

1946 5758 2052 5814 qne
2099 5743 2368 5796 habeatur
2411 5748 2777 5808 compertum,
2814 5737 2956 5792 haud
2999 5754 3124 5792 raro
3173 5744 3412 5807 evenire,
3458 5746 3524 5794 ut
