4070 6382
556 262 692 326 lilii

1850 263 2143 324 SUPPLE
2157 265 2494 326 MENTUM.

3742 273 3897 341 H26
3946 260 3963 276 ’

549 382 642 445 id,
692 382 837 448 quod
888 378 1142 433 omnii-us
1190 378 1394 447 passim
1433 377 1668 443 videtur,
1717 379 1934 434 veritati
1985 395 2123 434 con-
2156 386 2198 442 Α
2232 380 2554 435 duodecimo
2609 380 2953 448 inperatori,
3010 396 3039 436 a
3075 381 3279 440 Sancto
3326 397 3539 444 nostro
3602 386 3671 445 in
3734 391 3898 448 bello

544 481 720 537 great.

613 562 703 615 50.
743 558 1032 629 Uteunque
1075 558 1294 614 interim
1346 561 1449 615 ista
1490 561 1674 615 omnia
1705 602 1720 623 ,
1758 577 1876 629 qua:
1927 560 2123 616 lectori

541 652 837 721 iudicanda
875 651 1215 719 ulteriusque
1265 652 1619 722 expendenda
1672 653 1947 723 relinquo,
1995 668 2116 707 sese

545 746 817 809 habeant,
860 760 1042 797 terunt
1079 744 1167 798 hic
1205 748 1617 798 tractandorum
1675 747 1876 800 seriem
1932 762 2127 815 prose-

543 852 705 904 quor,
763 846 818 887 et
872 846 924 888 ut
957 875 972 898 ,
1007 852 1114 904 qtto
1141 852 1370 905 quaeque
1401 840 1706 900 evenerint,
1744 839 2009 906 temporis
2040 852 2129 889 or-

543 931 726 981 dinem
752 929 905 996 seq-ti
941 944 1186 997 prrgam,
1219 930 1284 981 ad
1321 928 1730 984 Emmanuelem
1760 930 2123 994 Conntenttm,

542 1021 634 1082 qui
680 1018 749 1071 ab
803 1033 948 1072 anno
979 1019 1113 1070 1145
1160 1019 1225 1072 ad
1275 1034 1481 1071 annum
1518 1035 1686 1088 usque
1725 1018 1862 1072 HSO
1896 1020 2124 1088 imperio

545 1112 808 1165 Orientali
846 1111 1081 1178 pftL‘rllil,
1112 1111 1223 1178 jam
1254 1111 1437 1163 venio.
1469 1110 1584 1174 llic,
1618 1112 1663 1166 si
1694 1110 1934 1166 Joannes
1966 1112 2128 1165 Stati-

541 1205 742 1268 racius,
780 1217 950 1271 suttra
993 1220 1020 1255 a
1058 1202 1217 1256 nobis
1248 1202 1553 1270 saepissime
1598 1203 1711 1271 jam
1759 1204 2035 1270 laudatus,
2069 1208 2124 1259 in

541 1296 733 1349 codice
764 1303 957 1350 nostro
985 1294 1025 1364 ἰ-
1058 1310 1161 1348 ms.
1198 1293 1301 1348 195
1336 1294 1430 1347 fol.
1470 1310 1618 1349 vers.
1647 1298 1717 1351 92
1747 1305 1803 1351 et
1840 1300 2128 1367 sequenti-

542 1388 643 1442 hus
668 1404 790 1442 vera
826 1396 1117 1451 memoret,
1149 1388 1566 1457 imperatoriam
1599 1389 1727 1455 sibi,
1752 1406 1856 1459 qua
1887 1391 1940 1443 in
1978 1391 2133 1446 festis

542 1478 988 1539 solemuioribus,
1031 1487 1294 1546 tuncque,
1328 1493 1453 1531 cum
1484 1478 1791 1547 principum
1826 1490 2124 1533 extraneo-

544 1584 662 1619 rum
701 1568 1000 1637 legationes
1032 1570 1366 1638 excipiendae
1395 1568 1598 1633 forent,
1631 1578 1901 1632 uteretur,
1930 1570 2127 1623 conﬁci

544 1652 749 1714 recetat
778 1675 805 1713 e
835 1675 1076 1728 perpura
1098 1668 1326 1725 vestem,
1351 1660 1776 1729 pretiosissimis
1812 1661 2130 1729 margaritis

2233 488 2582 536 succursum,
2615 473 2777 542 idque
2816 488 2923 526 non
2978 475 3146 529 semel
3201 483 3448 544 tantum,
3483 482 3601 537 sed
3639 485 3894 553 sa-pius.

2241 564 2441 618 Verum
2482 573 2570 629 ut,
2606 580 2730 634 qua:
2784 580 2903 618 mea
2938 565 3007 618 sit
3040 566 3108 621 de
3149 577 3262 622 tota
3305 568 3608 627 Stanracii
3670 590 3893 631 narra-

2234 657 2386 711 tione
2419 657 2627 724 opinio,
2655 657 2769 725 jam
2803 657 3003 720 dicam,
3039 658 3271 712 ntultum
3302 676 3535 723 vereor.
3578 682 3659 720 ne
3705 683 3743 721 a
3793 686 3889 725 ca-

2234 748 2345 817 pite
2375 750 2440 801 ad
2470 749 2672 802 calcem
2706 760 3081 804 connucntum
3114 749 3188 805 sit
3214 793 3229 819 ,
3263 766 3329 807 eo
3363 753 3499 818 ﬁne,
3556 758 3613 810 si
3676 775 3806 815 non
3850 779 3882 816 a

2237 837 2525 890 Stanracio
2549 877 2563 901 ,
2595 836 2663 890 ab
2708 837 2882 891 altero
2919 840 3175 907 equidem
3212 837 3472 896 Graeculo
3529 847 3838 915 quapiam
3868 892 3883 913 ,

2233 927 2439 983 fabulis
2472 926 2764 982 admodum
2811 945 2909 998 pro
2943 934 3119 1001 gentis
3154 931 3336 988 indole
3366 933 3616 991 addicto
3641 977 3662 1004 ,
3711 943 3885 997 unice

2233 1022 2558 1085 inventum,
2615 1031 2675 1075 ttt
2720 1020 2882 1086 forte,
2937 1038 3060 1077 cum
3111 1028 3596 1094 pretiosissimam
3652 1046 3881 1089 vestem

2232 1122 2430 1169 sancto
2467 1115 2738 1168 Demetrio
2771 1115 2840 1169 ab
2864 1110 3223 1173 Emmanuelo
3243 1118 3548 1176 Comneno
3589 1099 3894 1181 donatam.

2234 1205 2402 1261 fuisse
2464 1206 2845 1274 intellexisset,
2878 1210 3322 1279 qualemcunque
3369 1213 3735 1271 donationis
3771 1219 3879 1273 bu-

2228 1298 2321 1368 jus
2354 1314 2601 1363 causam,
2628 1315 2751 1352 cum
2813 1316 2940 1355 vera
2977 1301 3121 1356 haud
3157 1314 3518 1367 nosceretur.
3564 1306 3873 1378 ignoranti

2233 1406 2298 1446 ac
2330 1393 2555 1447 credulo
2597 1393 2754 1463 vulgo
2780 1393 3119 1450 obtruderet.

2305 1486 2393 1540 32.
2438 1483 2570 1539 Utut
2601 1485 2709 1548 sit,
2750 1484 2910 1540 ﬁdem
2943 1486 3195 1553 equidem
3245 1487 3645 1548 indubitatam
3687 1496 3871 1553 Joan-

2238 1595 2357 1633 nem
2386 1578 2735 1633 Stauracium
2763 1578 2818 1631 in
2851 1593 2950 1633 sua
2980 1578 3310 1647 compendio
3338 1584 3454 1652 jam
3485 1586 3632 1640 data
3668 1604 3870 1644 narra-

2238 1672 2385 1725 tione
2414 1685 2522 1724 non
2557 1671 2781 1734 mereri,
2822 1686 2889 1725 cx
2923 1685 2990 1725 eo
3019 1670 3193 1742 liquet
3221 1713 3236 1737 ,
3263 1674 3412 1742 quod
3446 1678 3564 1732 sub
3595 1680 3863 1747 ejusdem

544 1754 887 1808 distinctam.
921 1753 1156 1818 Accidit,
1204 1762 1284 1816 ut,
1318 1769 1443 1808 cum
1479 1755 1651 1824 pridie
1679 1752 2126 1809 Resurrectionis

2234 1764 2397 1817 ﬁnem
2460 1764 2534 1816 ita
2589 1763 2845 1817 scribat:
2896 1764 3061 1816 Ἀλλὰ
3126 1766 3235 1835 γὰρ
3283 1768 3398 1820 τῶν
3446 1771 3867 1844 παλαιοτέρων

544 1846 843 1899 υυιιιὶηὶιω
868 1860 931 1899 θλ
965 1847 1317 1913 imperatoris
1340 1846 1622 1911 thesauro,
1645 1862 1755 1916 quo
1781 1848 1868 1902 hic
1895 1848 2127 1901 solemni

547 1938 640 1993 illo
682 1938 819 1993 (esto
850 1956 913 1994 ea
955 1938 1301 2005 indueretur,
1344 1939 1537 1994 fuisset
1569 1950 1836 2007 extracta,
1867 1956 1895 1994 a
1932 1949 2124 1994 sancto

544 2014 820 2085 Demetrio
852 2040 1018 2085 noctu
1055 2042 1332 2102 surrepta,
1374 2047 1644 2102 sacroque
1676 2032 1798 2102 ejus
1817 2033 2128 2087 conditorio

543 2124 954 2178 Tuessalunical
991 2123 1158 2176 fuerit
1214 2125 1494 2190 imposita,
1546 2141 1576 2179 a
1615 2127 1794 2195 capite
1841 2126 1907 2179 ad
1963 2127 2128 2196 pedes

544 2232 721 2284 usque
749 2230 1011 2283 expansa.
1041 2212 1199 2268 Mane
1230 2215 1511 2277 ollieialcs,
1543 2217 1635 2284 qui
1685 2231 1713 2268 a
1765 2232 1821 2269 re
1871 2218 2126 2271 vestiaria

542 2318 724 2371 crant,
762 2324 866 2360 non
920 2307 1179 2372 inventa,
1228 2322 1388 2374 quam
1442 2306 1614 2374 pridie
1659 2320 1689 2360 e
1738 2307 2127 2377 gazOphylacio

543 2407 929 2460 extraxerant,
990 2405 1142 2449 veste
1200 2395 1590 2464 imperatoria,
1659 2410 1825 2465 quam
1889 2398 2128 2451 niaxime

543 2492 874 2555 turbantur;
926 2489 1166 2542 basilica).
1200 2496 1384 2542 autem
1424 2488 1610 2543 sancti
1654 2489 1911 2543 Demetrii
1951 2488 2128 2543 Thes-

543 2586 800 2639 δηιοιιιολ»
821 2582 1082 2645 aedituus,
1106 2590 1426 2649 causpeeta,
1455 2598 1578 2636 cum
1612 2583 1750 2635 hanc
1770 2582 1943 2637 multo
1968 2598 2129 2637 mane

542 2687 694 2731 esset
728 2676 1032 2745 ingressus,
1061 2675 1250 2729 eadem
1285 2675 1378 2728 illa
1401 2715 1415 2739 ,
1443 2691 1564 2745 qum
1598 2692 1765 2746 supra
1800 2677 1970 2730 sancti
1999 2691 2130 2733 con-

542 2768 804 2822 ditorium
845 2777 964 2822 erat
997 2767 1296 2837 explicata,
1330 2775 1481 2822 veste
1515 2767 1870 2838 imperatoria
1896 2807 1911 2833 ,
1960 2768 2128 2822 haeret

543 2861 833 2923 attonitus,
863 2859 1063 2929 templo
1086 2859 1351 2923 excurrit,
1377 2858 1572 2913 iterum
1592 2859 1644 2913 id
1671 2860 1992 2929 ingreditur,
2019 2875 2129 2929 pra:

544 2955 992 3023 margaritarum,
1044 2953 1247 3021 quibus
1285 2953 1457 3007 vestis
1509 2953 1598 3005 illa
1652 2952 1914 3006 distincta
1962 2961 2123 3014 erat,

2230 1854 2496 1923 ἀφέμενοι
2526 1851 2832 1922 θαυμάτων
2868 1852 2966 1906 τοῦ
3016 1854 3299 1925 μάρτυρος
3336 1856 3448 1926 (τίς
3490 1859 3620 1930 γὰρ
3653 1862 3733 1915 ἂν
3764 1868 3865 1918 καὶ

2230 1944 2785 2015 ἐξαριθμῆσαι-ταῦτα
2814 1945 2908 1996 καὶ
2931 1945 3261 2016 δεηγήσαιτφ
3280 1948 3323 2013 ς)
3345 1952 3461 2012 τοῖς
3493 1956 3867 2022 reposcito“

2230 2036 2326 2089 καὶ
2360 2037 2652 2106 νεωτέροις
2687 2036 2780 2087 καὶ
2841 2029 2918 2089 ὧν
2960 2037 3145 2090 πολλοὶ
3190 2038 3286 2090 καὶ
3313 2040 3516 2094 Θεαταὶ
3571 2047 3681 2098 καὶ
3717 2047 3865 2118 μάρ-

2231 2146 2395 2200 τυρες
2457 2130 2629 2182 εἰσέτι
2683 2128 2760 2198 τῷ
2815 2127 2917 2198 βίῳ
2969 2131 3290 2201 περίεισιν,
3364 2133 3862 2209 ὲνδιατρὶψωμεν,

2236 2239 2255 2271 t
2291 2220 2492 2274 Verum
2539 2220 2945 2287 antiquioribus
2992 2220 3134 2288 (haec
3160 2221 3305 2276 enim
3356 2225 3488 2294 quis
3544 2242 3859 2287 recenseat

2230 2319 2394 2381 atque
2431 2312 2711 2381 enarret?)
2744 2311 2929 2367 missis
2954 2314 3215 2382 martyris
3250 2315 3568 2383 miraculis,
3604 2320 3668 2375 in
3700 2326 3860 2380 novis

2231 2422 2294 2461 ac
2329 2406 2730 2460 recentioribus
2760 2412 2814 2460 et
2854 2420 3091 2475 quorum
3128 2406 3309 2462 adhuc
3337 2410 3500 2463 multi
3544 2424 3852 2482 spectato-

2231 2514 2318 2553 res
2361 2500 2527 2552 etiam
2558 2506 2613 2552 et
2651 2505 2818 2553 testes
2846 2497 2900 2551 in
2929 2497 3071 2552 vivis
3103 2507 3425 2569 supersunt,
3460 2516 3710 2571 operam
3763 2523 3858 2577 po-

2231 2607 2447 2646 namus.
2491 2610 2509 2642 »
2564 2590 2778 2656 Quibus
2810 2590 2997 2645 verbis
3025 2599 3184 2645 relate
3221 2607 3343 2648 sese
3372 2607 3403 2647 a
3441 2597 3621 2651 rebus
3648 2638 3665 2661 ,
3714 2616 3856 2667 quas

2232 2686 2375 2740 dicta
2404 2684 2651 2739 narratio
2679 2682 3086 2752 complectitur,
3122 2677 3276 2737 haud
3298 2700 3495 2754 parum
3533 2686 3730 2747 fuisse
3768 2709 3853 2748 re-

2232 2787 2440 2834 motum
2467 2818 2484 2843 ,
2535 2776 2682 2831 haud
2730 2776 2968 2831 obscure
2998 2775 3236 2841 indicat;
3270 2777 3583 2848 scriptores
3620 2795 3851 2846 autem.

2233 2881 2290 2927 ut
2316 2871 2419 2927 sibi
2455 2872 2507 2923 in
2543 2868 2744 2923 talibus
2770 2905 2787 2932 ,
2819 2874 3011 2936 utpote
3046 2867 3259 2921 creditu
3289 2866 3599 2925 admodum
3646 2873 3851 2929 diuiti-

2230 2966 2395 3026 libus,
2422 2963 2579 3017 ﬁdem
2611 2961 2976 3016 indubitatam
3005 2960 3503 3027 concilient,tetate
3536 2968 3847 3037 propinqui

548 3047 754 3114 fulgure
795 3061 929 3116 pene
962 3055 1292 3112 exerceatur,
1334 3056 1541 3100 vestem
1571 3045 1834 3100 attentius
1866 3045 2123 3099 conside-
2152 3089 2196 3145 c
2234 3060 2491 3126 ,ιιιιιοςμιε
2512 3073 2574 3111 ex
2607 3057 2787 3125 capite
2813 3051 3056 3132 suspecti
3090 3055 3465 3124 requirantur,
3500 3058 3684 3128 idque
3710 3077 3850 3131 pra:-

546 3146 651 3203 rat,
696 3155 804 3192 rem
841 3140 1000 3195 ocius
1034 3140 1303 3206 divulgat,
1337 3154 1499 3195 senes
1528 3147 1891 3203 concurrunt,
1922 3138 2128 3208 pretio-

544 3246 660 3286 sa‘u
713 3231 858 3285 illam
912 3239 1119 3286 vestem
1180 3246 1509 3301 purpuream
1563 3231 1939 3299 speculantur,
2013 3248 2125 3286 rem

544 3339 687 3388 esse,
729 3340 851 3392 qua:
901 3323 966 3379 ad
1001 3324 1385 3393 imperatorem
1437 3335 1670 3394 spectet,
1704 3326 2021 3393 opinantur,
2061 3326 2129 3377 il-

550 3416 660 3469 lico
690 3417 781 3483 qui
817 3416 972 3478 huic,
1005 3416 1149 3483 quod
1187 3424 1489 3481 evenerat,
1522 3417 1868 3484 signiﬁcent.
1905 3417 2127 3473 nuntios

550 3497 795 3567 mittunt,
831 3505 1198 3573 imperatorio
1232 3506 1527 3573 diem,quo
1556 3517 1760 3560 vestem
1792 3522 2123 3575 purpuream

554 3611 715 3651 sacro
756 3595 932 3650 sancti
982 3591 1291 3659 conditorio
1321 3592 1632 3661 impositam
1687 3593 1917 3648 inveniri
1953 3595 2131 3648 couti-

545 3692 733 3760 gissct,
787 3687 1036 3757 inquirit,
1114 3701 1239 3744 esse
1289 3685 1444 3740 illum
1506 3686 1707 3754 ipsum,
1762 3701 1872 3756 quo
1920 3698 2125 3743 vestem

547 3782 955 3851 imperatoriam
992 3790 1154 3834 nocte
1188 3778 1517 3849 prtccedcnti
1547 3778 1718 3834 fuisse
1740 3778 2004 3845 ablatam,
2025 3782 2125 3834 sibi

546 3875 617 3930 ab
647 3873 969 3931 oﬂieialibus
998 3882 1147 3931 esset
1190 3872 1461 3938 relatum,
1488 3872 1774 3942 comperit,
1819 3873 2124 3943 prodigium

544 3969 816 4039 agnoscit,
859 3984 1034 4039 eoque
1083 3967 1318 4038 primum
1366 3981 1474 4021 una
1521 3978 1643 4021 cum
1708 3965 1830 4020 aula
1872 3967 2128 4021 universa

546 4060 904 4129 obstupescit.
926 4108 935 4117 .

616 4152 709 4206 5|.
740 4152 946 4208 Deinde
973 4166 1126 4216 vero,
1161 4160 1220 4206 ut
1248 4153 1315 4206 ad
1368 4151 1421 4205 id
1456 4151 1597 4222 quod
1634 4151 1746 4206 huc
1777 4151 2125 4219 potissimum

547 4255 779 4313 Spectat,
804 4244 915 4314 jam
943 4247 1182 4309 veniam,
1233 4244 1482 4307 Videtur,
1510 4246 1706 4314 inquit,
1734 4250 1803 4297 ob
1834 4246 2125 4309 incuriam,

546 4337 776 4392 dixerim
824 4347 1006 4391 autem
1062 4345 1118 4392 et
1164 4336 1233 4391 ob
1284 4337 1757 4407 iugratitudinem,
1794 4351 1996 4409 martyr
2028 4355 2126 4393 nos

2233 3154 2392 3222 cipue
2431 3160 2580 3210 tunc,
2614 3162 2739 3201 cum
2774 3145 2851 3212 id,
2878 3146 3022 3216 quod
3055 3147 3338 3200 memorias
3363 3147 3638 3216 produnt,
3670 3153 3844 3208 silen-

2231 3249 2306 3300 tio
2341 3244 2408 3298 ab
2441 3241 2698 3295 omnibtts
2733 3254 2958 3309 prorsus
2984 3238 3130 3304 aliis,
3150 3242 3229 3295 ttti
3255 3243 3344 3297 hic
3370 3242 3448 3305 lit,
3485 3245 3836 3312 praeteritur.

2230 3336 2432 3390 Adtimc
2454 3332 2776 3387 Emmanuel
2806 3332 3122 3387 Conmenus
3144 3332 3444 3404 imperator
3477 3334 3837 3409 improspera

2230 3429 2343 3483 fere
2376 3442 2593 3496 semper
2628 3425 2845 3480 fortuna
2879 3425 2932 3479 in
2964 3424 3127 3481 bellis
3174 3435 3261 3481 eet
3310 3442 3464 3493 usus,
3508 3430 3837 3503 nullamque

2230 3537 2477 3591 prorsus,
2510 3535 2674 3589 quam
2701 3557 2717 3582 ,
2766 3516 3008 3573 inimicis
3042 3521 3217 3574 sancti
3263 3519 3524 3576 Demetrii
3566 3539 3676 3593 ope
3706 3541 3837 3596 pro-

2229 3616 2435 3685 digiose
2482 3613 2799 3683 prostratis,
2833 3619 3146 3681 reportasse
3176 3627 3300 3667 eum
3324 3652 3342 3678 ,
3382 3616 3698 3671 verosimile
3731 3634 3835 3688 ap.

2231 3716 2441 3778 pareat,
2476 3703 2762 3759 victoriam
2810 3703 3106 3758 admodum
3162 3704 3432 3775 insignem
3485 3721 3517 3761 a
3555 3709 3835 3778 scriptore

2232 3798 2338 3852 ﬁde
2367 3797 2533 3867 digno
2564 3796 2646 3850 vel
2687 3811 2796 3851 uno
2827 3795 3125 3850 memorari
3162 3797 3404 3853 invenio.
3444 3795 3642 3873 Neque
3676 3817 3826 3865 vero,

2233 3899 2292 3944 ut
2321 3891 2403 3946 vel
2436 3900 2574 3945 tunc
2608 3889 2798 3956 etiam,
2825 3904 2952 3943 cum
2987 3888 3252 3946 adversus
3283 3889 3594 3946 Saracenos
3623 3894 3831 3948 aliosve

2232 3983 2355 4039 ﬁdei
2384 3981 2720 4037 Christiana:
2752 3982 2944 4037 hostes
2988 3983 3219 4037 bellaret
3245 4022 3260 4045 .
3303 3984 3529 4039 cmleste
3555 3986 3829 4041 auxiliuat

2229 4074 2593 4145 esperiretur,
2620 4074 2836 4129 ratione
2866 4075 2972 4128 ulla
3002 4075 3204 4144 dignus
3231 4075 3404 4132 fuisse
3425 4077 3650 4132 videtur
3680 4081 3835 4150 prin-

2234 4184 2362 4239 ceps
2395 4169 2507 4233 ille,
2541 4168 2658 4237 qui,
2689 4169 3152 4237 quemadmodum
3173 4186 3240 4224 ex
3265 4170 3516 4225 unanimi
3547 4171 3666 4228 fere
3693 4175 3836 4230 scri-

2232 4275 2452 4334 ptorum
2484 4262 2927 4333 synchronorutn
2964 4264 3283 4318 testimonio
3328 4274 3587 4330 constat,
3628 4265 3835 4322 ﬂoren-

2233 4356 2509 4410 tissimum
2537 4354 2987 4409 Christianorum
3025 4355 3373 4419 exercitum,
3426 4354 3532 4411 sub
3584 4357 3829 4414 Conradi

546 4429 846 4500 corripere.
901 4430 1035 4483 Cum
1067 4430 1215 4483 enim
1265 4431 1466 4499 stt-pius
1519 4430 1635 4499 ipse
1686 4432 1739 4483 in
1788 4431 1988 4498 pl‘il‘ltls
2036 4447 2128 4500 pro

2238 4448 2591 4518 imperatoris
2635 4447 2804 4501 ductu
2838 4448 2892 4501 in
2924 4445 3271 4502 Palaestinam
3323 4456 3519 4503 contra
3572 4449 3834 4507 inﬁdeles

550 4521 706 4574 nobis
754 4512 1005 4585 certarit,
1051 4522 1413 4591 inimicosque
1465 4533 1686 4578 nostros
1732 4525 2128 4593 prostraverit,

550 4627 650 4667 nos
686 4627 751 4666 ne
792 4612 961 4666 semel
997 4613 1215 4681 quidam
1246 4615 1326 4667 vel
1363 4632 1528 4683 parvo
1563 4617 1926 4685 qualicunque
1956 4618 2129 4669 dona-

548 4706 631 4761 rio
661 4704 854 4759 victori
883 4705 1089 4775 gratias
1112 4706 1323 4775 egimus
1347 4722 1361 4772 ;
1399 4717 1457 4757 ut
1485 4708 1666 4770 nobis,
1711 4709 2128 4762 retributionem

514 4790 658 4853 ἰιοη
693 4800 1037 4863 curantibus,
1074 4810 1278 4852 vestem
1326 4814 1656 4869 purpuream
1700 4801 1919 4854 auferre
1951 4811 2131 4855 certa-

548 4892 757 4944 minmu
791 4892 965 4947 victor
996 4890 1167 4968 fuerit
1203 4902 1446 4947 coactus.
1487 4890 1613 4946 llaec
1641 4893 1850 4957 Graece,
1879 4910 2000 4961 quae
2023 4896 2132 4949 ltnc

549 5000 722 5052 usque
771 4986 1092 5054 compendio
1138 4984 1331 5040 Latino
1371 4985 1497 5039 data
1547 5001 1575 5038 a
1611 4986 1772 5041 nobis
1796 4988 1909 5056 jam
1958 5000 2127 5053 sunt,

546 5073 723 5129 iustus
757 5077 1011 5131 nonnihil
1046 5091 1209 5146 supra
1237 5079 1333 5130 cit.
1356 5075 1601 5132 Joannes
1635 5077 1979 5143 Stanracius,
2005 5095 2128 5134 mox

546 5170 712 5223 etiam
747 5168 1090 5239 subjungeus
1114 5177 1227 5221 tum
1261 5170 1425 5224 verba
1457 5171 1740 5233 nonnulla,
1776 5172 1974 5240 quibus
2000 5165 2167 5233 tunc,

549 5259 875 5315 Emmanuel
928 5262 1244 5316 Contnenus
1293 5264 1616 5317 nominatim
1667 5274 1860 5320 sancto
1903 5269 2165 5338 martyri'

545 5347 614 5402 de
663 5353 907 5418 praestita
952 5351 1056 5405 sibi
1091 5351 1160 5405 ab
1195 5367 1261 5406 co
1302 5354 1355 5406 in
1408 5354 1565 5408 bellis
1628 5356 1876 5410 subsidio
1924 5362 2129 5427 gratias

545 5440 741 5508 egerit,
769 5450 882 5493 tum
912 5441 1076 5495 etiam
1109 5443 1398 5508 bonorum,
1424 5458 1546 5513 qua;
1566 5445 1764 5508 eidem,
1789 5462 1902 5517 quo
1925 5451 2129 5518 gratias

547 5541 815 5602 praeterea
880 5533 1290 5605 qualescunque
1325 5536 1573 5600 referret,
1622 5542 1944 5605 contulerit,
1982 5542 2128 5595 ttuli-

549 5625 699 5676 tiaut.
732 5623 889 5691 Quod
940 5627 986 5680 si
1036 5628 1217 5697 itaque
1249 5629 1507 5697 scriptori
1551 5630 1623 5683 illi
1659 5632 1994 5686 credendum
2034 5636 2122 5698 sit,

546 5711 710 5770 fuerit
741 5719 904 5773 etiam
951 5718 1289 5776 Etnmauueli
1319 5720 1620 5790 Contneno,
1653 5724 1892 5779 Orientis
1923 5731 2131 5784 siet-nlo.

2238 4550 2548 4609 pergentem
2573 4578 2591 4605 ,
2630 4539 2903 4593 nefarium
2940 4538 2993 4592 iu
3027 4524 3246 4597 modum
3295 4542 3495 4609 partim
3544 4543 3834 4599 subminio

2235 4640 2425 4693 strata,
2458 4632 2544 4685 eui
2585 4630 2791 4684 calcem
2823 4631 3115 4685 admisceri
3154 4630 3396 4696 fecerat,
3437 4633 3646 4697 farina,
3700 4652 3836 4703 par-

2237 4723 2330 4775 tim
2366 4720 2699 4785 Turrorum,
2751 4723 2955 4790 quibus
2995 4723 3146 4775 illum
3189 4724 3412 4795 indigne
3458 4727 3791 4796 prodiderat
3816 4767 3833 4791 ,

2236 4813 2454 4869 insidiis
2484 4814 2788 4868 necandum
2818 4815 3050 4870 curavit.
3080 4815 3351 4872 Omnibus
3385 4818 3574 4889 itaque
3626 4823 3836 4878 sedulo

2234 4907 2511 4974 expensis,
2580 4907 2816 4960 fueritne
2865 4921 3109 4975 unquam
3160 4906 3503 4965 Emittanueli
3537 4910 3836 4968 Comneno

2235 5015 2264 5053 a
2313 5010 2506 5053 sancto
2543 4996 2818 5052 Demetrio
2856 4999 3169 5070 prodigiose
3203 5000 3257 5054 in
3280 4999 3424 5056 bello
3451 5011 3793 5057 succursu’m
3818 5046 3834 5068 ,

2235 5092 2459 5147 dubium
2499 5108 2635 5149 sane
2663 5092 2960 5148 admodum
2989 5132 3004 5159 ,
3040 5108 3107 5149 ne
3152 5093 3396 5150 deterius
3431 5095 3562 5165 quid
3596 5096 3791 5150 dicant
3817 5138 3834 5162 ,

2235 5183 2363 5235 mihi
2394 5193 2640 5252 apparet.

2232 5308 2235 5313 -
2302 5275 2393 5328 53.
2427 5273 2537 5330 Nec
2568 5276 2757 5341 etiam,
2792 5287 2851 5330 ut
2880 5278 2946 5329 ad
2980 5277 3032 5331 id
3060 5316 3075 5340 ,
3108 5277 3254 5347 quod
3291 5278 3380 5333 hic
3411 5279 3594 5335 adhuc
3626 5280 3837 5338 dicen-

2231 5366 2361 5420 dum
2396 5377 2583 5427 restat.
2618 5371 2727 5436 jam
2762 5384 3007 5437 pergam,
3032 5381 3240 5426 certum
3269 5387 3587 5427 asseverare
3616 5377 3833 5440 ausim,

2231 5461 2547 5517 Andronico
2576 5458 2813 5522 Juniori,
2851 5463 3056 5518 saeculo
3086 5476 3291 5532 quarto
3329 5464 3551 5520 decimo
3595 5465 3838 5522 Graeco-

2232 5568 2350 5606 rum
2400 5554 2739 5622 imperatori,
2782 5554 2972 5609 bellica
3016 5555 3071 5609 in
3101 5558 3477 5624 expeditione,
3520 5575 3629 5626 qua
3667 5575 3827 5617 anno

2233 5645 2368 5700 1527
2390 5646 2834 5701 'l'hessalonicam
2861 5648 3175 5716 occupavit,
3192 5664 3352 5720 opem
3377 5650 3549 5705 fuisse
3567 5669 3597 5705 a
3621 5668 3831 5709 saneto

2233 5736 2506 5797 Demetrio
2539 5736 2755 5789 allatam
2786 5737 2917 5801 ,ρυιί
2939 5776 2953 5794 .
2983 5755 3103 5807 qute
3133 5738 3374 5797 Joannes
3405 5743 3691 5797 Cautacnzu
3720 5760 3834 5800 nus
3914 5734 3929 5749 ’
