4090 6384
327 333 461 398 ιιιτ

1331 330 1392 391 S.
1439 325 1815 388 DEMETRII
1858 324 2252 385 MARTYRlS
2295 324 2504 383 ACTA.

3417 319 3550 382 1413

321 451 680 504 Historiarum
700 447 788 502 lib.
818 463 854 511 l,
879 461 998 516 cap.
1018 445 1086 500 55
1107 441 1704 512 suppe«.litat,verba,in
1725 441 1886 496 Com-
1913 441 1964 500 Α
1993 440 2292 494 nachorum
2356 439 2408 492 in
2444 436 2513 491 iis
2560 436 2827 504 hodieque
2860 433 3168 505 degentium
3207 434 3556 489 multitudine

318 541 582 596 mentario
639 539 838 609 praevio
901 552 1051 592 num.
1104 536 1199 590 121
1244 534 1355 605 jam
1392 532 1886 596 recitata,innuere

320 632 594 686 videntur.
633 632 706 684 lta
741 633 924 684 animo
951 638 1293 699 comparatus
1321 639 1467 688 sum,
1503 624 1649 692 quod
1683 624 1734 677 in
1772 631 1886 676 tota

320 720 685 775 Cantaeuzeni
722 721 788 776 de
817 726 1080 788 occupata
1112 732 1206 787 per
1233 716 1610 770 Andronicum
1646 714 1887 769 Thessa-

324 815 500 867 lonica
529 814 840 867 narratione
869 813 1002 865 nihil
1032 811 1257 864 omnino
1287 817 1560 876 occurrat,
1589 807 1718 876 quin
1755 806 1888 862 solis

323 912 528 956 natura:
553 901 756 956 viribus
784 902 897 956 ﬁeri
921 901 1080 955 facile
1103 899 1368 967 potuerit;
1405 897 1676 966 superiori
1706 904 1886 949 autem

324 997 515 1050 virtuti
553 996 780 1059 factum,
820 1005 1027 1049 naturae
1048 994 1193 1048 vires
1228 991 1367 1045 haud
1400 991 1692 1054 excedens,
1721 985 1891 1043 a‘scri-

325 1089 454 1142 bere
491 1104 596 1142 non
647 1088 961 1151 debeamus,
991 1085 1096 1140 nisi
1136 1086 1306 1148 forte,
1344 1085 1487 1153 quod
1538 1084 1755 1137 interim
1805 1082 1892 1135 hic

329 1196 435 1233 non
473 1182 548 1245 tlt,
582 1180 722 1234 ratio
779 1179 1047 1246 quaepiam
1080 1179 1224 1246 justa
1256 1191 1319 1230 ac
1353 1175 1524 1230 solida
1558 1175 1890 1229 contrarium

328 1273 572 1326 suadeat.
613 1271 808 1325 Verum
877 1271 978 1325 etsi
1025 1269 1242 1338 quidem
1285 1269 1338 1322 in
1371 1265 1770 1322 Thessalonicae
1801 1280 1893 1333 per

327 1361 694 1416 Andronicum
740 1361 1098 1431 occupatione
1148 1360 1469 1414 miraculum
1493 1397 1508 1422 ,
1541 1367 1599 1412 ut
1628 1369 1890 1428 apparet,

330 1468 427 1506 seu
463 1467 763 1522 supernum
805 1468 834 1506 a
877 1460 1068 1506 sancto
1103 1450 1376 1506 Demetrio
1413 1451 1889 1505 subministratum

331 1543 592 1598 auxilium
628 1545 1020 1599 admittendum
1052 1557 1161 1596 non
1195 1545 1466 1604 videatur,
1499 1542 1769 1596 miraculo
1807 1551 1889 1595 ta-

332 1651 480 1698 men,
521 1651 617 1703 per
648 1643 900 1690 sanctum
937 1635 1268 1690 Demetrium
1314 1643 1548 1704 patrato,
1587 1643 1644 1687 ut
1685 1634 1896 1687 Andre»

335 1723 914 1787 nicus,Tbessalonica
937 1727 1045 1795 jam
1074 1725 1447 1794 occupata,ab
1475 1726 1774 1778 inveterato
1806 1739 1897 1791 pe—

1989 530 2370 593 celeberrimo,
2401 531 2565 582 vitam
2598 527 2895 581 solitariam
2927 525 3158 595 agebat;
3201 539 3326 580 cum
3374 533 3554 578 autem

1991 623 2062 677 ita
2097 620 2242 675 haud
2281 619 2467 691 procul
2519 618 2810 674 admodum
2843 633 2872 671 a
2907 615 3387 672 Thessalonicensi
3423 615 3556 671 civi-

1991 721 2123 781 tate,
2153 721 2340 782 utpote
2382 721 2438 766 et
2470 712 2585 780 ipsa
2620 711 2672 763 in
2709 709 3028 763 Macedonia
3057 709 3188 772 sita,
3223 717 3558 770 versaretur,

1991 809 2057 863 de
2093 807 2212 861 oleo
2264 820 2361 860 seu
2426 812 2728 873 unguento,
2779 802 2920 871 quod
2975 802 3028 855 in
3083 799 3564 856 Tliessalonicensi

1993 899 2167 953 sancti
2198 895 2456 951 Demetrii
2507 894 2729 949 basilica
2756 908 2786 948 e
2813 907 2970 947 sacro
3021 893 3184 961 hujus
3226 893 3435 946 tumulo
3477 892 3566 945 in-

1994 991 2136 1060 genti
2166 1006 2228 1043 ae
2256 988 2524 1055 stupenda
2553 990 2707 1056 cepia
2732 987 3267 1054 continuostillaret,
3287 1000 3568 1041 sermones

1995 1098 2021 1135 a
2057 1082 2304 1150 pluribus
2332 1079 2550 1133 misceri
2579 1079 2717 1132 haud
2744 1093 2864 1131 raro
2881 1079 3148 1132 audierat.
3582 1151 3587 1157 .

2065 1173 2177 1229 34⁸.
2209 1171 2408 1227 Verum
2436 1172 2514 1226 rei
2544 1171 2864 1241 prodigiosa:
2897 1171 3054 1225 [idem
3088 1170 3226 1225 haud
3259 1169 3566 1225 adhibebat.

1995 1266 2132 1322 Cum
2161 1266 2326 1326 enim,
2358 1265 2591 1329 dicebat,
2616 1264 2787 1318 sancti
2814 1263 3094 1328 Demetrii,
3123 1263 3214 1332 qui
3249 1263 3404 1316 hasta
3437 1263 3574 1317 dun-

1996 1365 2145 1412 taxat
2172 1357 2458 1411 confossus
2497 1355 2774 1417 occubuit,
2808 1369 2912 1409 nec
2938 1355 3092 1425 plura
3136 1362 3405 1410 tormenta
3438 1355 3573 1410 sub-

1996 1451 2079 1516 iit,
2131 1449 2446 1519 martyrium
2510 1447 2644 1501 nihil
2700 1449 2921 1502 omnino
2969 1449 3242 1518 singulare
3287 1451 3573 1518 habuerit,

1999 1549 2058 1592 ut
2091 1538 2182 1608 qui
2217 1553 2325 1607 prae
2354 1537 2557 1592 sanctis
2590 1537 2922 1607 martyribus
2973 1538 3117 1599 aliis,
3150 1538 3242 1607 qui
3295 1539 3576 1593 atrocissi~

1999 1631 2102 1684 mis
2169 1631 2595 1698 quibuscunque
2661 1628 2906 1682 toleratis
2962 1629 3249 1684 tormentis
3328 1630 3576 1699 martyrii

2002 1722 2233 1789 palmam
2280 1721 2535 1786 retulere,
2571 1719 2740 1790 gratia
2774 1719 2862 1772 illa
2892 1718 3093 1774 Sancto
3139 1721 3226 1774 isti
3271 1721 3429 1790 plane
3464 1722 3580 1775 exi-

333 1817 686 1886 riculowque
731 1817 978 1880 vulnere,
1017 1817 1068 1869 in
1107 1817 1242 1886 pede
1277 1823 1520 1884 accepto,
1556 1815 1762 1883 absque
1791 1813 1900 1868 ulla
1931 1785 1976 1841 Β
2019 1812 2226 1876 mia,ut
2250 1827 2280 1866 e
2305 1813 2514 1866 tumulo
2542 1811 2659 1879 ejus
2691 1819 3062 1880 unguentum,
3090 1815 3350 1869 sanandis
3377 1815 3579 1869 morbis

336 1923 509 1973 mora,
533 1923 654 1961 cum
687 1918 964 1976 unguento
992 1923 1023 1963 ο
1052 1908 1226 1962 saneti
1260 1906 1514 1961 Demetrii
1547 1907 1760 1960 tumulo
1788 1919 1909 1959 sca-

336 1999 592 2064 ruriente,
645 1997 818 2052 linere
842 1998 990 2052 illum
1049 1995 1604 2060 decrevisset,fuerit
1651 2003 1910 2060 sanatus',

337 2085 540 2142 factum
570 2090 843 2143 existimo.
873 2088 982 2144 Nec
1010 2090 1220 2154 dubito,
1246 2089 1376 2157 quin
1405 2089 1536 2141 mihi
1573 2099 1904 2143 assensurus

333 2177 428 2242 sit,
465 2180 773 2248 quicunque
809 2180 1053 2248 proxime
1112 2180 1347 2245 laudata,
1383 2179 1586 2248 quibus
1615 2178 1776 2232 etiam
1813 2177 1915 2230 mi-

333 2269 528 2324 rabilis
573 2271 666 2324 illa
712 2270 1008 2325 Andronici
1050 2271 1263 2326 sanatio
1331 2279 1607 2334 narratur,
1648 2269 1915 2324 Cantacu-

338 2361 462 2415 aeni
513 2362 677 2416 verba
725 2370 934 2417 attento
983 2363 1165 2417 animo
1220 2361 1559 2432 expenderit.
1613 2361 1911 2417 Schismati

339 2453 588 2522 quidem,
617 2469 726 2522 quo
761 2453 1003 2510 Ecclesia
1032 2455 1216 2510 Graeca
1250 2470 1276 2508 a
1303 2454 1502 2509 Christi
1534 2455 1773 2509 Ecclesia
1797 2463 1915 2508 erat

337 2544 610 2612 sejuncta,
640 2545 952 2599 adhaerebat
980 2544 1344 2609 Andronicus;
1376 2559 1561 2599 verum
1589 2544 1910 2600 beneﬁcium

336 2637 479 2690 adeo
509 2636 768 2692 eximium
803 2636 856 2688 in
887 2636 1162 2690 hominem
1196 2638 1361 2691 etiam
1407 2636 1716 2706 ltujusmodi
1743 2635 1914 2692 fuisse

337 2727 599 2781 collatum
629 2767 644 2791 ,
690 2726 1000 2780 mirandum
1059 2743 1165 2780 non
1204 2735 1324 2790 est,
1376 2743 1501 2781 cum
1561 2726 1912 2782 historiarum

338 2818 712 2872 monumentis
748 2820 1020 2886 proditum
1070 2819 1175 2884 sit,
1229 2819 1462 2886 ingentia
1501 2818 1760 2873 miracula
1811 2819 1914 2872 ali-

336 2908 564 2976 quando
589 2909 641 2962 in
673 2908 923 2962 ethnicos
949 2921 995 2962 et
1024 2923 1052 2960 a
1069 2908 1380 2964 Christiana
1405 2908 1662 2977 religione
1685 2923 1914 2979 prorsus

334 2998 555 3053 alienos
588 3014 616 3052 a
651 2999 786 3054 viris
833 3000 1062 3060 sanctis,
1093 2997 1176 3054 vel
1206 2999 1314 3069 jam
1352 3001 1404 3054 in
1436 3001 1637 3055 cretum
1669 3003 1904 3070 receptis

332 3092 422 3144 vel
449 3090 627 3144 adhuc
652 3092 816 3145 vitam
845 3092 1126 3146 uobiscum
1149 3091 1509 3162 agitantibus,
1534 3102 1745 3162 patrata
1767 3108 1912 3149 esse.

334 3185 417 3236 Ita
456 3179 574 3237 fere
608 3181 662 3237 in
700 3183 813 3237 suis
846 3183 908 3236 ad
941 3183 1191 3250 proximo
1224 3185 1322 3239 cit.
1353 3183 1720 3238 Cantacuzeni
1753 3192 1918 3255 caput

339 3271 808 3328 Adnotatiouibus
834 3271 1126 3329 Societatis
1155 3283 1358 3329 nostra:
1385 3274 1643 3328 sacerdos
1671 3273 1917 3330 Iacobus

333 3362 683 3428 Gretserus;
716 3364 809 3434 qui
858 3380 984 3420 cum
1034 3365 1231 3419 ibidem
1287 3374 1546 3434 praeterea
1601 3366 1771 3419 multa
1817 3368 1922 3421 alia

333 3456 494 3508 hanc
545 3455 599 3508 in
633 3465 746 3508 rem
779 3465 1084 3524 Opportune
1117 3456 1350 3510 disserat
1380 3495 1396 3522 ,
1435 3457 1714 3511 curiosum
1757 3456 1922 3509 lecto-

328 3560 452 3600 rem
491 3546 558 3598 ad
586 3562 711 3599 eum
740 3547 1028 3600 brevitatis
1059 3561 1222 3601 causa
1253 3549 1493 3610 remitto,
1527 3549 1603 3601 uti
1631 3555 1704 3621 et’
1723 3550 1791 3602 ad
1821 3562 1883 3602 ea
1904 3583 1920 3613 ,

327 3651 462 3703 quae
513 3637 696 3703 aperis
736 3637 909 3688 nostri
958 3643 1143 3689 tomus
1182 3639 1432 3703 proxime
1487 3639 1821 3692 antecedens
1867 3637 1923 3691 in

329 3724 777 3787 Commentario,
813 3724 961 3778 Actis
1014 3723 1114 3778 SS.
1147 3724 1320 3795 Sergii
1363 3733 1418 3779 et
1457 3726 1654 3780 Bacchi
1702 3727 1921 3794 praevio,

329 3817 358 3888 ς
390 3815 450 3880 5,
486 3814 882 3884 complectitur.

333 3928 363 3999 §
409 3926 506 3982 lll.
567 3923 1015 3999 Nonnulla,_q_ttm
1065 3933 1316 3999 prceterea
1367 3924 1432 3999 de
1479 3927 1781 3999 prodigiose
1828 3941 1926 3977 un-

411 4006 639 4067 guento,
667 4011 694 4047 e
716 3996 886 4047 sancti
918 3995 1172 4067 Demetrii
1213 3994 1415 4067 tumulo
1475 3997 1788 4067 scaturiente
1818 4010 1924 4048 me-

414 4063 612 4119 inoriw
639 4073 851 4117 exstant
881 4063 1116 4132 prodita,
1150 4064 1460 4118 inmedium
1495 4063 1854 4116 adducuntur.

415 4179 514 4234 54.
551 4175 668 4230 Etsi
695 4177 912 4245 quidem
948 4185 1280 4247 unguentum
1301 4192 1332 4231 e
1353 4177 1526 4230 sancti
1557 4177 1810 4232 Demetrii
1843 4183 1929 4232 tu-

335 4271 502 4327 mulo
541 4269 671 4323 olim
719 4283 825 4323 non
873 4275 1083 4324 tantum
1139 4269 1398 4330 stillasse.
1455 4269 1549 4324 sed
1609 4277 1665 4324 et
1718 4267 1924 4340 ingenti

331 4372 584 4432 prorsus
623 4372 685 4413 ac
719 4359 985 4430 stupenda
1015 4359 1171 4428 copia
1220 4357 1271 4412 id
1327 4358 1551 4422 factum,
1589 4358 1821 4414 adducta
1871 4359 1924 4413 in

2017 1905 2278 1968 salutare,
2303 1904 2612 1974 prodigiose
2643 1904 2928 1968 scaturiat,
2955 1905 3216 1959 divinitus
3245 1905 3313 1959 sit
3337 1907 3530 1960 collata
3557 1908 3581 1959 ‘3

2017 1993 2219 2048 Adliaac
2241 2031 2255 2055 ,
2305 2009 2427 2047 cum
2473 2001 2805 2064 unguentum
2841 1994 2972 2048 illud
3005 2008 3100 2048 seu
3132 1996 3312 2048 oleum
3347 1996 3579 2049 maxima

2016 2086 2258 2154 quotidie
2286 2087 2440 2154 copia
2466 2099 2495 2139 a
2529 2086 2723 2153 populo
2755 2085 2977 2149 hauriri,
3013 2101 3111 2140 nec
3159 2095 3338 2141 tamen
3369 2087 3474 2140 ulla
3499 2102 3583 2140 ra-

2016 2180 2163 2232 tione
2202 2178 2450 2232 imminui
2508 2177 2754 2241 audiret,
2786 2191 2815 2230 e
2847 2176 3028 2230 Sancti
3057 2179 3226 2231 nostri
3269 2193 3498 2247 corpore
3532 2179 3583 2232 id

2016 2269 2243 2332 stillare,
2277 2269 2552 2338 argerrime
2587 2269 2640 2322 in
2688 2269 2932 2323 animum
2964 2269 3276 2334 inducebat,
3314 2285 3378 2324 eo
3419 2272 3584 2325 etiam

2019 2359 2223 2414 idcirco
2280 2361 2650 2428 propendens,
2705 2369 2766 2414 ut
2826 2360 3002 2414 oleum
3061 2376 3153 2414 seu
3208 2372 3584 2430 unguentum,

2025 2451 2248 2506 aliunde
2292 2457 2450 2505 antea
2485 2461 2757 2520 paratum,
2789 2467 2901 2507 non
2931 2465 3164 2520 superna
3196 2466 3290 2506 seu
3331 2456 3587 2524 martyris

2015 2542 2240 2608 virtute,
2276 2542 2369 2597 sed
2422 2543 2662 2596 humano
2713 2543 2948 2597 artiﬁcio
2995 2541 3184 2596 ell‘ecta
3235 2545 3585 2613 scaturigine,

2021 2633 2222 2702 populo
2253 2633 2506 2703 profundi
2541 2651 2636 2691 seu
2669 2633 3074 2692 subministrari
3106 2635 3458 2692 existimaret.
3490 2637 3588 2692 Ve-

2018 2740 2139 2778 rutn
2189 2726 2464 2781 monacho
2511 2727 2625 2791 illi,
2666 2742 2772 2796 qua
2819 2727 3254 2782 incredulitatem
3300 2744 3453 2783 suam
3487 2728 3590 2784 fuit

2016 2817 2302 2884 dedoctus,
2330 2820 2469 2875 visio
2497 2822 2734 2875 celestis
2761 2820 2862 2876 fuit
2892 2821 3092 2875 oblata.
3116 2822 3264 2876 llanc
3285 2821 3442 2892 ipsis.
3470 2837 3590 2892 quae

2015 2910 2259 2967 Joannes
2309 2911 2632 2967 Stauracius
2683 2913 2804 2968 loco
2860 2913 2954 2967 cit.
3008 2913 3341 2982 suppeditat,
3388 2913 3591 2969 Graecis

2017 3003 2240 3064 verbis,
2300 3003 2482 3057 addita
2539 3005 2702 3058 etiam
2756 3005 2822 3058 ad
2881 3004 3089 3058 calcem
3145 3006 3592 3074 interpretatione

1942 3121 1987 3181 ε
2022 3093 2252 3160 Latina,
2310 3093 2500 3150 lectori
2550 3093 2637 3149 hic
2685 3095 2815 3148 libet
2891 3094 3173 3149 exhibere.
3231 3095 3324 3150 Sic
3365 3097 3527 3152 habet
3577 3117 3591 3153 :

2039 3183 2247 3237 Ἐδόκει
2320 3185 2442 3238 καθ’
2494 3185 2695 3248 ὕπνους
2744 3184 2995 3253 γενέσθαι
3046 3187 3112 3256 τῇ
3153 3186 3594 3242 Θεσσαλονικέων

2029 3274 2205 3340 πόλει,
2243 3277 2334 3328 καὶ
2381 3276 2471 3328 τὸν
2507 3276 2634 3330 ναὸν
2666 3277 3117 3347 κοιταλαμῦἀνειν
3159 3277 3252 3330 τοῦ
3293 3279 3592 3351 μάρτυρος,

2028 3365 2212 3434 εὑρεῖν
2249 3383 2306 3417 τε
2352 3366 2441 3419 τὸν
2473 3367 2742 3436 νεωκόρον
2781 3371 2875 3423 καὶ
2909 3374 3257 3439 προσειπεῖν,
3305 3375 3398 3425 καὶ
3427 3372 3595 3427 ἀκοῦ-

2027 3471 2139 3507 σαι·
2166 3452 2240 3507 Ἦ
2275 3455 2451 3524 βούλει
2485 3456 2684 3510 ἰδέσθαι
2710 3458 2799 3511 τὸν
2826 3459 3118 3530 μάρτυρα;
3147 3465 3242 3515 καὶ
3270 3463 3596 3530 ἀνθυπενεγ-

2025 3548 2142 3599 κεῐν
2169 3545 2259 3597 τὸν
2298 3547 2567 3611 Βιτάλιον,
2593 3549 2688 3600 καὶ
2716 3548 2835 3602 λίαν
2862 3552 2942 3613 εις
2967 3551 3125 3604 τοῦτο
3157 3552 3269 3621 ἔχει
3303 3553 3596 3623 διῴητικῶς

2025 3633 2165 3686 ὥστε
2229 3636 2322 3686 καὶ
2383 3637 2510 3688 ἰδεῖν
2565 3636 2660 3688 καὶ
2729 3639 3204 3704 προσπτύξασθαι.
3269 3643 3377 3696 Καὶ
3427 3643 3596 3708 οὕτως

2027 3722 2054 3773 ὀ
2087 3721 2185 3790 μὲν
2217 3724 2514 3790 προηγεῖτο
2557 3725 2584 3776 ό
2634 3726 2926 3794 νεωκόρος,
2967 3729 3154 3782 εἵπετο
3186 3729 3241 3782 δὲ
3264 3732 3291 3783 ὁ
3327 3732 3595 3796 Βιτὰλιος.

2101 3809 2193 3865 35.
2233 3811 2320 3874 Ὠς
2347 3812 2403 3864 δὲ
2433 3813 2600 3879 ἐγγὺς
2629 3815 2723 3880 τῆς
2753 3813 2902 3876 θείας
2933 3815 3170 3868 κιϐωτοῦ
3196 3815 3289 3869 τοῦ
3319 3821 3598 3889 μάρτυρος

2028 3905 2287 3970 γένοιντο,
2320 3903 2630 3974 εἰσελθέτην
2652 3903 2818 3974 ἄμφω
2840 3906 2902 3959 ὲκ
2928 3907 3022 3960 τοῦ
3044 3907 3244 3973 ἐλαίου,
3264 3911 3357 3962 καὶ
3384 3911 3480 3974 τὰς
3505 3912 3599 3965 θύ-

2031 4011 2128 4064 ρας
2158 3994 2468 4063 μετέθεντο,
2488 3999 2583 4050 καὶ⁵
2611 3994 2708 4066 τὴν
2749 3996 2900 4066 ἱερὰν
2935 3998 3274 4070 μετέστησαν
3329 4001 3598 4072 λάρνακα.

2030 4084 2122 4135 καὶ
2153 4083 2474 4153 μαρμάρους
2489 4079 2632 4153 ἦραν
2655 4085 2864 4138 ἐκεῖθεν
2893 4089 2956 4139 ἐκ
2980 4087 3150 4156 μέσου
3175 4089 3335 4142 ἑπτάο
3357 4092 3600 4162 καὶπρὸς

2027 4173 2232 4243 ὀρυγὴν
2268 4175 2364 4244 μὲν
2391 4175 2718 4244 ἀμοιὸαυτδν
2760 4176 2872 4245 (an.
2918 4178 3208 4246 ἀμοιϐαδόν
3233 4180 3276 4250 ἳ)
3304 4182 3396 4233 τοῦ
3425 4183 3601 4238 ἐκεῖσε

2029 4262 2276 4332 χώματος
2303 4282 2317 4295 -
2357 4263 2493 4334 μετὰ
2520 4264 2576 4317 δὲ
2623 4265 2750 4334 χοῦς
2780 4265 2965 4337 ἕτερος
3015 4269 3253 4338 καθαρὸς
3282 4273 3602 4339 ἀπηντλείτο

2030 4356 2240 4408 ἐκεῖθεν
2303 4355 2526 4418 εὐωδίας
2583 4355 2842 4427 πλείστης
2900 4357 3206 4422 ἀνάπλεως.
3279 4360 3430 4414 Ἐπεὶ
3467 4362 3521 4416 δὲ
3570 4366 3603 4433 ἠ

335 4455 771 4512 Commentario
805 4453 1032 4523 praevio,
1067 4465 1220 4508 num.
1247 4451 1318 4508 95
1342 4461 1396 4509 et
1428 4453 1516 4519 97,
1546 4450 1750 4508 Niceta:
1781 4453 1914 4508 Cho-

2024 4449 2197 4520 ὀρυγὴ
2220 4449 2416 4518 φθάσαι
2445 4451 2663 4521 πήχεων
2680 4452 2807 4522 ἄχρι
2828 4451 3016 4519 τριῶν.
3041 4452 3131 4505 καὶ
3157 4454 3418 4524 μικρόντι
3446 4460 3602 4525 πρδς,

332 4549 510 4603 ηἰπιω
548 4554 604 4598 et
631 4543 858 4600 Joannis
897 4545 1226 4616 Auagnostae
1272 4546 1441 4600 verba
1496 4556 1580 4601 sat
1628 4546 1929 4600 luculenter

332 4639 620 4709 prodant,
651 4636 754 4691 hoc
796 4645 979 4691 tamen
1011 4645 1347 4706 postremum
1378 4646 1760 4708 argumentum
1789 4651 1930 4692 nou-

333 4731 482 4783 dum
526 4741 601 4779 ex
647 4726 898 4782 instituto
935 4728 1190 4792 tractavi,
1223 4727 1388 4796 idque
1424 4727 1559 4781 adeo
1590 4727 1671 4780 vel
1701 4726 1928 4788 idcirco,

339 4819 505 4889 quod
544 4819 811 4871 nonnulla
850 4818 1032 4872 adhuc
1062 4818 1206 4873 haud
1241 4819 1457 4888 penitus
1502 4827 1804 4872 memoratu
1850 4819 1932 4873 in-

343 4911 529 4978 digna
579 4906 980 4973 subministret,
1024 4910 1050 4979 ᾗ
1099 4910 1354 4978 praesenti
1403 4910 1584 4964 facere
1629 4909 1931 4976 constitui,

339 5000 553 5065 itaque
603 5008 721 5061 quae
759 4995 825 5049 de
857 4996 1059 5053 Sancto
1088 4996 1412 5053 disserenda
1454 4997 1710 5062 fuerunt,
1755 4995 1935 5050 absol-

342 5097 516 5139 vere.
587 5078 656 5135 Ut
707 5081 892 5152 itaque
944 5087 996 5140 id
1043 5087 1274 5143 ‘mstituti
1335 5087 1586 5152 meliori,
1638 5102 1747 5158 quo
1817 5086 1969 5142 (ieri'

342 5182 572 5247 potest,
612 5173 809 5228 ordine
840 5178 1148 5247 mancipem
1187 5178 1424 5244 effectui,
1467 5193 1496 5234 a
1543 5181 1894 5249 suppeditata
1919 5221 1934 5244 ,

339 5281 478 5340 qua:
542 5264 601 5318 in
640 5267 828 5322 codice
875 5280 1065 5324 nostro
1113 5271 1153 5342 -ι-
1202 5289 1307 5329 ms.
1361 5273 1460 5328 l95
1514 5273 1610 5330 fol.
1664 5289 1826 5331 verso
1867 5275 1938 5329 78

338 5371 401 5417 et
435 5371 608 5426 seqq.
641 5375 671 5414 e
701 5357 897 5416 Leonis
941 5362 1127 5417 Allatii
1157 5382 1260 5422 ms.
1306 5373 1557 5436 excerpta
1593 5375 1791 5430 exstat,
1843 5383 1941 5440 per

339 5452 638 5508 Joannem
679 5450 1020 5507 Stauraeium
1055 5469 1217 5524 supra
1245 5460 1545 5528 saepissime
1574 5459 1848 5515 laudatum
1875 5462 1942 5518 de

342 5541 642 5601 monacho
671 5543 930 5613 quodam,
965 5547 1188 5601 nomine
1217 5547 1432 5618 Vitalio,
1460 5551 1773 5608 narratione
1805 5552 1944 5608 duco

342 5633 609 5690 initium.
639 5633 738 5690 Hic
767 5636 819 5690 in
856 5637 1157 5693 celsissimo
1194 5637 1519 5699 Macedoniae
1566 5651 1753 5700 monte
1776 5644 1940 5710 Atho,

345 5742 467 5787 runt
506 5727 981 5783 monasteriorum
1041 5745 1162 5800 qua:
1223 5734 1624 5803 complectitur,
1657 5747 1772 5794 tum
1824 5753 1937 5795 mo-

734 5820 1002 5883 ΡΑτιιοι..
1046 5824 1156 5884 Gn.
1193 5823 1402 5888 CXVI.

2034 4544 2245 4613 λάρναξ
2281 4545 2454 4614 ἐφάνη
2487 4544 2699 4608 τούτοις
2758 4546 3287 4618 περικεκαλυμμένη
3326 4553 3603 4622 μαρμάρῳ

2033 4635 2200 4705 λευκῇ
2232 4675 2246 4700 ,
2300 4635 2366 4706 ἢν
2414 4637 2510 4689 καὶ
2548 4636 2753 4707 ταύτην
2785 4635 2998 4691 ἐκεῖθεν
3031 4638 3340 4711 διὰραντες,
3381 4642 3475 4694 καὶ
3506 4642 3604 4711 τὴν

2033 4726 2280 4796 λάρνακα
2319 4727 2825 4798 ἀνακαλυψάμενοι,
2855 4721 2996 4782 εἶδον
3027 4729 3176 4782 ἔνδον
3210 4730 3416 4800 ταύτης
3447 4733 3604 4786 ἀκτι-

2035 4815 2360 4871 νοὸολοῦντα
2389 4817 2482 4870 τὸν
2513 4817 2771 4888 μάρτυρα
2799 4817 3074 4885 κείμενον,
3107 4818 3284 4883 ζῶντα
3316 4820 3602 4892 καθαρῶς,

2044 4908 2139 4961 κοιλ⁵
2174 4909 2386 4961 ἐοικότα
2411 4909 2764 4974 ὑπνώττοντι,
2789 4910 3194 4979 ὑπομειδιῶντα
3253 4912 3347 4966 καὶ
3374 4915 3605 4984 φαιδρω-

2036 5001 2153 5053 πόν.
2219 5001 2335 5053 Καὶ
2411 5001 2521 5054 ἰδοὺ
2577 5001 2770 5072 μυρίαι
2822 5003 3054 5073 τρώσεις
3117 5003 3195 5074 τῷ
3262 5006 3497 5078 μάρτυρι
3545 5010 3606 5061 ἐκ

2038 5092 2314 5161 τραχήλου
2353 5093 2532 5172 μέχρι
2571 5093 2668 5146 καὶ
2711 5093 2913 5162 ὀσφύος
2947 5095 3117 5164 αὐτῆς
3151 5098 3604 5168 πεπυκνωμέναι,

2043 5185 2137 5236 καὶ
2196 5184 2434 5254 ἀλλήλας
2487 5186 2732 5256 exprec;
2788 5187 3253 5258 προσεγγιζουσαι
3319 5189 3460 5244 κατά
3510 5192 3608 5252 τὰς

2039 5274 2598 5346 κηροπλαστουμένας
2662 5280 2781 5342 ταῖς
2834 5278 3121 5348 μελίσσαις
3179 5281 3354 5345 ὀπὰς,
3414 5281 3609 5344 σκεῦος

2039 5361 2152 5421 οἷον
2195 5369 2422 5438 μυωπδν
2471 5369 2567 5423 καὶ
2602 5368 2788 5440 μύρων
2821 5371 3190 5442 μυριοφλέὁες
3217 5375 3282 5425 ὲκ
3311 5373 3420 5425 τῶν
3459 5373 3610 5426 ὀπῶν

2041 5458 2414 5529 ἀνεπήγαζον,
2468 5460 2686 5531 σφοδρῷ
2723 5460 2978 5530 καθάπερ
3016 5462 3268 5516 κάτωθεν
3319 5462 3609 5531 ἀναφυσώ-

2047 5569 2206 5624 μεναι
2261 5553 2556 5624 πνεύματιο
2593 5554 2690 5608 καὶ
2739 5555 2940 5625 μικροῦ
2993 5555 3103 5610 δεῖν
3160 5556 3209 5610 οἱ
3245 5556 3433 5628 ἄνδρες
3465 5548 3612 5608 οὗτοι

2047 5647 2144 5698 καὶ
2209 5645 2608 5710 κατεκλύζοντο
2652 5648 2766 5710 τοῖς
2822 5646 2930 5700 τῶν
2993 5647 3184 5719 μύρων
3237 5647 3610 5717 ἀναπηδύουσι

2053 5737 2341 5810 ῥεύμασιν.
2372 5738 2442 5792 "0
2471 5755 2531 5793 τε
2573 5741 2666 5794 καὶ
2697 5742 2725 5793 ὁ
2765 5740 3008 5804 Βιτάλιος
3052 5740 3196 5808 ιδὼν,
3216 5741 3306 5795 κοιλ⁵
3337 5737 3607 5810 ὓπερθαυ-

3025 5832 3100 5891 ιι5
