4070 6382
599 334 733 396 Ῑιίίίὲ

1893 345 2540 412 SUPPLEMENTUM.

3707 357 3856 420 i421:

583 444 793 511 .μάσα;,
845 443 906 496 τὸ
962 443 1104 497 θεῖον
1173 447 1346 500 ἐκεῖνο
1388 445 1548 518 σῶμα
1605 447 1698 501 τοῦ
1751 450 2025 522 μάρτυρος
2064 453 2150 505 καὶ

2263 466 2320 510 ιιι
2353 458 2452 510 viri
2499 458 2574 512 illi
2632 459 2944 516 subsilienti
2989 462 3150 518 etiam
3200 464 3458 534 unguenti
3495 463 3650 519 ﬂuxu
3702 467 3846 519 sub-

593 536 962 610 προσεκύνησε
998 540 1091 591 καὶ
1118 540 1426 608 ἠσπάσατο,
1464 541 1559 593 καὶ
1594 542 1786 607 σκεῦός
1849 562 1900 597 τι
1927 546 2000 608 ὡς
2044 545 2157 598 ἐδό-

591 645 676 682 κει
714 629 893 700 φέρων
932 631 1131 700 χεροῖν,
1171 631 1199 684 ὃ
1227 631 1362 700 δῆτα
1408 633 1690 702 ὲγχωρίως
1741 634 1986 688 καλεῖται
2031 652 2157 688 κου-

589 720 819 790 τρίσιον,
867 719 1028 775 τοῦτο
1082 722 1189 776 τῶν
1245 723 1657 786 ἀναὸλυζόντων
1707 726 1917 781 ἐκεῖθεν
1967 726 2155 797 μύρων

593 811 992 881 πεπλήρωκεν·
1030 811 1186 875 αὖθις
1256 807 1350 865 οὖν
1406 813 1503 882 τὴν
1564 813 1874 885 μυροφόρον
1937 815 2156 885 ἐκείνην

589 902 1066 971 ἐςπιπωματίζουσι
1092 901 1358 972 λάρνακα,
1384 903 1476 955 καὶ
1499 903 1668 973 ταύτῃ
1703 902 1832 973 χοῦν
1859 904 1952 957 τὸν
1979 904 2152 973 εὐώδη

588 993 985 1060 περιτιθέασιν,
1025 992 1122 1047 καὶ
1175 992 1318 1046 οὕτω
1367 993 1532 1047 πάλιν
1577 997 1640 1047 τὸ
1676 996 1741 1048 ὲκ
1794 995 1903 1048 τῶν
1961 994 2153 1064 μύρων

588 1085 830 1156 πηλῶδες
867 1087 1061 1151 ἐκεῖνο,
1093 1085 1190 1150 τὰς
1260 1087 1590 1160 μαρμάρους
1627 1103 1685 1140 τε
1743 1086 1840 1140 καὶ
1885 1085 1986 1158 τὴν
2024 1104 2152 1156 φαι-

593 1179 825 1248 νομένην
858 1180 1022 1232 πᾶσιν
1054 1178 1261 1232 ἄνωθεν
1297 1178 1569 1250 λάρνακα.

660 1268 751 1322 56.
792 1263 908 1321 Εἶθ’
934 1267 1078 1322 οὕτω
1105 1267 1202 1338 τὴν
1234 1269 1441 1339 σεπτὴν
1473 1270 1567 1323 καὶ
1609 1268 1763 1323 πάλιι
1806 1271 2152 1341 μαρτυρικὴν

589 1361 821 1416 κιϐωτὸν
870 1361 1219 1431 θυρώσαντες
1259 1364 1335 1425 ὡς
1382 1363 1441 1415 τὸ
1485 1365 1747 1431 πρότερον
1791 1362 2012 1431 ἐξῆλθον
2058 1361 2153 1414 καὶ

588 1452 680 1505 τοῦ
712 1453 838 1507 ναοῦ
878 1455 970 1506 καὶ
1001 1453 1099 1522 τῆς
1139 1451 1349 1514 πόλεως
1382 1470 1395 1484 ο
1433 1454 1457 1504 ὁ
1495 1452 1592 1521 μὲν
1629 1452 1878 1515 Βιτάλιος
1912 1453 2145 1521 τραπεὶς

588 1543 1034 1614 παλιμπόρευτος
1091 1545 1230 1614 πρὸς
1276 1544 1398 1597 ὅθεν
1433 1545 1592 1612 δῆτα,
1627 1546 1701 1606 ὡς
1725 1545 1922 1610 ἐδόκει,
1953 1545 2148 1615 ἐλήλυ-

588 1632 679 1684 θεν
707 1648 723 1665 ο
762 1633 788 1684 ὁ
819 1633 876 1686 δὲ
922 1634 1198 1704 νεωκόρος
1239 1633 1314 1698 ὡς
1357 1633 1546 1688 τοῦτον
1587 1633 1752 1706 μᾶχρι
1804 1637 1947 1699 τινος
1981 1637 2148 1688 τόπου

585 1722 1036 1791 διαπευσόμενος,
1071 1722 1339 1792 ’Δλμυρὸς
1366 1722 1442 1792 τῷ
1473 1721 1624 1793 τόπῳ
1652 1723 1714 1775 τὸ
1751 1723 1943 1792 ὄνομα.
1978 1723 2152 1775 Ἐκεῖ-

586 1813 678 1865 θεν
737 1807 830 1867 οὖν
886 1812 1036 1885 αὺτῷ
1090 1812 1496 1883 συνταξάμενος
1553 1813 1709 1879 αὖθις
1761 1813 2144 1882 ὑπέστρεψεν,
2179 1802 2223 1860 Β

571 1906 957 1978 αἰτησάμενος
1008 1907 1105 1974 μὲν
1151 1906 1243 1960 τὸν
1285 1906 1530 1960 Βιτάλιον
1589 1909 1654 1960 ἐκ
1705 1906 1800 1961 τοῦ
1842 1906 2014 1977 μύρου
2050 1905 2148 1958 λα-

585 1996 802 2065 ϐέσθαι,
838 1999 973 2066 ὅπερ
1004 1997 1096 2050 τοῦ
1140 1998 1480 2070 μαρτυρικοῦ
1515 1999 1826 2070 ἀπήντλησε
1873 1999 2145 2068 σώματος·

585 2088 660 2159 μὴ
692 2088 869 2160 τυχὼν
919 2089 975 2142 δὲ
1029 2089 1122 2142 τοῦ
1162 2088 1494 2159 ζητήματος,
1523 2091 1572 2142 εί
1614 2090 1691 2160 μὴ
1746 2089 1906 2160 μόνον
1937 2088 2150 2149 νοτίδας

583 2180 788 2250 μικρὰς
832 2181 898 2234 ὲκ
935 2181 1126 2234 τούτου
1163 2181 1222 2234 τδ
1264 2181 1516 2250 μέτωπον
1553 2181 1915 2251 σταυροειδῶς
1961 2180 2146 2252 ἐγχρι-

583 2273 838 2340 σάμενος.
864 2271 929 2323 Τί
958 2270 1018 2324 τὸ
1050 2272 1142 2324 ἐπὶ
1173 2271 1420 2337 τούτοις;
1461 2269 1788 2339 Ἀφύπνιστο
1821 2273 1848 2324 ὁ
1876 2270 2142 2337 Βιτάλιος,

581 2364 676 2416 καὶ
703 2362 811 2415 ίδοὺ
843 2362 902 2414 τὸ
933 2361 1274 2433 μαρτυρικδν
1303 2362 1474 2432 μύρον
1498 2365 1616 2426 ταῖς
1636 2365 1793 2433 χερσὶ
1819 2363 2142 2433 περιέφερε,

583 2457 678 2508 καὶ
709 2455 829 2518 ὅλος
869 2450 937 2525 ἦν
977 2456 1092 2517 τοῖς
1118 2454 1310 2526 μύροις
1337 2455 1643 2527 διάθεροχος⁹
1679 2456 1775 2511 καὶ
1795 2457 1913 2520 ὅλος
1951 2453 2018 2527 ἦν
2044 2455 2146 2523 τῆς

582 2546 809 2610 εὐωδίας
839 2547 1145 2612 ἀνάπλεως,
1178 2545 1456 2618 ἄπληκτος
1487 2549 1629 2614 ὅλος,
1661 2548 1781 2612 ὅλος
1820 2547 2141 2613 ἐνθουσιῶν,

579 2641 768 2710 τρόμῳ
828 2641 1170 2710 κεκραμένος
1210 2641 1302 2695 καὶ
1339 2644 1609 2713 χαρμονῇ,
1650 2643 1897 2712 Μήποτε,
1945 2641 2140 2709 λέγων,

579 2735 675 2788 καὶ
709 2732 878 2788 εἰσέτι
912 2734 1240 2804 ὀνειροπολῶ
1266 2772 1281 2798 ,
1311 2735 1405 2788 καὶ
1439 2734 1587 2806 μύρα
1636 2733 1982 2804 φαντάζομαι
2021 2731 2142 2786 καθ’

581 2826 784 2889 ὕπνους
818 2827 1008 2898 φέρειν
1036 2826 1129 2880 τοῦ
1167 2825 1482 2898 μάρτυρος;
1532 2826 1674 2879 Ἀλλ’
1708 2827 1783 2890 ὡς
1819 2824 1993 2878 ἔοικεν
2023 2823 2142 2877 οὐδὲ

578 2919 646 2971 τὰ
686 2917 784 2987 τῆς
818 2915 992 2988 ὄψεώς
1037 2933 1130 2986 μοι
1154 2915 1290 2986 πρὸς
1317 2917 1473 2987 ὄναρ,
1509 2914 1725 2972 καὶτοῦ
1767 2913 2140 2984 φανταστικοῦ

2261 558 2659 617 mergerentur.
2689 551 2846 617 Quod
2881 567 3003 608 cum
3031 553 3269 609 Vitalius
3301 555 3530 610 vidisset
3563 571 3629 610 ac
3660 572 3850 626 supra

2260 640 2481 694 modum
2505 640 2890 708 admiraretur,
2917 643 3164 699 divinum
3191 644 3322 698 illud
3344 648 3599 716 martyris
3623 662 3849 716 corpus

2257 737 2311 782 et
2347 730 2597 784 adoravit
2643 739 2699 786 et
2751 733 3036 798 salutavit,
3074 734 3474 804 quoddamque,
3505 745 3566 789 ut
3607 737 3845 790 videba-

2257 823 2371 884 tur,
2405 833 2520 884 vas,
2548 819 2837 874 Cutribion
2865 820 3124 876 nimirum
3145 824 3438 878 vernacule
3463 824 3848 892 appellatum,

2257 910 2510 964 manibus
2534 919 2778 980 gestans,
2803 913 2925 967 oleo
2951 912 3005 965 id
3037 911 3164 967 inde
3193 914 3522 969 scaturiente
3547 913 3844 983 implevit.

2255 999 2470 1056 Rursus
2507 1001 2670 1072 igitur
2708 1003 2878 1068 illam,
2919 1018 2950 1059 e
2985 1017 3092 1072 qua
3121 1005 3301 1058 oleum
3335 1006 3606 1068 scaturit,
3640 1019 3847 1059 arcam

2256 1094 2548 1159 claudunt,
2581 1095 2740 1164 eique
2769 1095 2893 1150 boni
2917 1096 3104 1151 odoris
3136 1097 3384 1162 humum,
3421 1096 3848 1166 itaqueiterum

2251 1185 2500 1240 oleosum
2535 1185 2672 1240 illud
2719 1184 2890 1241 lutum
2913 1225 2930 1252 ,
2967 1187 3286 1257 lapidesque
3339 1202 3721 1253 marmoreos,
3752 1191 3848 1242 "ac

2253 1291 2374 1346 quae
2406 1276 2672 1333 divinitus
2707 1277 2831 1331 data
2863 1278 3122 1332 omnibus
3152 1287 3403 1347 apparet,
3457 1277 3680 1333 thecam
3740 1276 3850 1330 im-

2251 1376 2486 1436 ponunt.
2527 1367 2618 1422 Sic
2668 1369 2888 1433 deinde,
2941 1371 3254 1424 venerando
3314 1371 3508 1424 iterum
3567 1369 3848 1438 martyris

2253 1460 2422 1515 etiam
2457 1459 2790 1527 conditorio,
2829 1469 2888 1514 ut
2935 1461 3089 1531 prius
3139 1469 3279 1525 erat,
3313 1462 3525 1524 clauso,
3557 1475 3587 1514 e
3617 1460 3846 1528 templo

2252 1553 2416 1608 etiam
2459 1567 2522 1607 ac
2553 1553 2776 1607 civitate
2803 1561 2931 1608 sunt
2959 1555 3189 1623 egressi,
3213 1551 3443 1607 Vitalius
3473 1553 3715 1622 quidem
3749 1567 3842 1616 eo,

2253 1644 2397 1699 unde
2436 1645 2720 1710 nimirum,
2755 1654 2816 1698 ut
2852 1645 3167 1715 apparebat,
3203 1652 3462 1707 venerat,
3498 1645 3714 1698 iterum
3753 1661 3845 1700 re-

2251 1735 2432 1804 diens,
2464 1736 2700 1792 aedituus
2735 1746 2918 1791 autem
2968 1737 3136 1791 veluti
3193 1736 3344 1790 illum
3380 1736 3793 1792 observaturus
3824 1777 3840 1798 .

2251 1824 2320 1881 ad
2358 1827 2670 1895 quemdam.
2720 1825 2809 1880 cui
2857 1841 3052 1881 nomen
3107 1833 3226 1881 erat
3283 1826 3569 1889 Almurus,
3613 1825 3837 1880 locum.

2252 1913 2392 1970 Hinc
2430 1915 2594 1983 igitur
2616 1913 2793 1970 eidem
2819 1915 3128 1984 adjunctus,
3155 1914 3539 1971 cumVitalium
3574 1916 3835 1984 quidem.

2251 2014 2312 2060 ut
2338 2020 2402 2061 ex
2434 2005 2576 2070 oleo,
2607 2007 2754 2074 quod
2788 2020 2820 2060 e
2853 2005 3110 2075 martyris
3139 2019 3370 2074 corpore
3397 2005 3691 2068 hauserat,
3737 2019 3835 2059 ac-

2250 2094 2488 2165 ciperet,
2538 2093 2901 2165 postulasset,
2959 2094 3368 2164 postulatoque,
3420 2094 3466 2148 si
3515 2093 3833 2163 pauxillum

2249 2187 2459 2242 humidi
2477 2184 2782 2256 exceperis,
2810 2201 2918 2240 non
2942 2186 3188 2247 obtento,
3214 2199 3281 2240 eo
3307 2184 3492 2239 crucis
3515 2185 3571 2238 in
3598 2184 3830 2236 modum

2247 2279 2482 2335 frontem
2517 2279 2791 2342 unxisset,
2841 2276 3032 2346 pedem
3071 2278 3270 2332 iterum
3305 2285 3449 2331 retro
3496 2275 3645 2329 tulit.
3698 2273 3830 2329 Hac

2248 2371 2391 2426 inter
2420 2369 2651 2424 Vitalius
2683 2367 2960 2440 paululum
2997 2367 3409 2437 expergefactus
3440 2374 3550 2430 est,
3571 2374 3646 2430 et,
3673 2379 3822 2430 ecce,

2247 2461 2500 2532 martyris
2523 2456 2856 2530 unguentum
2887 2457 3144 2512 manibus
3167 2455 3610 2520 circumferebat,
3647 2464 3825 2510 totus-

2246 2568 2350 2623 que
2376 2561 2495 2607 erat
2524 2551 2644 2608 oleo
2669 2549 2945 2614 madidus,
2974 2547 3227 2618 bonoque
3253 2547 3423 2603 odore
3454 2547 3825 2616 undequaque

2245 2647 2463 2718 plenus,
2491 2642 2800 2714 perculsus,
2834 2647 2985 2696 totus
3008 2648 3162 2695 extra
3213 2653 3273 2693 se
3320 2645 3531 2707 raptus,
3581 2644 3826 2690 tremore

2247 2752 2308 2794 ac
2331 2736 2517 2792 laetitia
2544 2749 2870 2804 suspensus,
2902 2731 3114 2794 Nonne.
3137 2731 3347 2796 dicens,
3369 2729 3551 2783 adhuc
3579 2729 3822 2791 somnio,

2244 2830 2606 2900 martyrisque
2624 2841 2712 2882 me
2739 2825 2882 2882 ferre
2909 2826 3088 2881 oleum
3110 2825 3165 2878 in
3202 2822 3414 2879 somnio
3437 2820 3748 2890 imaginor?
3770 2837 3790 2871 ι

2315 2923 2408 2977 58.
2446 2939 2464 2974 ι
2501 2919 2724 2984 Verum,
2765 2927 2829 2973 ut
2859 2918 3095 2979 videtur,
3126 2915 3257 2970 mihi
3290 2913 3436 2968 haud
3487 2913 3720 2969 visionis
3766 2911 3822 2965 in

581 3005 956 3070 ἁνατύπωσις’
992 3007 1130 3062 ἀλλὰ
1165 3007 1456 3078 σωματικὴ
1490 3007 1722 3077 ἐνδημία
1760 3024 1851 3077 μοι
1881 3007 2009 3076 ἄχρι
2043 3005 2141 3074 τῆς

2252 3030 2459 3082 somno,
2503 3010 2916 3080 phantasimque
2951 3009 3120 3074 fictio,
3162 3007 3256 3064 sed
3303 3021 3591 3075 corporea,
3640 3005 3724 3059 ita
3767 3011 3824 3058 ut

585 3097 933 3167 μαρτυρικῆς
984 3097 1171 3168 τιμίας
1219 3098 1400 3168 σοροῖν
1442 3097 1606 3152 αὑτοῦ
1644 3115 1734 3168 μοι
1768 3096 1863 3150 τοῦ
1902 3096 2140 3166 μεγάλου

2252 3105 2504 3177 martyris
2548 3103 2710 3159 etiam
2756 3101 2997 3158 loculum
3045 3105 3336 3156 veneratus
3367 3099 3493 3162 sim,
3526 3097 3822 3167 praesentia

581 3187 649 3258 (ὦ
680 3188 826 3243 θείου
864 3191 1150 3262 τεραστίου
1188 3207 1247 3244 τε
1287 3191 1382 3245 καὶ
1407 3189 1751 3261 ἀκούσματος
1772 3189 1812 3259 !)
1858 3189 1926 3244 τὰ
1969 3187 2146 3242 πάντα

577 3282 1038 3354 οίκονομήσαντος
1089 3285 1164 3348 ὡς
1204 3283 1278 3355 μὴ
1320 3285 1414 3338 καὶ
1468 3283 1823 3355 βλασφημίας
1882 3283 2149 3355 κρημνοῖς

564 3378 958 3449 τπεριπᾶσοιμι.
1005 3397 1022 3430 ι
1050 3379 1108 3433 ln
1144 3394 1336 3435 somno
1366 3379 1516 3435 visus
1551 3379 1657 3433 sibi
1685 3387 1770 3434 est
1801 3376 2148 3433 Thessaloni-

555 3490 699 3530 cam
740 3474 971 3537 delatus,
1021 3487 1088 3527 ac
1123 3474 1388 3542 templum
1447 3473 1706 3542 martyris
1759 3480 1961 3536 tenere,
2011 3469 2146 3525 aedi-

577 3577 836 3634 tuumque
870 3561 1146 3617 invenisse
1177 3576 1240 3614 ac
1271 3561 1491 3632 alloqui,
1513 3571 1698 3631 atque,
1732 3562 1817 3614 An
1847 3567 2146 3632 martyrem

580 3656 770 3712 videre
805 3654 933 3709 vis?
963 3651 1175 3718 audire,
1215 3651 1560 3724 Vitaliusque
1591 3668 1856 3709 annuere.
1885 3653 1950 3707 Et
1995 3667 2146 3718 vero,

583 3755 645 3803 ut
674 3761 796 3801 eum
819 3754 874 3800 et
894 3745 1185 3801 videret-et
1219 3753 1569 3801 veneraretur
1596 3760 1760 3816 quam
1791 3745 2025 3800 maxime
2047 3761 2151 3801 ex-

582 3835 820 3908 petebat.
855 3837 1034 3905 Atque
1060 3835 1140 3891 ita
1164 3837 1384 3903 quidem
1429 3836 1666 3891 aedituus
1695 3837 1958 3905 praeibat,
1994 3835 2148 3890 Vita-

581 3929 689 3983 lius
721 3941 850 3982 vero
873 3927 1218 3996 sequebatur.
1242 3926 1312 3982 Ut
1338 3934 1520 3983 autem
1549 3927 1614 3980 ad
1643 3942 1860 3983 sacrum
1892 3927 2148 3998 martyris

581 4018 942 4076 conditorium
972 4025 1260 4084 venerunt,
1311 4018 1471 4074 ambo
1515 4033 1620 4090 per
1670 4018 1851 4073 oleum
1887 4027 2019 4073 sunt
2056 4019 2145 4073 in-

579 4110 776 4181 gressi,
803 4109 1110 4179 januasque
1141 4109 1432 4164 recludunt
1451 4124 1516 4165 ac
1541 4110 1994 4165 sacramtbecam
2022 4111 2151 4165 sub-

577 4207 825 4263 movent,
877 4197 1196 4268 lapidesque
1249 4213 1585 4254 marmoreus
1634 4210 1843 4270 septem
1893 4215 1924 4254 e
1969 4199 2148 4255 medio

565 4288 713 4344 -hinc
755 4287 973 4343 tollunt.
1007 4287 1085 4343 Ac
1131 4288 1187 4342 in
1219 4289 1430 4343 tumulo
1474 4288 1696 4358 quidem
1747 4289 1957 4345 ibidem
2000 4289 2148 4346 exsi-

584 4387 764 4434 stente
806 4395 902 4448 per
935 4379 1084 4433 vices
1115 4378 1363 4446 fodiunt;
1393 4390 1518 4448 post
1552 4387 1732 4436 autem
1765 4395 1901 4450 pura
1947 4381 2149 4435 humus

2252 3214 2377 3256 sese
2411 3197 2622 3261 obtulit,
2660 3198 2892 3266 ipsomet
2915 3207 3108 3264 magno
3135 3193 3190 3263 (ο
3219 3192 3465 3247 divinum
3507 3189 3823 3259 prodigium

2249 3304 2313 3346 ac
2343 3288 2741 3346 ordinationem
2764 3286 2803 3356 ι)
2840 3285 2971 3340 mihi
2999 3284 3248 3347 omnino,
3279 3297 3345 3338 ne
3371 3283 3426 3336 in
3465 3280 3824 3349 blasphemia

2249 3382 2609 3453 praecipitium
2658 3379 2932 3449 prolabar,
2996 3375 3388 3446 prospiciente.
3451 3393 3469 3426 ι
3525 3371 3652 3426 Bac
3705 3372 3821 3426 loco

2249 3487 2419 3542 supra
2463 3472 2556 3526 cit.
2604 3469 2949 3532 Stauracius,
2979 3466 3088 3520 alia
3117 3466 3341 3536 insuper
3369 3465 3552 3534 plura,
3585 3462 3821 3516 brevita-

2250 3564 2322 3617 tis
2353 3577 2502 3632 ergo,
2534 3565 2677 3629 quod
2707 3560 2772 3613 ad
2808 3573 2922 3614 rem
2953 3557 3098 3611 haud
3135 3556 3362 3610 multum
3393 3555 3618 3617 faciant,
3647 3567 3678 3606 a
3714 3565 3818 3605 no-

2249 3653 2334 3709 bis
2369 3653 2456 3706 hic
2485 3649 2801 3714 omittenda,
2831 3664 2956 3704 mox
2987 3649 3311 3718 adjungens,
3338 3644 3644 3712 Vitalioqne
3689 3657 3816 3695 mo-

2250 3743 2428 3799 nacho
2477 3756 2576 3811 pro
2631 3740 2876 3804 arbitrio,
2923 3748 2984 3793 ut
3029 3745 3278 3808 apparet,
3304 3735 3589 3806 aﬂingens,
3615 3735 3816 3805 quibus

2250 3836 2339 3892 hic
2388 3832 2660 3902 stupende
2711 3845 2876 3901 quam
2932 3833 3166 3884 maxime
3213 3829 3510 3900 unguenti,
3562 3843 3594 3883 e
3639 3829 3814 3883 sancti

2251 3924 2511 3982 Demetrii
2545 3923 2753 3978 tumulo
2783 3922 2938 3993 copia
2967 3935 3260 3994 permagna
3291 3919 3660 3983 scaturientia,
3690 3934 3816 3989 pro-

2249 4019 2392 4088 digio
2427 4016 2923 4071 luculentissimum
2949 4054 2964 4080 ,
2998 4031 3123 4071 cum
3171 4014 3349 4068 oblata
3383 4013 3431 4068 ei
3461 4054 3477 4078 ,
3511 4026 3678 4082 quam
3705 4013 3814 4081 jam

2249 4109 2622 4175 exhibuimus,
2648 4107 2787 4162 visio
2827 4107 3040 4172 fuisset,
3087 4105 3458 4162 testimonium
3491 4104 3816 4174 praebuerit,

2250 4200 2683 4257 incredulitatem
2701 4213 2852 4255 suam
2874 4199 3051 4254 isthac
3072 4199 3298 4254 omnino
3321 4194 3819 4251 dedoctusV'erum

2251 4293 2388 4348 nihil
2416 4305 2662 4362 prorsus,
2711 4291 2858 4361 quod
2892 4288 2976 4345 vel
3020 4287 3270 4344 monachi
3306 4284 3492 4341 Vitalii
3539 4285 3690 4340 stati
3735 4286 3818 4339 vel

2253 4385 2451 4440 oblatae
2485 4384 2629 4448 huic,
2675 4397 2840 4453 quam
2878 4390 3085 4448 narrat,
3122 4380 3349 4436 visionis
3378 4379 3600 4448 epochaa
3631 4376 3818 4432 deter-

573 4471 710 4535 alia,
739 4469 870 4524 boni
895 4468 1082 4524 odoris
1117 4470 1473 4541 undequaque
1497 4472 1788 4539 exsistens,
1823 4471 1948 4528 inde
1971 4482 2149 4527 extra—
2177 4471 2226 4531 Ι)
2257 4475 2531 4533 minandaa
2553 4482 2832 4544 utcunque
2855 4472 3108 4539 sufﬁciat,
3127 4469 3446 4526 Stauracius
3479 4467 3816 4538 suppeditat;

555 4562 756 4616 .hitur.
782 4560 1077 4629 Postquam
1113 4576 1238 4616 vere
1266 4562 1434 4618 fossio
1467 4562 1534 4616 ad
1567 4572 1678 4619 tres
1717 4578 1896 4634 usque
1928 4563 2145 4620 cubitos

553 4670 649 4710 -ac
673 4653 832 4724 paulo
861 4652 1096 4723 amplius
1126 4655 1519 4722 processisset,
1552 4670 1680 4710 arca
1712 4656 1844 4726 ipsis
1871 4657 2144 4726 apparuit,

585 4745 767 4816 lapide
798 4758 1106 4800 marmoreo
1137 4743 1368 4800 candido
1393 4753 1666 4814 cooperta,
1695 4759 1855 4815 quem
1892 4746 2048 4816 juxta
2085 4760 2150 4802 ac

585 4837 730 4892 illam
755 4851 880 4892 cum
903 4835 1030 4892 inde
1060 4836 1419 4902 amovissent,
1443 4849 1740 4906 areamque
1773 4835 2142 4906 aperuissent,

574 4937 902 5001 martyrem,
942 4929 1034 4999 qui
1071 4929 1125 4984 in
1159 4942 1221 4983 ea
1251 4929 1480 4999 jaceret,
1530 4928 1716 4983 radios
1745 4944 1776 4983 a
1811 4944 1935 4985 sese
1980 4929 2144 4984 emit-

575 5029 784 5075 tentem
805 5059 820 5085 ,
845 5019 1078 5074 vividum
1103 5020 1326 5075 omnino
1350 5029 1723 5090 apparentem,
1749 5019 2150 5092 dormientique

580 5111 837 5175 similem,
870 5109 1238 5166 subridentem
1267 5127 1328 5166 ac
1355 5112 1504 5168 vultu
1537 5113 1762 5168 hilarem
1811 5112 2084 5167 viderunt.
2124 5131 2142 5164 ι
2184 5128 2192 5137 ⁸

653 5201 744 5255 37.
788 5218 807 5253 ι
844 5202 928 5266 Ει,
965 5216 1114 5267 ecce,
1165 5201 1337 5272 plaga:
1385 5201 1645 5270 inﬁnitae,
1687 5202 1910 5275 martyri
1946 5217 1975 5256 a
2009 5202 2148 5257 collo

573 5290 649 5347 ad
681 5292 830 5360 ipsos
858 5306 1034 5360 usque
1065 5292 1282 5348 lumbos
1309 5292 1478 5349 dense
1509 5293 1748 5362 inflicta,
1782 5295 2144 5364 invicemque,

581 5399 696 5439 non
719 5397 882 5440 secus
909 5397 972 5438 ac
1001 5381 1290 5448 foramina,
1320 5383 1389 5438 ab
1419 5384 1612 5453 apibus
1635 5400 1666 5440 e
1691 5399 1816 5440 cera
1843 5393 2147 5454 compacta,

579 5473 809 5533 omnino
847 5474 1250 5544 contingentes,
1305 5483 1638 5544 unguentum
1685 5491 1716 5530 e
1759 5476 2150 5543 foraminibus,

587 5569 735 5625 vasis
769 5565 1032 5637 perforati
1080 5566 1309 5637 oleoque
1357 5565 1570 5621 infinito
1631 5569 1896 5623 scatentis
1939 5569 1995 5622 in
2028 5583 2151 5622 mo-

569 5660 737 5724 dum,
772 5658 1212 5721 emittebant,.ac
1251 5659 1298 5713 si
1331 5671 1361 5711 a
1401 5659 1708 5726 vehementi
1760 5659 1995 5726 quodam
2046 5661 2154 5728 spi-

578 5749 687 5806 ritu
723 5752 973 5811 deorsum
1007 5753 1244 5810 fuissent
1279 5750 1496 5810 inflatae.
1526 5751 1637 5812 Nec
1671 5754 1907 5814 multum
1937 5755 2146 5823 abfuit,

2249 4570 2378 4626 hinc
2429 4575 2608 4622 autem
2638 4566 2718 4631 ﬁt,
2752 4575 2830 4630 ut,
2862 4564 3208 4634 quandonam
3237 4561 3394 4632 copia
3418 4567 3588 4625 tanta,
3613 4569 3820 4628 quanta

2251 4661 2307 4716 i-n
2344 4659 2550 4713 visione
2587 4657 2754 4710 relata
2784 4656 3206 4722 narrationeque
3245 4655 3387 4708 hanc
3417 4651 3702 4720 complexa
3731 4651 3821 4703 in-

2250 4751 2462 4816 nuitur,
2522 4747 2882 4804 scaturientis
2942 4762 2973 4802 e
3027 4745 3214 4800 Sancti
3267 4757 3501 4815 corpore
3553 4742 3818 4811 unguenti

2253 4843 2560 4914 prodigium
2589 4842 2766 4896 locum
2798 4839 3073 4901 habuerit,
3094 4837 3306 4892 definiri
3339 4835 3487 4890 haud
3505 4841 3688 4903 queat,
3716 4831 3818 4887 etsi

2255 4931 2472 4987 interim
2500 4971 2516 4995 ,
2546 4939 2608 4984 ut
2640 4928 2733 4983 diu
2762 4937 2888 4984 aute
2928 4926 3200 4982 Stauracii
3232 4931 3446 4979 aetatem
3479 4922 3820 4977 initium‘ae-

2253 5023 2479 5094 ceperit,
2533 5020 2841 5076 certissime
2887 5033 2950 5075 ex
3003 5033 3090 5083 eo,
3139 5017 3284 5088 quod
3327 5015 3507 5071 verbis
3545 5026 3699 5067 num.
3751 5010 3818 5064 εἰ

2265 5115 2527 5180 recitatis,
2565 5115 2617 5168 in
2651 5111 2898 5184 ejusdem
2939 5110 3180 5164 auctoris
3214 5105 3591 5163 lucubratione
3621 5110 3820 5173 praeat

2253 5206 2393 5262 visio
2445 5203 2690 5275 praefata,
2743 5199 3142 5258 consectarium
3189 5198 3416 5254 omnino
3475 5197 3569 5250 sit.
3624 5192 3820 5247 Verum

2258 5298 2580 5353 Stauracius
2607 5310 2670 5353 ea
2702 5296 2870 5352 etiam
2905 5293 3240 5363 suppeditat,
3274 5288 3500 5362 quibus,
3537 5293 3696 5341 aetate
3720 5297 3816 5337 sua

2256 5406 2350 5446 seu
2399 5390 2599 5446 saeculo
2647 5389 2808 5443 tertio
2847 5385 3060 5442 decimo
3097 5384 3239 5439 idem
3268 5382 3434 5436 etiam
3468 5375 3820 5434 scaturientis

2253 5481 2412 5550 copia
2460 5481 2696 5534 maxima
2742 5494 2773 5534 e
2822 5477 3006 5532 Sancti
3059 5475 3268 5530 tumulo
3319 5487 3414 5528 seu
3461 5481 3689 5538 corpore
3726 5481 3825 5518 un-

2258 5573 2443 5640 guenti
2477 5569 2784 5639 prodigium
2805 5567 3132 5630 obtinuisse,
3164 5559 3612 5619 manifestissime
3639 5555 3821 5610 docet.

2332 5662 2423 5718 39.
2449 5661 2662 5716 Etenim
2690 5666 2816 5730 post
2842 5673 2996 5714 suam
3021 5659 3088 5713 de
3110 5656 3466 5726 Bulgarorum
3489 5665 3616 5719 rege
3639 5647 3824 5716 Scytb-

2265 5752 2474 5811 Joaune
2510 5749 2902 5817 narrationem,
2936 5761 3102 5816 quam
3127 5747 3310 5822 verbis
3344 5757 3497 5802 nunt.
3529 5739 3599 5796 33
3630 5736 3827 5794 recita-
3901 5741 3912 5754 '
