4090 6384
324 340 453 407 1421

1345 343 1405 403 S.
1445 340 1826 402 DEMETRU
1871 337 2265 399 MARTYRIS
2306 337 2514 400 ACTA.

3432 329 3576 397 1423

317 463 387 518 tis
415 459 720 531 subjungit,
754 457 961 515 Gra‘cis
995 458 1145 515 hisce
1181 457 1331 522 aliis,
1357 459 1549 515 Latine
1589 458 1657 514 ad
1688 457 1892 513 calcem

1998 454 2092 508 xei.
2119 458 2186 528 τῇ
2222 454 2365 526 χειρὶ
2408 452 2657 523 κατέχων
2687 451 2988 526 βακτηρίαν
3022 450 3250 521 λεπτὴν,
3276 449 3450 523 ταύτῃ
3474 451 3573 521 τὴν

317 554 561 619 redditis,
596 553 668 607 ita
720 552 910 608 scribit
940 567 954 607 :
987 551 1086 614 Τις
1117 552 1217 605 οὐκ
1256 547 1365 605 οἶδε
1393 549 1493 623 τὴν
1531 550 1594 604 ἐκ
1623 550 1718 604 τοῦ
1747 568 1885 603 παν-

315 646 534 715 εντεμου
592 643 984 716 Δημητριακοῦ
1037 642 1293 713 σώματος
1328 642 1747 705 ἀναϐλύζουσαν
1777 643 1889 694 τῶν

318 737 508 807 μύρων
540 733 742 805 πηγὴν,
775 735 875 803 ὅση
902 733 979 803 τῷ
1003 732 1328 806 πληθυσμῷ,
1361 732 1437 796 ὡς
1461 731 1888 803 ῦπερεκχεῖσθαι

317 828 553 882 καὶτῶν
584 827 768 897 κύκλῳ
803 829 899 899 τῆς
942 826 1094 891 θείας
1137 826 1306 881 αὐτοῦ
1365 825 1528 897 σοροῦ
1573 824 1889 896 μυροδόχων

318 918 627 989 δεξαμενῶν
651 937 666 986 ;
690 911 860 973 Δῦται
894 919 960 973 ὲκ
999 916 1183 987 πηγῆς
1211 916 1320 969 τῶν
1360 914 1549 988 μύρων
1580 914 1672 969 τοῦ
1713 914 1889 984 μάκα-

321 1026 411 1080 ρος
448 1009 643 1080 μέχρις
687 1009 870 1064 αὐτῶν
910 1008 1196 1078 δεχόμεναι
1253 1007 1345 1058 τὸν
1401 1004 1575 1077 εὐώδη
1611 1004 1738 1075 ῥοῦν
1775 1003 1888 1056 δικ-

319 1101 738 1173 κρουνιζόμενον
774 1104 892 1164 τοῖς
931 1098 1284 1170 βουλομένοις
1326 1097 1440 1152 τῶν
1473 1095 1888 1169 Χριστωνύμων

317 1196 462 1247 κατὰ
493 1195 679 1249 πᾶσαν
705 1193 856 1264 ὥραν
891 1194 1127 1263 ἰατρεῖον
1152 1190 1477 1262 πρόκεινται
1516 1189 1885 1258 ἑτοιμότατον·

318 1287 414 1338 καὶ
444 1286 602 1354 γενος
657 1285 823 1349 ἅπαν,
884 1283 981 1337 καὶ
1027 1281 1217 1354 ἡλικία
1250 1281 1400 1336 πᾶσα
1438 1279 1649 1334 ἐκεῖθεν
1676 1296 1885 1349 πρυτα-

319 1381 459 1431 νεῖον
485 1376 720 1447 ἄφθονον
746 1375 856 1429 τῶν
895 1376 1085 1447 μύρων
1126 1374 1421 1428 πλουτοῦσι
1452 1371 1547 1426 τοῦ
1582 1370 1885 1442 μάρτυρος·

315 1468 531 1539 ἄνδρες,
559 1471 815 1536 γυναῖκες
873 1467 969 1520 καὶ
1027 1467 1198 1530 νήπια
1238 1466 1392 1528 ὃλοιῑζ¹
1429 1465 1625 1535 χερσὶν
1663 1464 1765 1517 ὅσα
1797 1460 1891 1515 καὶ

320 1561 518 1630 σὶφωσι
560 1559 696 1629 πρὸς
736 1558 964 1621 ἑαυτοὺς
1024 1556 1086 1611 τὸ
1124 1556 1299 1629 μύρον
1333 1555 1542 1609 ἐκεῖθεν
1576 1554 1888 1623 ἐφέλκουσιο

320 1654 417 1708 καὶ
457 1653 508 1705 οἱ
548 1654 646 1722 μὲν
691 1651 1026 1721 ὀφθαλμοὺς,
1051 1651 1101 1705 οι
1141 1650 1197 1704 δὲ
1229 1651 1406 1721 στόμα
1435 1649 1533 1704 καὶ
1558 1643 1675 1702 ὦτα
1706 1646 1888 1718 τούτῳ

321 1743 747 1812 καθαγιάζουσιν
775 1760 797 1776 ’θ
831 1745 880 1798 οἱ
925 1744 982 1798 δὲ
1032 1746 1129 1798 καὶ
1169 1743 1370 1815 στέρνα
1423 1744 1519 1795 καὶ
1571 1741 1755 1795 πᾶσαν
1793 1738 1888 1792 τοῦ

236 1850 247 1855 ‘
320 1836 573 1906 σώματος
602 1835 929 1905 ὁλομέλειαν
960 1835 1039 1906 τῷ
1087 1834 1249 1906 μύρῳ
1280 1831 1758 1905 προσεπιχρεουσι,
1799 1829 1894 1883 καὶ

320 1928 506 1993 ἁπλῶς
540 1928 716 1982 εἰπεῖν
749 1927 1067 1998 ἀκορέστως
1108 1926 1296 1997 ἔχουσι
1332 1928 1432 1996 τῆς
1463 1927 1528 1978 ὲκ
1568 1922 1760 1977 τούτου
1792 1939 1894 1976 κα-

317 2021 688 2092 ταμυρίσεως.
726 2038 745 2074 ι
788 2018 925 2087 Quis
976 2019 1240 2090 unguenti
1290 2017 1497 2074 fontem
1524 2055 1540 2081 ,
1577 2031 1607 2072 e
1659 2014 1896 2070 maxime

316 2114 628 2170 venerando
670 2112 940 2169 Demetrii
987 2126 1221 2182 corpore
1248 2108 1661 2165 scaturientem
1687 2147 1703 2172 ,
1748 2103 1895 2160 haud

318 2207 509 2262 novit?
533 2204 707 2259 Tanta
730 2212 918 2259 manat
939 2205 1115 2272 capia,
1141 2210 1201 2256 ut
1224 2202 1390 2257 etiam
1414 2208 1569 2255 extra
1591 2199 1890 2264 destinata,

314 2312 436 2369 quae
468 2311 682 2352 sacrum
708 2296 858 2352 illius
887 2295 1157 2349 tumulum
1186 2294 1433 2362 cingunt,
1463 2300 1742 2363 unguento
1766 2307 1894 2347 sus-

315 2389 597 2460 cipiendo,
631 2401 760 2443 vasa
807 2400 929 2444 sese
957 2385 1218 2442 effundat.
1259 2385 1383 2441 Haec
1447 2385 1586 2440 bene
1615 2384 1849 2441 olentem
1877 2424 1893 2450 ,

315 2494 437 2550 quae
471 2470 502 2535 ε
537 2479 677 2535 beati
712 2489 1119 2551 unguentorum
1168 2478 1319 2534 fonte
1364 2477 1659 2542 emittitur,
1701 2474 1899 2531 ﬂuxio-

315 2588 437 2628 nem
478 2572 533 2628 in
567 2588 690 2630 sese
719 2573 1066 2644 recipientia,
1098 2571 1532 2643 praesentissima
1566 2569 1894 2626 Christianis

318 2662 623 2719 volentibus
668 2665 817 2718 omni
869 2665 1007 2719 hora
1055 2672 1274 2720 exstant
1315 2662 1531 2718 oﬂicina
1561 2662 1794 2717 medica.
1831 2659 1896 2715 Et

314 2770 489 2825 genus
527 2755 846 2811 universum
879 2764 933 2811 ct
961 2765 1092 2811 aetas
1128 2756 1312 2810 omnis
1345 2753 1567 2825 publico
1594 2752 1744 2819 hinc,
1783 2767 1894 2823 quo

316 2844 578 2916 martyris
609 2851 884 2916 unguenta
912 2844 1131 2899 abunde
1179 2844 1425 2908 aluntur,
1474 2843 1595 2899 loco
1641 2843 1891 2912 locuple-

314 2944 519 2989 tantur.
552 2933 712 2999 Viri,
748 2936 1008 2991 mulieres
1054 2944 1110 2991 et
1166 2937 1321 3005 pueri
1356 2935 1487 2991 totis
1515 2928 1771 2990 manibus
1800 2949 1894 3005 per

314 3026 478 3082 tubos
505 3032 849 3096 unguentum
896 3026 1023 3082 inde
1057 3025 1125 3080 ad
1151 3041 1210 3081 se
1238 3027 1487 3082 eliciunt.
1522 3027 1601 3081 Ac
1646 3025 1739 3079 alii
1768 3029 1893 3096 qui-

1989 548 2112 602 ὁδδν
2149 547 2245 602 τοῦ
2289 545 2466 618 μύρου
2501 543 2798 617 διέγραψεν
2838 545 2901 598 ὲκ
2930 545 3029 614 τῆς
3066 543 3384 614 μυροφόρου
3419 544 3573 612 κινή-

1991 658 2091 704 σας
2131 638 2339 709 ταύτην
2392 637 2578 710 σοροῦ,
2622 639 2720 692 καὶ
2758 638 2839 701 εἰς
2885 639 3181 708 πρόσωπον
3212 635 3307 687 τοῦ
3339 634 3572 704 ἐδάφους

1989 733 2113 786 κατ’
2145 733 2361 786 εὐθεῖαν
2400 732 2883 803 σχηματισάμενος
2912 730 3008 785 τοῦ
3039 726 3197 793 ναοῦ,
3237 728 3335 782 καὶ
3360 744 3573 799 παραυ-

1988 825 2118 879 τίκα
2159 824 2346 895 μύρων
2380 822 2566 895 ὀχετὸς
2592 824 2803 878 ἐκεῖθεν
2825 820 3041 892 ὲξέρῤει
3067 821 3162 875 καὶ
3193 819 3271 890 τῷ
3300 819 3418 890 τοῦξ
3441 819 3571 873 ναοῦ

1989 918 2214 989 ὁμαλῶς
2264 918 2362 973 καὶ
2416 917 2598 987 ἠπίως
2663 915 3081 989 περιελιμναξε.
3150 916 3259 969 Καὶ
3299 915 3569 985 ποταμὸς,

1992 1011 2124 1077 ἰδοὺ,
2160 1009 2302 1064 κατὰ
2335 1009 2502 1063 Δαυῒδ
2535 1009 2827 1080 ἐπεκρότει
2855 1008 3002 1079 χειρὶ
3053 1007 3116 1060 τὸ
3164 1005 3460 1078 θαμάσιον,
3494 1008 3571 1068 ὡς

1989 1102 2246 1157 ἐντεῦθεν
2298 1102 2641 1173 ὲξαπορῆσαι
2692 1101 2786 1156 τὸν
2853 1099 3302 1170 ὲξυπηρετοῦντα
3352 1101 3421 1170 τῇ
3478 1099 3573 1152 τοῦ

1994 1197 2274 1268 μάρτυρος
2306 1196 2540 1267 λάρνακι
2562 1234 2577 1259 ,
2625 1195 2720 1248 καὶ
2777 1193 2990 1264 ταχέως
3044 1192 3201 1255 αὖθις
3231 1190 3445 1257 ἀνοῖξαι
3473 1191 3576 1253 τὰς

1991 1288 2336 1352 κλεισθείσας
2357 1287 2517 1358 αύτῷ,
2546 1285 2739 1357 πρώην
2773 1285 3102 1356 μυροδόχους
3129 1283 3447 1353 δεξαμενὰς,
3480 1282 3576 1334 καὶ

1993 1381 2326 1452 συγγνώμην
2348 1381 2571 1450 αἰτῆσαι
2601 1378 2696 1434 τοῦ
2724 1380 2893 1449 ἀγνοή
2905 1396 3096 1449 ματος,
3123 1379 3216 1432 καὶ
3241 1374 3386 1430 οὕτω
3420 1374 3573 1446 μόλις

1992 1476 2186 1544 στῆναι
2214 1474 2305 1526 τὸν
2332 1473 2391 1525 ὲν
2424 1472 2575 1543 μέσῳ
2616 1470 2710 1524 τοῦ
2743 1469 2869 1525 ναοῦ
2903 1471 3163 1541 χεόμενον
3197 1468 3573 1541 μυρόκρουνον

1991 1564 2262 1636 ποταμόν.

2060 1659 2152 1713 41.
2188 1677 2206 1711 ι
2269 1657 2329 1713 Ei
2390 1658 2558 1730 igitur
2615 1657 2669 1712 in
2731 1670 2927 1714 somno
2979 1653 3205 1724 Magnus
3246 1651 3574 1724 (Demetrius

1994 1749 2211 1821 nempe)
2241 1759 2489 1820 apparet,
2532 1748 2718 1819 idque,
2768 1747 2915 1819 quod
2963 1746 3191 1810 fecerat,
3254 1743 3573 1814 exprobrat,

1998 1857 2084 1909 ac,
2116 1842 2189 1897 Ut
2220 1842 2375 1913 quid,
2412 1841 2509 1909 ait,
2557 1840 2845 1907 ﬂuentum,
2893 1838 3039 1911 quod
3074 1853 3104 1894 e
3152 1836 3420 1908 sanguine
3448 1850 3572 1890 meo

1997 1933 2240 2004 quotidie
2286 1947 2315 1988 a
2364 1933 2475 1989 Deo
2505 1932 2725 1988 abunde
2762 1930 3164 2002 suppeditatur,
3199 1927 3450 1982 ﬁdelibus
3483 1925 3573 1980 in-

1995 2025 2181 2080 vidisti
2210 2065 2224 2088 ,
2261 2022 2798 2094 complectenliaque
2831 2028 3169 2091 unguentum
3223 2016 3575 2089 receptacula

1997 2116 2230 2173 Christri
2265 2115 2582 2171 amantibus
2614 2113 2933 2170 occlusisti?
2967 2117 3042 2166 Ac
3071 2126 3172 2182 ego
3199 2110 3417 2181 quidem
3466 2124 3575 2164 non

1996 2208 2052 2263 in
2084 2223 2338 2264 mensura
2377 2221 2442 2261 ac
2466 2205 2765 2277 guttatim,
2819 2202 2914 2258 sed
2963 2203 3030 2257 ad
3079 2201 3426 2258 saturitatem
3475 2216 3577 2254 un-

1995 2310 2196 2371 guenta
2244 2312 2512 2370 propono,
2564 2304 2622 2351 tu
2659 2311 2790 2352 vero
2822 2295 2895 2350 ita
2928 2309 3094 2364 parce
3127 2307 3193 2347 ac
3228 2290 3496 2346 invidiose
3523 2298 3579 2345 te

1995 2392 2161 2461 geris.
2206 2390 2273 2444 At
2316 2402 2471 2452 vero,
2501 2395 2562 2441 ut
2589 2395 2894 2455 martyrum
2926 2382 3242 2438 amantibus
3274 2381 3453 2435 locum
3486 2394 3579 2436 sa-

1996 2496 2149 2538 crum
2170 2480 2316 2536 haud
2341 2494 2581 2550 unquam
2611 2477 2796 2533 discas
2823 2476 3141 2541 occludere,
3167 2483 3577 2541 unguentorum

1998 2589 2242 2629 meorum
2275 2548 2487 2644 portam
2521 2569 2772 2626 ﬁdelibus
2807 2570 2895 2625 hic
2942 2568 3153 2638 aperui.
3187 2566 3375 2633 Dixit,
3404 2580 3470 2619 ac
3502 2576 3582 2619 tc-
3615 2548 3622 2555 ’

1997 2685 2160 2726 nuem
2198 2684 2358 2723 manu
2399 2666 2654 2722 baculum
2702 2673 2917 2731 tenens,
2960 2663 3051 2718 illo
3086 2661 3352 2733 unguenti
3388 2660 3530 2714 viam
3561 2700 3576 2723 ,

1998 2778 2026 2817 a
2074 2761 2285 2817 tumulo
2319 2760 2705 2830 unguentifero
2754 2759 2894 2812 hanc
2922 2756 3132 2813 ducens
3189 2762 3442 2824 rectaque
3486 2767 3583 2822 per

1994 2852 2289 2925 pavimenti
2335 2848 2521 2919 templi
2572 2848 2917 2918 superﬁciem
2975 2846 3311 2910 edorntaus,
3358 2840 3574 2897 descri-

1996 2945 2144 3015 psit,
2194 2957 2258 2997 ac
2296 2956 2420 2996 mox
2467 2949 2876 3011 unguentorum
2915 2937 3062 2992 illinc
3098 2938 3253 2991 rivus
3284 2932 3536 2988 adluebat
3561 2970 3580 2994 ,

2004 3033 2457 3105 aequabiliterque
2489 3039 2542 3087 et
2572 3030 2767 3086 leniter
2792 3029 2846 3084 in
2884 3029 3071 3098 templi
3118 3029 3431 3098 pavimento
3462 3041 3581 3080 ma-

313 3120 436 3175 dem
474 3119 688 3186 oculos,
712 3118 809 3173 alii
840 3128 1019 3174 autem
1043 3133 1106 3175 os
1129 3134 1193 3173 ac
1212 3134 1372 3175 aures
1398 3119 1491 3174 illo
1523 3127 1887 3185 consecrant;
1920 3151 1966 3213 ο
1999 3128 2185 3194 nabat,
2210 3134 2264 3181 ει
2291 3140 2420 3181 ecce
2473 3123 2707 3179 miriﬁce
2737 3123 3038 3179 secundum
3087 3119 3345 3175 Davidem
3379 3116 3581 3174 ﬂumen

313 3212 405 3267 alii
446 3228 578 3268 vero
602 3220 656 3267 et
680 3221 900 3278 pectora
927 3220 982 3267 et
1015 3213 1203 3267 omnia
1231 3213 1481 3282 corporis
1510 3212 1756 3267 membra
1788 3225 1893 3264 un-

314 3316 514 3377 guento
544 3308 833 3378 inungunt,
869 3320 954 3370 ac,
978 3313 1039 3358 ut
1078 3319 1189 3359 uno
1222 3305 1390 3360 verbo
1421 3305 1626 3369 dicam,
1661 3302 1895 3359 insatia-

313 3394 451 3450 biles
491 3394 545 3448 in
588 3394 835 3450 facienda
869 3409 969 3463 per
993 3394 1128 3448 illud
1162 3394 1426 3449 unctione
1455 3403 1603 3448 sunt.
1644 3412 1664 3445 ι

384 3484 475 3540 40.
512 3484 855 3547 Stauracius,
893 3483 1044 3538 hisce
1076 3483 1239 3537 modo
1279 3482 1605 3553 praemissis,
1637 3480 1891 3552 proxime

315 3575 623 3638 subnectit,
654 3572 981 3628 monachum
1012 3571 1306 3640 quemdam
1336 3613 1351 3638 ,
1383 3572 1474 3626 cui
1507 3572 1576 3626 ob
1603 3571 1730 3624 vita:
1764 3584 1894 3624 san—

313 3669 556 3723 ctitatem
584 3664 916 3717 Demetriaui
950 3662 1187 3731 sepulcri
1210 3676 1344 3715 cura
1372 3670 1487 3716 erat
1520 3662 1747 3727 credita,
1770 3675 1894 3714 cum

317 3757 585 3831 quotidie.
620 3756 772 3809 nullo
802 3763 1020 3809 servato
1055 3754 1238 3817 modo,
1281 3751 1653 3821 cujuscunque
1680 3750 1897 3821 generis

315 3866 379 3905 ac
426 3846 603 3903 aetatis
633 3845 882 3901 homines
916 3843 1222 3899 scaturiens
1248 3858 1279 3897 e
1315 3841 1501 3897 Sancti
1533 3856 1762 3912 corpore
1795 3855 1898 3895 un-

316 3948 579 4014 guentum
617 3937 931 3993 auferentes
960 3935 1213 3999 videret,
1254 3949 1314 3989 re
1357 3933 1535 3989 isthac
1564 3947 1629 3987 ac
1660 3933 1899 3987 maxime

313 4054 380 4091 ex
416 4051 481 4090 eo
517 4031 662 4104 quod
712 4029 948 4084 feminas
988 4027 1177 4091 etiam,
1223 4041 1344 4096 qua:
1380 4026 1473 4081 illo
1523 4032 1579 4080 et
1629 4039 1799 4094 genas
1844 4032 1900 4080 et

317 4134 507 4198 pectus
556 4130 608 4178 et
661 4121 829 4177 ubera
871 4126 925 4175 et
970 4117 1196 4174 brachia
1231 4118 1495 4173 continuo
1528 4117 1857 4187 inungerent
1883 4157 1896 4179 .

315 4228 570 4288 spectare
618 4222 922 4284 cogeretur,
978 4211 1318 4280 indignatus,
1371 4220 1711 4282 unguentum
1746 4225 1899 4265 com-

319 4304 610 4379 plectentis
636 4302 982 4372 receptacula
1017 4301 1271 4356 occlusit.
1304 4299 1502 4356 Verum
1538 4300 1617 4365 id,
1654 4310 1714 4355 ut
1737 4301 1900 4356 Stau-

319 4399 498 4454 racius
536 4394 743 4458 subdit,
781 4392 983 4449 Sancto
1024 4400 1241 4457 nostro,
1274 4393 1367 4462 qui
1416 4406 1524 4446 non
1559 4400 1770 4447 tantum
1812 4394 1902 4462 ju-

1994 3216 2295 3292 plaudebat
2326 3231 2492 3272 manu
2520 3255 2534 3279 ,
2569 3224 2627 3270 ut
2661 3213 2811 3280 hinc,
2843 3213 2936 3284 qui
2979 3211 3238 3283 martyris
3268 3208 3585 3265 conditorio

1995 3307 2365 3371 deserviebat,
2386 3303 2606 3361 consilii
2636 3318 2837 3374 expers
2864 3303 3047 3357 animo
3069 3299 3405 3362 concideret,
3431 3312 3583 3351 mox-

1996 3416 2102 3473 que
2153 3400 2376 3466 iterum,
2412 3412 2535 3468 qum
2579 3397 2814 3467 primum
2870 3393 3185 3458 clauserat,
3233 3399 3578 3458 unguentqu

1997 3489 2417 3561 complectentia
2467 3487 2822 3557 receptacula
2855 3484 3137 3554 aperiret,
3169 3495 3233 3535 ac
3271 3479 3486 3534 veniam
3514 3477 3581 3532 de

1997 3597 2185 3639 errore
2216 3579 2519 3650 postularet
2553 3577 2752 3644 vixque
2782 3576 2856 3629 ita
2885 3574 2966 3641 {sin
3004 3571 3194 3642 templi
3239 3570 3422 3624 medio
3466 3582 3583 3622 ma-

2000 3687 2160 3736 nans,
2193 3684 2224 3725 e
2252 3683 2361 3738 quo
2389 3673 2734 3735 unguentum
2778 3663 3141 3727 seaturiebat,
3182 3659 3382 3714 ﬂumen
3417 3657 3582 3713 siste-

2000 3770 2103 3815 ret.
2146 3777 2164 3811 ι
2204 3756 2391 3811 Relata
2426 3753 2614 3808 verbis
2646 3753 2799 3808 hisce
2832 3767 2862 3806 a
2901 3749 3191 3805 Stauracio
3220 3748 3361 3803 visio
3404 3746 3489 3801 vel
3516 3761 3582 3802 ex

1998 3867 2065 3908 eo
2116 3849 2249 3904 mihi
2285 3854 2549 3918 suspecta
2583 3854 2666 3900 est
2702 3844 2998 3900 admodum
3030 3882 3046 3906 ,
3077 3842 3225 3912 quod
3276 3842 3579 3907 monachi,

2007 3940 2350 4000 continentia
2413 3947 2753 4007 unguentum
2815 3936 3160 4007 receptacula
3215 3934 3579 3999 occiudeutis.

2001 4036 2206 4092 factum
2270 4030 2690 4102 improbandum
2750 4028 2895 4085 haud
2948 4027 3235 4092 videatur,
3292 4027 3378 4091 si,
3433 4024 3581 4096 quod

2002 4127 2329 4185 Stanracius
2367 4126 2434 4180 de
2476 4122 2736 4188 feminis,
2772 4122 3090 4177 indecenter
3119 4135 3244 4176 sese
3284 4119 3342 4174 in
3379 4118 3581 4189 templo

2001 4222 2265 4279 continuo
2298 4216 2657 4291 ungentibus,
2691 4214 2790 4281 ait,
2823 4213 3038 4269 veritati
3067 4212 3145 4269 sit
3167 4225 3491 4268 consonum.

2071 4311 2160 4367 42.
2196 4308 2416 4372 Verum,
2438 4315 2720 4376 utcunque
2743 4320 2831 4360 res
2860 4304 2975 4359 haec
3000 4304 3217 4360 habeat.
3255 4302 3394 4357 visio
3420 4301 3579 4371 equi-

2003 4402 2124 4457 dem
2145 4404 2255 4473 jam
2280 4401 2474 4464 relata,
2498 4398 2736 4466 aliaque,
2764 4412 2886 4467 qua:
2916 4396 2984 4450 de
3008 4394 3300 4459 monacho,
3337 4392 3580 4462 sepulcri

319 4499 455 4554 stos,
507 4487 601 4543 sed
653 4492 972 4555 peccatores
1002 4483 1164 4540 etiam
1201 4493 1483 4554 unguento
1535 4498 1636 4538 suo
1686 4484 1893 4540 morbis

2004 4492 2330 4548 Demetriani
2372 4491 2619 4557 custode,
2663 4488 2985 4544 Stauracius
3020 4496 3252 4553 narrat,
3286 4485 3579 4557 scriptoris

320 4579 578 4636 sanandis
608 4577 853 4643 salutari,
896 4576 973 4631 uti
1010 4574 1249 4640 volebat,
1278 4575 1502 4629 minime
1527 4575 1749 4644 placuit,
1783 4590 1899 4629 mo-

321 4672 667 4739 nachumque
723 4667 932 4723 idcirco
999 4666 1266 4737 corripuit
1315 4666 1370 4720 in
1423 4665 1671 4729 visione,
1732 4680 1895 4733 quam

322 4762 643 4817 Stauracius
689 4760 872 4815 verbis
907 4757 1134 4824 Graecis,
1167 4755 1358 4812 Latine
1394 4758 1561 4813 etiam
1594 4757 1660 4813 ad
1696 4758 1893 4811 horum

318 4854 523 4908 calcem
554 4852 874 4915 recitandis,
907 4849 1157 4920 sequenti
1189 4849 1351 4902 modo
1397 4848 1622 4918 exponit
1650 4863 1666 4901 :
1704 4847 1897 4901 Τοίνυν

318 4946 414 4998 καὶ
441 4943 573 5012 ῦναρ
603 4943 853 5011 φαίνεται
900 4944 929 4997 ὁ
969 4942 1145 5011 μέγας
1197 4939 1370 5011 αὐτῷ,
1404 4941 1500 4995 καὶ
1533 4939 1894 5004 κατονειδίζει

318 5036 418 5102 τῆς
457 5034 730 5105 πράξεως,
790 5034 885 5087 καὶ
929 5034 1050 5087 Ἰνα
1106 5032 1181 5099 τί,
1246 5034 1403 5101 φησὶ,
1451 5034 1565 5095 τοῖς
1617 5031 1898 5084 εύσεὸέσιν

321 5127 627 5199 ἐφθόνησας
656 5126 746 5179 τὸν
786 5127 851 5179 ἐκ
905 5125 1012 5179 τῶν
1061 5126 1211 5196 ἐμῶν
1276 5124 1525 5182 αἱμάτων
1579 5125 1717 5194 πρὸς
1757 5123 1896 5178 Θεοῦ

320 5222 595 5283 πλουσίως
641 5219 766 5272 καθ’
818 5218 1057 5288 ἑκάστην
1105 5219 1527 5288 δαψιλευὸμενον
1586 5216 1737 5287 ῥοῦν,
1787 5216 1884 5270 καὶ

327 5316 427 5377 τὰς
463 5312 798 5383 μυροδόχους
840 5309 1141 5376 δεξαμενὰς
1200 5314 1310 5374 τοῖς
1359 5309 1725 5379 φιλοχρίστοις
1767 5326 1899 5362 κατ-

319 5404 560 5475 έφραξας
588 5419 601 5468 ;
638 5402 747 5454 Καὶ
776 5399 937 5463 αὐτὸς
969 5399 1070 5470 μὲν
1096 5400 1196 5453 οὐκ
1217 5403 1272 5454 ὲν
1302 5402 1485 5471 μέτρῳ
1510 5400 1601 5453 καὶ
1637 5401 1706 5453 τὰ
1747 5399 1897 5469 μύρα

320 5494 642 5562 προτίθημι,
710 5492 773 5543 σὺ
833 5490 891 5543 δὲ
961 5491 1343 5559 πεφεισμένως
1391 5490 1566 5554 οὕτως
1619 5490 1762 5559 ἔχεις
1801 5491 1894 5544 καὶ

322 5582 621 5651 φθονερῶς.
662 5581 826 5634 Ἀλλὰ
857 5580 968 5651 γὰρ
996 5581 1071 5643 ὡς
1112 5579 1291 5650 μάθῃς
1329 5582 1405 5651 μὴ
1431 5582 1752 5635 ἀποκλείειν
1778 5584 1893 5644 τοῖς

228 5742 237 5753 ι
323 5673 688 5744 φιλομάρτυσι
714 5674 806 5727 τὸν
841 5673 1114 5741 ἀγιασμὸν
1142 5671 1431 5742 μηδαμῶς,
1461 5673 1700 5728 ἐνταῦθα
1723 5673 1894 5740 θύραν

324 5764 428 5818 τῶν
470 5765 616 5835 ἐμῶν
668 5768 779 5828 τοῖς
836 5761 1089 5818 εὐσεϐέσι
1151 5761 1341 5833 μύρων
1372 5763 1681 5835 ἀνοίγνυμι.
1734 5760 1893 5831 Eine,

2004 4585 2166 4655 hujus
2203 4592 2360 4639 aetate
2407 4598 2504 4639 seu
2544 4582 2749 4638 saeculo
2784 4580 2951 4637 tertio
2978 4579 3218 4643 decimo,
3256 4580 3334 4632 uti
3367 4594 3430 4633 ex
3460 4578 3577 4648 jam

2000 4689 2166 4745 supra
2209 4674 2373 4730 dictis
2406 4674 2608 4742 liquet,
2630 4673 2855 4729 indubie
2886 4672 3149 4727 invenere
3176 4687 3194 4737 ;
3224 4670 3356 4724 hinc
3386 4678 3575 4724 autem

1998 4769 2376 4837 consequitur.
2412 4776 2472 4822 ut
2504 4766 2699 4822 eodem
2751 4766 2918 4821 etiam
2960 4765 3166 4819 saeculo
3220 4762 3578 4819 scaturientis

1998 4858 2233 4912 maxima
2260 4859 2425 4928 copia.
2445 4873 2475 4911 e
2499 4856 2687 4912 Sancti
2717 4870 2950 4925 corpore
2975 4856 3237 4926 unguenti
3260 4855 3571 4924 prodigium

1999 4948 2181 5005 adhuc
2214 4947 2537 5003 obtinuerit.
2559 4946 2672 5001 Nec
2707 4946 2755 4999 ei
2797 4955 2912 4999 tum
2938 4953 3172 5009 tantum,
3197 4960 3389 5000 verum
3409 4947 3583 5000 etiam

1999 5040 2203 5095 saeculo
2238 5038 2431 5109 quinto
2471 5037 2691 5093 decimo
2732 5038 2914 5093 locum
2949 5037 3128 5092 adhuc
3178 5037 3367 5102 fuisse,
3421 5038 3581 5093 docet

2000 5146 2123 5195 nos.
2153 5130 2246 5201 qui
2290 5138 2402 5185 tum
2435 5130 2546 5201 (adi
2593 5129 3061 5185 Commentarium
3112 5130 3374 5199 praevium
3420 5145 3583 5184 num.

1996 5220 2089 5293 9.8)
2128 5222 2180 5275 in
2215 5222 2351 5276 vivis
2385 5219 2486 5275 fuit
2522 5220 2831 5276 Demetrius
2861 5219 3246 5289 Chrysoloras.
3270 5218 3375 5274 Hie
3404 5219 3577 5284 enim,

1999 5323 2287 5384 postquam
2320 5313 2374 5367 in
2400 5327 2500 5367 sua
2528 5310 2595 5367 de
2632 5323 2822 5367 sancto
2858 5311 3140 5366 Demetrio
3178 5312 3450 5375 oratione,
3478 5325 3580 5365 cu-

1994 5405 2086 5475 jus
2118 5413 2325 5474 partem
2361 5420 2390 5459 e
2431 5404 2686 5460 biblioth.
2722 5403 2919 5458 Medic.
2949 5402 3083 5471 plut.
3111 5400 3180 5456 10
3206 5401 3329 5456 cod.
3378 5401 3446 5456 15
3482 5401 3579 5456 de-

1999 5496 2257 5563 scriptam
2296 5494 2581 5559 babcmus,
2613 5495 2680 5549 de
2705 5495 2894 5549 Sancti
2925 5493 3186 5563 martyrio
3226 5492 3577 5560 patratisque

1999 5584 2066 5638 ab
2090 5599 2153 5638 eo
2175 5584 2452 5640 miraculis
2488 5585 2767 5641 fusissime
2786 5583 3070 5649 disseruit,
3098 5583 3171 5636 ita
3202 5582 3573 5651 prosequitur:

1999 5675 2064 5729 Τί
2111 5675 2169 5727 δὲ
2218 5674 2376 5729 τοῦτό
2423 5678 2607 5742 ἐστιν;
2663 5679 2884 5733 Ἔκειτο
2933 5658 3291 5746 μὲν’ὲκείνου.
3326 5676 3384 5727 τὸ
3414 5673 3580 5744 σῶμα

1998 5766 2057 5819 τὸ
2112 5764 2263 5835 ἅγιον
2305 5770 2510 5839 σφαγὲν
2570 5762 2991 5841 ἐρριμρ.ἐνον,ᾧ
3044 5770 3136 5822 καὶ
3186 5764 3577 5839 προσελθόντας
