4090 6384
519 337 659 404 1423

1148 323 1783 391 SUPPLEMENTUM.
1825 342 1897 358 -
1936 320 1995 380 S.
2028 315 2408 382 DEMETRII
2445 311 2839 375 MABTYRIS
2882 311 3093 373 ACTA.

3506 300 3510 303 ’
3619 299 3755 363 ιᾶἓό

517 448 757 520 φιλόθεοι
788 442 1049 515 φιλοθέως
1073 439 1137 494 τὸ
1184 439 1431 509 φιλόθεον
1470 435 1662 500 νυκτὸς
1693 434 1918 503 ἔθαψαν·
1953 432 2092 503 μετά
2118 437 2165 493 Δ
2196 431 2461 499 στρόφους
2514 429 2697 492 αἰτίας
2751 425 3035 495 ἀπατῆσαι
3070 420 3206 520 τούς
3240 418 3511 520 εὐσεϐεῖς,
3659 416 3756 520 καὶ

517 540 574 595 δὲ
604 538 798 609 χρόνον
841 535 981 605 ὑπὲρ
1021 531 1084 587 τὸ
1138 531 1298 600 σῶμα
1345 530 1496 600 πηγή
1534 545 1618 590 τις
1668 528 1763 582 νέα
1811 527 2093 594 γεννᾶται,

522 630 716 702 μύρον,
758 628 803 680 ὣ
837 624 933 680 τοῦ
984 622 1302 695 θαύματοςί
1345 620 1463 675 ἀνθ’
1503 619 1696 683 ὕδατος
1755 617 1974 689 ῥέουσα,
2032 614 2093 702 ἐξ

516 700 611 795 ἧς
639 719 887 790 ποταμὸς
938 719 1127 787 φέρων
1166 713 1392 777 εὐωδίας
1439 712 1509 766 τὰ
1569 711 1839 781 ῥεύματα,
1879 708 1972 777 ἀφ’
2030 700 2092 760 οὐ

517 816 708 886 λίμναι
743 814 923 882 πάσης
959 808 1225 879 εὐοσμίας
1258 806 1540 877 ἀνάπλεῳ,
1595 804 1655 871 ἐξ
1694 798 1869 873 οὗπερ
1905 801 2085 855 ὠκεα-

521 905 611 969 νδς
662 903 819 966 ἀλλος
877 900 1098 971 κύματα
1138 896 1477 968 κεκτημένος
1528 894 1638 948 τῶν
1685 892 1891 964 μύρων,
1948 893 2093 961 ἅπερ

524 997 671 1069 ὕδωρ
699 996 801 1048 οὐκ
834 994 981 1046 ἔστιν
1031 992 1124 1045 ἐπὶ
1154 990 1246 1043 τὸν
1285 990 1633 1059 χαρακτῆρα,
1661 986 1817 1057 φέρει
1856 982 2096 1053 παχύτε-

527 1104 644 1156 ρον,
677 1084 793 1139 ἀλλ’
823 1083 947 1136 οὐδέ
1004 1099 1114 1135 τινι
1174 1079 1286 1134 τῶν
1333 1081 1391 1132 έν
1422 1080 1487 1148 τῇ
1524 1079 1594 1146 γῇ
1628 1075 1660 1146 ἢ
1703 1075 1798 1129 καὶ
1826 1073 1935 1126 τῶν
1966 1073 2097 1140 περὶ

525 1170 694 1240 αὐτὴν
735 1169 1049 1239 ὐγροτέρων
1106 1167 1138 1238 ἦ
1193 1165 1502 1238 ξηροτέρων
1553 1162 1697 1231 ἄλλῳ
1763 1161 1882 1229 μετ’
1916 1160 2094 1213 ἀλλων

525 1262 749 1331 ὅμοιον,
793 1258 907 1313 ἀλλ’
955 1258 1077 1311 οὐδὲ
1127 1258 1236 1310 τῶν
1293 1255 1609 1309 σκευαστῶν
1678 1252 1793 1306 ἴσον
1851 1251 2093 1319 ἑτέρων

525 1347 666 1416 σὰρξ
714 1348 862 1400 δοκεῖ
910 1346 971 1398 τὸ
1024 1344 1349 1414 φαινόμενον
1421 1343 1516 1396 καί⁸
1576 1341 1695 1394 οὐδὲ
1761 1340 1921 1393 πάλιν
1961 1339 2095 1392 αὐτὸ

527 1435 798 1491 παντοίων
836 1434 1107 1503 εὐόσμων,
1146 1433 1209 1485 οὐ
1241 1431 1350 1485 τῶν
1392 1430 1705 1485 σκευαστῶν
1742 1432 1924 1500 μόνον,
1960 1429 2097 1482 άλλά

530 1531 625 1583 καὶ
647 1529 755 1581 τῶν
786 1528 849 1580 ὲκ
879 1524 1015 1579 Θεοῦ
1047 1524 1299 1594 φυσικῶς
1329 1524 1634 1593 γινομένων
1665 1524 1758 1577 καὶ
1790 1524 2097 1592 γεγονότων

529 1616 1006 1689 θαυμασιώτερον,
1048 1620 1142 1668 καὶ
1180 1615 1429 1676 εἰκότως⁸
1458 1616 1486 1668 ὁ
1515 1616 1622 1685 γὰρ
1652 1614 1783 1677 Θεὸς
1817 1613 1976 1668 παντί
2003 1614 2101 1683 μὲν

2195 521 2363 574 πάλαι
2392 518 2487 573 τὸν
2521 518 2740 590 πρῶτον
2788 518 2837 570 οἰ
2877 516 3131 584 δαίμονες
3176 510 3486 582 ἄνθρωπον·
3518 508 3620 561 οὐκ
3663 502 3757 559 οὖν

2199 610 2406 680 σιγάτω
2439 610 2544 665 κᾶν
2592 611 2774 675 ὁποῖος
2828 607 2894 662 ἀν
3046 604 3210 659 Ἀλλὰ
3261 602 3438 656 ταῦτα
3484 598 3583 669 μὲν
3628 598 3761 668 περὶ

2195 702 2400 756 τούτων
2449 702 2585 772 ἡμῖν
2622 701 2823 769 ἀρκεῖ,
2860 699 2983 752 ἐπεὶ
3024 697 3207 765 λέγειν
3261 694 3341 756 εἰς
3384 691 3585 754 πλάτος
3621 688 3762 743 αὐτά

2193 809 2257 864 γε
2289 792 2639 863 βουλομένοις
2676 792 2704 845 ὁ
2738 790 2851 860 βίος
2879 791 2983 843 οὐκ
3010 787 3243 859 ἀρκετὸς
3283 784 3461 838 ἔσται.

2265 886 2356 941 44.
2385 883 2596 957 Βραχύς
2625 885 2735 954 γὰρ
2762 883 2904 945 ἄπας
2921 881 3012 934 ἐπὶ
3036 882 3146 942 τοῖς
3168 879 3443 949 μάρτυρος
3466 874 3564 928 θαύ
3575 884 3764 943 μασιψ

2195 979 2412 1048 διόπερ,
2452 975 2496 1028 ῶ
2521 973 2803 1045 θαυμαστὲ
2841 973 2938 1027 καὶ
2975 971 3108 1025 καλὲ
3147 970 3449 1040 Δημήτριε,
3491 965 3767 1034 θαυμάσιε

2199 1069 2507 1139 στρατιῶτα
2568 1063 2845 1132 Χριστοῦ,
2897 1064 2962 1118 σύ
3020 1061 3281 1123 πολλάκις
3335 1057 3439 1130 τὴν
3480 1054 3770 1126 παροῦσαν

2198 1161 2357 1214 πόλιν
2416 1160 2481 1213 ἐκ
2525 1157 2633 1212 τῶν
2682 1155 2885 1228 χειρῶν
2927 1154 3146 1227 ὲρῤύσω
3184 1153 3293 1208 τῶν
3324 1148 3637 1218 ἀλλοφύλων
3677 1149 3772 1199 καὶ

2202 1251 2497 1316 παντοίων,
2543 1249 2733 1318 έγένου
2778 1247 2887 1300 τῶν
2924 1244 3244 1316 νοσημάτων
3297 1240 3479 1311 ἰατρὸς
3524 1238 3769 1308 ἀριστος,

2204 1343 2299 1397 καὶ
2339 1339 2400 1394 τὸ
2439 1340 2595 1408 γένος
2654 1337 2810 1408 ήμῶν
2850 1335 3107 1406 ήλέησας·
3137 1333 3218 1387 διὸ
3265 1329 3359 1384 σοῦ
3407 1326 3640 1397 δεόμεθα
3695 1324 3772 1376 ἔτι

2200 1434 2297 1487 καὶ
2347 1432 2465 1496 νῦν,
2501 1432 2808 1499 ἀνάστησον
2860 1427 2995 1481 αὐτὸ
3048 1425 3303 1494 κείμενον
3361 1422 3456 1473 καὶ
3510 1417 3771 1489 βοηθείας

2199 1528 2452 1598 δεόμενον
2479 1565 2496 1592 ,
2541 1524 2909 1595 ὲλευθέρωσον
2951 1521 3050 1577 καὶ
3116 1518 3383 1590 βοήθησον
3428 1511 3770 1574 ἀσθενοῦντι,

2202 1616 2598 1689 χειμαζόμενον
2634 1616 2694 1669 ὲν
2743 1612 3044 1683 ἀκυμάντῳ
3085 1607 3269 1679 λιμένι
3309 1605 3527 1674 στῆσον,
3561 1599 3771 1671 πηγνύο

528 1709 758 1763 εὐωδίαν
784 1707 1038 1777 ἐδωρεῖτο
1060 1706 1266 1776 προῖκα
1301 1704 1510 1777 κοινὴν,
1541 1705 1602 1758 τὸ
1627 1706 1684 1759 δὲ
1718 1704 1893 1774 παρὸν
1928 1703 2100 1774 μύρον
2139 1741 2177 1795 Β
2209 1725 2370 1779 μενον
2402 1707 2486 1760 ἐτι
2536 1706 2669 1776 πυρὶ
2703 1702 2997 1776 βαρϐάρων
3039 1698 3321 1764 διάλυσον,
3374 1692 3643 1795 εὐκρασίᾳ
3672 1706 3765 1795 ξιον

529 1801 590 1854 τὸ
640 1800 779 1866 ὑπὲρ
832 1797 997 1851 αὐτοῦ
1044 1795 1229 1865 δῆθεν,
1271 1797 1346 1859 ὡς
1392 1798 1704 1868 προσῆκεν,
1735 1794 2099 1866 ἠγωνισμένῳ

529 1891 841 1962 χαρίζεται.
874 1887 1161 1960 Λαμδάνει
1193 1887 1250 1940 δὲ
1279 1887 1437 1941 τοῦτο
1468 1888 1659 1950 κόποις
1704 1888 1856 1949 ἰδίοις
1894 1887 1923 1940 ὁ
1963 1887 2099 1956 μάρ-

531 2001 649 2047 τυς,
685 1983 746 2036 οὐ
776 1982 983 2052 χάριτι·
1008 1981 1102 2034 καὶ
1152 1980 1212 2033 τὸ
1254 1979 1426 2051 μύρον
1460 1980 1598 2044 ὲξιδν
1652 1980 1726 2041 εἰς
1780 1978 1951 2049 ἀρχὰς
1996 1979 2102 2046 ἀφ-

535 2076 781 2145 ορίζεται
814 2073 929 2137 δύο,
959 2070 1023 2135 ἃς
1053 2072 1384 2142 διαδέχονται
1409 2071 1504 2124 καὶ
1546 2071 1806 2139 σωλῆνες,
1839 2071 1933 2125 καὶ
1954 2071 2105 2138 γενό-

536 2183 698 2238 μενον
747 2166 849 2237 ήδη
889 2165 1163 2235 μετέωρον
1202 2164 1284 2228 εἰς
1344 2163 1476 2233 ὕψος
1544 2162 1850 2233 ἐξαίρουσιν
1912 2160 2103 2232 ὥσπερ

532 2259 676 2321 τινος
716 2257 964 2311 κάτωθεν
1002 2255 1275 2316 ὠθοῦντος
1332 2253 1486 2319 αὐτὸ,
1520 2255 1617 2307 καὶ
1655 2252 1809 2319 παρὰ
1831 2252 1993 2321 φύσιν
2023 2252 2104 2315 εἰς

534 2349 603 2402 τὰ
632 2349 744 2403 ἀνω
766 2347 825 2400 τὸ
855 2347 995 2417 βαρύ
1036 2347 1266 2416 φέρεται
1301 2345 1396 2398 καὶ
1435 2344 1729 2413 γενόμενον
1757 2342 2003 2396 ἰσόπεδον
2027 2342 2104 2412 τῷ

537 2440 651 2510 ναῷ
693 2439 986 2511 κραταιῶς
1016 2438 1278 2508 ἡσυχάζει
1330 2435 1424 2490 καὶ
1459 2437 1661 2506 ἠρεμεῖ
1701 2434 1811 2490 τῶν
1850 2435 2106 2505 σωλήνων

534 2530 794 2601 ἑκάτερος
857 2529 1043 2599 ὥσπερ
1081 2531 1238 2598 τηρεῖ
1280 2527 1527 2596 παγέντα
1576 2526 1609 2596 ἢ
1659 2527 1752 2578 καὶ
1805 2525 1875 2578 τὰ
1928 2524 2105 2577 ὀπίσω

535 2621 797 2675 σταλέντα
825 2620 921 2674 καὶ
951 2618 1324 2689 χαλινωοέντα
1354 2617 1453 2688 τὴν
1485 2619 1564 2680 εἰς
1603 2616 1663 2670 τδ
1713 2616 1902 2687 πρόσω
1932 2614 2106 2685 φοράν

533 2712 790 2782 καθάπερ
822 2710 1001 2781 ἡνίαις
1034 2711 1301 2779 ἀφανέσιν
1332 2705 1759 2776 ἀναχαιτίζεται.

604 2801 696 2857 45.
742 2802 979 2873 Πλήρεις
1031 2802 1186 2864 ὅντες
1233 2802 1281 2853 οἰ
1340 2799 1579 2868 σωλῆνες
1603 2797 1715 2851 τῶν
1758 2796 1989 2867 μύρων,
2020 2796 2108 2849 ἀεὶ

537 2895 632 2948 καὶ
685 2893 865 2963 χαίρει
911 2893 1015 2963 μὲν
1065 2891 1453 2961 ἀντλούμενος,
1486 2888 1601 2942 ἀλλ’
1635 2889 1734 2940 οὐκ
1772 2887 2105 2955 ἐλαττούμε-

537 3002 650 3050 νος,
687 2985 994 3054 ἀρυόμενος
1020 3024 1035 3050 ,
1092 2983 1206 3037 ἀλλ’
1242 2986 1302 3036 οὐ
1369 2980 1712 3052 μειούμενος,
1763 2977 2108 3048 μεταλαμϐα-

2205 1799 2302 1851 xui.
2343 1796 2534 1866 θυμῶν
2590 1795 2884 1865 καιόμενον
2953 1789 3134 1845 αὐτῶν
3203 1787 3381 1856 θερμῇ
3446 1800 3537 1836 σου
3593 1779 3768 1850 δρόσῳ

2204 1888 2567 1960 θεράπευσον,
2600 1887 2695 1940 καὶ
2730 1883 2913 1937 παντά
2950 1881 3174 1951 ποίησον
3199 1879 3256 1932 ὲν
3290 1873 3556 1946 θεραπείᾳ
3582 1869 3770 1942 ψυχῶν

2203 1982 2320 2053 ἅμα
2366 1983 2462 2037 καὶ
2517 1980 2790 2049 σωμάτων
2849 1969 3177 2047 πρεσϐείαις
3232 1972 3331 2041 τῆς
3382 1969 3769 2053 παραχρέιντου

2203 2052 2429 2145 Μητρὸς
2464 2074 2556 2127 τοῦ
2591 2071 2795 2143 Κυρίου
2823 2069 2981 2141 ἡμῶν
3018 2064 3196 2138 Ἰησοῦ
3242 2058 3509 2133 Χριστοῦ,
3550 2052 3596 2126 ᾧ
3643 2055 3772 2126 πρέ-

2205 2184 2298 2220 πει
2344 2165 2493 2232 δόξα,
2527 2163 2764 2234 κράτος,
2791 2160 2926 2232 τιμὴ
2975 2159 3075 2213 καὶ
3118 2154 3489 2230 προσκύνησις
3524 2155 3604 2215 εἰς
3645 2151 3768 2211 τούς

2206 2259 2410 2321 αἰῶνας
2458 2257 2567 2311 τῶν
2618 2255 2854 2309 αἰώνων.
2886 2253 3078 2323 ’Λμήν.
3134 2267 3154 2301 ι
3205 2246 3346 2313 Quid
3388 2244 3520 2299 illud
3565 2239 3772 2313 igitur?

2208 2349 2474 2405 Sanctum
2520 2346 2740 2418 quidem
2777 2344 2928 2399 illius
2964 2340 3164 2413 (sancti
3198 2337 3456 2395 Demetrii
3490 2334 3768 2399 nimirum)

2205 2441 2439 2496 cadaver
2467 2438 2687 2509 iacebat
2714 2435 3060 2507 projectum;
3092 2432 3160 2487 ad
3192 2429 3334 2500 quod
3358 2443 3484 2483 cum
3514 2436 3569 2481 at
3600 2425 3768 2480 Deum

2207 2541 2454 2587 amantes
2487 2529 2876 2594 accessissent,
2900 2540 2931 2581 e
2970 2524 3176 2595 pietate
3210 2522 3264 2576 in
3294 2520 3463 2576 Deum
3496 2517 3606 2573 Deo
3642 2515 3772 2570 dile-

2206 2630 2354 2678 ctum
2388 2628 2553 2677 noctu
2584 2619 2958 2689 sepelierunt;
2995 2622 3187 2684 postea
3213 2627 3344 2668 vero
3385 2624 3548 2680 supra
3574 2622 3771 2677 corpus

2208 2726 2386 2767 novus
2416 2710 2638 2782 quidam
2685 2707 2813 2764 fons
2857 2704 3129 2772 nascitur,
3172 2710 3507 2773 unguentum
3554 2700 3611 2769 (o
3662 2713 3769 2753 rem

2210 2802 2583 2871 mirandam!)
2633 2815 2791 2870 aqua:
2845 2798 2966 2853 loco
3033 2794 3346 2860 eﬂundens,
3403 2808 3434 2848 e
3479 2807 3587 2864 quo
3643 2791 3773 2846 bene

2207 2890 2411 2944 olentia
2487 2890 2690 2944 ﬂuenta
2745 2889 2971 2953 vehens,
3028 2885 3126 2956 qui
3175 2892 3367 2954 stagna
3416 2882 3565 2938 bono
3609 2882 3773 2938 odore

2210 2983 2373 3052 plena
2406 2982 2603 3052 gignit,
2630 2980 2828 3037 ﬂuvius
2859 2986 3169 3050 promanat.
3191 2976 3329 3032 Hinc
3353 2990 3594 3031 oceanus
3614 2975 3768 3038 alter,

538 3075 765 3143 νόμενος
807 3077 903 3128 καὶ
949 3075 1089 3137 σῶος
1122 3072 1420 3143 ὁρώμενος·
1453 3072 1547 3123 καὶ
1578 3070 1638 3123 τὸ
1683 3070 1781 3138 μὲν
1804 3068 1946 3134 ἐξιὸν
1979 3085 2103 3137 σχε-

2209 3073 2301 3143 qui
2326 3087 2449 3127 cum
2479 3080 2904 3140 unguentorum,
2933 3083 3053 3139 qua:
3081 3067 3148 3122 ab
3180 3081 3319 3136 aqua
3345 3064 3771 3133 distinguuntur,

536 3165 626 3219 δὸν
650 3164 897 3235 ἄπειρον·
921 3163 1130 3217 δέδοται
1159 3164 1269 3232 γάρ
1298 3162 1597 3233 λαμδάνειν
1627 3160 1868 3214 εὐσεϐῶν
1906 3160 2108 3215 ἅπαντι

539 3254 663 3308 ὅσον
698 3254 764 3308 ἂν
796 3256 1028 3317 ἕκαστος
1069 3254 1340 3325 βούλοιτο,
1382 3254 1533 3323 μένει
1567 3253 1622 3306 δὲ
1660 3252 1732 3305 τὰ
1772 3253 1955 3322 πηγῆς
1980 3253 2112 3306 ἀκέ-

536 3361 682 3399 νωτα
718 3346 813 3398 καὶ
854 3346 888 3415 ἡ
930 3338 1227 3409 ἐλάττωσις
1283 3343 1620 3414 οὐδαμόθεν,
1661 3343 1758 3397 καὶ
1816 3344 1876 3396 τὸ
1930 3343 2110 3412 θέαμα

540 3433 695 3500 ξένον
731 3436 829 3486 οὐκ
872 3435 1121 3487 εὐσεϐέσι
1179 3434 1361 3503 μόνον,
1420 3435 1557 3488 ἀλλά
1609 3433 1845 3488 καὶτῶν
1894 3434 2110 3488 ἀσεϐῶν

543 3522 772 3583 ᾆπαντι·
802 3521 907 3574 κᾶν
940 3522 1050 3592 γάρ
1077 3539 1161 3584 τις
1198 3523 1474 3591 αἰρετικδς
1512 3524 1547 3592 ἢ
1595 3524 1842 3585 ἀντίθεος
1866 3521 1957 3595 ἦν,
1989 3525 2113 3594 βλα-

542 3614 781 3685 σφημεῖν
806 3612 942 3675 ὅλως
983 3613 1262 3678 ἀδυνατεῖ,
1306 3611 1565 3666 τοσοῦτον
1603 3612 1765 3682 ἔργον
1812 3615 1987 3685 μύρου
2018 3617 2112 3670 τοῦ

537 3705 808 3773 παρόντος
846 3703 881 3769 ἡ
919 3703 1068 3767 δόξα,
1111 3704 1184 3756 Τὸ
1235 3704 1291 3756 δὲ
1353 3706 1537 3774 μεῖζον
1570 3705 1598 3758 ὃ
1632 3705 1772 3776 μηδὲ
1816 3706 2112 3780 σύγκρισιν

538 3792 650 3862 ἔχει
689 3793 822 3861 πρὸς
847 3791 916 3844 τὰ
947 3792 1231 3861 λεχθέντα,
1264 3794 1348 3848 ὅτι
1390 3795 1558 3861 σκεύη
1594 3794 1717 3847 τινὰ
1750 3795 1932 3867 πλήρη
1961 3798 2112 3864 γενό-

542 3898 681 3951 μενα
722 3881 911 3951 μύρων
959 3883 1022 3935 ὲκ
1070 3883 1179 3936 τῶν
1220 3882 1476 3953 σωλήνων
1521 3886 1616 3938 καὶ
1671 3886 1853 3955 φέρων
1882 3888 2112 3951 ἕκαστος

537 3972 721 4024 οἴκαδε
766 3973 876 4025 τῶν
912 3973 1153 4026 εὐσεὸῶν
1194 3974 1432 4028 ἕκαστον
1472 3975 1796 4046 ἀνατίθησιν
1842 3977 1974 4049 ἰερῷ
2003 3997 2112 4032 τινι

537 4064 709 4133 τόπῳ,
738 4063 1036 4133 έχωνμαύτδ
1060 4065 1120 4117 οὐ
1152 4066 1312 4134 μόνον
1341 4067 1477 4137 πρὸς
1497 4065 1794 4136 θεραπείαν
1822 4072 2108 4140 σωμάτων,

542 4153 680 4207 ἀ).λά
714 4156 808 4208 καί
834 4156 945 4209 τῶν
982 4155 1171 4225 ψυχῶν
1200 4156 1308 4209 τῶν
1331 4158 1387 4209 ὲν
1426 4155 1563 4227 οἴκῳ
1591 4161 1683 4211 καὶ
1710 4160 1822 4213 τῶν
1855 4161 2114 4229 γειτόνων

542 4246 725 4300 αὐτῶν
765 4246 861 4298 καὶ
900 4246 1007 4300 τῶν
1051 4247 1261 4315 ἀλόγων
1306 4248 1567 4311 πολλάκις
1623 4248 1800 4317 ζώων,
1838 4250 1875 4305 ἃ.
1904 4251 1968 4322 δὴ
2019 4256 2113 4307 καὶ

543 4336 789 4405 φυσικῶς
811 4353 942 4391 ποτε
976 4338 1308 4404 κενωθέντα,
1345 4343 1392 4392 εί
1420 4340 1660 4410 καθαρὸς
1693 4343 1853 4410 μόνον
1882 4343 2112 4408 ἕκαστος

2212 3162 2410 3217 ﬂuctus
2451 3161 2654 3216 habeat
2679 3201 2694 3228 ,
2730 3158 3056 3216 crassiorem
3094 3172 3257 3227 quam
3303 3157 3417 3209 hazc
3458 3154 3768 3224 qualitatem

2215 3255 2460 3326 praefert,
2493 3269 2598 3311 nec
2626 3261 2685 3309 ut
2714 3254 2818 3308 alia
2851 3251 3227 3307 humidiorum
3262 3249 3622 3303 sicciorumve
3656 3260 3773 3315 ηοιε

2215 3347 2271 3402 in
2303 3355 2452 3403 terra
2485 3347 2568 3402 vel
2596 3346 2743 3401 circa
2769 3345 2917 3399 illam
2949 3353 3114 3407 sunt,
3149 3339 3307 3395 alteri
3355 3339 3449 3393 ulli
3498 3337 3729 3392 similem
3754 3376 3769 3400 ,

2214 3453 2313 3493 nec
2342 3438 2510 3492 talem
2541 3438 2704 3492 etiam
2748 3436 2967 3506 qualem
3002 3432 3108 3487 alia
3138 3447 3259 3503 quat
3286 3439 3403 3485 arte
3430 3428 3573 3483 facta
3607 3438 3731 3483 sunt
3753 3466 3769 3491 ,

2216 3528 2435 3583 habent.
2458 3527 2692 3583 Carnem
2720 3542 2845 3584 esse
2902 3526 3078 3589 dicas,
3110 3525 3270 3593 idque
3290 3521 3644 3577 nihilominus
3663 3534 3772 3573 non

2215 3620 2410 3688 magis,
2441 3635 2606 3688 quam
2636 3633 2725 3674 res
2758 3619 3032 3682 diversas,
3062 3631 3170 3669 non
3197 3622 3407 3668 tantum
3435 3628 3551 3683 quae
3580 3619 3775 3680 paratae

2215 3706 2283 3761 ab
2311 3708 2544 3762 artiﬁcio
2578 3717 2730 3774 sunt,
2779 3720 2967 3761 verum
3000 3706 3165 3759 etiam
3213 3718 3335 3773 qua:
3383 3703 3702 3757 naturaliter
3743 3717 3776 3756 a

2217 3797 2331 3852 Deo
2358 3799 2739 3868 producuntur
2767 3796 3159 3867 productaeque
3201 3802 3366 3859 sunt,
3400 3793 3602 3848 bonum
3630 3809 3777 3863 spar~

2217 3905 2344 3958 gere
2394 3888 2619 3945 odorem
2648 3930 2663 3955 ,
2709 3897 2796 3945 est
2846 3888 3182 3951 mirandum,
3213 3900 3278 3939 ac
3308 3884 3500 3941 merito
3534 3886 3772 3956 quidem.

2215 3979 2356 4035 Deus
2390 3982 2533 4036 enim
2567 3981 2771 4035 bonum
2804 3980 3027 4049 quidem
3067 3980 3292 4036 odorem
3325 3979 3602 4034 communi
3636 3976 3776 4032 dono

2213 4072 2470 4128 omnibus
2506 4073 2747 4143 gratuito
2781 4076 2893 4138 dat,
2919 4088 3160 4144 praesens
3189 4083 3371 4127 autem
3401 4081 3735 4139 unguentum
3759 4109 3774 4131 ,

2214 4179 2281 4217 ex
2322 4164 2413 4219 illo
2443 4179 2641 4236 nempe
2681 4164 2931 4231 eﬂluens,
2961 4165 3011 4220 ei
3044 4165 3139 4235 qui
3190 4162 3419 4219 certavit
3450 4177 3550 4232 pro
3574 4160 3780 4216 meritis

2215 4253 2464 4323 largitur.

2282 4343 2465 4398 45.1d
2518 4359 2648 4400 vero
2701 4354 2910 4416 martyr
2951 4344 3232 4400 laboribus
3270 4345 3408 4409 suis,
3457 4344 3600 4399 haud
3650 4360 3782 4414 pura

541 4429 692 4497 αὐτῷ
738 4430 914 4498 χρῷτο
962 4431 1147 4483 σκεύει
1182 4431 1240 4482 έν
1273 4434 1339 4502 τῇ
1379 4434 1568 4504 μνήμῃ
1600 4433 1694 4485 τοῦ
1731 4432 2034 4506 μάρτυρος,
2071 4434 2105 4487 ἃ

2221 4435 2623 4502 benevolentia,
2660 4437 2880 4507 accipit.
2919 4437 2994 4492 Ac
3026 4448 3387 4508 unguentum,
3420 4435 3513 4490 ubi
3546 4438 3688 4499 exit,
3725 4437 3781 4490 in

540 4517 633 4570 τοῦ
675 4518 954 4587 θαύματος
980 4521 994 4573 l
1032 4520 1209 4591 μύρου
1253 4522 1448 4586 σκεῦος
1475 4523 1706 4577 ἕκαστον
1731 4525 1892 4587 εὐθὺς
1923 4527 2107 4594 γέμει,

540 4609 731 4678 ὥσπερ
784 4604 854 4678 ἦν
901 4610 994 4661 ἀπ’
1049 4611 1242 4680 ἀρχῆς.
1286 4612 1351 4664 Τί
1381 4613 1573 4664 τούτου
1616 4612 1801 4680 μεῖζον
1859 4613 1893 4683 ἢ
1929 4612 2110 4684 ίσονῆ

541 4700 710 4767 ἐγγὺς
763 4699 961 4767 γένοιτ’
1017 4699 1084 4753 ἀν
1134 4718 1306 4768 ato-re;
1362 4702 1558 4764 Παῖδες
1593 4702 1865 4773 Ἑλλήνων
1916 4708 2109 4771 ἄγουσι

540 4791 735 4859 λίμνας
763 4790 857 4843 καὶ
888 4790 1074 4858 πηγὰς
1101 4791 1219 4860 ἅμα
1257 4791 1425 4860 ἀλλην
1470 4792 1645 4854 ἄλλως
1684 4792 1813 4846 ἄλλο
1842 4795 2114 4863 κεκτημέ-

547 4898 647 4951 νην
676 4882 739 4933 τὸ
771 4879 978 4950 θαῦμα.
1013 4882 1186 4950 Είπερ
1219 4881 1313 4933 οῦν
1353 4882 1414 4933 οὐ
1448 4880 1706 4950 μῦθόςογε
1737 4883 1806 4936 τὰ
1844 4883 2113 4952 λεγόμενα

542 4972 691 5031 τότε.
736 4971 922 5042 μεῖζον
955 4972 1180 5025 ἐκείνων
1218 4972 1355 5025 πολὺ
1386 4973 1447 5026 τὸ
1478 4975 1675 5044 παρόν.
1722 4973 1877 5027 Ἐπεὶ
1919 4976 1976 5026 δὲ
2017 4976 2112 5029 καὶ

547 5059 739 5130 μῦθος,
788 5061 863 5122 ὡς
912 5059 1127 5130 ἔμοιγε,
1155 5058 1316 5112 τοῦτο
1363 5060 1500 5129 πρὸς
1533 5062 1690 5115 σκιάν
1715 5060 1860 5114 ὲστιν
1886 5060 2114 5129 ἀλήθεια

544 5151 756 5222 φανερά
807 5152 903 5207 καὶ
956 5152 1194 5221 πρᾶγμα
1241 5150 1551 5222 θαυμάσιον
1604 5153 1787 5214 αὐτοῖς
1819 5152 2113 5221 θεωμένοις

544 5245 649 5299 καὶ
691 5245 807 5306 τοῖς
852 5242 1118 5297 ἀκούουσι
1160 5244 1341 5312 θέαμα
1380 5245 1475 5297 καὶ
1511 5244 1633 5297 οὐδὲ
1665 5243 2113 5314 παραϐάλλεσθαι

547 5335 843 5405 δυνάμενον
880 5335 1027 5405 ἄλλῳ
1054 5351 1068 5366 θ
1101 5337 1197 5389 καὶ
1250 5336 1304 5388 τί
1335 5336 1481 5402 λέγω
1535 5334 1646 5388 τῶν
1697 5337 1828 5406 περὶ
1865 5336 1965 5405 τὴν
2011 5336 2115 5404 γῆν

548 5426 831 5492 ιξαισίων,
880 5427 1014 5479 ὅπου
1056 5441 1120 5493 γε
1172 5427 1265 5479 καὶ
1304 5425 1413 5480 τῶν
1454 5428 1519 5479 ὲκ
1557 5426 1694 5479 Θεοῦ
1731 5427 1897 5483 πάλαι
1952 5444 2113 5497 τερα-

544 5518 957 5590 τουργηθέντων
1001 5518 1151 5572 ἐστὶν
1182 5519 1282 5571 οὐκ
1325 5518 1582 5583 ἐλαττονς
1620 5517 1706 5587 Μὴ
1744 5519 2116 5588 πεμπέτωσαν

545 5611 778 5666 ὶνταῦθα
801 5612 1046 5680 γλῶτταν
1100 5612 1389 5681 αἰρετικοί,
1418 5611 1553 5682 μηδὲ
1591 5610 1968 5681 μιμείσοωσαν
1996 5611 2114 5663 δαί-

552 5716 742 5770 μονας.
799 5702 983 5774 Ὀμῶς
1046 5700 1370 5758 ἀδυνατοῦσι
1418 5703 1762 5773 πλασάμενοι
1814 5702 1910 5765 τὰς
1965 5702 2112 5759 ἀντι-

2212 4527 2347 4581 duas
2378 4528 2743 4597 scaturrigines
2778 4528 3057 4592 dividitur,
3090 4543 3226 4599 quas
3256 4535 3311 4583 et
3338 4528 3452 4583 tubi
3484 4527 3782 4597 excipiunt,

2208 4617 2435 4688 jamque
2488 4617 2713 4672 ﬂuidum
2759 4618 3015 4673 cﬂecturit
3060 4619 3113 4672 in
3154 4619 3423 4684 sublime,
3473 4633 3537 4672 ac
3571 4618 3618 4671 si
3664 4617 3787 4686 quis

2214 4708 2349 4763 illud
2379 4724 2409 4763 e
2442 4709 2563 4764 loco
2587 4708 2834 4763 infcriori
2867 4709 3155 4779 propellat,
3179 4709 3455 4774 attollunt,
3486 4720 3786 4778 contraque

2211 4806 2483 4863 naturam,
2510 4799 2653 4867 quod
2694 4813 2857 4864 grave
2887 4807 2993 4863 est,
3030 4813 3252 4852 sursum
3301 4797 3472 4853 fertur
3509 4813 3525 4862 ;
3556 4812 3788 4867 cumque

2213 4888 2279 4942 ad
2313 4889 2500 4959 templi
2543 4888 2827 4957 planitiem
2864 4890 3149 4959 pervenit,
3194 4887 3340 4944 illico
3375 4889 3635 4958 quiescit,
3676 4903 3784 4941 am-

2212 4980 2390 5049 boque
2434 4980 2488 5033 in
2518 4980 2712 5034 eodem
2750 4989 2896 5035 statu
2933 4980 3048 5036 tubi
3078 4988 3439 5050 permanent,
3471 4980 3628 5048 quasi
3670 4994 3791 5048 ηοω

2218 5078 2482 5125 concreta
2530 5079 2660 5124 sunt
2691 5110 2705 5134 ,
2741 5069 3063 5125 contineant
3087 5110 3101 5134 ,
3133 5078 3228 5124 aut
3256 5069 3419 5124 etiam
3451 5069 3607 5137 quasi
3643 5078 3790 5123 retro

2214 5161 2384 5216 missa
2416 5176 2480 5215 ac
2512 5175 2784 5230 repressa,
2818 5176 2939 5231 qua:
2969 5176 3066 5231 per
3097 5161 3302 5216 factum
3334 5161 3400 5215 ad
3426 5170 3609 5230 partes
3639 5168 3792 5214 ante-

2214 5254 2388 5307 riores
2420 5252 2717 5307 decursum
2745 5252 2919 5315 ﬂeret,
2954 5253 3365 5307 evacuationem
3391 5252 3619 5306 habenis
3651 5266 3791 5320 quo-

2214 5344 2511 5400 dammodo
2544 5344 2852 5400 inhibeant.
2894 5342 3310 5416 Unguentorum
3344 5344 3489 5414 pleni
3522 5357 3648 5396 cum
3681 5344 3795 5397 sint

2213 5437 2357 5504 tubi,
2388 5436 2588 5506 gaudio
2621 5436 2840 5506 quidem
2872 5452 3111 5507 semper,
3148 5436 3239 5507 qui
3273 5437 3490 5495 haurit.
3533 5433 3790 5497 aﬂicitur,

2214 5528 2309 5582 sed
2342 5538 2680 5597 unguentum
2713 5525 2857 5581 haud
2911 5527 3129 5595 minuit,
3179 5527 3235 5581 id
3276 5525 3538 5588 extrahit,
3565 5522 3662 5578 sed
3695 5520 3795 5576 de-

2215 5626 2463 5668 crescere
2499 5613 2645 5667 haud
2700 5612 2855 5680 facit,
2905 5615 3161 5684 percipit,
3211 5630 3490 5685 sanusque
3535 5612 3793 5668 eﬂicitur.

2216 5702 2393 5773 Atque
2425 5703 2478 5761 id
2524 5704 2772 5776 quidem,
2809 5706 2955 5778 quod
2989 5706 3180 5776 eﬂluit,
3215 5706 3485 5765 inﬁnitqu
3516 5705 3630 5762 fere
3666 5709 3797 5766 est;
