4090 6384
416 338 557 403 1425

1081 328 1288 395 ORDO
1326 327 1603 392 RERUM
1636 326 1811 397 QUAS
1857 325 1934 387 [Ν
1971 325 2124 391 HOC
2158 325 2368 390 TOMO
2405 329 2981 394 CONTINENTUR.

3516 324 3659 391 1426

410 450 516 523 piis
541 449 688 505 enim
721 442 1002 510 omnibus,
1030 448 1090 497 ut
1116 446 1370 513 quisque,
1403 447 1668 511 quantum
1703 437 1976 502 voluerit,
2007 440 2053 496 A
2085 437 2201 495 haec
2235 439 2299 494 de
2346 438 2455 494 illis
2489 439 2696 497 dixisse
2726 439 2884 496 nobis
2920 434 3152 493 sulIiciat
3173 476 3187 501 ,
3218 434 3479 506 quoniam
3516 437 3560 490 si
3591 450 3655 489 ea

413 539 649 610 accipiat
670 576 688 605 ,
722 548 807 593 est
840 537 1068 601 datum;
1115 533 1239 590 fons
1282 543 1464 588 autem
1500 538 1684 586 manet
1714 530 1982 585 inexhau-

414 640 553 697 stus,
585 644 686 686 inec
723 628 833 683 ulla
868 643 934 683 ex
968 635 1124 697 parte
1161 626 1483 681 imminutus
1515 634 1758 694 apparet,
1794 631 1987 693 estque

419 737 526 777 non
559 720 666 791 piis
699 720 986 784 duntaxat,
1020 718 1114 773 sed
1152 717 1335 788 impiis
1364 716 1526 770 etiam
1554 714 1808 768 omnibus
1837 729 1989 784 pere-

412 813 628 883 grinum
657 809 1055 880 spectaculum.
1082 807 1199 862 Etsi
1227 806 1374 861 enim
1414 805 1540 874 quis
1570 803 1862 859 haereticus
1895 810 1989 856 aut

416 902 511 957 Dei
542 902 801 956 inimicus
829 901 939 965 sit,
972 900 1081 955 tale
1114 898 1375 968 unguenti
1405 910 1575 965 opus,
1619 894 1778 961 cujus
1811 893 1989 963 palam

413 1004 497 1050 est
524 994 696 1064 gloria
721 1033 736 1058 ,
771 992 1150 1061 blasphemare
1179 989 1404 1044 omnino
1435 1002 1542 1042 non
1592 992 1790 1055 potest.
1832 980 1989 1049 Quod

419 1098 599 1142 autem
627 1086 801 1156 majus
827 1093 933 1150 est,
969 1098 1071 1138 nec
1099 1080 1166 1136 ad
1208 1080 1353 1135 dicta
1384 1081 1854 1149 comparationem
1889 1075 1992 1129 ba-

415 1179 504 1232 het
529 1215 545 1242 ,
576 1192 699 1231 cum
745 1190 873 1229 vasa
905 1173 1152 1244 quaedam
1185 1187 1216 1227 e
1256 1172 1399 1227 tubis
1438 1169 1645 1225 fuerint
1693 1164 1991 1240 unguentis

417 1267 664 1338 impleta,
691 1274 854 1336 atque
888 1280 917 1319 a
950 1264 1057 1335 piis
1084 1263 1508 1332 quibuscunque
1529 1260 1755 1316 domum
1787 1260 1989 1323 delata,

417 1361 472 1414 in
509 1361 628 1414 loco
666 1359 902 1427 quodam
947 1370 1111 1412 sacro
1159 1370 1391 1426 quaique
1422 1355 1746 1423 deponunt,
1787 1368 1851 1409 ea
1887 1368 1993 1408 non

419 1461 630 1507 tantum
668 1450 733 1505 ad
763 1464 1054 1519 corporum
1081 1487 1099 1515 ,
1134 1462 1321 1503 verum
1347 1448 1510 1502 etiam
1549 1446 1858 1501 animarum
1901 1443 2017 1511 do-,

416 1540 773 1594 mesticorum
815 1538 1234 1608 viclnorumque
1268 1550 1522 1599 suorum,
1550 1536 1629 1590 uti
1659 1545 1715 1590 et
1750 1550 1895 1605 saepe
1925 1535 1992 1593 ad

421 1631 737 1686 animalium
779 1629 1204 1695 irrationalium,
1251 1629 1594 1683 enrationem
1643 1627 1993 1685 adhibentes.

420 1723 560 1777 Cum
612 1737 744 1777 vero
801 1723 1079 1777 exinanita
1134 1721 1223 1775 illa
1283 1720 1608 1775 naturaliter
1657 1718 1889 1785 fuerint,
1946 1717 1989 1773 si

426 1817 588 1871 modo
619 1814 939 1885 impollutus
968 1814 1262 1884 quisquam
1301 1827 1429 1868 vase
1479 1812 1572 1869 illo
1619 1812 1675 1867 ln
1726 1812 1990 1882 martyris

425 1905 1002 1961 commemorationem
1037 1913 1257 1972 utatur,
1290 1904 1476 1961 statim
1525 1920 1621 1959 vas
1650 1903 1900 1974 quodque
1935 1904 1992 1966 (ο

420 1996 729 2067 prodigium
752 1997 792 2066 l)
820 2006 1120 2066 unguento,
1144 1997 1224 2051 uti
1251 1995 1319 2052 ab
1352 1994 1509 2050 initio
1543 1994 1739 2057 fuerat,
1768 1994 1990 2064 plenum

422 2089 659 2143 exsistit.
697 2088 843 2154 Quid
890 2088 997 2143 hoc
1035 2087 1233 2158 majus,
1278 2089 1367 2143 vel
1405 2088 1612 2156 aequale
1638 2085 1724 2141 vel
1754 2084 1991 2140 vicinum

427 2196 663 2251 unquam
690 2181 1002 2236 exstiterit?
1030 2179 1233 2251 Stagna
1264 2179 1427 2235 simul
1456 2187 1509 2234 et
1539 2178 1742 2243 fontes,
1760 2191 1993 2248 quorum

422 2274 564 2327 alius
588 2273 734 2327 aliud
765 2272 869 2327 alia
901 2273 1109 2327 ratione
1130 2271 1436 2342 prodigium
1462 2271 1630 2326 fuerit
1652 2270 1993 2339 complexus,

424 2364 631 2420 ethnici
661 2363 962 2419 celebrant.
995 2362 1149 2429 Quod
1185 2364 1229 2417 si
1264 2363 1454 2433 igitur,
1490 2379 1611 2432 quae
1637 2364 1735 2420 abs
1760 2362 1871 2418 illis
1897 2362 1996 2417 aii-

421 2457 644 2526 quando
672 2457 816 2512 dicta
857 2455 1078 2511 fuerunt
1103 2498 1117 2523 ,
1150 2455 1333 2511 fabula
1366 2455 1508 2511 haud
1555 2464 1704 2522 sunt,
1750 2456 1899 2511 hisce
1930 2457 1995 2510 il-

420 2548 540 2615 lud,
567 2548 633 2603 de
657 2562 765 2617 quo
793 2546 1048 2620 praesenti
1079 2561 1283 2614 sermo,
1311 2549 1482 2601 multo
1505 2554 1590 2602 est
1620 2546 1823 2616 majus;
1851 2549 1994 2617 quod

426 2640 472 2695 si
508 2647 684 2694 autem
710 2679 725 2706 ,
764 2649 823 2694 ut
852 2640 987 2694 mihi
1019 2639 1259 2706 videtur,
1295 2636 1481 2694 fabula
1527 2640 1684 2706 sint,
1725 2640 1858 2695 illud
1896 2656 1995 2712 pro

426 2729 621 2785 umbra
646 2730 934 2791 manifesta
957 2740 1039 2786 est
1066 2732 1297 2797 veritas,
1328 2746 1548 2801 resque,
1572 2747 1695 2802 quae
1725 2732 1993 2802 ipsismet,

428 2823 802 2893 spectaculum
870 2823 1219 2878 cernentibus
1277 2823 1737 2894 audientibusque
1780 2825 1852 2880 sit
1900 2825 1998 2879 ad-

430 2912 701 2979 miranda,
726 2928 829 2968 nec
853 2915 1009 2968 alteri
1034 2914 1343 2985 comparari
1371 2923 1559 2985 queat,
1579 2929 1666 2982 ac,
1692 2916 1822 2986 quid
1850 2916 1995 2980 dico,

428 3004 497 3059 iis
526 3020 646 3075 qua:
673 3020 705 3060 a
733 3015 875 3062 terra
905 3015 1034 3061 sunt
1071 3008 1350 3077 producta,
1391 3007 1722 3078 insignibus,
1751 3009 1999 3079 quando-

2090 530 2143 585 in
2175 531 2343 587 latum
2378 547 2810 589 commemorare
2835 533 3187 599 voluerimus,
3212 531 3319 586 vita
3343 528 3487 585 haud
3515 528 3658 584 suai-

2089 622 2243 679 ciens
2282 623 2352 677 sit
2386 622 2603 691 futura;
2651 624 2834 680 omnis
2883 623 3025 678 enim
3081 621 3150 677 ad
3206 620 3465 692 martyris
3517 619 3659 674 cele-

2089 715 2299 771 branda
2337 716 2597 772 miracula
2644 724 2727 772 est
2764 716 2966 779 brevis,
3021 714 3148 785 quia
3191 723 3245 768 tn
3274 753 3289 778 ,
3326 728 3359 767 ο
3408 711 3658 766 mirande

2092 822 2156 862 ac
2190 809 2386 864 eximie
2434 808 2711 876 Demetri,
2748 809 3015 879 stupende
3041 807 3247 862 Christi
3284 806 3465 871 miles,
3510 818 3653 871 saepe

2094 898 2235 953 hanc
2266 900 2538 956 civitatem
2565 918 2632 959 ex
2663 901 3093 972 alienigenarum
3120 899 3371 953 manibus
3399 896 3658 958 liherasti,

2093 989 2445 1059 optimusque
2480 993 2797 1047 morborum
2835 993 3178 1047 diversorum
3216 989 3462 1045 medicus
3492 986 3661 1040 exsti-

2094 1078 2229 1145 tisti,
2262 1080 2589 1149 generisque
2628 1081 2799 1136 nostri
2830 1097 2889 1135 es
2927 1081 3205 1135 misertus.
3235 1079 3361 1133 ideo
3383 1086 3436 1132 te
3469 1091 3660 1145 preca-

2097 1185 2241 1235 mur,
2294 1179 2347 1225 et
2392 1186 2538 1226 nunc
2590 1173 2771 1228 adhuc
2802 1171 2934 1226 illud
2959 1212 2972 1236 ,
3004 1172 3145 1239 quod
3173 1171 3338 1241 jacet,
3371 1169 3538 1238 erige,
3574 1181 3661 1232 ac,

2094 1269 2240 1337 quod
2274 1281 2432 1335 Opem
2474 1267 2750 1335 implorat,
2786 1264 2980 1331 libera,
3016 1264 3397 1332 laborantique
3428 1261 3509 1316 fer
3532 1276 3664 1330 sup-

2094 1361 2292 1431 petias.
2330 1360 2677 1428 Tempestate
2712 1359 2980 1428 jactatnm
3016 1366 3197 1412 statue
3232 1358 3287 1412 in
3324 1360 3481 1425 portu
3516 1360 3666 1406 tran-

2095 1452 2285 1521 quillo,
2320 1451 2683 1505 Barbarorum
2713 1451 2836 1518 igne
2867 1450 3104 1504 deﬁxum
3139 1457 3230 1502 tua
3289 1446 3467 1511 adhuc
3515 1442 3665 1497 heni-

2097 1545 2304 1610 gnitate
2335 1544 2485 1599 solve
2513 1582 2527 1606 ,
2560 1541 2986 1611 eorumdemque
3025 1541 3306 1595 furoribus
3356 1535 3661 1605 deﬂagrans

2099 1651 2222 1690 rore
2252 1644 2347 1690 tuo
2377 1634 2668 1690 calescenti
2707 1648 2839 1690 sana
2862 1673 2877 1699 ,
2926 1632 3219 1702 omniaque
3263 1631 3319 1685 in
3351 1632 3656 1684 animarum

2098 1726 2260 1783 simul
2298 1740 2363 1781 ac
2392 1742 2680 1796 co'rporum
2734 1734 3047 1781 nostrorum
3097 1722 3385 1780 curatione
3438 1720 3524 1775 tae
3570 1734 3664 1786 per

2094 1835 2284 1892 preces
2347 1819 2715 1879 immaculata
2777 1816 2964 1871 Matris
3032 1816 3249 1870 Domini
3306 1815 3479 1870 nostri
3533 1810 3664 1867 Jesu

2095 1915 2321 1980 Christi,
2348 1914 2439 1973 cui
2475 1914 2731 1968 convenit
2766 1912 2964 1982 gloria,
3004 1912 3212 1976 virtus,
3242 1910 3422 1964 honor
3449 1916 3504 1960 et
3536 1903 3668 1959 ado-

2097 2009 2240 2063 ratio
2273 2006 2329 2060 in
2362 2006 2557 2062 saecula
2585 2004 2933 2060 saeculorum.
2962 2004 3156 2057 Amen.
3199 2019 3220 2050 ι
3254 2000 3532 2055 llactenus
3564 1995 3667 2049 Dc-

2095 2100 2326 2157 metrius
2371 2097 2732 2168 Chrysoloras
2766 2095 3043 2159 laudatus,
3080 2095 3173 2166 qui
3203 2107 3326 2148 cum
3353 2130 3370 2156 ,
3401 2098 3460 2144 ut
3495 2102 3661 2159 supra

2095 2193 2294 2258 docui,
2348 2192 2559 2247 saeculo
2589 2191 2783 2261 quinto
2832 2190 3045 2245 decimo
3098 2188 3366 2253 ﬂoruerit,
3419 2186 3666 2251 imoque,

2096 2300 2220 2354 quae
2268 2284 2452 2338 verbis
2496 2282 2607 2351 jam
2660 2279 2907 2337 recitatis
2957 2279 3330 2344 continentur,
3390 2274 3669 2330 memoriae

2096 2371 2312 2441 prodat,
2346 2382 2475 2426 tunc
2504 2384 2640 2426 sane
2673 2369 2959 2440 unguenti,
2991 2368 3225 2422 maxima
3252 2368 3409 2436 cepia
3443 2365 3669 2420 esancti

2102 2462 2361 2516 Demetrii
2412 2476 2643 2530 corpore
2696 2460 3089 2526 scaturientis,
3132 2460 3439 2530 prodigium
3490 2459 3670 2512 adhuc

2103 2554 2431 2619 obtinuisse,
2471 2554 2841 2609 indubitatum
2878 2554 3079 2609 evadit.
3118 2552 3229 2607 Nec
3260 2553 3361 2607 hoc
3399 2563 3607 2605 tantum
3638 2564 3669 2604 e

2103 2646 2349 2703 recitatis
2383 2646 2721 2716 Chrysolorae
2745 2645 2926 2701 verbis
2947 2645 3238 2709 discimus,
3261 2658 3447 2699 verum
3479 2641 3667 2706 etiam,

2104 2736 2182 2789 uti
2215 2736 2331 2790 haec
2354 2734 2686 2805 expendenti
2720 2742 2982 2804 patescet.
3015 2742 3207 2788 notatu
3239 2732 3378 2786 satis
3400 2731 3563 2800 digna
3596 2730 3664 2785 de

2101 2825 2415 2896 prodigiose
2438 2825 2613 2883 sancti
2645 2823 2901 2879 Demetrii
2938 2831 3213 2892 unguento
3240 2821 3343 2877 alia
3380 2820 3668 2884 nonnulla,

2101 2934 2337 2989 quorum
2374 2918 2589 2973 interim
2642 2918 2799 2972 tidem
2830 2931 2996 2986 penes
3029 2925 3306 2970 auctorem
3346 2921 3492 2969 stare
3522 2913 3665 2967 volo.

2102 3010 2297 3067 Utrum
2326 3026 2512 3080 porro,
2543 3008 3023 3066 Thessalonicensi
3053 3004 3235 3063 Sancti
3272 3007 3474 3077 templo
3504 3006 3559 3061 in
3597 3007 3675 3062 i‘a-

427 3095 644 3165 quidem
674 3105 728 3151 et
757 3098 847 3164 iis,
894 3114 1014 3168 quae
1046 3115 1076 3153 a
1112 3100 1223 3156 Deo
1252 3099 1383 3156 olim
1421 3098 1577 3155 fuere
1605 3108 1842 3169 patrata,
1874 3115 2000 3172 pro-
2021 3113 2067 3176 α
2098 3120 2230 3159 num
2263 3103 2557 3158 Turcicum
2580 3141 2595 3165 ,
2630 3110 2690 3156 ut
2723 3115 2887 3171 supra
2920 3100 2974 3153 in
3006 3100 3415 3155 Commentario
3447 3100 3670 3169 praevio,

428 3186 590 3257 digiis
613 3187 757 3242 haud
786 3190 859 3243 sit
885 3189 1110 3245 minus?

2102 3212 2255 3252 num.
2287 3196 2356 3251 92
2385 3195 2587 3259 docui,
2633 3195 2747 3265 jam
2782 3207 3048 3247 converso
3072 3230 3088 3257 ,
3123 3191 3451 3261 stupendum
3486 3192 3674 3246 admo-

496 3278 586 3334 46.
624 3295 647 3331 ι
688 3278 956 3350 Linguam
1007 3281 1168 3350 igitur
1205 3281 1295 3336 hic
1328 3282 1473 3336 haud
1525 3292 1783 3339 moveant
1828 3282 2002 3338 baere-
2100 3286 2254 3353 dum,
2290 3287 2436 3356 quali
2466 3287 2629 3342 etiam
2666 3285 2758 3340 alii
2788 3283 2973 3338 Sancti
3009 3283 3255 3337 nonnulli
3294 3281 3456 3335 modo
3489 3280 3669 3334 adhuc

430 3372 542 3438 tici,
570 3389 671 3429 nec
707 3376 984 3433 daemones
1011 3377 1316 3433 imitentur.
1359 3376 1572 3433 Causas
1601 3379 1905 3448 oppositas,
1939 3389 1997 3437 ut

430 3462 571 3531 pios,
610 3466 1071 3532 quemadmodum
1110 3470 1350 3537 primum
1386 3469 1664 3522 hominem
1697 3469 1993 3537 daemones,

429 3553 725 3624 decipiant,
770 3556 1033 3627 tingentes
1085 3558 1230 3614 haud
1282 3577 1436 3631 teque
1476 3560 1870 3631 praevalebunt.
1919 3561 2000 3618 Ne

433 3645 601 3711 igitur
631 3647 1033 3716 qualiscunque
1067 3649 1231 3702 etiam
1264 3652 1371 3716 sit,
1408 3653 1761 3706 conticescet.
1799 3650 1997 3705 Verum

2100 3379 2274 3435 aDeo
2309 3378 2663 3436 condecorari
2720 3376 2918 3432 olimve
2972 3385 3118 3430 certe
3172 3373 3521 3429 condecorati
3575 3387 3673 3425 no.

2102 3484 2356 3536 scuntur,
2389 3469 2647 3527 stillantis
2677 3484 2773 3524 seu
2807 3467 3161 3524 scaturientis
3191 3466 3344 3533 copia
3379 3464 3612 3520 maxima
3644 3477 3675 3517 e

2108 3559 2365 3617 Demetrii
2423 3575 2653 3630 corpore
2711 3559 2973 3627 unguenti
3033 3555 3340 3625 prodigium
3409 3554 3678 3625 hodieque

2104 3661 2436 3722 perseveret,
2467 3660 2807 3721 compertum
2838 3649 2980 3704 haud
3018 3648 3211 3703 habeo.

433 3793 3670 3837 Μ

1444 3903 1931 4019 OBDO
2003 3904 2656 4017 REBUM

951 4092 1231 4195 OUZE
1310 4092 1437 4181 IN
1521 4090 1764 4185 HOC
1835 4090 2175 4186 TOMO
2249 4090 3167 4185 CONTINENTUR.

747 4345 1035 4404 SIMEON
1076 4348 1682 4409 METAPHRASTES.

494 4463 657 4512 \‘tl‘E
688 4461 1068 4513 SANC'l‘ORUlt
1090 4464 1461 4528 (continuatio).

493 4543 723 4595 MENSIS
746 4543 1112 4595 ΝονεισιδΕιι.

497 4627 584 4693 pie
606 4628 655 4693 2_.
683 4628 965 4693 gartyrium
988 4626 1361 4693 SS.‘A_cin_d_yni_,
1386 4629 1583 4693 Pegasii
1599 4633 1651 4681 et
1668 4627 1930 4682 sociorum.
1970 4632 2004 4683 9

490 4689 588 4738 Die
619 4688 665 4736 ὁ.
693 4688 804 4736 Vita
836 4689 889 4737 S.
924 4687 1165 4737 Joannicii
1191 4689 1397 4739 abbatis.
1462 4687 1485 4693 ⁷
1941 4693 2004 4743 55

498 4750 589 4817 Qte
606 4751 663 4817 ζ».
680 4750 808 4817 _Vita
834 4750 922 4817 SS.
957 4750 1330 4817 Galactioniset
1355 4749 1656 4817 Epistemes.
1913 4754 1997 4817 3;

494 4808 585 4857 Die
606 4811 653 4857 7.
680 4809 961 4869 Martyrium
985 4811 1037 4859 8,
1069 4808 1299 4858 Hieronis
1318 4817 1372 4858 et
1398 4808 1656 4860 sociorum.
1908 4812 1998 4862 109

496 4869 589 4918 Die
610 4872 657 4917 ε).
690 4869 976 4927 Martyrium
1000 4872 1055 4918 S.
1076 4870 1291 4919 Orestis.
1905 4872 1997 4922 119

494 4931 588 4981 Die
621 4931 690 4978 15.
719 4933 1001 4985 Martyrium
1024 4931 1115 4979 SS.
1139 4932 1330 4986 (iuriae.
1355 4932 1577 4982 Samaria
1600 4939 1654 4982 et
1677 4932 1841 4985 Abibi.
1908 4934 1996 4984 127

494 4994 581 5042 Die
606 4994 682 5041 22.
710 4992 818 5040 Vita
838 4992 889 5040 S.
914 4991 1123 5041 Ceciliae
1142 5000 1195 5040 et
1214 4992 1477 5042 sociorum.
1906 4995 1997 5044 163

494 5054 583 5102 Die
607 5055 684 5102 23.
714 5051 825 5101 Vita
851 5054 903 5101 S.
935 5056 1208 5103 Clementis
1232 5052 1479 5113 martyris.
1910 5055 1999 5104 179

490 5113 585 5178 Die
612 5117 688 5178 23.
709 5113 830 5178 _\_’_ita
850 5113 1174 5178 _S._{iregorii
1199 5114 1537 5178 Agrigentini.
1906 5115 1997 5166 189

488 5176 583 5225 Die
709 5172 819 5223 Vita
843 5176 893 5223 S.
919 5172 1170 5225 Merc'urii.
1245 5172 1272 5177 ’
1324 5172 1351 5178 ’
1903 5180 1996 5226 269

482 5235 578 5285 Die
602 5236 677 5283 2‘5.
706 5234 813 5284 Vita
837 5236 888 5285 S.
917 5236 1222 5287 Ecaterinae.
1904 5240 1998 5289 2'15

487 5330 1082 5383 MENSISDECEMBEB.

483 5413 575 5463 Die
602 5414 646 5462 4.
672 5413 781 5461 Vita
816 5414 867 5463 8.
896 5415 1139 5465 Barbarae.
1902 5416 1990 5468 501

484 5474 581 5538 Die
611 5478 661 5526 6.
686 5475 793 5538 Vita
822 5476 874 5538 S.
901 5476 1089 5538 Nicolai
1117 5477 1373 5538 Myrensis.
1899 5479 1993 5527 517

484 5536 578 5585 Die
601 5538 649 5598 8.
685 5535 793 5585 Vita
815 5537 866 5585 S.
890 5536 1107 5598 APalapii.
1166 5535 1174 5538 ⁷
1901 5541 1992 5591 557

481 5598 575 5666 l_)ie
602 5597 676 5666 tt).
702 5596 985 5666 gartyrith
1020 5596 1067 5666 S.
1088 5598 1260 5666 liena
1283 5601 1621 5666 etjsoclorum.
1898 5602 1990 5666 ὃὸ]

483 5657 574 5709 Die
601 5659 676 5710 l2.
706 5659 816 5715 Vlla
847 5660 897 5712 S.
926 5660 1234 5725 Spyridonis.
1337 5657 1358 5666 ’
1899 5661 1986 5713 417

2160 4348 2259 4401 Die
2281 4348 2355 4400 15.
2380 4351 2662 4412 Martyrium
2686 4351 2777 4402 SS.
2803 4354 3055 4413 Eustratii,
3078 4354 3313 4404 Auxentii
3340 4361 3390 4404 et
3411 4357 3675 4411 sociorum.

2165 4469 2261 4534 _Die
2282 4470 2676 4534 Atiﬂartyrium
2705 4472 2755 4521 8.
2782 4473 2959 4534 Thyrsi
2996 4480 3043 4521 et
3072 4477 3336 4525 sociorum.

2163 4532 2256 4597 pie
2275 4530 2351 4597 2i.
2378 4531 2660 4597 Martyrium
2687 4535 2739 4583 S.
2761 4530 2961 4583 Thomas
2982 4535 3208 4597 apostoli.
3582 4530 3676 4592 559

2164 4592 2257 4662 Die
2286 4591 2365 4639 23.
2400 4591 2682 4653 Martyrium
2723 4591 3208 4646 sanctorum'decem
3245 4605 3514 4661 martyrum
3551 4591 3671 4652 Cre-

2105 4654 2342 4714 lensium.
2392 4712 2433 4714 __
2580 4712 2587 4714 ἒ
3580 4657 3672 4714 565

2167 4696 2367 4762 "Diei2'3.
2391 4712 2675 4773 Martyrium
2705 4717 2757 4766 8.
2790 4716 3058 4767 Anastasia
3078 4717 3299 4769 Junioris
3329 4726 3382 4771 et
3410 4696 3667 4774 sociarum:

2162 4829 2255 4898 Die
2275 4831 2356 4898 ἓξ.
2383 4833 2666 4898 Martyrium
2691 4836 2739 4885 S.
2774 4839 3025 4898 Eugenim.

2165 4891 2257 4961 Die
2380 4891 2577 4961 fita'S:
2606 4891 3039 4961 Theodori‘Grapti
3578 4891 3670 4955 63::

2170 4953 2259 5021 pie
2280 4954 2357 5021 ῃ.
2380 4955 2454 5021 l_)_e
2477 4957 2740 5021 S.A.lo_a_nne
2764 4953 3088 5021 evangelista.
3577 4953 3670 5015 683

2167 5014 2257 5079 με
2280 5014 2360 5079 aa.
2388 5016 2495 5079 Vita
2523 5018 2575 5067 s.
2606 5014 2824 5067 Marcelli
2849 5014 3264 5073 architnandrita.
3575 5014 3670 5079 705

2162 5075 2257 5141 l_)ie
2288 5076 2367 5141 ξι).
2395 5076 2683 5141 Martyrium
2706 5080 2760 5129 S.
2790 5079 2986 5137 Anysiai
3010 5081 3483 5139 Thessalonicensis.
3578 5075 3668 5141 7i?

2163 5137 2257 5186 Die
2287 5137 2363 5185 3t.
2395 5137 2679 5201 Martyrium
2715 5142 2765 5190 8.
2793 5141 3001 5190 Melana:
3025 5143 3274 5193 Romanis.
3472 5137 3479 5139 ἡ
3573 5137 3671 5201 753

2160 5220 2488 5272 ADDENDA.

2164 5303 2345 5352 Messu;
2367 5306 2654 5355 JANUARIUS.

2161 5364 2253 5427 Die
2287 5366 2362 5412 ΞΟ.
2402 5366 2509 5415 Vita
2545 5367 2596 5416 S.
2623 5367 2895 5418 Sebastiani
2916 5373 2967 5417 et
2987 5366 3249 5418 sociorum.
3575 5376 3668 5427 795

2162 5426 2340 5475 Manus
2370 5427 2687 5476 FannUantUs.

2164 5487 2257 5535 Die
2277 5489 2325 5534 3.
2359 5487 2617 5538 Certamen
2640 5489 2691 5539 S.
2714 5491 2865 5540 Blasii
2893 5496 2946 5540 et.
2967 5492 3233 5541 sociorum.
3572 5497 3663 5546 8l7

2163 5546 2341 5597 Massa
2367 5554 2575 5598 Aratus.

2164 5610 2257 5660 Dic
2290 5611 2366 5658 22.
2391 5611 2654 5662 Certamen
2689 5611 2778 5663 SS.
2802 5611 3105 5677 Acepsima,
3130 5614 3314 5676 Ioseph
3342 5622 3393 5667 et
3417 5614 3662 5727 Ᾱίῖιιιδὲξί
