3906 6136
370 247 433 314 11
1675 245 1960 308 MENSIS
2003 247 2006 306 ζ

2172 239 2444 309 EMBER.
3660 232 3729 306 12

373 397 512 454 nus,
547 385 607 438 et
654 375 919 440 studium
961 383 1053 438 est
1081 375 1229 438 ﬁdes
1259 378 1318 437 in
1349 375 1718 449 Trinitatem,
1759 397 1890 458 qua;
1922 387 2006 442 est

2172 381 2327 456 δευμα
2367 428 2384 454 ,
2424 380 2460 446 in
2516 382 2590 444 εἰς
2649 379 2751 445 τὴν
2809 376 3001 454 Τριάδα
3083 377 3257 439 πίστις
3308 378 3428 434 ἐστί
3495 379 3574 435 τὸν
3638 377 3728 434 ἕνα

364 485 518 528 unus
538 469 717 540 Deus,
737 484 900 545 aquo
924 465 995 526 ad
1024 483 1253 545 omnes,
1282 470 1382 544 qui
1406 471 1570 537 sunt,
1601 467 1862 530 essentia
1894 490 1909 549 ;
1947 479 2005 529 et

364 555 435 617 ad
472 553 685 636 eosqui
716 555 940 625 vivunt,
966 554 1105 626 vita,
1134 563 1458 634 tanquama
1487 553 1651 614 fonte
1679 555 1876 634 aliquo
1901 561 2010 636 pe-'

365 645 562 721 renni,
589 646 904 706 derivatur.
933 645 1072 706 Haec
1104 663 1238 705 cum
1255 643 1574 704 audivisset
1599 651 1902 726 tyrannus,
1932 648 2008 710 Ut

363 733 851 809 videtur,inquit,
881 751 1014 794 mea
1044 732 1278 810 lenitas,
1300 740 1359 793 et
1388 731 1544 812 quod
1581 751 1698 793 non
1723 734 1832 793 sim
1864 753 2005 815 pro-

365 824 532 885 clivis
559 824 631 884 ad
653 823 967 903 supplicia,
990 841 1092 883 vos
1113 821 1375 884 reddidit
1404 829 1792 884 contumaces
1821 833 2003 885 etau-

365 913 544 976 daces
563 913 635 974 ad
658 911 1166 992 respondendum.
1193 911 1348 973 Dixit
1369 928 1507 971 vero
1532 910 1726 971 statim
1743 912 2002 993 Acindy-

366 1021 480 1064 nus
513 1024 526 1062 :
562 1002 840 1075 Quaenam
898 999 1208 1079 responsio
1254 1001 1400 1060 facta
1456 998 1566 1060 fuit
1595 1018 1790 1073 secus,
1826 1021 2002 1082 quam

367 1101 621 1174 oportet,
655 1100 752 1152 aut
782 1089 924 1172 quid
956 1089 1062 1150 tibi
1094 1089 1364 1151 videmur
1397 1107 1513 1149 non
1549 1090 1915 1166 respondere
1946 1103 2008 1152 ut

368 1181 671 1244 convenit?
691 1182 1004 1254 Quoniam,
1033 1178 1371 1256 inquit,alia
1396 1179 2002 1260 respondistis,quam

367 1274 442 1333 de
487 1272 702 1350 quibus
731 1267 919 1328 fuistis
961 1267 1337 1345 interrogati,
1373 1269 1476 1330 sed
1509 1269 1620 1329 nisi
1652 1271 2006 1332 accedentes

365 1361 481 1422 cito
502 1356 995 1428 sacriﬁcaveritis,
1031 1357 1380 1436 poenitentia
1410 1357 1570 1420 ducti
1601 1359 1818 1420 frustra
1843 1361 2006 1421 ﬂebi-

365 1448 725 1510 tis.Sanctus
748 1445 1212 1524 Anempodistus
1228 1446 1420 1507 libero
1445 1446 1759 1508 verborum
1781 1450 2002 1510 ﬂuento

365 1537 510 1598 dixit
537 1543 781 1616 tyranno
819 1556 832 1598 :
868 1533 1190 1611 Oportebat
1238 1535 1505 1614 quidem,
1540 1554 1574 1596 o
1606 1553 1738 1610 rex,
1791 1557 1900 1600 nos
1930 1539 2004 1601 de

365 1627 480 1687 hoc
511 1626 689 1686 verbo
719 1643 794 1685 ne
826 1624 1137 1684 minimum
1174 1625 1275 1704 qui
1301 1643 1417 1685 :em
1468 1626 1863 1708 respondere,
1899 1629 2002 1690 sed

2089 474 2264 541 Θεὸν,
2312 467 2438 548 παρ’
2496 475 2554 525 οὗ
2611 481 2729 530 τοῖς
2789 469 2900 524 οὖσι
2959 472 3086 523 πᾶσι
3145 469 3203 522 τὸ
3269 481 3406 524 εἶναι
3464 470 3551 524 καὶ
3606 469 3726 531 τοῖς

2087 564 2213 631 ζῶσι
2271 565 2327 615 τὸ
2397 564 2514 634 ζῇν,
2563 559 2636 621 ὡς
2694 556 2754 611 ἐκ
2799 579 2939 620 τινος
3015 557 3200 634 πηγῆς
3257 557 3486 628 ἀευζώου
3530 557 3729 638 ἐποχε-

2087 651 2315 711 τεᾶεται,
2350 648 2557 706 Τούτων
2603 649 2629 702 ὁ
2669 647 2916 724 τύραννος
2973 645 3226 725 ἀκούσας,
3275 648 3353 706 ὡς
3407 644 3574 703 ἔοικεν
3626 647 3727 726 ἔφη

2088 741 2149 795 τὸ
2199 738 2434 799 ἐπιεικὲς
2493 738 2670 810 ἡμῶν,
2725 737 2809 792 καὶ
2843 735 2920 809 μὰ
2980 736 3110 813 πρὸς
3153 737 3247 797 τὰς
3303 736 3558 811 βασάνους
3591 738 3730 813 πρὸ-

2838 825 2974 898 ὺμᾶς
3033 826 3120 879 καὶ
3227 828 3438 902 θρασεῖς
3524 824 3739 892 διέθηκε

3223 913 3518 980 Ἀκίνδυνος
3578 915 3704 971 εἶπε
3718 935 3729 947 °

2089 851 2272 908 χειρον
2352 825 2754 904 καταφρονητας

2090 921 2219 987 πρὸς
2280 917 2372 978 τὰς
2449 915 2778 992 ἀποκρίσεις.
2859 910 2918 970 Ὀ
2993 913 3140 990 ἅγιος

2095 1009 2189 1064 Καί
2220 1029 2296 1069 τις
2327 1007 2362 1072 ἡ
2417 1003 2558 1078 παρὰ
2601 1005 2662 1058 τὸ
2723 1000 2839 1059 δέον
2904 1001 3203 1080 ἀπόκρισις,
3259 1001 3287 1068 ἦ
3327 1005 3378 1058 τί
3429 1005 3511 1060 σοί
3553 1003 3733 1062 δοκοῦ-

2089 1118 2185 1164 μεν
2233 1095 2310 1168 μὴ
2374 1093 2754 1170 προσηκόντως
2812 1089 3296 1168 ἁπολογήσασθαις
3370 1090 3527 1172 ”Οτι,
3579 1097 3729 1174 φησὶ,

2090 1188 2239 1261 ἓτερα
2301 1182 2500 1258 μᾶλλον
2570 1180 2604 1247 ἥ
2663 1183 2778 1258 περὶ
2838 1187 2911 1235 ὧν
2962 1183 3276 1258 ἠρωτήθητε
3333 1183 3680 1259 ἀποκρίνασθε
3715 1200 3728 1214 ⁸

2087 1272 2209 1329 ἀλλ’
2268 1275 2313 1328 εἰ
2371 1273 2446 1339 μὴ
2502 1272 2696 1350 τάχιον
2771 1269 3148 1348 προσελθόντες
3207 1271 3412 1352 θύσετε,
3500 1273 3734 1340 ἆνότητα

2090 1361 2508 1438 μετακλαύσεσθε
2543 1404 2556 1420 .
2619 1359 2678 1416 Ὀ
2741 1358 2888 1436 Ξὶγιος
2960 1358 3376 1433 Ἀνεμπόδιστος
3412 1408 3427 1436 ,
3491 1361 3734 1435 ἀνεμπο-

2087 1452 2244 1524 δίστῳ
2302 1451 2519 1526 ῥευματι
2581 1451 2672 1504 τοῧ
2729 1447 2888 1526 λόγου
2954 1450 3082 1525 πρὸς
3144 1450 3232 1505 τὸν
3285 1452 3532 1527 τυραννον
3577 1451 3678 1529 ἔφη
3715 1471 3730 1485 ·
3817 1498 3820 1499 ,

2090 1541 2291 1620 Ἐχρῆν
2350 1541 2447 1614 μὲν
2491 1541 2658 1617 ἡμᾶς,
2712 1540 2754 1592 ὦ
2811 1537 3051 1616 βασιλεῦ,
3115 1538 3241 1609 περῖ
3297 1538 3446 1596 τοὸδε
3488 1549 3582 1598 τοῦ
3627 1541 3732 1620 ῥά-

2091 1653 2305 1710 ματος,
2367 1628 2740 1706 ἀποκρίνασθαί
2786 1649 2866 1683 σοι
2927 1625 3062 1702 μηδέ
3123 1628 3319 1708 βραχὺ,
3397 1629 3532 1687 ἀλλὰ
3611 1639 3739 1711 σιγῇ

365 1713 524 1777 ferre
554 1713 791 1776 silentio
819 1721 976 1774 tuam
1001 1713 1060 1773 in
1085 1731 1192 1774 nos
1223 1714 1645 1776 contumeliam
1682 1735 1695 1776 :
1722 1717 1827 1777 sed
1861 1735 2004 1794 quo-

2172 1742 2186 1772 I
2235 1721 2305 1780 εἷς
2361 1720 2504 1791 ἡμᾶς
2557 1715 2799 1784 ἐνεγκεῖν
2860 1718 3156 1794 παροινίαν·
3218 1719 3333 1774 ἐπεὶ
3389 1717 3444 1774 δὲ
3501 1722 3560 1776 τὸ
3620 1721 3737 1792 ζέον

365 1804 524 1865 niam
549 1805 743 1866 fervor
765 1802 901 1864 fidei
928 1802 988 1862 in
1013 1801 1307 1863 Christum
1333 1822 1450 1864 non
1481 1803 1622 1864 sinit
1647 1823 1751 1865 nos
1777 1815 2000 1882 tacere,

365 1894 505 1956 audi
529 1913 635 1955 nos
665 1895 789 1954 haec
820 1891 927 1954 tibi
954 1890 1224 1952 dicentes
1257 1911 1270 1954 :
1305 1893 1425 1955 Cur
1453 1893 1527 1953 de
1563 1893 1750 1972 patria
1779 1914 2002 1973 genere

367 1993 425 2046 et
466 1984 656 2046 studio
689 1983 923 2044 curiose
950 1980 1407 2062 inquiris?Ha3c
1461 1983 1619 2043 enim
1673 1985 1896 2059 omnia,
1944 1996 2005 2047 ut

365 2073 532 2152 prius
552 2072 928 2152 diximus,est
949 2072 1120 2132 nobis
1134 2071 1392 2133 Trinitas
1411 2072 1678 2133 omnium
1707 2075 2006 2137 architec-

368 2162 541 2225 tatrix
573 2182 588 2242 ;
624 2162 768 2223 deos
796 2167 1016 2240 autem,
1052 2161 1266 2241 quibus
1297 2179 1406 2221 nos
1428 2161 1606 2239 jubes
1635 2164 2000 2239 sacriﬁcare,

366 2269 478 2313 nec
495 2253 910 2323 novimus,nec
932 2257 1069 2311 sunt
1085 2250 1779 2330 omnino.0portetenim
1801 2272 2004 2315 amare

365 2340 1010 2413 veritatem,daemones
1041 2357 1176 2400 vero
1208 2339 1432 2400 scimus
1458 2358 1592 2402 esse
1624 2340 2000 2423 deceptores,

370 2439 428 2491 et
447 2430 666 2491 animis
697 2430 911 2492 afferre
935 2430 1260 2490 interitum.
1296 2427 1565 2501 Quicum
1599 2448 1632 2490 a
1663 2432 1786 2492 Deo
1820 2435 2000 2494 creati

368 2527 655 2594 essent,et
675 2518 747 2580 ab
765 2538 835 2580 eo
859 2517 960 2597 qui
985 2517 1207 2579 fecerat
1227 2517 1610 2592 defecissent,
1640 2520 1758 2598 igni
1788 2529 2006 2582 aeterno

368 2617 506 2670 sunt
535 2610 818 2670 damnati.
845 2606 1156 2685 Tyrannus
1171 2615 1368 2667 autem
1392 2608 1483 2668 his
1506 2607 1578 2668 ad
1611 2608 1759 2669 iram
1785 2629 2008 2673 accen-

369 2699 587 2772 sus,eis
618 2704 872 2760 mortem
905 2694 1644 2758 minaturacerbissimam.
1679 2699 1783 2760 Cui
1815 2701 2005 2762 sancti

369 2787 621 2867 perinde
641 2805 709 2847 ac
740 2786 789 2846 si
818 2786 972 2847 bona
993 2793 1152 2847 esset
1184 2784 1502 2865 pollicitus,
1528 2805 1646 2848 non
1664 2798 1865 2850 autem
1885 2800 2009 2850 tor-

369 2885 569 2938 menta
601 2876 878 2951 minatus,
913 2869 1354 2954 responderunt
1381 2894 1394 2938 :
1423 2876 1531 2937 Vix
1564 2877 1802 2940 tandem
1824 2898 2009 2958 agno-

366 2966 500 3027 visti
529 2965 612 3042 id,
649 2965 804 3046 quod
841 2973 929 3026 est
963 2963 1136 3027 nobis
1167 2965 1312 3027 utile
1341 2973 1399 3026 et
1419 2968 1697 3029 salutare.

447 3144 729 3208 IlI.Tunc
752 3163 890 3223 ergo
915 3143 1091 3224 jubet
1114 3161 1216 3206 eos
1233 3163 1268 3205 a
1291 3149 1544 3225 quatuor
1559 3147 1702 3209 viris
1733 3156 2006 3214 extensos

369 3253 478 3316 per
497 3243 682 3297 totum
717 3252 933 3314 corpus
963 3233 1144 3313 virgis
1175 3235 1343 3295 caedi.
1392 3234 1483 3296 Illi
1517 3244 1717 3298 autem
1752 3257 1886 3300 cum
1919 3249 2007 3300 to-

368 3335 486 3386 tam
513 3333 770 3386 mentem
795 3325 864 3384 ad
887 3323 1072 3384 Deum
1087 3325 1572 3397 sustulissent,ita
1597 3327 1792 3389 affecti
1811 3337 2001 3410 erant,

368 3432 503 3475 cum
538 3415 714 3492 virgis
745 3413 1138 3487 crederentur,
1181 3414 1428 3493 perinde
1459 3433 1526 3475 ac
1566 3415 1614 3476 si
1647 3416 2006 3496 patientibus

367 3503 500 3565 aliis
553 3504 662 3583 ipsi
695 3503 975 3564 adessent
1034 3511 1421 3582 spectatores.
1459 3503 1776 3585 Propterea
1811 3507 2008 3587 plagas

368 3592 610 3669 quidem
640 3591 1021 3669 negligebant
1057 3611 1068 3652 :
1101 3592 1463 3652 conveniens
1493 3603 1687 3654 autem
1710 3597 2006 3658 canticum

366 3683 440 3743 ad
467 3681 655 3743 Deum
691 3681 1048 3761 psallebant,
1085 3681 1388 3742 dicentes:
1433 3706 1459 3737 α
1486 3682 1702 3746 Vidisti
1734 3684 2006 3762 Domine,

369 3789 444 3833 ne
476 3772 672 3845 sileas,
695 3782 752 3831 et
774 3788 848 3830 ne
880 3769 1152 3830 discedas
1174 3789 1205 3830 a
1230 3770 1491 3834 nobisi.»
1529 3773 1757 3836 Deinde
1780 3777 1881 3855 qui
1905 3795 2009 3838 eos

365 3860 723 3939 torquebant
779 3859 1040 3930 lictores,
1077 3858 1344 3921 defessos
1395 3861 1544 3940 jam,
1583 3863 1736 3942 quod
1785 3864 2011 3927 diutius

367 3951 842 4028 producerentur
879 3957 1189 4022 tormenta,
1229 3949 1327 4010 alii
1369 3961 1642 4013 recentes
1676 3954 2002 4032 excipiunt.

367 4040 513 4101 Cum
538 4045 735 4100 autem
761 4039 938 4114 hanc,
969 4057 1099 4119 quae
1123 4046 1248 4100 erat
1272 4059 1451 4120 supra
1485 4041 2012 4115 hominem,vidis-

365 4135 752 4208 settyrannus
776 4136 1097 4208 martyrum
1121 4129 1701 4209 tolerantiam,eteos
1730 4139 2011 4212 tanquam

365 4217 544 4278 inane
591 4217 897 4297 quidpiam
959 4218 1115 4278 ferre
1167 4219 1371 4298 plagas
1403 4220 1553 4280 citra
1599 4220 1892 4302 dolorem,
1953 4223 2013 4283 in

366 4307 982 4386 maximamadductus
997 4306 1450 4369 admirationem
1471 4318 1530 4370 et
1549 4318 1861 4390 correptus
1876 4329 1980 4371 ver
1995 4347 2004 4357 ο

368 4396 574 4476 tigine,
606 4395 801 4458 statim
827 4396 981 4460 cadit
1010 4395 1285 4477 supinus,
1313 4398 1461 4460 adeo
1497 4406 1581 4474 ut,
1616 4399 1717 4480 qui
1741 4401 2006 4475 aderant,

2087 1812 2182 1873 τῆς
2269 1808 2398 1884 πρὸς
2485 1811 2707 1882 Χριστοῦ
2787 1804 3013 1867 πίστεως
3097 1807 3192 1862 οὒκ
3255 1804 3522 1882 ἐπιτρέπει
3583 1815 3738 1886 σιγᾷν

2085 1897 2297 1952 τοίαῧτα
2351 1896 2481 1971 πρὸς
2516 1895 2574 1949 σέ
2623 1892 2887 1970 λεγόντων
2927 1896 3085 1966 ἡμῶν
3129 1893 3308 1951 άκοαε.
3367 1893 3492 1953 ’Ἱνα
3522 1897 3572 1952 τί
3617 1919 3730 1952 πα-

2091 1983 2229 2063 τρίδα
2285 1983 2379 2040 καί
2457 1983 2609 2061 γένος
2669 1982 2756 2038 καί
2813 1981 3139 2058 ἐπιτήδευμα
3200 1984 3675 2064 πολυπραγμονεῖς
3723 2007 3740 2058 ;

2088 2075 2248 2130 ταῦτα
2315 2074 2414 2150 γὰρ
2473 2093 2645 2128 παντα
2707 2074 2779 2135 ὡς
2837 2071 3069 2150 ἔφθημεν
3153 2074 3414 2146 εἰπὸντες,
3481 2076 3514 2142 ἡ
3575 2076 3736 2151 ΤριΞις

2088 2165 2223 2236 ἡμῖν
2279 2163 2420 2219 ἐστιν
2474 2164 2508 2229 ἡ
2560 2159 2770 2217 πάντων
2801 2157 3147 2238 δημιουργός.
3186 2163 3348 2226 Θεοὺς
3383 2161 3438 2218 δέ
3483 2167 3566 2225 οἷς
3599 2166 3740 2220 θύειν

2087 2254 2227 2326 ἡμᾶς
2284 2251 2634 2328 ἐπιτρέπεις,
2705 2248 2820 2304 οὔτε
2883 2247 3130 2324 οἴδαμεν,
3210 2249 3317 2306 οὔθ’
3375 2251 3514 2317 ὅλως
3582 2253 3739 2316 εἰσίν,

2086 2339 2367 2410 Ἀλήθειαν
2442 2340 2538 2416 γὰρ
2596 2340 2852 2416 προσήκει
2914 2337 3112 2417 φιλεῖν,
3189 2336 3438 2413 δαίμονας
3492 2339 3545 2396 δέ
3589 2341 3742 2399 ἃπα-

2091 2437 2287 2490 τεώνας
2348 2429 2435 2484 καὶ
2507 2427 2874 2507 ψοχοφθόρους
2949 2427 3137 2490 αὖτοὺς
3211 2427 3537 2504 ἐπιστάμεθα
3573 2476 3587 2490 .
3678 2433 3747 2490 Οἱ

2091 2521 2286 2592 κτίσμα
2338 2519 2469 2573 Θεοῦ
2539 2517 2849 2594 γεγονότες,
2909 2519 2996 2572 καὶ
3046 2526 3139 2576 τοῦ
3191 2521 3550 2586 πεποιηκὸτος
3596 2521 3746 2578 ἆποο

2095 2610 2383 2678 στήσαντες
2442 2606 2680 2663 ὑπόδικοι
2733 2609 2849 2682 πυρὶ
2907 2606 3244 2673 κατέστησαν
3303 2609 3500 2682 αἰωνίῳ
3535 2651 3549 2668 .
3612 2613 3747 2669 Ἐπὶ

2092 2699 2296 2761 τούτοις
2355 2699 2382 2751 ὁ
2441 2697 2686 2774 τύραννος
2767 2697 2837 2758 εἷς
2899 2697 3062 2772 ὀργὴν
3115 2695 3348 2775 ἐξαρθεὶς
3420 2700 3745 2776 πικρότατον

2097 2789 2279 2850 αὐτοῖς
2336 2787 2426 2841 τὸν
2482 2786 2701 2841 θάνατον
2751 2784 2986 2845 ἂπειλεϊ,
3022 2787 3158 2862 Πρὸς
3211 2785 3268 2840 ὄν
3303 2788 3348 2842 οἱ
3395 2787 3538 2866 ἅγιοι
3573 2789 3746 2846 καθά-

2097 2899 2193 2954 περ
2250 2878 2458 2952 ἀγαθῶν
2516 2871 2859 2952 ἐπαγγελίαν,
2907 2873 3026 2928 ἆλ¹.⁹
3059 2875 3153 2929 οὒκ
3209 2874 3435 2942 ἀπειλὴν
3497 2879 3748 2954 βασάνων

2096 2964 2388 3043 δεξάμενοι,
2447 2962 2610 3021 Μόλις
2670 2963 2905 3040 ἐπέγνως
2974 2963 3034 3017 τὸ
3103 2962 3366 3041 συμφέρον
3445 2967 3586 3042 ἡμῖν
3657 2971 3749 3024 καὶ

2095 3055 2380 3133 σωτήριον,
2410 3053 2762 3130 ἀπεκρίναντο
2777 3096 2788 3109 .

2172 3142 2252 3202 Γ’.
2288 3144 2417 3201 Τὸτε
2479 3143 2672 3219 τοίνυν,
2735 3141 2796 3197 ἐκ
2853 3140 3120 3218 τεσσάρων
3172 3141 3370 3198 κελεύει
3403 3141 3747 3212 διαταθέντας

2090 3233 2303 3306 αὖτοὺς,
2366 3231 2480 3287 καθ’
2540 3229 2663 3287 ὃλου
2722 3227 3065 3308 ῥαϐδίζεσθαι.
3107 3231 3166 3286 Oi.
3225 3228 3277 3286 δὲ
3328 3232 3419 3288 τὸν
3471 3239 3589 3288 νοῦν
3619 3233 3746 3292 ὅλον

2350 3323 2364 3340 κ
2464 3319 2476 3340 ,
2624 3321 2633 3335 ο
2777 3318 2786 3333 ο
2927 3318 2953 3338 or
3115 3317 3138 3337 ἡ
3175 3319 3184 3335 ο
3436 3320 3449 3340 9
3494 3320 3553 3345 ps
3621 3324 3630 3344 ν

2088 3324 2218 3402 πρὸς
2277 3329 2406 3376 Θεον
2455 3341 2842 3392 ανατειναντες,
2895 3341 3032 3375 ουτω
3111 3334 3364 3376 οιεκειντο
3425 3324 3738 3398 ραοοίζομε-

2088 3435 2189 3486 νοι,
2253 3411 2433 3487 ὥσπερ
2487 3408 2664 3465 ἄλλων
2727 3408 3045 3488 πασχόντων
3095 3410 3238 3466 αυτοὶ
3293 3411 3476 3466 θεαταὶ
3521 3413 3743 3488 γινόμε-

2093 3525 2194 3564 νοι,
2233 3500 2330 3556 Διὰ
2360 3506 2522 3555 ταῦτα
2569 3505 2674 3554 τῶν
2735 3499 2832 3572 μὲν
2893 3497 3117 3577 πληγῶν
3174 3498 3430 3575 ἠμέλουν,
3481 3499 3627 3574 ᾠδὴν
3685 3501 3742 3559 δὲ

2093 3590 2286 3646 οἰκείαν
2333 3590 2464 3666 πρὸς
2525 3589 2653 3643 Θεὸν
2711 3585 2965 3662 ἔψαλλον⁶
3013 3587 3191 3668 Εἶδες,
3258 3589 3433 3668 Κύριε,
3491 3589 3742 3670 λέγοντες

2093 3681 2182 3737 καὶ
2263 3678 2340 3754 μὴ
2399 3678 2873 3756 παρασιωπήσῃς,
2957 3679 3132 3754 Κύριε,
3197 3677 3273 3746 μὴ
3347 3678 3590 3756 ἀποστῇς
3649 3682 3747 3761 ἀφ’

2091 3773 2271 3845 ἡμῶν,
2320 3771 2452 3825 Εἶτα
2525 3769 2644 3829 τοὺς
2717 3767 3010 3837 αἰκίζοντας
3094 3767 3316 3841 δημίως
3398 3771 3744 3844 κεκμηκότας

2094 3860 2198 3928 ἢδη
2256 3864 2324 3934 τῇ
2371 3857 2659 3936 παρατίσει
2731 3856 2838 3911 τῶν
2895 3857 3204 3936 αἰκισμῶν,
3261 3856 3499 3931 ἀκμῆτες
3574 3858 3744 3937 ἕτεροι

2097 3946 2453 4026 διαδέχονται.
2499 3944 2586 4005 Ὀς
2636 3944 2689 4000 δὲ
2745 3955 2842 4014 τὴν
2891 3945 3026 4023 ὂπέρ
3071 3945 3342 4023 ἄνθρωπον
3396 3948 3588 4014 ταὺτην
3638 3955 3750 4004 τῶν

2099 4036 2345 4102 ἀθλητῶν
2404 4036 2677 4111 καρτερίαν
2738 4038 2764 4091 ὃ
2821 4035 3068 4112 τύραννος
3125 4035 3306 4091 ἐθεᾶτο
3341 4083 3357 4110 ,
3419 4039 3506 4092 καὶ
3562 4037 3744 4118 ὣσπερ

2099 4149 2146 4182 τι
2192 4132 2300 4180 τῶν
2357 4123 2585 4203 ἀψύχων
2645 4123 2961 4202 ἀναλγήτως
3015 4125 3108 4186 τὰς
3166 4122 3375 4200 πληγὰς
3466 4125 3748 4204 φέροντας,

2095 4213 2324 4290 θάμϐους
2386 4212 2585 4272 πολλοῦ
2637 4219 2736 4280 τῆν
2807 4214 3016 4292 ψυχὴν,
3092 4215 3182 4269 καὶ
3239 4212 3351 4286 ἅμα
3431 4214 3750 4282 σκοτοδινης

2093 4303 2480 4377 ὑποπλησθεὶς,
2540 4304 2723 4362 ὕπτιος
2781 4303 2923 4364 εὗθὺς
3010 4301 3414 4382 καταφέρεται,
3475 4305 3548 4368 ὡς
3608 4306 3750 4362 ὑπο·-

2096 4393 2127 4450 λ
2168 4391 2197 4417 ρ
2376 4392 2393 4428 ‘9
2453 4393 2462 4410 ι
2624 4393 2684 4428 θ,
2869 4393 2879 4414 ι
2989 4414 3008 4426 _
3052 4391 3064 4410 θ
3279 4391 3305 4404 ν
3492 4394 3562 4426 ,ν’

2133 4406 2281 4449 αοεϊν
2341 4415 2496 4447 αστον
2563 4414 2682 4455 τοδς
2745 4413 3006 4470 παροντα,
3043 4396 3360 4450 αποθανειν.
3418 4393 3749 4465 Εἶ.ανανή-

369 4493 646 4564 putarent
661 4504 798 4547 eum
814 4503 948 4548 esse
973 4487 1535 4551 mortuum.Deinde
1552 4477 1686 4549 cum
1705 4489 1776 4550 ad
1790 4507 1854 4550 se
1867 4491 2006 4550 red-

2177 4505 2201 4546 ς
2261 4480 2419 4538 πὰλιν
2475 4484 2562 4538 καὶ
2621 4481 2808 4537 ἑαυτοῦ
2882 4482 3190 4560 γενόμενος,
3253 4482 3295 4536 εἰ
3368 4483 3454 4538 καὶ
3525 4483 3602 4556 μὴ
3657 4490 3750 4539 τοῦ

368 4574 559 4651 iisset,
595 4576 734 4637 licet
763 4594 880 4637 non
911 4575 985 4637 ad
1029 4575 1116 4650 id,
1147 4576 1304 4657 quod
1337 4577 1667 4658 oportebat,
1706 4585 1764 4640 et
1791 4579 2010 4640 verita-

368 4672 510 4744 tem,
529 4683 662 4728 cum
691 4683 761 4727 ex
789 4664 1158 4739 athletarum,
1186 4684 1316 4746 quae
1334 4667 1653 4746 superabat
1678 4667 2004 4740 hominem,

368 4753 679 4816 tolerantia
708 4763 1009 4834 oporteret
1037 4773 1171 4816 eum
1204 4756 1420 4817 deduci
1451 4755 1524 4816 ad
1561 4758 1862 4834 pietatem,
1898 4777 2007 4838 ap-

367 4843 564 4922 paruit
587 4843 687 4904 ille
715 4843 900 4922 magis
921 4844 1097 4906 abira
1127 4853 1464 4924 superatus,
1495 4851 1553 4904 et
1576 4843 1750 4923 jubet
1781 4855 2006 4926 marty-

368 4949 464 4996 res
495 4933 734 4994 funibus
778 4934 1015 4995 extendi
1047 4936 1105 4994 in
1155 4952 1316 5008 aere,
1352 4945 1409 4995 et
1438 4936 1634 5011 ignem
1679 4933 1888 4996 subter
1921 4938 2007 4998 eis

366 5021 1251 5100 accendi,utduplicitormento
1277 5040 1485 5082 eorum
1517 5023 1732 5084 animae
1746 5025 2006 5087 celerius

366 5121 772 5191 erumperent.
808 5112 900 5175 llli
924 5121 1122 5174 autem
1143 5117 1352 5187 quovis
1379 5113 1536 5172 ferro
1565 5122 1623 5172 et
1651 5113 1860 5193 quovis
1891 5116 2003 5175 ad-

367 5208 602 5262 amante
617 5202 1195 5280 fortiores,tanquam
1220 5200 1290 5261 ad
1321 5209 1680 5263 tormentum
1706 5206 2008 5267 recentius

364 5291 537 5353 etiam
561 5291 960 5354 recentiorem
994 5298 1358 5352 ostentantes
1387 5293 1859 5370 tolerantiam,et
1888 5315 2007 5358 non

361 5380 425 5442 in
454 5381 681 5444 vivente
726 5398 975 5461 corpore
1023 5387 1082 5440 et
1110 5379 1378 5443 dolorem
1437 5387 1758 5465 sentiente,
1796 5386 1898 5446 sed
1944 5386 2006 5447 in

443 5597 464 5642 ί
494 5597 649 5660 Psal.
685 5613 882 5671 xxxuv,
915 5597 1012 5662 22.

2103 4573 2457 4647 προσήκοντος
2513 4572 2600 4627 καὶ
2652 4575 2750 4636 τῆς
2808 4569 3080 4643 ἀληθείας,
3143 4569 3272 4626 δέον
3331 4571 3390 4628 ἐκ
3464 4577 3558 4636 τῆς
3618 4573 3751 4652 ὑπὲρ

2096 4661 2366 4739 ἄνθρωπον
2457 4662 2563 4716 τῶν
2672 4657 2918 4725 ἀθλητῶν
3011 4660 3286 4737 καρτερίας
3409 4659 3744 4738 ὁδηγηθῆναι

2095 4753 2296 4829 μᾶλλον
2357 4752 2484 4830 πρὸς
2535 4750 2633 4816 τὴν
2690 4746 2980 4808 επὸσὲϐειαν.
3019 4746 3076 4804 Ὀ
3139 4745 3193 4802 δὲ
3238 4749 3325 4803 καὶ
3380 4747 3544 4805 πλέον
3577 4749 3747 4830 ἐφάνη

2091 4867 2166 4901 τω
2215 4848 2364 4919 θυμῷ
2427 4838 2718 4913 νικώμενος
2772 4839 2856 4893 καὶ
2914 4835 3114 4892 κελεύει
3189 4837 3452 4916 σχοινίοις
3513 4840 3587 4904 εὶς
3647 4841 3742 4896 τὸν

2091 4933 2218 5013 ἀέρα
2276 4931 2582 4996 διαταθῆναι
2642 4928 2763 4990 τοὺς
2846 4926 3157 5004 μάρτυρας,
3227 4925 3322 5004 πῦρ
3379 4948 3436 4983 τε
3504 4929 3737 4984 κάτωθεν

2090 5011 2272 5085 αὐτοῖς
2316 5019 2696 5075 ὑποκαίεσθαι·
2732 5016 2803 5078 ὡς
2864 5017 2927 5069 ἀν
2982 5017 3058 5087 τῷ
3111 5011 3274 5089 διττῴ
3324 5020 3420 5082 τῆς
3479 5017 3744 5092 βασάνου,

2087 5114 2280 5192 τάχιον
2335 5105 2673 5185 ἀποῤῥήξωσι
2731 5104 2824 5168 τάς
2884 5104 3065 5183 ψυχάς
3106 5153 3120 5167 ,
3181 5108 3241 5162 Οἱ
3287 5103 3342 5160 δέ
3393 5107 3478 5160 καὶ
3533 5104 3750 5185 σιδήρου

2090 5203 2287 5264 mna;
2361 5199 2448 5254 καὶ
2499 5193 2822 5270 ’ἀδάμαντος
2883 5193 3213 5272 ἰσχυρότεροι
3263 5243 3276 5268 ,
3353 5192 3532 5272 ὣσπερ
3611 5199 3747 5274 πρὸς

2094 5290 2402 5368 καινοτέραν
2469 5287 2697 5363 βάσανον
2730 5330 2747 5360 ,
2809 5284 3126 5360 καινοτέραν
3180 5283 3591 5359 ἐτιδεικνύμενοι
3661 5291 3750 5345 καὶ

2095 5386 2195 5452 τὴν
2253 5378 2550 5459 καρτερίαν,
2602 5376 2691 5432 καὶ
2747 5375 2843 5431 οὒκ
2894 5375 2952 5429 ἐν
2981 5373 3191 5448 σώματι
3235 5378 3390 5443 ζῶντι
3422 5377 3509 5432 καὶ
3559 5373 3747 5446 ὀδύνης
