3906 6136
163 284 237 352 13

1041 288 1514 353 MABTYRIUM
1573 288 1634 352 S.
1680 279 2058 352 ACINDYNI
2100 281 2198 349 ET
2235 283 2642 351 SOCIORUM.

3459 285 3530 351 14

151 421 505 497 αέσθινομένῳ
529 437 545 453 ⁸
581 421 699 479 ἀλλ’
757 425 811 478 ὲν
868 444 970 478 τινι
1034 423 1138 478 τῶν
1180 423 1407 503 ἀψύχων
1439 423 1537 489 τήν
1565 423 1792 480 κόλασιν
1816 429 1855 478 Α
1879 419 2134 501 quodam
2194 421 2226 483 il

1975 419 2134 482 idem
2194 421 2459 483 inanimo
2490 419 2850 502 supplicium
2901 420 3294 496 sustinentes,
3329 421 3528 502 ipsum

149 512 524 586 ὑπομένοντες,
595 515 761 579 αὖτῆς
819 513 914 587 μὲν
959 511 1190 585 ἠμέλουν
1229 562 1241 586 ’
1275 514 1404 590 πρὸς
1481 511 1651 591 εὒχήν

151 603 238 656 καὶ
299 601 543 676 γλῶσσαν
623 600 837 680 ἔτρεπον
897 603 982 658 καὶ
1057 600 1312 658 διάνοιαν
1393 601 1454 659 Ὀ
1511 604 1788 680 φωτισμὸς

151 692 329 764 ﬁta-5v,
391 691 660 769 λέγοντες,
701 694 886 770 Χριστέ
940 695 968 749 ὁ
1013 694 1140 757 Θεὸς
1181 694 1362 766 ἡμῶν
1421 694 1448 748 ὃ
1519 689 1689 768 ὕϐρεις
1722 691 1790 747 δι’

143 784 292 854 ἡμᾶς
344 781 601 863 ἐνεγκὼν,
634 783 686 839 ἐν
750 781 884 857 ξύλῳ
936 803 993 838 τε
1050 785 1341 857 τανυσθεὶς,
1373 783 1460 838 καὶ
1509 782 1638 857 ὑπὲρ
1685 786 1790 838 τῶν

140 871 500 950 ἀναιρούντων
555 894 614 928 σε
685 872 1125 947 προσεδξάμενος,
1191 873 1555 953 μακρυθυμίας
1654 871 1793 948 ἡμῖν

139 962 242 1017 καὶ
303 961 508 1041 ἀνοχῆς
567 962 715 1039 ὅρους
765 963 1047 1036 ὑποτιθεὶς,
1106 961 1248 1018 ἔπιδε
1326 963 1410 1018 ἐπὶ
1471 963 1568 1029 τὴν
1641 965 1798 1038 ἡμῶν

142 1052 468 1106 τιπείνωσίν
517 1073 574 1107 τε
631 1053 720 1108 καὶ
784 1052 1044 1125 κάκωσιν,
1104 1053 1191 1108 καὶ
1249 1050 1428 1116 ἐξελοῦ
1485 1054 1630 1128 ἡμᾶς
1691 1057 1798 1110 τῶν

146 1141 401 1196 ἐπινοιῶν
454 1146 550 1208 τῆς
608 1140 938 1220 κακοτέχνού
981 1141 1176 1207 ταύτης
1236 1150 1329 1197 τού
1385 1142 1635 1218 τυράννού
1707 1148 1804 1217 ψυ-

149 1231 291 1309 χῆς.
325 1236 613 1304 Γνῷτῶσαν
645 1231 862 1305 πάντες,
911 1232 990 1288 ὃτι
1023 1251 1080 1286 σε
1147 1229 1348 1310 ἔχομεν
1379 1233 1508 1287 Θεὸν
1541 1231 1595 1286 ἐν
1639 1234 1801 1300 οὖρα-

150 1332 272 1381 νσϊς
317 1320 489 1376 πάντα
535 1318 843 1396 δυνάμενον,
875 1321 963 1376 καὶ
1016 1322 1109 1376 τὸν
1140 1320 1376 1399 ἄναρχόν
1437 1342 1530 1376 σου
1577 1322 1801 1400 πατέρα,

151 1412 246 1464 καὶ
301 1412 364 1465 τὸ
422 1412 788 1487 προσκυνητὸν
844 1411 930 1466 καὶ
988 1411 1250 1488 πανάγιον
1319 1410 1529 1486 Πνέῠμά
1575 1434 1667 1471 σοι.)
1732 1413 1804 1475 είς

154 1501 281 1560 τοὺς
317 1501 531 1564 αἰῶνας,
580 1499 780 1574 Ἀμὴν.

247 1586 315 1644 Δ)
376 1598 412 1646 ,Γ
455 1590 476 1605 ν
632 1587 646 1608 ν
767 1617 775 1623 _
871 1587 920 1624 νς
1016 1587 1025 1604 ί
1207 1590 1219 1604 ο
1319 1589 1328 1604 ο
1427 1611 1445 1621 _
1503 1614 1511 1624 ,
1627 1596 1652 1606 ~
1694 1611 1702 1622 ,
1795 1589 1810 1613 s

322 1634 335 1646 .
418 1611 548 1644 αυτα
592 1601 776 1653 an:ng
839 1609 1166 1668 ευςαμενοις,
1201 1608 1228 1644 ο
1264 1597 1444 1665 Κυριοι,
1473 1588 1525 1643 é;
1584 1611 1661 1664 τῳ
1694 1593 1789 1647 οιαο

1873 508 2528 589 quidemnegligebant
2561 530 2575 572 :
2612 509 2681 570 ad
2744 528 2950 591 preces
2983 528 3121 572 vero
3173 511 3432 591 linguam
3467 519 3532 574 et

1873 607 2134 661 mentem
2167 601 2608 672 convertebant,
2635 600 2948 662 dicentes:
2977 600 3091 672 Qui
3121 619 3189 662 es
3217 601 3532 663 illumina-

1875 688 1954 750 tio
1999 697 2219 764 nostra,
2252 690 2490 751 Christe
2521 690 2678 751 Deus
2713 697 2940 763 noster,
3002 693 3106 768 qui
3142 699 3385 772 prapter
3418 709 3530 753 nos

1875 795 2084 858 passus
2129 797 2193 841 es
2225 779 2494 856 injurias,
2531 787 2590 840 et
2621 779 2681 840 in
2727 780 2888 858 ligno
2920 779 3086 842 fuisti
3132 789 3440 857 extensus,
3475 788 3535 842 et

1877 876 2152 946 precatus
2177 885 2241 928 es
2275 887 2379 942 pro
2408 869 2501 943 iis,
2535 868 2636 948 qui
2663 875 2719 930 te
2744 869 3188 951 interimebant,
3222 869 3533 952 patientia;

1877 968 1935 1018 et
1963 957 2288 1018 tolerantiae
2319 956 2562 1018 decreta
2609 956 2782 1018 nobis
2816 976 3181 1038 proponens,
3216 960 3419 1040 aspice
3453 961 3528 1022 ad

1879 1046 2275 1106 humilitatem
2303 1053 2566 1106 nostram
2603 1051 2663 1106 et
2691 1044 3392 1118 afﬂictionem,etlibera
3423 1064 3534 1109 nos

1889 1135 2431 1196 machinationibus
2485 1135 2760 1197 scelerati
2817 1136 3000 1195 animi
3047 1136 3227 1216 hujus
3279 1135 3536 1217 tyranni.

1889 1225 2093 1287 Sciant
2115 1242 2322 1286 omnes
2345 1243 2450 1285 nos
2477 1232 2532 1285 te
2553 1223 2778 1285 habere
2805 1222 2990 1285 Deum
3019 1223 3079 1284 in
3109 1226 3401 1307 coelis,qui
3427 1246 3541 1307 po-

1893 1323 2002 1376 test
2033 1314 2254 1394 omnia,
2302 1323 2359 1374 et
2387 1313 2487 1394 qui
2520 1324 2610 1374 est
2641 1313 2772 1375 sine
2836 1312 3161 1393 principio,
3221 1321 3385 1374 tuum
3420 1314 3536 1378 Pa-

1892 1413 2065 1484 trem,
2099 1412 2156 1465 et
2184 1403 2552 1464 adorandum
2586 1411 2754 1464 tuum
2786 1411 2843 1465 et
2873 1401 3315 1464 sanctissimum
3341 1399 3542 1484 Spiri-

1894 1501 2018 1554 tum
2053 1493 2112 1553 in
2139 1493 2379 1555 saecula.
2427 1494 2647 1554 Amen.

1975 1581 2072 1646 IV.
2101 1583 2244 1645 Cum
2269 1583 2355 1644 sic
2387 1593 2588 1644 essent
2624 1583 2867 1662 precati,
2890 1583 2949 1644 in
2982 1591 3184 1645 nostra
3210 1582 3400 1644 forma
3431 1601 3542 1664 ap-

157 1681 309 1754 ἡμᾶς
353 1675 483 1733 ε’ίδει
542 1678 837 1757 ἐπιφανεῖς,
898 1675 1007 1732 λύει
1038 1678 1136 1748 μὲν
1188 1677 1249 1734 τά
1279 1675 1467 1752 δεσμοὶ,
1521 1681 1582 1735 τὸ
1623 1679 1677 1734 δὲ
1715 1688 1812 1758 πόρ
1899 1690 2111 1754 parens
2135 1672 2217 1733 Do

1975 1691 2111 1734 rens
2135 1672 2629 1752 Dominus,solvit
2650 1671 2891 1752 quidem
2919 1671 3154 1734 vincula
3174 1693 3187 1735 :
3207 1673 3406 1750 ignem
3428 1689 3544 1733 au-

157 1768 410 1847 ὃροσίζει,
472 1767 649 1846 ὥσπερ
719 1768 848 1824 ποτὲ
917 1780 1034 1832 τοῖς
1094 1767 1147 1822 ἐν
1176 1767 1425 1845 Ἀσσυρίᾳ
1473 1770 1662 1826 παισί*
1725 1763 2224 1835 καὶΒῑΘῐηὶΠΟΓᾶ

1975 1781 2016 1824 n
2036 1763 2576 1844 irrorat,quomodo
2603 1762 2806 1841 pueris
2829 1763 2968 1822 olim
2994 1763 3054 1822 in
3087 1761 3346 1841 Assyria;
3373 1769 3433 1822 et
3459 1761 3546 1822 sic

158 1859 332 1921 οὕτως
377 1856 435 1914 οἵ
465 1853 604 1934 ἅγιοι
650 1859 873 1922 ἀπαθεῖς
920 1859 1005 1912 καὶ
1036 1861 1190 1930 σῶοι,
1223 1856 1343 1912 κατ’
1395 1857 1516 1932 ὄψιν
1548 1865 1624 1934 τῷ
1653 1861 1814 1936 βασι.
1896 1853 2087 1915 sancti
2117 1852 2226 1914 illa}

1975 1853 2087 1915 ncti
2117 1852 2282 1914 illaesi
2316 1862 2373 1914 et
2404 1852 2546 1913 salvi
2575 1849 2847 1930 producti
2879 1858 3024 1913 sunt
3058 1851 3117 1911 in
3149 1857 3542 1931 conspectum

153 1949 248 2004 λεῖ
316 1946 674 2026 παρέστησαν,
742 1947 800 2004 Ὀ
831 1944 885 2001 δὲ
917 1949 1096 2025 παχύς
1154 1945 1227 2002 ὢν
1275 1944 1467 2021 κομιδῆ
1501 1950 1589 2005 καὶ
1647 1953 1812 2007 ἀσύν-
1892 1940 2196 2022 regis.llle

1975 1940 2196 2022 gis.llle
2230 1951 2426 2003 autem
2467 1959 2603 2002 cum
2649 1948 2807 2002 esset
2836 1939 3006 2000 valde
3036 1957 3277 2001 crassus
3304 1948 3362 2001 et
3387 1937 3543 2000 insi-

153 2061 300 2115 ετος,
365 2035 481 2094 οὔτε
529 2043 606 2110 τῷ
634 2033 912 2110 παραδόξῳ
970 2034 1330 2114 καταπλαγεὶς
1394 2043 1486 2094 τοῦ
1516 2038 1804 2117 Θεσίματος,
1894 2033 2226 2113 piens,neqt

1975 2049 2288 2108 ens,neque
2317 2029 2654 2092 admirabili
2686 2029 3029 2110 spectaculo
3062 2028 3536 2109 obstupefactus,

154 2125 276 2184 οὔτε
307 2127 416 2182 τῶν
475 2126 752 2204 μαρτύρων
805 2126 900 2192 τὴν
949 2124 1162 2205 ἄμαχον
1217 2127 1496 2205 καρτερίαν
1545 2126 1808 2198 δυσωπη-
1893 2139 2088 2201 neque
2123 2139 2226 2183 mat

1975 2139 2088 2201 que
2123 2134 2440 2201 martyrum
2475 2121 2692 2181 invicta
2749 2127 2943 2182 motus
2990 2121 3270 2198 patientia
3303 2142 3315 2178 :
3358 2119 3543 2193 Quid,

152 2217 288 2280 θείς⁶
352 2215 412 2273 Τί
453 2217 605 2294 ὑμὶν,
665 2215 790 2295 ἔφη,
825 2213 996 2287 δοκεῖ,
1057 2217 1185 2294 πρὸς
1242 2214 1410 2291 ὄνομα
1455 2218 1675 2281 τούτους
1711 2243 1804 2276 κα·
1895 2210 2106 2291 inquit,
2129 2209 2226 2271 vol

1975 2211 2106 2291 iuit,
2129 2209 2296 2271 vobis
2329 2210 2648 2284 videretur,
2669 2226 2779 2270 eos
2808 2209 3128 2289 appellans
3160 2208 3542 2282 nominatim,

157 2305 484 2380 λεσαςςᾶρ“
543 2304 758 2360 ἒπὲισαν
817 2305 952 2379 ὑμᾶς
1011 2305 1060 2360 αἱ
1122 2307 1302 2382 μικραὶ
1349 2313 1500 2362 αὗται
1559 2307 1805 2385 βάσανοι,
1895 2318 2036 2360 num
2070 2300 2226 2360 haec‘

1984 2319 2036 2359 m
2070 2300 2196 2360 haec
2224 2299 2387 2360 vobis
2419 2316 2594 2379 parva
2623 2306 3053 2379 persuaserunt
3082 2309 3372 2364 tormenta
3418 2307 3483 2360 ut
3515 2317 3550 2358 a

163 2396 469 2461 ἀποστῆναι
517 2395 613 2469 μὲν
669 2399 766 2460 τῆς
809 2391 1146 2471 πανωλέθρου
1203 2392 1410 2461 πλάνης
1465 2397 1638 2476 ὑμῶν,
1671 2396 1810 2463 εἶξαι
1898 2389 2218 2470 pretiosoq

1975 2389 2156 2451 etioso
2184 2388 2424 2469 quidem
2473 2395 2664 2448 vestro
2700 2405 2908 2449 errore
2935 2389 3283 2464 discedatis,
3324 2387 3546 2450 nostris

165 2485 220 2540 δὲ
276 2496 398 2547 τοῖς
449 2481 725 2561 ἡμετέροις
797 2484 1206 2558 θεσπίσμασῖν;
1257 2480 1341 2539 ’Ἦ
1402 2482 1477 2539 ἔτι
1563 2486 1812 2560 ἐμμένειν
1895 2486 2092 2540 autem
2123 2479 2219 2540 edi

1975 2486 2092 2540 tem
2123 2478 2336 2540 edictis
2366 2476 2620 2539 cedatis?
2640 2495 2713 2538 an
2746 2476 2941 2538 adhuc
2970 2478 3144 2539 vultis
3175 2494 3542 2558 permanere

166 2572 415 2649 βούλεσθε
585 2573 788 2652 ἀπάτῃ,
821 2571 944 2638 ταῖς
994 2574 1140 2648 ὑμῶν
1197 2574 1465 2650 γοητείαις
1522 2573 1812 2654 ἐπιθαρρειν
1895 2569 1958 2629 in
1981 2585 2205 2642 errore,

1981 2585 2205 2642 errore,
2234 2567 2440 2628 vestris
2471 2564 2606 2627 freti
2639 2565 2960 2643 praestigiis
2986 2573 3013 2628 ?
3038 2565 3367 2646 Respondit
3403 2566 3551 2628 bea-

168 2663 444 2744 ’ἐχοντες;
489 2653 545 2718 Ὀ
601 2663 860 2740 μακάριος
919 2659 1214 2724 Ἀκίνδύνος
1279 2661 1619 2743 ἀπεκρίνατο,
1667 2653 1811 2732 Γοη-
1899 2665 1990 2718 tus
2021 2656 2226 2737 Acind}

1975 2676 1990 2718 ς
2021 2656 2394 2737 Acindynus:
2433 2655 2765 2732 Praestigias
2795 2655 3036 2732 quidem
3074 2673 3271 2736 neque
3301 2655 3546 2732 scimus,

170 2754 313 2816 τείας
392 2751 493 2826 μὲν
549 2748 664 2806 οὔτε
718 2749 920 2830 ἴσμεν,
968 2749 1083 2806 οὔτε
1178 2751 1299 2807 ποτὲ
1371 2753 1758 2828 μεμαθὴκαμεν
1793 2801 1810 2828 ,
1897 2765 2093 2828 neque
2121 2765 2226 2809 unt

1978 2765 2093 2828 que
2121 2763 2382 2826 unquam
2423 2744 2766 2817 didicimus,
2823 2762 3021 2825 neque
3083 2765 3346 2827 unquam
3415 2745 3553 2808 tali-

175 2845 291 2900 οὒτε
321 2840 678 2921 φενακισμοῖς
712 2841 968 2902 τοιούτοις
1031 2841 1200 2914 ἡμεῖς
1259 2839 1632 2917 ἐχρησάμεθα,
1669 2841 1821 2899 Ἀλλ’
1905 2836 2016 2898 bus
2075 2835 2166 2896 usi
2215 2855 2226 2896 ε

1975 2855 2016 2898 ιε
2075 2835 2166 2896 usi
2215 2853 2418 2898 sumus
2505 2832 2873 2916 imposturis.
2934 2833 3051 2895 Sed
3113 2834 3390 2915 quoniam
3444 2834 3556 2898 Dei

173 2931 296 2988 ἐπεῖ
367 2932 465 2996 τὴν
523 2925 916 3006 ἀνυπέρϐλητον
975 2931 1066 2985 τοῦ
1127 2934 1257 2984 Θεοῦ
1307 2927 1547 3008 δύναμιν,
1595 2932 1682 2986 καὶ
1727 2933 1822 2994 τας
1904 2931 2066 2987 vires
2121 2925 2226 2986 inSI

1975 2944 2066 2987 res
2121 2922 2580 3005 insuperabiles,
2629 2932 2686 2984 et
2718 2942 2849 3006 qua:
2879 2933 3015 2984 sunt
3045 2943 3227 3005 supra
3277 2933 3550 2987 naturam

171 3023 301 3098 ὅπερ
359 3021 508 3099 φύσιν
595 3019 937 3094 θεοσημείας,
1001 3019 1251 3096 γοητείαν
1303 3029 1440 3074 εῖναι
1497 3018 1822 3096 ὑπολαμϐά·
1907 3015 2076 3094 signa
2103 3013 2224 3076 (Πνὶ

1975 3034 2076 3094 gna
2103 3013 2326 3089 divina,
2365 3021 2535 3094 putas
2565 3030 2701 3075 esse
2735 3013 3083 3093 praestigias,
3116 3014 3469 3094 visioneque
3493 3024 3558 3078 et

171 3133 303 3184 νεις,
354 3110 609 3190 φαντασίᾳ
663 3129 744 3182 τε,
788 3109 875 3164 καὶ
931 3109 1024 3164 οὐκ
1053 3107 1272 3180 ἀληθείᾳ
1334 3115 1498 3164 ταῦτα
1563 3111 1874 3190 ὑπονοεῖςη
1908 3123 2028 3166 non
2049 3121 2226 3167 rever,

1975 3124 2028 3165 in
2049 3121 2256 3167 revera
2270 3105 2393 3164 hmo
2415 3101 3032 3182 fierisuspiearis,eris
3048 3103 3336 3183 deinceps
3354 3112 3555 3166 mutus

168 3167 428 3278 γίνεσθαι,
495 3167 690 3260 ἅλαιλος
726 3167 806 3252 ’τὸ
850 3196 1045 3252 λοιπὸν
1101 3194 1224 3274 ἓσῃ,
1253 3167 1371 3252 ,καὶ
1430 3198 1526 3265 τὴν
1571 3167 1876 3275 γλῶτταν(Ξ
1901 3202 1960 3256 et
1989 3195 2194 3274 lingua
2223 3214 2226 3253 Δ

1989 3195 2194 3274 lingua
2223 3192 2645 3272 impeditus,ut
2663 3167 2743 3254 ὀι
2760 3167 2948 3272 teipso
2967 3167 3372 3254 testimonium
3396 3194 3557 3256 feras

167 3286 570 3362 πεπεδημένος,
599 3286 667 3342 ἵν’
703 3284 912 3343 οἴκοθεν
942 3287 1002 3341 τὸ
1049 3289 1329 3362 μαρτύριον
1366 3285 1502 3365 ἔχης
1563 3293 1664 3355 τῆς
1724 3297 1816 3346 τοῦ
1899 3283 2008 3346 Dei
2032 3281 2226 3345 virtuti

1975 3285 2008 3345 :i
2032 3281 2290 3345 virtutis.
2318 3281 2377 3344 Si
2412 3290 2576 3362 potes
2603 3298 2743 3360 ergo
2780 3281 3005 3364 dicere,
3031 3281 3152 3355 (lic,
3191 3281 3551 3359 quibusnam

171 3382 306 3438 Θεοῦ
359 3376 652 3452 δυνάμεως,
719 3374 883 3455 Εἴπερ
927 3382 1016 3432 οὖν
1073 3375 1246 3452 λέγειν
1315 3373 1614 3457 δεδύνησαι,
1672 3380 1812 3453 εἰπὲ,
1900 3375 2015 3436 diis
2048 3374 2217 3452 nosj

1975 3376 2015 3436 is
2048 3391 2154 3435 nos
2193 3373 2374 3452 jubes
2419 3371 2756 3433 sacrificare
2784 3378 2812 3432 ?
2852 3373 2983 3434 Non
3015 3379 3140 3433 erat
3189 3381 3385 3433 autem
3411 3391 3541 3444 vox,

171 3471 348 3532 ποίοις
410 3470 546 3542 ἡμᾶς
611 3465 842 3529 κελεύεις
887 3468 1036 3522 θῦσαι
1081 3468 1225 3528 Θεοῖς
1263 3484 1279 3540 ;
1316 3467 1411 3523 Καὶ
1441 3471 1534 3526 οὒκ
1563 3467 1628 3535 ἦν
1665 3471 1814 3546 φωνὴ
1902 3482 2095 3543 neque
2127 3481 2226 3524 aut

1980 3482 2095 3543 que
2127 3460 2488 3536 auditio,sed
2517 3469 2648 3522 erat
2673 3468 2891 3539 mutus,
2916 3479 3036 3522 non
3069 3479 3244 3523 secus
3273 3469 3452 3542 atque
3473 3462 3557 3523 dii

173 3563 264 3615 καὶ
308 3560 406 3616 οὐκ
431 3557 498 3625 ἦν
546 3555 792 3635 ἀκρόασις
821 3577 836 3593 ο
872 3555 989 3612 ἀλλ’
1037 3555 1225 3622 ἐπίσης
1279 3568 1395 3619 τοῖς
1459 3557 1618 3614 αὐτοῦ
1649 3561 1819 3634 θεοῖς,
1909 3554 2062 3633 ejus,
2089 3551 2214 3613 solo

1975 3572 2062 3633 us,
2089 3551 2214 3613 solo
2261 3560 2405 3612 nutu
2439 3550 2710 3611 indicans
2735 3549 2921 3610 animi
2951 3551 3340 3613 voluntatem.
3367 3554 3556 3631 Cujus

179 3649 390 3729 ἂσρωνος
445 3646 695 3726 διετέλει,
731 3647 944 3722 νεύματι
1001 3643 1149 3721 μόνῳ
1203 3647 1264 3700 τὸ
1307 3650 1402 3711 τῆς
1447 3650 1632 3726 ψυχῆς
1691 3649 1823 3724 βού-
1909 3642 2226 3704 amentiam

1975 3642 2227 3704 nentiam
2255 3640 2471 3703 Christi
2493 3639 2648 3700 servi
2665 3647 2989 3729 arguentes
3007 3646 3073 3729 et
3100 3639 3562 3729 irridentes,di-

180 3727 330 3814 λημα
388 3737 752 3817 παραφαίνων,
814 3744 888 3794 Οὖ
933 3737 1032 3802 τὴν
1103 3732 1284 3791 ἄνοιαν
1341 3737 1388 3790 οἱ
1448 3738 1540 3792 τοῦ
1600 3744 1826 3816 Χριστοῦ
1911 3733 2226 3794 εθὺᾶιὶιΣΡ

1975 3733 2125 3793 εὺοιιι
2155 3749 2169 3793 :
2196 3729 2583 3806 Resedimus,
2620 3736 2679 3788 tu
2709 3736 2908 3788 autem
2936 3727 3084 3786 nihil
3107 3727 3280 3788 nobis
3313 3733 3564 3790 omnino

182 3826 498 3909 ἐλέγχοντες
525 3848 584 3883 τε
625 3828 712 3882 καὶ
741 3824 1178 3905 διαχλευάζοντες
1210 3826 1434 3904 ἔφασαν,
1470 3821 1824 3907 Ἀποχωροῦ-
1914 3821 2094 3884 dicis.

183 3937 305 3994 μενο
336 3919 493 3981 α-Βτὸς
535 3915 591 3972 δὲ
623 3913 768 3974 οὐδὲν
799 3912 904 3971 οὐδ’
963 3913 1102 3978 ὅλως
1134 3912 1310 3991 λέγεις
1340 3914 1505 3990 ἡμῖν,

265 4008 346 4067 Ε’.
403 4003 922 4084 Προσποιησαμένων
973 4002 1028 4059 δὲ
1076 4009 1182 4060 τῶν
1242 4003 1405 4080 ἁγίων
1437 4003 1534 4071 τὴν
1599 4006 1827 4085 ἀναχώ-
1996 4001 2064 4060 ν.
2092 3999 2226 4062 Cum

1996 4001 2064 4060 V.
2092 3999 2235 4062 Cum
2258 4007 2456 4060 autem
2472 3997 2782 4061 finxissent
2811 3999 3000 4060 sancti
3024 4015 3090 4062 se
3118 3998 3567 4072 recedero,erat

185 4120 364 4178 ρησιν,
410 4096 617 4175 ἄφωνος
673 4093 738 4161 ἦν
811 4094 1010 4168 ὁμοίως
1065 4096 1093 4149 ὁ
1150 4091 1397 4168 βασιλεύς
1431 4110 1448 4128 ο
1509 4095 1650 4168 θαμὰ
1707 4096 1830 4159 τοῖς
1913 4108 2018 4152 rex
2052 4097 2226 4150 mutu:

1975 4109 2018 4150 rx
2052 4097 2250 4150 mutus
2280 4088 2791 4162 similiter,crebro
2823 4088 3088 4167 deﬁgens
3113 4088 3321 4150 oculos
3347 4089 3410 4150 in
3437 4106 3565 4168 eos,

187 4177 531 4267 περιεστῶσιν
589 4185 916 4256 ἓνατενίζων,
978 4184 1064 4238 καὶ
1122 4182 1341 4256 νεύμασι
1385 4183 1484 4250 τὴν
1527 4183 1632 4238 τῶν
1665 4184 1830 4263 ἁγίων
1915 4180 2017 4262 qui
2047 4196 2226 4240 circui

1975 4180 2017 4241 1i
2047 4179 2650 4259 circumsistebant,et
2677 4187 2822 4239 nutu
2842 4177 3164 4267 jubens,ut
3187 4178 3572 4267 sanctigcom-

189 4265 454 4352 σύλληψιν
534 4273 989 4348 διακελευόμενος.
1072 4279 1206 4329 Είτα
1279 4277 1382 4328 τῶν
1453 4273 1730 4350 ὑπηρετῶν
1802 4277 1830 4330 ὂ
1915 4268 2224 4349 prehende

1975 4267 2834 4330 rehenderenturDeindecum
2851 4266 3112 4328 ministri
3129 4267 3290 4343 quod
3309 4265 3567 4347 volebat,

190 4366 436 4444 βούλεται
508 4377 742 4421 συνεῖναι
793 4372 870 4438 μὴ
911 4359 1240 4442 ὃυναμένῶν,
1297 4363 1576 4436 ἡμιμανὴς
1654 4363 1834 4442 ὥσπερ
1917 4377 2038 4420 non
2062 4375 2226 4438 posse

1975 4377 2038 4420 in
2062 4364 2301 4438 possent
2331 4356 2687 4434 intelligere,
2713 4373 2834 4436 prae
2856 4356 2943 4415 ira
2973 4364 3031 4416 et
3077 4355 3447 4417 dubitatione
3477 4355 3571 4416 ef—

191 4443 277 4512 ὕπ’
331 4454 550 4532 ἂπορίας
580 4455 666 4508 καὶ
721 4456 884 4526 Θυμοῦ
938 4450 1250 4527 γενόμενος,
1312 4452 1411 4517 τὴν
1467 4450 1720 4529 χλαμύδα
1775 4474 1835 4508 τε
1919 4449 2110 4511 fectus
2136 4465 2226 4508 ser

1975 4457 2110 4510 :ctus
2136 4446 2555 4521 semiinsanus,
2593 4446 2752 4526 rupit
2783 4443 3177 4524 chlamydem,
3224 4455 3283 4506 et
3315 4445 3378 4506 id
3411 4444 3572 4526 quod

195 4543 500 4622 περιέρρηξε
533 4589 547 4616 ,
609 4545 697 4599 καὶ
781 4540 809 4596 ὅ
857 4540 1067 4618 λέγεται
1148 4535 1496 4616 βιϐλατώριον
1579 4543 1651 4605 εἰς
1736 4537 2225 4621 γῆνῧῧὺιιιᾶιοτί

1975 4537 2329 4598 bulatorium
2361 4535 2602 4610 dicitur,
2639 4534 2805 4597 humi
2835 4535 3166 4613 tlisjecit,et
3197 4535 3282 4595 sic
3309 4553 3439 4607 eos,
3475 4534 3578 4615 qui

197 4632 476 4712 ἀπέρριψε,
532 4635 620 4689 καὶ
676 4631 812 4688 οὕτω
853 4632 973 4695 τοὺς
1026 4632 1293 4707 παρόντας
1355 4631 1430 4692 εἰς
1478 4630 1664 4687 οἶκτον
1722 4631 1837 4697 ἑξε-
1927 4627 2198 4707 aderant,

1975 4627 2198 4707 derant,
2232 4626 2475 4687 vocabat
2506 4627 2575 4686 ad
2611 4623 3340 4687 misericordiam.Christi
3377 4633 3578 4686 autem

200 4723 448 4786 καλεϊτο,
495 4724 553 4780 Οἱ
610 4719 665 4778 δὲ
721 4729 813 4778 τοῦ
868 4726 1095 4799 Χριστοῦ
1133 4721 1475 4798 στρατιῶται,
1537 4721 1724 4786 αὐτοὺς
1782 4743 1839 4777 τε

197 4815 288 4872 καί
317 4813 409 4868 τὸν
432 4812 680 4891 τύραννον
711 4815 807 4877 τῆς
858 4810 1035 4872 ἀνοίας
1066 4809 1556 4889 κατοικτισάμενοι,
1589 4810 1673 4865 ’Ὠ
1724 4833 1840 4877 πη-

203 4903 419 4983 ρώσεως
465 4900 776 4979 ἀνθρώπων,
809 4899 1011 4980 ἔφησαν
1044 4915 1059 4929 ⁸
1111 4897 1191 4954 ὅτι
1249 4898 1458 4965 ἑκόντες
1486 4903 1608 4964 τοὺς
1639 4899 1841 4977 ὅφθαλ-

205 4995 340 5068 μοὺς
420 4991 802 5069 καταμύοντες,
858 4990 918 5046 ού
1000 4985 1278 5064 βούλονται
1348 4989 1478 5066 πρὸς
1534 4991 1595 5044 τὸ
1652 4989 1849 5069 φέγγος

204 5083 445 5140 ἀτενίσαι
501 5084 602 5146 τῆς
659 5077 932 5145 ἀληθείας.
991 5076 1159 5134 Ἀλλὰ
1201 5075 1482 5148 διάνοιξον,
1550 5083 1728 5155 Κύριε,
1784 5081 1850 5136 τὰ

206 5171 428 5247 ὄμματα
467 5174 568 5236 τῆς
625 5166 837 5246 καρδίας
922 5168 1092 5224 αὐτῶν
1127 5214 1143 5246 ,
1205 5168 1341 5223 ὣστε
1403 5168 1538 5246 φωτὶ
1593 5173 1692 5235 τῆς
1752 5174 1852 5246 σῇς

207 5259 458 5340 γνώσεως
511 5257 958 5336 περιαύγασθῆναι
997 5305 1014 5337 ,
1075 5262 1164 5313 καὶ
1225 5258 1553 5324 κατανοῆσαι
1640 5259 1708 5316 τὰ
1789 5261 1858 5314 σὰ

207 5351 501 5426 Θαυμάσια,
564 5349 650 5404 καὶ
706 5348 768 5403 τὸ
864 5345 1233 5426 προσκύνητον
1288 5367 1380 5402 σου
1475 5344 1686 5411 δοξάσαι
1768 5349 1856 5404 καὶ

208 5441 474 5520 πανάγιον
520 5438 714 5512 ὄνομα.
777 5445 948 5496 Ταῦτα
991 5434 1046 5492 δὲ
1105 5437 1277 5492 άῦτὼν
1335 5434 1655 5514 εὐξαμένων,
1690 5459 1857 5517 στρα-

212 5533 303 5594 τὸς
347 5533 532 5593 αὐτοῖς
585 5525 870 5608 ἀγγελικὸς
927 5527 1278 5606 ἒπιφαίνεται,
1331 5527 1407 5582 ὧν
1463 5529 1562 5595 τὴν
1606 5527 1858 5609 λαμπρό-

1928 4717 2148 4778 milites
2202 4725 2260 4777 et
2313 4716 2472 4796 ipsos
2529 4725 2588 4776 et
2647 4724 2958 4794 tyrannum
3024 4713 3288 4775 miserati
3343 4723 3582 4795 propter

1927 4804 2326 4885 amentiam,0
2353 4805 2660 4866 hominum
2691 4805 3012 4866 caacitatem
3049 4803 3061 4865 !
3087 4804 3390 4884 dixerunt,
3416 4804 3580 4884 quod

1934 4913 2040 4957 sua
2067 4905 2279 4976 sponte
2299 4895 2645 4957 claudentes
2668 4893 3125 4975 oculos,intueri
3151 4894 3367 4959 nolunt
3388 4893 3582 4956 lucem

1933 4984 2343 5049 veritatis.Sed
2373 4984 2846 5065 aperi,Domine,
2871 4986 3078 5046 oculos
3109 4984 3312 5046 cordis
3341 5000 3581 5056 eorum,

1937 5085 2001 5137 ut
2029 5074 2442 5137 illuminentur
2471 5074 2608 5135 luce
2639 5075 2745 5135 Dei
2767 5075 3148 5152 cognitionis,
3177 5084 3237 5132 et
3269 5082 3364 5133 tua
3386 5072 3586 5134 consi-

1938 5166 2150 5228 derent
2181 5165 2482 5238 miracula,
2534 5174 2590 5223 et
2619 5165 2987 5224 adorandum
3021 5172 3080 5224 et
3109 5171 3382 5224 sanctum
3419 5171 3583 5224 tuum

1944 5274 2164 5317 nomen
2185 5255 2543 5333 signiticent.
2571 5252 2716 5314 Cum
2736 5253 2862 5314 haec
2885 5261 3083 5314 autem
3111 5261 3312 5315 essent
3336 5254 3586 5332 precati,

1947 5345 2036 5408 eis
2063 5353 2308 5426 apparet
2337 5344 2629 5405 exercitus
2645 5344 3280 5424 angelorum,quorum
3311 5342 3594 5423 splendo-

1942 5451 2072 5496 rem
2099 5433 2256 5496 ferre
2289 5451 2409 5495 non
2439 5433 2725 5507 valentes,
2746 5432 2850 5512 qui
2879 5433 3064 5494 oculis
3115 5431 3332 5493 animae
3363 5431 3593 5512 caliga-

1948 5523 2111 5602 bant,
2142 5523 2309 5587 humi
2338 5523 2707 5586 ceciderunt.
2731 5522 2930 5584 Sancti
2958 5537 3096 5586 vero
3127 5541 3261 5584 cum
3302 5520 3412 5583 Dei
3441 5540 3594 5584 con-

212 5642 354 5690 τητα
412 5621 458 5676 οἱ
517 5619 613 5683 τὰς
668 5617 828 5698 κὸρας
883 5622 981 5684 τῆς
1047 5621 1232 5697 ψῠχῆς
1288 5613 1723 5692 ἀμϐλυώττοντες
1785 5618 1864 5695 μὴ
1951 5623 2195 5676 suetum

1975 5623 2195 5676 .uetum
2241 5612 2568 5677 sensissent
2620 5611 2930 5688 auxilium,
2963 5611 3020 5679 ei
3053 5611 3404 5676 obtulerunt
3457 5627 3595 5690 gra-
