3932 6128
448 260 529 335 15

1753 264 2034 327 MENSlS
2077 265 2498 331 NOVEMBER

3737 273 3798 338 16

438 398 650 460 tiaram
700 395 1019 477 actionem,
1060 394 1365 459 dicentes:
1417 420 1444 453 α
1472 399 1624 460 Deus
1663 408 1887 480 nostcr,
1929 399 2042 459 refi

2172 399 2460 475 δῦνάμενοι
2517 402 2764 479 καθὸρᾷν,
2827 400 2914 458 ἐπὶ
2981 404 3081 480 γῆς
3135 402 3357 460 ἔπιπτον
3392 454 3407 468 ,
3454 407 3515 462 Οἱ
3564 403 3621 463 δὲ
3672 403 3797 485 ἅγιοι

442 488 603 566 gium
625 494 685 549 et
703 486 904 563 virtus,
940 485 1172 563 adjutor
1200 484 1727 558 iuafﬂictionibus,
1763 507 1894 566 quae
1925 489 2086 550 inve-

444 584 792 639 neruntnos
820 574 1080 638 valdeﬁzn
1117 575 1220 636 sed
1249 592 1452 655 surge,
1479 584 1537 637 et
1568 576 1741 638 nobis
1770 576 1861 639 fer
1891 577 2042 638 adhu

2172 579 2265 646 ιὴν
2324 578 2650 658 ἀχαριστίαν

2166 494 2264 557 τῆς
2347 490 2610 557 συνήθους
2711 497 2805 547 τοῦ
2893 494 3011 550 θεοῦ
3086 489 3423 568 ἀντιλήψεως
3496 494 3796 570 αἰσθόμενοι,

2752 585 3023 658 προσῆγον
3081 582 3222 656 αύτῷ
3255 599 3270 616 ⁸
3309 602 3332 638 ε
3370 581 3429 639 Ὀ
3481 583 3607 645 θεὸς
3640 585 3796 665 ἡμῶν,

443 666 756 740 auxilium,
791 672 851 727 et
878 664 1067 727 libera
1110 663 1183 726 ab
1238 665 1333 746 iis,
1367 684 1498 747 quae
1557 684 1665 728 nos
1715 666 2042 728 circumdar

2172 666 2411 743 λέγοντες
2455 713 2472 744 ,
2538 670 2832 749 καταφυγὴ
2888 669 2985 727 καὶ
3053 668 3292 750 δύναμις,
3346 671 3539 747 βοηθὸς
3591 671 3645 728 ἐν
3696 663 3799 731 θλίὲ

444 753 855 819 vexationibus
880 762 1123 835 propter
1168 771 1384 816 nomen
1416 763 1608 817 tuum.

517 1021 613 1085 VI.
636 1022 822 1086 Filius
842 1029 1041 1084 autem
1074 1018 1349 1082 interitus
1371 1037 1446 1081 ne
1473 1026 1611 1081 tunc
1642 1019 1880 1101 quidem
1908 1023 2084 1085 intel-

432 1112 763 1193 ligens,nec
792 1130 856 1175 se
886 1111 1133 1174 effectus
1152 1108 1500 1186 melior,sed
1520 1112 1689 1191 quasi
1707 1129 1739 1172 a
1760 1128 1824 1173 se
1849 1112 2075 1175 disces-

433 1203 634 1277 sisset,
664 1203 920 1283 gemitus
950 1204 1011 1261 et
1065 1200 1327 1282 suspiria
1389 1198 1722 1273 emittebat,
1750 1208 1809 1262 et
1859 1201 2069 1265 faciem

432 1290 723 1372 pulsabat,
740 1297 799 1353 et
820 1288 1034 1350 similis
1055 1298 1181 1350 erat
1210 1289 1399 1370 ei,qui
1427 1298 1518 1350 est
1539 1289 1737 1351 animo
1765 1291 2070 1372 perplexo,

428 1379 688 1442 etnescit
707 1378 850 1457 quid
866 1377 1219 1458 agat.Quem
1236 1398 1369 1441 cum
1393 1377 1637 1458 benigni
1662 1378 1878 1442 Christi
1897 1381 2069 1442 beni-

424 1470 579 1530 Bnus
599 1467 925 1549 discipulus
950 1469 1034 1528 sic
1052 1468 1330 1530 affectum
1344 1468 1676 1549 aspexisset
1699 1469 2068 1550 Acyndinus,

427 1557 633 1619 dolore
663 1558 1219 1639 oppressus,elfusis
1251 1566 1492 1638 propter
1517 1558 1646 1639 ejus
1679 1559 1879 1621 cordis
1896 1561 2070 1621 caeci-

427 1647 1246 1729 tatemlacrymis,conversus
1272 1646 1625 1728 :Quoniam,
1655 1648 2073 1730 inquit.nequc

2167 761 2290 832 ψεσι
2340 757 2473 819 ταῖς
2540 759 2820 836 εὖρούσαις
2877 760 3023 835 ἡμᾶς
3085 757 3315 839 οφόδρα’
3353 782 3382 814 ι
3417 758 3535 817 ἀλλ’
3592 761 3796 842 ἀνάστα,

2166 845 2263 903 καῖ
2295 845 2371 903 ἔτι
2401 847 2676 923 βοήθησον
2731 848 2897 924 ἡμῖν,
2959 852 3057 904 καὶ
3088 854 3195 905 τῶν
3249 855 3613 929 περιεχουσῶν
3665 849 3799 929 ῥῦσαι

2164 938 2478 1010 καιιώσεων,
2524 934 2705 992 ἕνεκεν
2737 942 2833 993 τού
2863 936 3128 1011 ὀνόματός
3185 960 3300 997 σου.

2241 1023 2343 1097 ς’.
2378 1033 2417 1082 Ο
2480 1024 2660 1098 μέντοι
2718 1024 2816 1093 τῆς
2878 1025 3145 1092 ἀπωλείας
3193 1029 3302 1089 υίὸς
3331 1071 3349 1103 ,
3379 1026 3527 1085 οωὲν
3586 1028 3801 1087 ἐντεῦθεν

2161 1116 2351 1194 συνεὶς,
2412 1112 2528 1171 οὔδε
2587 1112 2809 1191 βελτίων
2873 1116 3066 1172 ἑαυτοῦ
3120 1117 3404 1195 γενόμενος
3441 1166 3457 1193 ,
3519 1117 3641 1177 ἀλλ’
3694 1124 3798 1178 οἷον

2156 1201 2349 1266 satis:
2420 1208 2527 1260 τῶν
2582 1204 2808 1282 φρενῶν,
2859 1206 3187 1283 στεναγμούς
3241 1227 3295 1263 τε
3360 1207 3664 1285 ἀνέπεμπε,
3718 1211 3813 1271 καὶ.

2156 1292 2215 1346 τὸ
2251 1293 2535 1369 πρόσωπον
2593 1291 2805 1367 ἔτυπτε,
2856 1294 2944 1349 καὶ
2999 1294 3372 1374 ἀμηχανούντι
3435 1296 3617 1371 ἐῴκει,
3692 1298 3794 1357 ⁹⁹Ον

2156 1383 2183 1437 ὁ
2240 1404 2335 1438 του
2388 1380 2752 1462 φιλανθρώπου
2826 1389 3050 1458 Χριστοῦ
3110 1382 3478 1462 φιλάνθρωπος
3553 1390 3787 1462 μαθητὴς

2158 1469 2461 1536 Ἀκίνδυνος
2516 1470 2682 1533 οὕτως
2738 1470 2936 1550 ἔχοντα
2997 1473 3344 1547 θεασάμενος,
3398 1473 3540 1553 λύπη
3598 1499 3654 1534 τε
3708 1500 3796 1534 cu-

2158 1560 2380 1638 σχεθεὶς
2421 1606 2436 1632 ,
2506 1560 2593 1615 καὶ
2639 1557 2835 1636 δάκρυα
2911 1558 2998 1616 ἐπὶ
3068 1566 3136 1637 τῇ
3182 1563 3430 1641 πωρώσει
3486 1569 3586 1635 τῆς
3657 1566 3799 1624 αύτοῦ

2162 1646 2379 1725 καρδίας
2442 1648 2807 1728 κατενεγκὼν,
2868 1648 3203 1730 ἐπιστραφείς
3255 1670 3268 1682 ·
3339 1651 3495 1710 Ἐπεί
3576 1674 3634 1711 σε
3713 1654 3801 1711 ἆν-

425 1736 532 1799 Πθὶ
561 1736 1154 1818 disciplina,ohomo,
1186 1736 1327 1799 fecit
1359 1746 1415 1798 te
1446 1737 2035 1816 ejuspvirtutemintel

2172 1739 2365 1815 lpus-ns,
2432 1750 2611 1812 ετπεν,
2677 1735 2795 1794 οὗδὲ
2854 1737 2883 1804 ἣ
2941 1746 3031 1796 τοῦ
3079 1739 3211 1796 Θεοῦ
3282 1738 3492 1799 παιδεία
3580 1746 3798 1804 συνεῖναι

425 1826 752 1907 ligere,sed
772 1836 871 1889 tua
890 1833 1101 1907 sponte
1122 1826 1210 1890 sic
1237 1844 1442 1888 manes
1465 1826 2040 1907 improbus,gauden

2172 1829 2254 1895 τήν
2334 1826 2492 1882 αὐτοῦ
2566 1826 2829 1895 πεποίηκε
2899 1825 3116 1903 δύναμιν
3149 1875 3166 1903 ,
3226 1828 3347 1887 ἀλλ’
3410 1833 3575 1896 οὕτως
3629 1833 3797 1892 ἐθελοο

425 1918 691 1981 tenebris
718 1917 1063 1998 impietatis,
1096 1931 1154 1978 et
1180 1916 1550 1997 amplectens
1571 1919 2074 1997 tgnorantiam,sit

422 2007 533 2070 tibi
562 2017 822 2088 potestas
844 2006 1128 2084 loquendi
1147 2006 1293 2068 citra
1313 2004 1902 2087 impedimentum,et
1926 2008 2070 2068 nihil

422 2098 520 2179 sit,
556 2098 717 2175 quod
749 2105 864 2161 tuae
891 2097 1115 2176 linguae
1143 2096 1416 2158 obsistat.
1449 2094 1539 2157 Illi
1566 2105 1764 2158 autem
1803 2097 2070 2176 protinus

420 2189 666 2267 quidem
698 2188 1003 2251 solvuntur
1026 2186 1194 2250 frena
1223 2185 1463 2266 linguae,
1488 2186 1646 2247 oculi
1679 2204 1819 2248 vero
1854 2188 2071 2248 animae

421 2277 993 2342 minimesolvuntur
1020 2295 1055 2338 a
1076 2275 1256 2349 nube,
1295 2293 1427 2355 qua;
1454 2291 1556 2336 eos
1583 2274 2065 2348 obstruebat,sed

418 2369 670 2451 perinde
696 2387 765 2431 ac
785 2375 832 2431 si
856 2366 1002 2429 nihil
1025 2365 1161 2428 novi
1180 2364 1723 2446 accidissetmeque
1740 2363 2065 2446 quidquam

415 2471 579 2523 esset
610 2455 1381 2541 passus,pergebatea,quae
1412 2455 1598 2535 prius,
1626 2454 1966 2533 exsequi,et
1999 2455 2058 2514 in

415 2567 542 2622 eos,
566 2549 663 2610 cui
711 2546 1267 2623 circumsistebant,
1304 2560 1424 2622 prae
1472 2542 1657 2603 animi
1687 2541 2059 2603 dubitatione

410 2639 563 2701 iram
578 2635 1292 2706 volensimmittere,utcu
1293 2632 1395 2710 jus
1408 2629 1646 2692 animus
1667 2641 1829 2694 esset
1846 2632 2057 2710 plenus

409 2726 730 2790 dedecore:
754 2723 1096 2803 Acindynus
1118 2720 1385 2802 quidem,
1412 2720 1692 2801 inquit,et
1729 2721 1858 2800 ejus
1881 2720 2052 2793 socii,

417 2824 476 2878 et
528 2813 810 2892 Pegasius
841 2820 900 2874 et
925 2810 1396 2892 Anempodistus
1428 2827 1562 2870 eum
1591 2827 1768 2891 quem
1805 2828 1911 2889 par
1941 2817 2052 2889 est,

413 2906 595 2968 finem
621 2905 745 2986 jam
795 2902 1089 2982 accipient
1119 2921 1134 2962 :
1166 2918 1341 2981 porro
1373 2910 1568 2961 autem
1595 2917 1695 2960 vos
1726 2917 1984 2979 quoque,
2024 2918 2058 2960 0

417 2994 662 3077 pessimi
699 2994 968 3056 omnium
1027 2989 1307 3070 ministri,
1344 3008 1714 3070 nequaquam
1749 2990 1964 3068 simtu,
2001 2997 2058 3049 et

413 3102 650 3149 sumam
684 3102 886 3164 pinnas
915 3099 1061 3163 quas
1109 3089 1300 3143 vestra
1331 3090 1592 3142 meretur
1623 3078 2053 3142 inobedientia.

2156 1915 2335 1972 κακῶν
2397 1916 2493 1990 μὲν
2554 1917 2628 1979 εἰς
2687 1922 2762 1990 τῷ
2840 1916 3015 1991 σκότῳ
3073 1919 3275 1996 χαὶρων
3340 1920 3435 1988 τῆς
3505 1920 3738 1987 ἀσεϐείας
3779 1971 3793 1998 ,

2154 2005 2240 2061 καὶ
2298 2005 2396 2071 τὴν
2451 2001 2674 2082 ἂγνοιαν
2726 2004 3115 2079 ἀσπαζόμενος,
3167 2006 3265 2083 αἰέν
3322 2016 3448 2087 γοῦν
3518 2011 3797 2078 ἀπὼλύτως

2154 2092 2251 2173 ἓχε
2307 2096 2438 2170 πρὸς
2469 2097 2528 2150 τὸ
2565 2092 2781 2173 λαλεῖν,
2840 2096 2927 2151 καὶ
2987 2093 3153 2169 μηδὲν
3189 2096 3326 2154 ἔστω
3353 2104 3422 2176 τῇ
3450 2098 3666 2179 γλώττῃ
3713 2124 3796 2158 σου

2153 2184 2582 2259 προσιστάμενον
2623 2199 2636 2213 ⁸
2700 2190 2777 2257 τῷ
2835 2182 2887 2240 δὲ
2918 2183 3129 2242 λύονται
3172 2187 3270 2260 μὲν
3318 2189 3384 2245 τὰ
3434 2194 3530 2257 τῆς
3559 2189 3794 2268 γλώττης

2155 2275 2307 2337 εὕθὺς
2357 2272 2577 2352 χαλινὰ,
2647 2275 2704 2330 Οἱ
2762 2271 2815 2328 δὲ
2846 2273 3115 2354 ὀφθαλμοὶ
3165 2281 3261 2344 της
3307 2282 3492 2358 ψυχῆς
3542 2287 3636 2337 τοῦ
3684 2280 3794 2338 ἐπι-

2152 2366 2508 2439 προσθοῦντος
2574 2364 2752 2428 αὖτοϊς
2825 2362 3009 2442 νέφους
3063 2363 3302 2441 οὖδαμῶς
3359 2367 3618 2449 λύονται,
3682 2369 3791 2426 ἀλλ’

2150 2450 2328 2528 ὥσπερ
2387 2449 2592 2514 οὖῖενος
2665 2473 2846 2508 καινου
2904 2454 3212 2535 γενομένου,
3303 2454 3419 2513 οὔδε
3488 2460 3788 2532 πεπονθὼς,

2143 2541 2348 2601 ἐκεῖνος
2411 2539 2581 2618 οὒδέν,
2634 2547 2738 2597 τῖιν
2808 2542 3183 2619 προλαϐόντων
3225 2545 3528 2614 ἀκολοὺθως
3581 2548 3790 2629 εἴχετο,

2141 2632 2229 2685 καὶ
2317 2630 2453 2684 κατά
2536 2636 2640 2687 τῶν
2713 2633 3082 2709 περιεστώτων
3132 2633 3223 2690 ὑπ’
3280 2636 3502 2714 ἀπορίας
3585 2638 3793 2718 ἀφεῖναι

2143 2720 2238 2785 τὴν
2296 2719 2458 2796 ὀργὴν
2515 2720 2861 2800 βουλόμενος,
2913 2736 3005 2779 οἷα
3062 2733 3189 2799 γοῦν
3236 2725 3498 2806 αἰσχύνης
3528 2726 3630 2795 τὴν
3689 2732 3794 2804 ψυ-

2145 2807 2255 2889 χὴν
2312 2807 2679 2888 πληρούμενος
2729 2812 2793 2866 τα
2842 2809 2937 2884 μέν
2969 2812 3123 2870 Κιτά
3152 2815 3244 2870 τὸν
3274 2813 3603 2892 Ἀκίνδυνον,
3656 2814 3791 2898 ἔφη,

2142 2900 2229 2954 καὶ
2281 2915 2402 2961 τους
2476 2900 2568 2955 σὺν
2625 2901 2791 2973 αὒτῷ,
2838 2902 3107 2978 Πηγὲσιόν
3167 2924 3221 2960 τε
3253 2906 3343 2961 καὶ
3389 2909 3481 2962 σὺν
3513 2904 3789 2980 ’Λνεμπό-

2141 2984 2315 3043 διστον
2372 2988 2431 3043 τὸ
2490 2989 2756 3066 προσῆκον
2789 2987 2894 3057 ἤδη
2941 2989 3173 3065 λήψεται
3210 3010 3225 3027 ⁸
3272 2992 3437 3069 πέρας
3466 3041 3485 3068 ,
3519 2998 3616 3051 καὶ
3660 2997 3785 3057 ὕυᾶς

2140 3075 2220 3156 δὲ,
2278 3078 2322 3131 ὦ
2392 3076 2632 3136 κάκιστοι
2703 3078 2917 3135 πάντων
2954 3080 3255 3160 ὑπηρετῶν,
3306 3081 3550 3157 οὒδαμῶς
3626 3083 3779 3140 ἐάσω·

413 3175 590 3240 Jubet
604 3193 744 3252 ergo
768 3170 1255 3253 grabatosafferri
1274 3169 1591 3245 ferreos,et
1612 3168 1764 3247 ignis
1796 3167 2042 3229 multum

2173 3164 2258 3221 λλ⁹
2289 3166 2361 3231 ὡς
2404 3168 2674 3242 προσῆκον
2733 3166 2852 3224 ἐστί
2912 3168 3320 3246 μετελεῡσομαι,
3354 3176 3442 3229 καὶ
3488 3172 3587 3241 τῆς
3632 3175 3783 3231 ἁπειο

414 3268 731 3341 substerni,
765 3267 866 3347 qui
893 3273 1239 3345 aspergatur
1261 3263 1437 3343 adipe
1462 3270 1520 3324 et
1575 3262 1703 3342 pice
1737 3270 1796 3323 et
1825 3267 2044 3336 resina,

410 3367 471 3420 et
498 3366 734 3419 sanctos
748 3355 1100 3418 recumbere
1113 3371 1293 3435 super
1313 3353 1421 3414 hos
1447 3354 1733 3415 cadentes
1748 3350 2046 3430 grabatos.

407 3446 498 3509 Illi
519 3454 716 3509 autem
741 3444 989 3523 perinde
1004 3463 1072 3505 ac
1086 3449 1135 3505 si
1156 3443 1218 3504 in
1232 3442 1485 3523 quodam
1501 3440 1737 3503 roscido
1758 3450 1817 3501 et
1835 3440 2048 3502 florido

405 3546 570 3616 prato
591 3544 792 3597 essent
812 3533 1477 3606 recubaturi,constanti
1504 3531 1674 3594 vultu
1707 3548 2045 3610 magnoque

405 3632 465 3687 et
494 3625 724 3688 exselso
754 3625 957 3686 animo
994 3622 1344 3687 insilierunt
1394 3622 1455 3681 in
1487 3618 2042 3697 grabatos.Deinde

403 3732 538 3775 cum
566 3733 634 3777 se
665 3714 867 3774 multis
896 3711 1059 3774 horis
1093 3710 1524 3789 extendissent,
1557 3708 1852 3772 canebant
1883 3709 2044 3788 psal-

403 3822 565 3866 mum
594 3803 850 3884 tempori
880 3799 1658 3874 convenientem,dicentes:
1695 3798 1872 3876 «Igne
1898 3817 2044 3878 pro-

2133 3254 2273 3320 θείας
2344 3255 2536 3330 ἀξίαν,
2624 3257 2908 3329 ἀπαιτήσω
2992 3259 3089 3327 τὴν
3164 3257 3339 3328 δίκην.
3397 3260 3613 3320 Κελεύιι
3697 3271 3782 3321 οὖν

2132 3343 2375 3423 σιδηροῦς
2456 3344 2738 3426 ἐνεχθῆναι
2818 3344 3165 3430 κραὸὅὶτους,
3228 3358 3329 3417 πῦρ
3389 3372 3449 3407 τε
3505 3353 3783 3433 ὑποστρω-

2130 3437 2284 3503 θῆναι
2338 3435 2538 3514 συχνὸν
2595 3435 2774 3492 στέατι
2830 3438 2918 3494 καὶ
2990 3439 3177 3514 πίσσῃ,
3237 3440 3324 3496 καὶ
3387 3438 3578 3520 ρητίνῃ
3634 3442 3784 3522 ὶπιῤ-

2127 3523 2479 3605 ῥωννύμενον,
2529 3526 2615 3581 διαὶ
2671 3526 2789 3588 τοὺς
2836 3526 3015 3604 ἁγίους
3089 3527 3268 3584 ἐπάνω
3353 3529 3460 3585 τῶν
3548 3553 3785 3607 πεπυρα-

2128 3612 2415 3688 κτωμένων
2494 3614 2689 3670 τούτων
2750 3615 3098 3683 ἀνακλιθῆναι
3181 3614 3522 3693 γραόὅατων,
3590 3621 3650 3678 Οἱ
3733 3619 3785 3676 δέ

2127 3701 2305 3783 ὥσπερ
2373 3704 2446 3766 είς
2483 3705 2692 3779 Λιμῶνα
2743 3727 2860 3761 τινα
2927 3703 3163 3783 δροσώδη
3195 3710 3283 3764 καὶ
3341 3708 3567 3789 ἀνθηρὸν
3612 3732 3782 3768 κατα-

2127 3791 2474 3862 κλιθήσεσθαι
2506 3792 2795 3868 μέλλοντες
2828 3795 3073 3874 ἀτρέπτῳ
3117 3797 3386 3871 προσώπμ
3459 3801 3547 3857 καὶ
3633 3798 3785 3879 στερο

400 3892 555 3955 basti
591 3883 887 3972 nos,sicut
917 3891 1197 3970 probatur
1226 3889 1831 3966 argentu:n.Posuisti
1853 3889 2040 3950 afﬂic-

2172 3889 2196 3957 ῥ
2256 3889 2332 3957 τῷ
2381 3884 2705 3963 φρονήματι,
2753 3897 2871 3950 τοῖς
2923 3883 3247 3963 κραϐϐέτοις
3302 3888 3584 3958 ὲνήλαντο,
3653 3889 3787 3948 Εἶτα

399 3981 591 4043 tiones
622 3969 798 4061 super
829 3969 1006 4040 dorsa
1035 3988 1237 4039 nostra
1263 3979 1352 4056 3,»
1390 3984 1448 4038 et
1477 3997 1491 4038 :
1530 3978 1615 4039 Da
1641 3985 1706 4037 ut
1737 3994 1946 4053 magno
1980 3985 2039 4038 et

2180 3972 2470 4035 κτείναντες
2533 3973 2751 4037 ἑαυτοὺς
2833 3975 2926 4031 επὶ
2978 3974 3209 4039 πολλαῖς
3273 3991 3396 4043 ταῖς
3465 3977 3655 4056 ὥραις,
3713 3983 3787 4052 τῷ

395 4070 533 4132 forti
562 4071 764 4132 animo
795 4068 1058 4131 feramus
1087 4085 1190 4128 eos
1209 4065 1312 4143 qui
1337 4067 1570 4138 adsunt,
1603 4067 1927 4128 cruciatus.
1956 4067 2037 4128 Da

2172 4064 2290 4139 ιιρῷ
2354 4063 2646 4142 πρόσφορον
2701 4061 2894 4140 ἐπῇδον
2953 4063 3196 4141 ψαλμὸν,
3257 4064 3566 4145 Ἐπύρωσας
3621 4070 3783 4143 ἡμᾶς,

395 4160 574 4223 etiam
604 4156 1178 4223 circumsistentibus
1207 4163 1270 4216 ut
1289 4162 1613 4235 agnoscant
1636 4171 1856 4217 nomen
1887 4171 2032 4217 san-

2172 4150 2296 4229 ύριε,
2355 4150 2601 4231 λέγοντες
2637 4200 2653 4228 ,
2713 4157 2786 4219 ὡς
2840 4161 3089 4232 τυροῦται
3159 4159 3220 4214 τὸ
3305 4158 3572 4236 ἀργύριον
3659 4159 3775 4215 ἔθου

395 4258 555 4312 ctum
588 4258 777 4325 tuum,
810 4247 1026 4329 quibus
1055 4254 1115 4310 et
1145 4253 1303 4307 tuam
1326 4246 1638 4323 virtutem,
1672 4253 1734 4308 et
1765 4255 1866 4306 tua
1898 4253 2037 4307 nota

2172 4240 2318 4316 ,ίψεις
2356 4241 2441 4298 ἐπὶ
2501 4241 2604 4298 τῶν
2637 4243 2816 4299 νώτων
2845 4245 3023 4325 ἡμῶι,
3059 4246 3147 4302 καὶ
3203 4244 3292 4311 δός
3348 4247 3624 4328 ἐμψύχως
3684 4249 3776 4313 τὰς

397 4338 592 4403 fecisti
627 4338 935 4403 miracula.

2172 4332 2386 4408 κρούσας
2441 4333 2585 4406 ἡμᾶς
2643 4329 2934 4411 διενεγκεῖν
3020 4335 3277 4412 τιμωρίας
3326 4382 3340 4397 .
3408 4338 3512 4401 Δὸς
3571 4335 3629 4394 δὲ
3686 4338 3778 4395 καί

2117 4432 2235 4485 τοῖς
2293 4428 2639 4500 περιεστῶσιν
2680 4420 2968 4501 ἐπιγνῶιαί
2996 4445 3090 4482 σου
3120 4426 3182 4480 τὸ
3212 4423 3364 4502 ἅγιον
3435 4423 3634 4509 ὄνομα,
3693 4439 3777 4493 οἷς

2116 4511 2209 4567 καί
2240 4511 2339 4577 τὴν
2368 4509 2583 4587 δύναμιν
2613 4511 2710 4568 καῖ
2737 4513 2804 4571 τα
2842 4514 3110 4589 θαυμάσια
3152 4535 3247 4570 σου
3290 4513 3618 4593 ὲγνώρισας.

2189 4599 2270 4661 Ζ’.
2322 4608 2495 4659 Ταῦτα
2553 4602 2754 4658 τούτων
2807 4603 3090 4680 εἰπόντων,
3151 4605 3303 4684 φωνή
3349 4604 3410 4663 ἐκ
3454 4608 3560 4663 τῶν
3622 4606 3775 4688 ούρα-

2105 4695 2205 4746 νῶν
2262 4691 2490 4760 ἠκούετο
2549 4689 2773 4769 λέγουσα
2810 4709 2826 4724 ⁵
2889 4691 3140 4771 Ἔπείπερ
3197 4692 3374 4773 ἔργοις
3452 4695 3554 4764 τὴν
3621 4700 3765 4774 ὑμῶν

2108 4781 2280 4837 πίστιν
2335 4777 2711 4861 ἐϐεϐαιώσατε,
2773 4785 2847 4846 ὡς
2877 4781 3028 4861 ἔργον
3079 4782 3215 4860 ὑμῖν
3268 4786 3456 4843 καὶτᾶ
3511 4788 3623 4842 τῶν
3678 4788 3767 4844 αἶα

2106 4870 2361 4944 τημάτων
2414 4867 2696 4938 ἐκϐήσεται
2729 4915 2745 4934 ,
2806 4874 2969 4936 Εὔθυς
3026 4875 3115 4930 οὖν
3174 4872 3452 4941 ἠκολούθει
3515 4879 3586 4951 τῇ
3662 4877 3775 4949 θείᾳ

2106 4960 2270 5037 ταύτῃ
2320 4964 2469 5039 φωνῇ
2511 4961 2599 5016 καὶ
2641 4961 2707 5015 τα
2757 4961 3068 5040 πράγματα.
3124 4961 3247 5025 Τῶν
3305 4964 3407 5043 γὰρ
3464 4965 3768 5044 περιεστώ-

2105 5073 2211 5106 των
2279 5047 2394 5106 ὅσοι
2457 5048 2654 5115 ταύτης
2706 5048 2927 5107 ἀκοῦσαι
2981 5049 3413 5129 κατηξιώθησαν,
3474 5053 3563 5117 εἷς
3606 5053 3773 5130 μόνος

2107 5137 2361 5206 ἐϐόησαν·
2424 5139 2556 5202 Θεὸς
2615 5138 2817 5207 ἀληθης
2863 5139 2920 5196 ἄν
2976 5143 3023 5197 οἱ
3085 5142 3344 5221 μαρτυρες
3377 5139 3652 5220 σέϐουσιν,
3686 5143 3773 5209 εἷς

2107 5229 2350 5310 ἰσχυρὸς,
2416 5226 2502 5293 εἷς
2556 5225 2849 5311 ἀήττητος,
2922 5239 3012 5287 καὶ
3070 5229 3211 5299 πλὴν
3277 5233 3437 5290 αὗτοῦ
3497 5231 3594 5289 οὒκ
3653 5231 3764 5292 ἔστι

2107 5322 2257 5384 Θεὸς.
2323 5318 2588 5397 Μακάριοι
2640 5318 2812 5377 τοίνυν
2866 5318 3048 5399 ὑμεῖς,
3104 5321 3152 5375 οἱ
3210 5325 3311 5389 τῆς
3368 5321 3423 5378 ἐν
3480 5327 3552 5400 γῇ
3607 5321 3772 5380 αὐτοῦ

2104 5407 2389 5484 ἐπιδημίας
2445 5405 2720 5488 γενόμενοι
2782 5408 3045 5489 μάρτυρες
3078 5453 3098 5488 ,
3155 5409 3258 5468 καί
3315 5407 3405 5467 διὰ
3461 5411 3554 5468 τόν
3613 5413 3776 5473 αὗτοῦ

469 4606 750 4672 VII.Cum
774 4607 814 4669 ii
836 4604 1148 4678 dixissent,
1173 4605 1372 4669 audita
1401 4612 1493 4668 est
1519 4623 1628 4667 vox
1648 4622 1682 4667 e
1713 4603 1901 4680 caelis,
1930 4603 2019 4665 di-

390 4716 531 4762 cens
566 4697 897 4771 :Quoniam
918 4695 1085 4759 factis
1115 4704 1370 4758 vestram
1395 4694 1570 4756 ﬁdem
1604 4693 2021 4775 conﬁrmastis,

384 4796 596 4851 vestra;
623 4786 943 4870 petitiones
957 4784 1330 4848 deducentur
1345 4785 1418 4847 ad
1438 4783 1907 4847 effectum.Hanc
1921 4801 2020 4847 er-

383 4896 458 4958 go
482 4878 742 4942 divinam
773 4894 975 4939 vocem
1021 4875 1270 4938 effectus
1295 4874 1491 4937 statim
1519 4881 1612 4937 est
1641 4882 2020 4936 consecutus.

381 4966 529 5031 Nam
546 4969 886 5051 quicunque
897 4983 971 5028 es
992 4963 1569 5027 circumsistentibus
1582 4963 1742 5051 digni
1762 4964 2022 5025 suntha-

382 5050 626 5135 biti,qui
640 5075 772 5121 eam
802 5053 1642 5130 audirent,exclamaverunt:
1680 5050 1840 5115 Unus
1862 5052 2025 5113 solus

382 5154 471 5209 est
489 5164 661 5209 verus
683 5146 1046 5228 Deus,quem
1070 5142 1277 5206 colunt
1308 5151 1618 5224 martyres,
1643 5159 1800 5204 unus
1828 5142 2020 5222 fortis,

381 5255 538 5299 unus
575 5235 853 5316 invictus,
885 5243 943 5298 et
975 5242 1189 5314 praeter
1219 5239 1410 5313 ipsum
1444 5252 1564 5295 non
1598 5242 1687 5294 est
1716 5228 2023 5296 Deus.Vos

382 5344 523 5406 ergo
541 5326 683 5390 estis
699 5322 985 5404 beati,qui
1017 5323 1309 5386 adventus
1332 5323 1465 5402 ejus
1494 5323 1553 5384 in
1578 5330 1795 5385 terram
1827 5320 2022 5383 fuistis

380 5424 585 5498 testes,
609 5421 666 5477 et
696 5420 936 5497 propter
955 5412 1087 5492 ejus
1113 5411 1477 5474 desiderium
1492 5411 1723 5474 animas
1745 5410 1821 5473 ad
1848 5427 2016 5473 mor-

481 5604 508 5649 9
533 5604 690 5669 Psal.
723 5602 1011 5680 xxxxv,l.
1090 5602 1122 5653 3
1169 5601 1320 5663 Psal.
1354 5616 1454 5663 ιι.
