3906 6136
403 318 480 384 23
1701 316 1982 381 MENSIS
2023 317 2465 381 NOVEMBEB.
3705 312 3787 376 24

403 462 499 518 tur
521 454 594 517 ad
623 460 900 518 mortem.
938 450 1172 516 Deinde
1203 454 1338 515 cum
1370 451 1443 513 ad
1468 453 1663 515 locum
1695 450 1945 533 perveni:

2243 472 2322 514 to:
2378 453 2515 511 Εἶτα
2570 452 2659 508 τὸν
2716 450 3010 532 ὡρισμένον
3083 449 3247 508 τόπον
3304 445 3619 507 καταλαϐὼν
3680 448 3785 514 τὴν

407 544 747 616 deﬁnitum,
778 542 1022 606 beatum
1084 549 1259 623 caput
1309 540 1363 603 ei
1413 549 1767 621 amputatur,
1804 548 1863 602 et
1909 559 1949 622 a;

2247 541 2410 619 ιαρίαν
2464 540 2818 616 ἀποτέμνεται
2906 539 3168 621 κεφαλὴν,
3228 543 3314 597 καὶ
3371 546 3446 614 τῷ
3513 543 3627 611 Θεῷ
3686 537 3789 602 τὴν

407 632 597 697 Deum
653 632 885 695 beatam
920 630 1172 712 deponit
1202 631 1485 693 animam.
1536 629 1646 703 Qui
1677 637 1873 692 autem
1907 631 1949 693 ft

2253 632 2333 710 χὴν
2390 631 2757 708 παρατίθησιν,
2811 633 2881 689 Οὸ
2936 629 2988 686 δὲ
3033 629 3429 710 παρατυχόντες
3483 628 3795 703 Χριστιανοὶ

409 723 661 787 aderant
689 720 1035 792 Christiani,
1073 739 1206 783 cum
1248 719 1422 781 veluti
1453 719 1527 781 ad
1578 720 1896 800 quemdam
1930 730 1945 780 t

2251 720 2383 798 άπερ
2441 721 2538 777 τινὶ
2600 724 2846 800 θησαυρῷ
2903 718 3350 798 προσδραμόντες,
3382 720 3468 774 καὶ
3524 721 3792 795 καθαραῖς

406 829 646 874 saurum
679 810 1177 889 accurrissent,et
1198 810 1435 871 mundis
1459 808 1812 870 sindonibus
1845 825 1948 888 pro

2254 810 2345 865 ἱόσι
2402 811 2462 865 τὸ
2521 809 2690 885 τίμιον
2747 814 2903 868 αὖτοῦ
2973 808 3220 885 λείψανον
3281 806 3674 885 ἒνειλήσαντεῖ,
3743 804 3796 860 ἐν

407 918 502 963 sas
532 902 665 982 ejus
694 900 985 982 reliquias
1017 900 1421 971 invotvissent,
1457 906 1518 958 in
1552 897 1748 959 loculo
1778 896 1949 976 (lepos

2258 898 2519 974 ισσοκύμῳ
2576 899 2874 974 κατέθεντο,
2911 899 2986 955 ἔτι
3032 900 3127 956 καί
3156 898 3253 966 τὴν
3314 901 3419 955 τῶν
3451 894 3800 962 συναθλητῶν

406 996 574 1066 runt,
604 988 1183 1051 consummationem
1215 986 1516 1048 sociorum
1550 986 1678 1064 ejus
1731 984 1923 1047 adhuc

2257 998 2310 1047 οὗ
2366 986 2637 1045 τελείωσιν
2689 987 3059 1068 ἐκδεχόμενοι,
3092 988 3187 1044 ἵνα
3235 989 3449 1063 μείζονα
3478 986 3571 1041 τὸν
3629 982 3799 1041 πλοῦ-

413 1087 779 1158 spectantes,
819 1085 884 1140 ut
942 1077 1204 1157 majores
1263 1075 1496 1137 divitias
1546 1074 1633 1135 sic
1688 1073 1799 1135 sibi
1852 1093 1950 1135 rec

1546 1074 1633 1135 sic
1688 1073 1799 1135 sibi
1852 1091 2066 1135 recon-
2150 1098 2241 1133 τον
2273 1076 2437 1141 οὕτως
2469 1079 2676 1140 ἐαυτοις
2708 1079 3082 1157 θησαυρίσωσι.

414 1167 650 1231 derent.

483 1256 645 1323 XIII.
667 1257 808 1319 Post
838 1257 963 1317 haec
994 1255 1216 1316 sanctis
1229 1254 1371 1317 dicit
1393 1274 1495 1317 rex
1523 1277 1535 1318 :
1573 1254 1660 1318 Ne
1684 1255 2025 1318 existimetis

2251 1245 2330 1317 Γ’,
2397 1256 2542 1312 Μετὰ
2595 1266 2780 1330 ταῦτα,
2838 1260 2968 1333 πρὸς
3024 1258 3143 1316 τοὺς
3196 1256 3375 1333 ἁγίους
3427 1257 3454 1311 ὁ
3512 1253 3793 1331 βασιλεὺς,

382 1350 617 1430 inquit,
646 1365 744 1408 me
791 1343 959 1408 vobis
989 1363 1155 1425 aeque
1186 1344 1374 1406 levem
1429 1364 1496 1407 ac
1527 1344 1761 1407 facilem
1798 1364 1924 1407 mor

2287 1346 2566 1425 νομίσητε,
2617 1347 2799 1425 φησὶν,
2859 1344 2939 1402 ὅτι
2993 1347 3079 1401 καὶ
3135 1346 3262 1419 ὑμῖν
3318 1345 3455 1401 οὕτω
3515 1341 3793 1420 σγηεδισίσω

403 1440 744 1509 allaturum,
769 1441 946 1516 atque
978 1434 1129 1495 male
1161 1433 1470 1515 perdendo
1496 1434 1866 1516 Aphthonio.
1905 1433 1945 1495 N

2286 1432 2533 1514 θάνατον,
2570 1438 2661 1491 οἷα
2693 1432 2757 1503 δὴ
2791 1436 2878 1490 καὶ
2909 1442 2985 1510 τῷ
3040 1440 3218 1499 κακῶς
3248 1432 3571 1509 ἀπολομένῳ
3621 1436 3794 1509 γεγο-

405 1526 689 1609 paulatim
747 1522 1151 1586 acerbissimis
1208 1524 1517 1586 tormentis
1564 1543 1777 1586 carnes
1831 1535 1947 1587 vest

2257 1521 2537 1603 Ἀιρθονίῳ·
2588 1523 2706 1579 κατ’
2757 1522 2937 1601 ὀλίγον
2989 1524 3088 1603 γὰρ
3117 1524 3368 1601 βασάνοις
3416 1524 3791 1601 πικροτάταις,

409 1633 790 1689 consumens,
826 1611 1227 1674 miserabilem
1281 1613 1450 1675 vobis
1484 1623 1732 1676 mortem
1780 1616 1951 1676 aii'era

2314 1613 2465 1686 ὑμῶν
2523 1610 2802 1676 ἀναλώσας
2890 1614 3113 1692 σάρκας,
3174 1611 3310 1669 οὕτω
3366 1614 3456 1668 τὸν
3515 1610 3794 1668 οἴκτιστον

406 1707 546 1771 Haec
596 1723 731 1766 cum
765 1701 1031 1774 dixisset,
1068 1699 1323 1764 bubulos
1365 1702 1540 1782 jubet
1567 1704 1769 1765 atl‘erri
1820 1704 1948 1765 cule

2252 1724 2266 1755 ιν
2325 1698 2523 1757 ἐποίσω
2574 1702 2815 1761 θάνατοι.
2876 1712 3050 1761 Ταῦτα
3105 1703 3289 1775 εἰπὼν,
3323 1699 3524 1758 κελεύει
3586 1702 3794 1777 βοείους

407 1805 466 1858 et
481 1802 721 1857 sanctos
744 1793 802 1853 in
835 1810 937 1854 eos
958 1790 1126 1872 injici
1157 1799 1469 1871 martyres,
1492 1791 1711 1853 deinde
1741 1792 1802 1853 in
1834 1812 1949 1871 aqu

2248 1791 2426 1868 ίθῆναι
2482 1789 2762 1870 θυλάκους,
2810 1790 2863 1847 ἐν
2917 1792 3099 1852 αὖτοῖξ
3166 1814 3221 1848 τε
3259 1793 3382 1847 τοὺς
3444 1791 3626 1869 ἁγίους
3689 1790 3790 1865 ἐμ-

418 1882 683 1947 immitti.
718 1878 845 1943 Hoc
874 1889 1071 1942 autem
1104 1898 1235 1940 cum
1263 1879 1480 1941 factum
1500 1882 1960 1945 essetmaximat

2251 1883 2403 1945 θῆναι
2462 1879 2749 1958 μάρτυρας,
2785 1885 2906 1937 εἶτα
2963 1889 3038 1955 τῷ
3093 1879 3238 1938 ὕδατι
3293 1881 3571 1960 ἀφεθῆναι.
3656 1882 3793 1939 Tuti-

405 1974 659 2046 leritate,
687 1976 771 2033 eis
802 1970 1011 2032 beatus
1039 1976 1284 2049 apparet
1304 1971 1691 2051 Aphthonius
1713 1972 1890 2033 simul
1924 1991 1947 2033 ε

2313 1968 2471 2047 τείχει
2542 1968 2725 2043 πολλῷ
2802 1971 3110 2049 γενομένου,
3175 1972 3203 2027 ὀ
3282 1970 3549 2047 μακάριος
3607 1970 3794 2031 αὔτως

414 2061 629 2137 tribus,
661 2060 886 2123 indutis
916 2059 1184 2121 candidis
1227 2060 1510 2137 vestibus,
1545 2080 1800 2141 quorum
1863 2061 1956 2122 div

2250 2058 2414 2120 θύνιος
2488 2058 2595 2131 ἅμα
2675 2057 3119 2139 λευχέιμονοῦσιν
3190 2061 3355 2138 τρισὶν
3430 2059 3792 2137 ἐπιφαίνεται,

407 2154 633 2213 virtute
677 2149 1131 2230 disrumpuntur
1160 2148 1337 2225 culei,
1371 2160 1426 2211 et
1489 2162 1661 2212 terrze
1694 2151 1864 2213 illaesi
1915 2169 1949 2212 re

2274 2150 2360 2203 καὶ
2427 2146 2641 2221 δυνάμει
2699 2150 2811 2221 θείᾳ
2893 2151 2939 2205 οἱ
2994 2149 3211 2206 θύλακοι
3270 2146 3664 2226 διαρρήγνυντι,
3728 2154 3796 2223 τῇ

407 2242 632 2304 duntur
680 2238 754 2302 ab
788 2243 874 2300 eis
906 2247 1213 2321 martyres.
1264 2240 1406 2301 Cum
1441 2240 1529 2301 sic
1580 2260 1721 2320 ergo
1754 2260 1949 2323 COItSpt

2248 2243 2323 2311 σῷ
2375 2257 2433 2293 τε
2463 2237 2550 2291 ὑπ’
2607 2237 2779 2293 αὐτῶν
2834 2236 3084 2304 ἀϐλαϐεῖς
3116 2244 3161 2297 οἱ
3192 2238 3331 2316 ἅγιοι
3393 2236 3788 2313 παραδίδονται·

411 2330 666 2393 fuissent
716 2346 751 2391 a
782 2336 1051 2409 tyranno,
1087 2328 1379 2390 arbitrans
1423 2328 1526 2391 ille
1576 2349 1694 2392 non
1724 2330 1908 2393 fuisse

2250 2329 2292 2381 εὶ
2346 2326 2433 2382 οὖν
2488 2326 2650 2392 οὕτως
2706 2325 2956 2407 ὤφθησαν
3012 2335 3089 2402 τῷ
3146 2327 3403 2406 τυράννῳ,
3436 2325 3588 2393 δόξας
3643 2328 3792 2384 ἐκεῖα

406 2429 590 2495 ctum,
617 2418 775 2500 quod
808 2417 936 2499 ipse
953 2417 1237 2497 jusserat,
1265 2418 1461 2482 statim
1494 2421 1754 2482 surrexit
1785 2420 1855 2481 ad
1910 2439 1948 2482 si

2287 2417 2412 2472 αὖτὸ
2467 2414 2879 2490 κεκελευσμένον
2934 2417 3021 2473 ὑπ’
3081 2420 3236 2474 αύτοῦ
3290 2415 3623 2489 τελεσθῆναι,
3663 2419 3792 2494 πρὸς

407 2509 644 2591 plicium
687 2506 1049 2569 sumendum
1079 2507 1155 2569 de
1196 2507 1529 2584 lictoribus,
1564 2518 1624 2569 et
1651 2509 1845 2570 statim
1879 2510 1943 2590 ju

2295 2505 2429 2561 κατὰ
2488 2510 2591 2560 τῶν
2637 2503 2843 2580 δημίων
2899 2506 3043 2567 εὒθῦς
3087 2506 3332 2562 ἀνίστατο
3390 2507 3673 2581 τιμωρίαν,
3709 2507 3794 2562 καὶ

407 2616 620 2661 eorum
651 2614 863 2657 manus
883 2596 1177 2674 amputari
1209 2596 1401 2676 gladio
1428 2619 1444 2669 ;
1478 2607 1645 2659 erant
1676 2606 1871 2659 autem
1909 2618 1942 2680 q

2244 2617 2273 2650 ει
2348 2594 2441 2659 τὰς
2512 2606 2707 2674 χεῖρας
2780 2594 2951 2651 αὗ-τῶν
3024 2594 3317 2661 ἐκκοπῆναι
3394 2593 3786 2652 διεκελεῦσατο⁶

407 2696 546 2747 tuor
577 2702 854 2745 numero.
884 2682 1115 2746 Deinde
1142 2703 1244 2746 eos
1274 2691 1360 2747 sic
1404 2706 1510 2766 pro
1543 2689 1767 2749 sanctis
1819 2689 1949 2749 imu

2250 2705 2392 2761 ταρες
2441 2682 2498 2738 δὲ
2555 2684 2647 2739 τὸν
2701 2685 2919 2760 ἀριθμὸν
2951 2685 3111 2752 ἦσαν’
3150 2681 3265 2742 Εἶθ’
3326 2682 3489 2745 οὕτως
3522 2683 3634 2740 αντὶ
3689 2689 3792 2739 τῶν

406 2775 473 2837 in
503 2772 860 2853 profundum
893 2773 1096 2836 maris.
1127 2773 1293 2847 Quod
1327 2775 1566 2855 quidem
1602 2795 1735 2838 cum
1770 2778 1940 2839 ﬁeret

2250 2794 2310 2828 ut
2365 2773 2552 2838 αὖτοὺς
2616 2780 2691 2844 τῷ
2751 2774 2890 2849 βυθῷ
2947 2776 3047 2840 τῆς
3128 2771 3397 2840 θαλάσσης
3457 2772 3792 2852 ἐναίρεθῆνσι,

412 2865 561 2926 mari
584 2861 983 2940 traderentur,
1017 2863 1428 2926 exclamabant
1463 2885 1477 2926 :
1536 2865 1814 2942 Domine,
1854 2886 1954 2928 exc

2260 2859 2324 2929 δὴ
2378 2861 2665 2939 γενομένου
2724 2867 2791 2938 τῇ
2839 2861 3079 2937 θαλάσσῃ
3134 2861 3576 2940 παραδιδόμενοι,
3616 2863 3793 2939 Κύριε,

412 2961 648 3016 nostros
701 2951 966 3027 spiritus,
1002 2960 1059 3013 et
1090 2973 1225 3015 cum
1286 2956 1507 3017 sanctis
1545 2956 1658 3019 tuis
1707 2958 1954 3039 martyri

2268 2952 2543 3025 πνεύματα
2600 2951 2758 3027 ἡμῶν
2839 2951 3143 3030 πρόσδεξαι,
3204 2950 3459 3026 ἀνεϐόων,
3530 2953 3616 3007 καὶ
3674 2952 3793 3013 τοῖς

412 3060 524 3105 nos
571 3041 680 3103 etsi
710 3041 896 3103 simus
946 3042 1196 3122 indigni,
1232 3061 1622 3107 connumera.
1687 3048 1808 3109 Deo
1865 3055 1954 3107 aut

2255 3062 2315 3103 ιις
2371 3063 2463 3097 σου
2521 3041 2743 3120 μάρτυσι
2796 3043 2879 3097 καὶ
2933 3042 3169 3107 ἀναξίους
3227 3039 3380 3105 ὄντας
3432 3046 3575 3115 ἡμᾶς
3637 3064 3797 3098 συνα-

414 3130 641 3194 invisus
697 3138 756 3192 et
813 3131 987 3211 plane
1042 3131 1273 3193 daemon
1328 3132 1635 3213 Saporius,
1673 3153 1805 3195 cum
1868 3145 1953 3197 sta

2251 3152 2425 3197 ιησον,
2496 3125 2547 3188 ἶ.)
2607 3131 2785 3205 μέντοί
2834 3131 3107 3205 θεομισὴς,
3168 3130 3266 3187 καί
3316 3130 3633 3209 αὗτόχοημα
3680 3131 3793 3186 δαί-

414 3220 623 3284 beatos
651 3221 829 3294 viros,
849 3220 1249 3301 Acindynum,
1271 3222 1533 3302 inquam,
1561 3232 1619 3284 et
1644 3224 1955 3303 Pegasium

2251 3246 2264 3275 θ
2325 3220 2626 3297 Σσπώριος,
2688 3220 2808 3280 τοὺς
2877 3241 3165 3297 μακαρίους
3224 3218 3435 3296 ἄνδρας,
3495 3217 3793 3275 Ἀκίνδυνον

419 3310 913 3391 Anempodistum
942 3310 1223 3390 jussisset
1269 3310 1496 3373 includi
1525 3311 1586 3373 in
1639 3331 1901 3389 carcere,
1937 3314 1951 3373 i

2246 3310 2314 3380 ιῖ,
2357 3310 2621 3386 Πηγάσιον
2677 3311 2765 3365 καὶ
2823 3310 2912 3364 τὸν
2972 3305 3388 3384 Ἀνεμπόδιστον
3442 3312 3517 3382 τῷ
3574 3305 3788 3383 δεσμωι

419 3400 683 3481 seipsum
718 3399 1067 3479 gravissime
1095 3399 1420 3481 cruciabat,
1453 3401 1662 3464 anxius
1691 3413 1936 3483 propter

2244 3400 2312 3469 ίῳ
2382 3397 2833 3465 κατακλεισθῆναι
2891 3396 3169 3469 κελεύσας,
3226 3399 3380 3461 αὒτὸς
3440 3398 3627 3455 ἑαυτοῦ
3698 3421 3786 3454 κο-

416 3495 764 3570 praasentes,
801 3494 860 3550 et
912 3487 1138 3569 magnis
1164 3490 1350 3551 animi
1395 3490 1676 3553 ﬂuctibus
1702 3491 1956 3570 agitatus

2250 3488 2349 3555 τὴς
2403 3491 2470 3556 ἦν
2518 3488 2834 3565 βαρύτατος,
2868 3487 3042 3543 ἀλύων
3102 3487 3188 3544 ἐπὶ
3246 3499 3364 3551 τοῖς
3420 3495 3642 3565 παροῦσι
3700 3486 3790 3543 καί

415 3595 531 3640 nec
559 3577 759 3640 cibum
790 3576 1033 3659 quidem
1065 3579 1306 3641 omnino
1337 3597 1578 3642 sumere
1608 3581 1948 3644 sustinens.

2254 3575 2331 3649 λῷ
2393 3578 2616 3656 ταράχῳ
2667 3578 2763 3644 τὴν
2814 3577 2999 3656 ψυχὴν
3050 3577 3460 3655 κυμαινὸμενος,
3512 3578 3601 3631 καὶ
3653 3574 3793 3651 μηδέ

1118 3684 1135 3695 ‘
2145 3671 2344 3746 τροφῆς
2377 3665 2515 3731 ὅλως
2546 3666 2848 3746 μετασχεῖι
2879 3666 3230 3746 ἀνεχόμενος.

495 3753 642 3819 XIV.
677 3755 759 3820 Iis
783 3773 944 3836 ergo,
979 3756 1079 3837 qui
1112 3757 1334 3839 primas
1366 3767 1569 3840 partes
1595 3758 1751 3840 apud
1778 3777 1914 3821 eum
1950 3757 2025 3820 ob

2259 3753 2338 3818 A'.
2372 3755 2504 3819 Τούς
2538 3754 2626 3811 οὖν
2681 3752 2769 3810 ὑπ’
2799 3754 2986 3827 ἐκείνῳ
3035 3755 3102 3811 τὰ
3134 3758 3315 3832 πρῶτα
3344 3754 3598 3834 φέροντας
3658 3779 3794 3833 συξ-

412 3845 706 3919 tinebant,
738 3847 1119 3910 convocatis:
1157 3847 1278 3911 Cur
1322 3868 1417 3910 me
1448 3850 1640 3911 solum
1672 3848 1892 3926 inquit,
1930 3866 1954 3910 r

2254 3846 2431 3921 άσας,
2493 3844 2642 3902 Διατί
2725 3864 2793 3918 με
2879 3845 3085 3919 μόνον,
3148 3844 3323 3919 εἷπε,
3376 3842 3796 3902 καταλελοίπατε

416 3934 630 4015 quistis
658 3932 720 3996 in
750 3933 863 4009 his,
903 3953 1033 4016 quae
1062 3947 1199 3999 sunt
1235 3939 1559 4019 proposita,
1594 3938 1868 3999 laborare
1905 3959 1917 3999 :
1955 3939 1958 3996 ὲ

2258 3956 2371 3990 ,νειν
2425 3935 2512 3989 επὶ
2543 3946 2662 3997 τοῖς
2692 3931 3097 4009 πρασκειμὲνοις
3133 3953 3147 3995 :
3182 3933 3326 3990 αὐτοὶ
3382 3929 3437 3988 δὲ
3466 3932 3567 3999 τὴν
3632 3933 3800 4013 ἄπρα-

417 4031 617 4087 autem
661 4023 916 4086 otiosum
948 4024 1253 4103 delegistis
1304 4026 1632 4101 silentium,
1692 4044 1802 4087 nec
1863 4044 1959 4086 ver

2258 4047 2276 4077 ν
2332 4023 2562 4101 ἡσυχίαν
2614 4020 2820 4092 ἕλεσθε,
2856 4020 3024 4096 μηδὲν
3080 4024 3218 4096 μήτε
3270 4021 3415 4099 λόγῳ
3473 4023 3611 4095 μήτε
3664 4023 3800 4102 ἔργῳ

415 4131 531 4175 nec
592 4109 746 4175 facto
805 4112 990 4177 ullam
1046 4133 1221 4196 opem
1281 4116 1428 4178 mihi
1483 4115 1749 4178 ferentes
1784 4113 1957 4177 ?Sed

2303 4111 2671 4189 συναιρόμενοι
2711 4131 2726 4188 ς
2785 4108 2933 4167 Ἀλλ’
2966 4113 3010 4167 εἱ
3062 4111 3159 4186 μὲν
3204 4114 3385 4168 καινόν
3415 4132 3465 4165 τι
3515 4114 3603 4166 καὶ
3664 4113 3797 4168 ἀσύ-

419 4199 651 4281 aliquid
699 4202 938 4283 quidem
974 4204 1111 4265 novi
1143 4214 1202 4268 et
1239 4205 1463 4267 insoliti
1495 4205 1668 4267 velim
1700 4204 1935 4284 aﬂ‘erre,

2258 4222 2307 4264 ες
2367 4201 2689 4278 εἰσενεγκεῖν
2744 4200 3083 4275 βουληθείην,
3120 4200 3265 4261 εύθὺς
3324 4201 3457 4273 ὑμᾶς
3515 4220 3800 4277 προσιστα-

417 4294 613 4358 statim
635 4291 827 4355 habeo
860 4293 1207 4357 resistentes
1228 4307 1287 4356 et
1315 4295 1717 4356 reluctantes."
1741 4294 1912 4356 Nunc
1954 4316 1959 4350 ;

2258 4311 2342 4354 ους
2396 4288 2512 4368 ἔχω
2540 4291 2627 4344 καὶ
2688 4290 3119 4351 ὰίοτιπίπτοντ-ας.
3177 4289 3385 4347 Νυνίδὲ
3432 4291 3553 4369 οὒχί
3616 4296 3800 4346 καινοῦ

418 4392 540 4449 tem
562 4401 697 4447 cum
726 4382 881 4447 nihil
908 4385 1046 4445 novi
1069 4384 1496 4459 introducatur,
1534 4383 1637 4445 sed
1669 4383 1919 4461 patrium
1956 4403 1960 4442 ι

2255 4403 2294 4445 ις
2378 4377 2856 4458 παρεισαγομέςου,
2940 4376 3077 4434 ἀλλᾶ
3158 4385 3250 4435 τοῦ
3320 4379 3567 4456 πατρῴου
3645 4380 3797 4453 ἡμῶν

419 4481 605 4536 atrum
662 4472 877 4552 dogma
925 4473 1292 4553 despiciatur
1335 4483 1394 4534 et
1446 4492 1521 4534 ne
1554 4473 1724 4533 cadat
1762 4474 1958 4532 veniat

2254 4490 2416 4544 ματος
2501 4467 2978 4548 περιφρονουμένου
3071 4469 3160 4524 καὶ
3246 4465 3523 4524 διαπεσεῖν
3627 4466 3796 4523 κινδυ·

420 4561 775 4644 periculum,
803 4569 861 4622 et
890 4562 1036 4622 nulli
1068 4572 1324 4624 vestrum
1360 4564 1552 4623 veniat
1585 4561 1644 4622 in
1681 4569 1962 4635 mentem,

2250 4581 2414 4632 οντος,
2467 4558 2554 4615 γαὶ
2614 4558 2798 4632 μηδενὶ
2881 4558 3028 4632 ὑμῶν
3085 4554 3222 4631 μηδὲ
3283 4558 3446 4637 μέχρι
3505 4560 3792 4637 σχήματος

426 4651 591 4712 vultu
624 4649 864 4731 quidem
889 4649 1153 4713 dolorem
1174 4668 1300 4732 pm
1326 4669 1393 4712 se
1417 4651 1597 4724 ferre,
1622 4650 1697 4711 de
1716 4669 1950 4711 summa

2248 4648 2343 4704 ἐἶν
2410 4647 2666 4722 ἐκιόντος,
2726 4647 2911 4724 ἀπορῶ
2986 4650 3101 4711 τοῖς
3160 4645 3305 4707 ὅλοις
3363 4648 3450 4702 καὶ
3495 4646 3790 4722 ἀποπνίγο-

421 4739 595 4819 plane
627 4739 801 4801 venio
822 4744 881 4800 in
914 4738 1187 4813 dubium,
1212 4749 1270 4800 et
1294 4737 1526 4800 merere
1551 4756 1792 4801 enecor.
1826 4738 1963 4800 Adl

2260 4786 2272 4798 .
2311 4738 2443 4816 Πρὸς
2504 4745 2667 4794 ταῦτα
2722 4733 3093 4815 Ἐλπιδιφὸρος
3147 4736 3372 4812 πρῶτιος
3424 4736 3496 4792 ὢν
3530 4737 3655 4792 τότε
3699 4739 3792 4802 τῆς

417 4827 878 4908 Elpidephorus,
918 4829 1020 4908 qui
1076 4837 1213 4889 tunc
1271 4835 1398 4889 erat
1430 4828 1656 4907 primus
1711 4836 1950 4890 senatus

2238 4826 2455 4906 τκλήτου
2511 4826 2730 4903 βουλῆς,
2785 4830 2871 4881 καὶ
2929 4825 3025 4893 τῆς
3089 4822 3264 4892 Ἰησοῦ
3316 4824 3543 4888 πίστεως
3602 4824 3780 4881 διάπλ-

421 4917 564 4980 ﬁdei
613 4917 832 4981 Christi
863 4918 1083 4979 ardens
1112 4928 1362 4993 amator,
1400 4925 1456 4979 et
1485 4917 1555 4979 ad
1589 4936 1881 4979 summam
1933 4938 1963 4999 q

2301 4917 2549 4996 ἐραστὴς,
2582 4916 2758 4971 καὶτὸ
2815 4914 2939 4971 ὅλον
2992 4911 3293 4987 Νικόδημός
3348 4936 3428 4976 τις
3462 4915 3551 4971 καὶ
3612 4918 3788 4989 μαθη-

421 5006 557 5069 dam
581 5005 962 5080 Nicodemus,
990 5015 1047 5067 et
1079 5005 1294 5067 Christi
1317 5007 1585 5068 occultus
1603 5006 1963 5087 discipulus:

2246 5031 2251 5068 :
2302 5011 2529 5084 Χριστοῦ
2587 5003 2974 5080 κεκρυμμένος,
3023 5005 3120 5060 Καὶ
3177 5003 3250 5074 τὶ,
3281 5004 3433 5083 φησὶ,
3492 5004 3651 5076 ἡμεῖς
3711 5003 3788 5059 ἐπὶ

419 5113 595 5176 quam
657 5093 787 5172 tibi,
824 5095 1035 5173 inquit,
1074 5110 1109 5157 ο
1167 5112 1294 5171 rex,
1345 5096 1455 5156 hac
1488 5095 1545 5155 iu
1599 5114 1662 5156 re
1694 5115 1864 5176 opem
1913 5095 1961 5156 fe

2250 5118 2363 5157 τους
2451 5094 2797 5171 συναράσσειν
2875 5114 2958 5149 σοι
3035 5089 3317 5167 δυνάμεθα,
3381 5091 3650 5168 βασιλεῦς
3737 5093 3792 5147 οὖ

417 5182 799 5264 possumus?
854 5183 1065 5263 Neque
1114 5185 1274 5245 enim
1325 5184 1586 5266 potentia
1634 5193 1729 5246 tua
1762 5186 1933 5246 nobis

2247 5217 2249 5236 ι
2305 5184 2474 5241 δεῖταί
2505 5206 2595 5240 σου
2643 5196 2705 5238 το
2734 5183 2922 5259 κράτος
2979 5182 3157 5254 ἡμῶν,
3192 5182 3354 5257 πείρᾳ
3421 5202 3469 5236 τε
3500 5187 3604 5236 τῶν
3658 5182 3789 5237 πέν-

422 5272 603 5351 diget,
639 5290 771 5351 quae
801 5290 1002 5333 rerum
1029 5276 1395 5355 experientia
1426 5275 1705 5336 omnibus
1738 5275 1964 5337 antecel

2244 5305 2253 5327 ρ
2308 5273 2570 5355 διαφέρον,
2634 5275 2719 5329 καὶ
2776 5278 2845 5347 τῇ
2905 5270 3159 5347 βουλήσει
3221 5270 3318 5336 τὴν
3379 5269 3597 5343 δύναμιν
3657 5270 3786 5327 ἀκό-

420 5371 479 5422 et
536 5359 720 5421 habes
796 5371 1146 5440 potesta'ein
1222 5365 1503 5425 voluntati
1572 5374 1962 5444 consequentt

2245 5368 2330 5421 θον
2402 5364 2556 5443 ἕλον.
2645 5364 2715 5419 Τὸ
2795 5358 2849 5415 δὲ
2906 5367 3010 5416 τῶν
3090 5365 3467 5437 τιμωρητικῷν
3560 5357 3785 5437 ὀργάδων

419 5448 604 5527 Copia
638 5459 834 5511 autem
865 5449 1425 5526 instrumentorum,
1461 5470 1592 5533 quae
1620 5461 1759 5513 sunt
1811 5471 1961 5533 com]

2244 5456 2481 5530 έόριστον,
2543 5452 2760 5524 ἑτοίμην
2839 5471 2921 5504 σοι
2981 5449 3067 5504 καί
3124 5449 3225 5515 τὴν
3312 5450 3427 5526 περῖ
3488 5454 3594 5504 τῶν
3653 5469 3786 5508 πια-

418 5545 547 5598 rata
593 5537 665 5599 ad
699 5542 1121 5620 torquendum,
1156 5561 1360 5604 eorum
1397 5528 1528 5623 quae
1569 5554 1708 5603 sunt
1764 5528 1960 5602 facien-

2243 5564 2314 5597 ων
2371 5542 2569 5617 σκῆψιν
2602 5543 2779 5617 σαφῶς
2825 5537 3187 5603 ὓποστίθησιν,
3223 5528 3283 5593 Ὀ
3341 5538 3590 5611 τύραννος
3648 5535 3782 5598 αὖθις

419 5635 625 5724 aperte
657 5629 917 5723 suggerit
949 5630 1056 5694 tibi
1086 5631 1608 5711 deliberationem.
1654 5632 1883 5694 Rursus
1913 5630 1961 5692 di

2212 5632 2294 5707 ,σὶ,
2358 5632 2417 5689 Τί
2469 5630 2550 5691 δαὶ
2610 5630 2698 5689 καὶ
2755 5630 2914 5708 μόνος
2972 5627 3081 5709 ἐγὼ
3149 5631 3256 5683 τῶν
3311 5625 3534 5684 ἀνοσίων
3591 5627 3754 5686 τούτω
