3906 6136
272 247 346 312 27

1569 248 1845 317 MENSIS
1890 246 2332 312 NO‘VEMBER.

3562 240 3641 307 28

268 378 459 443 Deum
510 378 706 441 vivum
765 386 828 443 et
883 378 1123 445 fortem.
1172 380 1292 445 Sed
1346 389 1409 446 tu
1439 381 1529 446 fac
1576 384 1850 447 nobiscur

2066 406 2107 440 »ν
2164 385 2342 455 ζῶντα
2400 382 2487 442 καί
2577 382 2818 465 ίεχυρρν,
2880 378 3047 441 Ἀλλὰ
3114 380 3176 440 σὺ
3233 383 3461 451 ποίησον
3516 382 3636 459 μεθ’

269 471 697 534 convenienter
727 479 839 534 tua;
869 474 1334 553 mansuetudini,
1382 484 1440 537 et
1488 477 1641 539 educ
1693 495 1801 538 nos
1832 477 1906 539 de

271 560 402 623 lacu
434 562 714 623 miseriae.
750 561 1040 635 Quoniam
1072 563 1334 641 benigna
1369 573 1458 627 est
1493 566 1908 629 misericordia

272 659 392 728 tua,
409 660 469 714 et
492 651 726 716 bonitas
747 670 881 729 quze
902 670 1020 715 non
1046 662 1239 733 potest
1263 656 1512 734 exprimi
1535 656 1589 716 8.
1612 681 1636 713 υ
1661 658 1906 720 Interim

268 748 465 803 autem
522 740 661 803 dum
710 752 1123 822 precarentur,
1179 742 1480 823 splendidi
1524 754 1910 808 accesserunt

269 831 487 907 angeli,
547 831 728 893 veluti
779 831 1134 911 quibusdam
1193 833 1373 913 virgis
1424 835 1636 897 ferreis
1690 835 1911 897 bestias

268 919 598 1001 abigentes,
627 930 685 984 et
716 940 1202 1003 unumquemque
1233 942 1266 984 e
1297 923 1516 985 sanctis
1549 942 1723 986 manu
1756 925 1906 986 acci-

272 1011 525 1089 pientes,
561 1030 663 1072 eos
696 1010 912 1072 illaesos
944 1030 977 1072 e
1021 1011 1195 1072 fossis
1243 1012 1596 1077 eduxerunt.
1652 1012 1767 1077 Sed
1802 1032 1911 1076 rex

269 1119 402 1161 cum
456 1110 758 1178 oporteret
793 1119 1000 1163 rursus
1029 1098 1246 1162 Christi
1299 1101 1634 1181 intelligere
1693 1111 1906 1183 poten-

270 1191 434 1266 tiam,
472 1198 529 1251 et
562 1208 798 1253 cessare
827 1191 1149 1270 aliquando
1174 1190 1438 1269 aggredi,
1473 1211 1605 1273 quae
1631 1212 1749 1254 non
1779 1211 1910 1273 pos-

266 1289 405 1342 sunt
461 1280 635 1355 elﬁci,
699 1281 803 1342 ille
828 1280 1009 1360 jussit
1041 1288 1279 1341 sanctos
1327 1300 1534 1344 rursus
1586 1301 1910 1363 suspensos

267 1369 436 1431 caedi.
471 1371 615 1433 Cum
648 1377 844 1430 autem
891 1369 1135 1431 vidisset
1184 1389 1389 1431 eorum
1450 1391 1660 1435 carnes
1705 1373 1908 1436 multis

268 1458 430 1520 horis
461 1459 792 1535 conscindi,
828 1458 1089 1535 fortique
1121 1468 1179 1521 et
1207 1479 1498 1538 generoso
1529 1461 1728 1524 animo
1751 1466 1907 1524 resi-

267 1556 430 1610 stere
462 1548 913 1625 certaminibus,
964 1550 1139 1630 jubet
1168 1568 1271 1612 eos
1303 1570 1335 1612 e
1367 1551 1541 1630 lignis
1568 1552 1811 1631 deponi,
1846 1562 1907 1617 et

1987 472 2142 546 ἡμῶν
2192 475 2327 532 κατὰ
2372 474 2472 541 τὴν
2528 474 2627 541 σῆν
2685 473 2993 546 ἐπιείκειαν,
3060 474 3151 529 καί
3197 473 3433 551 ἀνάγαγε
3489 473 3640 547 ἡμᾶς

1991 563 2051 619 ἐκ
2098 561 2297 620 λάκκου
2351 562 2733 641 ταλαιπωρίας·
2796 561 2884 642 ὅτι
2940 563 2999 619 τὸ
3049 561 3197 625 ἔλεός
3247 583 3343 619 σου
3371 562 3639 642 χρηστὸν,

1989 653 2076 709 καὶ
2127 654 2162 721 ἡ
2192 652 2458 731 ἀγαθότης
2488 653 2815 716 ἀνείκαστος.
2875 641 3036 726 ’Ἅμα
3084 650 3141 708 δὲ
3169 658 3238 728 τῇ
3293 653 3457 731 εὖχῆ,
3491 649 3639 724 λαμσ

1993 750 2379 823 προφοροῦντες
2436 741 2735 809 ἐπέστησαν
2798 739 3043 819 ἄγγελοι,
3093 741 3189 799 οἷοί
3233 762 3340 798 τισι
3393 738 3644 818 σιδηραῖς

1993 829 2199 908 ῥάϐδοις
2262 832 2385 897 τοὺς
2445 833 2609 909 θῆρας
2664 829 3075 904 ἀποσοϐοῦντες,
3140 831 3363 886 ἑκάστου
3421 849 3480 885 τε
3534 832 3645 883 τῶν

1993 922 2155 999 ἁγίων
2213 919 2497 993 λαϐὅμενοι
2571 927 2668 987 τῆς
2723 922 2907 1001 χειρὸς
2964 918 3220 985 ἀϐλαϐεῖς
3270 922 3378 977 τῶν
3438 917 3643 995 βάθρων

1994 1010 2204 1088 ἐξῆγον.
2264 1010 2414 1068 Ἀλλ’
2466 1013 2493 1067 6
2556 1009 2827 1088 βασιλεὺς,
2864 1009 2980 1068 δέον
3037 1009 3195 1067 πάλιν
3244 1020 3482 1065 συνεῖναι
3537 1007 3642 1073 τῆν

1993 1101 2219 1178 Χριστοῦ
2300 1099 2517 1176 δύναμιν
2600 1101 2687 1157 καὶ
2759 1100 3058 1157 παύσασθαί
3139 1121 3267 1156 ποτε
3358 1097 3640 1165 ἀνηνύτοις

1991 1190 2311 1268 ἐπιχειρεῖν,
2376 1193 2404 1247 6
2474 1189 2529 1246 δὲ
2588 1188 2833 1250 ἐκέλευσέ
2890 1191 3011 1253 τοὺς
3070 1189 3249 1266 ἀγίους
3303 1188 3449 1251 αὖθις
3506 1207 3639 1265 κρε-

1992 1281 2283 1352 μασθέντας
2344 1278 2570 1346 ξέεσθαι.
2633 1276 2734 1342 Ὠς
2781 1276 2836 1335 δὲ
2892 1278 2976 1335 ἐπὶ
3046 1277 3275 1341 πολλαῖς
3321 1290 3442 1338 ταῖς
3473 1275 3641 1344 ὥραις

1989 1370 2085 1434 τὰς
2158 1371 2355 1448 σάρκας
2414 1368 2738 1444 τεμνομένας
2809 1369 2970 1446 ἑωρα,
3032 1370 3119 1426 καὶ
3187 1372 3342 1446 ψυχῇ
3422 1364 3637 1443 γενναίᾳ

1991 1461 2122 1533 πρὸς
2208 1459 2329 1522 τοὺς
2386 1459 2606 1537 ἀγῶνας
2690 1459 3040 1537 ἀντέχοντας,
3102 1459 3477 1527 καθαιρεθῆναι
3530 1454 3641 1510 τῶν

1992 1546 2157 1613 ξύλων
2217 1547 2443 1619 κελεύει,
2477 1549 2566 1604 καὶ
2595 1549 2691 1611 τὰς
2724 1547 2957 1627 κεφαλὰς
3001 1547 3355 1620 ἐκτμηθῆναι,
3386 1544 3641 1617 ’Έκαμνε

269 1638 357 1699 eis
374 1638 568 1719 capita
594 1639 913 1718 amputari.
941 1639 1075 1719 Ipse
1102 1641 1259 1701 enim
1293 1642 1476 1718 magis
1492 1648 1619 1702 erat
1640 1640 1850 1702 defesm

2066 1659 2092 1714 ρ
2149 1639 2303 1699 αὒτὸς
2338 1635 2543 1711 μᾶλλον
2600 1637 2816 1713 ἐπάγων
2868 1638 2963 1700 τὰς
3020 1640 3300 1713 τιμωρίας,
3333 1635 3447 1702 ὴοί
3508 1633 3647 1710 μάρ-

267 1726 568 1789 intentans
616 1729 928 1807 supplicia,
977 1749 1153 1810 quam
1211 1739 1497 1810 martyres
1546 1730 1850 1791 sustinenti

2066 1748 2139 1791 ne;
2207 1728 2490 1801 ὑπομένειν
2549 1727 2613 1782 τά
2681 1726 3013 1803 ἐπαγόμενα,
3066 1727 3154 1782 καὶ
3210 1726 3481 1791 νενὶκηκεν
3532 1723 3643 1777 ὑπ-

267 1835 360 1892 ea,
398 1838 526 1898 quae
560 1818 1004 1880 intentabantur
1039 1841 1052 1878 :
1089 1828 1147 1881 et
1178 1837 1406 1880 summa
1438 1819 1788 1881 fortitudine
1819 1840 1849 1878 ν

2066 1812 2183 1889 ἴολῇ
2239 1817 2639 1894 γενναιότητος,
2700 1815 2983 1885 ὠμότητος
3053 1814 3329 1891 ἀμετρίαν.
3392 1811 3639 1889 Ἀπαγο-

267 1917 479 1969 cerunt
508 1908 593 1969 illi
626 1908 913 1969 infinitam
940 1909 1373 1971 crudelitatem.
1398 1910 1543 1971 Cum
1563 1909 1686 1990 jam
1712 1919 1844 1970 aute

2066 1926 2151 1959 νον
2193 1902 2245 1959 δὲ
2304 1904 2407 1972 ἤδη
2450 1906 2547 1971 τὴν
2608 1904 2693 1960 ἐπὶ
2752 1905 2977 1961 θάνατον
3008 1906 3056 1961 οἱ
3114 1902 3237 1981 παρ’
3296 1904 3469 1959 αότῶν
3525 1921 3641 1980 φωρ

267 1997 339 2057 ad
391 2007 642 2060 mortem
694 1997 1159 2077 abducerentur,
1193 1998 1294 2078 qui
1325 1997 1399 2059 ab
1454 1989 1850 2060 eis’illumina

2066 1995 2252 2058 rBévrsc
2300 1996 2372 2056 εἷς
2409 1992 2707 2050 θεοσέϐειαν
2763 1994 2856 2050 σὺν
2915 1993 3028 2067 ἀμα
3076 1995 3163 2050 καὶ
3201 1998 3269 2069 τῇ
3325 1989 3634 2069 συγκλήτῳ,

266 2088 502 2149 fuerant
531 2089 600 2148 ad
626 2088 930 2168 pietatem,
951 2088 1125 2149 simul
1158 2106 1292 2149 cum
1320 2096 1529 2149 senatu
1558 2112 1571 2161 ;
1602 2088 1850 2149 Dimittit

2066 2084 2197 2161 ρίετε
2254 2085 2425 2157 ἡμᾶς,
2460 2082 2662 2161 ἔλεγον,
2726 2085 2775 2140 οἱ
2831 2083 2927 2150 τῆς
2984 2081 3246 2147 εὖσεὸείας
3304 2078 3636 2158 διδάσκαλοι,

267 2196 396 2238 nos.
421 2176 721 2256 dicebant,
737 2198 770 2239 o
789 2177 1060 2239 doctores
1087 2176 1345 2256 pietatis,
1361 2194 1541 2256 super
1557 2177 1850 2238 cathedra

2066 2180 2072 2229 ἰ
2131 2171 2350 2249 καθέδρᾳ
2380 2171 2588 2247 λοιμῶν
2648 2172 2701 2229 ἐν
2760 2172 2909 2246 μέσῳ
2961 2172 3283 2238 Ἐκκλησίας
3335 2192 3632 2248 μονηρευο-

269 2266 638 2343 pestilentia,
662 2267 721 2328 in
745 2267 942 2328 medio
968 2267 1250 2329 Ecclesiae
1273 2265 1740 2345 malignantium,
1767 2286 1900 2328 cum

265 2355 337 2415 ad
372 2375 710 2417 mensuram
744 2358 928 2418 aetatis
958 2358 1017 2418 in
1053 2358 1287 2419 Christo
1319 2356 1581 2417 nondum
1606 2374 1900 2433 pervene—

264 2444 474 2507 rimus.
509 2445 673 2507 Beati
706 2456 898 2507 autem
926 2446 1005 2508 illi
1033 2447 1120 2509 eis
1148 2446 1584 2527 responderunt
1614 2463 1627 2507 :
1663 2445 1768 2515 Qui
1799 2448 1902 2505 do-

215 2587 219 2591 λ
265 2542 359 2595 cet
390 2535 694 2597 hominem
729 2536 1043 2598 scientiam
1071 2536 1338 2597 Christus
1365 2538 1523 2598 Deus
1550 2542 1773 2610 noster,
1801 2533 1902 2615 qui

266 2633 355 2685 est
386 2624 738 2687 illuminatio
769 2626 1104 2687 animarum
1142 2632 1501 2690 nostrarum.
1538 2623 1666 2702 ipse
1690 2642 1792 2683 vos
1828 2625 1901 2683 il-

264 2710 582 2775 luminabit
612 2721 673 2773 et
692 2714 899 2775 reddet
923 2714 1343 2791 intelligentes,
1379 2714 1702 2793 firmosque
1735 2712 1909 2773 faciet

265 2807 324 2861 et
351 2800 595 2863 stabiles
625 2802 1013 2864 fundamento
1061 2822 1183 2865 sua;
1214 2803 1375 2864 ﬁdei.

345 2888 533 2953 XVII.
590 2890 800 2954 Relata
830 2900 967 2953 sunt
995 2892 1121 2953 haec
1172 2893 1345 2971 regi:
1398 2901 1455 2953 et
1486 2891 1643 2968 quod
1698 2909 1908 2970 magna

1988 2261 2182 2333 μένων,
2235 2285 2402 2336 μηπω
2457 2264 2585 2339 πρὸς
2636 2263 2827 2338 μέτρον
2882 2261 2976 2329 τῆς
3037 2262 3090 2317 ὲν
3151 2267 3361 2339 Χριστῷ
3403 2260 3630 2340 φθάσανο

1984 2372 2077 2416 τας
2139 2350 2369 2414 ἡλικίας.
2435 2343 2604 2409 υἷ’δὲ
2664 2351 2915 2429 μακάριοι
2976 2352 3106 2429 πρὸς
3163 2350 3353 2412 αὐτοὺς
3398 2349 3626 2427 ἀπεκρί-

1984 2463 2164 2510 ναντο,
2224 2432 2281 2498 Ὀ
2313 2438 2569 2500 διδάσκων
2612 2439 2884 2517 ἄνθρωπον
2913 2440 3108 2518 γνῶσιν
3162 2442 3384 2517 Χριστὸς
3417 2441 3445 2495 6
3498 2440 3630 2501 Θεὸς

1986 2532 2141 2604 ἡμῶν
2218 2532 2244 2585 6
2329 2532 2601 2610 φωτισμὸς
2666 2536 2773 2585 τῶν
2846 2529 3119 2604 ἡμετέρων
3205 2534 3421 2609 ψυχῶν,
3474 2529 3635 2592 αὖτος

1988 2620 2124 2692 ὑμᾶς
2168 2624 2361 2697 φῶτιεϊ
2417 2639 2475 2674 τε
2535 2621 2622 2674 καὶ
2666 2631 2896 2674 συνετιετ

1993 2729 2071 2764 σει
2103 2713 2198 2774 τῆς
2228 2706 2390 2765 αὖτοῦ
2420 2709 2649 2770 πὶστεως
2685 2729 2702 2783 ;

2951 2620 3040 2675 καὶ
3095 2618 3172 2693 τῷ
3200 2618 3426 2694 θεμελίῳ
3480 2616 3635 2698 ὲδράυ

2905 2666 2920 2699 3

2069 2886 2374 2965 Ἀνηνέχθη
2408 2892 2570 2942 ταῦτα
2617 2890 2691 2957 τῷ
2746 2884 2985 2961 βασιλεῖ,
3014 2886 3100 2942 καὶ
3131 2887 3203 2953 ὡς
3233 2885 3402 2966 ὄχλος
3452 2888 3638 2951 ἱκανὸς

268 2977 582 3039 multitudo
619 2992 984 3056 sequeretur
1029 2989 1288 3050 sanctos,
1322 2999 1527 3042 eorum
1554 2980 1747 3042 caedes
1776 2999 1850 3059 pri

2066 2998 2168 3031 ὀιτο
2225 2988 2342 3036 τοῖς
2375 2976 2541 3052 ἁγίοις
2596 2974 2864 3052 ἀπειργων
2918 2977 3089 3031 αὐτῶν
3146 2982 3246 3041 τὴν
3274 2977 3510 3056 σφαγήν.
3571 2977 3633 3034 Ὀ

265 3066 501 3131 bibens.
557 3068 661 3131 Ille
692 3078 888 3131 autem
921 3071 1117 3131 statim
1165 3069 1380 3131 emittit
1410 3081 1704 3131 catervam
1743 3070 1842 3130 mil

2118 3065 2300 3143 στίφος
2358 3063 2695 3141 στρατιωτῶν
2776 3063 3020 3143 ἐξαυτῆς,
3082 3066 3214 3121 κατά
3271 3072 3378 3122 τῶν
3439 3066 3636 3141 ἑπομέ-

264 3165 387 3219 tum
423 3158 480 3218 in
514 3176 639 3230 eos,
673 3158 773 3238 qui
805 3160 1212 3229 sequebantur
1241 3169 1505 3231 sanctos,
1547 3164 1638 3220 cui
1671 3159 1850 3238 jussu]

2067 3179 2114 3227 ν,
2199 3168 2316 3217 τοῖς
2406 3154 2574 3230 ἁγίοις
2654 3153 2936 3233 ἐκπέμπει,
2991 3152 3326 3221 ἀποσοϐῆσαι
3414 3156 3632 3220 τούτους

264 3246 461 3308 fuerat
490 3256 552 3308 ut
583 3266 686 3308 eos
716 3248 1058 3327 expelleret,
1095 3250 1199 3311 sed
1233 3250 1451 3328 egregii
1487 3248 1569 3310 illi
1615 3248 1744 3320 viri,
1804 3268 1850 3329 q:

2066 3243 2422 3317 ιελευσμένον.
2482 3240 2639 3305 Ἀλλ’
2685 3245 2731 3297 οἱ
2779 3256 3016 3317 γενναῖοι
3079 3243 3274 3300 ἐκεῖνοι
3327 3246 3413 3301 καὶ
3463 3259 3629 3326 μεχρι

263 3336 336 3397 ad
367 3335 547 3397 ﬁnem
581 3355 771 3417 usque
803 3348 1129 3399 statuerant
1162 3341 1444 3400 resistere
1477 3347 1743 3417 peccato,
1793 3337 1850 3399 In

2066 3354 2169 3395 κους
2245 3333 2369 3407 πρὸς
2427 3331 2525 3397 τῆν
2605 3331 2861 3409 ἁμαρτίαν
2915 3332 3204 3409 ἐγνωκότες
3255 3335 3630 3394 ἀντικαθίστα-

263 3424 408 3486 nihil
443 3424 744 3498 facientes,
783 3427 1121 3487 maluerunt
1147 3427 1341 3507 potius
1379 3427 1527 3487 muri
1581 3446 1715 3488 cum
1770 3446 1902 3488 san-

264 3514 398 3576 ctis.
433 3514 691 3585 Quorum
724 3516 1119 3577 constantiam
1175 3536 1309 3577 cum
1359 3526 1641 3597 tyrannus
1690 3535 1900 3578 rursus

264 3602 678 3677 intellexisset,
707 3604 887 3682 jussit
913 3625 1121 3666 omnes
1163 3606 1336 3667 simul
1384 3624 1515 3667 cum
1550 3606 1768 3667 sanctis
1813 3607 1900 3665 in-

266 3694 479 3767 terfici,
533 3712 654 3755 suae
700 3694 968 3755 occideni
1026 3696 1298 3757 homines
1350 3695 1693 3775 cupiditatis
1744 3714 1900 3776 prm-

265 3790 487 3845 textum
539 3783 837 3863 accipiens
880 3802 1086 3845 eorum
1133 3801 1396 3845 amorem
1450 3784 1700 3862 pietatis.
1757 3784 1900 3847 Cum

261 3880 457 3933 autem
492 3869 545 3931 ei
574 3873 1007 3951 suggessissent
1034 3874 1302 3953 quidam,
1336 3892 1590 3954 quorum
1624 3881 1750 3935 erat
1782 3894 1906 3935 ma-

262 3979 413 4038 gnus
432 3960 593 4021 zelus
616 3960 675 4020 in
700 3959 1041 4035 simulacra,
1057 3962 1213 4043 quod
1238 3962 1439 4023 fuisset
1466 3970 1706 4023 senatus
1728 3981 1904 4024 causa

264 4047 477 4109 horum
533 4049 848 4115 malorum.
899 4050 1071 4130 jubet
1120 4051 1356 4112 beatum
1408 4050 1619 4111 adduci
1654 4050 1903 4129 Elpide-

266 4137 540 4215 phorum,
572 4147 632 4200 ut
666 4140 764 4219 qui
794 4139 946 4218 apud
981 4160 1118 4202 eum
1155 4141 1338 4201 ferret
1370 4140 1592 4221 primos
1616 4140 1898 4204 honores.

262 4223 368 4287 Ille
399 4234 596 4287 autem
629 4246 951 4290 conversus
995 4229 1070 4290 ad
1127 4229 1378 4291 invictos
1431 4239 1741 4309 martyres,
1802 4230 1902 4310 qui

263 4318 526 4378 nondum
553 4327 722 4379 erant
740 4319 1133 4380 consummati
1163 4340 1175 4381 :
1203 4318 1443 4398 Rogate,
1460 4318 1628 4392 dixit,
1650 4337 1751 4397 pro
1779 4337 1897 4393 me,

264 4408 466 4469 Patres
514 4407 573 4468 in
607 4408 839 4488 spiritu,
877 4408 1062 4470 duces
1097 4427 1243 4469 mea;
1274 4411 1332 4469 in
1390 4407 1681 4471 Christum
1733 4408 1895 4479 fidei,

264 4502 326 4555 ut
375 4514 483 4574 ego
531 4515 768 4577 quoque
797 4516 830 4557 a
861 4503 1058 4559 vestro
1107 4505 1263 4558 coetu
1295 4515 1411 4557 non
1444 4496 1735 4559 excidam.
1792 4496 1896 4559 Cui

262 4585 448 4645 sancti
485 4605 498 4647 :
537 4586 675 4648 Esto
707 4585 866 4648 bono
894 4586 1117 4660 animo,
1148 4586 1449 4659 dixerunt,
1482 4607 1515 4647 ο
1548 4586 1749 4659 frater,
1771 4593 1896 4648 esto

263 4672 418 4734 bono
448 4676 670 4749 animo,
725 4684 785 4736 et
832 4693 907 4736 ne
936 4676 1017 4738 sis
1046 4675 1242 4737 animo
1274 4675 1503 4749 anxius,
1570 4692 1677 4737 nos
1735 4675 1894 4736 enim

264 4764 830 4843 praacedes,primus
842 4766 1064 4827 sistend
1076 4784 1142 4825 us
1159 4784 1354 4826 coram
1372 4765 1595 4827 ccelesti
1616 4765 1893 4827 Domino.

261 4852 409 4913 Cum
452 4871 556 4915 eos
586 4872 726 4932 ergo
759 4863 922 4915 esset
953 4853 1288 4933 amplexus,
1339 4854 1668 4915 ducebatur
1696 4855 1765 4915 ad
1804 4863 1897 4933 ty-

261 4959 513 5003 rannum
550 4960 565 5005 :
601 4962 735 5003 eum
770 4950 968 5005 autem
1004 4950 1125 5005 tres
1153 4963 1394 5024 quoque
1424 4944 1522 5005 alii
1555 4962 1896 5025 conseque-

262 5027 498 5105 bantur,
533 5031 634 5110 qui
663 5039 832 5093 erant
863 5030 1134 5111 ejusdem
1166 5033 1349 5093 animi
1392 5045 1449 5093 et
1480 5032 1749 5095 instituti.

336 5115 542 5183 XVIII.
589 5121 896 5200 Tyrannus
936 5129 1183 5181 autem:
1235 5122 1384 5194 Quid
1434 5120 1624 5195 vobis,
1680 5122 1894 5203 inquit,

259 5208 494 5282 accidit,
528 5227 563 5269 o
594 5207 783 5283 stulti,
832 5216 893 5269 ut
943 5208 1191 5271 deorum
1223 5212 1464 5292 quidem
1501 5212 1746 5293 patriam
1798 5212 1897 5274 di-

262 5297 576 5360 mitteretis
606 5298 989 5379 religionem,
1020 5299 1405 5364 adhaereretis
1449 5321 1588 5365 vero
1637 5303 1728 5364 his
1779 5302 1897 5363 im-

261 5385 638 5469 postoribus‘.’
667 5386 781 5448 Sed
814 5387 927 5449 nisi
957 5387 1074 5451 cito
1112 5391 1558 5470 resipiscentes,
1592 5392 1665 5454 ad
1706 5392 1902 5474 priora

341 5565 374 5616 8
402 5564 557 5632 Psal.
590 5582 733 5646 Lxu,
765 5568 828 5647 2,
861 5586 991 5655 sqq.

1985 3425 2125 3493 σθαι,
2164 3420 2285 3495 παρ’
2346 3419 2490 3477 ούδὲν
2522 3427 2677 3476 τοῦτο
2703 3421 2933 3495 θέμενοι,
2968 3436 3084 3487 τοῖς
3137 3422 3308 3500 ἀγίοις
3343 3444 3358 3499 ς
3421 3423 3627 3498 μᾶλλον

1984 3509 2199 3567 εἵλοντο
2253 3513 2655 3568 συναποθανεῖν.
2721 3501 2814 3563 Ὧν
2874 3514 2969 3576 τὴν
3026 3511 3267 3568 ἔνστασιν
3299 3515 3327 3569 6
3377 3516 3626 3593 τύραννος

1986 3603 2122 3664 αὖθις
2210 3598 2533 3673 ἀναμαθών,
2607 3597 2852 3654 ἐκέλευσε
2935 3614 3052 3664 τοῖς
3124 3602 3294 3677 ἁγίοις
3388 3600 3624 3669 ἅπαντας

1986 3693 2559 3768 συγκατασσφαγῆναι,
2612 3709 2874 3765 προφασιν
2931 3693 3029 3756 τῆς
3075 3692 3205 3766 πρὸς
3265 3695 3326 3749 τὸ
3382 3693 3626 3773 ἀναιρεῖν

1987 3778 2292 3856 ἀνθρώπους
2367 3776 2669 3856 ἐπιθυμίας,
2727 3778 2787 3832 τὸ
2853 3777 3158 3856 φιλευσεϐὲς
3230 3784 3401 3839 αὐτῶν
3472 3807 3631 3852 ποιη.

1988 3869 2238 3937 σάμενος.
2294 3864 2648 3931 ’Υποϐληθείς
2708 3863 2762 3921 δέ
2821 3868 2921 3923 ὑπό
2976 3890 3133 3926 τινων
3185 3883 3271 3935 οῖς
3320 3871 3480 3942 ζῆλος
3511 3878 3631 3954 περὶ

1984 3958 2051 4011 τὰ
2121 3956 2319 4011 εἷ’δω)α
2377 3956 2442 4022 ἦν
2496 3958 2567 4017 ὡς
2627 3956 2661 4022 ἡ
2718 3955 2978 4023 σύκλητος
3035 3959 3174 4016 αἰτία
3249 3960 3456 4035 γένοιτο
3520 3970 3627 4020 τῶν

1984 4047 2246 4101 τοσούτων
2303 4047 2504 4116 κακῶν,
2542 4046 2632 4100 τὸν
2687 4046 2945 4123 μακάριον
2979 4045 3346 4127 Ἐλπιδιφὸρυν
3394 4051 3627 4132 ἀχθῆναι

1983 4135 2298 4212 προστάττει
2370 4132 2462 4188 ἅτε
2540 4133 2634 4196 τὰς
2692 4134 2909 4211 πρώτας
2983 4135 3206 4214 φέροντα
3264 4141 3405 4218 παρά
3461 4144 3628 4219 ταύτῃ

1984 4225 2166 4286 τιμάς,
2256 4222 2316 4281 Ὀ
2379 4221 2433 4277 δὲ
2534 4224 2662 4291 πρὸς
2728 4224 2849 4286 τοὺς
2922 4224 3222 4295 ἀηττήτους
3286 4229 3627 4310 ἐπιστραφεὶς

1985 4314 2273 4391 μάρτυρας,
2332 4311 2477 4369 οὔπω
2530 4312 2925 4382 τελειωθέντας,
2990 4314 3212 4380 εὔξασθε
3277 4318 3434 4374 εἶπεν
3494 4322 3626 4399 ὑπὲρ

1983 4403 2110 4475 ἐμου
2170 4401 2396 4479 Πατέρες
2444 4401 2498 4456 ἐν
2552 4402 2840 4477 πνεύματι,
2874 4405 2921 4457 οἱ
2952 4402 3069 4477 ἐμοὶ
3123 4410 3224 4471 τῆς
3268 4408 3338 4471 εἰς
3400 4412 3623 4485 Χριστὸν

1982 4493 2207 4556 πίστεως
2260 4488 2444 4568 ὅδηγοὶ
2500 4492 2637 4546 ὥστε
2695 4490 2833 4564 κάμὲ
2886 4497 2984 4558 τῆς
3049 4494 3195 4568 ὑμῶν
3247 4494 3485 4563 συνοδίας
3545 4501 3623 4573 μὴ

1981 4582 2252 4644 ἐκπεσεῖν,
2305 4583 2442 4659 Πρὸς
2501 4581 2559 4636 ὃν
2591 4582 2637 4636 οἱ
2667 4579 2839 4657 ἅγιον
2898 4583 3114 4655 Θάρσει,
3147 4582 3372 4663 ἔφησαν,
3402 4586 3619 4668 ἀδελφέ,

1979 4671 2181 4743 θάρσει,
2213 4672 2301 4727 καὶ
2354 4669 2430 4745 μῆ
2485 4669 2695 4743 ἀθύμει·
2762 4671 3050 4747 προηγήσῃ
3102 4674 3202 4749 γὰρ
3258 4681 3413 4751 ἡμῶν
3471 4685 3623 4756 πρῶ-

1978 4784 2067 4825 τος
2126 4761 2202 4836 τῷ
2231 4759 2454 4837 οὖρανίῳ
2504 4757 2749 4833 Δεσπότῃ
2784 4761 3288 4835 παραστησάμενος,
3339 4767 3621 4824 Ἄσπασά-

1982 4871 2139 4925 μενος
2198 4852 2284 4907 οὗν
2340 4850 2549 4918 αὐτοὺς,
2606 4848 2735 4924 πρὸς
2785 4849 2875 4903 τὸν
2924 4849 3173 4927 τύραννον
3228 4852 3418 4931 ἤγετο,
3453 4859 3623 4914 συνεί-

1980 4962 2144 4998 ποντο
2198 4937 2253 4995 δὲ
2285 4940 2426 5011 αύτῷ
2482 4938 2569 4994 καὶ
2600 4935 2770 5010 ἕτεροι
2815 4950 2962 5014 τρεῖς
2998 4943 3091 5006 τῆς
3147 4945 3310 5010 αὒτῆς
3366 4944 3622 5026 ἐχόμενοι

1979 5032 2202 5109 γνώμης
2231 5029 2320 5085 καὶ
2348 5026 2737 5105 προαιρέσεως.

2064 5120 2203 5209 "1...,
2243 5118 2303 5175 νο
2332 5115 2389 5172 δὲ
2434 5118 2682 5209 τύραννος
2719 5115 2776 5173 Τί
2807 5116 3122 5209 πεπόνθατε,
3154 5123 3337 5200 φησὶν,
3380 5125 3624 5209 ἀνόητοι,

1982 5214 2079 5276 τῆς
2152 5208 2249 5283 μὲν
2318 5205 2569 5285 πατρῴας
2638 5210 2743 5260 τῶν
2813 5207 2947 5261 θεῶν
3013 5211 3295 5286 θρησκείας
3367 5205 3625 5293 ἀφέμενοι

1979 5298 2098 5363 τοῖς
2147 5297 2424 5353 ἀπατεῶσι
2481 5294 2536 5351 6‘s
2599 5293 2804 5355 τούτοις
2852 5296 3387 5378 προσκολληθέντες;
3425 5303 3550 5361 ἀλλ’
3580 5308 3625 5364 εἰ

1981 5388 2058 5465 μῆ
2110 5386 2311 5466 τάχιον
2359 5384 2727 5460 ἀνανήψαντες
2777 5381 3116 5443 ἐπιλέϐοισθε
3164 5394 3271 5445 τῶν
3328 5393 3623 5479 προτέρων,
