3906 6136
253 293 334 360 29
1138 287 1608 356 MARTYRIUM
1659 288 1719 348 S.

1771 285 2109 351 ACINDYN
2120 290 2140 350 Ι
2188 289 2281 350 ET
2328 285 2699 352 SOCIORUM
2712 336 2724 349 .

3546 285 3631 352 30'

251 433 442 512 πικρὸν
471 431 606 506 ὑμᾶς
655 429 717 488 τὸ
757 435 856 498 τῆς
903 435 1048 502 ζωῆς
1102 426 1362 495 ἐκδέξεται
1422 425 1609 502 πέρας,
1669 429 1845 504 Προςὲ

2043 423 2300 503 τὸἰθτίιίς,
2323 441 2426 486 vos
2449 422 2706 503 excipiet
2727 423 2978 487 acerbus
3004 425 3137 487 vitae
3160 425 3317 489 ﬁnis.
3341 425 3450 490 Cui
3467 423 3626 506 Elpi-

253 521 626 600 Ἐλπιδιφόρος
709 519 963 593 ἀπτοήτῳ
1037 521 1361 598 φρονήματι,
1454 517 1694 573 Γνωστὸν
1769 515 1904 571 ἔστω

248 634 356 685 σοι,
420 609 662 688 βασιλεῦ,
737 609 864 687 ἔφη,
918 609 999 667 ὅτι
1051 623 1170 674 τοῖς
1233 609 1308 682 μὴ
1370 606 1482 664 οὖσι
1536 609 1682 669 Θεοῖς
1715 605 1896 662 οὖλα·

249 702 527 780 τρεύομεν,
593 701 680 757 καὶ
737 707 813 774 τῷ
864 697 1090 777 δόγματι
1120 721 1212 755 σου
1243 697 1666 770 ἀντιτασσόμεθα
1699 713 1712 725 ⁸
1775 699 1904 772 ὅπερ

249 792 336 850 οὖν
368 814 456 848 σοι
487 788 690 862 δοκιοῦν,
723 789 977 851 ἐπιτέλει,
1044 788 1202 845 Ἐπεὶ
1259 787 1412 844 τοῦτο
1471 786 1692 864 ἀρέσκον
1746 788 1899 865 ὑμῖν,

247 884 275 938 ὁ
324 880 580 958 τύραννος
616 899 633 954 ;
679 878 804 958 ἔφη,
859 879 921 935 τὰ
947 891 1064 942 τοῖς
1096 875 1307 934 ἀσεϐέσι
1359 877 1562 939 τοῦτοις
1607 875 1898 950 ἑπομένους

247 978 340 1030 τοῦ
409 971 538 1028 ἴσου
596 969 915 1037 κοινωνῆσαι
973 967 1182 1042 τέλους,
1238 968 1420 1024 οὔκουν
1464 965 1899 1042 ἀποστερήσομεν

247 1063 382 1134 ὑμᾶς
421 1065 522 1126 τῆς
550 1060 808 1139 ἒφέσεως,
859 1057 998 1114 ἀλλὰ
1055 1059 1141 1114 καὶ
1195 1058 1287 1122 τὰς
1343 1059 1491 1130 ὑμῶν
1548 1054 1678 1136 ξῐφει
1728 1077 1899 1134 κειρα-

249 1153 342 1216 λάς
403 1150 701 1218 ἐκκοπῆναι
760 1148 984 1208 κελεύω.
1054 1139 1146 1214 Ὠς
1207 1146 1260 1203 δὲ
1317 1149 1512 1213 ταύτης
1547 1150 1592 1203 οἱ
1631 1147 1773 1223 ἅγιοι
1802 1150 1902 1210 τῆς

249 1241 578 1321 ἀπᾶφσίσεως
626 1239 881 1312 ἥκουσαν,
943 1237 1220 1318 χαίροντές
1279 1259 1336 1294 τε
1395 1237 1489 1294 καὶ
1546 1236 1900 1313 ἀγαλλόμενοι

249 1331 379 1408 πρὸς
439 1329 533 1385 τὸν
584 1331 805 1385 θάνατον
859 1326 1056 1405 ἤγοντο
1117 1326 1488 1400 συνεπομένων
1560 1327 1744 1390 αὒτοϊς
1821 1326 1903 1380 καὶ

251 1427 352 1476 τῶν
443 1424 809 1496 στρατιωτῶν,
897 1419 970 1481 εἷς
1054 1417 1384 1495 τριακοσίους
1470 1416 1897 1494 ἀριθμουμένων,

249 1511 300 1566 οἳ
359 1511 454 1566 σὺν
508 1515 588 1582 τῷ
643 1507 764 1579 θείῳ
809 1508 946 1586 φημὶ
1001 1504 1284 1579 Ἀκινδῦνῳ
1334 1507 1422 1561 καὶ
1462 1519 1580 1568 τοῖς
1624 1507 1715 1560 σὺν
1760 1510 1901 1577 αὒτῷ

250 1603 428 1654 θανεῖν
504 1598 900 1674 ἀγαπήσαντες,
993 1597 1078 1652 καὶ
1147 1597 1282 1650 οὓτω
1355 1611 1480 1673 προς
1557 1596 1777 1672 Χριστὸν
1843 1597 1904 1651 οὗ

252 1703 499 1766 κρεῖττον
562 1687 692 1765 ὑπὲρ
748 1687 887 1758 ζωὰς
943 1687 1002 1741 τὸ
1059 1685 1206 1748 ἕλεος
1250 1685 1527 1759 ἀπελθεῗν,
1588 1687 1678 1744 τὸν
1709 1683 1792 1739 διὰ
1822 1683 1900 1749 ξε..

1989 515 2292 596 dcphorus
2311 513 2584 575 interrito
2603 522 2662 575 et
2692 518 2984 578 constanti
3007 516 3205 577 animo
3230 535 3244 580 :
3280 515 3495 578 Notum
3523 516 3627 580 tibi

1989 604 2092 680 sit,
2129 603 2349 685 inquit,
2383 623 2417 664 o
2449 621 2576 683 rex,
2609 605 2764 684 quod
2797 605 2966 686 deos,
3025 605 3124 686 qui
3167 625 3281 668 non
3314 613 3474 680 sunt,
3510 624 3630 667 non

1989 695 2261 770 colimus,
2296 701 2355 756 et
2375 702 2474 756 tuo
2505 695 2759 774 dogmati
2779 714 3201 776 repugnamus.
3230 698 3343 760 Fac
3379 714 3518 775 ergo
3540 694 3628 776 id,

1985 783 2141 864 quod
2177 783 2280 845 tibi
2312 784 2564 847 videtur.
2599 785 2892 858 Quoniam
2941 787 3051 849 hoc
3085 786 3251 848 vobis
3282 787 3503 867 placet,
3536 784 3630 846 in-

1984 872 2110 952 quit
2169 881 2482 952 tyrannus,
2545 875 2851 954 sequendo
2911 875 3022 938 hos
3074 877 3289 956 impios
3357 873 3628 956 ejusdem

1985 981 2220 1040 quoque
2273 980 2404 1023 esse
2457 961 2590 1023 ﬁnis
2649 964 2866 1036 socios,
2927 984 3126 1042 neque
3158 985 3265 1027 nos
3295 984 3400 1028 vos
3427 973 3626 1030 vestro

1984 1049 2399 1112 frustrabimus
2427 1050 2752 1124 desiderio,
2789 1055 2891 1115 sed
2947 1063 3140 1116 vestra
3197 1055 3389 1136 capita
3441 1053 3628 1134 jubeo

1984 1141 2176 1219 gladio
2209 1142 2521 1218 amputari.
2559 1141 2704 1202 Cum
2738 1152 2932 1204 autem
2968 1145 3161 1205 sancti
3194 1146 3344 1207 hanc
3373 1145 3632 1206 audivis-

1985 1239 2120 1293 sent
2144 1233 2526 1310 sententiam,
2545 1232 2779 1312 laetique
2805 1241 2862 1292 et
2883 1235 3248 1296 exsultantes
3269 1233 3634 1295 ducerentur

1985 1320 2054 1380 ad
2093 1329 2366 1392 mortem,
2403 1339 2507 1382 eos
2530 1341 2765 1402 quoque
2789 1323 3294 1400 consequentibus
3317 1322 3630 1397 militibus,

1987 1407 2084 1486 qui
2121 1417 2287 1468 erant
2317 1425 2566 1470 numero
2597 1412 2840 1472 circiter
2873 1412 3150 1487 trecenti,
3190 1411 3290 1492 qui
3344 1431 3478 1472 cum
3530 1411 3622 1471 di-

1983 1495 2141 1569 vino,
2178 1497 2442 1578 inquam,
2478 1500 2788 1580 Acindyno
2821 1511 2878 1561 et
2912 1503 3041 1580 ejus
3085 1501 3266 1562 sociis
3320 1501 3469 1562 mori
3503 1518 3630 1560 ma-

1987 1585 2244 1654 luerunt,
2278 1597 2333 1647 et
2377 1588 2461 1648 sic
2490 1591 2691 1650 venire
2723 1591 2793 1651 ad
2829 1592 3154 1671 Christum,
3191 1593 3358 1670 cujus
3391 1589 3627 1651 miseri-

1987 1675 2191 1737 cirdia
2223 1685 2313 1737 est
2343 1696 2522 1757 supra
2555 1687 2719 1752 vitas,
2757 1691 3006 1741 mortem
3061 1680 3258 1756 gladio
3307 1677 3631 1758 accipiunt,

251 1799 372 1857 φους
401 1776 660 1858 δέχονται
687 1777 936 1849 θάνατον,
970 1773 1176 1842 πολλὴν
1233 1784 1326 1834 τοῦ
1383 1775 1643 1852 μακαρίου
1713 1774 1845 1830 Ἀκι·

2049 1783 2256 1842 agnam
2285 1767 2466 1827 animi
2489 1768 2846 1830 alacritatem
2877 1771 2961 1830 eis
2981 1771 3266 1832 afferente
3295 1768 3632 1849 Aciudyno,

250 1866 394 1925 δύνου
451 1889 559 1931 την
616 1866 903 1944 προθυμίαν
962 1869 1144 1930 αὐτοῖς
1203 1862 1569 1939 ἐμποιοῦντος,
1641 1867 1725 1920 καὶ
1772 1865 1902 1941 πρὸς

251 1959 309 2014 τὰ
340 1959 634 2033 μαρτύριον
661 1955 1062 2035 ὑπαλείφοντος,

331 2055 447 2106 ΙΘ¹ο
504 2043 914 2122 ’Ᾱναιρεθέντων
964 2044 1019 2100 δὲ
1068 2044 1173 2100 τῶν
1241 2051 1579 2122 στρατιωτῶν
1641 2042 1744 2111 ἤδη
1818 2044 1904 2099 καί

255 2143 357 2193 τῶν
429 2134 832 2214 συγκλητικῶν,
920 2134 1326 2208 μεταπέμπεται
1411 2131 1494 2190 διὰ
1577 2133 1792 2214 ταχέων
1877 2136 1904 2190 ὁ

254 2229 502 2305 τύραννος
540 2227 630 2281 τὸν
682 2226 941 2300 μακάριον
986 2222 1306 2297 Ἀκίνδυνον,
1373 2224 1644 2304 Πηγάσιόν
1710 2247 1760 2280 τε
1819 2226 1906 2280 καὶ

259 2313 682 2391 Ἀνεμπόδιστον
718 2332 732 2346 ·
808 2314 932 2370 εἶτα
1010 2315 1105 2382 τὴν
1187 2313 1472 2382 ἀλωπεκῆν
1550 2313 1739 2378 ὑποδὺς
1818 2317 1908 2370 τὸν

258 2405 457 2482 ἥμερον
521 2426 580 2460 τε
637 2405 722 2460 καὶ
793 2409 960 2478 πρᾶον
1029 2405 1322 2480 ὑποκριθεὶς
1375 2403 1707 2460 σκολιὼτατα
1741 2423 1754 2437 °
1820 2405 1906 2465 Τίς

257 2497 290 2562 ἡ
346 2495 573 2560 τοιαύτη
633 2495 780 2564 ὑμῶν
839 2491 1106 2566 ἔνστασις,
1159 2493 1366 2571 ἔλεγεν,
1405 2496 1477 2557 ὡς
1509 2498 1606 2562 τῆς
1637 2495 1906 2570 παρούσης

261 2583 548 2661 ἀφειδῆσαι
615 2588 784 2655 ζωῆς,
857 2583 947 2638 καὶ
1016 2583 1237 2638 θάνατον
1317 2583 1522 2654 μαλλον
1592 2583 1909 2648 ἀλλάξασθαι

262 2675 506 2751 nem;
576 2671 784 2748 Μάρτυς
843 2693 943 2745 μου
994 2672 1020 2725 ὁ
1077 2669 1201 2736 ἡδὺς
1258 2678 1417 2727 πᾶσιν
1481 2670 1655 2742 ἥλιος,
1712 2671 1792 2726 ὅτι
1849 2672 1912 2726 τὰ

265 2761 559 2841 σπλάγχνα
589 2763 674 2816 καί
705 2763 804 2826 την
841 2761 1050 2839 ψυχὴν,
1107 2760 1190 2816 ἐπὶ
1239 2767 1314 2832 τῷ
1363 2763 1510 2834 ὑμῶν
1558 2759 1912 2835 διακοπτομαι

261 2853 466 2923 θανάτῳ
501 2867 515 2880 ·
581 2851 822 2927 οἰκτεξρω
879 2851 980 2926 γὰρ
1040 2851 1174 2923 ὑμᾶς
1231 2852 1318 2906 καὶ
1381 2856 1479 2917 τῆς
1538 2849 1744 2918 ἡλικίας
1825 2852 1910 2905 καὶ

264 2947 357 3007 τῆς
388 2940 672 3006 νεότητος,
714 2941 847 3017 πρὸς
887 2938 938 2993 δὲ
1000 2939 1088 2994 καὶ
1142 2944 1239 3006 τῆς
1297 2947 1388 2996 τοῦ
1439 2939 1687 3012 σώματος
1744 2939 1906 3017 ὥρας,

266 3030 327 3098 ἧς
377 3030 471 3086 καί
531 3029 712 3104 θηρίον
768 3026 1022 3100 ἠλέησεν,
1070 3027 1132 3082 ἂν
1189 3030 1275 3085 καὶ
1328 3029 1596 3110 ἐφεὶσατο,
1658 3030 1911 3095 Πεῖσθητε

267 3120 351 3174 οὖν
381 3142 471 3192 μοι
505 3118 627 3172 λίαν
677 3117 826 3191 ὖμῶν
876 3115 1156 3191 κηδομένῳ
1201 3119 1290 3174 καὶ
1348 3119 1412 3174 τὰ
1464 3117 1710 3185 λυσιτελῆ
1771 3141 1910 3192 συμ-

265 3206 560 3266 ϐουλεύοντι
594 3223 608 3238 ⁸
685 3209 838 3284 ὸρᾶτε
897 3207 995 3282 γὰρ
1053 3209 1126 3270 ὡς
1207 3215 1314 3263 τῶν
1386 3207 1749 3285 συγκλητικῶν
1823 3209 1914 3264 οὒ-

266 3295 404 3360 δενὸς
443 3298 478 3365 ἢ
532 3303 639 3353 τῶν
684 3303 1021 3373 στρατιωτῶν
1080 3297 1406 3374 ἐφεισάμην,
1470 3289 1646 3361 e131.63»
1704 3296 1754 3354 δὲ
1818 3321 1914 3354 πα·

267 3387 452 3462 τρικῶς
489 3385 720 3460 κήδομαί
776 3408 833 3441 τε
891 3387 976 3442 καὶ
1033 3386 1382 3465 περιέχομαι,
1441 3387 1764 3463 μάλιστατὸ
1816 3389 1916 3442 ἀν-

268 3474 450 3554 δρῶδες
482 3478 636 3549 ὑμῶν
677 3476 766 3532 καὶ
799 3488 1065 3552 γενναῖον,
1107 3475 1170 3531 ἐκ
1193 3483 1284 3533 τοῦ
1325 3479 1441 3554 περὶ
1497 3479 1592 3542 τὰς
1655 3479 1913 3554 βασάνους

269 3563 549 3621 ἀνενδᾶτου
596 3566 950 3635 καταμαθὼν,
991 3565 1046 3620 Εἰ
1109 3565 1208 3643 γὰρ
1265 3567 1564 3632 πεισθείητέ
1624 3589 1746 3645 μου,
1811 3572 1914 3621 τέῦν

267 3654 486 3730 πρώτων
548 3654 680 3722 ὃμᾶς
737 3653 948 3734 ἀξιώσω
1003 3659 1220 3734 τιμῶν,
1281 3657 1367 3734 καὶ
1423 3654 1563 3732 δῶρα
1623 3663 1915 3734 χαριοῦμαι

269 3739 361 3800 τῆς
411 3734 565 3807 ὑμῶν
623 3734 816 3810 ἀρετῆς
875 3732 1014 3797 ἄξια,
1081 3736 1140 3790 Οἱ
1184 3731 1236 3788 δὲ
1279 3733 1420 3810 ἅγιοι
1455 3753 1472 3771 ο
1501 3731 1507 3732 ⁷
1536 3731 1917 3810 Μήτεσεαυτῷ

269 3823 483 3896 κόπους,
543 3821 767 3901 ἔφησαν,
831 3823 966 3894 μήτε
1027 3825 1183 3896 ἡμῶν
1247 3825 1364 3890 εἰκῆ
1435 3824 1554 3881 θέλε
1631 3826 1912 3904 παρέχειν,

268 3910 398 3967 ἀλλά
442 3909 580 3984 μηδὲ
611 3909 801 3990 φειδώς
851 3911 909 3966 σέ
938 3933 1018 3974 τις
1067 3911 1102 3980 ἢ
1156 3910 1305 3976 ἕλεος
1360 3914 1516 3987 ἡμῶν
1575 3911 1909 3988 λαμϐανέτῳ,

269 4001 492 4076 κάμψεις
552 4001 649 4078 γὰρ
714 3998 960 4056 οὒδέποτε
1033 4001 1122 4057 τόν
1194 4001 1455 4078 ἡμέτερον
1527 4003 1810 4080 λογισμὸν,
1878 4006 1912 4071 ἢ

270 4088 473 4164 ἀγαθῶν
533 4087 870 4167 ἐπαγγελίαις
931 4089 964 4158 ἢ
1022 4095 1200 4145 κακῶν
1260 4090 1538 4162 ἀπειλαῖς,
1600 4092 1636 4159 ἢ
1691 4093 1914 4148 θανάτου

271 4175 391 4253 δέει,
451 4187 545 4236 τοῦ
604 4181 684 4235 σοὶ
734 4176 978 4259 φοϐεροῦ.
1033 4184 1153 4240 Πῶς
1203 4179 1302 4256 γὰρ
1356 4179 1415 4236 ἂν
1465 4184 1685 4237 θάνατον
1735 4179 1909 4259 φοϐη-

273 4271 429 4340 θεῖεν,
489 4291 579 4332 ους
638 4276 789 4324 τοῦτο
845 4266 1048 4341 μᾶλλον
1109 4273 1289 4339 λυπεῖ,
1341 4271 1403 4325 τὸ
1461 4269 1625 4343 ἅπαξ,
1689 4272 1776 4325 καὶ
1835 4272 1912 4344 μὴ

277 4359 510 4434 μυριάκις
566 4358 811 4413 δύνασθαι
867 4357 1114 4426 θνήσκειν
1172 4357 1301 4434 ὑπὲρ
1373 4367 1647 4436 Χριστοῦς
1710 4360 1912 4438 Τᾶχιον

279 4447 361 4501 οῦν
401 4449 461 4503 τὸ
491 4446 594 4515 ἤδη
644 4468 727 4502 σοι
767 4447 950 4523 κριθὴν
983 4445 1234 4512 ποίησον.
1271 4446 1586 4528 Ἐκδέχεται
1623 4449 1722 4524 γὰρ
1770 4452 1911 4522 ἡμᾶς

1989 1863 2045 1915 et
2076 1855 2393 1930 excitante,
2428 1858 2781 1938 animosque
2806 1858 3062 1921 addente
3090 1860 3162 1921 ad
3187 1860 3550 1940 martyrium.

2068 2033 2220 2096 XIX.
2256 2033 2384 2096 Jam
2418 2043 2616 2097 autem
2651 2038 2988 2101 interfectis
3016 2037 3301 2100 militibus
3355 2046 3414 2100 et
3458 2055 3637 2100 sena-

1990 2127 2238 2200 toribus,
2289 2129 2730 2209 quamprimum
2765 2137 3013 2194 accersit
3059 2145 3342 2212 tyrannus
3395 2129 3638 2193 beatum

1993 2216 2397 2296 Aciudynum,
2428 2218 2858 2301 Pegasiumque
2890 2231 2950 2284 et
2975 2221 3498 2301 Anempodistum.
3537 2219 3644 2282 De-

1991 2306 2132 2366 inde
2165 2308 2403 2385 vulpina
2419 2308 2579 2388 pelle
2605 2309 2869 2385 indutus,
2887 2311 3387 2391 clementiamque
3405 2318 3462 2372 et
3487 2328 3647 2370 man-

1991 2395 2378 2456 suetudinem
2409 2397 2696 2459 simulans
2719 2402 3190 2478 perversissime,
3220 2403 3500 2474 Quaenam
3526 2407 3638 2465 est.

1996 2485 2260 2565 dicebat,
2295 2487 2425 2547 talis
2455 2497 2648 2550 vestra
2679 2492 3032 2571 constantia,
3073 2499 3136 2554 ut
3175 2497 3303 2552 vitae
3335 2490 3642 2570 praesentis

1995 2578 2122 2639 sitis
2157 2576 2410 2655 prodigi,
2447 2585 2506 2638 et
2538 2597 2666 2640 eam
2707 2591 2912 2642 morte
2967 2581 3393 2644 commutetis?
3447 2580 3643 2642 Testis

1996 2667 2071 2727 sit
2101 2667 2242 2726 mihi
2297 2668 2406 2743 sol,
2458 2669 2557 2748 qui
2609 2679 2699 2731 est
2752 2670 3056 2749 jucundus
3118 2671 3420 2744 omnibus,
3483 2669 3639 2750 quod

1999 2765 2240 2837 propter
2269 2765 2522 2818 vestram
2558 2768 2810 2820 mortem
2839 2760 2981 2822 mihi
3030 2759 3387 2822 scinduntur
3415 2759 3646 2822 viscera

1997 2851 2056 2905 et
2085 2844 2304 2906 anima.
2343 2844 2625 2908 Misereor
2657 2848 2814 2909 enim
2847 2858 3054 2910 vestrae
3100 2849 3292 2910 astatis
3324 2857 3382 2909 et
3413 2849 3637 2928 juven-

1998 2933 2163 3006 tutis,
2201 2941 2258 2994 et
2303 2935 2574 3014 corporis
2627 2956 2869 3017 quoque
2927 2937 3408 3018 pulchritudinis,
3469 2938 3644 3016 cujus

1998 3026 2088 3084 vel
2141 3029 2524 3086 misereretur
2571 3024 2782 3100 bestia,
2836 3038 2898 3087 et
2946 3029 3000 3088 ei
3046 3037 3340 3109 parceret.
3403 3027 3644 3089 Credite

1937 3167 1977 3218 Ο
2001 3129 2138 3191 ergo
2167 3115 2332 3194 mihi,
2367 3115 2464 3195 qui
2493 3115 2669 3175 vestri
2700 3135 2969 3193 magnam
2997 3136 3198 3178 curam
3227 3135 3392 3194 gero,
3419 3125 3476 3178 et
3497 3135 3645 3178 con-

2003 3203 2130 3260 sulo
2166 3221 2294 3282 qua)
2325 3212 2462 3263 sunt
2495 3205 2680 3265 utilia.
2721 3203 2948 3266 Videtis
2970 3206 3153 3279 enim,
3175 3207 3472 3285 quomodo
3498 3206 3642 3268 nulli

2003 3295 2372 3369 pepercerim
2406 3294 2690 3372 senatori,
2727 3313 2834 3357 nec
2856 3295 3051 3357 militi.
3087 3294 3277 3358 Vestri
3305 3305 3505 3358 autem
3537 3314 3642 3376 pa-

2003 3390 2172 3441 terne
2195 3401 2396 3442 curam
2422 3400 2594 3460 gero,
2622 3391 2679 3444 et
2702 3403 2800 3443 vos
2823 3385 3243 3464 amplector,ut
3264 3387 3365 3467 qui
3389 3392 3644 3449 vestram

2001 3471 2312 3531 didicerim
2347 3472 2624 3534 virtutem
2659 3483 2716 3534 et
2745 3474 3154 3535 fortitudinem
3191 3494 3259 3536 ex
3314 3474 3647 3536 constantia

1999 3559 2055 3618 in
2091 3561 2423 3622 tormentis.
2461 3560 2522 3624 Si
2551 3564 2711 3622 enim
2747 3563 2891 3625 mihi
2943 3563 3278 3644 parueritis,
3311 3583 3411 3625 vos
3438 3564 3646 3645 primis

2000 3648 2290 3724 dignabor
2355 3650 2708 3726 honoribus,
2769 3662 2830 3712 et
2885 3654 3207 3715 concedam
3255 3654 3412 3715 dona
3471 3654 3646 3733 digna

1999 3748 2194 3799 vestra
2228 3741 2461 3799 virtute.
2503 3739 2700 3800 Sancti
2735 3751 2973 3802 autem:
3011 3741 3132 3802 Nec
3164 3742 3290 3822 tibi,
3340 3742 3642 3823 dixerunt,

2003 3845 2112 3887 nec
2147 3827 2318 3889 nobis
2348 3828 2564 3888 frustra
2596 3828 2828 3890 labores
2859 3831 3093 3894 exhibe.
3133 3829 3247 3894 Sed
3302 3850 3413 3893 nec
3443 3839 3502 3892 tu
3535 3850 3648 3893 no-

2002 3915 2091 3977 bis
2125 3934 2348 3995 parcas,
2377 3937 2484 3980 nec
2510 3926 2562 3979 te
2591 3920 2776 3981 nostri
2805 3919 2925 3982 ulla
2956 3929 3185 3982 moieat
3214 3921 3644 3995 misericordia,

2001 4010 2263 4068 mentem
2298 4007 2454 4068 enim
2492 4019 2754 4069 nostram
2793 4028 3091 4091 nunquam
3127 4012 3353 4083 flectes,
3389 4021 3486 4073 aut
3531 4013 3642 4074 bo-

1999 4113 2208 4156 norum
2242 4096 2564 4175 promissis.
2602 4107 2697 4160 aut
2734 4099 2910 4159 minis
2969 4101 3258 4163 malorum
3315 4100 3642 4176 intentatis,

1995 4194 2094 4245 aut
2119 4194 2276 4246 metu
2308 4186 2538 4265 mortis,
2563 4206 2692 4266 qua:
2745 4201 2833 4249 est
2863 4190 2967 4250 tibi
3003 4190 3309 4251 terribilis.
3335 4189 3644 4261 Quomodo

2001 4274 2160 4334 enim
2195 4283 2445 4336 mortem
2483 4275 2810 4350 timuerint,
2859 4297 3009 4358 quos
3060 4280 3172 4339 hoc
3231 4280 3422 4358 magis
3474 4279 3648 4340 afﬁcit

1999 4363 2265 4425 molestia
2299 4367 2453 4445 quod
2488 4367 2673 4426 semel
2705 4377 2763 4428 et
2796 4387 2911 4427 nou
2949 4369 3170 4429 millies
3204 4369 3436 4448 possint
3495 4370 3643 4430 mori

2001 4471 2105 4531 pro
2139 4454 2572 4516 Christo?Fac
2603 4474 2743 4535 ergo
2799 4456 2916 4517 cito
2967 4457 3048 4528 id,
3109 4457 3266 4538 quod
3325 4477 3359 4519 a
3415 4466 3471 4518 te
3525 4461 3646 4537 jam

282 4535 308 4588 ὁ
333 4541 435 4590 τῶν
466 4537 630 4614 ἀγίων
663 4537 851 4614 χορὸς,
886 4535 978 4591 ’ἕνα
1011 4557 1091 4590 σοι
1149 4536 1235 4590 καὶ
1289 4537 1515 4614 χάριτας
1566 4537 1765 4613 μᾶλλον
1816 4561 1845 4594 τ

2043 4543 2465 4622 stjudicatum.
2501 4546 2618 4606 Nos
2659 4531 2820 4608 enim
2874 4531 3179 4626 exspectat
3237 4549 3456 4610 chorus
3504 4531 3647 4608 sau-

282 4625 492 4704 ταχείας
525 4624 966 4704 ὁμολογήσαιμεν
996 4623 1346 4691 τελειώσεως,

359 4801 437 4864 ις’.
474 4793 532 4861 ’0
563 4801 620 4859 δὲ
643 4803 741 4870 τὴν
782 4804 984 4870 σκηνὴν
1025 4802 1210 4872 λύσας,
1265 4806 1352 4861 καὶ
1402 4804 1500 4872 τὴν
1555 4806 1912 4881 προσποίητον

279 4891 594 4969 ἡμερότητα,
632 4894 714 4950 Μὰ
745 4893 862 4954 τοὺς
894 4893 1067 4968 θεοὺς,
1120 4894 1298 4966 εἶπεν,
1335 4891 1454 4950 ἀλλ’
1516 4898 1611 4952 οὒκ
1668 4892 1728 4948 ἂν
1788 4893 1910 4949 ἐπι-

278 4981 514 5050 τεῦξησθε
568 4986 668 5051 τῆς
728 4981 1026 5056 ἐπιθυμίας.
1105 4983 1314 5040 Κελεύει
1389 4985 1558 5039 τοίνδν
1630 4981 1912 5060 σιδηροδέ-

277 5090 386 5134 νους
438 5073 621 5136 αὖτοὺς
680 5069 1020 5149 γενομένους,
1074 5070 1128 5126 ἐν
1176 5071 1552 5148 ἀσφαλεστάτη
1599 5073 1665 5141 τῆ
1715 5078 1912 5151 φρουρᾷ

273 5163 560 5227 τηρεῖσθαι.
624 5162 789 5222 Αὐτὸς
843 5157 897 5214 δέ
955 5160 1079 5235 παρ’
1141 5160 1274 5228 ὅλην
1331 5159 1754 5236 διασκεψάμενος
1813 5166 1912 5228 τὴν

278 5248 452 5317 νύκτα,
488 5250 623 5324 ποίῳ
681 5248 742 5305 ἂν
789 5248 973 5311 αὐτοὺς
1024 5247 1234 5326 διολέση
1283 5251 1514 5322 θανάτῳ,
1561 5251 1772 5327 πρωῖας
1809 5249 1911 5318 ἤδη

280 5338 583 5412 γενομένης,
653 5337 851 5394 κελεύει
907 5339 1129 5413 κάμινον
1186 5339 1496 5418 ἐξαφθεϊσαν
1567 5337 1648 5395 ὅτι
1707 5339 1912 5408 πολλὴν

282 5426 394 5488 τοὺς
447 5429 608 5493 θείους
664 5424 957 5483 ὑπολαϐεῖν
1015 5428 1304 5506 μάρτυρας,
1375 5428 1512 5484 ὥστε
1573 5436 1679 5484 τῶν
1749 5431 1912 5508 ἁγίων

282 5519 442 5576 αἰετῶν
494 5522 755 5597 σωμάτων
799 5519 977 5576 τέλεον
1039 5520 1530 5594 ἐκδαπανηθέντων,
1586 5522 1724 5597 μηδὲ
1779 5534 1913 5603 χοῦν

281 5605 648 5692 θπολειφθῆναι
708 5617 1076 5695 Χριστιανοῐς,
1135 5609 1297 5671 πόθου
1366 5625 1454 5668 τοϊ
1525 5614 1652 5688 πρὸς
1723 5615 1912 5680 αὖτοὺς

1997 4639 2224 4692 ctorurn
2255 4652 2267 4693 :
2306 4641 2366 4694 ut
2398 4634 2574 4694 etiam
2613 4636 2794 4714 magis
2842 4636 2947 4698 tibi
2983 4657 3225 4716 agamus
3257 4638 3471 4716 gratias
3507 4657 3648 4718 pro-

1999 4730 2128 4800 pter
2158 4723 2418 4783 celerem
2453 4726 3060 4788 consummationem.

2072 4810 2190 4872 XX.
2229 4811 2331 4874 Ille
2359 4821 2556 4874 autem
2591 4813 2858 4892 deposita
2894 4835 3165 4896 persona,
3201 4825 3257 4875 et
3290 4818 3424 4878 ﬁcta
3455 4817 3651 4880 ablata

2000 4904 2494 4965 mansuetudine:
2532 4901 2658 4964 Non
2693 4923 2799 4984 per
2829 4905 2999 4981 deos,
3054 4906 3266 4985 inquit,
3319 4924 3436 4966 non
3495 4925 3652 4966 asse-

1999 4993 2264 5071 quemini
2299 4993 2380 5072 id,
2405 4993 2564 5072 quod
2591 4993 2964 5056 desideratis.
2999 4997 3178 5056 Jubet
3201 5013 3340 5073 ergo
3366 5013 3489 5066 eos,
3515 5014 3648 5057 cum

1997 5081 2212 5142 fuerint
2236 5081 2392 5142 ferro
2431 5082 2627 5151 vincti,
2676 5083 2734 5142 iu
2770 5083 3064 5144 tutissima
3102 5091 3322 5145 servari
3351 5085 3650 5146 custodia.

1995 5168 2128 5249 Ipse
2151 5183 2346 5230 autem
2372 5189 2505 5230 cum
2534 5181 2654 5231 tota
2687 5180 2862 5232 nocte
2889 5173 3355 5247 considerasset,
3392 5192 3646 5254 quanam

2001 5266 2192 5318 morte
2225 5277 2328 5319 eos
2363 5258 2655 5335 afﬁceret,
2695 5277 2867 5320 mane
2893 5261 3064 5340 jubet
3086 5261 3146 5322 in
3169 5263 3471 5326 fornacem
3499 5263 3652 5344 ignis

1996 5345 2304 5407 ardentem
2331 5345 2566 5409 divinos
2595 5350 2796 5426 jacere
2821 5361 3136 5431 martyres,
3160 5361 3223 5413 ut
3245 5352 3492 5414 omnino
3513 5372 3654 5415 con-

1997 5435 2247 5516 sumptis
2280 5437 2500 5522 sanctis
2535 5457 2739 5499 eorum
2774 5441 3148 5520 corporibus,
3187 5461 3260 5504 ne
3313 5442 3466 5504 cinis
3513 5444 3653 5522 qui-

1997 5525 2132 5587 dem
2165 5519 2614 5608 relinqueretur
2644 5519 2996 5591 Christianis
3028 5530 3311 5594 desiderii
3342 5531 3439 5594 sui
3495 5519 3657 5612 solal;

1997 5620 2165 5679 tium.
2202 5615 2314 5689 Qui
2349 5635 2490 5678 cum
2525 5635 2657 5678 mox
2703 5617 2898 5680 educti
2955 5618 3208 5682 fuissent
3269 5637 3303 5681 e
3356 5619 3648 5696 custodia,
