3906 6136
248 174 326 239 39
1545 178 1826 241 MENSIS
1867 180 1920 241 Ν
1924 178 2311 242 OVEMBER.

239 316 588 399 praeclarum
621 315 776 378 inter
805 314 1255 390 exercitatores,
1289 324 1349 378 et
1379 288 1606 377 inducit
1637 336 1770 378 eum
1795 335 1846 376 at

2029 314 2232 391 αγεται,
2287 313 2357 371 T6
2413 310 2503 370 ἀπ’
2552 312 2751 369 ἐκείνου
2782 313 2954 369 τοίνυν
2998 326 3119 372 ταῖς
3178 315 3341 378 Θείαις
3398 318 3603 374 εἰκόσιν

239 406 634 489 perniciosam
647 412 864 467 sectam
882 403 1430 469 lconomacliorum.
1450 406 1537 468 Ab
1559 405 1660 468 illo
1675 414 1870 468 autem

238 508 508 576 tempore
537 495 748 556 divinis
777 493 1134 572 imaginibus
1180 513 1297 556 non
1352 496 1526 556 modo
1558 514 1733 576 quem
1769 514 1874 574 par

239 597 389 660 erat,
410 584 571 647 multi
586 586 872 646 honorem
897 603 1014 644 non
1033 584 1394 658 tribuebant,
1410 585 1512 645 sed
1538 603 1647 646 nec
1666 604 1869 646 earum

234 677 475 758 quidem
506 674 870 736 auditionem
901 673 1145 735 auribus
1174 675 1418 734 omnino
1451 675 1865 738 admittebant.

234 766 399 830 Totis
446 782 591 827 vero
644 764 1072 845 quinquaginta
1100 773 1328 843 septem
1375 766 1569 844 annis,
1621 766 1807 843 ﬁgura
1838 783 1872 826 a

234 855 469 919 Christo
500 862 789 932 susceptae
822 853 1224 933 humanitatis,
1268 852 1506 914 crimini
1539 852 1788 915 dabatur
1815 865 1872 916 et

236 943 602 1025 contemptui
633 942 963 1004 habebatur
991 944 1063 1003 ab
1098 943 1193 1023 iis,
1228 941 1329 1022 qui
1364 938 1703 1022 pugnabant
1752 944 1868 1005 ad—

238 1054 447 1097 versus
472 1032 778 1112 imagines.
812 1031 955 1094 Cum
984 1030 1203 1113 quibus
1232 1029 1344 1092 fuit
1374 1030 1663 1091 abductus
1688 1040 1743 1092 et
1766 1051 1865 1094 ca-

236 1134 369 1206 ptus
400 1125 497 1186 hic
523 1140 758 1204 quoque
778 1121 868 1182 vir
884 1119 1293 1189 admirandus,
1319 1128 1379 1182 et
1402 1122 1573 1200 pauci
1601 1121 1864 1200 luerunt,

233 1215 331 1295 qui
353 1214 590 1294 maligni
612 1213 886 1292 laqueum
903 1209 1235 1288 effugerint.
1256 1211 1452 1289 Atque
1476 1210 1602 1272 haec
1624 1212 1864 1291 quidem

233 1304 320 1366 sic
352 1323 415 1365 se
449 1301 745 1364 habebant
776 1319 790 1363 :
824 1309 883 1361 et
914 1299 1129 1362 Christi
1165 1300 1349 1378 ﬁgura
1381 1309 1595 1361 nostra;
1626 1301 1863 1378 similis,

232 1394 378 1473 proh
404 1393 609 1455 dolor!
645 1387 1110 1470 despiciebatur,
1146 1397 1203 1450 et
1236 1389 1383 1450 nihil
1416 1390 1659 1451 omnino
1692 1402 1867 1471 puta-

309 1492 325 1542 ι
371 1500 422 1545 Γ.

229 1483 414 1633 milii.
459 1571 776 1649 Postquam
811 1575 1009 1631 autem
1040 1566 1217 1646 hujus
1244 1568 1491 1629 sceleris
1524 1576 1866 1648 operatores

1956 407 2060 484 οὔχ
2136 401 2215 459 ὅτι
2298 404 2397 481 μὴ,
2454 403 2527 467 ὡς
2597 407 2883 479 προσῆκεν,
2941 402 3205 479 ἀπενεμον
3290 409 3337 461 οἱ
3416 406 3608 465 πολλοὶ

1955 491 2136 561 σέϐας,
2198 490 2319 548 ἀλλ’
2378 488 2492 547 03δέ
2546 492 2646 559 τὴν
2692 492 2877 548 τούτου
2929 492 3097 561 ἀκοὴν
3128 492 3266 555 ὅλως
3325 495 3445 561 τόῖς
3505 499 3603 554 ὡσὶ

1955 581 2339 661 παρεδέχοντο,
2410 578 2500 637 Ἐν
2572 581 2707 637 ἐπτᾶ
2777 579 2832 635 δὲ
2906 584 2992 639 καὶ
3049 582 3193 646 ὅλοις
3267 583 3603 652 πεντῆκοντα

1953 672 2123 728 ἓτεσιν
2186 674 2213 727 6
2290 676 2389 737 τῆς
2444 671 2889 749 ἑνανθρωπάσεως
2946 679 3039 728 τοῦ
3113 680 3338 751 Χριστοῦ
3406 677 3596 753 τύπος,

1953 759 2255 817 διεϐαλλετό
2357 781 2414 816 τε
2498 761 2638 839 παρὰ
2721 766 2826 815 τῦν
2923 762 3422 843 εἶκονομαχούντων
3514 769 3600 823 γαὶ

1952 851 2260 925 ἠτιμάζετοο
2335 853 2389 907 οἶ
2461 848 2527 917 δὴ
2596 852 2683 906 καὶ
2754 853 2781 906 6
2851 851 3141 925 Θαυμάσιος
3225 856 3378 919 οὗτος
3438 878 3595 912 συνα-

1952 939 2143 1020 πήχθη
2197 942 2295 996 καὶ
2346 944 2452 995 τῶν
2512 938 2747 995 ἁλόντων
2800 939 3040 1018 γέγονεν,
3073 941 3266 1020 ὀλίγων
3312 943 3467 1018 μόλις
3502 947 3597 1013 τὴν

1952 1032 2133 1107 πάγην
2206 1032 2299 1086 τοῦ
2369 1030 2604 1107 ποτηροῦ
2659 1028 2997 1108 διαδράντων.
3078 1032 3217 1112 Εἶχε
3293 1035 3391 1107 μὲν
3458 1036 3597 1094 οὕτω

1950 1122 2133 1199 ταῦτα,
2203 1122 2292 1176 καὶ
2361 1122 2389 1175 6
2458 1120 2573 1177 καθ’
2645 1122 2789 1194 ἡμᾶς
2861 1127 2950 1177 τοῦ
3022 1128 3249 1198 Χριστοῦ
3313 1127 3596 1204 χαρακτὴρ

1950 1215 2281 1289 παρεωρᾶτο,
2325 1209 2498 1285 οἷ’μοι,
2547 1213 2633 1266 καὶ
2694 1211 2745 1265 ἐν
2789 1208 2997 1273 οὒδενος
3044 1212 3189 1290 μέρει
3253 1215 3597 1272 παντάπασιν

1953 1297 2223 1374 ἐλογίζετο
2234 1346 2246 1360 .

2032 1569 2109 1628 Δ’.
2183 1566 2331 1625 Ἐπεὶ
2400 1564 2455 1622 δὲ
2526 1570 2571 1623 οἱ
2642 1572 2740 1634 τῆς
2797 1569 2980 1631 κακίας
3040 1577 3234 1637 ταῦτης
3263 1569 3476 1649 ἐργάται
3517 1579 3585 1649 τῇ

228 1680 361 1725 cum
396 1660 701 1741 impietate
728 1656 1148 1719 miserabiliter
1178 1658 1509 1736 perierunt.
1553 1669 1611 1718 et
1643 1656 1846 1720 Roma-

2022 1655 2159 1731 εϐείᾳ
2241 1655 2484 1721 ἒλεεινῶς
2554 1655 2954 1736 συναπώλοντο,
3038 1661 3124 1714 καὶ
3196 1665 3230 1725 ἡ
3315 1656 3593 1735 Ῥωμαίων

228 1749 766 1829 norumimperium
785 1746 1016 1809 transiit
1031 1746 1102 1807 ad
1127 1746 1439 1827 conjugem
1458 1746 1588 1826 ejus
1602 1749 1857 1823 lrenem,

224 1862 357 1925 qua;
386 1860 481 1903 res
510 1840 979 1905 Christianorum
1004 1836 1279 1901 tuebatur
1305 1849 1365 1899 et
1387 1838 1641 1899 habebat
1662 1839 1723 1901 in
1750 1840 1861 1900 ho-

226 1951 395 2013 nore,
429 1930 683 2001 etiamsi,
717 1937 957 2010 propter
984 1937 1205 1990 metum
1238 1928 1454 2008 mariti,
1483 1947 1598 1989 non
1634 1937 1863 2009 poterat

227 2040 298 2084 eo
313 2020 636 2102 superstite
659 2018 846 2080 libere
867 2018 1062 2098 eloqui
1091 2035 1285 2078 veram
1315 2017 1690 2096 religionem.
1714 2019 1859 2080 Cum

227 2130 299 2174 ea
326 2129 463 2174 vero
493 2111 556 2171 in
583 2109 839 2189 imperio
890 2108 1098 2170 fuisset
1144 2107 1489 2182 constituta,
1539 2117 1678 2168 tunc
1731 2108 1860 2186 ipse

226 2219 463 2281 quoque
493 2198 788 2275 Christus,
820 2197 922 2278 qui
955 2205 1196 2277 propter
1229 2215 1334 2258 nos
1364 2214 1604 2259 carnem
1639 2196 1853 2273 induit,

225 2307 435 2352 rursus
454 2287 858 2350 honorabatur
879 2287 1103 2366 ﬁguris,
1121 2294 1180 2348 et
1204 2296 1495 2367 exeptatze
1515 2295 1853 2348 sanctorum

225 2380 537 2459 imagines,
571 2376 630 2439 in
663 2377 955 2444 ecclesiis.
1009 2377 1069 2437 in
1112 2377 1263 2456 foro,
1299 2376 1356 2437 in
1392 2376 1609 2456 pepqu
1646 2394 1855 2438 cerne-

224 2469 464 2532 bantur.
498 2467 615 2531 Sed
644 2486 716 2529 ne
745 2467 831 2528 sic
855 2466 1094 2548 quidem
1131 2466 1297 2527 multi
1334 2466 1510 2543 hujus
1538 2463 1855 2526 Iconoma-

222 2560 468 2621 chorum
502 2555 745 2619 haeresis
768 2556 1146 2618 acerbitatem
1180 2555 1452 2616 eluerunt
1495 2572 1563 2615 ex
1615 2554 1851 2630 animis,

221 2648 325 2710 sed
378 2663 512 2707 cum
566 2645 850 2723 temporis
888 2644 1274 2707 diuturnitate
1305 2642 1377 2705 ad
1414 2643 1555 2706 mali
1586 2643 1853 2705 habitum

220 2735 657 2816 pervenissent,
693 2752 847 2811 aegre
882 2734 1153 2797 ferebant
1199 2733 1303 2795 sed
1338 2734 1409 2794 ab
1465 2752 1535 2794 eo
1584 2732 1849 2795 liberari.

220 2824 485 2897 Quorum
518 2840 672 2883 unus
704 2831 830 2885 erat
860 2823 957 2884 hic
986 2841 1226 2904 quoque
1260 2822 1577 2900 praeclarus
1606 2821 1856 2885 Joanni-

218 2917 365 2992 cius,
400 2915 501 2997 qui
533 2934 649 2976 non
682 2924 807 2977 erat
838 2924 1288 2996 promptusnec
1317 2917 1484 2978 velox
1533 2915 1604 2975 ad
1660 2923 1853 2979 muta-

1946 1748 2091 1828 ἀρχὴ
2139 1747 2223 1802 ἐπὶ
2288 1750 2386 1813 τὴν
2430 1754 2522 1804 τοῦ
2578 1747 2804 1810 Λέοντος
2864 1747 3082 1827 σύζυγον
3138 1749 3367 1822 Εἰρήνην
3421 1748 3589 1824 μετέ-

1946 1859 2159 1910 πιπτεν,
2193 1840 2312 1908 ⁵ἷίτις
2369 1832 2648 1913 ἐπρέσϐευὲ
2697 1858 2755 1892 τε
2805 1837 2869 1892 τὰ
2921 1841 3274 1916 Χριστιανῦν,
3309 1839 3398 1895 καὶ
3450 1837 3588 1895 ἐντί-

1945 1950 2059 2003 μως
2121 1927 2276 2006 ἦγεν,
2343 1927 2386 1981 εἰ
2447 1927 2535 1981 καὶ
2598 1933 2663 1990 τῆ
2728 1927 2838 2004 -ιερὶ
2888 1928 2978 1982 τὸν
3039 1925 3197 2005 ἀνδρα
3263 1926 3438 2008 φειδοῖ
3494 1928 3590 1984 ουκ

1945 2018 2101 2097 εἶχεν
2179 2015 2325 2080 ὅπως
2398 2014 2597 2070 ἐκείνοῦ
2681 2016 2954 2093 περιόντος
3027 2014 3101 2071 ἔτι
3164 2013 3588 2093 παῤῥησιείσεταί

1942 2104 2356 2175 τὴνεύσέϐειαν,
2423 2096 2512 2165 ἐὶς
2571 2104 2657 2160 οὖν
2708 2104 2795 2160 ἐπὶ
2836 2109 2933 2170 τῆς
2992 2105 3169 2185 ἀρχῆς
3226 2108 3358 2174 αὗτή
3417 2111 3584 2166 κατέ..

1941 2220 2066 2269 στη,
2099 2197 2217 2253 τότε
2273 2196 2360 2252 καὶ
2391 2195 2615 2271 Χριστὸς
2674 2193 2886 2260 αὒτοςὸ
2949 2196 3044 2262 την
3095 2194 3359 2274 ἡμετέραν
3416 2199 3585 2279 σάρκα

1939 2285 2007 2342 δι’
2064 2288 2207 2361 ἡμᾶς
2267 2284 2615 2358 ἒνδυσάμενος
2701 2283 2919 2359 ἐτιμᾶτο
2980 2284 3140 2341 πάλιν
3199 2299 3317 2348 τοῖς
3400 2311 3581 2369 χαρα-

1940 2381 2169 2453 κτῆρσι,
2235 2375 2324 2433 καὶ
2394 2377 2440 2430 οἱ
2512 2373 2860 2451 περιπόθητσι
2929 2378 3035 2430 τῶν
3104 2375 3266 2453 ἁγίων
3337 2378 3487 2434 τύποι
3532 2379 3586 2435 ἐν

1940 2479 2063 2531 ταῖς
2122 2464 2456 2532 ἐκκλησίαις,
2517 2467 2639 2524 ταῖς
2690 2463 2914 2541 ἀγοραῖς
2974 2464 3111 2519 κατὰ
3168 2463 3371 2532 πλῆθος
3429 2467 3586 2546 ἐφαί-

1940 2578 2112 2615 νοντο.
2175 2554 2322 2611 Ἀλλ’
2369 2554 2484 2611 οὒδὲ
2542 2551 2708 2616 οὕτως
2754 2555 2798 2609 οἱ
2856 2552 3048 2609 πολλοὶ
3100 2555 3197 2621 τὴν
3228 2556 3440 2636 πικρίαν
3483 2562 3586 2625 τῆς

1939 2647 2188 2711 τοιαύτης
2243 2647 2348 2699 τῶν
2439 2642 2820 2721 Εἷκονομάχων
2880 2641 3154 2720 αἱρέσεως,
3222 2647 3328 2700 τῶν
3390 2650 3584 2727 ψυχῶν

1940 2735 2285 2810 ἆπενίῲαντο,
2345 2731 2483 2788 ἀλλὰ
2539 2739 2617 2806 τῷ
2680 2734 2767 2789 τοῦ
2846 2731 3040 2811 χρόνου
3099 2734 3286 2808 μήκει,
3347 2738 3586 2813 καθάπερ

1939 2822 1993 2878 ἐν
2052 2822 2155 2888 ἔξει
2218 2830 2309 2878 τοῦ
2356 2821 2521 2878 κακού
2568 2821 2871 2900 γεγονότες,
2919 2823 3049 2899 πρὸς
3110 2823 3209 2889 τὴν
3255 2823 3579 2904 ἀπαλλαγὴν

1938 2913 2328 2992 ἐδυσχέραινον
2388 2914 2460 2975 ὥς
2531 2915 2614 2975 εἰς
2674 2914 2761 2965 καὶ
2834 2913 2862 2967 ὁ
2931 2914 3230 2991 περιφανὴς
3289 2914 3582 2994 ἐτύγχανεν

217 3005 466 3080 tionem,
502 3024 695 3086 neque
727 3006 889 3066 omni
919 3016 1093 3066 vento
1117 3006 1573 3067 convertebatur
1605 3014 1704 3066 aut
1736 3007 1846 3069 cir-

2022 3004 2275 3066 αννίκιος.
2336 2999 2465 3058 Οὒδὲ
2537 3001 2705 3080 ταχὺς
2776 2999 2927 3064 οὗτος
2982 3000 3051 3068 ἧν
3111 3003 3183 3066 εἰς
3252 3002 3581 3081 μεταϐολὴν,

216 3094 676 3165 cumferebatur,
708 3093 814 3156 sed
846 3112 1077 3155 morum
1128 3094 1450 3155 ostendens
1478 3095 1843 3171 gravitatem,

217 3187 327 3246 etsi
360 3185 416 3245 in
447 3201 511 3244 re
542 3202 657 3244 non
689 3184 991 3263 laudabili,
1029 3184 1414 3260 permanebat
1461 3185 1520 3244 in
1569 3183 1664 3265 iis,
1718 3204 1850 3266 quae

217 3273 331 3336 sibi
363 3282 526 3336 recte
548 3273 781 3353 opinari
814 3273 1147 3353 videbatur,
1171 3283 1229 3334 et
1250 3273 1849 3353 divinisimaginibus

215 3364 442 3425 nullum
479 3362 701 3423 cultum
737 3360 1056 3424 tribuebat.
1090 3362 1318 3425 Deinde
1349 3364 1488 3444 quid
1543 3363 1651 3425 ﬁt?
1696 3363 1845 3425 Eum

214 3463 461 3516 venatur
493 3459 763 3532 egregius
796 3452 1077 3532 agricola,
1109 3453 1210 3533 qui
1243 3454 1402 3513 novit
1424 3462 1639 3514 terram
1665 3453 1848 3514 animi

217 3543 716 3625 uniuscujusque,
765 3551 822 3603 et
851 3544 901 3603 is
930 3543 1148 3622 accipit
1176 3542 1407 3604 semina
1454 3541 1593 3604 ﬁdei
1640 3547 1849 3604 ortho-

215 3633 400 3696 doxae.
439 3633 749 3707 Quomodo
786 3640 976 3694 autem
1001 3638 1029 3693 ‘2

293 3810 368 3878 V.
415 3812 670 3876 Mittitur
698 3810 770 3873 ab
800 3810 1158 3892 imperatore
1189 3809 1261 3872 ad
1294 3810 1682 3875 Occidentem
1711 3828 1846 3872 cum

213 3910 338 3965 toto
373 3904 658 3965 exercitu.
691 3901 862 3962 Illinc
893 3912 1087 3963 autem
1120 3909 1452 3974 revertens,
1477 3901 1710 3961 transiit
1738 3917 1847 3980 per

1933 3090 2047 3149 οὒδέ
2105 3093 2417 3171 πρόχειρος,
2478 3090 2591 3145 οὖδέ
2648 3090 2800 3146 παντὶ
2888 3089 3069 3165 ἀνέμῳ
3127 3093 3580 3170 περιτρεπόμενος

1931 3182 1966 3249 ἢ
2020 3183 2332 3261 φερόμενος,
2393 3177 2513 3234 ἀλλ’
2566 3176 2721 3245 ἤθους
2780 3179 2939 3254 βάρος
2998 3177 3199 3244 δεικνὺς
3249 3183 3293 3237 εἰ
3345 3184 3439 3240 καί
3500 3186 3578 3259 μὴ

1930 3273 2190 3342 ἒπαίνετῳ
2249 3266 2538 3347 πράγματι,
2596 3268 2806 3343 ἐνέμενε
2877 3281 2995 3333 τοῖς
3064 3271 3135 3332 ὡς
3195 3270 3331 3344 ᾤετο
3400 3272 3580 3339 καλῶς

1932 3362 2073 3433 αύτῷ
2144 3356 2499 3435 δεδογμένοις,
2574 3362 2666 3413 καὶ
2739 3370 2860 3419 ταῖς
2946 3358 3108 3423 θείαις
3188 3361 3406 3435 εἰκόσιν,
3468 3360 3576 3420 οὔδ’

1932 3451 2105 3505 ὁτιοῦν
2179 3445 2334 3511 σέϐας
2383 3446 2667 3521 ἀπένεμεν.
2733 3447 2872 3503 Εἶτα
2927 3456 2978 3503 τι
3037 3448 3280 3530 -τίνεται;
3343 3458 3577 3529 Θηρᾶτσι

1933 3539 2074 3615 παρὰ
2130 3542 2221 3593 τοῦ
2271 3534 2436 3593 καλοῦ
2481 3542 2722 3614 Γεωργοῦ
2775 3542 2863 3592 τοῦ
2917 3537 3018 3603 τὴν
3068 3538 3292 3595 ἑκᾶστου
3319 3546 3421 3617 γῆν
3474 3546 3574 3608 τῆς

1932 3632 2106 3702 ψυχῆς
2184 3623 2403 3706 εἰδότος,
2440 3628 2526 3681 καὶ
2571 3628 2637 3681 τὰ
2677 3630 2779 3692 τῆς
2810 3624 3081 3703 όρθοδόξου
3128 3630 3353 3694 πίστεως
3406 3630 3574 3710 σπέρ-

1931 3716 2145 3793 ματαταῖ
2169 3714 2408 3795 δέχεται.
2446 3715 2553 3773 Καὶ
2582 3718 2608 3771 ὁ
2639 3716 2855 3795 τρόπος,
2886 3713 3036 3781 ὅπως
3075 3736 3091 3792 ς

2013 3807 2098 3867 Ε¹.
2137 3806 2422 3862 Στελλεται
2477 3806 2577 3862 ὑπὸ
2635 3815 2729 3865 τοῦ
2755 3812 3069 3885 κρατοῦντος
3113 3809 3205 3864 σὺν
3237 3815 3305 3886 τῇ
3353 3812 3575 3889 στρατιᾷ

1931 3898 2078 3973 πασῃ
2151 3900 2288 3953 κατὰ
2357 3898 2457 3963 τὴν
2515 3896 2710 3971 Ἐῴανο
2774 3895 2978 3953 ἐκεῖθεν
3028 3893 3083 3952 δὲ
3152 3900 3456 3976 ἐπανήκων,
3518 3900 3572 3957 ἔν

3530 181 3610 245 40

214 3992 533 4073 quamdam
561 3999 786 4073 partem
813 3990 1066 4072 Olympi,
1095 4000 1153 4051 et
1182 3999 1323 4051 nutu
1350 3991 1549 4049 divino
1573 3989 1686 4049 iter
1705 3988 1845 4049 fecit

2022 4012 2028 4042 ι
2108 3992 2215 4042 τῶν
2270 3993 2364 4042 τοῦ
2436 3986 2705 4061 Ὀλύμπου
2761 3983 2895 4061 διῃει
2966 3994 3166 4064 μερῶν,
3228 3987 3456 4057 πλησίον
3512 3991 3571 4047 τε

212 4098 398 4164 prope
428 4082 742 4163 quemdam
776 4098 845 4142 ex
876 4084 1205 4155 monachis,
1266 4080 1363 4159 qui
1421 4085 1476 4139 in
1530 4098 1599 4139 eo
1646 4088 1845 4139 monte

2022 4098 2068 4140 υς
2104 4081 2207 4133 τῶν
2267 4076 2401 4132 κατὰ
2431 4077 2491 4132 τὸ
2545 4074 2781 4132 τοιοῦτον
2832 4074 2952 4154 ὅρος
2996 4077 3336 4152 ἀσκουμένων
3395 4102 3569 4157 μονα·

211 4171 657 4232 θαιτοεϋειηιυτ.
688 4170 913 4231 Deinde
939 4170 1036 4231 ille
1060 4187 1352 4251 apparens
1375 4186 1445 4229 ex
1469 4168 1641 4228 silva:
1663 4165 1710 4229 Ο
1736 4168 1841 4241 ﬁli,

2022 4190 2069 4244 ν,
2113 4165 2278 4221 νεύσει
2336 4166 2444 4222 τινί
2506 4164 2776 4242 παρώδευε
2836 4165 3096 4243 θειοτὲρᾳ.
3152 4166 3398 4225 ’Ἔπειτα
3448 4167 3571 4226 δια-

212 4260 429 4340 inquit,
463 4258 757 4333 Joannici,
783 4260 832 4320 si
867 4243 1153 4338 magnum
1176 4258 1279 4319 tibi
1312 4267 1422 4330 est,
1444 4258 1654 4338 inquit,
1682 4255 1842 4318 Chri-

2022 4260 2109 4319 θεὶς
2168 4254 2226 4311 ἐκ
2289 4262 2381 4312 τοῦ
2445 4254 2637 4319 ἄλσους
2694 4256 2925 4331 ἐκεῖνος,
2985 4243 3050 4310 ’δὲ
3115 4257 3326 4332 τέκνον,
3389 4260 3572 4333 εἶπεν,

211 4350 470 4412 stianum
526 4367 658 4412 esse
701 4359 759 4411 et
787 4349 1108 4422 nominari,
1142 4364 1249 4408 cur
1279 4347 1498 4408 Christi
1530 4347 1846 4425 imaginem

2030 4345 2242 4418 αννίκιε,
2300 4346 2343 4401 εἰ
2411 4345 2548 4423 μέγα
2611 4366 2703 4403 σοι
2774 4348 2835 4401 τὸ
2900 4348 3217 4425 Χριστιανὸν
3281 4350 3369 4405 καὶ
3431 4349 3576 4406 εἶναι

211 4438 574 4521 despiciens,
623 4439 812 4501 efﬁcis
842 4448 909 4500 ut
957 4436 1120 4498 labor
1163 4437 1400 4497 virtutis
1448 4455 1482 4498 a
1531 4445 1587 4498 te
1634 4437 1846 4497 frustra

2022 4436 2030 4487 ἴ
2099 4431 2466 4508 ὀνομάξεσϐαι,
2516 4433 2610 4491 ’ίνα
2664 4435 2714 4489 τί
2767 4435 2867 4502 τὴν
2940 4437 3033 4493 τοῦ
3102 4443 3329 4515 Χριστοῦ
3399 4440 3576 4496 εἰκόνα

211 4508 610 4610 suscipiatur?
655 4528 793 4591 Haec
820 4528 1043 4590 audivit
1068 4525 1159 4587 vir
1185 4524 1443 4607 divinus,
1495 4536 1553 4588 et
1604 4527 1846 4587 miratus

2022 4527 2301 4602 διφρονῶν,
2383 4524 2557 4599 μάτην
2634 4545 2717 4579 σοι
2787 4522 3208 4593 διαπεπονῆσθαι
3301 4529 3394 4585 τον
3478 4533 3578 4594 τῆς

212 4625 323 4693 est,
357 4618 515 4698 quod
564 4617 619 4679 ei
650 4617 1093 4679 evidentissime
1125 4614 1369 4676 dixisset
1413 4617 1490 4676 de
1542 4616 1844 4677 omnibus.

211 4704 390 4769 Humi
419 4710 610 4789 itaque
645 4707 886 4787 cadens,
913 4707 1080 4786 petiit
1103 4705 1359 4784 veniam,
1387 4704 1543 4785 quod
1566 4705 1851 4785 illeigno-

210 4813 351 4859 rans
378 4796 589 4859 fuisset
619 4795 883 4876 ingratus
912 4798 974 4855 in
1003 4794 1347 4870 Dominum,
1378 4795 1848 4857 etafﬁrmavitse

212 4884 499 4966 deinceps
522 4884 748 4947 Christi
766 4881 1088 4960 imaginem
1113 4889 1173 4942 et
1193 4883 1485 4956 omnium,
1519 4883 1622 4964 qui
1646 4882 1702 4945 ei
1726 4882 1847 4965 pla-

215 4984 491 5047 cuerunt,
541 4973 966 5034 honoraturuin
1016 4989 1150 5032 cum
1191 4971 1353 5031 omni
1385 4973 1709 5052 proposito.
1758 4972 1852 5036 Ab

210 5061 314 5124 illo
346 5080 487 5142 ergo
521 5071 810 5142 tempore,
846 5061 1053 5122 beatus
1083 5062 1183 5122 ille
1217 5060 1491 5123 satellitis
1511 5062 1705 5124 ofﬁcio
1724 5064 1856 5125 fun-

210 5168 357 5232 gens
386 5156 445 5212 in
475 5150 766 5213 vestibulo
797 5150 997 5229 regiae,
1031 5149 1355 5215 recubabat
1383 5154 1442 5214 in
1489 5155 1651 5215 nudo
1698 5154 1849 5234 solo,

213 5251 460 5320 eratque
483 5241 734 5302 orationi
755 5242 1097 5304 intentusiu
1111 5242 1369 5323 jejunio.
1396 5246 1542 5304 Nam
1567 5244 1676 5305 etsi
1700 5262 1848 5305 cou-

208 5332 360 5394 vivia
381 5329 571 5392 inibat
602 5348 735 5392 cum
762 5330 918 5411 aliis,
954 5331 1151 5393 cibum
1200 5343 1399 5395 tamen
1429 5352 1548 5395 non
1575 5334 1851 5396 sumebat

211 5439 400 5505 usque
428 5421 505 5483 ad
538 5420 895 5499 satietatem,
924 5423 1030 5487 sed
1064 5434 1335 5505 eatenus,
1357 5432 1419 5485 ut
1450 5424 1571 5484 illis
1609 5423 1850 5503 quidem

210 5531 334 5579 non
362 5512 668 5579 videretur
689 5512 1002 5595 jejunare;
1032 5531 1248 5596 corpus
1263 5523 1460 5576 autem
1489 5513 1545 5574 ei
1566 5511 1850 5574 consiste-

1931 4614 2124 4693 ἀρετῆς
2188 4617 2355 4670 κόπον
2422 4611 2890 4695 παρασκευάζεις,
2966 4613 3251 4673 "Excussit
3328 4620 3356 4674 6
3433 4621 3580 4681 οεῐος

1930 4703 2090 4783 ἀνὴρ,
2148 4704 2236 4760 καὶ
2289 4706 2434 4768 ὅπως
2494 4704 2636 4779 αύτῷ
2691 4702 3112 4783 διορατικώτατα
3169 4708 3287 4785 περὶ
3368 4708 3583 4765 πάντων

1931 4793 2145 4860 ἐξεῖπεν
2191 4793 2505 4868 ἐθαύμασεν.
2569 4795 2654 4868 Εἰς
2711 4791 2900 4872 ἔδαφος
2957 4792 3045 4850 οὖν
3106 4796 3309 4871 πεσὼν,
3345 4797 3587 4875 συγγνώ·

1934 4905 2045 4960 μην
2127 4881 2243 4960 ᾔτει
2299 4883 2417 4961 περὶ
2491 4884 2567 4937 ὧν
2638 4883 2846 4960 ἀγνοῶν
2934 4881 3139 4947 ἰκτῖνος
3197 4886 3270 4950 εἰς
3359 4886 3585 4965 Χριστὸν

1933 4974 2259 5052 ἠγνωμόνει,
2315 4974 2401 5027 καὶ
2457 4967 2832 5047 διεϐεϐαιοῦτο,
2867 4970 2903 5038 ἧ
2960 4973 3070 5048 μὴν
3124 4974 3185 5030 τὸ
3239 4974 3428 5032 λοιπὸν
3482 4975 3582 5043 τὴν

1936 5063 2117 5120 εἰκόνα
2162 5067 2389 5139 Χριστοῦ
2440 5063 2528 5117 καὶ
2581 5066 2688 5117 τῶν
2747 5064 3182 5142 εὒηρεστηκότων
3248 5068 3392 5140 αὐτῷ
3443 5064 3584 5121 πάν-

1937 5174 2065 5226 των,
2118 5155 2210 5210 σῦν
2280 5149 2524 5229 προθέσει
2579 5152 2657 5225 τῷ
2716 5150 2861 5229 πάσῃ
2923 5158 3107 5228 τιμᾷν⁶
3165 5154 3243 5213 Τὸ
3303 5154 3584 5213 ἀπεκείνου

1934 5241 2023 5298 οὖν
2079 5243 2107 5297 6
2163 5241 2420 5320 μακάριος
2476 5240 2946 5320 σωματοφυλακιὼ
2999 5244 3073 5307 εἰς
3128 5245 3194 5300 τὰ
3257 5250 3364 5303 τῶν
3420 5245 3584 5321 βασι-

1933 5329 2085 5389 λείων
2141 5331 2423 5411 προαύλια,
2456 5330 2543 5388 ἐπὶ
2594 5329 2761 5407 ψιλοῦ
2806 5331 2900 5388 τοῖ’»
2947 5329 3168 5413 ἐδάφους
3221 5332 3587 5409 ἆνακΛινόμεο

1934 5444 2020 5485 νος
2074 5421 2163 5497 ἦν,
2214 5421 2528 5499 προσέκειτο
2566 5419 2621 5477 δὲ
2678 5442 2946 5501 χαμευνιᾳ
3001 5427 3089 5479 καὶ
3148 5430 3428 5504 προτευχῇ
3487 5423 3580 5480 καί

1932 5511 2174 5585 νηστείᾳο
2260 5512 2315 5568 Εἰ
2411 5511 2511 5590 γὰρ
2590 5511 2675 5567 καὶ
2747 5524 2865 5574 τοῖς
2925 5513 3149 5592 ἑταίροις
3230 5518 3577 5591 συνειστιᾶτο,
