3906 6136
222 284 288 352 41
1360 290 1539 357 VITA
1585 291 1646 355 S.
1689 286 2070 357 JOANNIGII
2117 292 2462 359 ABBATIS.
3512 296 3590 369 42

217 422 365 492 πλὴν
393 423 518 482 ἀλλ’
546 425 607 481 οῦ
664 424 827 508 μέχρι
857 427 1013 506 κόρου
1057 426 1426 505 μετελαμϐανε
1482 449 1581 496 της
1641 432 1864 509 τροφῆς,

2050 475 2063 504 ,
2131 435 2191 491 et
2247 429 2321 492 ad
2380 436 2727 511 pernoctem
2793 430 2954 496 illam
3011 433 3328 499 inserviret
3379 437 3590 502 statio-

218 512 363 571 ἀλλὰ
416 522 697 590 τοσοῦτον,
755 515 864 592 ὅσῳ
921 530 1038 583 τοῖς
1092 518 1191 593 μὲν
1263 519 1340 594 μὴ
1423 519 1693 598 φαίνεσθαι
1764 540 1866 585 νη-
1952 536 2113 582 nom.

220 604 451 681 στεύων,
508 606 571 661 τὸ
628 612 784 683 σῶμα
842 604 897 662 δὲ
943 607 1087 682 αύτῷ
1127 608 1462 682 συνεστάναι,
1495 607 1582 664 καὶ
1613 608 1742 685 πρὸς
1773 609 1868 676 τὴν

220 695 499 775 πάννυχον
529 695 738 764 ἐκείνην
767 696 950 753 στάσιν
991 697 1303 775 ὒπηρετετν,

300 783 413 859 ς’.
501 786 591 843 Ἐν
658 785 864 851 τούτοις
934 788 1022 843 οῦν
1091 785 1292 845 ἐκείνου
1356 785 1715 868 σχολάζοντος
1785 782 1869 863 ἐφ’

2034 787 2134 850 VI.
2167 786 2310 850 Cum
2344 787 2446 852 ille
2475 806 2613 869 ergo
2646 798 2799 853 totos
2844 808 2944 854 sex
2977 811 3170 858 annos
3212 795 3304 857 his
3336 805 3590 876 vacaret,

217 873 367 941 ὅλοις
423 875 593 933 ἔτεσιν
652 874 727 948 ἓξ,
789 877 853 932 τὸ
904 880 1008 933 τῶν
1080 875 1397 956 Βουλγάρων
1466 874 1688 966 ἔξεισινΔ
1725 874 1870 966 ἔθνος

2045 876 2255 938 reditur
2281 895 2428 956 gens
2447 878 3183 964 Bulgarorum,Thraciam
3196 873 3591 966 depopulans.

218 968 321 1033 τῆν
376 970 482 1022 τῶν
547 971 763 1045 Θρᾳκῶν
834 964 1180 1042 ληϊζόμενον,
1257 963 1869 1043 Ἀντιστρατοπεδεύεται

2045 982 2259 1054 versus
2310 985 2411 1029 eos
2458 976 2653 1030 autem
2702 968 2864 1034 ducit
2915 963 3408 1054 exercitum,iqui
3456 983 3596 1038 tunc

218 1054 399 1110 τοίνυν
452 1055 636 1120 αὐτοῖς
692 1057 721 1111 6
779 1053 876 1123 τῆς
938 1052 1215 1130 Ῥωμαίων
1264 1053 1386 1113 τότε
1441 1061 1671 1130 κρατῶν,
1706 1066 1871 1134 χεῖρτ

2045 1061 2080 1114 ιι
2096 1053 2420 1135 imperator
2443 1057 2875 1141 Romanorum,
2891 1079 3101 1139 magna
3126 1068 3185 1123 et
3205 1052 3397 1124 valida
3419 1081 3597 1126 manu

219 1142 432 1210 πολλὴν
482 1145 568 1201 κᾶἱ
619 1144 864 1224 μάχιμον
908 1148 1269 1223 συναθροίσας,
1327 1145 1414 1211 οἷς
1462 1141 1632 1215 δήπου
1689 1142 1873 1210 συνεξ-

222 1234 456 1303 ητάζετο
504 1234 592 1291 καὶ
622 1236 650 1290 6
699 1236 937 1299 νεανικὸς
984 1234 1085 1302 τὴν
1133 1233 1405 1294 ευσέϐειαν
1451 1237 1602 1299 οὗτος
1636 1252 1652 1270 ⁸
1711 1233 1876 1290 πόλε-

108 1334 113 1375 :
224 1325 326 1398 μὸς
378 1343 435 1378 τε
494 1323 658 1403 μέγας
722 1327 902 1387 αὺτοῖς
960 1322 1276 1404 συνεῤῥάγη,
1334 1325 1422 1381 καὶ
1480 1325 1615 1381 κατὰ
1671 1322 1876 1390 πλῆθος

221 1416 276 1468 αἱ
352 1412 621 1493 φάλαγγες
691 1415 937 1471 πίπτουσι
1014 1415 1119 1469 τῶν
1194 1406 1493 1489 Ῥωμαίων.
1568 1413 1629 1472 Τί
1687 1412 1776 1469 οὗν
1848 1412 1875 1468 6

223 1501 395 1580 μέγας
441 1501 497 1559 ἐν
545 1502 835 1583 ἀριστεῦσι,
897 1504 987 1560 καὶ
1043 1505 1235 1580 μείζων
1282 1503 1338 1560 ἐν
1396 1503 1667 1572 ἀσκηταίς
1725 1503 1873 1567 οὕτος

221 1591 596 1655 Ἰωαννίκιοςέ
657 1594 763 1651 Οἷα
824 1592 991 1649 Δαυΐδ
1063 1592 1223 1658 ἄλλος
1279 1594 1348 1660 ἦν
1400 1590 1702 1650 διακόπτων
1774 1591 1870 1666 μὲν

224 1684 350 1745 τοὺς
411 1680 739 1761 ἀλλοφύλους
812 1683 905 1739 σὺν
974 1682 1215 1761 μυριάσι,
1286 1681 1560 1746 πλείστους
1632 1679 1687 1737 δὲ
1752 1679 1876 1759 ῥυό-

1958 1150 2181 1216 coacta,
2200 1144 2259 1205 in
2283 1163 2535 1226 quorum
2566 1163 2815 1209 numero
2843 1157 2971 1211 erat
2994 1150 3091 1212 hic
3113 1169 3352 1232 quoque
3376 1152 3599 1233 pietate

1958 1233 2135 1311 plane
2162 1233 2418 1313 juvenis.
2454 1237 2727 1314 Magnum
2768 1237 2963 1318 itaque
2994 1240 3265 1317 praelium
3296 1240 3408 1303 fuit
3439 1243 3602 1305 inter

1958 1339 2063 1384 eos
2091 1322 2497 1402 commissum,
2531 1332 2588 1386 et
2617 1342 2685 1385 ex
2715 1328 2985 1388 exercitu
3017 1325 3420 1392 Romanorum
3441 1331 3602 1393 cadit

1961 1429 2209 1491 magnus
2231 1430 2537 1475 numerus.
2568 1412 2719 1486 Quid
2748 1432 2886 1494 ergo
2918 1414 3021 1478 ille
3043 1416 3205 1478 inter
3233 1416 3391 1480 viros
3416 1419 3600 1483 fortes

1960 1519 2234 1583 magnus,
2259 1510 2317 1563 et
2331 1502 2487 1565 inter
2508 1502 2933 1566 exercitatores
2950 1505 3186 1586 pietatis
3202 1507 3391 1587 major
3416 1506 3603 1572 Joan-

1959 1590 2185 1653 nicius?
2207 1596 2636 1671 Erattanquam
2664 1592 2815 1656 alius
2837 1593 3042 1675 David,
3067 1596 3432 1677 alienigenas
3461 1601 3562 1677 qui
3580 1633 3603 1648 -

1958 1680 2096 1742 dem
2128 1699 2528 1763 perrumpens
2565 1702 2700 1746 cum
2735 1683 2941 1746 multis
2992 1684 3280 1764 millibus,
3314 1685 3604 1768 plurimos

225 1794 387 1837 μενος
436 1778 545 1828 τῶν
590 1773 885 1850 ὁμογενῶν,
937 1773 1076 1829 ὣστε
1135 1774 1224 1829 καὶ
1278 1793 1395 1828 τινα
1453 1777 1559 1829 τῶν
1607 1770 1876 1847 ἐπιφανῶν

2045 1778 2157 1832 tem
2188 1770 2453 1859 liberans
2483 1791 2552 1834 ex
2583 1772 2678 1851 iis,
2704 1772 2805 1854 qui
2838 1782 3009 1838 erant
3038 1774 3304 1856 ejusdem
3338 1776 3599 1859 generis,

223 1855 526 1936 Ῥωμαίων,
586 1867 816 1941 μηχανῇ
873 1859 970 1936 μὲν
1027 1861 1129 1917 ὑπὸ
1183 1867 1292 1919 τῶν
1346 1859 1663 1939 Βουλγάρων
1708 1862 1870 1934 ἱμαν-

2045 1878 2106 1921 eo
2151 1868 2217 1922 ut
2245 1858 2484 1941 quidam
2537 1878 2607 1923 ex
2639 1861 2972 1925 illustribus
3012 1855 3299 1927 Remanls
3329 1855 3606 1928 machina

221 1948 380 2007 τώδει
407 1948 698 2031 ληφθῆναι,
751 1952 841 2008 τὸν
912 1947 969 2008 δὲ
1026 1951 1226 2018 ταύτην
1288 1955 1367 2024 τῷ
1396 1950 1528 2031 Ξίφει
1558 1948 1874 2026 διατεμόντα

2045 1946 2201 2011 idem
2232 1966 2302 2010 ex
2332 1948 2478 2011 loris
2508 1958 2784 2013 contexta
2817 1958 3132 2033 caperetur
3165 1971 3200 2015 a
3232 1953 3523 2037 Bulgaris,
3551 1956 3605 2017 is

221 2049 319 2111 τῆς
353 2041 612 2117 πολεμίας
640 2043 828 2122 χειρὸς
882 2044 975 2099 τὸν
1037 2040 1312 2120 ἄνθρωπον
1370 2043 1641 2122 ρῖσασθαι.
1699 2041 1873 2101 Ταῦτα

2045 2056 2096 2100 ro
2132 2055 2204 2100 ea
2232 2037 2431 2116 gladio
2464 2038 2746 2118 dissecta,
2784 2058 2819 2102 a
2859 2059 3035 2104 manu
3066 2041 3269 2104 hostili
3298 2043 3599 2107 hominem

220 2131 287 2200 ετ,
348 2135 469 2190 τότε
522 2133 612 2190 καὶ
673 2133 829 2194 αὗτὸς
889 2135 915 2189 6
970 2131 1217 2208 βασιλεὺς
1273 2132 1621 2205 θεασάμενος,
1669 2131 1758 2189 καὶ
1811 2131 1874 2187 τὸ

2046 2128 2324 2190 eraverit.
2351 2127 2493 2190 Haec
2513 2139 2808 2192 cumtunc
2833 2130 2963 2211 ipse
2987 2132 3315 2211 aspexisset
3339 2131 3604 2214 impera-

219 2226 472 2302 γενναῖον
528 2229 621 2278 τοῦ
689 2221 875 2301 ἀνδρὸς
937 2220 1246 2300 ἐκπλαγεὶς,
1323 2222 1422 2289 τὴν
1494 2218 1718 2304 πατρίδα
1788 2222 1876 2277 καὶ

2045 2235 2072 2293 ',
2090 2220 2285 2296 etejus
2306 2220 2752 2282 essetvirtutem
2780 2221 3127 2295 admiratus,
3155 2222 3433 2304 cupiebat
3449 2224 3605 2286 scire

219 2313 324 2381 τὴν
358 2311 453 2369 τοῦ
510 2312 771 2387 ὀνόματος
825 2310 1022 2379 κλῆσιν
1077 2312 1254 2383 ἒζήτει
1291 2315 1504 2388 μαθεῖν,
1550 2302 1609 2369 ’0
1662 2310 1716 2366 δὲ
1744 2312 1875 2390 πρὸς

2045 2313 2237 2383 triam,
2265 2308 2503 2388 etquod
2531 2317 2687 2370 esset
2711 2310 2762 2371 ei
2788 2310 3147 2374 nomen.llle
3169 2302 3365 2374 autem
3391 2321 3608 2395 praeter

225 2404 434 2467 τούτοις
494 2403 579 2459 καὶ
631 2403 729 2471 τὴν
790 2407 890 2468 τῆς
949 2402 1223 2481 στρατείας
1279 2399 1513 2459 ἐδίδασκε
1574 2399 1740 2467 τάξιν.
1780 2400 1879 2458 Καὶ

2045 2413 2090 2458 ιο
2119 2396 2517 2459 docuitetiam
2543 2397 2815 2460 ordinem
2844 2399 3069 2462 militias
3110 2399 3441 2482 Imperater
3463 2420 3606 2465 vero

231 2495 259 2549 6
284 2491 536 2570 βασιλεὺς
573 2492 741 2550 πάντα
772 2491 946 2567 εὐθὺς,
989 2493 1064 2556 ὡς
1094 2492 1157 2547 ἃν
1214 2492 1293 2567 μὴ
1349 2491 1449 2559 τὴν
1506 2493 1727 2568 μνήμην
1780 2489 1880 2546 αὖ·

2045 2486 2162 2548 mia
2184 2486 2491 2567 statim,ne
2513 2496 2736 2549 mem‘or
2751 2487 2808 2549 ia
2829 2488 3417 2570 exciderent,scribaa
3435 2491 3608 2569 jubet

232 2589 325 2639 τοῦ
381 2580 667 2662 διαφύγοι,
726 2583 1034 2660 γράμμασιν
1104 2582 1389 2639 ἐκτίθεσθαι
1450 2586 1527 2654 τῷ
1581 2582 1881 2659 ὑπογραφεϊ

2045 2574 2252 2636 tndare
2283 2575 2552 2658 scriptis,
2586 2586 2644 2637 et
2680 2577 3118 2656 magniﬁcentia
3164 2584 3604 2642 remuneratio-

233 2671 459 2750 κελεύει,
516 2672 607 2728 καὶ
645 2677 715 2748 τῇ
772 2671 1047 2750 φιλοτιμίᾳ
1103 2678 1210 2730 τῶν
1264 2669 1581 2728 ἀντιδόσεων
1634 2671 1733 2738 τὴν
1788 2676 1881 2727 τοῦ

2050 2682 2132 2739 m,
2167 2664 2539 2727 confirmavit
2570 2664 2865 2729 defessam
2903 2685 3143 2729 manum
3175 2667 3353 2748 hujus
3384 2668 3605 2750 egregii

230 2760 401 2818 καλοῦ
456 2761 647 2819 τούτου
704 2762 1031 2840 στρατιώτου
1076 2773 1245 2842 χεῖρα
1309 2767 1586 2837 καμοῦσαν
1642 2758 1878 2839 ἒπέῤῥω-

2052 2752 2353 2816 litis.Hinc
2398 2754 2584 2834 magis
2617 2755 2914 2831 incitatus,
2947 2776 3129 2818 unum
3182 2756 3500 2834 quemdam
3534 2777 3606 2820 ex

238 2872 354 2913 σεν,
423 2849 697 2908 Ἐντεῦθεν
765 2852 852 2908 καὶ
923 2841 1125 2908 πλείονι
1197 2858 1266 2927 τῇ
1315 2851 1456 2930 ῥοπῇ
1512 2850 1881 2931 χρησάμενος,

2045 2842 2255 2915 imicis,
2291 2843 2393 2923 qui
2443 2851 2688 2906 steterat
2728 2845 2791 2906 in
2839 2845 2931 2906 via
2980 2853 3248 2926 angusta,
3282 2853 3343 2908 et
3391 2847 3607 2910 multos

238 2942 331 2997 ἕνα
425 2940 542 2998 τινὰ
634 2943 741 2997 τῶν
834 2941 1043 3021 ἐχθρῶν
1154 2941 1240 3000 ἐπὶ
1332 2930 1547 3008 στενῆς
1622 2940 1881 3007 ἑστηκότα

2045 2931 2279 2994 cidebat
2310 2951 2385 2994 ex
2419 2930 2722 3008 Romanis,
2756 2934 2845 2995 vir
2871 2934 2975 2997 ille
3023 2945 3327 3009 strenuus,
3360 2937 3511 3000 facto
3544 2936 3607 2998 in

232 3030 380 3103 ὁδοῦ,
422 3031 515 3086 καί
572 3029 801 3095 πολλοὺς
860 3020 1172 3113 ἆναιροῦντα
1223 3024 1498 3109 Ῥωμαίων
1554 3033 1581 3087 ὃ
1637 3041 1881 3109 γενναῖος

2048 3040 2103 3113 m
2128 3020 2573 3113 imp_etu,iillum
2596 3023 2847 3113 privavit
2876 3025 3091 3104 capite,
3116 3026 3215 3105 qui
3249 3025 3447 3088 multis
3475 3024 3609 3089 aliis

230 3120 387 3184 οὗτος
460 3121 815 3193 ἑπεισπεσὼν,
898 3110 1136 3200 κεφαλῆς
1219 3121 1420 3199 ἓστέρει
1490 3121 1582 3177 τὸν
1670 3116 1881 3175 πολλῶν

2045 3110 2160 3189 pita
2208 3110 2554 3212 abstulerat:
2589 3110 2686 3174 Sic
2729 3112 3017 3212 adversus
3046 3114 3249 3178 hostes
3278 3114 3379 3196 qui
3409 3116 3611 3178 viden-

230 3209 429 3288 ἑτέρων
495 3208 729 3288 κεφαλὰς
786 3209 1137 3289 ἀφελόμενον.
1198 3209 1378 3275 Οὕτως
1449 3210 1500 3265 αἱ
1571 3209 1708 3266 κατὰ
1776 3210 1881 3265 τῶν

2045 3220 2085 3276 r,
2119 3201 2407 3282 praeclara
2435 3200 2724 3283 facinora,
2758 3212 2929 3265 erant
2958 3205 3188 3283 signum
3226 3214 3608 3287 tropzeorum,

229 3299 518 3379 ὁρωμένων
585 3298 794 3379 ἰχθρῶν
860 3297 1129 3377 ἆριστεται
1199 3297 1465 3374 σύμϐολον
1533 3298 1671 3365 ἦσαν
1743 3298 1884 3369 αὐτῷ

225 3396 338 3446 τῶν
398 3387 702 3464 μελλόντων
757 3388 893 3446 κατὰ
951 3391 1058 3446 τῶν
1116 3394 1176 3449 οῦ
1223 3388 1558 3469 φαινομένωτ
1614 3384 1883 3463 δυσμενῶν

227 3476 501 3555 τροπαίων
510 3525 524 3540 .

315 3564 396 3626 Ζ’.
462 3566 560 3624 Καί
617 3565 736 3645 ὅρα,
791 3572 907 3632 πῶς
964 3566 1196 3625 ἐντεῦθεν
1260 3568 1511 3643 καὶπρὸς
1541 3567 1641 3634 τὴν
1669 3563 1881 3622 ἒγείνων

231 3654 470 3732 ἅμιλ)αν
523 3653 816 3735 ὡδηγεττο,
878 3658 968 3713 καὶ
1027 3656 1130 3725 ἤδη
1190 3656 1368 3724 πάλης
1407 3654 1633 3731 ἥπτετο,
1664 3654 1759 3711 καί
1791 3656 1883 3710 τὸν

232 3745 465 3814 ὁπλίτην
517 3752 635 3803 νοῦν
695 3746 885 3826 ἀποχῇ
950 3748 1131 3805 σιτίων
1199 3749 1289 3805 καὶ
1358 3750 1637 3826 προσευχῇ
1704 3743 1882 3807 καλῶς

228 3834 460 3906 ὥπλιζε.
531 3835 638 3903 Τῆς
709 3837 810 3915 γὰρ
878 3841 1007 3915 πρὸς
1089 3836 1211 3902 τοὺς
1294 3835 1590 3917 ὁρωμένους
1669 3834 1883 3896 τούτους

230 3925 463 4006 ἐχθροὺς
530 3926 719 4003 μάχης
787 3924 965 4002 ἡρέμα
1035 3927 1123 3982 καὶ
1192 3926 1329 3983 κατὰ
1398 3925 1573 4004 βραχὺ
1643 3921 1885 4005 διαστὰς,

225 4018 325 4072 καὶ
387 4015 440 4070 ἒν
496 4014 668 4089 ἐαυτῷ
726 4013 921 4071 λοιπὸν
977 4016 1231 4095 γεγονὼς,
1300 4012 1519 4092 ’ἐστρεφὲ
1574 4034 1631 4070 τε
1686 4014 1793 4069 τῶν
1854 4011 1887 4066 ἆ

232 4104 454 4181 δυνάμει
506 4106 635 4160 Θεοῦ
678 4105 815 4161 κατὰ
863 4110 970 4161 τῶν
1025 4103 1232 4185 ἐχθρῶν
1287 4103 1558 4183 ἠρίστευσε
1610 4102 1884 4182 γενναίως,

229 4196 324 4250 καὶ
384 4192 713 4266 ζῆμιωθῆναι
743 4195 964 4274 πιεκρὰν
1018 4194 1226 4261 εκείνην
1283 4193 1478 4269 ζημίαν
1533 4194 1626 4250 τὸν
1677 4191 1887 4249 ὄπισθεν

228 4282 394 4360 ἶλεγε
451 4284 667 4364 χρόνον,
728 4283 784 4340 ἐν
840 4285 950 4359 ὅσῳ
1005 4284 1085 4361 μὴ
1144 4282 1230 4340 διὰ
1286 4283 1448 4361 τιμῆς
1508 4286 1651 4357 αὐτῷ
1706 4282 1741 4350 ἡ
1795 4288 1890 4338 τοῦ

230 4380 471 4445 Χριστοῦ
539 4374 693 4429 εἰκὼν
759 4372 945 4452 ἤγετο,
1018 4375 1107 4430 καὶ
1175 4384 1296 4438 τοῖς
1368 4374 1465 4441 τῆς
1539 4369 1887 4447 μεταμελείας

229 4463 449 4540 βέλεσιν
512 4458 764 4519 ἐϐάλλετο
809 4464 909 4531 τὴν
966 4463 1176 4544 ψυχὴν,
1238 4463 1327 4519 καὶ
1384 4463 1611 4537 ὡσπερεὶ
1670 4467 1888 4518 τοιαῦτα

230 4554 373 4631 πρὸς
418 4552 601 4610 ἑαυτὸν
650 4549 938 4630 διελέγετω
1001 4553 1227 4629 Τοιούτῃ
1284 4571 1352 4628 με
1406 4549 1667 4608 δουλεύειν
1724 4572 1888 4629 προσ·-

227 4641 337 4710 ἧκε
403 4641 666 4719 Δεσπᾶτῃ,
727 4643 814 4699 καὶ
872 4641 948 4715 μή
1002 4663 1140 4699 κατα
1195 4646 1300 4698 τῶν
1360 4639 1644 4720 ὁρωμένων
1689 4641 1885 4698 τούτων

228 4734 407 4807 μόνον
436 4730 661 4811 ἐχθρῶν,
694 4729 831 4789 ἀλλὰ
879 4730 935 4789 δὲ
965 4732 1217 4789 καὶκατὰ
1266 4736 1372 4787 τῶν
1428 4729 1666 4807 ἀοράτων
1726 4729 1886 4787 ὁπλί-

224 4823 420 4891 ζεσθαι
454 4836 469 4851 ·
546 4821 576 4875 ὃ
646 4819 744 4879 καὶ
806 4818 875 4877 δι’
946 4822 1115 4902 εὖχῆς
1186 4819 1294 4899 ἐγὼ
1361 4817 1597 4894 μάλιστα
1656 4819 1885 4896 τίθεμαι,

230 4908 459 4977 δοθῆναί
527 4929 618 4985 μοι
689 4912 897 4990 καιρὸν,
967 4908 1085 4967 καθ’
1154 4908 1216 4966 ὒν
1287 4908 1436 4967 ’ἐσται
1509 4932 1602 4985 μοι
1674 4906 1887 4965 δυνατὸν

226 4997 498 5065 ὑποτάξαι
525 5000 624 5068 τὴν
662 5000 831 5079 σάρκα
887 5007 963 5076 τῷ
1023 4999 1308 5080 πνεύματι,
1370 5000 1455 5055 καὶ
1512 4997 1663 5075 μόνῳ
1716 5019 1888 5076 προσ-

227 5090 462 5169 ανέχειν
530 5096 669 5166 Θεῷ.
745 5089 1014 5148 Ἐντεῦθεν
1080 5089 1170 5146 καὶ
1239 5093 1338 5157 τῆς
1426 5090 1679 5157 συνήθως
1749 5086 1887 5150 ὅλως

226 5179 451 5259 ἐγένετο
508 5183 840 5261 προσευχῆς,
907 5181 992 5236 καὶ
1058 5181 1121 5236 τὸ
1178 5179 1549 5258 ὃπερκείμενον
1616 5179 1671 5235 ἐν
1749 5175 1889 5249 δεξιᾷ

221 5275 331 5338 τῆς
391 5270 628 5335 Βιθυνίας
683 5269 804 5350 ὅρος
861 5267 895 5325 ’ὁ
924 5268 1050 5349 παρ’
1092 5269 1229 5347 ἡμῖν
1260 5266 1553 5347 ’Ὄλυμπος
1614 5267 1886 5339 καλεῖται,

221 5359 464 5427 ὡδίνησε
493 5361 583 5417 τὸν
610 5356 822 5441 ἥσυχον
849 5359 940 5417 καὶ
969 5357 1263 5440 φιλὲρημον
1293 5359 1431 5437 βίον.

314 5543 415 5606 [ι’.
502 5537 847 5616 Ἐνδημιίσας
924 5536 1013 5596 ούν
1077 5538 1457 5617 βασιλευούσῃ,
1520 5539 1608 5596 καὶ
1662 5550 1779 5603 τοῖς
1837 5534 1895 5593 ἐν

228 5636 380 5712 αὐτῇ
435 5629 730 5707 ιῦκτηρίοις
785 5626 1173 5705 συνταξάμενος
1229 5628 1429 5708 οἴκοις,
1489 5629 1578 5685 καὶ
1629 5629 1728 5696 τὴν
1797 5645 1893 5683 τε·-

491 5840 755 5910 Ρλτειοι..
793 5837 908 5906 Gn.
958 5837 1166 5909 CXVI.

1966 3309 2098 3372 quae
2128 3300 2255 3353 erat
2286 3299 2599 3354 erecturus
2635 3301 2838 3355 contra
2886 3292 3183 3375 inimicos,
3217 3293 3320 3372 qui
3352 3313 3470 3357 non
3502 3312 3615 3377 ap-

1967 3391 2199 3462 parent.

2045 3558 2332 3623 VII.Vide
2355 3567 2550 3622 autem
2586 3561 2885 3642 quomodo
2918 3561 3059 3624 hinc
3084 3561 3192 3624 fuit
3223 3561 3514 3624 deductus
3537 3560 3613 3625 ad

1966 3649 2415 3731 suscipiendum
2463 3658 2667 3713 contra
2701 3652 2834 3714 illos
2865 3660 3168 3714 certamen
3201 3672 3215 3711 :
3281 3660 3340 3714 et
3363 3652 3486 3732 jam
3537 3650 3612 3713 ad

1968 3739 2310 3802 luctandum
2371 3748 2460 3800 est
2517 3758 2855 3820 aggressus,
2919 3749 2978 3802 et
3035 3741 3225 3820 gravis
3294 3750 3613 3804 armaturae

1970 3838 2253 3905 mentem,
2289 3829 2646 3891 absrinentia
2680 3848 2713 3890 a
2743 3828 2897 3893 cibis
2938 3837 2998 3890 et
3039 3829 3308 3893 oratione
3359 3829 3611 3910 pulchre

1969 3924 2240 3984 armavit.
2272 3917 2417 3981 Nam
2442 3936 2575 3982 cum
2602 3937 2637 3979 a
2659 3937 2856 4000 pugna
2886 3918 3170 3982 adversus
3204 3918 3440 4000 eos,qui
3472 3937 3609 3982 cer-

1970 4016 2215 4081 nuntur,
2251 4008 2453 4071 hostes
2483 4026 2547 4071 se
2578 4008 2801 4070 sensim
2836 4015 2896 4073 et
2924 4008 3205 4090 paulatim
3235 4007 3608 4087 dimovisset,

1973 4104 2031 4159 et
2060 4116 2125 4159 se
2155 4097 2446 4179 deinceps
2474 4096 2837 4175 collegisset,
2858 4097 3135 4161 versabat
3167 4096 3365 4160 animo
3384 4116 3454 4161 ea
3484 4116 3615 4180 quas

1971 4187 2079 4249 Dei
2095 4187 2311 4249 virtute
2332 4188 2615 4249 adversus
2644 4188 2845 4248 hostes
2873 4186 3108 4248 fortiter
3136 4195 3423 4267 gesserat,
3456 4194 3520 4250 et
3546 4206 3612 4249 se

1971 4276 2304 4360 posteriore
2327 4275 3137 4359 temporedicebatacerbum
3165 4276 3308 4338 illud
3329 4277 3613 4340 damnum

1971 4366 2298 4447 accepisse,
2334 4384 2452 4445 quo
2488 4364 2708 4428 Christi
2738 4364 2828 4427 sui
2859 4363 3051 4444 imago
3092 4362 3153 4425 in
3186 4363 3413 4426 honore
3441 4364 3517 4427 ab
3544 4383 3613 4427 eo

1971 4474 2092 4517 non
2108 4454 2529 4537 habebatur,et
2546 4452 2682 4515 telis
2706 4453 3069 4534 poenitentiae
3091 4452 3467 4515 sauciabatur
3487 4455 3615 4534 ejus

1970 4544 2231 4624 animus,
2265 4550 2326 4606 et
2374 4543 2434 4603 in
2467 4542 2626 4604 hunc
2676 4541 2916 4603 modum
2950 4559 3155 4603 secum
3204 4540 3561 4620 loquebatur
3595 4560 3612 4617 ;

1967 4631 2243 4715 Oportuit
2281 4651 2375 4694 me
2431 4631 2531 4693 tali
2559 4630 2814 4696 Domino
2864 4630 3109 4703 servire,
3145 4638 3204 4692 et
3245 4648 3367 4691 non
3417 4630 3614 4693 solum

1970 4723 2254 4786 adversus
2283 4723 2414 4797 hos,
2448 4721 2547 4802 qui
2573 4728 2926 4795 cernuntur,
2960 4719 3257 4794 inimicos,
3295 4718 3400 4780 sed
3435 4720 3615 4782 etiam

1970 4813 2189 4875 armari
2233 4812 2294 4873 in
2345 4829 2447 4873 eos
2503 4811 2605 4892 qui
2662 4828 2781 4872 non
2831 4810 3049 4872 cadunt
3109 4809 3221 4872 sub
3280 4818 3616 4889 aspectum.

1969 4901 2137 4976 Quod
2157 4901 2397 4983 quidem
2422 4918 2560 4978 ergo
2588 4898 2777 4962 habeo
2811 4898 3066 4962 maxime
3097 4898 3157 4960 in
3187 4897 3368 4979 votis,
3398 4915 3618 4978 nempe

1971 4992 2099 5055 dari
2124 4992 2266 5053 mihi
2293 4998 2552 5071 tempus,
2579 4990 2639 5051 in
2661 5007 2774 5071 quo
2802 4989 3022 5069 possim
3046 5005 3289 5050 carnem
3322 4986 3620 5066 subjicere

1968 5081 2226 5163 spiritui,
2250 5086 2308 5142 et
2331 5079 2440 5141 soli
2464 5078 2584 5140 Deo
2608 5079 2871 5140 animum
2895 5075 3206 5138 adhibere.
3237 5074 3389 5137 Hinc
3417 5094 3483 5137 se
3509 5076 3619 5138 de-

1970 5171 2059 5232 dit
2087 5178 2273 5233 totum
2290 5169 2479 5231 solitae
2495 5167 2770 5242 orationi,
2798 5177 2856 5227 et
2885 5184 3021 5227 cum
3056 5164 3301 5228 vidisset
3325 5171 3615 5237 montem,

1971 5260 2076 5342 qui
2104 5258 2514 5340 supereminet
2534 5276 2568 5318 a
2590 5256 2832 5318 dextera
2864 5253 3172 5335 Bithyniae,
3199 5254 3300 5335 qui
3330 5255 3488 5336 apud
3513 5272 3623 5317 nos

1971 5358 2219 5415 vocatur
2263 5347 2570 5430 Olympus,
2605 5345 2884 5429 concepit
2912 5346 3112 5409 animo
3144 5346 3323 5410 vitam
3359 5346 3621 5428 quietam

1976 5449 2034 5505 et
2060 5446 2358 5503 amantem
2394 5436 2763 5500 solitudinis.

2057 5528 2213 5595 VIII.
2261 5527 2408 5590 Cum
2437 5528 2700 5591 venisset
2745 5545 2885 5609 ergo
2912 5526 2979 5590 in
3024 5524 3235 5590 urbem
3284 5524 3535 5605 regiam,
3566 5530 3627 5587 et

1982 5622 2181 5686 valere
2221 5622 2503 5703 jussisset
2533 5638 2624 5701 ea,
2659 5636 2792 5698 quae
2822 5623 2962 5681 sunt
3002 5615 3066 5677 in
3093 5615 3245 5697 ipsa,
3283 5617 3540 5680 oratoria
3568 5619 3629 5674 et

3192 5822 3231 5886 2
