3906 6136
407 249 483 316 43
1703 235 1982 304 MENSlS
2034 237 2082 302 N

2247 238 2477 301 MBER.
3699 237 3775 302 44

405 381 816 463 emigrationis
838 385 1201 460 postremam
1224 371 1592 436 reddidisset
1619 370 2060 448 adoratiouem,

2247 375 2391 431 ταίαν
2485 379 2582 443 τῆς
2671 373 2972 450 ἀποδημίας
3057 375 3418 454 προσκύνησιν
3503 373 3727 440 ἀποδοὺς
3762 423 3777 449 ,

407 462 666 554 despicit
714 469 960 552 quidem
1011 465 1224 528 referri
1276 463 1338 524 in
1385 478 1697 554 numerum
1748 479 2059 540 procerum

2247 469 2374 542 ρορᾷ
2429 463 2527 540 μὲν
2584 471 2675 521 τοῦ
2731 465 2871 542 παρὰ
2927 462 3145 539 βασιλεῖ
3195 464 3494 539 τάττεσθαι,
3559 467 3784 543 ὑπερορᾷ

407 548 835 643 imperatoris;
869 555 1126 637 despicit
1154 562 1354 616 autem
1412 548 1668 643 matrima
1696 549 2066 643 adipisci,uet

2247 558 2322 610 ςοῦ
2372 560 2478 611 τῶν
2523 555 2789 632 μεγίστων
2841 554 2928 610 καὶ
2976 554 3103 632 ὑπὲρ
3151 555 3269 618 τοὺς
3329 553 3560 620 πὸλλοὺς
3607 553 3785 621 ἀξιοῦ-
3859 579 3862 584 λ

417 639 606 734 pluris
637 648 791 729 ﬁeri,
825 664 1001 728 quam
1034 644 1261 723 vulgus.
1297 639 1562 734 Despicit
1591 648 1894 720 paternam
1928 641 2066 702 alle-

2251 659 2291 696 t'
2351 656 2676 722 καταφρονεϊ
2729 647 2958 722 στοργῆς
3018 649 3304 722 πατρικῆς,
3345 645 3400 700 ἐν
3449 642 3668 722 δευτέρῳ
3724 645 3788 699 τὰ

412 728 696 820 ctionem,
729 728 1030 817 postponit
1061 737 1286 796 viscera
1331 728 1559 820 matris,
1595 736 1820 820 etcum
1855 747 2062 811 parum

412 817 771 908 congressus
790 832 946 887 esset
977 841 1108 885 cum
1145 819 1520 902 parentibus,
1548 817 1849 908 profectus
1879 817 2064 908 estad

402 906 732 1000 jucundam
765 916 1019 997 quietem
1054 922 1117 973 et
1147 909 1478 981 silentium,
1511 925 1646 968 cum
1683 906 1842 967 solos
1874 906 2063 984 vigin-

411 995 454 1071 ti
486 1017 738 1089 quatuor
761 995 956 1068 annos
985 1019 1050 1063 se
1068 999 1326 1089 pulchre
1344 995 1636 1089 gessisset
1667 995 1727 1057 in
1762 995 1869 1057 hac
1903 996 2062 1057 infe-

409 1085 556 1161 riori
603 1105 663 1159 et
695 1094 990 1156 mundana
1040 1091 1273 1152 militia.
1312 1086 1377 1148 ln
1429 1085 1684 1147 transitu
1729 1104 1868 1147 vero
1923 1104 2058 1147 cum

409 1185 765 1250 accessisset
785 1185 858 1246 ad
891 1185 1266 1259 Agaurorum
1289 1173 1743 1249 monasterium,
1774 1175 2064 1256 accipitur

411 1276 484 1340 ab
530 1276 626 1348 iis,
661 1273 762 1356 qui
807 1272 929 1332 illic
962 1279 1156 1356 erant,
1185 1265 1502 1356 monachis
1535 1285 1549 1327 :
1603 1271 1663 1327 et
1717 1263 2063 1326 monasterii

412 1353 697 1447 praefecto
746 1358 899 1421 Patri
957 1353 1242 1434 Gregorio
1292 1353 1483 1430 aperit
1541 1371 1713 1414 suum
1772 1353 2062 1427 animum,

412 1441 574 1535 quod
622 1448 855 1512 scilicet
880 1454 1038 1535 amet
1077 1445 1251 1507 vitam
1285 1442 1574 1535 quietam,
1609 1453 1668 1505 et
1715 1441 1874 1524 quod
1915 1442 2066 1535 velit

413 1530 574 1604 solus
624 1538 734 1601 sub
783 1539 907 1600 Deo
958 1533 1178 1614 vivere,
1214 1551 1450 1594 omnem
1511 1532 1829 1593 humanam
1876 1530 2068 1592 vitans

414 1627 913 1693 consolationem.
934 1624 1040 1688 Ille
1072 1633 1269 1686 autem
1300 1621 1499 1683 laudat
1523 1621 1768 1704 quidem
1795 1621 2063 1701 proposi-

414 1728 565 1794 tum,
599 1719 703 1781 sed
752 1717 879 1780 haec
909 1715 1145 1778 dicebat
1208 1711 1537 1775 convenire
1566 1710 1663 1786 iis,
1698 1712 1798 1792 qui
1853 1709 2066 1772 versati

413 1817 553 1871 sunt
575 1807 637 1869 in
660 1804 1023 1870 diuturniori
1055 1801 1504 1874 exercitatione,
1530 1809 1586 1863 et
1616 1800 1688 1863 ad
1723 1801 1857 1881 ejus
1888 1800 2064 1862 habi-

411 1905 539 1960 tum
571 1894 1009 1980 quodammodo
1028 1899 1451 1980 pervenerunt.
1482 1891 1603 1980 Ego
1625 1908 1764 1951 vero
1792 1889 1898 1951 tibi
1931 1909 2065 1952 cono

412 1977 700 2048 suluerim
754 2002 874 2046 non
918 2001 1049 2046 eam
1082 1983 1274 2063 primo
1307 1979 1489 2042 vitam
1523 1977 1771 2057 eligere,
1807 1995 1938 2058 quae
1972 1986 2063 2039 est

409 2085 641 2139 remota
660 2074 733 2137 ab
767 2073 932 2135 omni
957 2071 1266 2134 hominum
1299 2067 1715 2143 societate,sed
1749 2085 1880 2128 cum
1917 2067 2060 2130 viris

414 2165 530 2247 piis
567 2173 626 2227 et
654 2163 964 2226 monachis
1013 2167 1070 2222 te
1103 2158 1266 2241 prius
1297 2157 1707 2247 conjungere,
1738 2164 1796 2216 et
1825 2156 2058 2218 discere

413 2244 649 2336 tempus
678 2264 738 2315 et
758 2252 1032 2315 ordinem
1056 2246 1360 2317 orationis.
1399 2245 1624 2336 Deinde
1655 2244 2056 2336 obedientiam

413 2334 618 2407 doceri
661 2350 718 2405 et
762 2339 1138 2419 modestiam,
1187 2345 1245 2398 et
1287 2337 1376 2397 sic
1429 2334 1501 2397 ad
1545 2335 1721 2396 vitam
1769 2335 2058 2397 accedere

411 2431 914 2506 anachoreticam,
943 2448 1040 2504 ne,
1071 2429 1121 2490 si
1142 2426 1214 2489 ad
1240 2443 1371 2488 eam
1397 2423 1684 2504 irruperis
1711 2423 2050 2504 priusquam

411 2523 717 2597 didiceris,
753 2539 889 2582 cum
915 2528 969 2581 te
995 2514 1519 2599 oporteretferire,
1545 2512 1798 2592 feriaris,
1827 2521 1884 2574 et
1919 2531 2051 2573 cum

412 2631 718 2692 superare,
751 2609 1054 2691 supereris
1087 2603 1532 2692 miserabiliter.

2151 733 2354 811 μητρὸς
2409 733 2604 790 τίθεται
2663 731 2974 815 σπλάγχνα,
3020 737 3108 792 καὶ
3165 748 3283 798 τοῖς
3338 742 3546 792 τεκοῦσι
3602 735 3788 813 μικρὸν

2149 824 2537 900 συγγενόμενος
2619 821 2707 880 ἐπὶ
2782 825 2881 891 τὴν
2974 825 3133 905 φίλην
3223 824 3472 902 ὥρμησεν
3558 824 3787 905 ἡσυχίαν

2146 910 2246 978 τὴν
2315 910 2488 978 καλὴν
2560 909 2727 977 ὅντως
2787 917 3054 986 σύνοικον,
3122 914 3380 990 τέσσαρας
3453 915 3644 989 μόνους
3709 913 3790 970 ἐπὶ

2145 1013 2262 1064 τοῖς
2327 1001 2500 1057 εἴκοσι
2565 1004 2790 1081 χρόνους
2850 1010 2918 1080 τῇ
2976 1005 3122 1062 κάτω
3191 1004 3356 1081 ταύτῃ
3415 1006 3499 1061 καὶ
3559 1008 3790 1080 κοσμικῇ

2146 1089 2438 1170 διαπρέψας
2508 1093 2771 1170 στρατείᾳ.
2851 1095 2996 1150 Κατὰ
3065 1100 3190 1170 γοῦν
3260 1094 3363 1160 τὴν
3429 1093 3658 1173 πάροδον
3722 1099 3788 1169 τῇ

2147 1183 2251 1234 τών
2310 1181 2562 1258 Αυγάρων
2621 1183 2760 1258 μονῇ
2811 1180 3394 1262 1r;91656)tnxdic,b1tb
3451 1185 3556 1239 τῶν
3612 1181 3789 1238 ἐκεῖσε

2149 1275 2408 1348 μοναχῶν
2457 1267 2739 1349 δεξιοῦται,
2800 1273 2895 1328 καί
2965 1281 3042 1348 τῷ
3103 1278 3200 1338 τῆς
3256 1278 3428 1348 μονῆς
3498 1277 3789 1350 προεστῶτι

2149 1361 2312 1436 Πατρὶ
2367 1359 2642 1437 Γρηγορίῳ
2670 1361 2735 1416 τὰ
2791 1365 2890 1427 τῆς
2945 1361 3130 1420 ἑαυτοῦ
3179 1361 3401 1439 γνώμης
3434 1359 3571 1429 δῆλα
3621 1372 3788 1431 ποιεῖ,

2145 1445 2226 1503 ὅτι
2277 1468 2336 1503 τε
2376 1455 2469 1506 τοῦ
2526 1446 2642 1506 καθ’
2695 1449 2922 1530 ἡσδχίαν
2975 1451 3066 1529 ἐρᾷ
3119 1451 3256 1531 βίου,
3293 1452 3379 1508 καὶ
3422 1450 3503 1508 ὅτι
3552 1449 3792 1528 βούλεται

2147 1537 2333 1624 μόνος,
2378 1537 2480 1624 ὑπρ
2538 1543 2654 1610 Θεῷ
2723 1545 2844 1614 ζῇν,
2905 1539 3237 1617 ἀνθρωπίνην
3306 1546 3481 1597 πᾶσαν
3535 1539 3795 1620 διαφυγὼν

2147 1623 2506 1703 παράκλησιν.
2561 1624 2623 1684 Ὀ
2673 1625 2728 1682 δὲ
2782 1628 2879 1696 τὴν
2937 1629 3037 1705 μὲν
3086 1630 3334 1707 πρόθεσιδ
3387 1629 3621 1704 ἐπαινεῖ,
3665 1628 3798 1684 ἀλλὰ

2090 1714 2311 1800 Βταῦτᾰί
2371 1735 2432 1792 γε
2492 1717 2781 1794 προσήκειν
2838 1717 2939 1798 ἔφη
2999 1731 3118 1782 τοῖς
3151 1719 3249 1786 τὴν
3302 1717 3529 1787 ἄσκησιν
3582 1717 3797 1798 χρονώο

2148 1825 2300 1883 τερον
2363 1803 2714 1886 ἐκπονήσασι,
2767 1809 2855 1863 καὶ
2910 1807 3088 1886 ὥσπερ
3132 1809 3186 1864 ἒν
3232 1806 3333 1874 ἕξει
3391 1808 3588 1876 ταύτης
3641 1829 3800 1887 γενο-

2147 1893 2349 1968 μένοις,
2412 1896 2506 1952 Σοὶ
2566 1892 2620 1950 δὲ
2681 1894 3132 1974 συμϐιὶυλεύσαιμι
3193 1896 3257 1952 ἂν
3316 1897 3512 1978 ἔγωγε,
3573 1898 3652 1972 μὴ
3712 1899 3796 1954 τὸν

2145 1982 2375 2058 ἄμικτον
2411 1983 2468 2041 ἐκ
2528 1985 2741 2063 πρώτης
2772 1985 2982 2043 ὀλέσθαι
3039 1989 3175 2064 βίον,
3211 1986 3332 2044 ἀλλ’
3365 1985 3605 2045 εὒλαϐέσι
3663 2008 3794 2064 προ-

2142 2094 2290 2152 τερον
2356 2072 2569 2153 ἀνδράσι
2629 2077 2716 2131 καὶ
2775 2092 3046 2157 μοναχοτς
3103 2078 3289 2133 ἑαυτὸν
3361 2077 3614 2153 συνάψαι,
3675 2099 3796 2134 και-

2141 2163 2228 2243 ρόν
2286 2170 2344 2219 τέ
2390 2166 2476 2220 καὶ
2534 2163 2677 2230 τάξιν
2735 2168 2924 2240 μαθεῖν
2983 2172 3314 2248 προσευχῆς·
3377 2167 3500 2223 εἶτα
3547 2167 3784 2234 ὑπακοὴν

2138 2254 2226 2310 καὶ
2290 2255 2351 2309 τὸ
2421 2253 2628 2332 μέτριον
2699 2261 2793 2312 τοῦ
2865 2258 3203 2335 φρονήματος
3270 2254 3636 2331 παιδευθῆναι,
3699 2259 3784 2311 καὶ

2139 2342 2277 2400 οὕτω
2377 2342 2444 2418 τῇ
2539 2343 2926 2424 ἀναχωρητικῇ
3021 2349 3408 2426 προσχωρῆσαι
3503 2343 3780 2424 διαγωγῇ,

2139 2431 2334 2503 μήπως
2393 2429 2679 2495 ἀδιδάκτως
2740 2434 2982 2510 ὁρμήσας
3059 2435 3174 2491 ἀντὶ
3243 2435 3334 2491 1:93
3401 2434 3586 2511 βαλεῖν
3647 2435 3785 2510 βλη-

2138 2522 2259 2600 θῇς,
2291 2518 2384 2576 καὶ
2417 2522 2530 2577 ἀντὶ
2561 2521 2649 2577 vo’)
2673 2522 2901 2590 ἡττῆσαι
2930 2523 3266 2581 ἐλεεινότατα
3296 2525 3558 2594 amore.

491 2688 598 2766 ῘΧ.
629 2688 768 2763 Hmc
795 2688 929 2761 cum
963 2697 1064 2758 ille
1101 2695 1326 2757 monita
1351 2690 1694 2772 audivisset,
1733 2691 1900 2753 illinc
1925 2690 2060 2773 qui-

2247 2688 2312 2760 9'.
2400 2700 2610 2757 Τούτων
2699 2701 2901 2766 ἐκεῖνος
2970 2702 3076 2759 τῶν
3130 2703 3460 2780 εἷσηγήσέων
3541 2703 3789 2775 ἀκούσας,

411 2793 548 2856 dem
577 2789 849 2853 recessit:
885 2806 1017 2850 cum
1047 2786 1315 2847 venisset
1345 2791 1540 2844 autem
1578 2799 1846 2861 vespera,
1871 2781 2068 2862 hospi-

2247 2788 2464 2868 χῶρησε
2515 2790 2612 2864 μὲν
2644 2789 2867 2847 ἐκεῖθεν·
2926 2791 3146 2870 ἑσπέρας
3183 2790 3227 2847 δ’
3276 2790 3790 2864 ἐπικαταλαϐούσης,

412 2884 491 2945 tio
515 2880 808 2962 excipitur
836 2897 870 2940 a
893 2875 1148 2958 quodam
1180 2874 1305 2934 viro
1331 2872 1425 2962 pio
1449 2880 1516 2962 et
1534 2870 1846 2962 religioso,
1871 2880 1934 2931 ut
1964 2869 2065 2951 qui

2247 2878 2472 2943 Ξενοῦταί
2535 2901 2635 2935 τινι
2697 2888 2802 2936 τῶν
2850 2880 3139 2958 θεοφιλῶν,
3173 2885 3288 2946 οἷος
3347 2881 3553 2946 ἐκεῖνος
3606 2883 3675 2951 ἦν
3708 2883 3794 2944 τὰς

415 2961 665 3054 pulchre
680 2961 1869 3048 cognoscerethujusmodihabitacula,el
1892 2979 2064 3022 cave-

2247 2968 2390 3031 κύτας
2450 2971 2768 3048 καταγωγὰς
2822 2969 3094 3051 ἀκριϐοῦν,
3128 2973 3200 3036 ὡς
3261 2972 3339 3046 μὴ
3392 2973 3447 3027 ἐν
3501 2971 3793 3052 ἐτεροδόξιιυ

413 3049 529 3138 ret,
565 3079 638 3121 ne
669 3076 930 3139 unquam
992 3055 1397 3117 diversaretur
1424 3052 1486 3114 in
1519 3050 1746 3113 aedibus
1789 3049 2062 3130 alicujus,

2247 3055 2438 3113 uideat
2497 3057 2784 3132 μηδέποτε.
2850 3054 2914 3140 ᾯ
2973 3062 3061 3116 καὶ
3119 3060 3187 3116 τὰ
3242 3067 3342 3128 τῆς
3394 3049 3614 3140 γνώμης
3677 3061 3794 3117 ἀνα-

418 3150 519 3232 qui
570 3153 731 3212 esset
774 3138 1028 3208 diversze
1075 3163 1110 3206 a
1156 3151 1318 3206 recta
1374 3141 1712 3212 sententim.
1767 3138 1877 3200 Cui
1927 3158 2060 3200 cum

415 3229 677 3302 animum
727 3234 1367 3316 aperuisset,quoniam
1407 3238 1532 3293 erat
1575 3229 1771 3291 adhuc
1816 3229 2062 3290 omnino

415 3330 661 3410 ignarus
698 3327 1066 3399 litterarum,
1096 3323 1408 3384 adducitur
1449 3320 1524 3410 ab
1553 3337 1624 3382 eo
1645 3324 1716 3410 in
1762 3317 2063 3410 quoddam

416 3405 813 3499 propinquum
851 3411 1273 3475 monasterium
1307 3409 1463 3492 quod
1495 3407 1822 3499 vocabatur
1851 3405 2062 3469 Utote-

415 3498 543 3570 las:
583 3516 642 3570 et
670 3525 804 3568 cum
834 3505 895 3565 in
925 3523 993 3566 eo
1036 3501 1343 3563 didicisset
1372 3499 1559 3560 solam
1620 3498 2054 3560 elementorum

417 3596 880 3675 institutionem,
904 3612 1038 3655 cum
1069 3590 1462 3653 intellexisset
1483 3590 1596 3650 hoc
1628 3587 2059 3649 monasterium

416 3705 547 3748 esse
580 3685 838 3748 tumultu
870 3683 1138 3764 plenum,
1175 3679 1442 3742 ascendit
1473 3679 1546 3740 ad
1569 3678 1725 3739 aliud
1761 3687 2064 3739 monaste-

414 3777 592 3852 rium,
619 3775 777 3857 quod
809 3774 1028 3835 dicitur
1060 3770 1288 3834 Antidii
1323 3791 1338 3829 :
1392 3778 1450 3831 et
1481 3787 1613 3830 cum
1659 3767 1818 3830 illius
1853 3767 2066 3847 praefe-

417 3875 509 3927 cto
541 3883 713 3926 suum
746 3863 1111 3925 declarasset
1146 3859 1544 3941 propositum,
1584 3858 1833 3918 docetur
1860 3857 1936 3919 ab
1971 3876 2066 3937 eo,

417 3951 754 4034 cujusmodi
772 3951 850 4012 sit
876 3950 1150 4031 palaestra
1166 3950 1225 4010 in
1249 3948 1467 4009 divinis
1486 3946 1937 4018 certaminibus,
1958 3947 2070 4007 de-

419 4033 677 4124 primere
706 4039 939 4102 scilicet
979 4037 1396 4118 cogitationes,
1429 4045 1487 4098 et
1521 4053 1759 4097 omnem
1806 4033 2069 4097 altitudi-

418 4150 582 4213 nem,
617 4148 746 4211 qua:
798 4129 1101 4191 extollitur
1149 4127 1440 4190 adversus
1494 4125 1598 4187 Dei
1643 4125 2068 4203 cognitionem.

2147 3144 2431 3225 καλύῲαςθ
2485 3147 2698 3223 ἐπείπερ
2765 3146 2840 3204 ἔτι
2885 3149 3213 3226 γραμμάτων
3271 3151 3606 3207 παντάπασιν
3667 3151 3792 3206 ἀνο-

2149 3234 2370 3312 μίλητος
2430 3237 2520 3317 ἦν,
2555 3237 2609 3293 ’έν
2657 3259 2759 3294 τινι
2810 3240 2912 3294 τῶν
2965 3239 3081 3295 ἐκεῖ
3124 3241 3534 3319 φροντιστηρίων
3582 3240 3789 3318 ἁπάγε-

2145 3347 2233 3381 ται
2291 3322 2416 3405 παρ’
2477 3330 2656 3406 αὐτοῦ,
2696 3327 2750 3382 ἐν
2806 3328 3060 3405 γειτόνων
3119 3350 3176 3384 τε
3221 3327 3358 3401 ὄντι,
3389 3329 3486 3387 καΐ
3547 3331 3787 3387 Οὑτωτε-

2147 3413 2261 3487 λάῳ
2346 3414 2676 3491 καλουμένῳ,
2750 3419 2845 3473 κὰν
2916 3419 3087 3491 τούτῳ
3169 3421 3266 3486 τὴν
3335 3421 3440 3476 τῶν
3511 3420 3786 3500 στοὶχείων

2147 3503 2318 3581 μόνην
2374 3505 2676 3584 εἰσαγωγὴν
2749 3504 3062 3587 παιδευθεὶς,
3133 3507 3245 3564 ἐπεὶ
3312 3506 3526 3588 Θορύϐου
3599 3509 3787 3582 μεστὸν

2145 3595 2208 3651 τὸ
2291 3604 2528 3654 τοιοῦτον
2607 3595 2864 3669 ἐμάνθανε
2946 3597 3369 3676 φροντιστήριον,
3447 3595 3529 3678 ἐφ’
3617 3597 3789 3675 ἕτερον

2147 3697 2394 3760 σεμνεῒον
2457 3681 2710 3743 Ἀντιδίου
2766 3684 3054 3764 λεγόμενον
3111 3683 3302 3762 ἔνεισι,
3365 3688 3452 3743 καὶ
3507 3687 3605 3755 τὴν
3669 3689 3789 3744 ἑαυ-

2151 3781 2242 3831 τοῦ
2302 3775 2544 3853 πρόθεσιν
2601 3780 2676 3848 τῷ
2732 3781 3024 3846 προεστῶτι
3096 3777 3281 3832 τούτου
3342 3778 3788 3856 παραγυμνώσας,

2152 3861 2517 3922 ἐκπαιδεύεται
2599 3865 2722 3943 παρ’
2812 3869 2966 3924 αὐτοῦ
3047 3865 3146 3933 τὴν
3229 3869 3346 3946 περὶ
3428 3868 3548 3932 τούς
3631 3868 3792 3927 θείους

2153 3953 2362 4018 ἇλῶνας
2438 3953 2805 4029 παλαίστραν,
2875 3959 3143 4030 καθαιρεῖν
3211 3955 3500 4037 λογισμοὺς
3567 3955 3792 4027 δηλαδὴ,

2153 4045 2240 4102 καὶ
2321 4050 2425 4100 πᾶν
2481 4043 2678 4118 ὕψωμα
2757 4045 2892 4105 κατὰ
2963 4050 3060 4112 τῆς
3137 4047 3386 4124 γνώσεως
3454 4047 3796 4127 ἐπαιρόμενον

2155 4139 2246 4190 τοῦ
2307 4139 2459 4193 Θεοῦ.
2518 4131 2649 4189 Ἐπῖ
2705 4135 2921 4212 χρόνοις
2980 4133 3036 4189 δὲ
3091 4133 3200 4192 δυσὶ
3259 4137 3430 4210 τούτῳ
3480 4133 3798 4215 ἐγκαρ-ερή·

420 4225 564 4284 (lum
623 4221 770 4282 duos
817 4229 1014 4282 autem
1051 4235 1243 4280 annos
1298 4218 1360 4278 in
1394 4233 1464 4277 eo
1513 4222 1976 4296 perseverasset,
2017 4221 2076 4275 et

2247 4245 2278 4297 :,
2337 4223 2425 4279 καὶ
2500 4229 2603 4278 τῶν
2657 4222 2749 4278 τού
2818 4224 3136 4301 θεοπσὶτορος
3200 4223 3367 4285 Δαυῖδ
3423 4227 3601 4302 ὓμνων
3653 4225 3799 4304 τριά-

420 4310 528 4374 Dei
555 4309 740 4392 patris
759 4309 938 4371 David
963 4309 1314 4390 hymnorum
1351 4305 1589 4385 triginta
1622 4304 1880 4384 psalmos
1911 4302 2076 4365 didi--

2247 4333 2320 4369 ντα
2358 4311 2601 4388 ψαλμοὺς
2664 4311 2929 4388 ἐκμαθὼν,
2965 4318 3057 4373 οὒκ
3115 4313 3357 4390 ἀγεννεῖς
3411 4338 3468 4373 τε
3525 4317 3617 4382 τὰς
3675 4302 3796 4375 τού-

423 4399 604 4461 cisset
629 4404 690 4462 et
706 4398 1062 4461 ostendisset
1087 4397 1229 4458 satis
1253 4395 1482 4457 validas
1514 4411 1650 4455 esse
1673 4410 1879 4454 eorum
1904 4409 2078 4455 ansas

2247 4423 2265 4457 ν
2321 4399 2484 4463 λαϐὰς
2547 4402 2678 4458 κατᾶ
2736 4402 2916 4470 πάσης
2992 4410 3086 4460 τοῦ
3141 4403 3506 4480 ἀντικειμένου
3567 4401 3795 4485 προσϐο-

423 4489 715 4551 adversus
743 4507 982 4551 omnem
1035 4487 1320 4550 insullum
1351 4482 1700 4563 adversarii,
1733 4482 1903 4562 paulo
1947 4490 2078 4562 post

2247 4514 2261 4556 ;
2340 4487 2700 4562 ἐνδειξάμενος
2778 4491 2943 4570 ὀλίγῳ
3010 4493 3226 4572 ὕστερον
3303 4474 3576 4571 ἐπιθυμίαν
3608 4474 3619 4485 ι
3651 4496 3794 4575 ῗοχει

424 4578 672 4641 incessit
701 4597 836 4641 eum
873 4577 1238 4640 desiderium
1293 4571 1640 4636 transeundi
1670 4572 1742 4632 ad
1789 4581 2074 4650 montem,

426 4667 528 4750 qui
607 4667 1114 4751 supereminebat.
1199 4663 1382 4727 Totos
1443 4679 1586 4740 ergo
1652 4668 1878 4742 septem
1951 4661 2078 4722 dies

424 4775 638 4820 vacans
667 4756 950 4835 orationi,
985 4755 1225 4839 petebat
1270 4761 1335 4814 ut
1362 4751 1476 4813 sibi
1505 4759 1824 4830 appareret
1880 4759 2077 4812 certus

426 4847 544 4910 dux
594 4848 721 4924 viae,
752 4867 926 4930 quam
963 4843 1366 4909 desiderabat.
1417 4840 1684 4920 Septimo
1709 4850 1909 4930 autem
1954 4840 2073 4917 die,

425 4937 592 4999 audit
624 4939 720 5000 hic
751 4929 936 5000 novus
989 4944 1196 4998 noster
1225 4931 1417 4994 Moses
1449 4945 1655 4990 vocem
1689 4929 1950 5012 desuper
1975 4930 2076 5009 ju-

427 5026 666 5090 bentem
712 5037 776 5090 ut
835 5045 1042 5110 parum
1095 5021 1346 5087 accedat
1383 5019 1456 5082 ad
1492 5027 1779 5099 montem,
1813 5028 1872 5082 et
1921 5039 2077 5083 asse-

428 5126 647 5195 (ιυειιιιο
675 5117 734 5180 id
770 5118 928 5200 quod
960 5113 1288 5178 desiderat.

509 5206 582 5268 X.
617 5209 764 5269 Cum
789 5198 960 5286 ergo
985 5204 1086 5265 ille
1128 5203 1284 5264 hanc
1325 5198 1678 5276 audivisset,
1711 5200 1959 5263 accessit
2008 5202 2082 5265 ad

429 5305 716 5372 montem,
747 5303 806 5357 et
847 5311 1163 5376 quemnam
1196 5292 1395 5356 locum
1437 5288 1732 5353 inveniret
1772 5300 1972 5370 aptum
2008 5292 2082 5354 ad

429 5404 596 5447 suam
669 5384 1119 5460 habitationem,
1192 5382 1461 5460 undique
1534 5380 2076 5460 circumspiciebat.

427 5474 783 5538 Ascendens
809 5492 947 5554 ergo
970 5475 1031 5535 in
1059 5481 1346 5548 montem,
1369 5469 1581 5532 incidit
1605 5476 1666 5530 in
1699 5470 1847 5531 duos
1868 5489 2078 5532 mona-

429 5565 595 5643 chos,
629 5563 850 5646 quibus
901 5563 1117 5627 tunicaa
1163 5563 1399 5646 quidem
1448 5566 1618 5621 erant
1668 5559 1956 5622 confectae
2007 5578 2082 5623 ex

2159 4597 2288 4660 προς
2357 4582 2419 4637 τὸ
2477 4581 2847 4659 ὑπερκείμενον
2921 4581 3212 4656 μεταϐῆναι
3282 4587 3423 4664 ὁρος.
3489 4585 3609 4643 Ἐπὶ
3668 4583 3795 4642 ἑπτὰ

2160 4678 2249 4728 οῦν
2307 4668 2455 4734 ὅλαις
2509 4670 2734 4750 ἡμέραις
2783 4674 2922 4752 εὐχῇ
2968 4674 3318 4756 προσανέχων
3367 4673 3560 4754 ὁδηγὸν
3617 4675 3794 4732 ἀπλα-

2159 4759 2224 4828 νῆ
2285 4765 2512 4840 φανῆναι
2571 4765 2712 4834 αὒτῷ
2768 4766 2868 4829 τῆς
2937 4761 3354 4840 ἐπιθυμουμένῑις
3422 4764 3540 4824 ὀδοῦ
3600 4764 3790 4843 ἐξῄτει.

2165 4850 2309 4908 Κατὰ
2357 4847 2412 4906 δὲ
2469 4851 2570 4917 τὴν
2622 4847 2854 4926 ἑϐδόμην
2896 4858 3078 4932 φωνῆς
3135 4852 3331 4911 ἄνωθεν
3386 4862 3534 4922 οῦτος
3584 4859 3612 4914 ὁ
3684 4849 3798 4912 καθ’

2159 4940 2303 5016 ἡμᾶς
2369 4939 2484 5003 νέος
2558 4939 2754 5008 Μωσῆς
2826 4940 3029 5017 ἀκούει,
3107 4946 3536 5022 προσταττούσης
3615 4945 3796 5023 μικρὸν

2163 5027 2458 5110 προσϐῆναι
2487 5037 2563 5106 τῷ
2594 5030 2725 5108 ὄρει,
2759 5032 2844 5087 καὶ
2874 5037 2967 5088 τοῦ
2997 5033 3321 5111 ποθουμένου
3349 5049 3562 5116 τυχεῖν.

2247 5200 2311 5260 1’.
2375 5201 2581 5269 Ταύτης
2636 5200 2844 5266 ἐκεῖνος
2912 5205 3010 5271 τῆς
3083 5205 3265 5285 φωνῆς
3337 5206 3565 5271 ἀκούσας
3637 5227 3798 5286 προσσ-

2167 5289 2343 5349 ἐϐαινέ
2397 5311 2456 5346 τε
2526 5296 2607 5366 κῷ
2663 5288 2794 5370 δ’ρει,
2854 5294 2942 5348 καὶ
2997 5294 3114 5351 τίνα
3169 5296 3241 5361 εἷς
3298 5298 3569 5354 κατοικίαν
3622 5293 3799 5354 ἑαυτοῦ

2165 5383 2303 5460 ε’ύροι
2361 5381 2544 5454 τόπον,
2607 5381 2914 5462 πανταχόσε
2983 5386 3343 5462 περιεσκόπει.
3406 5384 3576 5443 ’Λνὼν
3635 5387 3796 5445 τοίνυν

2164 5472 2299 5529 κατὰ
2373 5471 2435 5526 τὸ
2505 5469 2660 5546 ὅρος,
2742 5467 2852 5527 δυσὶ
2924 5486 3220 5547 μονασταϊς
3292 5474 3650 5558 ἐντυγχάνει,
3717 5476 3795 5534 οἷς

2163 5563 2394 5639 χιτῶνες
2426 5558 2524 5633 μὲν
2579 5561 2641 5615 ἐκ
2669 5559 2874 5640 τριχῶν
2932 5560 3066 5629 ἦσαν
3116 5565 3504 5646 πεποτημέναι,
3538 5563 3705 5624 δίαιτα
3745 5559 3795 5619 δὲ
