3906 6136
177 277 257 342 45

1310 280 1499 346 VITA
1543 279 1603 341 S.
1643 276 2031 343 JOANNIGII
2063 282 2413 347 ABATTIS.

3470 286 3548 353 46

173 414 239 473 ἒκ
289 414 530 491 βοτανῶν
587 420 696 471 τῶν
755 416 871 472 εκεῖ
926 413 1225 496 φυομένων,
1289 415 1379 472 καὶ
1432 412 1690 492 τοσαύτη,
1750 410 1823 475 ὡς

1971 410 2065 495 lis,
2097 415 2283 477 victus
2309 418 2509 474 autem
2540 418 2667 474 crat
2696 428 2769 474 ex
2800 413 3033 495 herbis,
3082 432 3214 495 quae
3267 417 3387 480 illic
3440 439 3545 483 na-

174 505 384 580 ἆμοζῇν
463 500 716 561 δύσασθαι
776 505 960 581 μόνον,
1034 506 1121 562 καὶ
1178 506 1251 567 ὡς
1321 502 1580 583 ἀγγέλους
1640 500 1695 559 ἐν
1752 505 1825 579 γῇ

173 594 433 671 βιοτεύειν
511 593 648 669 μετὰ
719 601 810 652 τοῦ
881 594 1151 669 σώματος.
1245 593 1552 652 Ἐκοινοῦτο
1653 593 1822 648 τοίνυν

174 683 393 758 αὖτοῖς,
452 684 572 763 περὶ
623 684 697 740 ὧν
723 684 859 740 κατὰ
901 683 1019 741 νοῦν
1068 682 1284 764 ἔστρεφέ
1331 704 1387 741 τε
1435 684 1525 740 καὶ
1574 680 1819 758 ἐμελέτα,

174 774 237 830 Οἱ
317 770 402 852 δὲ,
472 773 608 848 μετᾶ
682 773 743 829 τὸ
810 773 1193 853 προσενεγκεῖν
1262 773 1392 853 ὑπὲρ
1469 771 1654 829 τούτου
1729 771 1823 830 τὰς

173 863 419 933 σϋνήθεις
477 862 647 943 εὗχᾶς
703 868 781 937 τῷ
840 869 979 937 Θεῷ,
1030 863 1167 921 κατὰ
1211 861 1371 943 μέρος
1431 860 1628 919 ἕκαστα
1698 858 1823 926 διη-

169 959 363 1031 γοῦντο
425 953 546 1031 περὶ
623 953 699 1008 ὧν
774 950 1110 1027 ἐπυνθάνετο,
1183 951 1494 1030 προσθέντες
1564 952 1637 1014 ὡς
1692 950 1826 1019 μετὰ

174 1042 240 1098 το
296 1045 662 1109 πεντηκοστὸν
716 1046 815 1109 τῆς
874 1042 1156 1113 ἀσκήσεως
1209 1040 1328 1105 ἔτος
1380 1041 1469 1098 καὶ
1525 1041 1643 1118 περὶ
1696 1039 1824 1096 αὐτὸ

173 1133 240 1187 τὸ
308 1131 475 1207 πέρας
541 1131 636 1189 τοῦ
689 1132 805 1208 βίου
873 1133 1167 1210 πειρασμὸς
1225 1131 1368 1205 αύτῷ
1451 1129 1818 1209 ἐπενεχθήσε-

173 1237 288 1276 ται·
338 1220 635 1297 βασκάνους
693 1218 746 1276 δὲ
800 1222 921 1285 τοὺς
979 1219 1265 1286 ἑπάξοντας
1326 1219 1589 1277 εἶναικαὶ
1646 1239 1819 1284 πονη-

173 1310 317 1388 ρούς.
372 1307 533 1372 Ἀλλ’
590 1310 809 1371 ἐκείνοι-τ
857 1311 954 1387 μὲν
985 1313 1013 1368 6
1062 1310 1222 1387 μόνος
1282 1311 1354 1375 εἷς
1403 1307 1651 1390 κεφαλὴν
1695 1306 1819 1365 ἐπι-

172 1399 414 1477 στρέψει·
469 1400 542 1456 Σὺ
596 1398 652 1456 δὲ
713 1398 885 1481 οὒδὲν,
931 1404 1111 1478 εἷπον,
1165 1402 1322 1477 πείσῃ
1381 1389 1572 1458 δεινόν.
1639 1389 1716 1456 ’Ὅ
1760 1418 1821 1476 γε

170 1489 263 1544 καὶ
317 1487 538 1565 ὓστερον
595 1489 669 1551 είς
724 1488 878 1568 ἔργον
922 1487 1104 1568 ἐξέϐη,
1147 1490 1281 1546 καθὰ
1335 1487 1431 1545 καῖ
1492 1489 1610 1567 περὶ
1666 1488 1824 1544 tat-51:06

173 1580 202 1634 6
262 1576 427 1656 λόγος
495 1576 725 1646 δηλώσει
800 1579 936 1636 κατὰ
1006 1579 1211 1651 καιρόν.
1271 1584 1445 1636 Ταῦτα
1493 1577 1823 1656 προαγορεύ-

175 1688 367 1731 σαντες
438 1670 580 1726 οὗτοι
607 1716 625 1742 ,
690 1669 778 1725 καὶ
865 1675 1075 1748 χιτῶνα
1169 1665 1584 1747 (λεϐητωνάριον
1668 1668 1824 1723 αὒτὸν

1904 500 2246 585 scebantur,
2279 511 2339 565 et
2378 509 2596 582 tantus,
2629 508 2694 564 ut
2722 502 2916 565 solum
2952 513 3195 585 possent
3226 507 3451 584 vivere,
3487 519 3548 574 et

1907 597 1971 679 ut
1998 600 2271 673 tanquam
2299 589 2495 669 angeli
2525 591 2586 652 in
2618 598 2777 654 terra
2805 592 3069 655 viverent
3096 613 3229 656 cum
3262 614 3542 679 corpore.

1906 676 2006 741 Eis
2033 698 2173 761 ergo
2196 679 2658 744 communicavit
2686 699 2776 757 ea,
2801 700 2934 762 quae
2960 682 3161 747 animo
3184 676 3464 749 versabat
3487 697 3546 752 et

1908 770 2323 834 meditabatur.
2358 768 2447 831 Illi
2479 778 2701 845 autem,
2741 780 3047 851 postquam
3083 790 3292 853 preces
3340 777 3546 841 solitas

1906 859 2030 922 Deo
2082 879 2187 941 pro
2234 879 2303 923 eo
2335 859 2715 931 obtulissent,
2749 858 3047 940 sigillatim
3100 875 3418 927 narrarunt
3470 868 3547 930 de

1907 949 2209 1027 omnibus,
2240 968 2375 1030 quae
2409 948 2765 1027 interrogat,
2808 948 3164 1028 adjicientes
3193 955 3355 1034 quod
3412 967 3546 1036 post

1908 1039 2466 1121 quinquagesimum
2498 1054 2723 1099 annum
2754 1037 3220 1120 exercitationis,
3269 1049 3330 1104 et
3380 1047 3543 1110 circa

1901 1129 2097 1208 ipsum
2123 1129 2299 1191 tinem
2342 1127 2475 1188 vitae
2506 1132 2557 1188 ei
2590 1125 2883 1187 inferetur
2933 1129 3178 1192 tentatio
3213 1152 3227 1190 :
3262 1150 3400 1195 esse
3430 1152 3544 1197 au-

1903 1227 2023 1281 tem
2053 1217 2288 1279 invidos
2309 1225 2369 1278 et
2391 1216 2677 1294 malignos
2700 1232 2826 1291 eos,
2859 1216 2958 1295 qui
2983 1235 3111 1278 eam
3132 1228 3271 1282 sunt
3295 1221 3541 1291 illaturi.

1904 1308 2022 1373 Sed
2059 1308 2177 1368 illis
2210 1305 2451 1388 quidem
2484 1304 2652 1367 labor
2680 1304 2742 1366 in
2772 1314 2954 1386 caput
2983 1322 3191 1369 eorum
3223 1322 3545 1377 converte-

1907 1405 2048 1461 tur:
2083 1396 2171 1459 Tu
2219 1405 2440 1469 autem,
2500 1394 2799 1469 dicebant,
2853 1393 2999 1456 nihil
3047 1414 3225 1475 grave
3275 1403 3542 1479 patieris.

1908 1486 2077 1561 Quod
2100 1485 2276 1548 etiam
2302 1494 2507 1567 postea
2526 1483 2847 1573 deductum
2867 1491 2957 1573 est
2979 1485 3053 1545 ad
3075 1485 3377 1566 effectum,
3401 1509 3549 1573 quo-

1908 1576 2084 1639 modo
2113 1575 2293 1638 etiam
2326 1593 2433 1636 suo
2477 1580 2750 1654 tempore
2792 1572 3120 1636 declarabit
3162 1578 3376 1643 oratio.
3422 1572 3545 1645 Sed

1908 1684 2043 1729 cum
2067 1674 2191 1731 haec
2221 1664 2656 1744 praedixissent,
2684 1671 2741 1725 et
2772 1664 3028 1726 tunicam
3059 1663 3216 1746 (eam
3242 1667 3545 1735 lebetona-

175 1755 322 1814 οἶδεν
378 1758 415 1826 ἡ
445 1757 710 1839 ἐγχώριος
768 1757 981 1837 γλῶττα
1037 1757 1252 1837 καλεῖν,
1287 1757 1348 1814 ἐκ
1388 1762 1592 1836 τριχῶν
1637 1753 1691 1812 δὲ
1723 1756 1821 1812 αύ-

1971 1774 2062 1817 nm
2089 1762 2273 1828 ,vocat
2303 1753 2505 1833 lingua
2548 1752 2708 1814 illius
2738 1753 2998 1833 regionis
3033 1772 3047 1816 :
3085 1763 3180 1818 est
3227 1765 3424 1822 autem
3476 1780 3547 1824 ex

174 1854 252 1922 τῷ
304 1848 342 1916 ἡ
414 1846 674 1927 σύνθεσις)
738 1854 815 1923 τῷ
883 1845 1025 1927 ἀνδρὶ
1098 1847 1513 1929 ἐγχειρίσαντες,
1548 1844 1824 1913 ὰπηλλάτ·

172 1956 350 1994 τοντοο
432 1945 587 1995 τίῦτο
671 1940 802 2016 πρὸς
879 1943 1052 1995 πᾶσαν
1134 1938 1201 2007 ἦν
1280 1936 1424 2011 αὒτῷ
1507 1933 1819 2009 ὲπιϐουλὴν,

176 2024 344 2084 ὅπλον
402 2026 619 2107 ἄμαχόν
647 2048 707 2084 τε
756 2028 844 2089 καὶ
871 2026 1243 2107 ἰσχυρότατον,
1281 2028 1355 2093 ὡς
1413 2026 1621 2090 ἐκεῖνος
1662 2023 1822 2082 ὕστε-

175 2138 267 2192 ρον
321 2115 644 2194 διηγήσατο.
709 2120 845 2175 Εἶτα
902 2118 1006 2174 τῶν
1039 2118 1242 2174 ἐκεῖθεν
1297 2117 1604 2179 ἀπαναστὰς
1634 2117 1691 2172 ἒν
1747 2114 1825 2188 τῷ

173 2204 280 2283 ὄρει
336 2207 365 2263 ὃ
424 2203 490 2274 δὴ
564 2205 818 2286 Τριχάλιξ
889 2205 1168 2287 καλετται,
1230 2203 1485 2285 ὕπαιθρον
1536 2206 1670 2281 ὁμοῦ
1736 2206 1826 2261 καὶ

174 2294 414 2364 ἄσκηνον
438 2296 540 2364 τὴν
566 2293 843 2375 διαγωγὴν
871 2295 1140 2359 ἐποιεῖτο.

257 2385 370 2449 IA'.
430 2392 535 2444 Τοῦ
563 2385 853 2464 Γρηγορίου
907 2384 985 2460 δὲ,
1018 2386 1076 2441 ὃν
1107 2387 1134 2442 6
1177 2383 1336 2463 λόγος
1366 2384 1564 2461 φθάσας
1615 2382 1825 2454 ἐδήλω-

177 2499 288 2551 σεν,
364 2473 713 2557 αὐτοσχέδιον
795 2475 1160 2554 ἂνεγείραντος
1229 2473 1441 2550 οἴκημα
1507 2474 1585 2548 τῷ
1664 2473 1822 2553 ἁγίῳ,

178 2566 372 2644 μικράν
432 2587 551 2622 τινα
623 2564 829 2632 σκέπην
900 2563 951 2629 ἐξ
1014 2561 1226 2642 ὄμϐρων
1293 2565 1380 2621 καὶ
1450 2569 1696 2644 νιφετῶν,
1770 2562 1826 2618 ἐν

179 2656 348 2730 τούτῳ
393 2654 722 2712 κατακλείων
763 2655 829 2723 ἦν
885 2654 1099 2714 ἑαυτόν.
1136 2652 1287 2711 Ἀλλ’
1332 2654 1445 2710 επεὶ
1488 2650 1825 2731 παρέϐαλλον

180 2745 358 2802 ἐκεῖσε
413 2743 605 2803 πολλοὶ
664 2745 737 2807 εἷς
809 2742 1021 2820 ὁμιλίαν
1089 2746 1242 2815 ἥκειν
1308 2743 1449 2817 αὒτῷ
1478 2742 1819 2823 γλιχόμενοι,

178 2836 269 2891 καὶ
322 2835 425 2902 τήν
483 2833 642 2915 φίλην
698 2834 883 2909 ἐκείνῳ
939 2835 1024 2891 καὶ
1064 2836 1306 2891 σύνοικον
1354 2831 1627 2890 διέκοπτον
1685 2834 1825 2901 ἡσυ-

181 2926 331 3004 χίαν,
366 2924 571 2981 ἐκεῖθεν
624 2924 854 3002 ἀπάρας,
907 2923 994 2981 ἐπί
1032 2946 1149 2980 τινα
1180 2915 1579 2990 Ἑλλησπόντου
1636 2922 1826 2998 κώμην

180 3013 235 3069 ἒν
292 3013 404 3091 ὄρει
459 3015 559 3070 τινὶ
605 3013 863 3071 κατσίλσει
916 3034 974 3070 τε
1020 3015 1113 3071 καὶ
1167 3010 1429 3092 δυσϐάτῳ,
1476 3010 1647 3091 φέρων
1697 3013 1826 3069 ἑαυ-

1907 1845 2044 1927 pilis
2090 1852 2389 1919 contexta)
2419 1842 2473 1905 ei
2506 1842 2913 1924 tradidissent,
2961 1856 3379 1925 recesserunt;
3432 1849 3547 1914 hoc

1904 1934 2188 1997 adversus
2218 1952 2427 1996 omnes
2455 1932 2703 1994 insidias
2742 1941 2801 1994 et
2831 1933 3088 1996 insultus
3116 1935 3226 1997 fuit
3274 1939 3328 2000 ei
3381 1958 3547 2003 arma

1904 2023 2389 2106 inexpugnabilia
2458 2030 2519 2085 et
2573 2021 2940 2099 fortissima,
3000 2032 3065 2085 ut
3121 2025 3221 2088 ille
3292 2030 3551 2092 narravit

1908 2123 2133 2196 postea.
2170 2113 2399 2177 Deinde
2430 2132 2564 2175 cum
2599 2112 2764 2175 illinc
2794 2114 3144 2193 emigrasset
3167 2116 3228 2178 in
3255 2127 3545 2194 montem,

1907 2205 2008 2285 qni
2035 2213 2278 2266 vocatur
2306 2201 2627 2284 Trichalix,
2662 2201 2917 2283 degebat
2948 2205 3065 2266 sub
3098 2205 3197 2267 dio
3229 2214 3287 2268 et
3319 2208 3549 2289 absque

1908 2294 2032 2357 ullo
2062 2293 2468 2356 tabernaculo.

1988 2385 2092 2448 XI.
2120 2387 2265 2447 Cum
2279 2380 2597 2461 Gregorius
2615 2388 2810 2445 autem
2822 2432 2837 2456 ,
2856 2384 2930 2444 de
2944 2403 3058 2464 quo
3077 2385 3240 2466 prius
3261 2388 3546 2467 diximus,

1908 2481 2112 2537 sancto
2154 2473 2301 2535 rude
2343 2472 2657 2535 excitasset
2708 2471 3142 2555 habitaculum,
3176 2485 3237 2538 ut
3290 2489 3449 2541 esset
3494 2483 3547 2542 ei

1911 2582 2149 2645 parvum
2183 2569 2587 2641 tegumentum
2620 2560 2694 2623 ab
2726 2561 3023 2624 imbribus
3069 2572 3128 2625 et
3180 2566 3435 2645 nivibus,
3483 2588 3551 2633 se

1906 2654 1966 2715 in
1986 2673 2060 2716 eo
2080 2651 2337 2715 inclusit.
2356 2649 2474 2714 Sed
2501 2651 2776 2731 quoniam
2802 2653 2970 2713 multi
2996 2653 3136 2715 illuc
3158 2657 3547 2736 accedebant,

1907 2760 2041 2804 eum
2076 2741 2394 2803 convenire
2442 2740 2772 2820 cupientes,
2819 2748 2878 2801 et
2909 2740 2990 2801 illi
3020 2751 3253 2819 gratum
3286 2754 3344 2806 et
3374 2748 3550 2809 fami-

1910 2831 2059 2894 liare
2087 2830 2391 2892 silentium
2437 2830 2967 2909 interrumpentes,
3023 2832 3185 2895 illinc
3236 2834 3553 2900 discedens

1911 2922 1969 2983 in
2002 2921 2316 3002 quemdam
2348 2919 2540 2981 vicum
2567 2918 2965 2999 Hellesponti,
2987 2919 3048 2981 in
3072 2922 3327 3002 quodam
3352 2935 3554 2990 monte

1915 3030 2229 3074 nemoroso
2254 3019 2310 3072 et
2329 3009 2496 3071 aditu
2518 3008 2748 3070 difﬁcili
2775 3027 2841 3071 se
2865 3010 3119 3072 collocat
3147 3031 3162 3072 :
3190 3012 3250 3074 in
3276 3034 3393 3089 quo
3416 3035 3550 3078 cum

181 3105 274 3160 τὸν
337 3104 619 3175 ἆποικίζει,
694 3102 749 3160 ἐν
830 3102 977 3182 ᾧπερ
1046 3104 1184 3174 ὀπήν
1270 3124 1389 3161 τινα
1472 3103 1660 3169 στενὴν
1744 3103 1829 3159 καὶ

1974 3119 2183 3164 ramen
2234 3098 2531 3181 quoddam
2599 3106 2910 3177 angustum
2945 3110 3003 3161 et
3043 3101 3410 3177 profundum
3443 3106 3552 3168 sub

182 3192 412 3270 βαθεῖαν
470 3195 573 3250 ὑπὸ
634 3197 737 3272 γῆν
780 3192 987 3274 ὀρύξας,
1031 3192 1289 3271 ἁπρόῖτος
1351 3192 1531 3269 ἔμενεν
1574 3195 1627 3249 ὲν
1672 3193 1825 3266 αὖτῆ,

1975 3210 2070 3253 rra
2084 3190 2417 3265 fodisset,in
2434 3208 2503 3251 eo
2521 3189 3116 3270 manebat,nusquam
3140 3195 3550 3275 progrediens,

188 3285 249 3341 οὗ
290 3282 496 3361 κόρακα
549 3280 825 3349 σιτοδότην
881 3280 1047 3362 ἔχων,
1095 3281 1276 3356 ὥσπερ
1334 3280 1542 3354 Ἠλίας,
1592 3278 1713 3337 ἀλλ’
1758 3278 1832 3335 ἐνὶ

1971 3302 2035 3343 an
2094 3280 2322 3344 habens
2350 3298 2591 3343 corvum
2651 3279 2767 3343 cibi
2816 3280 3351 3361 suppeditatorem,
3402 3288 3559 3347 sicut

187 3370 395 3442 αἰπόλῳ
439 3378 596 3429 τοῦτο
642 3372 937 3448 επίστευσε,
966 3371 1057 3428 ἴνα
1100 3372 1188 3428 καὶ
1230 3367 1423 3445 ἀντιδῷ
1478 3371 1545 3426 τὰ
1591 3370 1829 3446 μείζονα·

1971 3372 2097 3453 Iias,
2129 3370 2233 3432 sed
2265 3369 2501 3432 cuidam
2532 3388 2842 3451 caprarum
2880 3371 3098 3449 pastori
3131 3372 3243 3434 hoc
3274 3375 3556 3437 commit-

183 3460 272 3542 ὕφ’
317 3460 377 3519 οὗ
435 3458 502 3528 δὴ
543 3462 635 3518 καὶ
690 3462 764 3526 είς
811 3459 1031 3519 ἕκαστον
1078 3465 1224 3537 μῆνα
1285 3456 1440 3539 ἄρτον
1480 3458 1689 3523 ἒκετνος
1749 3457 1832 3515 καὶ

1971 3478 2077 3537 ens,
2102 3469 2166 3522 ut
2190 3460 2290 3521 ille
2309 3458 2565 3520 vicissim
2590 3458 2662 3520 ab
2690 3477 2758 3521 eo
2781 3459 3010 3538 majora
3031 3461 3348 3540 acciperet.
3373 3463 3424 3527 A
3443 3483 3557 3545 quo

185 3548 324 3630 ὕδωρ
390 3551 466 3614 ὡς
523 3549 714 3618 καινὴν
780 3548 947 3615 ὅντως
1019 3547 1328 3607 πανδαισίαν
1388 3545 1632 3629 ἐδέχετο.
1707 3546 1834 3628 Τρία

190 3640 278 3697 οὖν
347 3639 445 3707 ἔτη
510 3639 609 3696 ὅλα
665 3638 888 3720 ἡσύχως
941 3637 1212 3719 διαγαγὼν
1269 3637 1324 3695 ἐν
1381 3637 1549 3719 αύτῷ,
1601 3659 1834 3716 προσευ-

190 3729 303 3812 χῆς
356 3730 456 3807 μὲν
490 3727 829 3805 ἐπεμελεῖτο,
866 3730 954 3787 καὶ
990 3731 1094 3786 τῶν
1138 3730 1212 3792 εἷς
1261 3729 1394 3787 Θεὸν
1440 3726 1643 3808 ὕμνων,
1676 3728 1837 3785 νύκτα

190 3825 283 3878 καὶ
364 3818 481 3895 μεθ’
546 3819 775 3897 ἡμέραν.
850 3820 948 3878 Καὶ
1035 3821 1191 3876 τοῦτο
1259 3817 1412 3897 ἔργον
1492 3820 1635 3893 αὖτῴ
1658 3866 1675 3900 ,
1748 3819 1837 3876 καὶ

193 3911 363 3989 τρυφή
425 3909 510 3966 καὶ
570 3907 924 3987 παράκλησις·
988 3909 1138 3965 ταυτὶ
1198 3906 1254 3965 δὲ
1317 3909 1382 3965 τὰ
1442 3907 1656 3985 ῥήματα
1720 3911 1838 3989 οἷον

189 3986 403 4075 ἥδυσμά
446 4019 498 4055 τι
527 3997 615 4054 ἐπὶ
652 3986 916 4077 γλώσσης
958 3998 1089 4078 εἶχε
1130 3995 1387 4066 διηνεκῶς
1416 3994 1742 4077 ὑπᾳδόμὲνα,
1774 3986 1839 4053 Ἠ

191 4087 341 4154 ἐλπίς
397 4111 501 4162 μου
561 4090 590 4144 6
648 4088 805 4158 Θεὸς,
867 4089 1150 4168 καταφυγῆ
1222 4109 1345 4163 μου,
1408 4088 1435 4143 6
1495 4087 1742 4165 Χριστός’
1806 4086 1840 4154 ἡ

194 4177 370 4247 σκέπῆ
433 4198 557 4258 μου,
602 4177 663 4234 τὸ
722 4183 934 4254 Πνεῦμα
989 4180 1050 4235 τὸ
1103 4176 1277 4258 ἅγιον.
1330 4177 1424 4233 Διὸ
1465 4177 1555 4234 καὶ
1608 4174 1839 4240 πολλοὺς

193 4266 336 4324 ἔστιν
425 4265 479 4333 ἐξ
550 4266 749 4324 ἐκείνου
818 4263 1196 4340 παραλαϐόντα
1266 4268 1391 4347 ὁρᾴν
1475 4266 1575 4334 τὴν
1663 4263 1838 4334 καλὴν

192 4362 395 4425 ταύτην
423 4356 575 4435 ῥῆσιν
604 4356 702 4417 ἀνὰ
732 4357 906 4435 στόμα
932 4354 1017 4413 διὰ
1045 4358 1241 4424 παντὸς
1268 4355 1545 4437 φέροντας.

277 4535 396 4599 ω’.
440 4534 620 4602 Οὕτως
672 4535 758 4595 οὗν
812 4534 982 4617 ἔχων,
1015 4538 1103 4594 καὶ
1148 4536 1414 4601 τοιαύταις
1462 4547 1585 4602 ταῖς
1626 4532 1839 4616 καρδίας

194 4626 495 4704 ὕψούμενος
574 4622 913 4707 ἀναϐάσεσιν,
964 4625 1178 4707 ἐπείπερ
1244 4626 1298 4685 ἕν
1355 4626 1458 4684 τινί
1528 4646 1660 4684 ποτε
1733 4630 1842 4683 τῶν

194 4717 319 4775 hut
386 4716 678 4793 εὗκτηρίων
741 4713 910 4772 οἵιιων
978 4720 1286 4798 προσευχῆς
1358 4715 1518 4797 χάριν
1587 4712 1843 4783 ἠθέλησεν

1917 3552 2157 3631 quidem
2192 3556 2425 3631 pastore
2462 3551 2586 3628 ipse
2630 3548 2886 3629 singulis
2916 3549 3225 3612 mensibus
3259 3570 3471 3631 panem
3505 3561 3563 3615 et

1919 3658 2129 3721 aquam
2156 3647 2430 3720 tanquam
2454 3637 2751 3718 quoddam
2783 3638 2958 3718 plane
2982 3658 3197 3701 novum
3224 3641 3561 3720 accipiebat

1921 3728 2185 3810 epulum.
2209 3731 2359 3790 Tres
2390 3736 2542 3790 totos
2565 3746 2755 3789 annos
2780 3729 3019 3790 silentio
3043 3728 3104 3789 in
3131 3747 3202 3791 eo
3229 3730 3563 3810 transigens

1921 3816 2280 3900 precationis
2310 3816 2549 3898 quidem
2582 3834 2786 3878 curam
2829 3819 3077 3897 gerebat
3119 3826 3176 3879 et
3206 3817 3558 3899 hymnorum

1920 3908 1993 3970 ad
2025 3907 2211 3969 Deum
2248 3916 2424 3968 noctu
2459 3914 2518 3969 et
2542 3905 2830 3968 interdiu.
2883 3905 3023 3968 Erat
3061 3915 3258 3969 autem
3289 3908 3399 3971 hoc
3431 3909 3561 3989 ejus

1923 4015 2093 4077 opus.
2126 3995 2477 4076 deliciaeque
2513 4003 2571 4058 et
2602 3995 2952 4058 consolatio.
2988 3995 3127 4059 Haec
3157 3996 3337 4061 verba
3368 3999 3429 4060 in
3460 4016 3564 4062 ore

1924 4086 2180 4149 habebat
2202 4086 2379 4149 veluti
2411 4086 2711 4168 quoddam
2746 4084 3222 4169 condimentum,
3256 4107 3388 4169 qua:
3408 4095 3560 4151 assi-

1923 4177 2041 4239 due
2071 4177 2144 4240 ab
2176 4175 2303 4257 ipso
2336 4177 2704 4238 canebantur
2738 4197 2752 4235 :
2787 4177 2938 4256 Spes
2982 4196 3116 4240 mea
3167 4180 3346 4254 Deus,
3396 4179 3565 4242 refu-

1922 4267 2082 4348 gium
2119 4284 2316 4329 meum
2341 4262 2640 4341 Christus,
2662 4265 2956 4345 proiectio
2988 4285 3120 4329 mea
3147 4266 3413 4349 Spiritus
3431 4286 3567 4331 san-

1924 4364 2077 4419 ctus.
2112 4353 2406 4428 Quocirca
2436 4354 2577 4417 licet
2604 4354 2811 4417 videre
2840 4355 3058 4417 multos
3106 4356 3221 4419 hoc
3254 4357 3566 4438 pulchrum

1923 4446 2149 4510 dictum
2181 4446 2255 4508 ab
2287 4445 2390 4508 illo
2420 4452 2757 4527 acceptum,
2788 4443 2849 4506 in
2882 4462 2986 4507 ore
3020 4444 3177 4508 ferre
3210 4455 3520 4528 perpetuo.

2002 4535 2131 4601 ΧΠ.
2166 4534 2311 4600 Cum
2338 4534 2422 4597 sic
2444 4552 2583 4615 ergo
2601 4552 2667 4597 se
2693 4534 2962 4610 haberet,
2987 4543 3045 4598 et
3075 4535 3467 4599 extolleretur
3491 4544 3571 4599 ta-

1925 4625 2086 4689 libus
2117 4624 2317 4689 cordis
2367 4623 2846 4700 ascensionibus,
2878 4625 3165 4689 voluisset
3210 4639 3411 4688 autem
3463 4627 3573 4691 ali-

1928 4716 2163 4798 quando
2221 4716 2426 4778 venire
2477 4714 2538 4776 in
2598 4714 2918 4794 quamdam
2977 4714 3220 4777 domum
3252 4714 3571 4778 oratoriam

195 4804 502 4887 ἀφικέσθαι,
534 4804 591 4863 ἐν
636 4804 684 4881 ᾧ
734 4802 924 4894 πολλοὶ
958 4808 1047 4864 καὶ
1103 4806 1272 4887 ἕτεροί
1312 4813 1419 4865 τῶν
1479 4802 1627 4889 πέριξ
1632 4803 1832 4885 χωρίωη

1971 4826 2001 4868 x
2031 4806 2126 4879 iis,
2160 4823 2304 4887 quae
2328 4805 2452 4868 illic
2482 4811 2675 4878 erant,
2705 4803 2902 4886 inqua
2935 4804 3104 4867 multi
3129 4813 3300 4867 erant
3329 4823 3578 4886 congre-

192 4896 522 4976 ἠθροίζοντο,
593 4893 818 4964 συνῆλθὲ
884 4916 965 4962 τις
1033 4899 1123 4955 καὶ
1190 4903 1299 4955 τῶν
1377 4895 1632 4976 πρότερον
1699 4896 1842 4968 αὐτῷ

190 4985 695 5063 συστρατευομένων
715 5032 734 5061 ,
808 4987 946 5045 οὕτω
1019 4987 1223 5063 συμϐὰν
1250 5034 1267 5060 ,
1340 4987 1428 5044 καὶ
1508 4987 1602 5043 τὸν
1671 4984 1840 5064 μέγαν

190 5081 385 5133 τοῦτον
428 5072 484 5133 ἐν
527 5074 793 5143 ἀσκητατς
841 5076 1192 5158 θεασάμενος,
1240 5075 1398 5134 αύτόν
1444 5097 1504 5133 τε
1562 5075 1640 5152 μὴ
1697 5075 1840 5134 εἶναι

188 5160 503 5244 ὑπολαϐὼν,
554 5165 629 5230 εἰς
701 5165 922 5242 μνήμην
996 5165 1156 5244 ἦλθεν
1231 5166 1375 5231 εὐθὺς
1442 5171 1535 5223 τοῦ
1610 5162 1842 5223 παλαιοῦ

189 5253 343 5329 αὐτῷ
405 5253 615 5334 ἑταίρου
657 5256 744 5312 καὶ
802 5256 1052 5327 συνήθους
1102 5252 1445 5331 Ἰωαννικίευ,
1495 5254 1587 5312 τόν
1634 5277 1693 5312 τε
1738 5259 1840 5322 τῆς

1928 4896 2048 4978 gati
2068 4914 2137 4958 ex
2170 4894 2436 4977 przediis,
2469 4912 2604 4977 quae
2633 4902 2806 4957 erant
2827 4895 3242 4972 circumcirca,
3274 4895 3492 4957 accidit
3519 4902 3583 4958 ut

1924 4986 2272 5050 conveniret
2301 4984 2482 5048 etiam
2514 4984 2761 5066 quidam
2788 5003 2859 5048 ex
2889 4985 3023 5065 ejus
3041 4983 3577 5061 commilitonibus,

1924 5083 2182 5160 quicum
2210 5077 2371 5138 hunc
2402 5093 2685 5154 magnum
2702 5074 3116 5136 vidissetinter
3136 5074 3583 5150 exercitatores,

1924 5178 1989 5232 et
2012 5167 2209 5248 ipsum
2236 5183 2353 5227 non
2374 5164 2634 5245 amplius
2656 5180 2798 5226 esse
2821 5163 3247 5242 existimasset,
3271 5164 3468 5225 statim
3498 5170 3589 5226 est

1927 5255 2278 5321 recordatus
2332 5253 2552 5316 veteris
2594 5252 2758 5313 illius
2794 5253 2887 5314 sui
2920 5250 3243 5315 familiaris
3294 5261 3352 5315 et
3407 5253 3590 5317 amici

194 5342 380 5421 ὅψεως
470 5342 792 5424 χαρακτῆρα
862 5345 949 5402 καὶ
1027 5345 1091 5402 τὸ
1170 5345 1271 5414 τῆς
1340 5343 1550 5413 ἡλικίας
1622 5343 1832 5424 μίγεθος

1971 5343 2253 5419 oaunicii,
2288 5342 2446 5406 illius
2477 5341 2668 5404 vultus
2698 5341 2957 5422 efﬁgiem
2992 5349 3057 5404 et
3083 5350 3332 5405 statura;
3364 5344 3591 5423 magni-

193 5433 273 5499 εἰς
331 5431 543 5490 ἐκεῖνον
610 5431 905 5517 ἀναφέρων,
962 5433 1061 5493 κᾶν
1113 5435 1148 5503 ἦ
1202 5435 1379 5515 μακρὰ
1437 5433 1612 5502 ἐκείνη
1669 5433 1832 5492 ἆσιτίς

1971 5434 2200 5498 idinem
2231 5444 2544 5515 reputans,
2569 5431 2803 5494 etiamsi
2825 5433 3003 5511 longa
3035 5430 3139 5493 illa
3173 5431 3418 5509 inedia,
3443 5440 3502 5494 et
3520 5451 3591 5493 vo

192 5523 293 5583 καί
343 5525 379 5593 ἡ
430 5523 678 5587 ἑκούσιος
730 5524 909 5600 ἐντῷ
957 5524 1141 5600 λάκκῳ
1192 5524 1450 5606 κάθειρξις
1508 5522 1735 5604 παρεϊλε
1784 5526 1832 5582 τε

1971 5523 2193 5588 untaria
2253 5523 2312 5585 in
2355 5523 2483 5586 lacu
2517 5520 2795 5593 inclusio,
2834 5522 3018 5583 multa
3075 5519 3465 5583 destruxisset
3524 5538 3595 5582 ex

195 5611 374 5672 πολλὰ
430 5618 543 5672 τῶν
602 5612 697 5671 τοῦ
749 5612 928 5693 ἀνδρὸς
986 5616 1391 5696 γνωρισμάτων,
1453 5612 1707 5672 "roum
1766 5623 1832 5674 οὗ·

1974 5615 2047 5691 is,
2107 5614 2324 5695 quibus
2382 5621 2610 5694 poterat
2655 5609 2929 5689 cognosci
2992 5608 3193 5673 Stabat
3224 5628 3391 5689 ergo,
3424 5608 3591 5671 illum
