3932 6128
395 235 470 305 47
1705 244 1870 312 ΜΕΝ
1875 236 1944 309 SI

2216 241 2474 309 EMBER.
3686 251 3769 316 48

401 373 729 456 perfectius
763 374 1053 464 memoria
1082 381 1364 456 repetens
1398 394 1411 442 :
1445 375 1498 439 is
1527 386 1726 442 autem
1759 380 1813 443 ei
1848 399 1954 460 mag

2219 383 2431 462 εώτερον
2492 382 2878 457 ἀναλαμϐάνων
2935 390 3004 460 τῇ
3062 387 3254 462 μνήμῃ
3316 389 3405 443 τὸν
3462 387 3641 464 ἄνδρα,
3678 395 3772 446 καί

404 464 710 545 magisque
759 463 861 526 ille
912 482 1044 527 esse
1077 465 1403 528 videbatur.
1435 467 1750 550 Postquam
1800 488 1938 532 vero

2261 471 2423 530 πλέον
2480 475 2630 534 οὗτος
2701 474 2910 537 ἐκεῖνος
2984 474 3128 530 εἶναι
3185 475 3358 548 τούτῳ
3426 477 3616 540 ἐδόκει,
3669 479 3773 535 Ὠς

407 575 544 618 eum
605 556 796 618 oculis
857 557 1150 619 curiosius
1182 559 1491 638 conjectis,
1526 579 1733 624 revera
1777 579 1960 640 cogno

2287 562 2688 640 περιεργοτέραν
2745 563 2887 637 αὖτῷ
2943 562 3040 630 τὴν
3101 562 3223 638 ὄψιν
3281 563 3569 640 ἐπιϐαλῶν,
3630 567 3778 645 ἔγνω

405 647 566 709 hunc
596 645 768 708 illum
796 665 930 709 esse
959 647 1289 710 amicorum
1323 656 1381 710 et
1410 648 1786 712 familiarium
1813 649 1958 711 amic

2245 651 2463 723 ἀληθείᾳ
2508 653 2694 708 τοῦτον
2739 651 2944 710 ἐκεῖνον
2998 652 3141 708 εἶναι
3193 655 3282 710 τὸν
3331 655 3578 733 φίλτατον
3628 656 3781 728 αὖτῷ

405 739 621 800 simum
662 736 1070 826 ,Joannicium,
1125 741 1258 818 ejus
1296 736 1500 800 statim
1531 740 1752 802 collum
1785 741 1958 802 circul

2231 764 2233 783 ι
2289 740 2507 818 ἑταίρων
2564 739 2908 820 ἰωαννίκιον,
2974 742 3119 804 εὖθὺς
3176 744 3331 800 αὖτοῠ
3379 749 3456 817 τῷ
3512 747 3784 826 τραχήλῳ

405 827 555 888 dans
570 825 851 888 ardenter
870 825 1410 905 complectebatur:
1445 836 1650 908 aperte
1670 829 1958 891 ostendeb

2232 830 2370 910 ιφὺς,
2428 831 2876 908 περιεπτύσσετο,
2936 835 3140 908 θερμῶς
3217 831 3549 910 περιέϐαλλε,
3609 825 3782 901 δῆλος

408 935 475 979 se
497 914 761 994 pendere
779 914 1031 976 abillius
1053 917 1276 992 anima,
1297 919 1350 979 ci
1374 916 1665 997 lacrymae
1685 918 1961 981 distillab:

2250 924 2347 986 τῆς
2406 918 2604 976 ἐκείνου
2675 924 2860 1000 ψυχῆς
2922 919 3340 996 ἐκκρεμάμενος,
3399 920 3618 1002 δάκρυον
3694 921 3786 980 ἐπ’

411 1023 534 1085 prae
565 1004 804 1084 gaudio,
839 1011 896 1065 et
943 1003 1004 1065 in
1039 1007 1390 1068 memoriam
1435 1007 1755 1070 revocabat
1782 1016 1964 1072 veteri

2232 1014 2271 1082 ᾦ
2324 1015 2499 1088 χαρᾶς
2550 1007 2754 1084 ἔσταξε,
2805 1015 2904 1077 τῆς
2957 1008 3186 1075 παλαιᾶς
3245 1012 3403 1066 αὐτὸν
3471 1013 3785 1086 ἀνεμίμνη-

411 1092 932 1159 consuetudinem.
964 1093 1196 1156 Deinde
1226 1096 1328 1156 ille
1349 1095 1588 1177 quidem
1610 1101 1891 1173 excurrit,
1911 1116 1964 1160 re

2275 1097 2570 1164 συνηθείας.
2609 1101 2741 1155 Εἶτα
2784 1100 2811 1156 ὁ
2855 1099 2952 1172 μὲν
3000 1099 3312 1179 ἀποτρέχει,
3361 1102 3447 1156 καὶ
3489 1103 3556 1176 τῇ
3603 1101 3786 1177 λοιπῇ

410 1183 544 1264 quis
565 1182 742 1245 sociis
761 1202 890 1244 rem
915 1182 1125 1245 volens
1143 1183 1482 1264 signiﬁcare
1509 1206 1524 1247 :
1558 1186 1904 1250 Joannicius
1934 1205 1963 1248 a

2229 1185 2330 1266 ιρίᾳ
2417 1185 2739 1262 βουλόμενος
2822 1192 2884 1244 τὸ
2955 1194 3175 1266 πρᾶγμα
3250 1196 3523 1263 μηνῦσαι⁶
3597 1193 3625 1247 ὁ
3726 1191 3782 1248 δὲ

411 1283 530 1335 tem
565 1273 778 1335 volens
811 1272 999 1352 magis
1028 1272 1240 1348 latere,
1268 1278 1523 1354 pervasit
1544 1275 1601 1338 in
1633 1285 1867 1340 montes
1890 1274 1964 1339 Co

2232 1277 2400 1332 θάνειν
2455 1275 2660 1351 μᾶλλον
2717 1275 2934 1356 ἐθέλων,
2996 1275 3134 1354 διῄει
3206 1279 3292 1334 ἐπὶ
3343 1279 3409 1335 τὰ
3476 1280 3785 1359 θηροτρόφα

413 1364 602 1437 turias,
627 1362 689 1424 in
709 1361 924 1441 quibus
943 1360 1250 1443 degebant
1271 1364 1431 1441 ferae,
1459 1383 1731 1429 seorsum
1758 1383 1892 1429 cum
1921 1365 1966 1426 D

2289 1369 2605 1443 Κοντουρίας
2676 1363 2795 1445 ὅρη,
2871 1367 3175 1442 καταμόνας
3249 1367 3624 1446 συγγινόμενος
3704 1377 3785 1443 τῷ

412 1449 828 1530 congrediens.

717 1469 828 1514 aus.
2133 1457 2270 1529 Θεῷ.

493 1539 656 1604 XIII.
679 1540 827 1603 Cum
860 1548 1002 1604 tunc
1032 1550 1231 1606 autem
1253 1545 1408 1607 forte
1437 1545 1676 1608 fortuna
1704 1544 1964 1608 venisset
1992 1546 2046 1606 in

2238 1542 2317 1604 F'.
2383 1543 2472 1602 Ἐν
2503 1549 2762 1623 εὖκτηρίῳ
2815 1542 2869 1600 δὲ
2901 1545 3021 1600 τότε
3073 1542 3211 1619 οἴκῳ
3243 1546 3376 1602 κατᾶ
3437 1547 3609 1627 τύχην
3676 1571 3788 1605 πα-

415 1629 608 1692 aedem
634 1630 978 1708 oratoriam,
999 1631 1279 1696 inciditin
1294 1633 1484 1697 virum
1508 1635 1827 1717 quemdam
1842 1641 1902 1697 et
1925 1654 1968 1696 η

2246 1630 2402 1715 ιιὸών,
2461 1633 2774 1714 ἐυτυγχάνει
2853 1631 2998 1710 ἀνδρί
3061 1655 3118 1690 τε
3193 1634 3279 1691 καὶ
3349 1638 3584 1713 γυναικὶ,
3652 1639 3799 1694 κατὰ

413 1719 647 1795 lierem,
681 1718 784 1816 qui
807 1731 1218 1816 convenerant
1247 1732 1311 1786 ut
1340 1724 1557 1816 festum
1589 1724 1848 1816 patrium
1908 1743 1966 1806 pe

2242 1725 2324 1781 ίαν
2401 1721 2703 1781 συνελθοῦσι
2773 1732 2867 1781 τοῦ
2937 1723 3159 1802 πάτριον
3230 1724 3419 1796 ἑορτὴν
3484 1725 3792 1784 ἐκτελέσαι.

413 1818 683 1890 agerent.
711 1809 823 1882 Qui
849 1829 986 1874 cum
1014 1821 1285 1876 sanctum
1307 1813 1623 1896 vidissent,
1656 1815 1717 1876 in
1743 1814 1934 1895 primo
1958 1836 1966 1871 ι

2245 1835 2300 1892 ερ
2343 1814 2417 1876 ὡς
2465 1811 2613 1869 εἶδον
2660 1815 2750 1868 τὸν
2797 1813 2971 1890 ἅγιον,
3005 1812 3066 1868 ἐκ
3115 1812 3332 1892 πρώτης
3379 1813 3657 1880 ἐντεύξεως
3715 1823 3795 1890 τῷ

414 1919 618 1980 cursu,
642 1899 746 1962 illo
766 1900 1005 1964 insolito
1038 1911 1098 1965 et
1125 1902 1380 1967 terribili
1414 1905 1544 1984 ejus
1574 1903 1911 1985 spectaculo
1942 1923 1967 1964 ο

2242 1904 2384 1973 νήθει
2441 1903 2530 1959 καὶ
2583 1900 2869 1982 καταφόϐῳ
2925 1903 3109 1958 τούτου
3167 1902 3264 1969 τῆς
3319 1902 3438 1968 θέας
3501 1903 3795 1960 καταπλα-

415 1989 755 2072 stupet‘acti,
790 2009 865 2051 ne
895 1998 1220 2073 potuerunt
1247 1993 1880 2076 quideminterrogare
1898 2013 1968 2074 qu

2246 2012 2345 2066 rec,
2421 1989 2538 2047 οὖδὲ
2605 1991 2856 2048 πυθέσθαί
2911 1989 3059 2056 ὅστις
3135 1993 3304 2068 οὗτος,
3364 1989 3482 2072 εἴη,
3539 1991 3657 2050 οὖδέ
3725 1996 3799 2058 εἰς

418 2097 554 2142 nam
574 2085 756 2157 esset,
776 2096 888 2142 nec
905 2082 1150 2144 omnino
1169 2073 1303 2146 cum
1317 2100 1389 2146 eo
1403 2083 1677 2146 conferre
1693 2073 1966 2145 sermone

2249 2103 2332 2145 ους
2392 2077 2532 2143 ὅλως
2587 2084 2728 2155 αὐτῷ
2777 2079 2952 2136 ἐλθεῖν
3004 2079 3258 2159 ἴσχυσαν.
3291 2073 3391 2137 Ἦν
3438 2083 3537 2160 γὰρ
3595 2085 3623 2139 δ
3655 2083 3802 2160 ἀνὴρ

417 2166 558 2230 Erat
587 2167 746 2230 enim
777 2174 867 2231 vir
897 2167 1044 2232 satis
1092 2171 1332 2253 quidem
1362 2173 1542 2252 justas
1572 2170 1969 2252 magnitudini

2243 2175 2331 2236 ιῶς
2387 2169 2483 2244 μὲν
2550 2191 2695 2248 εχων
2751 2169 3027 2248 μεγέθους,
3088 2171 3448 2249 περικείμενος
3508 2170 3562 2226 δὲ
3621 2171 3796 2252 ῥάκη,

425 2263 638 2339 pannis
667 2265 868 2320 autem
898 2257 1152 2335 obsitus,
1175 2269 1236 2322 et
1262 2260 1438 2323 nudis
1467 2260 1754 2324 incedens
1776 2258 1978 2342 pedibl

2293 2257 2680 2337 γυμνοποδῶν,
2739 2257 2876 2323 ὅλως
2949 2279 3007 2315 τε
3081 2260 3386 2333 κατάκομος
3447 2273 3568 2323 ταῖς
3632 2260 3795 2338 θριξὶ,

423 2354 484 2409 et
513 2354 671 2409 totus
697 2347 1031 2428 capillatus,
1066 2356 1123 2410 et
1153 2367 1324 2412 coma
1354 2350 1695 2413 mirandum
1722 2351 1783 2411 in
1815 2349 1976 2410 modi

2246 2370 2261 2414 ;
2328 2349 2657 2428 βοστρύχους
2715 2347 3065 2425 περιττότατα
3145 2349 3475 2425 καθειμένος.
3556 2353 3617 2408 Οἱ
3695 2352 3799 2426 μὲν

424 2436 746 2518 promissa.
807 2435 902 2500 Illi
959 2455 1099 2518 ergo
1152 2457 1290 2501 cum
1322 2447 1594 2502 sanctum
1641 2439 1731 2500 sic
1771 2437 1977 2500 vidisse

2279 2436 2444 2501 οὕτως
2507 2437 2706 2515 ἔχοντα
2763 2439 2853 2493 τὸν
2911 2434 3062 2516 ἅγιον
3117 2435 3336 2512 ἰδόντες,
3392 2437 3556 2511 δειλίᾳ
3615 2441 3803 2496 συνεί-

423 2525 730 2608 ali‘ectum,
759 2529 958 2590 aﬂ‘ecti
980 2535 1117 2589 sunt
1140 2528 1376 2593 timore.
1401 2527 1510 2590 Ille
1531 2535 1729 2589 autem
1755 2527 1976 2608 placida

2251 2549 2335 2588 το.
2397 2524 2456 2584 Ὀ
2513 2525 2567 2582 δὲ
2624 2528 2813 2606 πραείᾳ
2869 2528 3086 2591 τούτους
3124 2529 3214 2585 καὶ
3268 2530 3450 2606 ἡμέρῳ
3514 2535 3581 2604 τῇ
3639 2531 3804 2608 φωνῇ

425 2617 556 2678 miti
601 2635 746 2679 voce
770 2618 948 2696 jussit
979 2636 1084 2678 eos
1114 2635 1247 2678 esse
1276 2617 1434 2680 bono
1477 2617 1703 2692 animo,
1751 2624 1811 2679 et
1856 2615 1978 2677 abi

2251 2617 2356 2692 δεῖν
2414 2615 2650 2697 ἐκέλευε,
2708 2618 2796 2673 καὶ
2865 2619 2962 2684 τῆς
3030 2615 3225 2683 δειΑίας
3282 2617 3487 2685 ἐκείνης
3551 2619 3804 2695 ἀνελαμ-

427 2706 641 2767 timore
653 2706 964 2770 recreavit.
986 2705 1215 2769 Deinde
1235 2724 1337 2768 eos
1349 2707 1597 2788 rogavit,
1613 2724 1883 2787 quaenam
1908 2724 1980 2767 es:

2252 2706 2274 2762 έ
2318 2728 2375 2763 τε
2403 2707 2491 2763 καὶ
2523 2705 2799 2767 ἀνεκτᾶτο.
2856 2707 2994 2764 Εἶτα
3025 2708 3113 2763 καὶ
3151 2708 3276 2764 ποία
3325 2708 3434 2764 τῶν
3483 2705 3619 2765 ὁδῶν
3652 2709 3805 2766 ἐστιν

425 2796 538 2871 via,
575 2813 708 2874 quae
734 2802 900 2858 recta
927 2796 1133 2859 ferret.
1165 2795 1253 2857 Illi
1283 2814 1424 2858 vero
1450 2795 1732 2859 dixerunt
1759 2803 1898 2858 ante
1946 2795 1978 2855 ﬂ

2252 2795 2375 2872 πρὸς
2427 2797 2489 2852 τὸ
2546 2795 2662 2852 εὐθὺ
2721 2798 2972 2876 φέρουσα,
3032 2794 3288 2876 διηρώτα.
3323 2798 3380 2855 Οἱ
3436 2795 3490 2854 δὲ
3550 2800 3805 2874 ποταμὸν

427 2886 583 2946 vium
615 2887 825 2967 ﬂuere,
860 2885 963 2970 qui
991 2904 1110 2948 non
1141 2895 1264 2950 erat
1296 2887 1548 2950 transitu
1575 2886 1785 2962 facilis,
1839 2894 1898 2948 et
1929 2899 1980 2949 tu

2255 2886 2292 2961 ᾧ
2349 2883 2434 2942 ἐπὶ
2481 2884 2548 2940 τὰ
2605 2886 2788 2963 πρόσω
2835 2885 2949 2962 ῥεῖν
3008 2884 3233 2965 ἔφησαν,
3269 2885 3346 2960 μὴ
3401 2887 3600 2966 εὔχερῆ
3658 2885 3808 2961 μηδέ

427 2974 710 3046 maxime,
741 2994 877 3038 cum
915 2985 1030 3038 tam
1063 2977 1235 3039 multi
1259 2976 1493 3040 imbres
1523 2976 1595 3038 ad
1629 2995 1765 3039 eum
1799 2975 1972 3038 aiﬂux

2260 2977 2328 3031 ἴαν
2401 2973 2597 3055 ἔχοντα
2652 2974 2750 3041 τὴν
2805 2975 3116 3055 περαὲιυσιν,
3174 2975 3261 3031 καὶ
3336 2975 3569 3051 μάλιστα
3619 2977 3681 3032 τό
3750 2999 3813 3054 γε

427 3075 582 3128 sent.
615 3063 782 3127 Tunc
803 3067 963 3127 enim
997 3067 1319 3145 acciderat,
1340 3073 1406 3129 ut
1427 3067 1814 3129 vehementer
1837 3065 1975 3146 plue

2325 3063 2476 3144 ἔχοι,
2557 3061 2768 3143 ὄμϐρων
2841 3065 2984 3136 αὖτῷ
3060 3064 3327 3120 τοσούτων
3413 3062 3767 3144 ἐπιρῤυέντων
3795 3084 3812 3101 ·

427 3164 488 3217 et
515 3155 651 3218 ideo
681 3163 1058 3234 restagnaret
1089 3133 1323 3221 ﬂuvius:
1375 3155 1481 3219 Ille
1511 3165 1707 3218 autem
1739 3133 1875 3217 cum
1909 3154 1980 3216 cii

2259 3175 2310 3233 (ε
2355 3133 2472 3231 ’γὰρ
2533 3133 2675 3210 κατ’·
2713 3151 2888 3210 ἐκεῖνο
2958 3133 3058 3220 τῆς
3130 3152 3272 3231 ὥρας
3340 3152 3458 3209 ὗσαι
3501 3133 3812 3234 βαγδαίως,

428 3243 682 3307 mediam
717 3254 956 3307 noctem
991 3247 1348 3309 surrexisset
1395 3247 1477 3328 (Ο
1525 3245 1708 3326 pedes
1737 3243 1981 3326 specios<

2260 3245 2430 3300 τεῦθεν
2498 3241 2888 3323 πλημμυρῆσαι
2962 3243 3056 3300 τὸν
3131 3242 3394 3319 ποταμόν.
3452 3249 3627 3301 Ταῦτα
3705 3245 3813 3319 μὲν

429 3354 464 3396 o
495 3335 830 3414 ingressum
884 3336 1052 3398 illum
1083 3335 1499 3399 admirabilem
1524 3336 1562 3410 ι)
1613 3351 1823 3415 aquam
1853 3351 1982 3396 asce

2291 3333 2514 3390 ἐκεῖνον
2568 3335 2596 3388 ὁ
2651 3329 2705 3389 δὲ
2760 3333 2879 3409 περὶ
2931 3329 3101 3406 μέσας
3152 3333 3342 3395 νύκτας
3391 3329 3674 3397 διαναστὰς
3737 3333 3810 3412 (ὢ

427 3423 517 3485 dit
545 3443 656 3486 nec
679 3424 785 3486 fuit
817 3425 1206 3501 madefactus,
1226 3437 1287 3488 et
1312 3425 1653 3488 transmittit
1681 3425 1742 3487 in
1763 3422 1980 3487 contine

2253 3423 2331 3479 ῖῶν
2359 3421 2566 3501 ὡραίων
2601 3419 2614 3482 !
2669 3421 2714 3484 ὢ
2739 3424 3046 3496 θαυμαστῆς
3079 3421 3286 3488 ἐκείνης
3333 3423 3546 3500 πορείας
3580 3423 3626 3498 l)
3675 3421 3806 3480 ἐπι-

430 3527 550 3576 tem
584 3532 716 3595 qua:
747 3524 873 3579 erat
902 3533 972 3578 ex
1002 3516 1276 3580 adverso.

2254 3533 2319 3569 νει
2389 3509 2637 3592 ἀϐρόχως
2694 3514 2771 3585 τῷ
2831 3509 3002 3588 ὒδατι,
3064 3511 3148 3568 καὶ
3211 3512 3283 3575 είς
3342 3511 3440 3580 τήν
3513 3509 3807 3590 ἀντιπέρας

2150 3599 2370 3678 ἤπειρον
2401 3597 2676 3663 διαϐαίνει,

510 3692 664 3757 XIV.
712 3694 882 3756 Illinc
913 3702 1111 3757 autem
1145 3695 1306 3759 venit
1338 3695 1400 3758 in
1433 3693 1727 3776 templum
1786 3691 2063 3772 magistro

2261 3689 2347 3748 A'.
2409 3687 2649 3746 Ἐκεϊδεν
2724 3687 2776 3744 δὲ
2841 3687 2894 3744 ἐν
2961 3687 3170 3770 Ἐφέσῳ
3251 3691 3375 3746 ναὸν
3433 3689 3521 3746 to;
3577 3689 3810 3768 ἀγαπη-

427 3783 661 3847 Christo
693 3785 893 3847 dilecti
919 3785 1220 3867 discipuli,
1254 3784 1413 3866 quod
1437 3793 1563 3846 erat
1585 3782 1844 3865 Ephesi:
1882 3786 1980 3844 eia

2312 3785 2390 3853 τῷ
2445 3777 2742 3851 διδασκάλῳ
2800 3785 3008 3858 Χριστῷ
3067 3783 3306 3855 μαθητοῦ
3377 3778 3808 3862 καταλαμϐάνει,

427 3885 546 3936 tem
581 3875 774 3935 statim
809 3893 912 3934 sua
950 3884 1163 3954 sponte
1194 3883 1419 3954 aperta;
1480 3881 1619 3936 sunt
1671 3880 1855 3953 portae
1908 3871 1980 3932 ill

2301 3869 2471 3942 τούτῳ
2502 3869 2810 3942 αύτομάτως
2867 3869 2916 3924 αἰ
2974 3875 3068 3926 τοῦ
3125 3869 3226 3925 νεώ
3256 3868 3559 3947 ἀνοίγονται
3613 3871 3811 3931 πύλαι.

427 3963 658 4040 templi.
721 3961 827 4023 Ille
875 3980 1017 4022 vero
1073 3962 1401 4042 ingressus,
1455 3980 1590 4023 cum
1640 3959 1890 4022 Domino
1934 3977 1980 4019 SI

2307 3958 2361 4022 ὃς
2420 3956 2554 4012 εἴσω
2612 3959 2922 4036 γενόμενος,
2982 3959 3070 4014 καὶ
3137 3959 3230 4021 τὰς
3290 3957 3454 4038 εὐχὰς
3513 3960 3671 4016 αὐτοῦ
3730 3962 3814 4036 ’τῷ

430 4069 640 4131 preces
657 4051 1042 4128 reddidisset,
1069 4069 1278 4113 rursus
1306 4049 1646 4130 egreditur:
1675 4061 1734 4112 et
1755 4066 1892 4110 cum
1914 4065 1983 4108 es.

2261 4047 2328 4118 Im
2414 4045 2738 4121 ἀποδιδοὺς,
2812 4046 3000 4113 ἔξεισιν
3076 4048 3243 4112 αὖθις·
3327 4051 3413 4104 καὶ
3489 4050 3621 4124 μετὰ
3705 4053 3814 4119 τὴν

429 4159 732 4220 egressus,
769 4140 1042 4220 protinus
1071 4141 1429 4204 clauduntur
1486 4147 1690 4220 porta-3,
1748 4145 1808 4200 et
1863 4154 1982 4199 ruri

2262 4157 2437 4216 .ewtv,
2499 4139 2549 4190 αἱ
2624 4136 2784 4192 πύλαι
2845 4139 2989 4201 εὐθὺς
3064 4135 3439 4212 ἐπικλείονται,
3505 4140 3590 4195 καὶ
3663 4139 3815 4198 οὕτω

430 4233 796 4292 convertitur
841 4230 903 4290 in
961 4226 1330 4312 Centuriam,
1379 4236 1437 4290 et
1465 4227 1743 4291 convenit
1785 4224 1983 4307 quasd:

2310 4225 2396 4280 ἐπὶ
2453 4226 2769 4304 Κοντουρίαν
2816 4226 3038 4283 ἅπτεται
3091 4225 3274 4282 πάλιν
3341 4229 3427 4283 καὶ
3476 4248 3580 4284 τισι
3628 4249 3814 4304 μονα-

432 4321 778 4394 monachas,
815 4330 1094 4400 matrem,
1133 4320 1400 4400 inquam,
1434 4335 1570 4380 cum
1603 4317 1746 4378 ﬁlia.
1809 4314 1985 4388 Quart

2256 4336 2366 4378 ut;
2425 4314 2759 4394 ἐντῦγχάνει,
2822 4317 3006 4392 μητρὶ,
3073 4316 3233 4394 ιρῆμὶ,
3291 4317 3424 4391 μετᾶ
3498 4320 3809 4400 θυγατρίου,

430 4409 550 4472 ﬁlia
571 4410 811 4506 quidem
829 4409 954 4488 jam
986 4418 1113 4506 erat
1136 4409 1370 4506 (le-fessa
1403 4408 1652 4506 libidine
1689 4429 1702 4466 :
1738 4414 1929 4506 mater
1955 4425 1983 4465 a

2305 4405 2403 4477 μὶν
2485 4403 2799 4481 ἆπειρηκυίᾳ
2883 4403 2984 4471 ἠδη
3085 4406 3214 4482 πρὸς
3297 4405 3392 4466 τὰς
3475 4403 3810 4472 ἀκολαστους

430 4507 550 4561 tem
610 4498 886 4560 studebat
936 4497 1441 4560 admonitionibus
1487 4504 1678 4559 motus
1711 4497 1842 4576 ejus
1873 4513 1983 4557 cari

2261 4494 2344 4568 ἃς,
2407 4499 2474 4568 τῇ
2526 4495 2685 4570 μητρὶ
2745 4491 2799 4548 δὲ
2847 4491 2931 4550 διὰ
2989 4494 3353 4571 παραινέσεως
3384 4493 3678 4571 σπευδούση
3739 4500 3812 4553 τὸ.

430 4589 850 4669 comprimere.
910 4588 1056 4651 Cum
1091 4587 1153 4649 in
1187 4607 1288 4651 cas
1319 4587 1629 4652 incidisset
1683 4596 1946 4661 sanctus,

2315 4584 2508 4652 σαρκὸς
2569 4583 2700 4657 αὐτῇ
2770 4582 3042 4657 γινήματα
3101 4582 3498 4644 καταστέλλειν,
3574 4586 3807 4650 Ταύταις

432 4687 677 4758 propter
732 4675 947 4757 puella:
997 4676 1202 4740 vitium
1251 4685 1405 4741 esset
1435 4679 1635 4740 animo
1667 4672 1985 4756 perturbati

2305 4673 2333 4728 ὁ
2363 4671 2513 4750 ἅγιος
2574 4670 2835 4750 ἐντυγὼν,
2871 4671 2960 4728 καὶ
3001 4693 3050 4727 τι
3101 4673 3346 4752 καὶπρὸς
3404 4675 3461 4728 τὸ
3489 4673 3652 4737 πάθος
3702 4678 3810 4742 τῆς

429 4767 628 4848 puella
655 4767 730 4829 ad
756 4785 821 4828 se
851 4775 1076 4848 vocata,
1093 4766 1268 4848 jubet
1297 4786 1428 4830 eam
1460 4785 1698 4828 manum
1723 4782 1894 4827 suam
1916 4781 1982 4826 co

2262 4782 2321 4828 ης
2380 4762 2559 4817 παθὼν
2617 4761 2716 4826 τὴν
2789 4761 2996 4840 ψυχὴν,
3049 4761 3148 4829 τὴν
3199 4761 3368 4819 παῖδα
3424 4764 3554 4841 πρὸς
3619 4763 3815 4822 ἑαυτὸν

429 4856 590 4920 illius
619 4857 954 4939 imponere.
988 4855 1155 4928 Quod
1177 4857 1419 4939 quidem
1444 4876 1578 4919 cum
1609 4857 1832 4918 factum
1859 4852 1982 4915 fuis.

2262 4851 2404 4924 έσας,
2465 4850 2723 4906 ἐπιθεῖναι
2797 4853 2875 4924 τῴ
2939 4849 3138 4908 ἐκείνου
3210 4851 3398 4929 αὗχένι
3471 4854 3567 4920 τὴν
3638 4848 3815 4921 αὖτῆς

429 4955 495 5009 ut
534 4935 818 5028 jusserat,
860 4953 1087 5027 rogavit
1117 4935 1409 5029 ut'puella
1439 4945 1682 5029 quidem
1717 4945 1982 5006 liberaret

2262 4939 2506 5019 τρέπεται
2570 4952 2756 5018 χεῖρα.
2789 4937 2859 4996 ”Ο
2913 4935 2977 5006 δὴ
3009 4938 3107 4995 καὶ
3167 4941 3241 5004 ὡς
3273 4939 3514 4999 ἐκέλευσε
3574 4943 3815 5019 γεγονὸς,

429 5055 463 5097 a
494 5027 670 5114 malo,
735 5037 892 5118 quod
953 5055 1083 5100 eam
1144 5027 1411 5118 vexabat,
1457 5027 1520 5098 in
1552 5054 1617 5097 se
1655 5043 1852 5096 autem
1899 5050 1982 5111 gr:

2263 5028 2534 5108 ελλαγῆναι
2588 5029 2684 5102 μὲν
2715 5027 2916 5107 ηὔχετο
2976 5029 3076 5095 τὴν
3122 5029 3288 5107 κόρην
3320 5037 3412 5085 τοῦ
3461 5029 3816 5110 ἐνοχλοῦντος

429 5126 577 5187 illud
613 5116 830 5189 malum
858 5127 1180 5191 recideret.
1216 5116 1535 5209 Atqueilla
1556 5123 1802 5206 quidem
1828 5122 1982 5184 liber

2268 5122 2348 5199 οὗ,
2385 5118 2526 5192 αὒτῷ
2581 5116 2636 5174 δὲ
2679 5118 2739 5173 τὸ
2785 5117 2954 5173 δεινὸν
3005 5117 3182 5176 ἐκεῖνο
3233 5119 3534 5184 ἐπιπεσεῖν,
3585 5121 3652 5176 Ἠ
3710 5143 3819 5197 μεθ

431 5232 467 5277 a
497 5213 655 5276 bello
687 5218 906 5294 carnis,
963 5217 1161 5279 ordini
1206 5205 1628 5281 monacharum
1660 5233 1748 5287 se,
1785 5223 1853 5276 ut
1885 5212 1984 5294 prii

2264 5216 2396 5284 ,τοῦ
2456 5209 2553 5275 τῆς
2603 5208 2798 5287 σαρκὸς
2861 5206 3092 5282 πολέμου
3141 5205 3544 5290 ἀπαλλαγεῖσα,
3577 5215 3652 5284 τῷ
3703 5217 3817 5267 τῶν

428 5303 712 5366 restituit.
766 5308 833 5367 In
879 5315 1157 5368 sanctum
1215 5316 1413 5369 autem
1461 5324 1636 5386 grave
1668 5304 1810 5366 illud
1847 5302 1981 5365 belli

2263 5305 2496 5370 αζουσῶν
2545 5297 2802 5378 τάγματι,
2851 5298 2986 5354 καθὰ
3040 5295 3105 5365 δὴ
3143 5297 3251 5386 ⁸καὶ
3308 5297 3561 5386 πρότερον
3619 5297 3815 5378 εἶχεν,

431 5393 814 5457 excitabatur.
842 5397 986 5458 Cum
1011 5405 1208 5459 autem
1235 5383 1594 5475 intelligeret
1621 5404 1822 5474 turpes
1839 5393 1984 5470 cogit

2263 5391 2349 5456 τὴν
2410 5386 2718 5445 ἀποδίδωσι⁹
2793 5393 2869 5461 τῷ
2939 5386 3073 5464 ἁγίῳ
3137 5383 3192 5442 δὲ
3261 5389 3288 5442 ὁ
3360 5385 3526 5452 δεινὸς
3599 5386 3816 5454 ἐκεῖνος

431 5484 624 5546 tiones
654 5503 788 5546 eum
821 5484 894 5546 ad
924 5485 1076 5547 facta
1105 5504 1222 5546 non
1256 5485 1504 5548 honesta
1536 5483 1873 5564 impellere,
1908 5482 1984 5542 ini

2262 5478 2456 5559 γείρετο
2518 5477 2774 5555 πόλεμος.
2840 5477 3021 5542 Συνεὶς
3081 5475 3169 5534 οὖν
3226 5475 3516 5555 λογισμοὺς
3575 5477 3815 5545 ἀτόπους

433 5573 518 5637 nit
541 5573 860 5637 draconem
891 5573 1204 5657 quemdam
1229 5591 1297 5637 ex
1323 5571 1702 5656 serpentibus
1721 5571 1782 5632 in
1807 5569 1986 5649 quad:

2320 5566 2533 5648 πράξεις
2611 5569 2765 5626 αὑτὸν
2835 5567 2930 5632 τὰς
3025 5567 3087 5624 οὖ
3154 5565 3322 5632 καλὰς
3411 5569 3803 5647 συνωθοῦντας,
