3932 6128
410 227 487 292 55
1708 223 1988 286 MENSIS
2028 223 2050 284 Ι

2218 220 2473 283 ΕΜΒΕΒ.
3725 210 3818 279 56

410 369 750 425 sanctorum
782 360 1103 438 imaginem
1135 378 1269 422 cum
1302 365 1429 441 ipso
1460 358 1887 421 conculcarein
1918 367 2050 422 ani-

2218 368 2226 415 '.
2311 356 2612 435 ὑπερορίους
2675 361 2866 432 ποιῶν,
2919 351 2999 411 ὅτι
3077 351 3154 428 μὴ
3220 353 3319 421 τὴν
3374 360 3465 410 τοῦ
3547 357 3817 429 Χριστοῦ

412 469 570 515 mum
591 447 1800 527 induxissent.QuamobremNicephorum
1821 467 2050 530 quoque

2218 450 2312 504 όνα
2381 448 2471 503 καὶ
2522 451 2629 502 τῶν
2683 444 2843 500 αἰοτοῦ
2901 444 3065 521 ἁγίων
3120 445 3421 521 προήρηντο
3470 444 3561 500 σὺν
3594 442 3817 515 ἐκείνῳ

411 540 846 602 sanctissimum
882 537 1278 617 patriarcham
1311 587 1325 617 ,
1353 539 1403 598 si
1448 523 1567 598 non
1625 556 1660 599 a
1694 523 2050 599 sacerdotali

2218 549 2350 595 ιετν.
2388 523 2566 590 ’Ὥστε
2623 540 2710 590 καί
2762 534 3063 612 Νικηφόρον
3093 536 3183 589 τὸν
3232 533 3527 612 ἁγιώτατον
3577 553 3814 609 πατρι-

411 630 743 711 deponeret
784 629 1070 711 rectione,
1116 644 1291 711 grave
1348 642 1485 688 esse
1514 625 1804 711 putabat,
1840 637 1897 688 et
1950 644 2050 689 sua

2218 626 2336 705 rip),
2382 627 2425 680 εἰ
2483 625 2561 698 μὴ
2635 628 2733 689 τῆς
2790 622 3064 699 ἱερατικῆς
3122 622 3296 702 ἀρχῆς
3355 625 3813 699 μεταναστῆσοι,

412 705 672 772 amentia
727 709 1039 786 indignum
1086 716 1145 769 et
1205 705 1674 787 importunitate.
1731 709 2054 786 Propterea

410 817 553 878 ergo
586 809 711 863 tum
739 818 774 860 ε
803 799 944 859 sede
1004 796 1289 875 dimovet,
1352 801 1454 877 qut
1496 814 1636 858 vere
1668 802 1795 857 erat
1841 797 2053 875 dignus

407 888 513 967 qui
539 906 768 967 regere,
802 886 1081 968 quoniam
1132 903 1242 947 nec
1276 886 1395 946 luci
1446 884 1689 966 quidem
1736 885 2057 947 convenie-

412 976 551 1038 bant
582 976 868 1039 teuebra.
902 973 1217 1037 Theodoto
1271 983 1470 1035 autem
1529 992 1603 1036 ex
1660 973 1909 1049 Natalia,
1960 976 2054 1036 cui

406 1074 533 1127 erat
586 1083 915 1145 cognomen
964 1063 1338 1138 Melissenus,
1372 1071 1433 1124 ut
1465 1064 1565 1142 qui
1595 1071 1753 1125 esset
1782 1065 2049 1143 ejusdem

405 1155 715 1217 sententia
747 1161 803 1216 et
849 1152 1115 1215 moribus
1168 1151 1405 1228 similis,
1447 1153 1808 1231 introducto,
1860 1153 2053 1234 replet

404 1243 732 1306 Ecclesiam
766 1261 977 1322 magna
1020 1240 1493 1305 abominatione.

480 1332 752 1398 XXI.IlIo
780 1341 976 1393 autem
1010 1339 1279 1410 tempore
1324 1349 1460 1393 cum
1496 1350 1607 1414 per
1640 1342 1874 1396 montes
1911 1337 2050 1396 Pru-

401 1423 666 1484 sensium
703 1440 950 1501 magnus
996 1420 1093 1482 hic
1124 1418 1296 1481 Pater
1344 1438 1411 1483 se
1470 1430 1801 1502 exerceret,
1836 1422 2052 1485 Gurias

406 1511 669 1592 quidam,
699 1514 798 1593 qui
858 1512 987 1592 ipse
1042 1528 1282 1588 quoque
1343 1518 1468 1572 erat
1526 1530 1680 1571 unus
1712 1529 1781 1572 ex
1826 1511 1921 1594 iis,
1951 1513 2053 1594 qui

404 1601 580 1663 vitam
633 1607 1021 1681 susceperant
1076 1600 1575 1675 anachoreticam,
1642 1608 1701 1661 et
1747 1601 2055 1664 videbatur

2139 714 2305 771 δεινὸν
2372 736 2420 770 τε
2451 714 2672 793 ἡγεῖτο,
2703 712 2797 767 καὶ
2836 717 2931 777 τῆς
2986 713 3091 767 τῶν
3141 712 3295 770 αὒτοῡ
3338 719 3539 793 φρενῶν
3570 710 3819 775 ἀνάξιον

2134 808 2409 882 παρακοῆς
2465 804 2550 858 καὶ
2619 802 2959 866 σκαιότητος.
3014 802 3113 858 Διὰ
3159 802 3321 857 ταῦτα
3376 812 3501 880 γοὺν
3555 804 3661 857 καὶ
3711 798 3820 855 τοῧ

2134 894 2315 972 Θρόνου
2345 892 2626 967 μετακινεῖ
2649 892 2739 947 τὸν
2796 890 3009 958 ἀληθῶς
3042 893 3228 971 ἀρχειν
3273 890 3444 971 ιίιξιον³
3478 892 3590 948 ἐπεὶ
3654 888 3818 962 μηδέ

2134 979 2405 1039 συνέϐαινε
2436 984 2511 1054 τῷ
2541 982 2673 1059 φωτὶ
2702 982 2763 1036 τὸ
2786 981 2998 1044 σκότος.
3034 978 3286 1037 Θεόδοτον
3303 978 3357 1036 δὲ
3382 984 3473 1036 τὸν
3493 980 3555 1038 ἐκ
3581 990 3819 1038 Nat-rm-

2135 1070 2302 1144 λείας,
2336 1074 2380 1145 ᾧ
2409 1070 2743 1137 Μελισσηνὸς
2790 1069 2857 1137 ἦν
2914 1068 3213 1150 ἐπίκλησις,
3244 1073 3317 1134 ὡς
3376 1071 3663 1150 ὁμόφρονα
3718 1072 3818 1125 καὶ

2136 1161 2434 1238 ὁμότροπον
2481 1158 2900 1238 ἆντεισαγαγὼν,
2945 1158 3151 1226 πολλῆς
3181 1160 3552 1235 ἀναπίμπλησι
3582 1157 3815 1235 βδελυ-

2136 1250 2246 1326 ρίας
2278 1249 2378 1316 τὴν
2409 1247 2752 1314 Ἐκκλησίαν.

2311 1339 2325 1361 9
2528 1336 2545 1358 ν
2695 1341 2726 1371 γ.
3107 1340 3127 1358 r
3192 1338 3204 1353 ο
3252 1338 3265 1356 \
3376 1339 3386 1352 ε
3698 1339 3718 1369 λ
3763 1362 3771 1371 ς

2219 1348 2349 1399 ΚΑ.
2415 1348 2523 1395 Κατ
2600 1336 2778 1394 ἐχειρο
2834 1334 2888 1392 δὲ
2948 1360 3132 1414 καιρου
3182 1359 3278 1394 aia
3339 1361 3401 1394 τα
3462 1346 3811 1415 Προυσαειυν

2134 1430 2233 1505 ’ὄρη
2293 1428 2368 1501 τῷ
2419 1425 2639 1505 μεγαλῳ
2693 1427 2860 1499 τούτῳ
2910 1428 3067 1505 Πατρὶ
3098 1427 3196 1494 τὴν
3229 1427 3451 1494 ἄσκησιν
3482 1427 3808 1499 διανύοντι,

2137 1517 2349 1594 Γουρίας
2382 1537 2462 1579 τις
2518 1522 2624 1572 τῶν
2681 1530 2744 1572 το
2800 1514 3211 1595 ἄναχωρητικὸν
3265 1518 3376 1592 βίον
3425 1517 3812 1593 ἆ-ιῄρημένων

2135 1609 2224 1663 καὶ
2268 1606 2421 1667 αὐτὸς
2472 1606 2566 1680 ὥν,
2606 1604 2853 1684 προέχειν
2914 1627 2971 1660 τε
3016 1608 3119 1661 tth
3152 1604 3325 1662 ἄλλων
3374 1604 3541 1663 δοκῶν
3574 1608 3636 1663 ἐν
3675 1610 3813 1666 τοῖς

410 1700 692 1770 prastare
747 1690 880 1752 aliis
928 1691 987 1751 in
1052 1690 1481 1751 monachorum
1514 1690 1963 1766 certaminibus,
1998 1698 2050 1752 et

2218 1720 2242 1752 ν
2301 1694 2556 1775 μοναχῶν
2624 1694 2822 1771 ἀγῶσιν
2858 1741 2874 1768 ,
2937 1695 3177 1770 ἀσκῃτὴς
3232 1699 3319 1751 καὶ
3366 1696 3556 1771 ἀρετῆς
3628 1697 3817 1772 ἄκρος

403 1798 673 1843 summus
703 1780 1056 1844 exercitator
1084 1790 1142 1843 et
1170 1788 1400 1841 amator
1454 1778 1688 1842 virtutis
1750 1779 1824 1841 ab
1855 1780 2053 1841 omni-

404 1868 515 1930 bus
569 1869 1018 1932 existimabatur
1061 1879 1121 1933 et
1152 1868 1592 1946 nominabatur,
1631 1877 1689 1930 et
1723 1888 1858 1929 cum
1920 1872 2055 1950 quis

403 1957 651 2021 dixisset
700 1956 963 2033 Guriam,
1010 1959 1326 2040 adjiciebat
1357 1959 1535 2021 etiam
1569 1958 2050 2035 exercitatorem,

407 2054 615 2128 utpote
668 2048 823 2126 quod
885 2048 1026 2110 hinc
1057 2048 1245 2128 magis
1276 2056 1722 2126 agnosceretur,
1758 2067 1932 2127 quam
1984 2067 2055 2110 ex

403 2137 649 2199 nomine
671 2137 937 2218 proprio.
971 2140 1026 2201 Is
1058 2157 1195 2200 cum
1232 2139 1464 2200 videret
1494 2138 1749 2217 selonge
1779 2136 1989 2201 abesse
2023 2157 2057 2200 a

402 2245 545 2288 vera
572 2228 795 2289 virtute
827 2227 1146 2303 Joannicii,
1181 2238 1238 2290 et
1267 2228 1661 2290 venerandam
1687 2228 1849 2289 illam
1874 2246 2049 2290 exer-

400 2316 670 2379 citatoris
702 2316 1161 2398 appellationem
1197 2317 1270 2379 ad
1305 2336 1438 2379 eum
1477 2317 1753 2389 transire,
1778 2317 1835 2380 ei
1866 2318 2054 2380 disse-

400 2406 651 2468 cabatur
673 2414 732 2467 et
773 2405 1110 2469 laniabatur
1130 2408 1363 2468 animus
1394 2406 1636 2469 invidia.
1675 2412 1823 2469 Dum
1852 2417 2046 2470 autem

400 2495 683 2559 invidiam
734 2502 1079 2576 parturiret,
1137 2498 1359 2558 eadem
1424 2496 1673 2577 peperit.
1738 2498 2050 2571 Quomodo

394 2594 620 2664 autem,
681 2583 1010 2646 declarabit
1068 2586 1280 2646 oratio.
1329 2583 1409 2646 Ea
1472 2585 1633 2645 enim
1692 2603 1931 2647 versans
1987 2587 2047 2647 in

398 2676 621 2747 animo,
651 2681 709 2735 et
738 2691 1013 2753 quarens
1032 2673 1105 2733 ad
1141 2674 1417 2735 eﬂ‘ectum
1448 2673 1745 2736 deducere
1777 2675 1858 2755 id,
1891 2674 2049 2757 quod

397 2762 818 2837 meditabatur,
856 2780 993 2823 cum
1029 2773 1232 2825 sancto
1258 2761 1335 2824 de
1392 2762 1679 2825 industria
1717 2766 1919 2827 studet
1963 2767 2049 2826 vi—

395 2861 512 2915 tam
538 2870 748 2932 agere,
779 2870 916 2912 cum
935 2851 1548 2930 magnusJoannicius
1578 2861 1823 2934 propter
1858 2856 2050 2915 maxi-

396 2960 555 3004 mam
596 2939 1512 3021 animisimpticitatem,Guriam
1536 2941 1862 3023 supinis,ut
1891 2942 2048 3005 dici-

400 3028 802 3108 tur,manibus
830 3030 1162 3109 accepisset
1193 3037 1251 3091 et
1279 3030 1639 3093 foveret.llle
1673 3036 1732 3093 in
1760 3032 2051 3113 principio

412 3123 656 3206 quidem
688 3139 962 3199 magnam
997 3121 1233 3182 simulat
1268 3120 1641 3202 pietatem,et
1671 3131 1796 3185 erat
1825 3123 2056 3186 virtutis

403 3212 614 3277 histrio
647 3209 1349 3291 prastantissimus.Cum
1383 3229 1500 3272 non
1538 3210 1655 3273 alio
1689 3224 1889 3274 autem
1924 3231 2057 3294 spe-

402 3307 598 3381 raret,
621 3317 800 3379 quam
824 3307 886 3359 ut
915 3297 1174 3360 latenter
1203 3299 1443 3364 invidia
1469 3300 1920 3378 gratiﬁcaretur,
1945 3302 2055 3365 sub

401 3390 603 3470 specie
633 3386 1011 3470 propinandi,
1046 3398 1251 3451 sancto
1284 3406 1580 3451 venenum
1618 3391 1885 3471 porrigit,
1920 3411 2053 3454 cum

401 3481 533 3560 ipse
565 3479 734 3560 prius
775 3476 1024 3538 bibisset
1071 3476 1248 3557 longe
1278 3478 1553 3540 acerbius
1576 3472 1814 3541 invidia
1843 3487 1903 3542 et
1933 3500 2053 3541 ma-

404 3570 569 3633 litia.
593 3566 950 3629 Insidiosum
977 3575 1171 3629 autem
1199 3567 1287 3629 sic
1319 3575 1560 3649 epotum
1587 3570 1888 3651 poculum,
1922 3590 2054 3632 san-

406 3667 564 3720 ctum
628 3655 832 3719 multis
888 3655 1085 3718 atTecit
1114 3656 1445 3739 doloribus,
1480 3657 1584 3720 sed
1616 3657 1719 3736 qui
1767 3678 1874 3741 per
1917 3679 2051 3723 eum

405 3747 713 3809 colebatur
738 3744 1177 3818 Dominus,non
1208 3763 1414 3824 passus
1442 3755 1532 3809 est
1553 3766 1686 3809 eum
1707 3749 1808 3811 diu
1830 3751 2051 3824 vexari,

396 3836 580 3898 nimis
607 3834 966 3913 gloriaretur
990 3834 1192 3894 vitium
1220 3836 1505 3895 adversus
1531 3835 1829 3899 virtutem.
1850 3837 1965 3900 Sed
1993 3840 2054 3901 in

399 3923 632 3986 somnis
658 3920 839 3983 misso
887 3922 1170 3998 praclaro
1218 3920 1375 3983 inter
1408 3933 1693 4004 martyres
1722 3925 2050 4003 Eustathio,

395 4012 454 4074 ei
482 4010 660 4072 donat
690 4008 949 4089 priorem
981 4007 1245 4069 habitum
1278 4019 1338 4071 et
1372 4010 1824 4075 sanitatemJlle
1853 4022 2051 4076 autem

397 4102 459 4163 in
490 4100 785 4161 honorem
830 4097 982 4177 ejus,
1016 4097 1175 4178 quod
1212 4108 1353 4161 tunc
1381 4099 1603 4162 factum
1628 4101 1822 4166 fuerat
1852 4104 2051 4165 admié

398 4188 675 4251 rabiliter
707 4194 767 4248 et
811 4198 1030 4268 prater
1077 4188 1446 4266 opinionem,
1500 4191 1692 4252 a-zlem
1723 4193 2051 4256 oratoriam

402 4276 691 4340 exstruxit
722 4283 781 4337 et
835 4278 1287 4358 monasterium,
1342 4279 1506 4355 quod
1566 4281 1810 4357 quidem
1867 4291 2054 4346 exstat

399 4383 594 4455 usque
626 4365 687 4427 in
714 4364 1077 4455 hodiernum
1117 4367 1303 4455 diem.
1336 4365 1542 4449 Neque
1575 4369 1733 4432 enim
1787 4372 1861 4433 ad
1895 4372 2050 4435 libe-

2218 4398 2281 4455 ρο
2338 4375 2601 4452 ἱδρυμένος
2663 4375 2824 4431 εστίν.

2138 1787 2363 1862 ἐραστὴς
2423 1784 2689 1860 ξνομίζετό
2746 1805 2803 1839 τε
2873 1784 3012 1861 παρᾶ
3064 1786 3275 1840 πάντων
3320 1787 3414 1842 καί
3452 1788 3811 1860 ὠνομάζετο·

2137 1875 2224 1931 καί
2272 1896 2351 1937 τις
2410 1873 2624 1948 Γουρίαν
2687 1873 2849 1927 εἰπὼν
2903 1874 2990 1927 καὶ
3052 1875 3141 1929 τὸν
3187 1874 3428 1941 ἀσκητὴν
3465 1878 3811 1953 προοετῖθει,

2138 1967 2211 2027 ὡς
2243 1963 2473 2020 ἐντεῦθεν
2524 1961 2728 2036 μᾶλλον
2759 1961 3152 2038 γςνῶσκομένου
3212 1972 3302 2020 τοῦ
3350 1964 3533 2042 ἀνδρὸς
3582 1965 3617 2032 ἦ
3693 1967 3814 2020 ἀπὸ

2137 2064 2229 2113 τοῦ
2295 2054 2473 2124 κυρίου
2545 2053 2803 2126 ὀνόματος
2844 2100 2857 2113 ,
2911 2058 3070 2117 Οὗτος
3128 2055 3259 2132 ὁρῶν
3331 2054 3513 2110 ἑαυτὸν
3597 2056 3813 2126 πολλῷ

2136 2143 2231 2210 τῆς
2302 2142 2531 2210 ἁλτιθοῦς
2612 2141 2805 2219 ἀρετῆς
2877 2149 2966 2197 τοῦ
3041 2139 3363 2203 Ἰωαννικίου
3434 2143 3806 2221 λειπόμενον,

2135 2235 2222 2290 καὶ
2277 2231 2374 2300 τήν
2459 2242 2658 2305 σεμνὴν
2729 2229 2935 2295 εκείνην
2993 2237 3085 2285 τοῦ
3166 2231 3401 2298 sittant-“)6
3456 2237 3658 2298 κλῆσιν
3724 2236 3808 2298 εἷς

2135 2324 2291 2380 ato-ca»
2376 2318 2811 2395 μεταϐαίνουσαν,
2873 2316 3131 2396 διεπρὲετό
3188 2342 3247 2377 τε
3317 2328 3391 2395 τῷ
3449 2324 3624 2401 φοόιλρ
3712 2329 3809 2380 καὶ

2133 2412 2473 2490 ὑπεσμύχετο
2543 2410 2640 2477 τήν
2699 2411 2906 2489 ψυχὴν.
2969 2410 3170 2467 Φθόνον
3229 2408 3282 2468 δέ
3351 2410 3575 2481 ὡδινων,
3623 2422 3807 2493 φόνον

2133 2501 2451 2557 ἀποκυϊσκει
2487 2515 2500 2529 ⁸
2565 2501 2658 2555 καί
2718 2501 2886 2570 ὃπως,
2921 2502 2949 2556 ὁ
3009 2498 3167 2575 λόγος
3223 2499 3626 2566 δηλώσει.¹Καὶ
3697 2506 3808 2580 γὰρ

2133 2611 2352 2646 τοιαυτα
2412 2588 2647 2667 στρέφων
2706 2587 2759 2643 ἐν
2818 2591 2886 2665 τῇ
2940 2593 3119 2668 ψυχῆ,
3154 2594 3249 2645 καὶ
3282 2595 3455 2660 ζητῶν
3512 2594 3588 2656 εἷς
3621 2594 3807 2670 πέρας

2133 2681 2194 2736 τὸ
2254 2677 2624 2754 μελετώμενον
2655 2677 2910 2757 ἀγαγεῖν,
2943 2678 3041 2744 τὴν
3085 2677 3193 2752 ἅμα
3250 2685 3327 2752 τῷ
3395 2678 3528 2756 ἁγίῳ
3590 2680 3810 2747 ἐπι-τη-

2134 2767 2268 2826 δεύει
2324 2767 2616 2845 διαγωγὴν,
2680 2776 2774 2825 τοῦ
2829 2765 3067 2844 μεγάλοῦ
3124 2764 3206 2822 διᾶ
3238 2765 3444 2836 πολλὴν
3500 2768 3809 2836 ἁπλότητι

2133 2861 2232 2923 τῆς
2288 2860 2473 2936 ψυχῆς
2531 2853 2761 2929 ὑπτίαις,
2795 2853 2823 2910 ὅ
2882 2853 2947 2922 δὴ
3006 2852 3244 2934 λέγεται⁹
3276 2869 3396 2921 ταῖς
3450 2859 3665 2935 χερσὶν,
3709 2860 3806 2914 τὶν

2138 2945 2350 3023 ιὀυρίαν
2406 2945 2494 3002 καὶ
2554 2942 2836 3019 δεξαμένου
2894 2946 2981 3001 καὶ
3038 2944 3471 3023 περιθαλποντος.
3532 2946 3803 3010 Ἐκεῖνος

2142 3034 2183 3054 λε
2449 3033 2464 3051 \
2567 3034 2581 3053 9
2679 3035 2690 3049 ι
2893 3035 2906 3052 δ
3093 3034 3105 3050 \
3211 3034 3221 3053 Ι
3325 3038 3340 3055 ν
3427 3034 3456 3055 ρ

2138 3052 2191 3090 οε
2247 3035 2347 3103 τὴν
2405 3055 2503 3110 μεν
2558 3056 2763 3114 «px-qv,
2823 3055 2911 3090 και
2943 3033 3151 3101 πολλην
3187 3035 3265 3090 ὁτι
3297 3033 3570 3095 ευλάοειαν
3609 3060 3795 3104 πρησ-

2138 3137 2398 3199 ποιεῐται,
2459 3125 2547 3180 καὶ
2604 3123 2701 3191 τῆς
2760 3114 2957 3201 ἀρετῆς
3008 3124 3073 3190 ἦν
3128 3126 3415 3201 ὑποκριτής
3463 3122 3802 3201 δοκιμώτα-

2136 3235 2227 3276 τος
2263 3229 2277 3246 ⁸
2339 3213 2434 3270 οὒκ
2492 3210 2669 3277 ἃλλως
2732 3210 2788 3269 δὲ
2842 3212 3047 3293 ἔχωνῆ
3078 3212 3240 3292 λάθρα
3283 3221 3359 3287 τῷ
3387 3216 3558 3289 φθόνῳ
3616 3219 3801 3296 χαρί-

2139 3306 2348 3383 σασθαι,
2408 3302 2463 3358 ἐν
2520 3303 2769 3381 σχῆματι
2826 3302 3165 3380 προπόσεως,
3224 3301 3547 3380 δηλητήριον
3609 3308 3800 3382 ὀρέγει

2138 3399 2213 3465 τῷ
2271 3392 2405 3471 ἁγίῳ
2455 3390 2641 3466 πολλῷ
2694 3393 3004 3470 πικρότερον
3057 3391 3211 3455 trino;
3263 3394 3514 3472 πρότερον
3565 3397 3632 3451 τὸ
3696 3403 3802 3453 τοῦ

2136 3482 2324 3559 φθόνου
2382 3484 2470 3538 καὶ
2525 3487 2624 3557 τῇς
2675 3482 2857 3543 κακίας
2916 3480 3074 3542 πιών.
3137 3483 3208 3540 Τὸ
3267 3482 3362 3556 μὲν
3403 3483 3491 3539 οὗν
3519 3484 3618 3551 τῆς
3656 3485 3797 3541 ἔπι-

2135 3569 2329 3637 ϐουλῆς
2388 3573 2643 3649 ποτήριον
2701 3569 2837 3627 οὕτω
2893 3569 3050 3626 ποθὲν
3125 3568 3358 3635 πολλαῖς
3444 3573 3535 3628 τὸν
3626 3573 3798 3652 ἃγιον

2136 3659 2325 3720 ἔϐαλλε
2359 3664 2483 3725 ταῖς
2534 3659 2761 3739 ὁδύναις,
2813 3659 2954 3725 πλὴν
2988 3658 3107 3716 ἀλλ’
3151 3664 3245 3718 οὒκ
3302 3660 3386 3717 ἐπὶ
3428 3660 3561 3718 πολὺ
3592 3671 3799 3720 τοῦτον

2140 3754 2166 3807 ὁ
2228 3749 2294 3807 δι’
2359 3753 2517 3809 αὐτοῦ
2569 3748 2986 3827 θεραπευόμενος
3018 3750 3209 3827 Κύριος
3255 3764 3372 3813 τοτς
3429 3753 3614 3817 πόνοις
3674 3758 3798 3810 χά-

2138 3862 2292 3915 μνειν
2320 3838 2603 3919 ἠνέσχετο,
2632 3838 2725 3895 ἵνα
2756 3839 2834 3909 μὴ
2876 3838 2965 3895 καὶ
2993 3840 3065 3902 εἰς
3098 3836 3324 3913 ἄμετρον
3356 3838 3462 3918 ἔχη
3506 3844 3799 3920 μοχθηρία

2135 3930 2646 4007 κατακαυχῆσασθαι
2696 3928 2889 4004 ἀρετῆς
2924 3968 2942 3987 .
3006 3926 3155 3984 Ἀλλ’
3215 3927 3339 4005 ὄναρ
3398 3931 3485 3986 τὸν
3532 3930 3799 4010 λαμπρὸν

2137 4018 2190 4073 ἐν
2264 4017 2519 4094 μάρτυσιν
2580 4017 2861 4073 Εὖστάθιον
2919 4017 3230 4093 ἐπιπέμψας
3265 4066 3279 4092 ,
3367 4020 3465 4086 τὴν
3519 4023 3800 4101 προτέραν

2137 4106 2236 4171 ἕξιν
2268 4129 2323 4163 τε
2379 4109 2467 4162 καὶ
2521 4107 2698 4185 ὑγείαν
2730 4105 2872 4180 «an;
2926 4106 3197 4185 χαρίζεται
3237 4154 3251 4170 ,
3313 4102 3370 4165 Ὀ
3403 4106 3455 4163 δὲ
3488 4109 3562 4172 εἷς
3615 4114 3799 4184 τιμὴν

2142 4202 2227 4252 τοῦ
2270 4195 2576 4274 παραδόξως
2633 4197 2753 4251 τότε
2812 4195 3172 4274 γεγενημένου
3216 4186 3502 4275 ἐὗκτήριόν
3530 4219 3587 4253 τε
3645 4203 3798 4275 ὁμοῦ

2135 4287 2223 4342 καὶ
2278 4285 2604 4364 ἀσκητήριον
2667 4282 2910 4357 ἐδεὶματο
2967 4286 3123 4342 ὀῖγον
3157 4332 3173 4359 ,
3232 4284 3376 4350 ὅστις
3432 4286 3494 4357 δή
3559 4290 3647 4344 καὶ
3708 4294 3794 4355 εἰς

2916 4372 3043 4433 0-5δέ
3127 4373 3225 4452 γάρ
3296 4378 3369 4440 εἰς
3455 4376 3794 4456 ἀπαλλαγὴν

395 4441 693 4517 rationem
725 4453 918 4515 solum
952 4473 986 4514 a
1036 4454 1340 4517 doloribus
1388 4441 1499 4519 fuit
1527 4458 1629 4521 ille
1660 4460 1850 4524 dulcis
1882 4481 2045 4524 sour-

2218 4489 2296 4523 νον
2347 4472 2452 4523 τῶν
2524 4463 2718 4521 ὀδυνῶν
2760 4466 2788 4519 ὃ
2819 4485 2872 4519 τε
2918 4463 3108 4541 γλυκὺς
3150 4463 3311 4528 ὕπνος
3362 4468 3564 4529 εκεῖ-θος
3622 4468 3658 4535 ἢ
3724 4492 3791 4525 τε

392 4563 529 4625 nus,
557 4553 615 4604 et
659 4542 830 4603 latus
856 4542 955 4603 ille
976 4542 1268 4607 adventus
1315 4548 1611 4629 martyris,
1670 4550 1776 4612 sed
1809 4551 1879 4612 ad
1918 4571 2048 4614 ma-

389 4635 593 4722 jorum
624 4629 1047 4694 miraculorum
1074 4633 1251 4694 simul
1288 4643 1347 4696 et
1375 4653 1574 4698 rerum
1602 4639 1959 4722 principium
1993 4652 2051 4704 et

394 4720 878 4785 fundamentum.

473 4809 660 4875 XXII.
694 4809 1024 4891 Aliquando
1082 4812 1241 4873 enim
1292 4811 1353 4874 in
1415 4817 1666 4896 quadam
1719 4828 1891 4881 nocte
1948 4821 2051 4884 ille

395 4900 641 4983 quidem
672 4898 908 4961 volebat
934 4900 1277 4990 necessario
1311 4902 1456 4967 dare
1486 4923 1708 4986 corpus
1739 4908 1951 4990 quieti,
1988 4921 2051 4974 nt

392 5007 459 5052 se
492 4997 819 5070 recrearet,
876 4989 1349 5073 promptiorique
1408 5000 1466 5054 et
1509 4995 1782 5059 alacriori
1845 4989 2046 5062 animo

396 5091 606 5167 rursus
668 5076 905 5167 labores
962 5079 1409 5159 aggrederetur.
1442 5080 1511 5145 In
1554 5086 1810 5167 quodam
1843 5098 2042 5152 autem

395 5165 551 5241 loco,
586 5172 686 5247 qui
718 5166 839 5228 illic
874 5168 1153 5247 vergebat
1176 5169 1251 5232 ad
1284 5165 1615 5250 Orientem,
1652 5194 1772 5239 non
1806 5178 1864 5240 in
1887 5198 2046 5242 som-

394 5253 516 5333 nis,
562 5254 668 5347 sed
700 5272 910 5316 revera
961 5257 1121 5347 videt
1169 5277 1383 5336 aquam
1436 5264 1627 5327 emitti
1660 5268 1958 5347 copiosam
1984 5279 2042 5333 et

394 5344 794 5423 perSpicuam,
827 5351 889 5404 et
929 5346 1144 5408 multas
1188 5365 1370 5408 cacas
1403 5354 1667 5429 pecudes
1719 5344 1842 5419 illic
1885 5367 2043 5421 stare

392 5439 455 5493 et
474 5448 555 5522 ex
578 5450 650 5493 ea
682 5430 1019 5522 bibere.iEt
1049 5436 1152 5496 ille
1182 5434 1425 5512 quidem
1468 5440 1830 5505 desideravit
1860 5447 2037 5522 scire,

2135 4554 2328 4636 φαιδρὰ
2412 4554 2587 4622 ἐκείνη
2664 4561 2755 4611 τοῦ
2842 4553 3098 4632 μάρτυρος
3184 4552 3403 4631 γέγονεν
3468 4556 3784 4632 ἐπιστασία,

2133 4645 2253 4703 ἀλλ’
2282 4647 2355 4708 εἰς
2388 4645 2645 4719 μειζόνων
2702 4643 2983 4718 θαυμάτων
3041 4663 3097 4698 τε
3127 4644 3258 4717 ὁμοῦ
3306 4645 3391 4699 καὶ
3441 4648 3787 4722 πραγμάτων

2133 4735 2310 4816 ἀρχὴν
2338 4736 2426 4816 καὶ
2458 4732 2720 4808 θεμέλιον,

2217 4814 2321 4884 ΚΒ,
2382 4814 2437 4881 ιε
2591 4829 2615 4839 ..
2717 4822 2729 4837 ε
2904 4822 2916 4839 ι
2986 4819 3077 4877 νλλ
3147 4820 3169 4877 ἑ
3458 4822 3486 4834 ~
3675 4832 3739 4856 _-

2329 4867 2345 4885 ο
2417 4845 2468 4877 σν
2523 4845 2619 4899 μιᾳ
2674 4844 2775 4900 γαρ
2834 4844 2921 4877 και
2980 4842 3011 4875 α
3084 4843 3142 4878 Οτ
3228 4843 3359 4879 ποτε
3418 4845 3521 4878 των
3582 4846 3787 4882 θυκ-ιυν

2134 4917 2161 4970 ὁ
2218 4913 2315 4989 μὲν
2387 4913 2686 4991 ἀναγκαίως
2735 4912 2795 4967 τὸ
2851 4917 3008 4986 σῶμα
3058 4908 3435 4968 διαναπαύσειν
3492 4911 3780 4986 ἠϐούλετο,

2132 5005 2204 5067 ὠς
2236 5002 2299 5062 ἄν
2329 5003 2511 5059 ἑαυτὸν
2573 5002 2962 5079 tivam-dannt,
3010 5000 3095 5057 καὶ
3151 5002 3407 5079 προθυμίᾳ
3478 5002 3787 5082 νεαρωτέρᾳ

2130 5098 2235 5151 τῶν
2292 5090 2467 5148 πόνων
2516 5088 2676 5147 πάλιν
2733 5086 3027 5167 ἆπέρξηται
3060 5105 3073 5120 ·
3135 5088 3189 5144 ἓν
3249 5109 3351 5144 τινι
3400 5088 3455 5146 δὲ
3504 5098 3612 5147 τῶν
3643 5097 3784 5169 πρὸς

2129 5180 2420 5245 Ἀνατολέις
2477 5181 2652 5237 lateres
2707 5181 2885 5236 τόπων
2944 5181 3038 5236 οὒκ
3090 5177 3238 5253 ὄναρ,
3308 5178 3427 5233 ἇλΑ⁷
3485 5180 3621 5255 ὕπαρ
3681 5182 3784 5257 ὁρᾷ

2126 5270 2262 5349 ὕδωρ
2321 5269 2696 5345 ἀναδιδόμενον
2781 5267 3002 5349 ἄφθονόι
3050 5288 3107 5323 τε
3165 5265 3260 5322 καὶ
3313 5265 3495 5333 διειδες
3530 5316 3547 5343 ,
3604 5269 3781 5348 θρέμ-

2127 5361 2269 5434 ματά
2324 5383 2381 5416 τε
2444 5358 2613 5440 τυφλὰ
2655 5359 2791 5417 κατὰ
2846 5355 3049 5424 πλῆθος
3107 5355 3361 5429 ἱστάμενα
3416 5359 3500 5414 καὶ
3556 5358 3780 5417 πίνοντα

2123 5449 2306 5504 τούτου
2343 5496 2356 5511 .
2393 5450 2490 5506 Καὶ
2578 5448 2606 5505 ὀ
2666 5446 2764 5521 μὲν
2849 5445 3076 5517 ἐζήτησε
3150 5447 3390 5521 μαθεῖν,
3448 5447 3500 5503 τί
3554 5448 3620 5503 tit
3680 5457 3778 5506 τοῦ

389 5518 671 5604 quidnam
698 5518 814 5582 sibi
838 5521 1016 5586 vellet
1046 5524 1216 5587 visio.
1242 5524 1372 5588 Huc
1404 5545 1543 5591 vero
1573 5530 1768 5593 solum
1796 5518 2043 5597 rescivit

2218 5538 2388 5614 ’ματος
2432 5538 2574 5615 αὒτῷ
2614 5537 2892 5616 βοὺλοντπι
2921 5552 2934 5568 ⁸
3001 5540 3179 5605 τοῦτο,
3205 5531 3259 5590 δὲ
3299 5535 3461 5611 μόνον
3504 5536 3644 5615 παρὰ
3677 5539 3771 5596 τὸν
