3932 6128
382 293 457 360 59

381 522 651 586 eamdem
679 521 852 583 vitam
881 539 1056 597 quam
1090 519 1307 582 beatus
1339 517 1674 586 exercebat.
1711 537 1922 599 magno
1955 519 2017 581 in

381 631 516 675 eum
549 621 676 675 erat
707 611 834 674 zelo
864 611 1132 689 affectus,
1164 617 1222 672 et
1249 607 1608 670 incitabatur
1636 607 1709 670 ad
1735 609 1868 688 ejus
1891 609 2019 670 imi-

382 703 687 777 tationem,
721 707 780 763 et
801 700 1039 762 maximi
1086 699 1339 761 faciebat
1360 698 1560 760 videre
1593 717 1686 770 ea,
1721 716 1856 778 quae
1903 698 2014 760 ﬁe-

379 791 521 854 bant
550 811 582 854 a
611 801 838 854 sancto.
863 789 1012 851 Eum
1054 806 1198 869 ergo
1242 787 1562 868 aliquando
1611 796 1848 850 secutus
1880 806 2015 850 cum

379 889 557 962 esset,
593 899 801 962 preces
830 888 1143 942 consuetas
1174 876 1423 940 Domino
1481 875 1848 950 redditurus,
1879 895 2014 940 cum

379 990 468 1046 se,
505 978 568 1032 ut
597 975 803 1050 potuit,
837 966 1270 1042 abscondisset,
1305 985 1381 1027 ne
1439 964 1513 1029 ab
1544 965 1646 1028 illo
1686 966 2012 1042 videretur,

382 1068 442 1124 et
497 1061 580 1122 ibi
640 1059 1061 1142 permansisset
1122 1065 1240 1118 toto
1286 1063 1556 1136 tempore
1615 1055 2011 1137 precationis,

379 1150 602 1230 stupuit
625 1149 888 1232 quidem,
925 1147 1082 1228 quod
1125 1147 1273 1208 adeo
1304 1147 1586 1209 ardenter
1615 1155 1673 1207 et
1701 1148 2019 1210 vehemen-

382 1249 475 1302 ter
506 1248 657 1302 esset
689 1239 952 1300 intentus
981 1237 1234 1299 orationi
1270 1256 1284 1300 :
1317 1235 1543 1317 stupuit
1596 1245 1792 1298 autem
1837 1237 2014 1300 etiam

378 1328 535 1410 quod
582 1348 680 1391 res
738 1327 937 1389 divina
976 1327 1037 1388 in
1099 1345 1232 1388 eum
1283 1325 1722 1402 ostenderetur,
1771 1327 2016 1407 etquod

379 1438 500 1480 non
545 1419 737 1481 solum
795 1417 1031 1496 spiritu,
1086 1414 1193 1477 sed
1247 1415 1424 1477 etiam
1456 1434 1706 1496 corpore
1746 1415 2018 1479 sublimis

378 1509 452 1570 ab
475 1528 547 1571 eo
565 1515 1002 1584 cerneretur,et
1023 1523 1337 1584 assurgens
1355 1524 1388 1566 a
1412 1505 2011 1570 rebusterrestribus.

378 1597 505 1660 Hoc
556 1616 700 1680 ergo
759 1616 890 1660 cum
923 1595 1293 1675 cognovisset
1343 1593 1467 1673 ille,
1503 1595 1733 1669 beatus,
1791 1604 2014 1657 tantum

378 1687 570 1751 abfuit
593 1697 653 1748 ut
677 1707 808 1748 cum
846 1696 1156 1766 propterea
1188 1684 1533 1766 laudaverit,
1567 1693 1627 1745 ut
1671 1703 1804 1747 eum
1838 1685 2013 1746 etiam

1679 296 1843 361 ΜΕΝ
1850 293 1960 358 SlS
2003 293 2160 361 NOV
2165 295 2448 358 EMBER.

459 428 674 497 XXIV.
735 428 983 503 Quidam
1029 428 1188 492 enim
1234 428 1564 492 Eustratius
1614 428 1876 504 nomine,
1915 428 2080 509 quiA

3667 293 3746 362 60

2185 425 2321 494 KA’,
2355 428 2698 508 Εὒστράτιος,
2765 429 2864 509 γὰρ
2923 451 3003 494 τις
3036 427 3228 507 ὄνομα,
3279 429 3414 512 ἆνηρ
3470 433 3558 491 τὸν
3587 433 3744 490 αὐτὸν

2097 518 2348 583 κᾶκετνος
2401 520 2598 595 μετιὼν
2657 519 2769 597 βίον
2826 524 2906 593 τῷ
2980 521 3269 600 μακαρίτῇ,
3309 521 3498 594 ἐζήλου
3550 544 3605 579 τε
3675 523 3741 579 τὰ

2098 610 2277 683 αύτοῦ,
2351 609 2590 689 καὶπρὸς
2661 611 2887 685 μίμησιν
2947 607 3277 690 διανίστατο,
3336 612 3418 669 καὶ
3449 610 3580 692 ὅπερ
3612 612 3745 671 αὐτὰ

2098 699 2163 754 τὰ
2220 699 2360 777 παρὰ
2406 705 2494 754 τοῦ
2550 698 2701 774 ἁγίου
2756 697 3046 775 τελούμενα
3105 703 3271 774 θεῷτο
3333 701 3458 780 περί
3539 703 3741 766 παντὸς

2098 786 2358 846 ἐποιεῖτο.
2415 785 2808 858 Ἀκολουθήσας
2859 795 2948 845 οὖν
3015 811 3144 846 ποτε
3189 794 3355 864 αὖτῳ,
3413 791 3506 857 τὰς
3569 793 3742 860 συνή-

2096 880 2200 941 θεις
2257 875 2541 934 ἀποδοῦναι
2600 875 2851 953 μέλλοντι
2910 885 2987 954 τῷ
3066 878 3244 956 Κυρίῳ
3301 879 3491 961 εὒχὰς,
3553 881 3745 938 ἑαυτὸν

2094 989 2153 1025 τε
2203 968 2277 1032 ὡς
2348 966 2472 1034 ἐνῆν
2529 967 2858 1043 ὑποκρύψας,
2905 967 3036 1046 ὅπερ
3065 968 3142 1042 μὴ
3170 965 3259 1026 ὑπ’
3307 969 3507 1026 ἐκείνου
3540 972 3741 1049 ὁρῷτο,

2094 1055 2192 1112 καὶ
2221 1052 2348 1134 παρ’
2390 1054 2522 1124 ὃλην
2567 1055 2711 1130 αύτῷ
2759 1059 3226 1135 προσκαρτερήσας
3279 1059 3378 1128 τὴν
3435 1061 3749 1140 προσευχὴν

2100 1145 2412 1224 κατεπλάγη
2472 1146 2567 1221 μὲν
2619 1159 2704 1212 οῖς
2759 1147 2910 1211 οὗτος
2963 1147 3154 1228 ἐποίει,
3212 1151 3418 1228 θερμῶς
3465 1149 3600 1229 ἄγαν
3660 1151 3748 1207 καὶ

2098 1245 2366 1314 περικαῶς
2425 1235 2802 1314 προσκείμενος
2855 1242 2924 1313 τῇ
3009 1234 3235 1307 δεήσει·
3289 1239 3605 1316 κατέπλαγη
3693 1236 3748 1294 δὲ

2099 1325 2185 1381 καὶ
2229 1337 2314 1387 οῖς
2364 1326 2426 1381 τὸ
2481 1327 2628 1382 θετον
2686 1323 3021 1382 ἐπεδείκνυτο
3080 1327 3153 1387 εἰς
3214 1327 3394 1403 αὐτὸν,
3460 1327 3555 1384 καὶ
3597 1325 3748 1392 ὅπως

2100 1415 2158 1470 οὑ
2241 1415 2498 1488 πνεύματι
2577 1414 2738 1489 μόνον
2771 1459 2789 1490 ,
2847 1413 2984 1472 ἀλλὰ
3058 1417 3146 1472 καὶ
3199 1415 3411 1491 σώματι
3473 1438 3748 1494 μετεωρος

2099 1505 2240 1577 αὗτῷ
2297 1503 2504 1575 ἐθεάθη,
2567 1504 2654 1558 καὶ
2695 1509 2802 1558 τῶν
2843 1505 3051 1583 γηίνων
3105 1504 3552 1579 ἆπανιστᾶμενος.
3579 1514 3747 1564 Τοῦτο

2098 1592 2266 1648 τοίνυν
2316 1594 2342 1648 6
2374 1593 2632 1670 μακάριος
2665 1593 2845 1672 γνοὺς,
2906 1593 3157 1651 τοσοῦτον
3208 1592 3392 1661 ἐδέησε
3451 1597 3540 1650 τὸν
3586 1593 3748 1673 ἄνδρα

2098 1688 2189 1739 τοῦ
2237 1681 2547 1759 πράγματος
2592 1683 2865 1739 ἐπαινέσαι
2898 1731 2913 1762 ,
2987 1681 3096 1755 ὅσῳ
3170 1685 3258 1740 καὶ
3341 1685 3617 1762 περίεργόν
3692 1707 3749 1741 τι

378 1777 681 1840 curiosum
705 1775 923 1857 aliquid
955 1774 1168 1837 fecisse
1197 1773 1271 1834 sit
1301 1773 1656 1852 suspicatus,
1682 1783 1737 1835 et
1766 1776 2010 1852 graviter

2153 1771 2279 1826 :tsTv
2336 1768 2589 1845 ὑπέλαϐε,
2652 1772 2740 1828 καὶ
2797 1771 3000 1850 βαρέως
3060 1776 3203 1847 αὖτῷ
3263 1773 3609 1853 ἐπετίμησεν,
3676 1776 3748 1831 Οὗ

381 1867 807 1949 increpaverit,
869 1865 1122 1928 dicens:
1176 1863 1336 1926 «Non
1389 1862 1682 1925 habitabit
1733 1864 1902 1942 juxta
1960 1873 2010 1926 te

2153 1860 2413 1936 κροικήσει
2482 1882 2565 1916 σοι
2625 1862 3072 1940 πονηρευόμενος,
3133 1862 3318 1922 εἰπών.
3375 1862 3522 1920 Οὕτω
3566 1885 3743 1920 κατα-

377 1958 670 2037 malignus
690 1959 738 2017 4.
758 1982 778 2013 ι
813 1958 897 2018 lta
921 1954 1196 2016 studebat
1216 1972 1484 2015 seorsum
1511 1954 1786 2015 invocare
1809 1955 2010 2016 Domi-

2153 1951 2265 2014 ivac
2316 1949 2629 2023 ἐσπούδαζεν
2688 1951 3056 2009 ἐπικαλεῖσθαι
3126 1954 3217 2008 τὸν
3253 1954 3462 2032 Κύριον.
3499 1953 3627 2011 Τίνα
3691 1953 3745 2009 δὲ

374 2067 540 2110 num.
577 2051 858 2120 Quasnam
902 2053 1101 2108 autem
1151 2044 1370 2106 fuerint
1412 2043 1701 2126 deinceps
1731 2047 2010 2126 praeclare

2153 2040 2184 2095 ιὶ
2214 2040 2279 2096 τὰ
2311 2039 2540 2095 ἐντεῦθεν
2598 2047 2692 2097 τοῦ
2718 2039 2901 2120 ἀνδρὸς
2946 2045 3352 2124 κατορθωματα,
3386 2043 3474 2101 καὶ
3504 2041 3598 2100 ἒπί
3629 2043 3744 2100 τίνα

373 2140 445 2200 ab
476 2157 548 2200 eo
581 2145 766 2217 gesta,
795 2135 866 2197 ad
915 2154 982 2196 ea
1010 2138 1130 2213 jam
1165 2134 1369 2195 transit
1401 2135 1606 2198 oratio.

452 2226 628 2291 XXV.
687 2226 901 2290 Mulier
964 2224 1231 2305 quaedam
1288 2241 1420 2284 cum
1480 2241 1608 2284 eam
1691 2226 1750 2285 in
1801 2225 2007 2287 urbem

371 2319 540 2380 multi
573 2314 1104 2380 circumdedissent
1134 2321 1194 2374 et
1225 2312 1577 2374 invasissent
1603 2311 1926 2390 daemones,
1952 2324 2010 2377 et

370 2428 501 2471 eam
533 2410 604 2471 ad
642 2408 835 2487 turpia
878 2405 1180 2466 irritarent
1231 2403 1548 2477 desideria,
1585 2424 1717 2465 cum
1756 2407 2009 2467 nesciret

369 2517 626 2577 quanam
678 2498 906 2559 ratione
963 2495 1167 2557 vitaret
1209 2493 1566 2575 periculum,
1617 2494 1881 2570 confugit
1933 2497 2004 2557 ad

366 2587 762 2660 Joannicium,
796 2585 898 2663 qui
925 2592 1051 2646 erat
1081 2592 1388 2662 promptus
1409 2601 1475 2643 ac
1513 2591 1750 2663 paratus
1780 2585 1848 2644 ad
1876 2604 2004 2645 eum

367 2677 828 2749 defendendam,
861 2682 918 2734 et
974 2673 1027 2734 ei
1061 2673 1328 2732 enuntiat
1368 2671 1700 2733 daemonum
1735 2673 2005 2754 insidias,

368 2776 428 2828 et
465 2785 535 2828 eo
564 2771 746 2827 utitur
773 2763 1046 2840 adjutore
1091 2769 1295 2822 contra
1328 2761 1721 2823 adversarios.
1754 2760 1862 2825 Ille
1894 2783 2004 2826 au-

370 2865 488 2918 tem
525 2862 794 2936 precatus
826 2862 915 2915 est
941 2852 1257 2916 Dominum
1295 2870 1366 2912 ne
1399 2849 1609 2913 mulier
1639 2852 1890 2934 amplius
1914 2873 2006 2915 ve-

367 2955 659 3007 xaretura
687 2941 1057 3005 daemonibus
1089 2963 1101 3004 :
1137 2939 1358 3002 bellum
1393 2959 1529 3001 vero
1559 2940 1617 3000 in
1654 2960 1717 3002 se
1747 2960 2004 3006 conver-

369 3042 611 3107 teretur,
641 3043 696 3095 et
728 3033 829 3094 illa
855 3030 1208 3093 liberaretur
1231 3029 1303 3091 ab
1319 3031 1502 3090 animi
1533 3031 1999 3109 perturbatione.

366 3121 713 3189 Confidebat
742 3122 899 3184 enim
933 3138 998 3183 se
1053 3138 1224 3200 posse
1257 3137 1464 3180 eorum
1487 3119 1782 3181 sustinere
1815 3121 2003 3202 impe-

370 3224 518 3288 tum,
553 3232 686 3276 cum
719 3211 962 3273 haberet
993 3228 1202 3270 manus
1230 3209 1434 3271 doctas
1465 3209 1535 3269 ad
1570 3209 1814 3286 bellum,
1844 3220 1900 3274 et
1928 3211 1999 3273 ad

365 3321 571 3366 arcum
605 3321 834 3364 aeneum
866 3299 1191 3380 composita
1220 3297 1484 3360 brachia.
1519 3297 1622 3359 Ille
1643 3318 1782 3378 ergo
1806 3301 2000 3362 statim

366 3392 610 3472 quidem
643 3389 920 3472 precibus
943 3397 1219 3469 tanquam
1255 3387 1390 3450 telis
1413 3386 1715 3450 daemones
1737 3391 1999 3461 confixit,

368 3501 502 3544 cum
527 3501 637 3544 nec
668 3481 924 3560 primum
956 3478 1195 3559 quidem
1230 3476 1656 3557 ejusimpetum
1684 3479 2001 3542 sustinuis-

367 3582 523 3636 sent.
562 3571 774 3635 Mulier
800 3578 995 3632 autem
1029 3566 1138 3629 fuit
1168 3565 1417 3627 liberata
1455 3565 1530 3627 ab
1560 3566 1742 3628 animi
1776 3577 2004 3648 pertur-

366 3660 629 3742 batione,
667 3669 724 3722 et
753 3661 993 3723 domum
1025 3675 1288 3736 reversa,
1325 3658 1450 3719 Deo
1484 3657 1917 3732 universorum,
1946 3668 2006 3722 et

361 3751 493 3833 ejus
523 3770 690 3816 servo
721 3748 1028 3815 Joannicio
1051 3795 1068 3824 ,
1099 3753 1410 3834 acceptam
1462 3746 1796 3810 ascribebat
1823 3749 2000 3822 salu-

361 3849 506 3906 tem.

441 3929 644 3992 XXVI.
679 3929 831 4002 Quid
863 3946 1027 4006 ergo,
1061 3926 1162 4007 qui
1215 3924 1416 3987 omnia
1464 3924 1710 4007 audent,
1744 3925 1999 4008 improbi

365 4029 424 4082 et
451 4019 725 4081 malitiosi
758 4018 1087 4079 daemones?
1102 4014 1229 4076 Non
1249 4013 1391 4075 satis
1406 4012 1702 4076 duxerunt
1723 4034 1788 4076 se
1818 4016 2001 4078 fuisse

360 4108 548 4172 semel
607 4107 848 4169 allectos
898 4104 1242 4184 ignominia,
1281 4121 1392 4163 nec
1436 4102 1523 4164 eis
1549 4103 1782 4164 suffecit
1810 4104 1997 4166 semel

361 4199 548 4261 fuisse
595 4196 826 4276 victos;
860 4195 962 4257 sed
1021 4193 1220 4255 missis
1278 4191 1535 4266 insidiis,
1574 4211 1706 4271 qum
1761 4201 1998 4256 structae

360 4290 596 4354 fuerant
615 4285 674 4348 in
691 4285 995 4358 feminam,
1017 4291 1284 4345 sanctum
1308 4281 1753 4359 aggrediuntur,
1789 4291 1848 4345 et
1869 4301 1999 4364 quze

359 4379 642 4442 adversus
682 4377 840 4438 illam
873 4374 1258 4453 fabricantur,
1297 4391 1366 4434 ea
1404 4389 1512 4452 per
1537 4378 1738 4453 turpes
1770 4374 1996 4452 cogita-

362 4471 557 4532 tiones
595 4467 648 4529 ei
681 4475 892 4528 contra
921 4463 1142 4526 inferre
1171 4464 1562 4526 conabantur.
1588 4462 1814 4535 Quibus
1860 4482 1994 4524 cum

360 4558 412 4620 is
433 4557 505 4618 ab
554 4556 721 4618 initio
752 4551 1069 4627 dominari,
1102 4571 1220 4614 non
1285 4552 1534 4634 servire,
1569 4552 1900 4625 didicisset,
1932 4561 1994 4615 ut

2157 4565 2205 4625 ἑᾳ
2269 4554 2638 4634 πεφραγμένος
2725 4553 3112 4634 ἀγωνισμάτων
3203 4556 3458 4614 νεανικῶν
3494 4604 3510 4635 ,

358 4646 458 4729 qui
492 4654 650 4710 esset
680 4643 943 4723 undique
996 4641 1257 4702 munitus
1305 4652 1600 4704 armatura
1642 4641 1992 4721 juvenilium

357 4740 887 4815 certaminum,eos
907 4749 1113 4793 rursus
1145 4730 1345 4805 vincit,
1381 4741 1441 4794 et
1466 4750 1671 4793 eorum
1693 4731 1995 4793 machinas

357 4827 430 4888 ad
465 4824 722 4888 nihilum
756 4819 990 4899 redigit.
1025 4817 1154 4881 Non
1200 4820 1295 4882 hic
1324 4829 1522 4881 autem
1552 4819 1767 4893 solum,
1803 4839 1995 4901 neque

355 4924 598 4998 propter
629 4931 727 4986 ea,
761 4929 895 4988 quae
926 4910 1089 4990 prius
1137 4908 1414 4990 diximus,
1457 4908 1723 4971 decertat
1778 4909 1992 4971 adver-

352 5023 456 5067 sus
481 5004 802 5082 malignum
828 4998 1500 5080 genusdaemonum;sed
1517 5002 1692 5061 etiam
1720 5018 1990 5080 puerum,

352 5093 454 5173 qui
493 5091 815 5174 aliquando
865 5087 938 5150 ab
971 5086 1424 5168 iisintempesta
1456 5099 1628 5151 nocte
1662 5109 1721 5151 tn
1769 5091 1991 5152 monti-

350 5180 464 5243 bus
519 5177 852 5242 nemorosis
903 5187 962 5237 et
992 5176 1166 5238 inviis
1196 5176 1625 5252 deducebatur,
1662 5187 1719 5240 et
1742 5179 1984 5259 jamjam

2097 2130 2162 2186 ἰὰ
2205 2136 2297 2186 τοῦ
2326 2127 2485 2208 λόγου
2518 2132 2733 2209 ἓρχεται
2781 2129 3100 2206 μεταϐῆναι.

2116 2266 2131 2278 .
2176 2217 2312 2279 ΚΕ’.
2377 2219 2600 2274 Γύναιύν
2654 2242 2705 2276 τι
2763 2219 2941 2292 κῦκλῳ
2997 2218 3414 2294 συνεπιθεμένων
3470 2219 3744 2296 δαιμόνων

2093 2305 2328 2386 πολλῶν,
2389 2307 2485 2364 καὶ
2571 2309 2702 2384 πρὸς
2795 2309 3022 2373 ἀτόπους
3102 2309 3458 2382 ἐκμαινόντὼν
3541 2311 3737 2386 ὁρμὰς,

2091 2396 2207 2452 ἐπεὶ
2248 2398 2342 2452 οὒκ
2382 2396 2542 2475 εἶχεν
2599 2396 2746 2460 ὅπως
2803 2398 2891 2454 τὸν
2976 2394 3209 2454 κίνδυνον
3282 2395 3542 2476 διαδράσει
3583 2443 3599 2467 ,
3658 2399 3743 2455 ἐπὶ

2090 2495 2178 2550 τὸν
2237 2492 2448 2568 ἕτοιμον
2503 2496 2719 2570 ἀμύνειν
2781 2494 3102 2553 Ἰωαννίκιον
3160 2497 3502 2574 καταφεύγει,
3565 2497 3742 2570 τούτῳ

2091 2605 2145 2640 τε
2193 2585 2258 2640 τὰ
2315 2591 2412 2651 τῆς
2483 2592 2589 2641 τῶν
2646 2583 2912 2659 δαιμόνων
2957 2583 3245 2652 ἐπιϐουλῆς
3295 2585 3594 2662 ἐξαγγέλει,
3646 2589 3738 2644 καὶ

2091 2672 2234 2746 αὔτῷ
2289 2674 2468 2751 βοηθῷ
2523 2678 2722 2754 χρῆται
2777 2675 2912 2731 κατᾶ
2963 2681 3070 2731 τῶν
3136 2673 3406 2737 ἐναντίων,
3443 2675 3502 2734 Ὀ
3551 2675 3610 2733 δὲ
3663 2681 3741 2749 τῷ

2093 2763 2263 2836 Κυρίῳ
2341 2764 2713 2843 προσηύξατο,
2781 2764 2976 2840 μηκέτι
3042 2765 3140 2839 μὲν
3199 2765 3293 2832 τὴν
3350 2777 3579 2842 γυναῖκα
3638 2767 3741 2823 ὑπὸ

2087 2852 2352 2930 δαιμόνων
2409 2855 2770 2936 ἐνοχληθῆναι
2800 2902 2817 2932 ,
2885 2856 2974 2913 ἐπ’
3032 2857 3188 2913 αὐτὸν
3239 2855 3302 2935 δὲ
3352 2858 3443 2913 τὸν
3494 2858 3739 2934 πόλεμον

2089 2958 2411 3016 μεταπεσεῖν
2444 2991 2461 3019 ,
2563 2944 2810 3012 κάκείνην
2866 2955 2960 3004 τοῦ
3012 2946 3206 3010 πάθους
3305 2945 3684 3025 ἀπαλλαγῆναι
3720 2992 3733 3005 .

2085 3031 2322 3112 Ἐθαῤῥει
2381 3034 2479 3113 γὰρ
2526 3034 2626 3102 τῆν
2674 3034 2846 3093 αὐτῶν
2902 3032 3207 3112 προσϐολὴν
3239 3035 3545 3115 ἀνέχεσθαι,
3579 3034 3738 3093 διδα-

2087 3123 2233 3200 χθεὶς
2281 3123 2383 3179 ὑπὸ
2433 3123 2588 3202 eeo-5,
2621 3124 2714 3184 τᾶς
2760 3135 2954 3203 χεῖρας
2991 3125 3061 3186 εἷς
3093 3123 3327 3199 πόλεμον
3359 3126 3445 3180 καὶ
3477 3126 3550 3189 εἷς
3580 3126 3734 3192 τοξον

2084 3209 2325 3289 χαλκοῦν
2379 3213 2754 3288 συδαρμοσθεὶς
2813 3213 2930 3276 τοὺς
2983 3213 3300 3292 βραχίονας.
3360 3216 3518 3278 Εὐθὺς
3570 3217 3666 3273 οὗν
3710 3219 3736 3273 6

2087 3298 2183 3373 μὲν
2216 3303 2310 3358 οἶα
2340 3300 2518 3378 βέλεσι
2563 3315 2685 3366 ταῖς
2719 3316 3051 3382 προσευχαῖς
3083 3305 3204 3368 τοὺς
3234 3301 3482 3376 δαίμονας
3513 3305 3739 3362 κατετό-

2086 3386 2254 3464 ξευσε,
2290 3390 2424 3466 μηδὲ
2459 3393 2557 3458 τὴν
2589 3392 2805 3469 πρώτην
2839 3390 3142 3463 προσϐύλῆν
3172 3391 3504 3468 ἐνεγκόνταςο
3538 3395 3572 3462 ἡ
3597 3395 3736 3474 γύνῆ

2086 3475 2140 3533 δὲ
2194 3487 2282 3536 τοῦ
2331 3481 2526 3546 πάθους
2586 3480 2798 3560 ἀφείθη,
2849 3484 2935 3536 καὶ
2993 3479 3365 3558 ἀναστρέψασα
3422 3481 3588 3558 οἴκοι,
3657 3507 3734 3556 τῳ

2087 3565 2174 3624 ἐπὶ
2234 3569 2446 3626 πάντων
2477 3577 2614 3648 Θεῳ,
2653 3570 2739 3624 καὶ
2793 3574 2870 3640 τῷ
2899 3568 3056 3626 αὖτοῦ
3112 3571 3390 3650 θεράποντι
3423 3569 3736 3648 Ἰωαδνικίῳ

2088 3658 2151 3714 τὰ
2177 3657 2271 3726 τῆς
2304 3659 2567 3740 σωτηρίας
2594 3659 2882 3738 ἐπέγραφε,

2160 3925 2316 4001 Κς-’.
2352 3928 2412 3986 Τί
2467 3951 2552 3987 ουν
2613 3931 2661 3985 οἱ
2717 3929 2783 3986 τὰ
2819 3927 2990 3986 πάντα
3043 3927 3346 4004 τολμῶντες
3399 3931 3724 4011 κακοτεχνοι

2079 4017 2376 4092 δαίμονες;
2430 4021 2538 4076 Οὔκ
2582 4019 2876 4097 ἠγάπησαν
2929 4019 3070 4086 ἅπαξ
3124 4023 3491 4103 αἰσχυνθέντες
3525 4067 3541 4095 ,
3605 4013 3728 4080 ούδι

2079 4106 2165 4162 ἐπὶ
2201 4112 2298 4174 τῆς
2357 4107 2577 4186 πρώτης
2633 4107 2844 4184 ἔμειναν
2896 4111 3064 4179 ἣττης
3103 4127 3116 4141 ’
3176 4109 3298 4168 ἀλλ’
3331 4113 3579 4192 ἆφέμενοι
3627 4111 3729 4181 τῆς

2077 4196 2214 4253 κατὰ
2247 4205 2335 4256 τοῦ
2389 4199 2602 4275 γυναίου
2662 4197 2973 4274 ἐπιϐουλῆς,
3029 4199 3417 4279 προσκάλλουσι
3454 4209 3530 4274 τῷ
3558 4201 3726 4280 ἁγίῳ,

2077 4284 2229 4341 καὶᾶ
2258 4282 2376 4342 κατ’
2434 4285 2642 4355 ἐκείνης
2710 4287 3037 4368 ἐτέκταινον,
3096 4297 3261 4346 ταῦτα
3315 4289 3399 4347 διὰ
3447 4289 3725 4370 λογισμῶν

2079 4373 2292 4430 ἀτόπων
2348 4375 2742 4455 ἆντεπαγαγεϊν
2801 4381 2941 4450 αὐτῳ
3011 4377 3322 4457 ἐπειρῶντοο
3355 4386 3431 4436 ῶν
3461 4379 3512 4446 ἐξ
3543 4379 3723 4461 ἀρχῆς

2080 4463 2331 4541 κυριεὺειν
2389 4463 2562 4543 οὗτος,
2597 4466 2655 4522 ού
2697 4463 2955 4522 δουλεύειν
3000 4467 3355 4548 μεμαθηκὼς,
3401 4468 3499 4524 οἶα
3550 4491 3723 4526 πανοο

3591 4559 3725 4616 ἆνά-

2077 4643 2269 4720 κράτος
2299 4665 2357 4700 τε
2388 4645 2603 4708 τούτους
2651 4645 2739 4701 καὶ
2799 4647 2941 4711 αὖθις
2989 4645 3144 4725 ἧττα,
3192 4648 3280 4704 καὶ
3331 4649 3406 4712 εἷς
3437 4650 3494 4705 τὸ
3553 4646 3722 4723 μηδὲν

2079 4734 2260 4796 αὒτοϊς
2317 4735 2414 4798 τὰς
2463 4735 2753 4814 αμηχανὰς
2811 4735 3164 4814 περιίστησιν,
3227 4736 3335 4794 Οὔκ
3389 4737 3608 4795 ἐνταῦθα
3667 4736 3723 4796 δὲ

2078 4821 2266 4897 μόνον,
2299 4820 2414 4881 οὒδὲ
2442 4821 2526 4904 ἔφ’
2572 4824 2660 4886 οἷς
2715 4825 3000 4902 εἰρήκαμεν
3045 4823 3342 4906 πρότερον,
3401 4828 3463 4884 τὸ
3488 4830 3723 4906 πονηρὸν

2077 4917 2183 4967 τῶν
2237 4909 2502 4986 δαιμόνων
2557 4912 2721 4994 φύλον
2764 4913 3152 4988 καταπαλαίεῖ,
3211 4913 3349 4973 ἀλλὰ
3407 4917 3494 4973 καὶ
3549 4915 3724 4974 παῖδᾶ

2081 5022 2205 5058 ποτε
2234 5003 2334 5058 ὑπὸ
2362 5003 2561 5059 τούτων
2602 5001 3071 5080 παροδηγούμενόν
3101 5025 3158 5060 τε
3201 5006 3290 5062 καὶ
3322 5004 3717 5085 παρελκόμενον

2075 5089 2205 5170 ἄωρῖ
2258 5094 2363 5147 τῶν
2421 5096 2624 5148 νυκτῶν
2685 5091 2740 5148 ἐν
2802 5092 2946 5171 ὄρεσι
2989 5092 3277 5150 κατάλσεσι
3320 5095 3412 5151 καὶ
3440 5096 3499 5152 οὗ
3543 5092 3722 5175 ῥᾳδίαν

2073 5178 2256 5260 ἔχουσι
2313 5181 2411 5250 τὴν
2481 5179 2698 5261 πορείαν
2732 5229 2749 5260 ,
2811 5182 2902 5238 καὶ
2960 5183 3123 5253 μόνον
3167 5184 3227 5241 οὖ
3295 5184 3432 5241 κατὰ
3479 5191 3724 5263 χρημνοῦ

349 5284 478 5333 erat
525 5268 599 5332 ab
631 5269 718 5331 eis
766 5285 800 5328 e
849 5265 1172 5346 praecipitio
1224 5266 1656 5342 deturbandus,
1690 5287 1988 5349 apparens

2153 5273 2303 5338 θῆναι
2347 5269 2613 5347 μέλλοντα
2641 5269 2734 5327 ὑπ’
2783 5272 2953 5328 αὖτῶν
3007 5272 3286 5353 ἆπιφανεὶς
3368 5275 3396 5330 6
3430 5269 3579 5349 ἅγιος
3627 5273 3722 5354 (ἦν

349 5365 585 5423 sanctus
640 5361 794 5434 (erat
820 5354 1005 5427 enim,
1041 5354 1090 5415 si
1123 5354 1212 5416 vel
1245 5355 1438 5417 solum
1469 5357 1556 5419 eis
1584 5358 1980 5437 apparuisset,

2074 5360 2168 5437 γὰρ
2225 5368 2312 5416 καί
2371 5361 2520 5436 μόνῳ
2578 5364 2656 5434 τῷ
2709 5365 2938 5441 φανῆναι
2995 5359 3218 5441 φοϐερὸς
3275 5361 3526 5441 ἑκείνοις)
3583 5361 3720 5429 ἐξεί-

350 5447 658 5528 terribilis)
691 5442 964 5508 liberavit
992 5443 1065 5506 ab
1094 5443 1349 5520 insidiis,
1377 5452 1436 5508 et
1478 5445 1724 5507 dezluxit
1745 5445 1804 5506 in
1834 5446 1984 5508 viam

2153 5449 2195 5504 :o'
2219 5470 2275 5505 τε
2324 5455 2420 5516 τῆς
2490 5447 2800 5529 ἐπιϐοδλῆς,
2834 5447 2929 5505 καὶ
2974 5452 3104 5529 πρὸς
3149 5452 3246 5520 τὴν
3321 5453 3530 5509 εὗθεϊαν
3576 5451 3713 5520 ἐξη-

347 5545 598 5604 rectam.

430 5685 631 5755 4Psal.
661 5707 721 5770 v,
754 5690 818 5756 6.

2069 5558 2202 5618 γαγε
2209 5562 2234 5594 ν
2244 5578 2263 5600 ο
