3932 6128
373 288 449 356 63

369 517 609 585 Leonis.
640 519 746 581 Ille
768 529 966 582 autem
989 521 1197 585 videns
1229 541 1367 585 eum
1411 543 1620 602 magna
1650 524 1831 584 animi
1856 525 2004 585 affe-

372 613 572 678 ctione
626 624 1016 690 commotum,
1049 616 1204 697 quod
1266 635 1373 696 pro
1415 616 2008 694 divinisimaginibus

375 705 693 768 maximum
754 715 995 787 caperet
1042 709 1310 770 dolorem
1368 709 1453 788 (in
1503 727 1604 770 eas
1673 715 1833 771 enim
1881 717 2009 771 erat

373 795 593 874 impius
623 795 718 856 bic
746 796 959 864 Leo,ut
993 797 1042 858 si
1065 799 1196 874 quis
1216 799 1388 875 alius)
1417 797 1624 859 etideo
1657 817 2009 879 properasse

371 884 447 945 ad
470 886 1011 963 interrogationem,
1047 906 1167 948 non
1199 887 1482 958 substitit,
1537 907 1730 968 neque
1760 907 2008 967 respon-

370 975 595 1036 sionem
641 984 730 1036 est
775 977 1109 1046 meditatus.
1145 977 1248 1038 sed
1308 985 1369 1038 ut
1403 976 1658 1056 Spiritus
1719 978 2009 1058 profunda

373 1073 768 1140 scrutaretur,
791 1075 848 1127 et
878 1067 1034 1127 haud
1063 1069 1140 1128 ita
1169 1067 1269 1128 diu
1301 1067 1374 1129 ab
1403 1068 1541 1129 hinc
1573 1068 1827 1130 futuram
1867 1087 2012 1149 pras-

370 1155 714 1232 significavit
763 1156 893 1233 ejus
941 1157 1334 1232 eversionem,
1370 1169 1430 1218 et
1473 1157 1740 1236 praedixit
1789 1159 2006 1222 futura.

369 1241 514 1305 Nam
550 1263 667 1304 non
699 1245 884 1306 multo
915 1255 1044 1325 post
1069 1265 1138 1306 eo
1166 1246 1240 1306 de
1275 1246 1467 1308 medio
1499 1247 2010 1328 sublato,Michael

371 1333 1084 1414 arripuitimperium.qui
1109 1354 1225 1396 non
1241 1336 1651 1417 auxitquidem
1675 1339 2007 1415 persecuti-

371 1441 544 1484 onem
577 1423 856 1484 adversus
879 1424 1268 1498 Christianos,
1294 1425 1656 1500 sivit,autem
1683 1426 2004 1489 Ecclesiam

373 1530 504 1572 esse
531 1511 642 1572 sub
667 1513 985 1587 haereticis,
1030 1521 1095 1574 ut
1125 1515 1224 1593 qui
1255 1533 1448 1596 neque
1479 1516 2004 1578 lconomachorum

371 1600 842 1663 bmresiomnino
861 1604 1318 1678 accesserit,sed
1341 1606 1397 1666 in
1413 1606 1742 1684 ejuszelum
1760 1607 2007 1668 effectus

374 1691 448 1750 sit
481 1691 742 1764 mollior,
777 1700 840 1752 ut
889 1693 1064 1754 etiam
1099 1695 1297 1755 multis
1345 1695 1646 1756 videretur
1690 1696 2000 1775 benignus,

1672 296 1950 361 MENSIS
1993 293 2434 360 NOVEMBER.

369 427 747 510 sciscitatus,
800 447 875 492 an
913 429 1016 494 diu
1067 429 1417 496 duraturum
1469 441 1629 496 esset
1684 431 2003 514 imperium

2201 434 2466 509 περιπιθῆ
2525 428 2711 488 τόῦτον
2769 427 2890 488 ἰδὼν
2947 429 3008 488 τὸ
3078 435 3183 488 τῶν
3267 429 3420 489 θείων

3655 297 3742 365 64

3520 430 3744 491 εἰκόνων

2090 521 2412 601 ὅπεραλγετν
2501 519 2722 602 (ἀσεϐὴς
2783 522 2882 601 γὰρ
2939 523 3056 601 περὶ
3109 522 3300 585 ταύταις
3354 523 3441 580 καὶ
3505 525 3655 588 οὗτος
3713 525 3744 579 ὁ

2091 613 2236 669 Λέων
2311 611 2466 690 εἴπερ
2528 634 2606 676 τις
2679 609 2915 692 ἄλλος),
2975 612 3063 669 καὶ
3118 611 3204 668 διὰ
3258 619 3411 670 τοῦτο
3468 615 3556 669 καὶ
3638 615 3745 680 τὴν

2091 702 2348 778 ἐρώτησιν
2405 702 2794 758 ἐπισπεύσαντα
2827 747 2845 773 ,
2917 701 3012 759 οὒκ
3063 700 3292 782 ἐπέσχεν
3327 749 3344 775 ,
3404 700 3520 761 οὐδὲ
3603 704 3747 781 πρὸς

2091 793 2188 858 τὴν
2257 790 2534 868 ἂποκρισιν
2583 789 2899 866 διεσκέψσιτο
2931 840 2947 870 ,
2992 788 3112 846 ἀλλ’
3184 795 3277 848 οῖσι
3325 792 3390 849 τὰ
3455 793 3591 869 βάθη
3645 799 3747 850 τοῦ

2092 881 2400 956 Πξιεύμσιτος
2464 881 2683 959 ἐρευνῶν
2719 929 2734 956 ,
2799 883 2886 937 καὶ
2929 882 3024 950 τὴν
3073 882 3444 960 καταστροφὴν
3497 884 3557 940 οὔ
3615 905 3739 957 μα-

2091 972 2218 1048 κρὰν
2275 970 2480 1027 ἕσεσθιι
2540 968 2871 1048 διεσήμαινε,
2914 973 3001 1028 καὶ
3057 972 3122 1029 τὰ
3183 970 3448 1046 μέλλοντα
3499 974 3750 1051 προηγό-

2093 1081 2272 1138 ρευσεν
2307 1107 2322 1121 .
2383 1063 2457 1118 Οὔ
2503 1058 2686 1134 πολλῷ
2762 1061 2862 1138 γὰρ
2919 1059 3073 1116 αὐτὸν
3144 1059 3357 1140 ὕστερον
3415 1064 3443 1118 ὁ
3506 1060 3748 1142 Mil-ani

2094 1149 2320 1225 ἀνελών,
2379 1149 2620 1230 ἀφείλετο
2677 1151 2776 1217 τὴν
2834 1151 3012 1229 ἀρχὴν
3073 1169 3090 1184 ·
3139 1149 3196 1214 ὅς
3256 1152 3346 1208 τὸν
3417 1150 3512 1226 μὲν
3596 1152 3750 1208 κατὰ

2096 1245 2422 1311 Χριστιανῶν
2471 1238 2705 1317 animat):
2757 1240 2851 1296 οὒκ
2913 1239 3202 1313 ἐπτιύξηκε,
3235 1241 3300 1298 τὰ
3351 1237 3406 1295 δὲ
3431 1246 3527 1308 τῆς
3597 1241 3746 1297 Ἐκ-

2091 1329 2316 1396 κλησίας
2379 1331 2480 1386 ὑπὸ
2537 1342 2655 1391 τοῖς
2706 1331 2992 1409 αἶρετιιιοϊς
3037 1333 3248 1385 κεῖσθαι
3301 1335 3560 1408 παρῆκεν,
3618 1329 3748 1386 οὔτε

2090 1425 2158 1495 τῇ
2214 1425 2318 1475 τῶν
2406 1419 2790 1499 Εἷκονομάχων
2871 1418 3062 1496 αἱρέσει
3131 1419 3434 1475 παντάπασι
3500 1441 3747 1498 προστε-

2090 1512 2214 1587 Οεῖς,
2257 1509 2392 1564 ἀλλὰ
2453 1508 2828 1581 μαλακώτερος
2903 1511 3018 1586 περὶ
3066 1510 3157 1565 τὸν
3213 1508 3376 1576 αὖτῆς
3449 1512 3748 1586 γενόμενον

2089 1598 2272 1679 ζῆλον,
2321 1600 2392 1659 ὼς
2451 1597 2512 1654 ἄν
2569 1596 2692 1673 δόξῃ
2747 1599 2872 1660 τοῖς
2937 1596 3164 1661 πολλοῖς
3223 1600 3310 1654 καὶ
3368 1597 3749 1677 φιλάνθρωπος

2091 1687 2207 1743 οὔτε
2273 1689 2415 1752 τινὸς
2479 1684 2747 1761 ὀρθοδόξου
2820 1685 3083 1764 δόγματος
3143 1687 3348 1762 πρῶτος
3417 1688 3751 1767 ἀρξάμενος,

377 1798 573 1860 neque
606 1780 788 1841 ullum
821 1783 1208 1844 orthodoxum
1243 1785 1451 1861 dogma
1483 1785 1646 1864 prior
1699 1786 2005 1866 inceperit,

2223 1775 2522 1850 συμϐαίνειν
2582 1779 2719 1850 μήτε
2787 1777 2880 1844 τῆς
2930 1777 3115 1839 καικίας
3168 1775 3459 1855 ἀπέχέσθιι
3524 1786 3746 1848 τοῦτον,

375 1869 523 1930 adeo
557 1871 1008 1948 utcontingeret
1035 1891 1226 1953 neque
1251 1874 1440 1952 ipsum
1466 1892 1497 1934 a
1531 1874 1670 1934 vitio
1689 1874 2010 1950 abstinere,

375 1977 572 2039 neque
613 1961 859 2022 salutem
921 1961 1268 2042 defendere,
1304 1961 1405 2025 sed
1467 1963 1760 2025 malitiose
1823 1964 2014 2044 potius

374 2048 647 2110 haeresim
674 2050 912 2130 quidem
944 2051 1111 2113 scivit
1145 2070 1436 2124 crescere,
1475 2051 1650 2112 fidem
1684 2061 1878 2114 autem
1913 2072 2012 2114 or-

375 2140 694 2204 thodoxam
738 2143 922 2205 minui
978 2153 1033 2205 et
1063 2144 1356 2208 diffluere.
1402 2146 1474 2205 Et
1504 2145 1615 2207 hoc
1661 2145 1901 2224 quidem
1936 2146 2016 2207 ita

377 2247 442 2292 se
465 2231 738 2295 habebat.

455 2321 664 2386 XXIX.
702 2325 1024 2405 Postquam
1076 2334 1269 2387 autem
1327 2324 1444 2386 Leo
1487 2325 1596 2386 fuit
1645 2326 2013 2404 interfectus,

379 2413 537 2473 venit
565 2431 773 2475 rursus
825 2433 956 2476 cum
991 2415 1246 2496 quodam
1292 2417 1407 2477 alio
1434 2417 1788 2490 Eustratius,
1823 2417 2018 2477 divino

377 2501 517 2563 huic
549 2502 670 2564 viro
700 2504 1051 2566 renuntians
1093 2514 1369 2567 eventum
1422 2523 1650 2574 eorum,
1703 2523 1834 2584 quae
1887 2506 2016 2584 ipse

374 2591 746 2670 praedixerat.
781 2594 1112 2656 Coutritum
1173 2603 1262 2655 est
1290 2603 1488 2655 autem
1523 2594 1598 2654 ab
1635 2595 1719 2654 eis
1741 2593 2014 2674 aliquan-

373 2688 494 2741 tum
523 2682 807 2762 temporis
838 2682 899 2744 in
931 2701 1230 2745 sermone.
1258 2683 1510 2755 Quidam
1543 2701 1681 2745 vero
1712 2683 1869 2745 Elias
1903 2703 2013 2744 no-

374 2770 560 2846 mine,
577 2771 681 2848 qui
707 2771 1106 2834 exercebatur
1136 2791 1254 2833 non
1278 2773 1486 2852 procul
1513 2791 1548 2832 a
1572 2781 1796 2846 sancto,
1821 2773 2013 2851 ipsum

375 2875 650 2937 magnum
701 2861 1074 2922 Joannieium
1111 2865 1342 2940 excepit
1373 2861 1660 2934 convivio,
1697 2869 1756 2924 et
1780 2879 1883 2922 eos
1913 2862 2015 2942 qui

374 2954 659 3008 venerant
677 2947 856 3010 simul
876 2967 1010 3009 cum
1031 2948 1816 3012 Eustratio.Divinusautem
1841 2951 2014 3012 Joan-

374 3036 569 3098 nicius
619 3037 801 3117 hujus
855 3039 987 3100 vitae
1028 3058 1316 3100 accusans
1349 3040 1687 3118 vanitatem,
1716 3047 1774 3100 et
1817 3039 2014 3101 verbis

2099 1869 2236 1941 μήτε
2295 1870 2392 1932 τῆς
2447 1867 2709 1942 σῶτηρίας
2782 1866 3122 1946 ἀντέχεσθαι,
3171 1866 3620 1943 περινενοημένως
3690 1865 3750 1922 δὲ

2099 1955 2302 2030 μᾶλλον
2357 1957 2420 2012 τὰ
2487 1957 2585 2030 μὲν
2642 1958 2740 2023 τῆς
2801 1956 3047 2033 αἱρέσεως
3131 1959 3456 2034 προκόπτειν
3508 1957 3688 2036 ἆφῆοιε
3728 2005 3746 2036 ,

2097 2048 2160 2102 τὰ
2207 2045 2260 2101 δέ
2291 2045 2382 2113 τῆς
2440 2045 2708 2123 ὀρθοδόξου
2793 2048 3023 2110 πίστεως
3085 2049 3357 2121 μειοῦσθκι
3422 2047 3510 2102 καὶ
3567 2045 3752 2125 ὅπορο

2097 2137 2233 2214 ῥεῖν.
2274 2137 2369 2193 Καὶ
2395 2137 2548 2193 τοῦτο
2579 2135 2675 2211 μὲν
2707 2133 2771 2203 δὴ
2801 2134 2964 2198 οὕτως
2997 2139 3174 2215 εἶχεν.

2185 2313 2314 2372 ΚΘ’.
2369 2314 2516 2370 Ἐπεὶ
2571 2312 2622 2368 δὲ
2668 2314 2754 2369 καὶ
2811 2316 2838 2369 ὁ
2897 2313 3044 2369 Λέων
3076 2313 3394 2392 ἀναιρεθείη,
3428 2315 3526 2382 ἧκε
3577 2313 3747 2370 πάλιν

2104 2403 2217 2476 μεθ’
2272 2401 2451 2480 ἐτέρου
2491 2404 2632 2466 τινὸς
2704 2405 2731 2459 ὁ
2801 2402 3114 2477 Εὔστράτιος
3160 2449 3177 2478 ,
3237 2403 3590 2480 ἀπαγγέλλων
3669 2425 3753 2479 τῳ

2100 2495 2222 2564 Θείῳ
2279 2497 2448 2564 τούτῳ
2495 2490 2638 2570 ἀνδρὶ
2699 2514 2792 2558 την
2853 2491 3067 2548 ἔκϐασιν
3122 2498 3228 2548 τῶν
3285 2493 3367 2548 ὄπ’
3405 2492 3560 2551 αὖ)τοῦ
3598 2515 3750 2570 προ-

2100 2581 2471 2659 ηγορευμένων
2521 2631 2534 2644 ,
2603 2585 2792 2661 Καιρὸς
2847 2582 3018 2638 τοίνυν
3074 2586 3258 2648 αὐτοῖς
3320 2583 3375 2638 ἐν
3435 2589 3501 2658 τῇ
3557 2584 3754 2657 ὁμιλίᾳ

2101 2670 2301 2749 ἐτρίϐη,
2336 2674 2422 2728 καὶ
2477 2693 2583 2743 τις,
2640 2671 2824 2737 Ἠλίας
2887 2670 3078 2750 ὄνομα,
3127 2672 3182 2726 ἐν
3248 2671 3499 2748 γειτόνων
3548 2672 3754 2729 ἀσκού-

2102 2783 2258 2836 μενος
2325 2784 2400 2836 τῳ
2458 2761 2614 2839 ἅιγίω,⁵
2677 2763 2835 2818 αὐτὸν
2891 2783 2947 2817 τε
3005 2761 3173 2838 μέγαν
3229 2764 3316 2818 καὶ
3374 2763 3492 2826 τοὺς
3537 2761 3755 2829 ἀνελη-

2098 2851 2316 2913 λυθόταις
2397 2850 2487 2906 σύν
2582 2852 2883 2928 Εὐστρπιτίῳ
2963 2850 3159 2908 εἱστία.
3209 2849 3268 2908 Ὀ
3331 2849 3384 2906 δὲ
3471 2872 3532 2928 γε
3595 2855 3755 2914 θεῖος

2099 2938 2415 3003 Ἰωαννίκιος
2487 2941 2814 3014 μεταιότητει
2883 2948 2974 2998 τοῦ
3058 2941 3173 3016 βίου
3235 2947 3549 3019 κατηγορῶν
3585 2988 3601 3013 ,
3655 2943 3758 2999 καὶ

2096 3031 2214 3094 τοῖς
2283 3029 2462 3109 λόγοις
2521 3033 2824 3111 ὑποφλίνων
2888 3033 2949 3087 τὸ
3016 3029 3242 3087 ἄστατον
3299 3031 3455 3087 αἳ)τοῦ
3538 3052 3596 3086 τε
3655 3033 3757 3087 καὶ

379 3125 904 3206 ostendens,quam
949 3128 1414 3190 essetinslabilis
1446 3139 1503 3189 et
1526 3129 2005 3206 infida,commu-

2185 3142 2340 3195 ιστον,
2378 3127 2570 3183 κοινῶς
2623 3122 2911 3199 μακρύνειν
2956 3119 3164 3177 ὶκέλεῦε
3236 3127 3342 3176 τῶν
3399 3118 3609 3176 πόλεων
3657 3123 3758 3177 καὶ

377 3214 828 3291 niterjubebat,
882 3226 945 3280 ut
974 3236 1040 3280 se
1071 3218 1274 3299 procul
1318 3227 1698 3280 removerent
1725 3218 1798 3279 ab
1846 3217 2005 3278 urbi-

2185 3211 2337 3288 ιρίων,
2377 3211 2532 3284 Ἠλίᾳ
2559 3209 2611 3265 δὲ
2643 3209 2848 3287 μᾶλλον
2907 3217 3010 3267 τῶν
3042 3210 3217 3266 ἄλλων
3247 3211 3401 3267 τοῦτό
3452 3233 3512 3288 γε
3577 3232 3758 3289 προσ-

377 3305 488 3366 bus
513 3314 572 3366 et
600 3305 767 3368 vicis.
819 3305 963 3369 Elia)
993 3298 1190 3369 autem
1239 3307 1472 3368 dicebat
1529 3307 1642 3368 hoc
1677 3307 1861 3385 magis
1883 3325 2005 3370 con

2185 3323 2218 3379 ε,
2272 3301 2420 3372 εἷπε,
2457 3305 2659 3361 ποιεῖν.
2709 3303 2805 3359 Καὶ
2864 3301 3034 3373 οὗτος,
3095 3298 3300 3378 Θπῤῥει,
3361 3302 3487 3381 ἔφη,
3553 3305 3615 3356 τὸ
3659 3299 3758 3357 ἐπὶ

372 3395 778 3476 venire.quam
804 3396 958 3459 aliis.
995 3399 1048 3460 Is
1072 3415 1210 3458 vero
1237 3419 1250 3459 ε
1284 3400 1365 3460 De
1395 3398 1530 3476 hoc,
1557 3398 1814 3476 inquit,o
1846 3395 2005 3458 Patet

2185 3413 2268 3464 ιτῳ
2303 3439 2318 3469 ,
2381 3392 2552 3470 Πάτερ
2606 3388 2894 3448 Ἰωσιννίκιε
2929 3406 2942 3420 ⁸
3020 3391 3110 3446 καὶ
3179 3389 3405 3446 πλεῖονέ
3499 3411 3560 3468 γε
3617 3392 3759 3467 πρὸς

371 3482 839 3559 Jeoannici,esto
862 3485 1017 3547 bono
1043 3487 1346 3550 animo.Ut
1371 3487 1654 3566 majorem
1682 3496 1880 3547 autem
1909 3486 2005 3548 bu-

2185 3483 2252 3536 ὶτο
2306 3481 2480 3536 πίστιν
2513 3493 2752 3558 παρεῖχε
2802 3481 2862 3537 τὸ
2908 3481 2962 3536 έν
2995 3492 3112 3544 τοϊς
3164 3477 3515 3558 προλαϐοῦσιν
3572 3479 3760 3536 ’ἐτεσιν

367 3573 470 3653 jus
500 3575 589 3636 rei
623 3575 798 3637 fidem
845 3577 1088 3651 faceret,
1121 3575 1375 3657 dicebat,
1409 3575 1568 3653 quod
1599 3576 1659 3636 in
1687 3578 1823 3636 totis
1843 3576 2005 3636 annis

2185 3593 2241 3632 »ις
2325 3569 2585 3648 ἐρημικόν
2641 3591 2699 3626 τε
2786 3572 2874 3626 καὶ
2949 3571 3167 3646 ἄμικιον
3205 3618 3217 3630 .
3280 3569 3384 3625 Μία
3465 3577 3760 3648 τοιγαροῦν

374 3663 854 3741 ρι’ωιδοάοηιὶὺιιε
877 3664 1087 3728 fuisset
1117 3666 1442 3740 solitarius,
1477 3678 1536 3726 et
1565 3683 1630 3727 se
1663 3665 2016 3726 removisset

382 3752 456 3815 ab
489 3753 797 3816 hominum
846 3757 1295 3835 congressione.
1323 3755 1486 3819 Unus
1539 3755 1733 3835 itaque
1764 3762 1822 3816 et
1868 3755 2018 3816 alter

374 3843 504 3905 dies
533 3845 922 3925 praeterierat,
971 3865 1040 3907 ex
1074 3866 1190 3925 quo
1251 3847 1375 3908 hac
1421 3845 1580 3908 dicta
1623 3845 1876 3907 fuerant.
1915 3845 2018 3906 llle

2098 3660 2272 3737 ἡμέρα
2312 3659 2396 3716 ἐπὶ
2445 3665 2513 3736 τῇ
2562 3659 2714 3738 ἑτέρα
2756 3657 2946 3736 ἤγετο,
3007 3657 3095 3739 ἀφ’
3153 3665 3212 3714 οὔ
3273 3665 3434 3715 ταῦτα
3485 3659 3561 3714 τῶ
3613 3658 3762 3736 ἁγίῳ

2101 3749 2324 3829 ἐλέχθη,
2358 3750 2452 3805 καί
2513 3751 2541 3805 ὁ
2589 3751 2833 3829 μοναχὸς
2891 3749 3097 3812 ἐκεῖνος
3158 3749 3346 3813 Ἠλίας
3397 3747 3540 3807 αὒτῶ
3582 3770 3761 3826 προσ-

2103 3839 2291 3920 ελθὼν,
2325 3839 2490 3919 εὒχῆς
2547 3837 2814 3916 ἐξῃτεῖτο,
2863 3838 2943 3918 ἐφ’
2976 3841 3020 3913 ᾣ
3078 3837 3161 3894 διὰ
3221 3838 3372 3894 νόσον
3423 3839 3567 3912 οιῦτῷ
3617 3837 3758 3894 ἑπι-

379 3950 518 3993 vero
545 3935 869 3995 monachus
902 3933 1056 3995 Elias
1086 3936 1158 3995 ad
1185 3953 1320 3995 eum
1341 3935 1654 4008 accedens,
1687 3931 2005 4013 postulabat

2185 3931 2384 4004 ἅψασαν
2443 3929 2496 3985 ἕν
2596 3950 2699 3985 τινι
2779 3934 2883 3984 τῶν
2948 3926 3293 3984 ἀναδιδόντων
3361 3928 3527 4003 θερμὰ
3581 3927 3761 3983 ὕδατα

382 4021 513 4100 ejus
544 4039 776 4101 preces,
811 4030 871 4082 ut
903 4032 1144 4102 propter
1167 4022 1469 4098 morbum,
1501 4023 1599 4099 qui
1632 4041 1766 4084 eum
1802 4028 2001 4083 invase

2185 4022 2319 4094 ιρίων
2377 4017 2784 4095 παραγενέσθαι,
2847 4016 2996 4075 Ἐπεὶ
3049 4016 3104 4074 δέ
3135 4017 3163 4073 ὅ
3194 4018 3291 4093 μὲν
3346 4019 3440 4074 οὒκ
3471 4013 3755 4097 ἐϐούλετο,

382 4118 498 4189 rat,
529 4109 646 4172 iret
688 4110 759 4171 ad
811 4101 1106 4190 quoddam
1167 4111 1476 4192 praedium,
1525 4111 1681 4190 quod
1716 4110 2005 4172 emitteba‘

2185 4106 2236 4162 δὲ
2290 4107 2551 4186 ἐπέκειτο,
2614 4107 2711 4164 καῗ
2768 4106 2920 4172 τέλος
2979 4114 3047 4184 τῇ
3105 4117 3194 4165 τοῦ
3248 4105 3474 4185 ἀδελφώ
3501 4107 3755 4181 ἀσθενείᾳ

384 4217 567 4280 aquas
606 4199 851 4260 calidas.
877 4197 1018 4260 Cum
1056 4209 1251 4260 autem
1287 4200 1384 4260 ille
1419 4199 1659 4280 quidem
1697 4197 1902 4273 nollet,
1933 4198 2005 4258 hii

2185 4193 2444 4273 γκατοιϐὰς
2495 4199 2522 4252 ὁ
2573 4196 2748 4274 ἅγιός,
2797 4196 3057 4270 ἐξέπεμπε
3106 4207 3310 4266 τοῦτον,
3374 4193 3566 4274 σχεδὸν
3627 4196 3757 4252 οὒδὲ

385 4308 521 4352 vero
545 4289 788 4351 instaret
829 4312 843 4370 ;
879 4298 938 4351 et
971 4301 1272 4369 postremo
1311 4291 1382 4350 ad
1406 4288 1873 4351 imbecillitatem
1910 4289 2005 4350 ira

2236 4287 2342 4340 τῶν
2391 4288 2596 4362 θερμῶν
2667 4283 2868 4342 ὑδάτων
2929 4285 3205 4365 ἐπιφανείᾳ
3288 4284 3534 4359 ὑπέμεινε
3593 4284 3757 4352 πλη-

386 4379 495 4440 tris
534 4399 598 4440 se
628 4380 947 4441 demittens
976 4387 1216 4440 sanctus
1251 4397 1387 4439 eum
1421 4378 1744 4445 emisisset,
1786 4378 1877 4438 vix
1911 4397 2005 4458 po-

2185 4375 2310 4436 ἱσαι.
2371 4373 2784 4454 λειποψυχτςσας
2815 4373 2869 4430 δὲ
2925 4376 3011 4431 καὶ
3039 4377 3178 4451 παρὰ
3232 4375 3337 4431 τῶν
3382 4373 3498 4430 ἐκεῖ
3539 4375 3757 4453 τυχόν-

386 4471 496 4530 tuit
537 4469 607 4529 ad
653 4488 835 4550 aquas
866 4469 1088 4530 calidas
1119 4468 1434 4529 accedere.
1483 4468 1628 4530 Cum
1661 4486 1792 4528 eum
1823 4477 2005 4530 auten

2189 4489 2214 4520 ν
2257 4462 2445 4541 ἀρθεὶς,
2476 4464 2532 4519 ἓν
2560 4466 2660 4520 τινί
2687 4486 2743 4520 τε
2772 4465 2876 4520 τῶν
2904 4466 3036 4540 πρὸς
3068 4464 3142 4519 τῶ
3171 4461 3280 4542 ὅρει
3310 4462 3535 4520 κελλίων
3582 4484 3761 4519 111:1-

386 4558 651 4637 liquisset
673 4559 932 4632 animus,
970 4566 1028 4618 et
1050 4556 1122 4618 ab
1155 4557 1224 4616 iis
1249 4555 1348 4636 qui
1379 4557 1498 4618 illic
1535 4567 1702 4618 erant
1730 4557 2000 4618 sublatus

2185 4553 2324 4634 ιθεὶς,
2377 4553 2499 4631 περὶ
2531 4552 2696 4626 μέσσις
2729 4554 2915 4616 νύκτας
2947 4555 3044 4620 τὴν
3077 4551 3309 4612 ἐντεῦθεν
3338 4551 3608 4610 ἐστείλατο
3649 4551 3758 4608 ἰκ-

385 4649 447 4710 in
499 4648 757 4729 qundam
804 4647 974 4717 cella,
1011 4665 1140 4728 quae
1194 4655 1320 4708 erat
1376 4645 1449 4708 ad
1482 4656 1770 4727 montem,
1821 4646 2002 4710 fuisse

2185 4644 2327 4718 μίαν,
2362 4652 2582 4702 τοσοῦτο
2637 4655 2755 4706 τοῖς
2803 4642 3078 4721 προτέροις
3111 4643 3268 4698 αὖτοῦ
3322 4643 3424 4710 τῆς
3466 4641 3758 4710 ἀσκήσεως

387 4738 800 4810 locatus,circa
823 4737 1078 4798 mediam
1110 4745 1340 4797 noctem
1378 4736 1628 4798 excessit
1655 4754 1724 4796 ex
1746 4736 1856 4797 hac
1884 4741 1996 4797 vita

2185 4755 2288 4796 νοις
2337 4733 2498 4812 χάριν
2529 4729 2696 4812 εἰδως,
2734 4730 2856 4788 ὅσον
2890 4731 2973 4788 ἐπὶ
3003 4735 3080 4808 τῷ
3119 4731 3405 4804 τελευταίῳ
3447 4731 3614 4805 τούτῳ
3660 4733 3758 4787 καί

388 4827 688 4906 prioribus
712 4826 884 4888 bonis
909 4845 1030 4888 sua:
1063 4825 1508 4888 exercitationis
1532 4825 1684 4886 hanc
1702 4825 1888 4887 solam
1918 4825 2005 4886 hat

2185 4821 2431 4898 τεμέλετο
2487 4820 2751 4901 λογισμῷ,
2814 4821 2892 4878 ὁτι
2947 4843 3047 4898 περ
3091 4820 3230 4886 ὅλως
3260 4821 3454 4894 ὒτιῆρξε
3495 4821 3758 4895 Θεραπείᾳ

387 4916 538 4980 bens
567 4917 841 4997 gratiam,
875 4915 1032 4998 quod
1093 4913 1153 4976 in
1215 4916 1325 4976 hac
1358 4920 1623 4976 extrema
1675 4913 2005 4994 cogitationi

2185 4922 2202 4971 3
2272 4911 2539 4985 σώματος.
2587 4909 2738 4968 Ἀλλ’
2799 4911 3070 4970 ἐπανιτέον
3132 4913 3218 4970 καὶ
3265 4911 3428 4968 πάλιν
3474 4911 3611 4986 ἡμῖν
3659 4911 3752 4967 Eni

385 5008 600 5069 ductus
648 5015 806 5068 esset
855 5004 1224 5086 poenitentia,
1277 5002 1438 5080 quod
1471 5003 1714 5064 omnino
1749 5003 2005 5066 cessisse

2185 5027 2200 5060 ι
2227 5003 2396 5080 μέγαν
2425 4998 2770 5064 ἰωαννίκιον.

387 5095 681 5158 curationi
710 5096 1006 5178 corporis.
1039 5093 1156 5158 Sed
1189 5092 1361 5156 nobis
1385 5092 1802 5155 revertendum
1835 5101 1924 5154 est
1955 5092 2028 5154 ad

390 5203 663 5261 magnum
705 5185 1106 5247 Joannicium.

465 5271 647 5336 XXX.
682 5275 791 5336 Hic
831 5274 921 5334 vir
950 5275 1184 5335 divinus
1215 5271 1443 5336 solebat
1475 5271 1640 5335 obire
1671 5289 1806 5334 cum
1839 5271 1997 5351 virga

2189 5269 2446 5332 Α’.Οὗτος
2475 5270 2508 5336 ἡ
2531 5272 2650 5326 θεῖοι
2679 5267 2885 5350 κεφαλὴ
2902 5268 3036 5346 μὲτᾶ
3067 5266 3251 5346 ρἰδου
3276 5267 3432 5324 εἴωθε
3457 5266 3760 5347 περιιέναι,

390 5363 503 5424 etsi
551 5355 828 5424 sermone
883 5364 1098 5443 potius,
1135 5381 1307 5443 quam
1357 5365 1542 5442 virga,
1581 5380 1730 5442 opus
1781 5361 2004 5424 habere

2185 5361 2280 5418 ἱτοι
2352 5361 2419 5417 τὰ
2478 5358 2652 5416 πολλᾶ
2707 5357 2868 5438 λόγου
2913 5358 3118 5436 μᾶλλον
3156 5358 3190 5427 ἢ
3242 5355 3432 5437 ῥάϐδου
3479 5359 3608 5429 πρὸς
3653 5361 3758 5426 τὴν

388 5449 670 5513 adversus
711 5469 884 5512 suum
941 5469 1208 5530 gregem.
1245 5453 1390 5513 Cum
1444 5451 1495 5511 is
1537 5469 1678 5528 ergo
1710 5450 2005 5531 aliquandi

2185 5457 2295 5506 ποῦ
2350 5450 2581 5524 ποίμνην
2643 5448 2916 5523 δεόμενος.
2968 5448 3116 5506 Ἐπεὶ
3162 5450 3248 5504 οὖν
3311 5447 3412 5507 ἀνά
3469 5444 3762 5520 δυσϐἔιτους

392 5540 677 5602 transiret
716 5559 822 5621 per
842 5541 973 5602 loca
1003 5539 1272 5620 quaedam
1307 5539 1553 5600 transitu
1584 5539 2004 5613 difficilia,acci

2185 5560 2302 5597 πους
2365 5536 2618 5618 διήρχετό
2694 5560 2848 5616 ποτε,
2908 5536 3111 5612 συμϐὰν
3183 5535 3348 5604 «iit-iw
3391 5537 3490 5604 τῆς
3566 5539 3759 5617 χειρὸς

396 5630 580 5700 disset
605 5639 800 5694 autem
817 5637 882 5693 ut
899 5647 969 5692 ea
988 5629 1074 5692 illi
1102 5647 1135 5692 e
1161 5647 1337 5692 manu
1359 5629 1686 5706 excideret,
1705 5628 2005 5709 angebatu

2185 5640 2384 5704 πεσεῖν,
2417 5628 2599 5699 ἠνιᾶτο
2630 5650 2685 5685 τε
2727 5630 2793 5706 τῇ
2836 5626 3073 5703 ἀπωλείᾳ
3114 5649 3212 5696 της
3244 5623 3433 5707 ρἇϐδου
3481 5628 3566 5684 καὶ
3600 5625 3758 5703 ἀμη-
