3906 6136
176 248 247 317 65
1274 248 1462 319 VITA
1506 253 1566 316 S.
1612 254 1998 320 JOANNIGII
2054 254 2398 320 ABBATIS.
3452 251 3533 320 66

175 388 347 469 χάνως
374 388 489 467 εἶχε
516 388 633 466 περὶ
690 387 791 455 τὴν
848 386 1066 466 εὕρεσιν.
1126 386 1260 446 Εἶτα
1311 390 1440 468 πρὸς
1486 393 1585 456 τὴν
1633 390 1717 460 (vi:

1984 390 2111 465 imo,
2149 388 2303 470 quod
2330 390 2491 469 virga
2522 389 2824 471 periisset,
2858 409 2970 453 nec
3001 391 3131 471 ejus
3157 391 3526 456 invenienda;

175 498 250 531 σιν
303 480 466 544 αὐτῆς
514 477 807 556 ἀπογνοὺς,
856 477 920 532 τὰ
969 478 1170 556 γόνατα
1222 478 1464 555 κάμψας,
1527 479 1621 543 τὰς
1680 501 1717 534 σε

1990 497 2069 540 tm
2093 479 2433 542 inveniebat
2454 480 3013 544 rationem.Deinde
3034 498 3170 542 cum
3202 482 3259 542 in
3285 499 3354 543 ea
3377 500 3532 564 qure-

172 568 315 634 ἡθσις
380 567 550 647 εὖχὰς
616 572 694 640 τῷ
770 568 939 644 Κυρίῳ
1020 565 1286 628 ἀπεδίδου.
1376 560 1438 624 (Η
1523 566 1578 624 δὲ
1651 570 1714 624 πό

1987 568 2080 630 ida
2108 569 2526 650 desitondisset
2565 570 2857 652 animum,
2889 570 3057 632 ﬂexis
3099 570 3353 651 genibus
3383 560 3529 636 con-

175 655 336 732 ἀέριος
365 655 488 730 ἧκε,
520 658 611 713 καὶ
672 660 742 732 τῇ
768 655 861 712 τοῦ
910 656 1061 735 ἀγίου
1118 660 1261 737 χειρὶ
1316 657 1584 736 φερομένη
1642 657 1808 715 ἐνετί-

173 748 282 802 θετο
315 761 329 775 ⁸
372 747 459 802 καῖ
520 748 550 802 ὃ
611 746 710 821 μὲν
771 745 917 809 εὒθὺς
977 747 1112 803 κατᾶ
1166 768 1284 803 τινα
1338 747 1572 827 λόχμιον
1626 744 1812 827 ἄντρον

175 832 350 907 εἰσεδυ,
418 834 601 913 ὣσπερ
671 836 790 891 τινὰ
860 834 1020 916 φίλην
1093 836 1265 911 ἐαστῷ
1320 840 1592 893 κατοικίαν
1642 837 1813 916 ἀρπά-

175 944 263 987 σας
295 943 311 959 ο
372 925 429 979 τὸ
484 921 543 980 δὲ
603 924 703 1001 ἄρα
748 925 924 1003 βραχύ
980 946 1033 981 τε
1082 925 1149 992 ἧν
1196 924 1394 1003 κομιδῇ
1444 929 1531 982 καὶ
1560 928 1661 983 ὐπὸ
1692 927 1811 983 δαι-

176 1013 343 1087 μόνων
369 1014 596 1088 ᾠκεῖτο,
650 1012 872 1090 οἵτινες,
922 1015 997 1078 ὡς
1054 1013 1198 1071 εἴδον
1256 1016 1347 1071 τὸν
1401 1014 1548 1093 ἅγιον
1605 1014 1815 1094 ἀοράτῳ

176 1100 375 1178 δυνάμει
445 1105 551 1159 τινὶ
629 1102 1046 1178 δυναμούμενον,
1123 1105 1210 1160 καὶ
1283 1105 1422 1160 κατὰ
1490 1104 1698 1161 Παῦλον
1760 1103 1813 1159 ἐν

174 1192 334 1271 ἡμέρᾳ
376 1198 590 1271 πονηρᾷ
645 1191 984 1259 δικαιοσύνης
1034 1193 1229 1271 θώρακι
1285 1196 1372 1250 καὶ
1428 1195 1594 1272 θυρεῷ
1648 1215 1810 1249 κατα-

172 1285 513 1360 καυχώμενον
569 1282 822 1356 πίστεως,
886 1281 995 1355 ὅλῳ
1052 1285 1204 1357 θυμῷ
1277 1282 1651 1363 ἐξεκαύθησαν,
1726 1284 1815 1339 καί

173 1392 219 1426 τι
271 1373 356 1427 καὶ
412 1372 678 1436 παθόντες
734 1373 824 1429 ὑπ’
885 1373 1045 1429 αὐτοῦ
1098 1370 1378 1449 ἀντιδρῶσι
1427 1395 1475 1430 τι
1507 1374 1594 1429 καὶ
1643 1372 1809 1432 οὗτοι.

176 1460 313 1517 ἐπεὶ
341 1458 396 1515 δὲ
445 1475 574 1525 ταῖς
632 1460 858 1542 ἀφανέσι
906 1462 1109 1525 πάσαις
1162 1459 1486 1540 προσϐολαῖς
1545 1462 1809 1542 ἀπεκρού-

175 1552 363 1615 σθησαν
445 1552 729 1632 ἰσχυρῶς,
814 1552 1000 1609 τούτου
1085 1552 1611 1632 περιτετειχισμένου
1693 1565 1814 1616 ταῖς

175 1654 520 1721 προσευχαῖς,
579 1640 735 1706 τέλος
794 1641 900 1697 τῶν
950 1642 1087 1697 κατᾶ
1145 1647 1242 1708 τῆς
1312 1643 1499 1721 ψυχῆς
1562 1642 1815 1720 ἀφέμενοι

1893 666 2090 720 suetas
2137 675 2346 739 preces
2376 658 2664 722 reddebat
2693 658 2968 723 Domino.
3004 659 3109 722 llla
3166 667 3363 722 autem
3391 676 3531 724 rur-

1894 766 1996 809 sus
2041 748 2204 809 venit
2253 766 2362 828 per
2405 766 2630 825 aerem,
2668 758 2730 814 et
2775 750 2834 811 in
2890 749 3079 811 sancti
3138 768 3374 811 manum
3426 751 3534 813 fuit

1896 837 2177 917 imposita
2210 857 2223 898 :
2260 846 2317 899 et
2350 838 2447 900 ille
2476 837 2715 919 quidem
2746 838 2945 902 statim
2980 856 3088 917 per
3115 839 3411 920 quoddam
3440 859 3536 903 ar-

1897 924 2134 987 bustum
2189 934 2424 987 antrum
2454 926 2662 1003 subiit,
2696 935 2759 988 ut
2790 930 2885 1008 qui
2917 927 3032 989 sibi
3082 928 3375 1008 quoddam
3406 948 3536 1011 gra-

1898 1022 2020 1075 tum
2046 1015 2392 1095 arripuisset
2423 1016 2855 1078 habitaculum.
2880 1016 2943 1078 Id
2973 1025 3172 1078 autem
3206 1026 3331 1080 erat
3358 1018 3536 1082 breve

1896 1103 2240 1184 admodum,
2269 1115 2326 1165 et
2345 1103 2716 1166 habitabatur
2741 1123 2774 1167 a
2803 1105 3175 1167 daemonibus
3211 1125 3227 1183 ;
3261 1107 3357 1188 qui
3393 1127 3534 1187 pos-

1896 1211 2070 1273 quam
2106 1193 2383 1256 viderunt
2417 1202 2692 1256 sanctum
2725 1194 2937 1256 virtute
2966 1195 3243 1277 quadam,
3278 1215 3408 1276 qua:
3428 1198 3537 1261 sub

1895 1291 2198 1363 aspectum
2256 1302 2372 1345 non
2427 1283 2698 1363 cadebat,
2750 1282 3116 1364 roboratum,
3150 1291 3230 1358 et,
3281 1294 3342 1347 ut
3395 1285 3541 1348 dicit

1895 1369 2136 1446 Paulus,
2199 1372 2258 1434 in
2318 1372 2413 1434 die
2472 1373 2625 1434 malo
2687 1373 2933 1435 thorace
2991 1372 3241 1453 justitiae
3284 1383 3343 1436 et
3398 1376 3536 1438 fidei

1898 1461 2104 1543 clypeo
2154 1462 2500 1542 gloriantem
2558 1464 2636 1537 7‘,
2698 1463 2934 1525 fuerunt
2994 1463 3081 1524 ira
3143 1464 3385 1526 omnino
3441 1483 3536 1528 ac-

1899 1552 2167 1626 censi,et
2196 1552 2269 1614 ab
2295 1555 2423 1633 ipso
2451 1552 2673 1629 aliquid
2706 1553 2883 1632 passi,
2919 1558 2973 1613 ei
3005 1572 3241 1632 quoque
3278 1572 3382 1635 par
3412 1556 3541 1636 pari

1900 1642 2186 1704 referunt.
2242 1643 2387 1704 Cum
2421 1660 2557 1704 vero
2588 1641 2861 1703 obscuris
2918 1641 3197 1704 omnibus
3226 1641 3540 1707 insultibus

178 1737 429 1808 μηχανῶν
479 1730 808 1806 ἐπετίθεντο,
863 1730 953 1811 ἔχ’
1009 1732 1216 1811 εύαζον,
1271 1729 1461 1811 ἐϐόων,
1522 1731 1720 1798 ἔπλησε

1996 1739 2153 1793 ssent
2183 1731 2532 1812 propulsati,
2560 1749 2629 1793 eo
2650 1730 2820 1793 valde
2845 1737 3070 1793 munito
3094 1731 3538 1812 precibus,tan-

179 1816 404 1896 ἔφευγον,
445 1818 822 1895 καταθαμϐεῐν
878 1817 1275 1899 προσδοκῶντες
1332 1817 1578 1903 ἔϐρυχον,
1640 1819 1813 1899 ἐπήρ-

181 1928 330 1984 χοντο
396 1909 539 1966 κατὰ
602 1909 901 1988 πρόσοπον,
975 1908 1193 1965 κλονεῖν
1264 1907 1472 1966 ἐδόκουν
1544 1912 1606 1965 τὸ
1666 1910 1814 1977 σπή-

183 1994 344 2056 λαιον.
409 1989 500 2058 'u:
561 1995 617 2053 δὲ
682 2000 710 2054 ὁ
779 1998 875 2074 μὲν
944 1997 1141 2076 φαῦλον
1216 1996 1386 2077 οὐδὲν,
1458 1996 1563 2055 οὔδ’
1633 1998 1817 2075 ἆγενές

184 2083 521 2162 ἐπεδείκνυτο,
587 2090 637 2146 οἱ
696 2085 749 2143 δὲ
810 2089 982 2144 πάντα
1035 2089 1135 2153 τῆς
1207 2088 1407 2145 ἑαυτῶν
1464 2088 1814 2168 κακοτεχνίας

183 2175 344 2231 γέλων
414 2179 761 2250 κινήσαντες,
836 2177 986 2243 τέλος
1070 2180 1200 2255 πρὸς
1271 2179 1333 2235 τὸ
1405 2190 1650 2255 γενναῖον
1723 2179 1818 2233 τοῦ

186 2263 352 2344 ἀνδρὸς
420 2268 517 2325 καί
616 2270 868 2347 σταθερὸν
952 2268 1326 2346 ἀπειρήκασιν,
1416 2267 1657 2331 ἐλεεινῶς
1742 2268 1815 2330 είς

187 2353 334 2421 ἧτταν
361 2356 684 2438 τραπέντες,
715 2358 779 2416 Τί
811 2359 948 2433 ἡμῖν
978 2359 1068 2415 καὶ
1116 2359 1201 2415 σοί
1233 2377 1249 2438 ς
1296 2352 1487 2420 ⁴¹’Πλθες
1539 2359 1639 2436 πρὸ
1689 2380 1815 2413 και-

189 2450 265 2521 ροῦ
313 2445 594 2522 βασανίσαι
654 2449 848 2522 indic;
893 2449 985 2504 καὶ
1023 2447 1164 2504 οὗτοι
1225 2448 1351 2526 πρὸς
1411 2446 1568 2502 αὐτὸν
1624 2442 1815 2527 ἐϐόων,

188 2533 344 2613 ὥσπερ
369 2533 435 2603 δὴ
466 2538 566 2593 καὶ
595 2538 729 2615 πρὸς
759 2540 848 2593 τὸν
909 2536 1037 2613 ἐμὸν
1097 2534 1304 2604 Ἰησουν
1368 2538 1414 2593 οἱ
1466 2537 1563 2604 τὴν
1618 2536 1817 2593 ἐκείνου

188 2624 451 2700 παρουσίαν
520 2626 906 2701 ὑπομένοντες.
972 2626 1120 2684 Ἐπεὶ
1178 2624 1232 2681 δὲ
1291 2628 1353 2682 τὸ
1410 2625 1675 2695 σπήλαιον
1730 2627 1817 2682 καὶ

191 2707 387 2776 ἄκοντες
417 2713 820 2795 ἀπελίμπανον,
853 2715 1028 2795 ἕτερον
1063 2719 1159 2774 οὐκ
1215 2716 1376 2796 έῖχον
1429 2715 1623 2795 εὒρεῖν,
1684 2715 1712 2770 ὅ
1768 2737 1817 2770 τι

197 2803 304 2857 ποτὲ
356 2804 668 2872 οἰκήσωσι,
732 2811 1017 2885 Πανταχοῦ
1070 2805 1169 2884 γὰρ
1224 2820 1471 2885 παρεῖναι
1530 2808 1619 2861 τὸν
1668 2804 1818 2884 ἅγιον

191 2889 523 2969 ἐφανοίζοντο
597 2893 998 2971 μεταδιώκοντα
1080 2897 1168 2951 καὶ
1248 2896 1648 2976 τροπούμενον,
1733 2895 1821 2950 καὶ

193 2985 353 3047 αὺτοῖς
423 2982 609 3064 ὥσπερ
680 2984 795 3040 τισῖ
866 2983 1108 3060 ταλάμου
1184 2985 1385 3059 θηρίοις
1465 2984 1817 3057 ἐπιτιμῶντα.

194 3068 353 3134 Οὕτως
381 3070 504 3132 ἄνευ
558 3074 786 3149 ἀνομίας
844 3072 1052 3154 τρέχων
1105 3073 1378 3151 ηὒθύνετο,
1442 3075 1528 3131 καὶ
1582 3075 1653 3135 εἰς
1691 3095 1818 3129 συν-

194 3157 393 3226 ἀντησιν
490 3163 706 3243 ἐχθρῶν
804 3163 1139 3243 ἐγειρόμενος
1241 3166 1372 3220 Θεὸν
1458 3164 1819 3243 προφθάνοντα

195 3247 420 3327 ηὕρισκεν
451 3300 469 3326 ,
533 3255 696 3312 αὐτὸν
754 3253 853 3328 μὲν
908 3253 1048 3311 ἐλέει
1104 3252 1519 3333 περικυκλοῦντα
1550 3298 1567 3328 ,
1642 3257 1819 3313 κακῶς

197 3333 379 3403 darei»;
434 3342 631 3405 κακοὺς
692 3340 1049 3405 ἀπολλύοντα.
1110 3342 1285 3410 ’Ὅσης
1343 3343 1441 3419 μὲν
1492 3344 1580 3398 οὗν
1635 3338 1821 3406 ἀηδίας

197 3427 273 3483 καὶ
320 3436 567 3511 ταραχῆς
597 3436 670 3508 τῇ
724 3432 831 3488 τῶν
892 3430 1156 3508 δαιμόνων
1207 3430 1457 3512 φυγαδείᾳ
1497 3431 1620 3495 τοὺς
1670 3430 1724 3487 ἐν
1748 3437 1824 3505 τῷ

198 3514 290 3591 ὄρει
317 3517 648 3596 ἆπήλλάξτν,
687 3520 717 3576 ὃ
745 3534 1018 3579 κατοικεῖν
1048 3522 1200 3578 αὑτὸν
1231 3523 1367 3578 κατὰ
1428 3523 1516 3577 τὸν
1574 3528 1823 3596 Ψαλμῳ-

201 3600 274 3660 δόν
314 3606 596 3677 εὖδόκησεν
659 3612 689 3667 ὁ
732 3612 885 3687 Θεὸς,
941 3611 1160 3674 ἐκείνοις
1209 3612 1509 3690 κηρύττειν,
1563 3611 1650 3667 καὶ
1709 3609 1825 3667 οἷον

201 3694 491 3775 ἀνάγραπτα
573 3702 644 3757 τὰ
724 3700 814 3767 τῆς
882 3701 1180 3778 εὖεργεσίας
1248 3714 1426 3759 ποιεῖν
1500 3701 1824 3757 καταλείπο-

203 3805 308 3857 μεν.
366 3778 560 3864 Ἠμετς
619 3789 677 3847 δὲ
735 3792 866 3869 πρὸς
922 3793 988 3847 τὰ
1048 3790 1170 3859 ἑξῆς
1227 3800 1320 3850 τοῦ
1388 3789 1550 3869 λόγου
1612 3789 1826 3869 τρεψώ-

204 3878 339 3947 μεθα.

1900 1820 2035 1882 dem
2089 1822 2289 1883 missis
2330 1822 2617 1883 adversus
2660 1820 2922 1883 animam
2975 1822 3538 1898 machinationibus,

1898 1928 1931 1971 a
1941 1922 2063 1990 pert
2076 1928 2108 1971 e
2139 1909 2657 1990 aggrediebantur,
2675 1909 3028 1985 irridebaut,
3042 1910 3536 1989 vociferabantur,

1901 1999 2234 2081 pulsabant,
2263 1999 2585 2079 fugiebant,
2606 2007 3018 2079 exspectantes
3042 2000 3168 2061 fore
3190 2009 3251 2061 ut
3275 2001 3329 2062 ei
3359 2002 3541 2065 affer-

1899 2096 2034 2151 rent
2064 2098 2353 2151 terrorem
2388 2107 2401 2151 :
2450 2088 2784 2166 rugiebaut,
2821 2091 2881 2149 in
2912 2089 3122 2151 faciem
3154 2089 3538 2167 invadebant,

1901 2197 2139 2240 movere
2187 2177 2539 2241 videbantur
2566 2178 2933 2258 speluncam.
2998 2179 3142 2242 Cum
3193 2187 3389 2241 autem
3440 2180 3543 2244 ille

1900 2267 2051 2330 nihil
2099 2266 2483 2343 ostendisset,
2542 2268 2702 2348 quod
2762 2276 2921 2329 esset
2972 2268 3170 2348 pusilli
3227 2283 3284 2330 et
3326 2269 3544 2351 abjecti

1900 2354 2085 2417 animi
2112 2376 2127 2430 ;
2152 2356 2236 2416 illi
2258 2373 2396 2417 vero
2419 2356 2594 2419 modo
2608 2353 2772 2416 omni
2793 2354 3043 2418 rudente
3063 2374 3188 2417 suze
3208 2356 3544 2420 calliditatis

1901 2454 1958 2506 et
1978 2444 2237 2526 malitiae,
2255 2454 2557 2527 postremo
2581 2462 2819 2507 omnem
2852 2464 3019 2526 spem
3042 2445 3403 2524 abjecisseut
3424 2447 3539 2509 ad-

1900 2553 2106 2596 versus
2140 2535 2284 2596 tanti
2314 2535 2423 2596 viri
2456 2535 2729 2597 virtutem
2760 2543 2817 2597 et
2841 2538 3259 2612 constantiam,
3289 2535 3539 2599 misera-

1903 2623 2106 2686 biliter
2155 2624 2290 2688 victi
2322 2633 2379 2685 et
2410 2624 2472 2685 in
2505 2624 2700 2703 fugam
2744 2623 3039 2686 conversi.
3074 2622 3227 2697 Quid
3262 2624 3436 2686 nobis
3483 2636 3543 2687 et

1902 2713 2061 2775 tibi?
2091 2712 2320 2776 Venisti
2355 2713 2427 2775 ad
2460 2730 2568 2775 nos
2610 2712 2973 2791 torquendos
3000 2721 3139 2774 ante
3170 2713 3454 2793 tempus?
3501 2714 3542 2776 ii

1906 2821 2141 2885 quoque
2171 2803 2244 2865 ad
2272 2804 2467 2884 ipsum
2488 2802 2844 2878 clamabant,
2869 2802 3165 2883 quomodo
3199 2802 3375 2863 etiam
3410 2822 3542 2867 meo

1902 2892 2043 2956 Jesu
2070 2892 2135 2974 ii,
2164 2892 2262 2974 qui
2292 2892 2606 2954 adventum
2638 2892 2797 2954 illius
2827 2909 2945 2954 non
2970 2890 3356 2954 sustinebant.
3394 2890 3539 2955 Cum

1906 2990 2101 3045 autem
2127 2983 2472 3064 speluncam
2504 2982 2594 3042 vel
2626 2980 2791 3044 inviti
2840 2980 3246 3063 reliquissent,
3281 3000 3397 3045 non
3431 3002 3538 3064 po-

1905 3079 2097 3134 terant
2147 3072 2411 3133 invenire
2459 3070 2634 3131 aliam
2667 3088 2842 3151 quam
2892 3070 3250 3132 habitarent.
3309 3071 3543 3150 Ubique

1905 3162 2065 3224 enim
2116 3162 2328 3224 adesse
2385 3170 2655 3222 sanctum
2715 3158 2942 3222 visione
2987 3160 3537 3240 apprehendebant,

1906 3259 2362 3332 persequentem
2407 3257 2467 3312 et
2514 3248 2835 3329 fugantem,
2868 3256 2927 3310 et
2958 3266 3061 3310 eos
3104 3248 3539 3331 increpantem,

1907 3352 2184 3421 tanquam
2219 3340 2375 3401 feras
2404 3338 2634 3417 aliquas
2664 3337 2995 3399 arundinis.
3034 3336 3130 3400 Sic
3160 3338 3289 3399 sine
3322 3339 3545 3422 iniqui-

1909 3437 2023 3491 tate
2050 3448 2295 3491 currens
2321 3428 2710 3509 dirigebatur,
2737 3435 2794 3489 et
2815 3428 3103 3489 excitatus
3125 3427 3198 3488 ad
3228 3446 3545 3491 occurren-

1909 3518 2052 3581 dum
2106 3518 2387 3593 inimicis,
2421 3517 2760 3579 inveniebat
2812 3515 2998 3578 Deum
3056 3517 3541 3595 praevenientem,

1908 3607 2102 3688 ipsum
2128 3607 2368 3685 quidem
2403 3605 2869 3668 circnmdantem
2904 3605 3334 3679 misericordia,
3359 3608 3546 3669 malos

1908 3706 2105 3760 autem
2137 3697 2291 3757 male
2314 3697 2686 3776 perdentem.
2714 3696 2784 3756 Et
2804 3713 2837 3755 a
2863 3702 3085 3775 quanta
3115 3696 3355 3774 quidem
3377 3696 3547 3757 turba

1909 3797 1967 3848 et
2020 3786 2316 3866 molestia,
2349 3788 2682 3846 daemonum
2736 3783 2871 3860 fuga
2902 3783 3240 3845 liberaverit
3280 3802 3406 3861 eos,
3440 3786 3543 3864 qui

1910 3883 2079 3939 erant
2102 3875 2161 3935 in
2196 3884 2417 3949 monte,
2454 3874 2515 3934 in
2546 3892 2660 3954 quo
2692 3872 2985 3948 habitate,
3022 3880 3084 3932 ut
3110 3872 3254 3935 dicit
3281 3872 3549 3936 Psalmo-

202 3966 452 4045 graphus,
488 3968 609 4050 ipsi
638 3970 765 4033 Deo
795 3969 1177 4052 complacuit,
1209 3969 1331 4032 illis
1366 3969 1750 4033 scribendum
1781 3974 1849 4033 et
1874 3965 2239 4030 beneficium
2270 3964 2482 4027 litteris
2536 3963 2934 4024 mandandum
2969 3963 3398 4044 relinquamus.
3432 3962 3551 4027 Nos

203 4060 373 4141 autem
405 4067 824 4121 convertamur
845 4061 918 4124 ad
944 4078 1036 4136 ea,
1068 4077 1201 4141 quae
1232 4059 1519 4141 deinceps
1548 4068 1900 4140 sequuntur.

264 4136 386 4206 AA'.
460 4145 670 4207 Ἐνόσεί
698 4149 795 4217 μέν
842 4172 944 4207 τινι
972 4136 1105 4207 τῶν-
1133 4136 1506 4230 συγκλητικῶν
1565 4136 1659 4225 μία
1717 4157 1806 4207 τῶπ

2009 4148 2204 4210 (XXI.
2257 4144 2502 4208 Cuidam
2536 4142 2795 4205 senatori
2826 4141 3142 4222 aegrotabat
3175 4161 3289 4206 una
3321 4161 3390 4206 ex
3427 4143 3551 4206 suis

201 4232 498 4314 θυγατέρων,
547 4238 647 4296 καί
707 4241 775 4296 τὰ
834 4239 974 4314 μέλη
1032 4252 1278 4319 παρεῖτο,
1325 4237 1546 4307 εὐσεϐὴς
1596 4260 1653 4296 τε
1698 4239 1829 4298 οὖσα

208 4323 281 4377 καὶ
342 4326 405 4381 τὰ
459 4334 793 4404 Χριστιανῶν
847 4325 1234 4407 πρεσϐεύουσα.
1296 4319 1354 4387 Ὀ
1410 4326 1458 4385 δ’
1509 4327 1595 4386 ἐπ’
1627 4327 1830 4409 ἀδελφῇ

206 4416 272 4484 τῷ
332 4412 461 4493 ἆγίῳ
530 4415 773 4498 γαμϐρὸς
829 4416 1011 4485 δεινῶς
1065 4420 1201 4477 κατὰ
1270 4423 1376 4477 τῶν
1444 4427 1537 4479 τοῦ
1608 4425 1830 4498 Χριστοῦ

208 4499 399 4588 εἰκόνων
426 4504 622 4565 ἐλόσσα
675 4529 735 4565 τε
791 4509 881 4566 καὶ
936 4507 1182 4588 ἀφέρετο,
1242 4509 1454 4572 Φθάσας
1515 4507 1606 4565 οὖν
1653 4511 1681 4565 ὁ
1717 4531 1828 4583 μα-

206 4587 386 4668 κέρως,
415 4596 517 4663 τὴν
559 4596 660 4671 μὲν
690 4599 831 4678 εὖχῆ
860 4599 947 4654 καί
988 4587 1150 4672 τόπῳ
1207 4598 1435 4676 σταυροῦ
1491 4598 1592 4666 τῆς
1649 4597 1827 4678 χαλε-

210 4684 299 4746 πῆς
326 4682 547 4749 ἐξείλετο
577 4690 757 4764 νόσου⁹
816 4689 905 4745 τὸν
950 4685 1030 4760 δὲ,
1092 4688 1205 4744 ἐπεὶ
1258 4687 1337 4764 μὴ
1396 4689 1592 4745 πείθειν
1622 4688 1741 4754 οἶός
1769 4709 1827 4744 τε

210 4766 263 4835 ἦν
316 4778 564 4835 νουθετῶν
620 4781 720 4846 τῆς
781 4774 961 4846 δεινῆς
1031 4774 1367 4858 ἀποσχέσθαι
1439 4777 1654 4858 μανίας,
1739 4779 1828 4835 ἐπὶ

207 4859 293 4947 τῂν
340 4863 504 4923 παῖδα
555 4866 681 4947 ἧκε,
751 4869 841 4924 καὶ
895 4866 1224 4947 οπλάγχνων
1290 4867 1597 4947 συγγενείας
1666 4869 1826 4947 ὑπερ-

209 4943 340 5031 ιδὼν,
402 4955 594 5012 οἰκείου
660 4943 716 5012 δὲ
783 4954 869 5013 διὰ
935 4943 1415 5024 τὴν-νεόσέϐειαη
1446 4943 1823 5032 ἐπιλαθόμενος

211 5036 444 5126 αἵματος,
501 5057 674 5124 πηροϊ
724 5046 897 5121 τούτῳ
949 5046 1073 5111 τοὺς
1126 5045 1429 5126 ὀφθαλμοὺς
1500 5044 1567 5102 δι’
1629 5047 1823 5126 εὐχῆς·

212 5124 342 5186 οὕτω
381 5132 539 5203 ζῆλος
596 5133 894 5201 θεοσεϐείας
958 5124 1363 5216 κατακαυχᾶται
1432 5136 1520 5192 καὶ
1589 5124 1820 5216 φύσεως,

213 5219 288 5306 καὶ
366 5226 520 5289 two;
603 5224 814 5295 ἀληθής
895 5228 1028 5306 πρὸς
1116 5228 1248 5282 Θεὸν
1336 5224 1422 5282 καὶ
1505 5231 1822 5304 συγγενικῆς

216 5303 422 5387 ἀνάγκης
472 5303 951 5396 ἐπικρατέστεροςξ
991 5315 1100 5383 Τὴν
1155 5314 1246 5372 κέν
1302 5314 1426 5396 γὰρ,
1499 5315 1544 5372 εἰ
1588 5303 1687 5371 καὶ
1744 5314 1822 5392 μιὶ

215 5401 329 5456 κατὰ
354 5403 501 5481 γένος
530 5404 674 5481 αὖτῷ
716 5410 1008 5486 προσῆκεν,
1069 5402 1190 5462 ἀλλ’
1241 5402 1320 5462 ὅτι
1382 5404 1446 5464 τὰ
1493 5406 1822 5483 Χριστιατῶν

285 5578 312 5628 ἰ
337 5581 548 5663 Ephes.
582 5599 664 5661 Vl,
704 5584 799 5648 ιιι.

1912 4234 2175 4311 ﬁliabus,
2212 4234 2597 4313 membraque
2647 4241 2814 4295 erant
2860 4234 2913 4294 ei
2961 4231 3176 4308 soluta,
3210 4251 3346 4294 cum
3398 4242 3556 4297 esset

1915 4325 2098 4405 pia,et
2114 4323 2508 4387 Christianam
2524 4329 2785 4383 servaret
2807 4319 3180 4399 religionem.
3212 4322 3325 4394 Qui
3354 4330 3553 4383 autem

1914 4414 2104 4477 sancti
2139 4431 2408 4476 sororem
2442 4412 2692 4474 duxerat
2722 4427 2991 4485 uxorem,
3026 4412 3307 4473 adversus
3335 4410 3556 4474 Christi

1913 4503 2207 4583 imagines
2250 4504 2508 4582 graviter
2534 4499 2788 4575 furebat,
2824 4508 2881 4562 et
2908 4498 2969 4561 in
3001 4518 3103 4562 eas
3135 4500 3552 4562 invehebatur.

1913 4593 2222 4657 Accedens
2242 4600 2438 4654 autem
2471 4590 2883 4662 beatos,illam
2916 4588 3162 4669 quidem
3200 4589 3477 4670 precibus
3499 4597 3559 4652 et

1913 4682 2082 4763 signo
2114 4682 2310 4745 crucis
2336 4700 2369 4743 a
2400 4680 2560 4762 gravi
2592 4678 2800 4742 morbo
2843 4678 3161 4743 liberavit:
3198 4680 3357 4742 hunc
3390 4698 3552 4758 vero,

1911 4791 2047 4837 cum
2074 4772 2404 4835 admonens
2436 4789 2555 4832 non
2605 4775 2807 4852 posset
2836 4769 3206 4849 persuadere
3244 4778 3307 4831 ut
3336 4788 3369 4832 a
3397 4769 3558 4849 gravi

1910 4862 2012 4927 illa
2037 4861 2369 4925 abstineret
2400 4861 2649 4935 insania,
2678 4858 2919 4921 tradidit
2961 4858 3313 4941 disciplinae,
3345 4868 3403 4921 et
3433 4860 3553 4921 vis-

1909 4970 2112 5015 cerum
2142 4951 2426 5031 despecta
2454 4950 2829 5030 cognatione,
2862 4956 2919 5010 et
2950 4948 3041 5009 sui
3071 4947 3379 5026 sanguinis
3409 4947 3558 5010 obli-

1909 5049 2004 5105 tus
2060 5051 2300 5123 propter
2359 5057 2557 5102 veram
2626 5037 3006 5114 religionem,
3069 5035 3348 5117 precibus
3418 5054 3553 5099 eum

1909 5132 2082 5194 orbat
2126 5130 2337 5193 oculis.
2374 5132 2463 5192 Ita
2512 5127 2676 5189 zelus
2709 5126 2944 5207 pietatis
2976 5134 3035 5188 et
3062 5123 3192 5189 veri
3225 5125 3331 5190 Dei
3364 5125 3557 5189 cultus

1906 5221 2190 5303 gloriatur
2237 5218 2416 5281 etiam
2446 5225 2652 5278 contra
2677 5215 2868 5294 ipsam
2900 5223 3169 5278 naturam
3206 5237 3219 5280 :
3262 5224 3319 5277 et
3350 5234 3551 5278 verum

1906 5323 1970 5385 in
1999 5311 2186 5373 Deum
2237 5305 2604 5370 desiderium
2648 5313 2741 5369 est
2770 5304 3020 5368 validius
3062 5305 3417 5369 necessitate
3447 5324 3553 5368 co-

1904 5399 2225 5485 gnationis.
2273 5398 2421 5462 Nam
2456 5395 2617 5459 illam
2664 5393 2928 5479 quidem,
2968 5397 3199 5459 etiamsi
3229 5412 3451 5476 genere
3480 5393 3552 5456 ad
