3932 6128
392 201 469 268 67

1691 207 1970 273 MENSIS
2011 208 2454 274 NOVEMBER.

3672 204 3761 270 68

390 357 524 402 eum
583 357 700 402 non
749 341 1050 417 attineret,
1069 341 1348 423 quoniam
1385 346 1580 403 tamen
1636 339 2021 404 Christianam

2184 343 2291 422 ἷμα,
2352 350 2446 401 τοῦ
2506 342 2698 405 πάθους
2756 339 3054 413 ἀπήλλαξε,
3117 340 3206 397 τὰν
3264 337 3345 416 δὲ,
3391 340 3564 397 καίτοι
3611 361 3761 417 γαμ-

389 426 739 490 observabat
767 426 1139 507 religionem,
1174 448 1207 490 a
1258 429 1467 492 morbo
1519 429 1787 493 liberavit
1820 451 1834 493 :
1872 430 2030 492 hunc

388 524 611 591 autem,
645 517 758 580 etsi
812 535 1078 579 sororem
1138 518 1409 580 duxisset
1460 524 1517 579 in
1555 519 2024 594 matrimonium,

391 606 673 688 quoniam
708 624 840 669 cum
883 605 1098 668 divinis
1136 605 1433 686 pugnabat
1485 606 1866 689 imaginibus,
1899 608 2029 670 visu

391 695 652 776 privavit,
687 703 745 757 et
793 714 1023 776 aequum
1078 696 1331 776 censuit,
1386 704 1448 756 ut
1503 696 1657 757 oculi
1707 697 1807 778 qui
1856 704 2025 760 erant

390 788 603 844 bantur
629 784 842 848 oculis.
879 783 980 845 liis
1005 802 1110 865 par
1138 792 1225 845 est
1257 785 1398 846 illud
1431 785 1676 848 addere.

470 870 705 935 XXXII.
741 872 891 936 Huic
923 892 1136 953 magno
1166 874 1326 937 Patri
1358 884 1484 936 erat
1515 876 1732 952 studio,
1766 877 1814 937 si
1872 894 2020 956 quos

390 962 462 1025 ad
489 981 552 1025 se
583 962 858 1026 audiebat
885 964 1230 1034 ascendere,
1267 982 1302 1027 e
1334 973 1533 1026 monte
1564 966 2024 1041 descendere,et

391 1053 479 1115 eis
509 1052 742 1115 obviam
777 1052 1129 1134 procedere.
1174 1054 1292 1117 Cur
1312 1054 1424 1116 hoc
1454 1053 1726 1116 faciens?
1755 1054 2022 1136 Magnam

389 1142 453 1204 in
482 1158 731 1205 ascensu
783 1160 1063 1205 resecans
1120 1145 1487 1206 vexationem
1520 1163 1758 1223 eorum,
1805 1147 1904 1228 qui
1947 1146 2023 1209 ad

389 1230 577 1313 ipsum
607 1230 1036 1295 ascendebant.
1069 1233 1175 1296 Est
1206 1236 1363 1294 enim
1395 1252 1569 1314 asper
1599 1243 1656 1297 et
1683 1235 1921 1299 acclivis
1951 1238 2023 1298 ad

389 1330 648 1384 montem
682 1330 1188 1399 ascensus,etnon
1220 1322 1392 1385 facile
1419 1343 1527 1386 nec
1554 1323 1895 1405 expeditum
1915 1327 2027 1388 iter

385 1409 659 1491 praebens
681 1411 1173 1474 ascendentibus.
1217 1412 1553 1496 Aliquando
1586 1413 1784 1496 itaque
1817 1415 1891 1489 is,
1929 1415 2026 1477 cui

386 1499 680 1580 obtigerat
711 1499 1106 1565 Chalcedonis
1138 1503 1541 1585 pontificatus,
1568 1511 1647 1578 et,
1678 1503 1773 1566 cui
1802 1505 2021 1582 Niceae,

384 1586 620 1666 Petrus,
652 1597 710 1651 et
736 1589 1109 1665 Theodorus,
1158 1591 1477 1673 praefectus
1535 1592 1788 1673 insignis
1831 1593 2026 1674 gregis

2112 428 2236 508 ϐρὸν
2294 430 2444 504 ὅντα,
2516 431 2599 489 ὅτι
2664 444 2791 495 ταῖς
2860 431 3022 496 θείαις
3092 430 3288 487 εἰκόσιν
3360 428 3623 508 ἰμάχετο,
3690 430 3761 485 τὸ

2111 520 2326 598 βλέπέιν
2395 520 2664 602 ἀφείλετο,
2714 522 2803 578 καὶ
2858 517 3101 578 παιδείαν
3167 517 3316 599 ’ἔχειν
3374 524 3480 575 τῶν
3539 518 3762 596 αραινῶν

2110 609 2396 688 ὀφθαλμῶν
2426 614 2549 676 τοὺς
2583 612 2837 693 φανεροὺς
2869 608 3174 673 ἐδικαίωσε,

2082 698 2400 780 manifesti,
2432 701 2868 782 castigarentur
2927 716 3032 780 pro
3088 698 3185 773 iis,
3217 696 3318 777 qui
3363 715 3481 758 non
3545 714 3764 758 cerne-

2183 879 2321 940 AB'.
2407 881 2587 956 Τούτῳ
2618 877 2759 945 ἄξιον
2790 881 2966 938 ἐκεῖνο
3023 882 3356 957 προσθεῖναι,
3421 877 3523 934 Atti
3583 899 3765 935 σπου-

2103 967 2198 1036 ὂῆς
2228 969 2294 1038 ἧν
2323 977 2399 1026 τῶ
2448 970 2668 1048 μεγάλῳ
2717 971 2885 1044 τούτῳ
2943 970 3127 1048 Πιτρὶ,
3191 967 3347 1044 εἴπερ
3410 968 3553 1029 τινας
3617 965 3764 1023 ἐπύ-

2104 1062 2224 1116 θετο
2284 1061 2414 1137 πρὸς
2473 1062 2629 1119 σῦτὸν
2687 1060 2955 1134 ἀνιόντας,
3017 1057 3254 1115 κατιέναι
3312 1079 3370 1114 τε
3438 1063 3530 1113 τοῦ
3600 1054 3762 1134 ὅρους

2107 1146 2203 1205 καί
2233 1150 2445 1214 τούτους
2477 1155 2838 1228 προῦπαντᾷν,
2870 1156 2873 1157 ⁷
2901 1150 2961 1207 Τί
3019 1158 3173 1206 τοῦτο
3232 1170 3298 1203 πο
3312 1153 3404 1203 κῶν
3440 1165 3456 1219 ;
3515 1146 3588 1204 Τὸ
3619 1142 3763 1202 πολὺ

2107 1243 2208 1305 τῆς
2266 1240 2322 1294 ἓν
2388 1244 2457 1316 τῇ
2515 1238 2682 1294 ἆνόδω
2738 1237 3097 1317 ταλαιπωρίαις
3155 1235 3587 1310 ὑποτεμνόμενος
3648 1239 3765 1291 τῶν

2108 1329 2181 1392 ὡς
2240 1329 2395 1385 αὒτὸν
2450 1329 2729 1387 ἀνιόντων.
2789 1338 3033 1407 Τραχεῖα
3091 1328 3190 1404 γὰρ
3249 1328 3283 1395 ἡ
3342 1329 3471 1405 πρὸς
3527 1328 3587 1383 τὸ
3635 1324 3764 1406 ὅρος

2108 1416 2291 1480 ἄνοδος
2346 1417 2433 1473 καὶ
2489 1416 2746 1496 ἆνᾶντης,
2807 1420 2891 1473 καὶ
2960 1418 3039 1490 μὴ
3111 1413 3290 1493 ῥᾳδίαν
3363 1427 3477 1477 τοῖς
3550 1414 3765 1471 ἀνιοῦσι

2110 1503 2237 1579 μηδ’
2294 1506 2492 1585 εὔχερῆ
2548 1504 2859 1586 παρέχουσα
2918 1505 3016 1571 τὴν
3076 1505 3312 1580 πορείαν.
3377 1503 3510 1560 Ποτέ
3563 1509 3696 1582 γοῦν
3737 1505 3768 1559 ὁ

2109 1595 2207 1662 τὴν
2292 1593 2615 1675 Καλχηδόνα
2693 1594 2882 1675 λαχὼν
2942 1596 3027 1651 καὶ
3086 1595 3186 1662 την
3244 1593 3465 1653 Νίκαιαν
3531 1594 3765 1672 Πέτρος,

385 1678 740 1753 Studii,cum
762 1677 984 1761 Joseph
1005 1689 1065 1744 et
1087 1680 1390 1745 Clemente
1410 1682 1481 1745 ad
1509 1682 1704 1764 ipsum
1729 1684 2021 1746 ascende-

2184 1682 2380 1763 όδωρὸς
2413 1707 2464 1740 τε
2499 1686 2525 1740 ὁ
2584 1685 2682 1753 τῆς
2739 1684 3007 1759 ἐπισήμου
3068 1691 3159 1741 τοῦ
3216 1682 3462 1739 Στουδίου
3524 1684 3768 1759 ποίμνης

388 1767 678 1832 bant.Hoc
707 1778 901 1833 autem
940 1789 1074 1832 cum
1106 1772 1482 1852 cognovisset
1512 1783 1776 1854 sanctus,
1814 1773 2025 1836 volens

386 1876 591 1921 eorum
626 1877 895 1939 magnam
929 1860 1127 1924 levare
1156 1861 1262 1924 viae
1296 1861 1734 1935 molestiam.ad
1780 1881 1882 1924 eos
1914 1863 2024 1925 de»

386 1947 618 2011 scendit
665 1967 698 2010 e
735 1957 959 2013 monte.
992 1953 1139 2014 Cum
1204 1969 1343 2014 vero
1393 1951 1655 2014 hominis
1690 1951 1798 2015 Dei
1827 1960 2026 2015 essent

385 2045 583 2119 partes
612 2046 669 2101 et
695 2038 890 2102 facere
914 2057 1009 2116 ea,
1042 2058 1176 2118 qua;
1205 2048 1404 2103 essent
1434 2044 1558 2105 Deo
1589 2050 1777 2121 grata,
1808 2047 1866 2103 in
1889 2060 2023 2104 ser-

387 2145 773 2209 mone,quem
804 2128 876 2191 ad
903 2128 1062 2209 ipsos
1088 2128 1601 2212 habuit,censebat
1621 2130 2020 2195 humilitatem

386 2231 520 2280 esse
551 2217 977 2298 praeferendam
1011 2218 1294 2281 omnibus
1323 2218 1662 2283 virtut.bus.
1696 2221 2020 2302 Postquum

386 2317 586 2369 autem
617 2306 692 2369 ad
751 2305 951 2370 cibum
999 2309 1353 2371 sumendum
1404 2308 1529 2389 jam
1572 2309 2019 2374 accessissent:

386 2391 472 2457 Ne
499 2394 896 2471 conturberis,
918 2394 1323 2478 inquit,frater
1349 2394 1594 2479 Joseph,
1620 2396 1725 2459 sed
1753 2397 1836 2459 sis
1861 2417 2025 2479 para-

385 2491 480 2546 tus
507 2483 582 2546 ad
615 2484 857 2546 exitum.
892 2483 1017 2546 Hoc
1042 2484 1281 2566 quidem
1309 2494 1447 2548 tunc
1487 2487 1576 2549 sic
1602 2485 1847 2563 dictum,
1879 2487 2023 2568 quid

385 2591 521 2635 nam
553 2573 668 2635 sibi
695 2573 874 2636 vellet
896 2571 1261 2637 dubitabitur
1279 2573 1354 2636 ab
1380 2575 1478 2649 iis,
1517 2574 1615 2655 qui
1647 2574 2021 2638 audiverant.

385 2662 531 2725 Cum
562 2671 758 2723 autem
793 2670 923 2743 post
954 2661 1162 2724 decem
1197 2671 1254 2728 et
1287 2672 1421 2725 octo
1448 2663 1577 2725 dies
1599 2662 1821 2745 Joseph
1851 2683 1883 2727 e
1906 2665 2027 2729 vita

384 2751 759 2831 excessisset,
791 2757 953 2813 recte
1010 2751 1434 2814 intellexerunt
1475 2752 1614 2832 quid
1667 2752 1779 2815 sibi
1823 2755 2020 2832 vellet,

384 2840 540 2921 quod
581 2858 827 2917 magnus
857 2839 1107 2903 dixerat.
1151 2841 1398 2904 Divinus
1428 2859 1567 2922 ergo
1609 2843 1705 2906 hic
1738 2846 1910 2905 Pater
1939 2846 2026 2918 sic

385 2949 450 2993 se
481 2928 760 3006 habebat,
791 2938 851 2993 et
886 2939 1104 2991 tantam
1140 2930 1384 3010 gerebat
1404 2950 1606 2994 curam
1631 2932 1881 2994 fratrum
1912 2935 2026 2997 uti“

2109 1771 2477 1854 ἀφηγούμενος
2555 1775 2690 1849 μετὰ
2762 1773 2961 1854 ’[ὦσὴςρ
3034 1776 3121 1830 καὶ
3199 1771 3552 1852 Κλήμεντος,
3625 1775 3766 1850 πρὸς

2109 1864 2263 1921 αὐτὸν
2319 1865 2419 1923 τὴν
2476 1861 2659 1921 ἄνοδον
2717 1862 3017 1921 ἐποιοῦντε.
3079 1864 3150 1921 Τὸ
3218 1861 3273 1918 δὲ
3344 1862 3417 1925 ὡς
3487 1863 3763 1940 γνώριμον

2110 1951 2297 2030 γέγονε
2368 1958 2445 2025 τῷ
2515 1953 2676 2032 ἁγίῳ,
2749 1969 2850 2019 την
2921 1950 3131 2019 πολλὴν
3204 1952 3377 2010 eam.
3462 1953 3764 2027 ὑπο-τεμεῖν

2109 2040 2301 2098 ἐθέλων
2374 2042 2759 2119 ταλαιπωρίαν,
2823 2041 3017 2099 ἄνωθεν
3071 2039 3277 2117 μᾶλλον
3338 2042 3490 2105 αὕτὸς
3549 2044 3610 2097 ὲκ
3666 2050 3767 2099 τοῦ

2105 2129 2254 2209 ὄρους
2308 2154 2439 2210 προς
2499 2131 2685 2196 αὖτοὺς
2741 2129 3001 2191 καίτεισιν.
3061 2128 3211 2188 Ἐπεὶ
3267 2128 3317 2186 δὲ
3373 2135 3450 2203 τῷ
3497 2138 3588 2188 τοῦ
3615 2138 3761 2193 Θεοῦ

2105 2219 2363 2298 ἀνθρώπῳ
2391 2222 2482 2277 καί
2511 2220 2758 2299 πράττειν
2790 2220 2857 2289 ἦν
2915 2219 3065 2300 ἔργον
3123 2221 3212 2277 καὶ
3268 2219 3442 2294 λέγειν
3498 2222 3565 2278 τὰ
3619 2221 3760 2302 φίλα

2106 2316 2243 2389 Θεῷ,
2278 2309 2332 2366 ἐν
2363 2315 2430 2387 τῇ
2459 2312 2590 2389 πρὸς
2625 2311 2808 2370 αὖτοὺς
2868 2308 3049 2385 ὁμιλίᾳ
3103 2309 3289 2366 πασῙόν
3348 2310 3550 2389 ἀρετῶν
3606 2332 3759 2390 προ-

2104 2398 2362 2475 τιμητέαν
2402 2399 2545 2456 εἶναι
2590 2401 2688 2468 τὴν
2743 2400 3061 2455 ταπείνωτιν
3119 2398 3367 2461 ἐδικαίου.
3406 2392 3499 2465 Ὠς
3552 2397 3609 2456 δὲ
3664 2404 3763 2457 καί

2107 2489 2286 2545 σιτίων
2315 2488 2566 2546 ἅπτοιντο
2596 2487 2724 2569 ἤδη,
2758 2490 2842 2556 Πὴ
2872 2491 3183 2569 παρτχθῇς,
3230 2492 3351 2546 εἷπε
3411 2495 3488 2564 τῷ
3540 2488 3763 2570 ἀδελφῷ

2110 2575 2336 2657 ἰωσὴαρ,
2409 2577 2547 2634 ἀλλὰ
2617 2581 2704 2636 καὶ
2772 2581 2903 2658 πρὸς
2973 2579 3071 2647 τὴν
3144 2577 3310 2643 ἔξοδον
3385 2579 3765 2655 ἑτοιμάσθητι.

2109 2677 2272 2726 Τοῦτο
2304 2667 2400 2742 μὲν
2440 2666 2527 2737 δὴ,
2561 2668 2684 2725 τότε
2715 2668 2851 2726 οὕτω
2881 2667 3101 2748 λεχθὲν,
3160 2667 3188 2724 ὅ
3240 2691 3289 2724 τι
3330 2668 3461 2725 ποτὲ
3512 2667 3770 2745 βούλοιτο

2108 2757 2209 2813 ὑπὸ
2280 2762 2384 2813 τῶν
2455 2758 2794 2814 ἀκουσάντων
2867 2756 3201 2836 διηπορεῖτο.
3280 2757 3431 2815 Ἐπεὶ
3508 2757 3558 2815 δὲ
3625 2759 3773 2816 πετὰ

2108 2844 2349 2903 δέκακαὶ
2381 2846 2523 2904 ὀκτὼ
2574 2846 2779 2926 ἡμέρας
2839 2849 2866 2904 ὁ
2924 2845 3125 2928 Ἰωσὴφ
3184 2849 3272 2904 τὸν
3333 2848 3447 2923 βίον
3503 2845 3768 2922 ἀπέλιπε,

2108 2939 2338 3004 συνῆκαν
2369 2934 2601 3015 ἀκριϐῶς
2665 2937 2693 2992 ὃ
2746 2958 2796 2992 τι
2852 2937 2980 2993 ποτὶ
3038 2940 3117 3013 τῷ
3174 2935 3390 3015 μεγαλῳ
3448 2939 3508 2994 τὸ
3563 2935 3769 3017 λεχθὲν

385 3020 585 3093 litatis,
642 3028 704 3080 ut
734 3019 933 3082 omnia
966 3020 1021 3081 ei
1076 3038 1251 3101 parva
1308 3020 1650 3084 viderentur
1678 3031 1736 3085 et
1800 3023 2021 3087 nullius

2184 3025 2385 3088 ούλετο,
2458 3016 2519 3083 Ὀ
2592 3027 2690 3100 μὲν
2764 3035 2852 3085 οὖν
2922 3029 3067 3087 θεῖος
3114 3026 3264 3089 οὗτος
3338 3026 3522 3106 Πατὴρ
3590 3016 3769 3092 οὕτως

384 3109 558 3192 pretii
588 3108 699 3171 nisi
728 3109 903 3171 etiam
934 3127 1103 3171 suam
1136 3110 1392 3172 animam
1416 3120 1668 3191 poneret
1699 3112 2025 3192 proafratri-

384 3199 536 3262 bus:
589 3198 649 3260 in
707 3198 820 3260 hoc
875 3216 1114 3280 quoque
1167 3218 1363 3262 meum
1406 3201 1645 3262 imitans
1674 3200 2018 3280 Dominum,

387 3288 649 3371 qui,cum
665 3295 824 3348 esset
844 3296 1064 3368 pastor,
1085 3299 1143 3351 et
1158 3307 1276 3351 non
1312 3292 1740 3370 mercenarius,
1764 3293 2021 3355 animam

386 3376 641 3460 ponebat
672 3393 779 3459 pro
802 3376 1010 3439 ovibus
1030 3378 1087 3440 8.

465 3640 726 3706 XXXIII.
760 3642 887 3707 Jam
949 3646 1236 3727 agebatur
1283 3646 1527 3728 quidem
1560 3649 1800 3729 quintus
1831 3666 2023 3712 annus

383 3730 620 3813 imperii
648 3733 985 3813 Michaelis;
1015 3738 1534 3818 quartusdecimus
1562 3746 1783 3813 autem,
1813 3756 1883 3801 ex
1911 3757 2028 3815 quo

382 3821 618 3901 Bulgari
648 3823 911 3886 fecerant
934 3826 1371 3906 expeditionem
1408 3837 1464 3889 et
1493 3827 1836 3891 deccsserut
1856 3828 2028 3892 Nice-

385 3910 608 3990 phorus
639 3933 654 3987 ;
690 3930 724 3974 a
753 3932 868 3992 quo
902 3923 1170 3995 tempore
1218 3916 1391 3977 multi
1422 3915 1854 3992 Romanorum,
1892 3936 2027 3979 cum

384 3999 571 4079 patria
604 3999 883 4064 libertate
913 4004 1152 4079 amissa,
1188 4003 1611 4068 detinebantur
1644 4006 1860 4086 captivi
1895 4023 2028 4068 ma-

387 4086 562 4150 nibus
588 4087 1206 4170 Bulgarorum.Venit
1262 4096 1460 4173 itaque
1511 4094 1569 4157 in
1623 4103 1880 4156 mentem
1939 4094 2026 4156 illi

387 4175 659 4258 benignae
689 4186 750 4245 et
780 4181 1061 4245 clementi
1088 4183 1323 4256 animae,
1351 4183 1402 4245 si
1426 4202 1540 4263 quo
1570 4184 1743 4247 modo
1768 4202 1872 4246 eos
1895 4203 2027 4265 pos-

384 4276 476 4330 set
503 4271 763 4333 educere
792 4290 827 4334 a
856 4272 1151 4335 laboriosa
1182 4274 1281 4335 illa
1313 4281 1373 4335 et
1413 4272 1633 4335 afﬂicta
1662 4274 1800 4337 vita.
1838 4272 2025 4336 Inter-

2106 3118 2256 3195 εἶχε⁹
2315 3115 2405 3172 καὶ
2472 3115 2706 3190 τοσούτῳ
2771 3117 2872 3182 τῆς
2940 3121 3047 3172 τῶν
3130 3113 3370 3194 ἀδελφῶν
3456 3115 3764 3196 ἐφρόντιζεν

2104 3202 2386 3283 ὡφελείας,
2452 3201 2561 3279 ὅσῳ
2616 3204 2705 3261 καί
2762 3209 2867 3260 πᾶν
2944 3206 3134 3284 μικρὸν
3219 3203 3361 3279 αὒτῷ
3425 3202 3597 3262 ἐδόκει
3667 3208 3765 3263 καὶ

2104 3299 2199 3350 τοῦ
2254 3291 2484 3369 μηδενὸς
2543 3290 2712 3368 ἄξιον,
2771 3295 2815 3350 εἱ
2874 3293 2952 3369 μὴ
3011 3295 3103 3351 καί
3165 3294 3262 3362 τὴν
3335 3294 3492 3352 αὖτοῦ
3565 3294 3763 3376 ψυχὴν

2103 3381 2233 3462 ὑπὲρ
2287 3380 2512 3462 ἀδελφοῦ
2565 3381 2835 3459 τιθέμενος
2884 3381 3002 3461 εἴη²
3063 3385 3154 3440 τὸν
3215 3383 3343 3459 ἐμὸν
3411 3386 3509 3443 κὰν
3582 3386 3768 3460 τούτῳ

2109 3471 2386 3539 Δεσπότην
2454 3473 2808 3548 μιμούμενος,
2865 3472 2950 3551 ὃς,
3008 3474 3212 3542 ποιμὴν
3267 3473 3341 3531 ὢν
3397 3476 3485 3532 καὶ
3540 3478 3602 3535 οὗ
3652 3498 3763 3552 μι-

2105 3559 2327 3636 σθωτὸς,
2358 3561 2512 3618 ἐτίθει
2539 3562 2637 3630 τὴν
2667 3562 2853 3641 ψυχὴν
2883 3561 3014 3639 ὑπὲρ
3049 3559 3353 3636 προϐάτων,

2186 3649 2313 3710 Al".
2382 3651 2579 3711 Αὐτίκα
2632 3653 2659 3708 ὁ
2716 3652 2816 3727 μὲν
2886 3650 3113 3732 Μιχαὴλ
3187 3653 3431 3728 πέμπτον
3496 3654 3580 3712 ἰπὶ
3652 3659 3761 3723 τῆς

2113 3740 2392 3817 Ῥωμαίων
2476 3741 2656 3821 ἀρχῆς
2743 3740 2862 3806 ἔτος
2945 3740 3045 3820 ἦγε
3073 3789 3090 3821 ,
3175 3742 3766 3823 τεσσαρεσκαιδέκατον

2111 3831 2165 3888 δὲ
2220 3832 2327 3889 ἀπὸ
2386 3833 2482 3899 τῆς
2541 3830 2680 3899 κατῆ
2740 3829 3057 3910 Βουλγάρων
3116 3831 3451 3913 ἐκστρατείας
3511 3834 3610 3891 καί
3663 3856 3771 3891 τε-

2110 3919 2360 3978 λευτῶντι
2421 3927 2499 3995 τῷ
2556 3920 2842 4000 Νικηφόρῳ
2897 3919 3106 3995 ἠνύετο,
3169 3920 3221 3988 ἐξ
3292 3920 3416 3981 ὅσου
3481 3913 3770 3998 Ῥωμαίων

2111 4007 2298 4067 πολλοὶ
2327 4010 2466 4086 μετὰ
2511 4014 2608 4078 τῆς
2665 4008 2913 4089 πατρίδος
2965 4010 3055 4067 καὶ
3106 4010 3206 4079 τὴν
3263 4010 3555 4091 ἐλευθερίαν
3615 4013 3773 4071 ἀπο-

2111 4094 2383 4174 ϐαλόντες,
2430 4099 2767 4179 αἰχμάλωτοι
2819 4096 3136 4178 Βουλγάρων
3193 4103 3349 4181 χερσὶ
3408 4101 3769 4183 κατείχοντο.

2113 4187 2290 4264 Είσῄει
2350 4196 2627 4267 τοιγαροῦν
2697 4188 2873 4246 ἔννοια
2941 4190 3038 4258 τὴν
3109 4189 3477 4271 φιλάνθρωπον
3548 4191 3773 4260 hui-rm:

2107 4277 2312 4356 ψυχὴν,
2387 4274 2559 4342 εἴπως
2620 4276 2803 4343 αὐτοὺς
2864 4281 2962 4346 τῆς
3018 4277 3276 4338 ἐπιπόνου
3331 4283 3420 4338 καὶ
3474 4283 3770 4361 μοχθηρᾶς

383 4374 597 4434 rogans
617 4362 1081 4443 autem,accepit
1110 4379 1414 4423 carcerem
1450 4361 1707 4436 illum,in
1736 4381 1915 4443 quem
1936 4362 2018 4425 illi

2184 4366 2309 4433 ιίνης
2361 4362 2633 4445 διαγωγῆς
2691 4364 2993 4446 ἐξενεγκεῖν
3048 4365 3317 4436 δυνηθείη.
3391 4368 3496 4429 Καὶ
3552 4372 3767 4425 πυνθα-

385 4455 556 4508 erant
606 4449 885 4530 conjectt,
936 4468 1071 4513 esse.
1105 4451 1426 4514 obscurum
1459 4458 1519 4513 et
1553 4450 2019 4529 tenebricosum,

382 4535 530 4598 adeo
561 4544 624 4599 ut
652 4537 742 4598 eis
771 4539 1115 4601 usuveniret
1136 4557 1291 4617 aegre
1323 4540 1502 4615 ferre,
1536 4540 1697 4621 quod
1731 4559 1847 4602 non
1888 4559 2022 4603 cum

384 4623 572 4707 patria
598 4625 766 4688 vitam
792 4646 1027 4709 quoque
1051 4628 1412 4706 amisissent;
1437 4631 1594 4710 quod
1619 4630 1860 4710 quidem
1887 4648 2022 4693 eum

383 4715 572 4795 magis
597 4716 871 4796 angebat.
896 4716 1041 4780 Huic
1065 4736 1206 4798 ergo
1232 4720 1534 4800 preposito
1558 4719 1838 4782 omnibus
1858 4729 2024 4802 post-

381 4805 611 4886 positis,
643 4805 932 4888 relinquit
958 4806 1203 4888 quidem
1238 4808 1402 4871 illam
1436 4819 1662 4886 gratam
1694 4816 1749 4871 et
1785 4809 2024 4872 solitam

377 4894 615 4959 vivendi
669 4896 1017 4961 rationem:
1071 4905 1132 4960 et
1161 4898 1277 4975 via,
1335 4917 1467 4980 quas
1514 4897 1856 4976 intercedit,
1884 4918 2030 4963 con-

380 4981 557 5061 fecta,
584 5003 701 5049 non
732 4984 961 5048 curavit
991 4986 1297 5064 custodes,
1353 4994 1453 5070 qui
1487 5007 1589 5058 eus
1640 4987 2026 5050 circumside-

379 5071 523 5136 bant
553 5093 570 5152 ;
599 5074 704 5138 sed
737 5094 855 5138 non
887 5074 1047 5138 visus
1075 5076 1149 5139 ad
1204 5095 1306 5139 eos
1336 5080 1650 5152 accedens,
1689 5077 1886 5140 statim
1919 5094 2026 5160 pro

378 5162 655 5251 omnibus
685 5166 874 5245 copiis
922 5184 1065 5228 usus
1098 5172 1189 5229 est
1220 5166 1407 5247 ﬁgura
1438 5168 1661 5244 crucis,
1695 5175 1756 5229 et
1782 5186 1851 5231 ea
1881 5185 2023 5251 per-

380 5249 583 5313 fractis
610 5253 855 5315 vinculis
888 5263 945 5316 et
975 5254 1260 5318 claustris
1284 5266 1615 5336 portarum,
1646 5249 1925 5339 tanquam
1948 5257 2023 5321 ab

380 5340 587 5406 inferis
615 5351 674 5405 et
703 5342 914 5408 umbra
969 5345 1199 5422 mortis,
1258 5348 1557 5427 quomodo
1622 5366 1792 5410 meus
1849 5346 2024 5413 Jesus

462 5518 691 5585 8.loan.
723 5525 909 5602 3,15.

2108 4454 2329 4528 νόμενος
2412 4454 2699 4531 ὲμὰιθανε.
2750 4455 2849 4523 τὴν
2955 4457 3163 4537 εἱρκτὴν
3248 4457 3283 4526 ἤ
3363 4460 3484 4524 τοὺς
3564 4455 3768 4537 ἄνδρας

2106 4557 2359 4626 κατεῖχε,
2412 4542 2626 4621 ζοφώδη
2678 4565 2733 4601 τε
2789 4548 2930 4602 εἶναι
2986 4550 3083 4604 καῖ
3144 4548 3429 4627 πνιγηρΞιν,
3489 4550 3564 4612 ὥς
3620 4567 3770 4622 συμ-

2106 4630 2271 4689 ϐαίνει
2321 4633 2509 4698 αὐτοὺς
2570 4634 2652 4691 ὅτι
2711 4634 2789 4710 μὴ
2857 4637 3049 4694 θᾶττον
3135 4635 3597 4696 συναποϐάλλουσι
3685 4643 3765 4715 τῇ

2106 4720 2313 4801 πατρίδι
2343 4723 2434 4780 καὶ
2462 4720 2557 4788 τοὶς
2589 4724 2771 4804 ψυχὰς
2821 4723 3115 4783 ἀνιᾶσθαι·
3175 4726 3203 4782 8
3258 4729 3347 4784 καὶ
3403 4727 3605 4805 μᾶλλον
3666 4747 3765 4786 τον

2108 4810 2267 4892 ἄνδρα
2320 4813 2666 4892 ὑπέθραττεν.
2741 4815 2900 4878 Εὐθὺς
2972 4821 3064 4873 οὖν
3138 4814 3352 4895 δεύτερα
3423 4817 3593 4875 πάντα
3666 4823 3768 4874 τοῦ

2107 4900 2460 4979 προκειμένου
2532 4910 2734 4961 σκοποῦ
2799 4902 3049 4979 θέμενος,
3117 4905 3424 4965 καταλείπει
3496 4906 3593 4982 μὲν
3667 4908 3768 4964 τὸν

2108 4991 2266 5071 φίλην
2338 4990 2549 5060 ἐκείνην
2619 4995 2709 5051 καὶ
2777 4995 2980 5066 συνήθη
3054 4992 3353 5076 διατριϐὴν,
3425 4994 3634 5076 ἀφειδεῖ
3704 4994 3772 5053 δὲ

2107 5079 2373 5160 σφαλερᾶς
2407 5083 2494 5139 ναὶ
2521 5079 2864 5149 κινδυνώδους
2915 5085 3129 5164 πορείας
3190 5088 3278 5144 καὶ
3339 5085 3436 5154 τὴν
3492 5086 3549 5142 ἑν
3611 5084 3772 5161 μέσῳ

2108 5167 2281 5251 τρίϐον
2337 5168 2624 5248 διηνοκὼς,
2682 5174 2791 5231 τῶν
2844 5177 3286 5254 περικαθημένων
3344 5174 3533 5239 αὖτοὺς
3589 5196 3770 5255 φρου-

2107 5266 2209 5341 ρῶν
2279 5260 2374 5318 οὒκ
2432 5261 2761 5341 ἐφρόντισεν,
2823 5262 2942 5322 ἀλλ’
3002 5263 3170 5330 οὕτως
3250 5266 3464 5346 ἀφανῶς
3535 5264 3772 5331 ἐπιστὰς

2106 5365 2227 5417 τοῖς
2259 5348 2533 5433 ἆνδοάσιν,
2567 5352 2755 5419 εὗθέως
2813 5353 2928 5411 ἀντὶ
2983 5355 3161 5424 πάσης
3211 5354 3481 5432 δυνάμεως
3538 5362 3615 5413 τῶ
3672 5362 3772 5415 τοῦ
