3906 6136
341 253 413 325 71
1635 255 1915 322 MENSIS
1954 257 2396 322 NOVEMBER.
3637 249 3704 316 72

341 397 519 458 Pater
543 393 883 474 praedixisse
911 411 1029 454 non
1061 391 1244 453 multo
1305 402 1434 473 post
1477 392 1736 455 futurum
1770 392 1969 458 deces-

2134 407 2309 468 μενον
2383 390 2603 472 Ἀδελφὲ
2675 392 2920 468 Εὗϐὖμιε,
2993 391 3294 467 ἐτοιμλὶζοιγ
3371 389 3536 465 στελῇ
3608 391 3704 468 γὰρ

340 483 590 560 sum,sic
624 482 862 545 dicens:
899 481 1106 543 Frater
1125 481 1416 563 Euthymi,
1444 482 1525 544 sis
1557 491 1811 563 paratus,
1843 503 1976 546 mox

341 575 501 636 enim
535 572 606 635 ad
629 591 946 653 supernam
975 571 1372 651 proficisceris
1410 571 1971 652 peregrinationem.

340 661 512 724 Etsic
542 663 784 744 quidem
815 661 964 723 dixit
987 661 1465 742 Euthymionse
1494 671 1692 723 antem
1728 681 1862 724 cum
1882 681 1978 724 vo-

341 753 550 815 luisset
578 750 809 830 ingredi
839 759 1076 812 antrum
1109 750 1404 830 quoddam
1441 749 1883 816 brevissimum.
1920 763 1980 815 et

341 843 496 922 quod
516 843 604 903 vix
624 839 1027 903 suiliciebatad
1046 839 1742 918 habitandum;inciditin
1761 842 1976 903 daemo-

341 950 502 1013 nem,
530 932 626 1012 qui
659 939 781 991 erat
830 928 1128 1008 prioribus
1159 927 1336 1008 longe
1368 931 1736 994 sceleratior.
1761 931 1850 992 Ab
1877 931 1978 992 illo

340 1021 497 1082 enim
514 1019 796 1101 spelunca
810 1018 1219 1098 appellabatur
1233 1017 1683 1098 Toparclia.Qui
1706 1039 1774 1080 cu
1787 1039 1840 1080 m
1860 1041 1976 1082 non

337 1111 520 1172 ferret
569 1109 840 1172 habitare
885 1127 1018 1169 cum
1074 1105 1588 1186 Joannicio,niger
1611 1118 1666 1171 et
1698 1110 1978 1172 terribilis

336 1200 585 1262 accessit
621 1197 692 1259 ad
727 1197 1056 1270 Danielem,
1110 1205 1175 1259 ut
1224 1216 1357 1258 eum
1397 1200 1639 1275 quidem
1673 1208 1926 1261 terreret
1957 1221 1971 1260 :

335 1290 434 1350 ille
479 1295 676 1350 autem
706 1297 955 1367 accepto
990 1305 1224 1367 quoque
1267 1286 1579 1350 Joannicie
1639 1290 1971 1351 recederet.

335 1378 453 1441 Sed
485 1379 544 1450 ii,
573 1387 636 1439 ut
669 1377 772 1454 qui
804 1377 918 1437 sibi
949 1377 1341 1456 conﬁderent,
1379 1385 1550 1438 erant
1592 1379 1870 1454 interriti,
1921 1386 1978 1441 et

335 1469 496 1530 illius
515 1467 705 1546 fugam
733 1466 926 1546 potius
940 1465 1540 1544 exspectabant.Cum
1569 1486 1711 1547 ergo
1733 1468 1977 1531 vidisset

336 1557 629 1634 malignus
653 1573 754 1616 eos
797 1555 948 1616 adeo
979 1555 1164 1616 fortes
1199 1565 1257 1615 et
1290 1565 1655 1630 constantes,
1711 1557 1976 1620 Danielis

2060 482 2183 540 ὅσον
2234 485 2379 539 οὕτω
2432 483 2531 549 τὴν
2591 484 2721 560 πρὸς
2753 484 2841 538 τὸν
2895 480 3004 538 ἄνω
3051 482 3327 548 Δεσπότην
3379 481 3700 555 ἆποδημιαν,

2065 579 2160 636 Καὶ
2204 583 2279 651 τῷ
2335 579 2573 653 Εὖθυμίῳ
2632 577 2729 650 μὲν
2782 575 2948 638 οὕτως
2998 575 3121 655 ἔφη,
3184 575 3421 653 ’Ἃντρον
3473 597 3519 631 τι
3574 575 3704 652 βρα-

2061 667 2314 746 χύτατον,
2363 668 2450 722 καὶ
2499 663 2635 739 μηδὲ
2689 668 2821 745 πρὸς
2890 667 3096 732 οἶκησιν
3145 663 3339 744 σχεδὸν
3384 665 3576 741 ἀρκοῦν
3622 665 3703 720 οἱ-

2062 761 2226 823 κῆσαι
2299 758 2652 834 προθυμηθεὶς
2685 801 2701 829 ,
2773 752 2980 829 δαίμονι
3051 756 3104 810 ἐν
3181 759 3321 828 αὗτῷ
3393 752 3528 810 πολὺ
3600 760 3705 810 τῶν

2063 844 2332 922 προτέρων
2382 845 2786 923 περιτυγχάνει’
2849 845 3141 923 Τοπᾴοχης
3203 845 3300 921 γὰρ
3356 843 3446 900 ἀπ’
3507 843 3705 898 ἑκείνου

2063 936 2145 990 καί
2204 935 2264 990 τὸ
2323 932 2592 1003 σπήλαιον
2651 932 2921 992 ἐκαλεῖτο.
2978 917 3074 996 τ’ος
3134 933 3254 988 ἐπεῖ
3304 933 3382 1007 μὴ
3441 946 3706 989 συνοικεῖν

2063 1021 2212 1102 ἔφερε
2263 1029 2338 1096 τῷ
2398 1022 2727 1101 Ἰωαννικίῳ,
2762 1029 2836 1095 τῷ
2900 1021 3099 1090 Δανιὴλ
3144 1021 3308 1096 μέλας
3369 1021 3567 1088 ἐπῆλθε
3619 1023 3707 1078 καὶ

2062 1109 2308 1188 φοϐερὸς,
2342 1113 2415 1173 ὡς
2476 1111 2538 1165 ἅν
2567 1119 2751 1168 τοῦτον
2801 1113 2896 1188 μὲν
2946 1111 3286 1187 καταπλήξῃ,
3324 1114 3350 1166 ὁ
3394 1109 3447 1166 δὲ
3480 1113 3566 1167 καὶ
3615 1113 3705 1168 τὸν

2062 1202 2378 1259 Ἰωαννίκιον
2465 1200 2786 1279 παραλαϐὼν
2821 1250 2835 1277 ,

2060 1290 2210 1349 Ἀλλ’
2270 1299 2410 1348 οὗτοι
2483 1293 2715 1367 καθάπερ
2773 1291 3167 1369 ἐπιθαῤῥοῦντες
3223 1292 3482 1358 ἀπτόητοι
3557 1292 3704 1347 ὦσαν

2062 1384 2156 1448 τὴν
2214 1380 2412 1440 ἐκείνου)
2487 1381 2690 1456 μᾶλλον
2741 1383 2909 1460 φυγὴν
2967 1381 3340 1456 ἀναμένοντες.
3405 1381 3554 1438 Ἐπεὶ
3615 1389 3702 1438 οὖν

2059 1471 2346 1548 ἀτρέπτως
2397 1469 2564 1534 οὸτως
2625 1473 2652 1526 ὁ
2697 1474 2929 1548 πονηρὸς
2979 1473 3062 1527 καὶ
3095 1473 3363 1549 γενναίους
3418 1470 3578 1546 ἑώρα,
3614 1480 3707 1527 τοῦ

2911 1205 3080 1258 οπίσω
3170 1201 3328 1257 πάλιν
3413 1202 3701 1282 χωρησοι.

2060 1561 2155 1634 μὲν
2226 1558 2430 1627 Δανιὴλ
2487 1574 2603 1624 τοῖς
2662 1563 2783 1617 ποσὶ
2842 1559 3209 1638 περιειληοεῖς,
3273 1564 3364 1616 τοῦ
3421 1563 3708 1636 θαυμασίου

335 1646 580 1723 quidem
608 1643 1356 1725 pedibuscircumvolutus,
1378 1645 1748 1708 admirabilis
1777 1655 1969 1709 autem

2173 1649 2494 1706 Ἰωαννικίου
2548 1656 2615 1726 τῇ
2673 1650 2874 1728 πλευρᾷ
2930 1649 3146 1728 πληγὴν
3179 1651 3335 1716 ἐνθεὶς
3394 1649 3708 1727 περιωδυνίᾳ

333 1736 628 1798 Joannicii
662 1733 831 1797 lateri
863 1734 1034 1815 plaga
1061 1736 1358 1816 imposita,
1395 1736 1450 1798 ei
1474 1737 1713 1817 quidem
1739 1747 1969 1800 tantum

2134 1763 2156 1794 ν
2213 1736 2521 1817 περιϐάλλει
2591 1742 2683 1796 τὸν
2741 1738 2924 1818 ἄνδρα,
2987 1744 3072 1797 καὶ
3139 1747 3415 1818 τοσοῦτον,
3479 1743 3550 1804 ὡς
3623 1741 3707 1798 ἐπὶ

332 1826 600 1888 dolorem
626 1825 840 1900 attulit,
865 1834 927 1887 ut
959 1833 1114 1887 esset
1142 1834 1340 1888 mutus
1371 1834 1520 1887 totos
1549 1841 1777 1906 septem
1803 1828 1968 1889 dies:

2134 1830 2191 1884 τὰ
2242 1828 2370 1891 ὅλας
2403 1829 2601 1908 ἡμέρας
2651 1828 2861 1909 ἄφωνον
2905 1831 3071 1887 εἶναι·
3105 1833 3133 1887 ὁ
3188 1830 3241 1886 δὲ
3272 1831 3473 1909 ἀφανὴς
3520 1833 3707 1888 αὖτίοια

331 1917 434 1977 ille
465 1934 601 1977 vero
621 1916 814 1977 statim
843 1912 1098 1977 evanuit.
1134 1915 1252 1978 Sed
1278 1924 1546 1977 sanctum
1571 1916 1812 1996 quidem
1837 1934 1973 1978 rur-

331 2023 433 2066 sus
461 2003 676 2083 accipit
707 2021 878 2065 mons
907 2000 1282 2066 'l’richalicis.

412 2091 770 2157 XXXVll.Si
792 2093 932 2174 quid
954 2101 1496 2175 autem,postquam
1531 2095 1696 2157 illinc
1719 2094 1968 2176 abierat,

333 2183 566 2246 molesti
591 2183 815 2264 aliquid
860 2182 1160 2245 acciderat
1181 2183 1274 2264 iis,
1310 2183 1409 2264 qui
1442 2193 1610 2247 erant
1651 2184 1708 2245 in
1743 2193 1967 2260 monte,

331 2273 392 2334 id
441 2287 650 2334 rursus
695 2280 882 2334 totum
927 2273 1002 2334 de
1035 2272 1231 2334 medio
1277 2273 1536 2335 ablatum
1570 2283 1663 2336 est
1703 2276 1836 2355 ejus
1868 2276 1974 2337 ad-

332 2371 533 2426 ventu.
568 2365 642 2426 Et
671 2381 827 2424 nunc
859 2363 1100 2444 quidem
1146 2381 1345 2445 eruca,
1381 2381 1512 2444 quae
1541 2374 1970 2427 nocumentum

328 2451 612 2515 aﬂ‘erebat
641 2451 928 2534 oleribus,
964 2452 1239 2532 precibus
1262 2465 1321 2515 et
1353 2452 1524 2533 signo
1570 2454 1765 2516 crucis
1800 2455 1973 2533 fuga-

329 2542 553 2605 batura
585 2542 854 2616 circuitu,
893 2561 1052 2604 nunc
1098 2549 1295 2604 autem
1329 2542 1403 2603 iis
1433 2543 1532 2622 qui
1565 2543 1707 2604 illuc
1729 2543 1975 2604 accede-

2058 1919 2280 1994 γίνεται.
2319 1917 2486 1976 Ἀλλὰ
2518 1921 2609 1975 τὸν
2672 1920 2820 1996 ἅγιον
2852 1921 2938 1976 καὶ
2971 1925 3114 1983 αὖθις
3169 1921 3228 1976 τὸ
3260 1927 3349 1976 τοῦ
3381 1921 3706 2000 Τριχάλικος

2067 2005 2091 2026 ν
2321 2005 2351 2032 ρ
2371 2008 2381 2024 ρ

2058 2029 2178 2080 ορος
2207 2006 2488 2082 λαμοανει,

2138 2096 2270 2160 ΛΖ¹.
2307 2098 2363 2155 Εἰ
2417 2096 2469 2152 δὲ
2503 2119 2551 2153 τι
2609 2098 2744 2171 μετὰ
2792 2097 2890 2164 τὴν
2949 2098 3150 2154 ἐκεῖθεν
3182 2098 3272 2155 τοῦ
3323 2097 3504 2178 ἀνδρὸς
3559 2100 3706 2158 ἆπο-

2055 2183 2247 2262 δημίαν
2302 2199 2418 2254 τοῖς
2478 2186 2531 2242 ἐν
2565 2192 2640 2261 τῷ
2695 2186 2801 2265 ὄρει
2839 2187 3075 2267 λῦπηρὸν
3105 2188 3334 2266 ἐγένετο,
3381 2197 3536 2247 τοῦτο
3596 2196 3702 2248 πᾶν

2057 2276 2115 2332 ἔκ
2177 2283 2270 2334 τοῦ
2328 2277 2494 2352 μέσου
2548 2276 2709 2354 ἤρετο
2766 2277 2831 2353 τῇ
2885 2277 3140 2353 ὲπιδῆμίᾳ
3210 2278 3393 2342 πάλιν,
3466 2282 3562 2338 Καὶ
3622 2288 3713 2338 νῦν

2060 2365 2155 2441 μὲν
2195 2366 2386 2440 κάμπη
2427 2378 2545 2429 τοῖς
2578 2365 2838 2446 λαχάνοις
2897 2365 3370 2443 διαλυμαινομὲνη,
3413 2371 3553 2448 air/jx
3614 2374 3709 2428 καί

2060 2456 2268 2530 σημείῳ
2345 2463 2569 2533 σταυροῦ
2641 2461 2744 2512 τῶν
2817 2456 3107 2536 περικόλων
3185 2457 3529 2515 ἂπεδιώκετὸσ
3621 2469 3711 2517 νῦν

2059 2543 2113 2600 δὲ
2170 2557 2289 2610 τοῖς
2352 2544 2468 2601 ἐκεῖ
2530 2544 2963 2624 παραϐάλλουσιν
3025 2552 3059 2614 ἡ
3133 2546 3354 2615 τελευτὴ
3431 2547 3709 2616 ἐδηλοῠνο.

330 2631 662 2712 bant,mors
685 2629 1273 2711 praesigniﬁcabatur.
1304 2631 1378 2692 Et
1401 2631 1487 2691 illi
1520 2631 1765 2708 quidem
1795 2631 1969 2693 rebus

2134 2636 2156 2690 ,ἱ
2229 2638 2276 2690 οἱ
2334 2635 2431 2710 μὲν
2488 2636 2552 2691 τὰ
2610 2635 2730 2692 κατ’
2789 2636 2977 2700 αὖτοὺς
3031 2639 3087 2693 εὖ
3141 2637 3366 2694 ἐτίθεντο
3423 2638 3518 2696 καὶ
3577 2643 3712 2718 πρὸς

330 2721 453 2782 suis
505 2720 922 2801 providebant,
957 2728 1016 2781 et
1066 2738 1130 2780 se
1165 2719 1448 2800 parabant
1497 2720 1568 2781 ad
1606 2738 1916 2783 excessum
1955 2744 1967 2785 :

2134 2749 2155 2778 ν
2233 2721 2490 2798 ἐκδημίαν
2561 2727 3036 2802 παρεσκευάίζοντο·
3101 2730 3127 2784 ὃ
3201 2725 3253 2782 δὲ
3314 2729 3547 2806 πονηρὸς
3621 2733 3713 2785 καὶ

332 2810 623 2889 malignus
655 2817 851 2870 autem
898 2815 956 2870 et
989 2808 1176 2869 hostis
1225 2809 1468 2871 humani
1501 2810 1760 2889 generis,
1799 2811 1969 2891 lupus

2182 2815 2284 2871 τῶν
2343 2814 2630 2893 ἀνθρώπων
2662 2815 2800 2894 γένει
2859 2815 3114 2890 πολέμιος
3169 2815 3324 2882 λύκος
3375 2817 3464 2892 ἦν,
3508 2819 3568 2875 τὸ
3615 2827 3713 2874 τοῦ

330 2906 480 2974 erat,
517 2905 582 2960 ut
613 2897 868 2968 ducitur,
903 2898 1122 2960 frustra
1155 2897 1352 2960 hians.
1384 2900 1468 2962 Ita
1500 2899 1676 2961 etiam
1729 2899 1967 2962 cuidam

2134 2926 2236 2983 (ου,
2272 2904 2449 2978 μάτην
2510 2905 2716 2984 χανών.
2753 2903 2902 2962 Οὕτω
2955 2907 3043 2961 καί
3089 2929 3188 2962 τινι
3243 2905 3489 2982 ἰσαακὲῳ
3539 2905 3708 2985 ἀνδρὶ,

327 2993 451 3050 viro
505 2989 712 3063 Isacio,
774 2986 876 3067 qui
929 2985 1167 3048 feminae
1228 2987 1586 3051 inserviebat
1638 2990 1964 3070 monachae,

2134 2994 2357 3071 ναζούσῃ
2405 2997 2613 3072 γυναικὶ
2669 2995 3106 3072 ὑπηρετουμένῳ,
3165 2995 3347 3063 ἐπειδὴ
3391 2995 3426 3061 ἦ
3484 2995 3712 3066 τελευτὴ

329 3075 608 3158 quoniam
657 3075 1002 3166 praedictum
1033 3074 1226 3166 fuerat
1255 3095 1291 3138 a
1319 3083 1545 3166 sancto,
1583 3077 1710 3139 fore
1741 3085 1803 3139 ut
1834 3096 1967 3140 mox

2134 3104 2195 3138 ειν
2245 3085 2384 3158 αὐτῷ
2446 3083 2573 3140 ὅσον
2630 3082 2837 3142 οὐδέπω
2900 3085 3002 3141 ὑπὸ
3051 3093 3141 3143 τοῦ
3197 3085 3345 3163 ἁγίου
3395 3086 3708 3166 προείρητο,

328 3166 401 3227 ad
432 3184 570 3227 eum
607 3163 835 3226 veniret
865 3165 992 3226 vitae
1032 3165 1192 3247 ﬁnis,
1225 3173 1282 3229 et
1313 3165 1448 3228 ideo
1482 3174 1784 3246 Oporteret
1830 3185 1964 3228 eum

2134 3176 2328 3229 κεῦθεν
2399 3171 2516 3230 δέον
2577 3175 2706 3252 πρὸς
2777 3174 2876 3241 τὴν
2952 3173 3210 3251 ἐγδημίαν
3293 3177 3706 3253 εὐτρεπίζεσθαι,

329 3273 394 3316 se
413 3272 620 3335 parare
642 3253 714 3314 ad
731 3253 1177 3334 decessum,ille
1206 3261 1404 3316 autem
1430 3255 1801 3334 negligenter
1820 3255 1969 3318 vive-

2139 3259 2194 3318 δὲ
2224 3261 2438 3338 ἀμελῶς
2484 3261 2577 3334 ἔζη
2622 3264 2708 3321 καὶ
2755 3263 3068 3340 ἀνειμένως,
3105 3267 3228 3323 εἶτα
3277 3267 3365 3322 καὶ
3415 3268 3544 3343 πρὸς
3603 3268 3708 3343 αὖ·

327 3354 416 3406 ret
448 3352 505 3406 et
529 3350 803 3419 remisse,
842 3343 1062 3405 deinde
1092 3343 1267 3406 etiam
1299 3363 1504 3406 rursus
1533 3353 1603 3406 ad
1641 3348 1833 3426 ipsum
1863 3343 1970 3407 Dei

328 3434 631 3495 hominem
664 3434 1032 3496 ascendisset
1060 3453 1072 3496 :
1104 3431 1465 3514 Cur,inquit,
1497 3433 1692 3496 adhuc
1724 3435 1973 3496 munda-

328 3523 421 3584 nis
441 3533 764 3602 occupatus
782 3523 1542 3596 sollicitudinibus,nullam
1563 3523 1742 3586 futuri
1769 3543 1971 3587 curam

323 3613 513 3691 geris?
544 3613 660 3676 Sed
694 3615 795 3675 ille
829 3613 1072 3693 quidem
1106 3615 1320 3694 partim
1345 3633 1377 3674 a
1409 3613 1647 3676 domina
1676 3620 1917 3676 coactus
1947 3634 1961 3695 ;

327 3702 542 3784 partim
565 3712 759 3765 autem
786 3706 959 3766 etiam
1000 3722 1103 3765 sua
1134 3713 1348 3785 sponte
1380 3705 1659 3766 inductus
1706 3705 1788 3774 (in
1826 3723 1968 3785 pos-

325 3794 661 3855 sessionum
686 3795 843 3855 enim
872 3813 1013 3856 cura
1042 3795 1301 3872 gerenda
1318 3803 1442 3856 erat
1466 3795 1632 3856 valde
1665 3794 1867 3870 utilis).
1896 3795 1967 3857 ad

328 3882 475 3943 nillil
508 3892 596 3944 est
631 3885 917 3946 excitatus
967 3903 1198 3958 eorum,
1231 3903 1362 3964 quze
1412 3884 1744 3962 oportebat,
1776 3902 1970 3965 neque

329 3972 438 4032 sibi
493 3971 764 4032 ultimum
814 3972 1036 4052 paravit
1083 3974 1380 4036 viaticum.
1434 3973 1562 4034 Non
1595 3973 1784 4034 multo
1840 3983 1972 4054 post

326 4069 522 4121 autem
549 4059 788 4122 morbus
818 4070 876 4122 et
907 4063 1398 4144 necessitasque)
1429 4081 1564 4124 eum
1593 4062 1971 4135 invasit,fecit

326 4157 392 4209 ut
421 4155 481 4209 et
531 4150 921 4212 monasticum
967 4152 1244 4214 indueret
1273 4152 1566 4226 habitum,
1603 4160 1660 4214 et
1691 4157 1767 4232 ei,
1819 4152 1966 4231 proh

328 4239 500 4300 dolor
527 4240 539 4299 Ξ
571 4248 822 4303 mortem
848 4242 1044 4304 attulit
1073 4261 1105 4302 e
1130 4242 1390 4321 vestigio.
1423 4241 1537 4304 Sed
1566 4240 1723 4320 quod
1755 4241 1966 4302 attinet

329 4329 568 4408 quidem
618 4329 692 4391 ad
730 4333 1004 4408 Isacium,
1070 4333 1434 4405 necessitati,
1490 4350 1607 4392 non
1661 4329 1962 4408 voluntati,

329 4420 622 4499 quispiam
655 4421 715 4483 id
744 4432 1052 4502 acceptum
1083 4421 1285 4482 tulerit
1314 4439 1325 4482 :
1363 4421 1502 4483 huic
1532 4428 1726 4482 autem
1756 4439 1967 4499 magno

329 4509 488 4571 l’atri
519 4528 655 4571 vere
677 4519 982 4590 paternam
1009 4511 1352 4590 ascripserit
1378 4509 1783 4590 affectionem,
1811 4511 1964 4590 quod

2134 4516 2196 4583 ιῷ
2252 4513 2645 4592 προηγόρευσεν

327 4597 383 4660 ei
408 4606 655 4660 mortem
684 4601 1058 4679 praedixerat,
1083 4599 1318 4662 etiamsi
1348 4599 1457 4661 ille
1502 4598 1649 4660 nihil
1684 4608 1964 4675 mutatus,

326 4689 388 4750 in
410 4688 595 4766 priori
622 4690 896 4752 socordia
929 4689 1005 4751 sit
1043 4697 1332 4750 mortuus.

405 4775 716 4842 XXXVIII.
752 4777 868 4840 Sed
916 4778 1074 4840 enim
1137 4777 1278 4859 hinc
1335 4795 1573 4859 quoque
1633 4785 1771 4841 nota
1823 4779 1970 4841 fiunt

2052 3351 2144 3406 τὸν
2201 3350 2360 3408 πάλιν
2418 3353 2507 3407 τὸν
2565 3358 2656 3410 τοῦ
2716 3361 2849 3410 Θεοῦ
2898 3352 3184 3434 ἅνθρωπων
3235 3341 3711 3435 ἆνεληλύθει,“ινα

2053 3438 2125 3518 τί,
2186 3441 2338 3518 φησὶ,
2404 3444 2693 3514 κοσμικαῖς
2769 3439 2844 3498 ἔτι
2905 3443 3170 3520 φροντίσιν
3241 3441 3710 3521 ἐνασχολοΰμενος

2057 3527 2298 3603 οὐδεμίαν
2369 3538 2460 3586 τοῦ
2535 3528 2822 3599 μέλλοντος
2902 3529 3147 3610 φροντίδα
3234 3545 3458 3608 armate;
3553 3529 3706 3588 Ἀλλ’

2051 3621 2258 3681 ἒκεϊνος
2335 3620 2421 3675 καὶ
2500 3619 2636 3675 ἑκὼν
2708 3620 2968 3699 ὑπαχθεὶς
3045 3618 3188 3699 (περὶ
3260 3622 3360 3698 γὰρ
3417 3625 3518 3688 τὴν
3600 3628 3711 3678 τῶν

2055 3708 2343 3784 κτημάτων
2421 3707 2731 3782 ἐπιμέλειαν
2810 3707 3108 3789 εὔχρηστος
3181 3710 3287 3790 ἦ),
3352 3712 3481 3790 πρὸς
3559 3709 3710 3766 οὐδὲν

2053 3803 2157 3854 τῶν
2224 3797 2450 3855 δεόντων
2519 3797 2773 3867 διανέστη
2807 3847 2823 3873 ,
2898 3798 3004 3858 οὐδ’
3061 3800 3136 3856 ἔτι
3217 3801 3389 3874 ἑαυτῷ
3447 3801 3709 3875 ἡτοίμασε

2052 3886 2364 3946 τελευταῖον
2423 3887 2650 3968 ἐφόδιον,
2713 3893 2785 3948 Οὔ
2857 3889 3045 3964 πολλῷ
3099 3897 3224 3967 γοῦν
3281 3889 3494 3968 ὕστερον
3553 3891 3711 3957 νόσος

2053 3980 2195 4052 αὖτῷ
2247 3979 2334 4034 καὶ
2393 3977 2598 4055 ἀνᾶρκη
2671 3977 3003 4036 ἐπιπεσοῦσα
3063 3979 3180 4054 μετ’
3235 3978 3598 4059 ἆμφιάσασθαί
3652 3984 3711 4037 τε

2054 4068 2114 4123 τὸ
2171 4072 2278 4122 τῶν
2334 4075 2593 4146 μοναχῶν
2651 4067 2869 4135 ἐποίησε
2936 4073 3155 4149 σχῆμα,
3213 4070 3300 4125 καὶ
3352 4069 3594 4144 θάνατον,
3651 4070 3711 4127 οἷ

2054 4161 2191 4228 μοιί
2256 4153 2561 4219 καταπόδας
2620 4157 2944 4237 ὑπήνεγκεν,
3007 4155 3176 4215 Ἀλλὰ
3229 4158 3290 4214 τὸ
3347 4157 3445 4233 μὲν
3501 4158 3583 4214 ἐπὶ
3631 4165 3712 4232 τῷ

2051 4243 2296 4316 ἰσααιιίῳ
2353 4250 2417 4321 τῇ
2475 4245 2686 4325 ἀνάρχῃ
2755 4246 2815 4302 ἄν
2865 4270 2967 4322 τις,
3029 4249 3087 4302 οὒ
3115 4253 3182 4323 τῇ
3240 4247 3512 4326 προαιρέσι
3545 4249 3711 4327 χάριν

2051 4331 2210 4399 εἰδείη
2243 4381 2258 4403 ,
2316 4339 2393 4407 τῷ
2452 4331 2506 4388 δὲ
2566 4335 2785 4412 μεγάλῳ
2842 4337 3011 4404 τούτῳ
3072 4336 3234 4413 Πατρὶ
3303 4337 3570 4415 πατρικὴν
3631 4340 3708 4401 ὡς

2053 4421 2262 4488 ἀληθῶς
2319 4422 2417 4489 τὴν
2449 4420 2678 4480 διάθεσιν
2739 4425 3043 4505 ἐπιτρέψοι,
3082 4425 3162 4481 ὅτι
3217 4426 3280 4482 τὰ
3309 4430 3408 4492 τῆς
3451 4424 3708 4494 τελευτῆς

2652 4562 2668 4594 ,
2716 4516 2761 4571 εἰ
2819 4517 3096 4590 κάκετνῦς,
3130 4511 3295 4590 μηδέν
3354 4537 3403 4570 τι
3461 4513 3706 4590 μεταϐα-

2051 4597 2184 4681 λὼν,
2210 4606 2278 4678 τῇ
2307 4602 2536 4683 προτέρᾳ
2581 4603 2864 4669 ἐναπέθανε
2896 4605 3136 4682 ῥᾳθυμίᾳ.

2131 4780 2265 4841 AH’.
2349 4780 2514 4839 Ἀλλὰ
2573 4783 2672 4861 γὰρ
2728 4785 2962 4841 ἒντεῦθεν
3033 4786 3275 4864 γνώριμα
3345 4787 3558 4847 πάντως
3619 4786 3708 4842 καὶ

325 4869 568 4929 omnino
625 4885 716 4942 ea,
773 4887 905 4946 quae
950 4868 1152 4948 justus
1202 4867 1452 4930 faciebat
1498 4868 1589 4930 vel
1637 4869 1807 4931 lsacii
1854 4867 1967 4931 do-

2189 4872 2426 4951 πάρεργα
2489 4879 2582 4929 τοῦ
2661 4869 2902 4950 δικαίου,
2954 4876 2990 4941 ἡ
3070 4875 3163 4932 τοῦ
3224 4873 3483 4934 Ἰσαακίου
3553 4877 3708 4951 κυρία

327 4957 509 5038 mina,
555 4975 688 5018 cum
721 4964 881 5018 esset
930 4966 990 5020 et
1017 4957 1330 5032 monacha,
1362 4957 1516 5020 sicut
1546 4976 1580 5020 a
1612 4975 1706 5020 me
1739 4958 1967 5020 dictum

324 5055 436 5116 est,
463 5053 522 5107 et
549 5044 768 5122 vetula,
812 5055 870 5107 et
901 5047 1178 5128 praefecte
1209 5049 1558 5109 monasterii
1594 5046 1964 5128 Clubiorum,

2053 4962 2269 5039 μοναχῆ
2327 4983 2385 5016 τε
2445 4968 2598 5035 οὖσα,
2648 4961 2828 5040 ὥσπερ
2879 4985 2971 5039 μοι
3031 4964 3268 5042 εἴρηται,
3333 4968 3419 5022 καὶ
3479 4966 3708 5044 γηραιὰ,

2051 5049 2147 5105 καὶ
2207 5049 2272 5116 δὴ
2330 5052 2418 5106 καὶ
2469 5055 2565 5118 τῆς
2623 5051 2729 5108 τῶν
2791 5050 3062 5110 Κλουϐίων
3109 5054 3458 5135 ἀφηγουμένη
3509 5057 3705 5129 μονῆς,

325 5135 398 5198 ad
422 5135 618 5216 ipsum
651 5135 972 5215 aliquando
1002 5136 1271 5198 ascendit
1299 5137 1478 5199 simul
1522 5155 1656 5200 cum
1689 5137 1810 5200 ﬁlia
1842 5155 1969 5217 pre-

2134 5136 2248 5204 ᾗλθέ
2309 5161 2440 5196 ποτε
2491 5139 2616 5217 παρ’
2647 5141 2801 5224 ἀύτὸν
2849 5139 2961 5218 ἅμα
3012 5148 3079 5220 τῇ
3130 5147 3342 5224 Θυγατρὶ
3397 5143 3709 5223 προσευχῆς

328 5224 576 5313 cationis
604 5225 785 5303 gratia
815 5233 872 5287 et
892 5225 1470 5290 benedictionis.llle
1491 5236 1969 5307 autem,accepto

2136 5249 2216 5307 ριν
2266 5229 2355 5286 καὶ
2385 5227 2651 5309 εὐλογίας.
2713 5221 2769 5286 Ὀ
2801 5227 2857 5286 δὲ
2913 5232 2980 5299 ἣν
3028 5235 3062 5301 ἡ
3121 5221 3306 5310 μήτηρ
3353 5221 3490 5291 κατὰ
3539 5221 3707 5313 χεῒρα

330 5311 566 5388 baculo,
616 5333 793 5394 quem
855 5324 1043 5378 mater
1087 5335 1266 5379 manu
1311 5316 1572 5393 tenebat,
1627 5316 1868 5379 tradidit
1907 5315 1969 5378 in

2134 5339 2216 5398 (εν
2297 5319 2586 5397 βακτηρίαν
2673 5317 2850 5377 λαϐὼν
2940 5328 3007 5390 τῆ
3091 5325 3306 5401 θυγατρὶ
3386 5311 3704 5402 ἐνεχείρισε.

328 5420 568 5492 manum
593 5404 1120 5467 ﬁliaa.Conturbata
1139 5425 1278 5485 ergo
1301 5415 1490 5468 mater
1519 5407 1750 5487 puellae,
1776 5405 1962 5467 dixit:

2134 5411 2498 5489 αταραχθετσα
2561 5416 2650 5466 οὖν
2723 5411 2758 5478 ἡ
2828 5415 2928 5478 τῆς
3003 5408 3187 5477 παιδὸς
3249 5415 3454 5492 μήτηρ·
3524 5412 3705 5488 Ἐμοὶ,

326 5491 497 5573 Mihi,
530 5499 720 5574 pater,
754 5495 940 5575 magis
970 5493 1361 5559 conveniebat
1391 5495 1661 5576 baculus,
1691 5497 1788 5575 qui
1825 5512 1964 5557 cor-

2134 5519 2240 5576 τερ,
2285 5500 2320 5566 ἡ
2378 5500 2638 5578 βαγτηρία
2696 5498 2902 5575 μᾶλλον
2958 5503 3228 5579 προσῆκεν
3282 5491 3708 5582 ὑποστηρίζουσα

327 5598 440 5666 pus
458 5599 659 5645 meum.
677 5582 843 5647 fulcit
857 5602 925 5648 ac
945 5585 1200 5650 sustinet
1224 5600 1437 5665 magna
1450 5601 1520 5646 ex
1544 5592 1710 5666 parte
1725 5591 1967 5666 propter

2168 5584 2343 5646 πολλᾶ
2376 5588 2435 5643 τὸ
2493 5589 2648 5664 σῶμα
2679 5585 2762 5644 διὰ
2811 5589 2872 5644 τὸ
2901 5590 3095 5670 γῆρας.
3165 5582 3222 5649 Ὀ
3251 5589 3306 5648 δὲ
3368 5589 3534 5669 μηδὲν
3573 5593 3706 5669 αὐτῇ
