3932 6128
466 323 545 401 79

1778 327 2059 399 MENSIS
2099 325 2544 400 NOVEMBER.

3742 323 3809 406 80

541 469 737 534 XLIV.
758 469 1106 533 Theodorus
1119 468 1493 550 quidam,qui
1517 468 1692 530 modo
1715 469 1890 530 vitam
1909 483 2094 527 susce-

2271 464 2425 530 ΗΜ,
2459 464 2728 545 Θεόδωρός
2786 489 2864 533 τις
2918 466 3033 545 ἄρτι
3064 471 3154 525 τὸν
3195 466 3422 548 ’μονήρη
3479 471 3588 547 βίον
3633 473 3813 552 ἀνῃρη-

461 571 627 642 perat
650 559 1344 640 monasticam,cupiebat
1363 560 1436 621 de
1457 559 1639 620 rebus
1661 564 1846 619 sancti
1871 557 2108 618 discere

457 653 532 713 ab
555 651 655 726 iis,
679 652 780 732 qui
810 651 882 712 ad
918 652 1112 733 ipsum
1145 649 1536 726 ventitabant,
1564 655 1622 709 et
1649 665 1920 727 quamam
1952 652 2114 707 esset

459 741 593 821 ejus
617 744 748 804 vitae
776 741 949 817 ratio,
978 749 1035 802 et
1065 737 1544 820 cujusnammodi
1569 739 1972 816 gaspiceretur
2007 755 2022 809 ;
2055 742 2113 796 et

460 831 750 908 quidnam
809 831 1038 893 faceret
1067 838 1168 892 aut
1196 827 1452 900 diceret,
1480 835 1542 886 ut
1574 826 1625 888 si
1656 825 1805 887 nihil
1837 824 2022 898 aliud,
2058 831 2117 884 at

457 921 532 981 de
555 919 850 982 Joannicii
881 919 1124 995 quidem
1155 925 1313 978 certe
1335 915 1517 978 rebus
1542 923 1745 995 posset
1779 918 2115 988 narrare,et

458 1011 600 1071 hinc
632 1009 976 1070 memoriam
1009 1009 1132 1069 suis
1164 1007 1539 1082 relinqueret
1565 1005 1844 1085 posteris,
1877 1021 2011 1064 cum
2045 1002 2108 1078 ii,

461 1099 563 1178 qui
594 1098 719 1160 haec
749 1097 821 1158 ab
848 1099 946 1158 illo
975 1097 1350 1170 audiverant,
1387 1095 1510 1155 suis
1542 1112 1750 1155 rursus
1798 1099 2112 1154 narrarent

464 1187 736 1265 posteris,
762 1187 922 1264 quod
953 1187 1079 1249 hzec
1112 1193 1169 1246 et
1199 1185 1322 1246 haec
1343 1182 1416 1244 ab
1448 1184 1562 1245 hoc
1590 1191 1692 1243 aut
1717 1183 1817 1243 illo
1844 1181 2111 1244 audivis—

460 1277 768 1337 sent.Cum
782 1285 976 1338 autem
1005 1282 1271 1336 narraret
1293 1273 1992 1353 aliquibus,quaecunquc
2011 1289 2114 1332 au-

460 1362 807 1438 diverat,illi
833 1373 1030 1426 autem
1058 1363 1467 1426 dicerenthaec
1492 1380 1608 1422 non
1635 1379 1766 1423 esse
1797 1360 2112 1422 admitten-

461 1455 534 1515 da
553 1454 698 1514 citra
727 1454 1224 1515 examinationem
1253 1451 1401 1532 ;Sed
1434 1453 1672 1526 borum,
1705 1449 2112 1519 dicebant,ef—

457 1541 769 1618 fectorem,
795 1542 844 1603 si
868 1543 1037 1618 velis,
1064 1541 1419 1605 videbimus.
1447 1541 1555 1603 llle
1579 1550 1776 1601 autem
1808 1539 2004 1600 statim
2052 1538 2115 1599 ﬁt

463 1630 550 1692 eis
575 1630 689 1692 dux
710 1632 1032 1707 itineris,et
1051 1649 1260 1694 rursus
1289 1627 1621 1692 ascendunt
1648 1631 1720 1691 ad
1752 1638 2024 1690 sanctum
2060 1635 2119 1688 et

2192 557 2376 635 μένος,
2435 555 2612 613 ἐποθει
2673 557 2739 613 τὰ
2811 564 2907 614 τοῦ
2962 559 3113 636 ἀγίοο
3176 553 3323 638 παρὰ
3381 561 3487 617 τῶν
3544 563 3613 624 ὣς
3684 563 3816 620 αὐτὸν

2193 646 2498 724 φοιτώντων
2551 645 2856 725 μανθάνειν,
2896 644 3010 713 ἥτις
3074 665 3131 704 τε
3197 648 3340 723 αὐτῷ
3391 651 3426 718 ἡ
3475 647 3703 729 διαγωγὴ
3748 655 3819 709 καὶ

2194 737 2385 799 ὁποῖος
2447 737 2658 813 ὁρᾶται,
2691 736 2782 792 καὶ
2839 734 2869 792 ὅ
2912 757 2964 793 τι
3008 737 3234 816 πράττοι
3291 741 3328 806 ἢ
3371 739 3670 817 φθέγγοιτο,
3697 740 3820 808 ὅπως

2197 827 2241 881 εἰ
2295 827 2373 899 μή
2425 847 2476 881 τι
2526 823 2681 897 ἄλλο,
2715 823 2854 882 ἀλλὰ
2903 825 2964 882 τά
3005 848 3067 905 γε
3121 829 3218 886 τοῦ
3259 826 3579 886 Ἰωαννικίου
3633 829 3818 908 διηγεῖ-

2197 917 2314 970 σθαι
2357 913 2505 994 ἔχοι,
2545 913 2824 970 κάντεῦθεν
2873 915 3096 991 μνήμην
3123 917 3312 975 ἑαυτοῦ
3363 917 3483 982 τοῖς
3517 919 3589 984 εἰς
3635 917 3820 997 ὕστερον

2194 1001 2502 1078 καταλίποι,
2549 1009 2655 1059 τῶν
2712 1003 2804 1060 ὑπ’
2866 1005 3069 1065 ἐκείνου
3127 1015 3291 1066 ταῦτα
3350 1006 3675 1084 πυθομένων,
3721 1021 3820 1072 τοῖς

2193 1091 2311 1169 μετ’
2389 1093 2575 1157 αὐτοὺς
2658 1091 2822 1149 πάλιν
2877 1092 3264 1174 διηγουμένων,
3325 1098 3400 1160 ὣς
3472 1096 3594 1155 τάδε
3665 1098 3820 1177 τυχὼν

2195 1184 2340 1262 παρὰ
2388 1189 2480 1239 τοῦ
2508 1181 2681 1247 δεῖνος
2706 1182 2978 1247 ἐπύθοντο.
3029 1181 3176 1243 Ἐπεὶ
3225 1183 3281 1241 δὲ
3335 1207 3472 1242 τισιν
3502 1185 3601 1246 ὅσα
3653 1185 3820 1254 ἤκουσε

2196 1271 2442 1350 διηγεῖτο
2498 1276 2594 1331 οὐκ
2659 1269 3020 1339 αὸασανίστως
3081 1274 3178 1350 μὲν
3236 1275 3434 1333 ἐκεῖνοί
3503 1296 3631 1356 φασι
3683 1282 3822 1333 ταῦτα

2197 1362 2398 1439 χρῆναι
2451 1358 2864 1442 προσδέχεσθαι,
2921 1361 3059 1418 ἀλλὰ
3115 1365 3205 1420 τὸν
3265 1363 3496 1442 ἐργάτην
3552 1365 3761 1435 τούτων,
3787 1365 3824 1420 εἰ

2198 1449 2398 1528 βούλει,
2433 1450 2695 1526 ὀψόμεθα.
2758 1451 2818 1509 Ὀ
2868 1449 2924 1507 δὲ
2971 1449 3168 1530 ὁδηγὺς
3211 1455 3395 1517 αὖτοῒς
3453 1454 3599 1519 εὒθὺς
3627 1457 3820 1534 γίνεται,

2198 1541 2516 1619 ἆνέρχονταί
2563 1561 2620 1596 τε
2671 1539 2813 1619 παρᾶ
2842 1542 2934 1598 τὸν
2989 1543 3145 1620 ἅγιον
3204 1545 3288 1600 καὶ
3344 1544 3417 1606 εἰς
3475 1543 3683 1617 ὂμίλίαν
3708 1547 3830 1614 αὒτῷ

2198 1631 2443 1697 ἣκουσιν.
2508 1629 2647 1688 ’Ἔτι
2705 1640 2830 1708 γοῦν
2878 1633 3062 1696 αὐτοῖς
3111 1629 3430 1712 τριϐομένης
3460 1638 3561 1701 τῆς
3621 1633 3827 1712 ὄμιλίας,

463 1739 597 1783 eum
633 1720 1189 1801 alloquuntur.Cum
1223 1739 1362 1783 vero
1386 1738 1586 1781 sermo
1605 1718 1679 1780 ab
1705 1719 1792 1780 eis
1818 1717 2084 1798 produce

2204 1718 2390 1798 ἄρκτος
2452 1721 2610 1777 ποθὲν
2669 1722 2764 1777 τοῦ
2823 1718 3015 1786 ἄλσους
3085 1721 3406 1802 ἐπιφανεῖσα
3430 1770 3446 1803 ,
3508 1723 3604 1788 τὰς
3659 1723 3833 1780 τούτων

459 1819 647 1884 retur,
707 1829 870 1886 ursa,
926 1831 1058 1893 quae
1113 1811 1394 1872 alicunde
1438 1829 1473 1872 e
1507 1809 1674 1891 sylva
1705 1809 1790 1869 eis
1821 1807 2089 1888 apparuit

2204 1807 2534 1888 διαταράττει
2595 1811 2798 1891 ψυχάς.
2838 1809 2898 1868 '0
2958 1808 3014 1866 δὲ
3041 1809 3200 1890 ἄρτον
3254 1812 3392 1888 αῦτῇ
3420 1811 3627 1891 ὀρέγειν
3681 1834 3832 1890 προσ-

460 1900 776 1962 conturbat
829 1919 1037 1964 eorum
1095 1901 1344 1962 animos.
1385 1899 1490 1963 Ille
1547 1907 1745 1961 autem
1803 1898 1978 1975 jubet
2022 1897 2094 1958 ei:

2204 1921 2400 1974 ταττει,
2448 1899 2545 1956 καί
2599 1901 2809 1962 τούτοις
2865 1901 3220 1979 προτρέπεται
3279 1903 3377 1970 τῆς
3439 1900 3649 1969 πολλῆς
3708 1901 3832 1957 ὲκεί-

459 1989 574 2069 ipsi
630 2009 845 2070 panem
911 1991 1240 2071 porrigere,
1303 1998 1361 2051 et
1420 1991 1710 2062 hortatur,
1751 1998 1818 2049 ut
1873 1987 1946 2048 ab
2006 1986 2094 2048 illc

2204 2010 2288 2054 mg
2352 1988 2630 2068 ἀναφέρειν
2688 1988 2913 2065 δειλίας,
2973 1991 3352 2066 μεμνημένους
3409 1999 3503 2049 τοῦ
3555 1990 3739 2048 λέοντά
3782 2012 3830 2046 τε

461 2097 676 2158 magno
707 2079 920 2142 timore
966 2087 1341 2154 recreentur,
1388 2077 1776 2140 recordantes
1819 2077 1974 2156 ejus,
2008 2077 2094 2156 qui

2204 2080 2278 2134 ιαὶ
2333 2077 2588 2154 δράκοντα
2646 2079 2982 2136 καταπατεῖν
3034 2077 3352 2157 δεδωκότος,
3412 2083 3467 2138 οἵ
3532 2102 3674 2146 τινες
3727 2083 3832 2157 περὶ

459 2167 625 2229 dedit
679 2177 1026 2249 potestatem
1079 2168 1468 2231 conculcandi
1531 2169 1765 2229 leonem
1799 2172 1858 2227 et
1886 2166 2094 2226 draco-

2204 2171 2289 2234 τῆς
2341 2166 2532 2246 ἄρκτου
2610 2174 2790 2246 μακρῇ
2843 2165 3215 2247 φοϐερώτεροι,
3275 2171 3363 2228 καὶ
3413 2177 3522 2226 τῶν
3590 2171 3688 2247 μὲν
3741 2170 3820 2234 τὰς

460 2275 598 2319 nem
620 2259 672 2334 9,
706 2260 809 2336 qui
839 2259 1079 2339 quidem
1110 2265 1250 2320 sunt
1281 2276 1421 2319 urso
1451 2256 1626 2336 longe
1681 2255 2094 2326 terribiliores,

2204 2255 2368 2334 Ιθυχὰς
2421 2255 2747 2313 ἀπαλλάττει
2792 2263 2890 2324 τῆς
2947 2256 3179 2338 δειλίας,
3222 2260 3320 2327 τὴν
3379 2257 3436 2316 δὲ
3490 2273 3696 2340 χωρεῖν
3746 2258 3820 2314 ἰπὶ

460 2357 520 2408 et
546 2347 782 2410 illorum
813 2349 1056 2425 quidem
1087 2349 1319 2410 animos
1369 2345 1581 2407 liberat
1608 2364 1643 2407 a
1676 2353 1866 2419 metu,
1906 2362 2094 2404 ursam

2204 2347 2252 2400 τὰ
2308 2347 2482 2402 οἰκεῖα
2535 2344 2639 2413 ἤθη
2690 2348 2917 2409 κελεύει,
2964 2353 3128 2404 Τοῦτο
3180 2348 3280 2424 μέν
3325 2347 3390 2416 δὴ
3448 2349 3615 2415 οὕτως
3645 2349 3820 2427 ἔγεγὸιι

459 2446 656 2498 autem
690 2437 865 2516 jubet
894 2437 1112 2498 reverti
1143 2437 1214 2498 ad
1266 2455 1372 2498 sua
1404 2434 1668 2498 latibula.
1703 2435 1827 2496 Hoc
1859 2433 2094 2513 quidem

2204 2456 2294 2509 νει,
2347 2433 2439 2491 καί
2496 2436 2590 2504 τῆς
2651 2437 2862 2512 ὁμιλίας
2919 2435 3273 2518 διαλυθείσης,
3331 2437 3574 2514 ἆπῇεσαν
3631 2442 3679 2496 οἱ
3736 2437 3822 2494 ἄν·

459 2528 547 2588 sic
567 2526 782 2588 factum
797 2525 1074 2601 fuerat,et
1093 2526 1256 2587 ﬁnito
1279 2524 1672 2603 sermone,illi
1697 2533 2094 2593 recesserunt,

2204 2525 2327 2602 ἴρες,
2355 2523 2537 2604 ἕτερον
2594 2525 2692 2582 ἄνα
2751 2527 2926 2602 στόμα
2983 2527 3229 2606 φέροντες
3290 2526 3459 2602 οὐδὲν,
3492 2527 3575 2585 ὅτι
3621 2530 3698 2605 μὴ
3746 2530 3827 2584 τὸν

457 2616 606 2677 nihil
637 2616 794 2677 aliud
824 2616 1119 2677 habentes
1153 2621 1212 2675 in
1246 2633 1382 2688 ore,
1415 2616 1524 2674 nisi
1553 2631 1830 2690 magnum
1853 2610 2094 2672 Joanni-

2204 2613 2358 2691 ιέγᾶν
2420 2611 2766 2677 ἰωαννίκιον.
2832 2617 3104 2673 Ἐντεῦθεν
3156 2619 3340 2695 θερμοί
3377 2639 3517 2681 τινες
3577 2619 3713 2686 iam
3763 2619 3826 2680 εἷς

460 2705 644 2765 cium.
679 2703 832 2765 Hinc
886 2704 1100 2764 factum
1127 2716 1236 2778 est,
1272 2711 1336 2764 ut
1366 2709 1568 2765 essent
1597 2720 1764 2763 acres
1797 2702 1870 2762 ad
1906 2701 2094 2762 virtu-

2204 2703 2400 2779 ἱρετὴν,
2431 2706 2527 2760 καί
2583 2707 2715 2784 πρὸς
2765 2707 2857 2761 τὸν
2914 2706 3102 2781 ὅμοιον
3163 2704 3492 2765 διανίσταντο
3540 2707 3727 2789 ζῆλον,
3759 2708 3832 2763 οιαὶ

459 2803 576 2854 tem
607 2800 663 2853 et
694 2793 764 2854 ad
805 2792 1060 2853 similem
1093 2792 1285 2853 zelum
1320 2791 1807 2866 incitarentur,et
1834 2789 2094 2851 dicerent

2204 2809 2318 2868 τρος
2349 2793 2438 2848 τὸν
2495 2796 2739 2874 μοναχὸν
2776 2791 3045 2872 Θεόδωρον
3077 2793 3285 2876 ἔλεγον,
3317 2797 3390 2859 ὡς
3443 2799 3552 2855 Οὗκ
3576 2797 3686 2856 ἀπὸ
3737 2797 3830 2854 τῶν

460 2882 754 2943 monacho
778 2880 1094 2943 Theodoro
1122 2902 1134 2940 :
1163 2883 1295 2944 Non
1315 2900 1387 2943 ex
1424 2880 1538 2942 tuis
1555 2880 1746 2942 verbis
1776 2879 2094 2954 credimus1

2204 2888 2294 2937 rth
2323 2881 2643 2956 πιστεύομεν
2692 2882 2890 2962 λόγων,
2924 2881 3044 2940 ἀλλ’
3077 2883 3166 2963 ἀφ’
3229 2887 3328 2957 ὧν,
3359 2887 3498 2943 κατὰ
3549 2896 3645 2944 τὸν
3677 2887 3832 2964 εύαγ-

457 2970 561 3032 sed
593 2991 662 3032 ex
695 2971 791 3052 iis,
847 2989 977 3049 qua;
1009 2970 1124 3050 ipsi
1172 2969 1504 3032 audivimus
1551 2979 1609 3032 et
1639 2970 1897 3031 vidimus
1931 2970 2006 3040 10,
2043 2977 2094 3030 ul

2204 2967 2460 3048 (ελιστὴν,
2507 2970 2661 3028 αὐτοὶ
2709 2971 3007 3046 ἠκούσαμέν
3055 2995 3114 3030 τε
3159 2975 3248 3030 καὶ
3285 2972 3526 3050 εἴδομεν.
3586 2975 3830 3056 ’Δπόχρῆ

456 3059 600 3121 dicit
627 3059 1014 3138 Evangelista.
1050 3057 1268 3122 Haacne
1325 3060 1651 3140 sufﬁciunt,
1687 3079 1761 3120 an
1818 3077 1886 3120 ex
1921 3060 2102 3121 rebus

454 3149 831 3212 sanctivultis
846 3150 992 3211 alias
1009 3150 1392 3230 adjiciamus?
1412 3150 1530 3212 Sed
1558 3152 1882 3230 quomodo,
1910 3149 1957 3209 si
1977 3149 2103 3210 hanc

454 3239 691 3301 silentio
741 3239 1104 3314 dederimus,
1162 3259 1281 3303 non
1315 3238 1853 3320 pulcherrimarum
1899 3255 2100 3300 rerum

451 3326 807 3389 detrimento
841 3329 968 3408 pios
997 3329 1378 3392 affecerimus
1409 3333 1436 3389 ?

529 3415 699 3478 XLV.
731 3417 873 3480 Cum
908 3419 1087 3481 vellet
1117 3419 1436 3500 aliquando
1505 3418 1867 3500 pauperibus
1897 3417 2098 3480 oleum

453 3507 834 3586 suppeditare
863 3509 934 3569 ad
968 3508 1169 3570 cibum
1208 3509 1402 3583 (multi
1427 3517 1588 3571 enim
1620 3526 1913 3590 pauperes
1943 3527 2099 3589 saepe

452 3595 592 3656 illuc
620 3597 1238 3678 accedebant,quibus
1263 3600 1438 3660 etiam
1473 3597 1778 3680 przebebat
1808 3598 2100 3680 quidquid

451 3684 898 3766 habebat);cum
925 3704 1068 3767 ergo
1095 3689 1269 3749 vellet
1288 3688 1605 3769 aliquando
1624 3694 1709 3750 eis
1735 3689 1874 3750 dare
1898 3688 2101 3751 oleum

449 3774 586 3850 (hoc
615 3774 778 3835 enim
831 3784 970 3837 tunc
1016 3777 1317 3856 habebat).
1347 3779 1521 3857 jubet
1555 3780 1878 3859 monacho,
1911 3779 2013 3858 qui
2045 3779 2100 3839 ei

447 3863 828 3938 inserviebat,
865 3866 1081 3927 ali‘erre
1138 3869 1444 3944 duo'vasa,
1495 3887 1675 3929 unum
1724 3869 1992 3947 plenum,
2043 3877 2101 3929 et

447 3951 744 4012 alternum
780 3956 976 4016 inane.
1001 3952 1106 4014 Ille
1137 3964 1341 4016 autem
1373 3956 1596 4035 alioqui
1626 3957 1867 4038 quidem
1904 3957 2102 4018 existi-

449 4039 647 4102 mabat
696 4059 1244 4121 supervacuaneum
1295 4045 1507 4106 aﬂ’erre
1567 4064 1664 4107 vas
1711 4047 1912 4108 inane.
1947 4044 2098 4117 Quid

449 4128 633 4203 enim,
667 4130 820 4210 apud
881 4149 946 4192 se
1003 4131 1261 4206 dicebat,
1296 4152 1447 4214 opus
1489 4144 1588 4196 est
1642 4135 1831 4216 inani,
1864 4133 1964 4195 ubi
2009 4143 2099 4196 est

447 4217 721 4298 plenum?
752 4229 950 4281 tamen
982 4240 1116 4283 cum
1153 4241 1271 4284 non
1309 4230 1510 4302 posset
1541 4222 1873 4303 transgredi
1909 4221 2098 4284 Patris

446 4308 825 4384 mandatum,
858 4311 983 4372 haec
1040 4311 1158 4372 duo
1217 4312 1291 4374 ad
1352 4318 1547 4393 ipsum
1608 4313 1826 4386 attulit,
1881 4330 2098 4394 nempe

449 4397 692 4477 plenum
727 4408 784 4460 et
813 4405 1009 4463 inane.
1040 4404 1184 4465 Cum
1219 4409 1415 4463 autem
1454 4402 1605 4464 forte
1635 4403 1874 4465 fortuna
1897 4403 2094 4464 conti-

2183 3057 2372 3134 ταῦτα,
2406 3058 2443 3128 ἢ
2494 3064 2584 3117 καὶ
2634 3059 2786 3139 ἕτερα
2833 3060 3082 3137 βούλεσθε
3109 3068 3215 3118 τῶν
3259 3071 3354 3121 τοῦ
3395 3065 3546 3142 ἆγίου
3591 3067 3832 3146 προσθῶ-

2187 3167 2336 3223 μεν;
2401 3147 2566 3206 Ἀλλὰ
2623 3156 2739 3215 πῶς
2793 3148 2854 3206 ἂν
2905 3156 3088 3228 σιωπῇ
3147 3159 3309 3210 ταῦτα
3365 3151 3571 3234 δὸντες,
3635 3155 3716 3233 μὴ
3768 3157 3829 3212 τὰ

2185 3235 2445 3296 κάλλιστα
2473 3239 2617 3315 ὦμεν
2647 3247 2959 3316 ζημιοῦντες
2987 3241 3112 3308 τοὺς
3141 3239 3415 3321 φιλοθέουν
3450 3262 3467 3320 ;

2266 3415 2406 3480 ME'.
2452 3415 2778 3498 Ἐπαρκέσαι
2809 3440 2879 3475 11:0
2896 3418 2940 3476 ,ἒ
2997 3432 3114 3487 τοῖς
3160 3420 3381 3482 ἐνδεέσιν
3437 3422 3616 3485 ἔλαιον
3652 3427 3714 3484 τὸ
3759 3428 3826 3491 εἷς

2181 3507 2382 3586 βρῶσιν
2438 3506 2632 3566 secum
2666 3506 2876 3586 (πολλοὶ
2902 3507 3002 3589 γὰρ
3052 3511 3310 3576 πολλάκις
3345 3511 3674 3594 παρέϐαλλον
3717 3515 3829 3575 ἐκεῖ

2185 3597 2436 3670 πένητες,
2471 3603 2558 3664 οἷς
2610 3596 2673 3670 δή
2703 3621 2804 3656 που
2850 3599 2947 3657 καί
2978 3607 3083 3658 πᾶν
3113 3603 3140 3659 ὃ
3169 3603 3466 3684 ἐτύγχανεν
3512 3603 3664 3686 ἔχων
3691 3628 3829 3686 1:19-

2184 3689 2354 3768 ετχε)⁶
2403 3685 2668 3747 διαδοῦναί
2723 3711 2854 3746 ποτε
2912 3691 3084 3748 τοίνυν
3137 3691 3317 3751 ἔλαιον
3397 3685 3590 3751 ἐθέλων
3647 3685 3829 3759 αὺτοῖς

2189 3776 2364 3858 (τοῦτο
2417 3778 2519 3858 γὰρ
2547 3779 2688 3853 αύτῷ
2731 3779 2849 3837 τότε
2878 3779 2976 3859 ἦν)
3032 3786 3110 3855 τῷ
3139 3784 3551 3860 ὺπηρετουμένῳ
3577 3791 3826 3866 μοναχῷ,

2183 3866 2387 3943 πλῆρές
2443 3890 2502 3924 τε
2533 3867 2631 3925 καὶ
2687 3871 2863 3943 κενὸν,
2896 3867 2984 3926 δύο
3037 3878 3204 3928 ταῦτα
3258 3875 3390 3952 πρὸς
3423 3875 3581 3932 αὐτὸν
3637 3875 3834 3955 ἀγγεῖα

2185 3957 2398 4031 κομίσαι
2430 3957 2657 4015 κελεύει.
2715 3959 2776 4017 Ὀ
2807 3956 2862 4015 δὲ
2895 3961 3146 4037 περιττὴν
3193 3961 3290 4037 μὲν
3321 3961 3499 4028 ἄλλως
3545 3967 3835 4032 τηνικαῦτα

2182 4046 2333 4119 ᾠήθη
2384 4045 2485 4114 τὴν
2513 4054 2605 4102 τοῦ
2664 4058 2818 4108 κενοῦ
2870 4049 3085 4129 ἀγγείου
3139 4051 3530 4130 μετακομιδήν.
3562 4055 3653 4120 Τίς
3715 4056 3833 4134 γὰρ,

2184 4135 2313 4224 πρὸς
2369 4135 2555 4193 ἑαυτὸν
2615 4134 2788 4216 ἔλεγε,
2852 4148 2946 4198 τοῦ
3003 4140 3158 4198 κενοῦ
3212 4143 3393 4221 χρεία,
3455 4141 3588 4201 ὅπου
3661 4165 3725 4224 γε
3781 4146 3839 4200 τὸ

2182 4221 2384 4313 πλῆρες
2435 4225 2666 4313 ὒπᾷρχει
2705 4241 2722 4300 ;
2782 4225 2972 4303 ’Ὅμως
3031 4228 3147 4288 ὶπεὶ
3199 4233 3279 4307 μὴ
3337 4231 3437 4300 τὴν
3487 4242 3583 4292 τοῦ
3624 4221 3837 4313 -Πάτρδς

2181 4311 2340 4392 εἶχεν
2400 4312 2622 4381 ἐντολὴν
2677 4314 3004 4394 παραϐῆναι,
3038 4317 3126 4377 δύο
3182 4327 3372 4402 ταῦτα,
3401 4323 3465 4381 τὸ
3513 4320 3722 4402 πλῆρές
3752 4311 3836 4381 -τι

2180 4403 2267 4458 καὶ
2322 4404 2474 4459 κενὸν
2539 4401 2695 4483 ἄρας,
2748 4405 2961 4482 ἐκόμιζε
3021 4410 3154 4486 πρὸς
3211 4401 3393 4476 αὐτόν,
3455 4401 3672 4487 Συμιϐἆν
3747 4422 3836 4471 οῦν

446 4486 756 4597 gisset,“pt
803 4507 906 4597 ‘vas
954 4489 1193 4569 plenum
1248 4509 1312 4552 es
1357 4499 1416 4552 et
1475 4491 1863 4574 perforatum,
1894 4491 2094 4554 oleum

2204 4491 2321 4572 τύχῃ
2375 4493 2478 4551 τινὶ
2533 4495 2597 4550 τὸ
2650 4493 2852 4572 πλῆρες
2895 4494 3263 4576 διατρηθῆναι,
3293 4510 3391 4561 τοῦ
3443 4486 3620 4559 tm.»
3669 4502 3833 4560 ὶκκέο

448 4592 588 4669 vero
622 4576 1050 4654 eifunderetur,
1083 4588 1207 4640 erat
1241 4580 1482 4661 perplex
1510 4581 1710 4642 animo
1741 4581 2092 4646 monachus.

2204 4603 2290 4662 κου,
2353 4583 2425 4644 εἷς
2483 4583 2797 4663 ἀμηχανίαν
2851 4586 2881 4642 ὁ
2933 4590 3177 4669 μοναχὸς
3234 4591 3561 4669 περιίστατο,
3623 4587 3833 4650 ἘἏθὼν

447 4663 595 4729 Cum
621 4674 813 4728 autem
845 4667 901 4728 id
942 4673 996 4729 ei
1049 4669 1390 4731 venissetin
1425 4680 1712 4746 mentem,
1749 4679 2101 4735 transmutat

445 4754 641 4816 oleum
662 4773 736 4816 ex
769 4757 1022 4836 plenoin
1056 4763 1256 4839 inane,
1285 4770 1345 4821 et
1370 4760 1874 4839 sicindigentibus
1892 4761 2092 4823 datum

441 4851 531 4906 est
579 4845 654 4906 ad
690 4846 1195 4911 misericordiam.
1233 4847 1402 4911 Tunc
1461 4850 1737 4930 cognovit
1768 4851 2095 4912 monachus

439 4934 790 5015 prophetice
846 4935 1071 4999 dictum
1130 4937 1314 5000 fuisse
1342 4957 1376 5002 a
1423 4943 1618 5014 Patre,
1652 4947 1714 5001 ut
1746 4941 1920 5000 simul
1954 4958 2092 5002 cum

436 5041 574 5085 vase
631 5025 809 5104 pleno
862 5026 1103 5088 afferret
1159 5027 1414 5092 alterum
1457 5029 1660 5092 inane.
1707 5028 1856 5092 Hinc
1877 5039 2004 5092 erat
2035 5031 2092 5091 ei

440 5113 631 5174 vultus
651 5115 1119 5198 confusus,quod
1146 5117 1331 5182 sciret
1355 5137 1424 5181 se
1448 5119 1878 5202 aliquantulum
1906 5118 2090 5181 dubi-

438 5211 599 5263 tasse
629 5202 704 5263 de
736 5205 1009 5269 mandato
1041 5207 1364 5272 Patris.Ne
1396 5210 1541 5275 illud
1575 5210 1818 5288 quidem
1853 5227 2088 5291 requum

440 5297 532 5351 est
563 5300 1042 5369 pratermittere.

518 5389 974 5478 XLVIJllagnus
1001 5399 1098 5462 hic
1128 5403 1311 5465 Pater
1336 5422 1469 5466 cum
1503 5411 1624 5467 toto
1651 5405 1790 5469 vita:
1815 5410 2090 5485 tempore

512 5635 545 5687 9
573 5637 732 5703 Psal.
768 5655 867 5719 xc,
902 5641 1000 5705 43.
1093 5643 1151 5696 ⁸ο
1174 5643 1350 5707 Joan.
1385 5660 1469 5722 Iv,
1504 5644 1606 5709 4‘2.

2180 4673 2346 4728 τοίνυν
2403 4675 2545 4743 αῦτῷ
2601 4673 2690 4730 επὶ
2730 4681 2873 4747 νοῦν,
2926 4677 2989 4733 τὸ
3047 4675 3226 4736 ἔλαιον
3279 4679 3388 4738 ἀπὸ
3435 4680 3530 4738 τοῦ
3585 4679 3835 4762 πλήρους

2177 4762 2248 4827 εἰς
2299 4761 2360 4818 τὰ
2423 4761 2573 4818 κενὸν
2630 4761 2976 4845 μεταϐάλλει,
3011 4769 3108 4823 καὶ
3167 4780 3288 4834 τοῖς
3342 4767 3612 4848 δεομένοις
3656 4761 3834 4838 οὕτως

2175 4852 2258 4944 εἰςΔ
2295 4851 2444 4908 ἔλεον
2511 4850 2689 4921 ἐδόθη.
2749 4855 2852 4944 ζαὶ
2911 4857 3046 4913 κατὰ
3101 4860 3287 4938 καιρὸν
3344 4857 3445 4944 ἄρα
3501 4863 3530 4918 ὃ
3579 4865 3837 4942 μοναχὸς

2173 4941 2297 5000 ὑπὸ⁴
2333 4943 2426 4998 τοῦ
2483 4945 2689 5022 Πατρὸς
2748 4942 2886 5024 ἔγνω
2933 4930 3209 5029 εἰρῆσθαι,
3232 4949 3296 5006 τὸ
3482 4930 3676 5029 acM-pc:
3731 4930 3840 5029 ἓτ-

2173 5030 2300 5108 γείῳ
2341 5032 2430 5088 καὶ
2487 5032 2642 5088 κενόν
2704 5055 2757 5091 τι
2811 5034 3157 5114 συγκομίσαι.
3217 5035 3486 5098 Ἐντεῦθεν
3513 5039 3610 5097 καί
3669 5062 3840 5098 συντ-ε

2174 5119 2315 5210 χύθη
2370 5121 2512 5195 αύτῷ
2567 5122 2630 5177 τὸ
2686 5122 2996 5202 πρόσωπον,
3060 5123 3146 5181 ὅτι
3205 5127 3294 5184 καὶ
3344 5128 3536 5207 μικρόν
3589 5150 3642 5188 τι
3699 5131 3840 5210 πρὸς

2171 5209 2276 5300 τὴν
2325 5218 2445 5300 ,τοῦ
2527 5213 2735 5300 Πατρὶς
2822 5212 3049 5283 ἐντολὴν
3129 5213 3620 5300 ἆαμφισϐητῆσαςθ
3713 5208 3844 5280 ἀλλ’

2174 5297 2290 5356 οὐδὲ
2321 5297 2502 5360 ἰκεῖνο
2529 5299 2900 5383 παραδραμεῖν
2925 5301 3155 5368 δίκαιον.

2253 5405 2412 5480 ιιςι.
2479 5405 2538 5465 ’0
2569 5403 2734 5488 μέγας
2785 5427 2939 5471 ουτος
2997 5409 3178 5490 Πατήρ
3229 5409 3358 5492 παρ’
3403 5411 3528 5472 ὅλον
3574 5414 3670 5475 τὸν
3732 5422 3840 5488 τῆς
