3906 6136
171 225 245 300 81
1324 239 1506 309 νιτΑ
1547 242 1612 308 8.
1663 243 1832 310 10A}

1991 245 2056 309 ιΙΙ
2099 246 2443 312 ABBATIS.
3509 254 3588 325 82

177 372 322 446 ζυῆς
370 375 577 455 χρόνον
635 374 940 457 φιλοτίμως
989 379 1082 436 καί
1136 379 1412 460 ὒπερφυῶς
1465 379 1736 454 ἀσκήσας,
1781 382 1832 436 οὗ

2047 380 2330 462 praeclare
2388 388 2446 442 et
2504 380 2942 446 admirabiliter
2999 377 3404 465 exercuisset,
3459 408 3580 454 non

189 487 326 542 μετα
362 467 455 524 τδν
483 466 603 543 βίον
655 468 846 543 μόνον,
875 465 998 526 ἄλλ’
1026 468 1102 526 ἔτι
1135 471 1221 526 καὶ
1271 490 1408 544 μετα
1437 469 1690 561 σωματος
1741 470 1832 545 ὢν,

1991 469 2118 532 lum
2145 478 2281 561 post
2299 471 2505 561 vitam,
2528 471 2634 561 sed
2665 473 2844 535 etiam
2879 492 3013 536 cum
3043 484 3204 541 esset
3223 478 3284 539 in
3306 497 3582 561 corpore,

187 555 363 614 πολλᾶ
417 557 486 614 τὶ
553 555 826 635 παράδοξά
882 579 939 614 τε
1003 560 1090 616 καὶ
1138 561 1415 634 θαυμαστὰ
1461 556 1706 622 διετέλει.
1770 561 1842 618 Οὔ

183 647 287 725 γὰρ
336 644 588 720 δαίμονες
652 648 809 704 αὐτὸν
871 646 1178 714 ὑπέστησαν
1249 648 1426 723 μόνοι,
1489 648 1588 716 τὴν
1657 649 1842 706 τούτου

183 734 264 807 μὴ
320 735 602 813 στίγοντες
671 736 984 815 παρουσίαν,
1055 735 1192 794 ἀλλᾶ
1250 739 1334 794 καὶ
1404 737 1550 794 νόσοι
1617 736 1840 796 θένατον

183 827 527 908 ἀπειλοῦσαι,
559 832 698 910 εὐχῇ
747 831 818 905 τῇ
866 829 991 906 παρ’
1040 829 1199 888 αὒτοῦ
1252 829 1350 885 καὶ
1403 826 1660 908 σφραγῖδι
1718 828 1842 886 ἐλύ-

182 940 328 988 οντο,
359 918 582 994 Ἀμέλει
630 919 726 975 καί
757 921 785 976 6
832 919 1011 997 ἕτερος
1043 919 1140 995 μὲν
1185 920 1332 993 άῦτῷ
1383 921 1468 976 καὶ
1498 918 1648 998 φίλος
1706 923 1838 979 E60-

181 1009 399 1087 τράτιος
452 1007 594 1081 νόσῳ
651 1011 752 1066 τινὶ
803 1007 1039 1080 ὶπιέζετο
1085 1008 1308 1089 χαλεπῆ
1368 1009 1475 1066 ἀπὸ
1506 1015 1612 1066 τῶν
1671 1009 1838 1087 ἐγκά-

185 1121 294 1156 των
350 1101 495 1173 αἷμα
545 1099 714 1168 ἱμῶν.
761 1097 820 1156 Ὀ
880 1097 934 1154 δὲ
977 1099 1206 1166 μηνυθὲν
1251 1100 1393 1173 αὖτῷ
1449 1099 1548 1155 ὐπὸ
1592 1107 1686 1155 τοῦ
1734 1100 1840 1156 Εὐ·-

187 1181 460 1255 στρατίου,
533 1180 733 1258 φθάσας
801 1180 864 1235 τὸ
939 1179 1038 1254 μὶν
1095 1180 1238 1254 αἷμα
1310 1178 1563 1258 ἱπέσχεν,
1638 1185 1716 1252 τῷ
1787 1178 1841 1235 δὲ

188 1267 403 1348 θαρρεῖν
432 1267 758 1329 ὶκεῐλευσεν.
809 1267 826 1292 ³
830 1278 871 1327 0
901 1271 1028 1346 γοῦν
1079 1269 1393 1347 Εὖστράτιος
1422 1275 1492 1345 τῇ
1534 1275 1627 1325 τοὺ
1655 1266 1841 1346 ἀνδρός

191 1359 453 1436 iupoqu
510 1363 607 1424 τῆς
664 1357 821 1415 νόσου
873 1359 1080 1438 ραίσας,
1127 1359 1200 1424 είς
1254 1358 1354 1425 τὴν
1411 1363 1514 1414 τῶν
1563 1355 1840 1414 Λευκάδων

193 1448 546 1525 καταγωγήν,
579 1447 608 1503 ὃ
656 1449 925 1526 Μετόχιον
979 1447 1170 1504 καλεῖν
1227 1448 1446 1512 σύνηθες
1505 1443 1835 1522 μεταϐαὶνει,

191 1535 486 1594 ἀναλαϐεῖν
543 1541 660 1594 οἷον
712 1537 896 1594 ἒαυτον
943 1536 1288 1604 πεπονηκότα
1332 1535 1548 1616 ἐθέλων,
1581 1537 1668 1592 καὶ
1699 1557 1841 1601 τινος

192 1631 282 1686 καὶ
335 1628 693 1707 ψυχαγωγίας
724 1639 939 1708 τυχεῖν.
995 1627 1082 1701 Τῷ
1137 1624 1192 1683 δὲ
1239 1625 1341 1705 ἄρα
1381 1627 1455 1691 εἷς
1500 1627 1562 1682 τὸ
1610 1625 1842 1682 Evzwiov

1925 559 2066 622 fecit
2093 559 2278 650 multa
2300 559 2698 650 admirabilia,
2715 569 2774 624 et
2803 581 2936 644 quae
2960 573 3134 627 erant
3163 575 3376 645 praeter
3390 559 3582 650 opini-

1926 648 2181 741 onem.N
2188 668 2262 741 on
2278 649 2437 710 enim
2455 649 2767 713 daemones
2781 651 2972 715 solum
2989 673 3126 716 eum
3152 648 3580 741 formidabant,

1925 739 2057 829 ejus
2078 757 2194 800 non
2231 739 2492 801 ferentes
2523 742 2928 822 praesentiam,
2953 746 3058 807 sed
3093 747 3285 807 morbi
3313 739 3576 829 quoque,

1922 828 2027 907 qui
2077 835 2329 890 mortem
2368 829 2772 906 minabantur,
2807 835 2938 910 ejus
2997 834 3278 914 precibus
3307 828 3364 899 et
3411 828 3580 916 signo

1921 919 2121 979 crucis
2169 917 2580 980 solvebantur.
2613 919 2758 1000 Ejus
2801 921 3044 1002 quidem
3075 933 3239 987 certe
3269 925 3580 989 familiaris

1922 1014 1982 1068 et
2030 1005 2258 1068 amicus
2320 1005 2655 1070 Eustratius
2722 1011 2880 1088 gravi
2941 1011 3151 1074 morbo
3180 1014 3576 1096 ailligebatur,

1924 1098 2278 1185 sanguinem
2298 1114 2554 1185 vomens
2581 1116 2649 1159 ex
2680 1098 3004 1162 intestinis.
3030 1101 3137 1164 Ille
3160 1121 3322 1185 vero,
3347 1123 3482 1166 cum
3512 1105 3576 1166 id

1923 1186 1977 1248 ei
2035 1184 2204 1264 prius
2260 1184 2662 1263 signiﬁcasset
2721 1187 3078 1264 Eustratius,
3124 1184 3373 1254 veniens
3429 1194 3580 1256 stitit

1923 1274 2166 1354 quidem
2199 1274 2577 1353 sanguinem,
2601 1276 2791 1354 ipsum
2818 1285 3016 1339 autem
3042 1279 3225 1358 jussit
3249 1298 3383 1343 esse
3415 1280 3576 1346 bono

1922 1362 2147 1424 animo.
2209 1361 2539 1425 Eustratius
2614 1383 2755 1442 ergo
2827 1385 2960 1427 cum
3033 1367 3143 1428 viri
3220 1369 3475 1432 adventu
3541 1391 3577 1434 a

1925 1451 2136 1513 morbo
2169 1452 2586 1524 convaluisset,
2625 1453 2835 1514 transit
2865 1453 2939 1515 ad
2981 1454 3320 1518 Leucadum
3351 1458 3578 1521 habita-

1924 1540 2150 1616 culum,
2185 1540 2343 1621 quod
2376 1541 2573 1604 solent
2600 1560 2810 1604 vocare
2853 1545 3241 1626 Metochium,
3273 1565 3339 1608 se
3370 1547 3577 1611 volens

1925 1630 2226 1692 defessum
2252 1631 2658 1710 afﬂictumque
2680 1643 3046 1715 recreare,et
3064 1635 3303 1716 aliquod
3326 1636 3577 1717 adipisci

190 1721 254 1775 τὸ
313 1725 540 1798 πρᾶγμα
569 1731 768 1797 χωρεῖ.
832 1717 928 1774 Καὶ
986 1723 1223 1796 συμφορᾷ
1272 1715 1431 1776 πάλιν
1460 1722 1661 1796 χρῆται
1706 1713 1832 1770 πολὺ

1995 1720 2224 1783 latium.
2258 1718 2376 1783 Res
2405 1727 2601 1783 autem
2630 1723 2682 1784 ei
2717 1732 2925 1785 contra
2953 1713 3250 1800 cessim—et
3277 1713 3491 1789 incidit
3512 1728 3574 1790 in

190 1808 289 1876 τῆς
349 1808 609 1886 προτέρας
639 1805 1020 1888 χαλεπωτέρᾳ.
1091 1807 1316 1884 Πυρετὸς
1365 1806 1466 1885 γὰρ
1514 1805 1673 1862 αὒτὸν
1702 1803 1837 1861 λαῦ-

185 1920 275 1976 ρος
343 1893 690 1974 παραλαϐὼν,
729 1894 965 1976 σῳοδρῶς
1023 1916 1081 1951 τι
1123 1895 1427 1976 ὑπέσμυχε,
1484 1897 1574 1952 καὶ
1632 1889 1838 1974 ἄφωνον

184 1989 370 2068 εἶχεν.
435 1985 538 2049 ἕως
587 1987 662 2050 εἰς
723 1985 943 2061 μνήμην
1012 1993 1107 2044 τοῦ
1161 1983 1406 2062 λαμπρὸν
1467 1984 1520 2041 ὲν
1573 1984 1837 2050 ἆσκηταῒς

184 2074 554 2155 διαιραίνοντος
626 2073 952 2132 ἰωαννικίου
1033 2073 1198 2131 ἐλθὼν
1229 2122 1247 2154 ,
1319 2074 1499 2140 ἱκέτης
1569 2094 1628 2129 τε
1697 2072 1839 2146 αὖτῷ

184 2167 426 2245 καθάπερ
517 2165 739 2244 παρόντι
817 2163 1145 2244 προσέπιπτε
1217 2167 1304 2222 καὶ
1384 2161 1654 2232 ἠντιϐόλει
1737 2167 1836 2228 τῆς

187 2258 464 2336 παρούσης
522 2255 847 2332 ἐξαιρεθῆναι
907 2254 1088 2312 νόσου.
1143 2251 1234 2311 Ἐν
1291 2253 1527 2326 τοσούτῳ
1581 2258 1708 2331 γοῦν
1765 2253 1838 2315 εἰς

188 2349 351 2405 ὕπνον
405 2347 620 2421 τραπεὶς
650 2345 738 2401 καὶ
796 2345 888 2401 τὸν
929 2342 1100 2420 μέγαν
1143 2341 1462 2400 ἰωαννίκιον
1492 2341 1643 2408 δόξας
1704 2341 1841 2418 ὃρῶν

190 2438 592 2518 παρεστηκότα,
650 2435 1008 2494 συλλα).οὖντα
1057 2435 1146 2490 καὶ
1215 2437 1333 2490 οἷον
1403 2432 1837 2511 ἐπιρρωννύοντα,

189 2533 397 2610 ὑπέσχε
452 2534 552 2596 τῆς
599 2525 780 2604 νόσου,
818 2523 910 2582 καί
969 2525 1043 2588 εἰς
1100 2523 1307 2580 ἐκεῖνον
1356 2522 1574 2603 ἀνέφερε
1622 2523 1689 2579 τὰ
1743 2522 1838 2589 τῆς

191 2621 487 2699 σωτηρίας,
540 2619 701 2694 ὅνπερ
749 2614 817 2682 δὴ
869 2615 959 2671 καὶ
1011 2614 1352 2692 εὐφραίνοντα
1403 2616 1555 2693 εἶχε,
1613 2613 1700 2670 καὶ
1749 2611 1840 2667 εὖ·

190 2713 382 2787 χαίρω(
417 2709 470 2772 ἕξ
498 2707 746 2783 ἀναγκῶν
777 2703 1166 2783 ἰξαιρούμενον.

270 2800 404 2862 IZ'.
467 2793 838 2874 Παραδραμεϊν
871 2815 938 2868 με
986 2794 1080 2849 τὸν
1110 2791 1272 2870 λόγον
1320 2789 1588 2871 ἐθέλὸηα,
1619 2793 1686 2848 τὰ
1738 2790 1836 2846 ἐκ-

189 2886 458 2968 δεχόμενα
517 2888 612 2943 οὒκ
642 2884 724 2955 ἐᾷ,
781 2882 922 2960 Εἶχε
951 2880 1050 2954 μὲν
1101 2881 1202 2959 γὰρ
1231 2880 1297 2937 τὰ
1355 2879 1630 2955 Ῥωμαίων
1689 2881 1832 2946 σκῆ-

187 2957 334 3053 πτᾷαἰ
380 2972 664 3052 Θεόφιλος⁸
724 2973 752 3028 6
811 2957 893 3025 δέ-
919 2957 1264 3034 ἐπτόητό-τε
1317 2968 1434 3045 περὶ
1489 2968 1579 3023 τὸν
1637 2968 1834 3045 χρυσὸν

187 3066 338 3138 ὅλος,
383 3063 480 3120 καί
509 3062 694 3118 τούτου
748 3061 970 3131 ἡττᾶτο,
1004 3056 1180 3122 ἄλλως
1233 3079 1292 3113 τε
1321 3057 1632 3135 Χριστιανὸς
1688 3057 1830 3114 εἶναι

1923 1809 2323 1873 calamitatem
2383 1809 2558 1888 longe
2591 1811 2774 1886 priori
2823 1813 3180 1890 graviorem.
3230 1814 3576 1881 Vehemens

1921 1898 2082 1960 enim
2115 1917 2250 1960 eum
2270 1899 2482 1961 adorta
2502 1899 2710 1981 febris,
2727 1901 2945 1964 acriter
2970 1902 3247 1974 laniabat.
3273 1911 3332 1966 et
3362 1923 3570 1968 vocem

1921 1987 1980 2050 ei
2011 1987 2335 2068 adimebat,
2362 1989 2555 2051 donec
2579 1990 2930 2053 recordatus
2962 1993 3229 2072 praeclari
3251 1992 3408 2056 inter
3438 2013 3566 2076 eos,

1921 2077 2023 2158 qui
2053 2096 2120 2140 se
2153 2078 2536 2150 exercebant,
2561 2077 2883 2153 Joannicii,
2909 2082 2966 2142 ei
2989 2090 3266 2164 tanquam
3293 2085 3572 2163 praesenti

1921 2167 2171 2247 supplex
2219 2167 2493 2247 procidit,
2531 2178 2586 2229 et
2617 2169 2841 2248 rogavit
2871 2177 3005 2232 uta
3035 2171 3244 2234 morbo
3295 2175 3571 2252 praesenti

1922 2255 2307 2327 liberaretur.
2356 2256 2602 2318 Interim
2631 2267 2832 2321 autem
2863 2260 2936 2321 ad
2969 2259 3388 2324 dormiendum
3419 2282 3571 2325 con-

1921 2363 2150 2421 versus,
2185 2364 2320 2407 cum
2365 2347 2526 2408 visus
2557 2356 2716 2408 esset
2758 2349 2966 2410 videre
3001 2368 3275 2430 magnum
3317 2351 3570 2414 Joanni-

1924 2437 2104 2508 cium,
2159 2434 2514 2509 adstantem,
2565 2437 3035 2517 colloquentem,
3089 2441 3565 2516 conﬁrmantem,

1924 2524 2198 2586 morbum
2232 2525 2555 2604 superavit,
2589 2534 2649 2587 et
2681 2527 2932 2589 salutem
2965 2528 3052 2590 illi
3074 2539 3378 2608 acceptam
3409 2530 3564 2604 tulit,

1921 2632 2100 2693 quem
2161 2611 2367 2676 habuit
2423 2632 2558 2676 eum
2625 2615 3021 2678 laetificantem
3055 2619 3450 2697 ajuventute,
3507 2628 3568 2682 et

1920 2713 2064 2765 tunc
2095 2701 2366 2764 liberavit
2394 2721 2428 2764 a
2458 2704 2816 2768 calamitate.

1998 2790 2222 2854 XLVII.
2258 2793 2353 2854 Me
2399 2793 2759 2872 jampridem
2794 2794 3087 2856 volentem
3108 2796 3382 2859 oratione
3413 2817 3567 2878 prm-

1917 2889 2402 2961 tercurrere,non
2425 2881 2630 2943 sinunt
2651 2901 2782 2962 quae
2807 2887 3312 2964 sequuntur.Nam
3331 2897 3567 2967 sceptra

1915 2970 2156 3051 quidem
2216 2971 2621 3032 Romanorum
2682 2973 2924 3034 tenebat
2995 2973 3384 3056 Theophilus.
3447 2976 3565 3040 Ille

1915 3068 2115 3122 autem
2159 3058 2220 3120 in
2261 3059 2640 3138 congerenda
2671 3079 2817 3123 auro
2868 3071 3026 3124 totus
3077 3064 3369 3139 inhiabat,
3401 3074 3461 3128 et
3489 3068 3562 3130 ab

186 3158 264 3222 μή
320 3155 519 3233 φέρων,
554 3153 672 3230 περὶ
727 3150 821 3213 τὰς
881 3150 1019 3214 θείας
1067 3168 1127 3204 τε
1183 3143 1389 3202 ἀσεϐῶν
1445 3147 1674 3220 εἰκόνας,
1736 3148 1831 3202 καί

2010 3147 2495 3228 superabatur,et
2524 3150 2742 3233 alioqui
2768 3169 2884 3212 non
2904 3150 3102 3215 ferens
3123 3171 3255 3215 esse
3285 3153 3566 3218 Christia-

183 3246 364 3320 ὥσπερ
421 3249 490 3310 τῇ
547 3239 751 3312 ἐξουσίᾳ
807 3237 946 3295 οὕτω
1019 3237 1106 3293 καὶ
1162 3236 1229 3292 τὰ
1281 3234 1388 3292 τῶν
1447 3235 1831 3316 Είκονομάχων

183 3334 410 3410 δόγματι
467 3331 592 3394 τοὺς
654 3328 842 3390 ἄλλους
911 3325 1270 3399 πλεονεκτῶν,
1321 3323 1514 3402 παγίδα
1581 3324 1832 3392 τοιαύτην

183 3429 316 3478 πᾶσι
369 3419 588 3498 κρύπτει
661 3423 1020 3494 Χριστιανοϊς.
1102 3413 1488 3492 ἰ’πογραφεῦσι
1545 3413 1633 3468 καὶ
1688 3412 1831 3489 πρά-

184 3531 366 3589 κτορσι
453 3513 630 3564 πᾶσαν
699 3508 832 3580 ὁμοῦ
897 3504 1088 3578 κώμην
1165 3498 1535 3581 διαλαμϐάνει,
1603 3498 1690 3558 δύο
1761 3502 1825 3557 τὰ

185 3601 429 3680 χείριστα
501 3593 691 3673 πρᾶξαι
760 3592 1078 3670 βουλόμενος
1113 3639 1132 3670 ,
1201 3593 1288 3646 καὶ
1353 3597 1508 3680 teuto
1578 3590 1677 3665 μὲν
1758 3595 1828 3666 τῇ

184 3679 588 3769 οιλοχρημάτφ
643 3689 796 3764 ψυχῇ
827 3682 1146 3764 χαρίσασθαι
1197 3682 1262 3737 τὰ
1293 3679 1502 3758 μεγαλα
1531 3691 1654 3744 ταῖς
1712 3680 1827 3736 εἷσ-

184 3778 404 3857 πράξεσι
451 3783 559 3833 τῶν
614 3775 814 3857 φόρων,
843 3771 1079 3832 τοῦτοδὲ
1136 3771 1230 3829 καί
1284 3770 1446 3840 δῆλον
1475 3772 1617 3845 αὖτῷ
1674 3769 1830 3849 γενέ-

182 3874 302 3926 σθαι
369 3868 570 3936 πάντα,
641 3868 732 3923 τὸν
815 3887 910 3922 του
994 3859 1264 3940 ὁρθοδόξου
1345 3861 1826 3936 μεταποιούμενοι,

182 3959 330 4023 ὅπως
358 3957 462 4034 εὶς,
517 3977 577 4013 τε
635 3955 816 4020 αὖτοὺς
868 3953 939 4022 τῆ
985 3953 1094 4030 βίᾳ,
1127 3953 1214 4008 καὶ
1268 3956 1337 4027 τῇ
1377 3957 1482 4007 τῶν
1531 3951 1828 4025 Εἶκονομά-

177 4071 301 4130 χων
349 4049 550 4127 αἱρέσει
619 4047 968 4123 προστεθῆναι
1035 4041 1452 4119 παρασκευάσω.
1526 4038 1643 4130 Ἐνὶν
1707 4039 1830 4117 γοῦν

181 4143 205 4196 5
264 4141 416 4199 θεῖος
475 4138 625 4200 οὗτος
682 4134 816 4212 ἀνὴρ
867 4135 974 4189 τῶν
1028 4132 1339 4211 πρακτόρων
1395 4129 1724 4209 περιτυχὼν,
1768 4133 1828 4186 Τί

176 4237 367 4309 ταῦτα,
398 4228 554 4306 φησὶ,
588 4223 831 4304 ἀδελφέ;
892 4219 1279 4298 μετακαλεῖται
1329 4241 1388 4276 σε
1447 4217 1611 4309 ἤδηᾼρ
1667 4219 1826 4309 βασι-

179 4318 297 4379 λεὺς
350 4305 566 4379 εὐθύνας
613 4314 718 4371 τῶν
787 4313 954 4391 ἔργων
1007 4309 1278 4392 ὑφέξοντα,
1340 4309 1428 4366 καὶ
1485 4305 1602 4366 οὐδὲ
1659 4305 1826 4370 οὕτως

179 4409 432 4485 omitte;
489 4405 633 4482 παρᾶ
692 4400 857 4464 πόδας
913 4401 1011 4479 γὰρ
1061 4411 1379 4479 προσχωρεϊ
1435 4399 1471 4466 ἠ
1525 4396 1677 4468 δίκη,
1738 4397 1828 4454 καὶ

1914 3256 2050 3311 nus,
2087 3248 2144 3299 et
2195 3255 2259 3299 se
2292 3237 2476 3318 impie
2522 3231 2741 3316 'gerens
2779 3240 2838 3300 in
2883 3240 3112 3303 divinas
3155 3243 3472 3320 imagines,
3505 3255 3564 3307 et

1914 3327 2214 3408 quomodo
2276 3335 2592 3406 potestate,
2655 3328 2734 3390 ita
2789 3329 2966 3390 etiam
3029 3329 3559 3394 Iconomachorum

1914 3418 2190 3496 dogmate
2215 3415 2362 3477 alios
2394 3435 2706 3496 superans,
2735 3418 2909 3480 talem
2943 3419 3218 3500 laqueum
3251 3420 3562 3486 abscondit

1907 3505 2183 3568 omnibus
2237 3505 2617 3566 Christianis.
2652 3505 2877 3568 Scribis
2921 3514 2981 3568 et
3011 3511 3388 3572 exactoribus
3419 3530 3558 3573 om-

1909 3613 2046 3656 nem
2070 3593 2245 3656 simul
2274 3594 2461 3654 vicum
2502 3609 2775 3674 occupat,
2800 3595 3004 3658 volens
3035 3597 3229 3660 facere
3264 3600 3405 3674 duo,
3430 3619 3562 3679 qua:

1912 3689 2049 3745 sunt
2079 3683 2336 3762 pessima
2364 3699 2378 3743 :
2406 3699 2624 3762 nempe
2651 3692 2709 3744 et
2736 3701 2910 3744 avaro
2943 3703 3050 3746 suo
3077 3687 3400 3762 gratificari
3429 3689 3561 3748 ani-

1914 3791 2012 3834 mo
2056 3771 2414 3834 tributorum
2446 3770 2878 3852 exactionibus,
2917 3780 2976 3835 et
3023 3775 3137 3835 sibi
3171 3776 3300 3837 fieri
3363 3777 3558 3839 mani-

1912 3861 2126 3923 festum
2157 3878 2669 3940 unumquemque,
2694 3861 2794 3940 qui
2825 3862 3157 3924 doctrinam
3202 3865 3562 3945 sequebatur

1912 3949 2329 4027 orthodoxam,
2381 3956 2442 4010 ut
2472 3957 2530 4010 et
2560 3968 2664 4010 eos
2695 3951 2746 4011 vi
2781 3961 3042 4033 caperet,
3076 3962 3134 4014 et
3185 3954 3450 4017 efﬁceret
3499 3965 3562 4017 ut

1910 4040 1999 4102 vel
2033 4038 2200 4100 inviti
2229 4038 2702 4116 adjungerentur
2731 4039 2944 4102 haeresi
2989 4039 3552 4106 Iconomachorum.

1912 4130 2058 4192 Cum
2110 4146 2252 4205 ergo
2285 4127 2380 4188 hic
2414 4126 2503 4187 vir
2533 4126 2770 4188 divinus
2801 4129 3113 4194 incidisset
3143 4131 3203 4192 in
3235 4133 3554 4212 quemdam

1911 4224 2271 4280 exactorem:
2313 4214 2465 4288 Quid
2492 4215 2618 4276 haec
2642 4215 2757 4276 sibi
2788 4217 3015 4298 volunt,
3042 4219 3256 4300 inquit,
3281 4240 3314 4280 ο
3345 4220 3559 4284 frater?

1909 4309 2042 4370 Rex
2069 4315 2123 4368 te
2149 4306 2272 4385 jam
2303 4303 2558 4364 accersit
2586 4303 2880 4366 factorum
2917 4315 3148 4368 tuorum
3181 4309 3554 4372 redditurum

1909 4397 2226 4467 rationem,
2259 4403 2319 4454 et
2350 4411 2423 4454 ne
2468 4394 2556 4454 sic
2587 4394 2829 4474 quidem
2863 4396 3192 4475 intelligis?
3219 4397 3348 4460 Jam
3393 4400 3554 4462 enim

176 4495 298 4574 εἴγε
350 4483 433 4570 μῆ
485 4499 586 4561 τῆς
642 4497 876 4566 πονηρᾶς
929 4490 1125 4556 ταύτης
1187 4485 1509 4562 μεταϐάλοιο
1577 4485 1822 4564 γνώμης,

1998 4487 2183 4547 minet
2211 4492 2272 4546 et
2298 4491 2489 4562 urget,
2519 4493 2580 4544 ut
2611 4483 2798 4557 vides,
2827 4485 3081 4565 justitia,
3103 4495 3160 4546 et
3192 4487 3304 4548 nisi
3338 4491 3555 4569 impro-

177 4588 384 4666 ἀχήσῃ
443 4585 543 4659 μὲν
582 4581 852 4659 ἱλεεινῶς,
886 4578 1218 4636 ὶλεεινότατα
1258 4575 1314 4666 δὲ
1369 4575 1706 4666 κολααθήσῃ.
1740 4574 1825 4666 ,Ὀ

178 4665 279 4750 μὲν
331 4682 424 4732 οὖν
453 4676 544 4729 τὸν
573 4672 630 4730 ἂν
679 4671 921 4747 οὗρανοτς
951 4670 1131 4739 εἷπεν,
1165 4669 1193 4724 6
1249 4665 1304 4723 δὲ
1333 4667 1426 4723 τὸν
1481 4665 1680 4722 οίκεϊον
1726 4665 1821 4741 βα-

175 4763 331 4822 σιλέα
388 4760 646 4839 θεόφιλον
706 4757 1028 4831 μετακαλεῖν
1058 4758 1216 4816 αὐτὸν
1261 4755 1418 4831 ᾤετο.
1479 4753 1698 4830 Ἀμελει
1730 4754 1826 4811 καῗ

173 4855 484 4932 περιχαρὴς
533 4853 602 4918 ἦν
631 4848 735 4916 ἤδη
782 4849 872 4906 καὶ
901 4846 1133 4921 εὔελπις,
1165 4853 1222 4902 εὖ
1276 4843 1424 4905 εἰδώς
1481 4846 1555 4909 ὡς
1586 4847 1654 4922 τῇ
1710 4845 1826 4923 περὶ

173 4945 298 5006 τοὺς
352 4942 544 5020 ιρόρους
600 4935 868 5017 ἀκριϐείᾳ,
901 4938 989 4993 καὶ
1024 4935 1282 5012 μειζόνων
1335 4934 1476 5012 παρὰ
1529 4934 1608 5009 τῷ
1662 4934 1821 5010 βασι-

173 5031 263 5088 lat
319 5030 697 5099 ἆξιωθήαεται,
760 5024 1021 5104 Ἐπεγέλα
1076 5023 1132 5081 δὲ
1189 5023 1290 5102 ἄρα
1346 5037 1468 5086 ταῖς
1523 5021 1697 5080 ἐλπίσι
1761 5023 1822 5080 τὸ

174 5115 395 5194 μέλλον,
430 5119 522 5175 καὶ
575 5129 696 5180 τοῖς
746 5116 848 5171 ὑπὸ
887 5114 980 5171 τοῦ
1035 5113 1185 5192 ἁγίου
1240 5111 1484 5192 λεχθεῖσι
1530 5113 1593 5168 τὸ
1659 5111 1821 5188 πέρας

174 5207 548 5278 δπηκολοῶει,
609 5207 696 5262 καὶ
751 5203 899 5281 ξυρὸς
968 5205 1157 5262 αὗτίκα
1212 5203 1376 5280 ὀργῆς
1437 5206 1569 5258 Θεοῦ
1653 5203 1682 5257 ὁ
1726 5221 1823 5276 με-

173 5301 425 5376 θειμένος
511 5297 711 5355 ἑκτένει
795 5297 886 5352 τὸν
973 5295 1240 5374 πράκτορα
1273 5339 1291 5370 ,
1359 5293 1454 5359 τὰς
1534 5292 1821 5358 ἀθανάτους

178 5391 377 5449 tum:
456 5389 544 5444 ai
628 5386 764 5455 μετὰ
843 5384 1066 5442 θάνατον
1150 5381 1674 5465 εἰσπραχθησόμενον
1741 5379 1824 5437 δί-

178 5502 298 5544 ιας.

261 5565 400 5634 κη’.
481 5563 804 5634 Ἀνφλίττων
859 5561 1042 5630 τοίνυν
1111 5584 1194 5630 τις
1251 5562 1318 5620 τὰ
1375 5561 1476 5621 ὑπὸ
1531 5567 1626 5619 τοῦ
1678 5561 1828 5642 ἁγίου

1912 4575 2045 4638 bam
2080 4577 2234 4637 hanc
2264 4581 2524 4635 mentem
2548 4575 2888 4649 mutaveris,
2919 4575 3142 4654 peribis
3172 4577 3410 4657 quidem
3436 4579 3554 4640 mi-

1909 4664 2272 4736 serabiliter,
2308 4659 2640 4722 miserrime
2672 4671 2868 4723 autem
2904 4664 3186 4741 punieris.
3228 4667 3424 4746 Atque
3452 4667 3556 4730 ille

1910 4754 2152 4836 quidem
2202 4747 2440 4814 dicebat
2477 4768 2638 4818 eum,
2669 4749 2772 4831 qui
2803 4759 2893 4812 est
2934 4751 2996 4812 in
3041 4753 3256 4831 cmlis;
3317 4765 3558 4818 exactor

1909 4851 2106 4906 autem
2133 4839 2375 4924 putabat
2404 4857 2577 4900 suum
2602 4857 2804 4918 regem
2838 4859 2970 4902 eum
3003 4859 3332 4906 accersere.
3367 4844 3554 4908 Laetus

1908 4933 2105 5014 itaque
2119 4932 2244 5012 jam
2268 4936 2472 4992 eratet
2508 4928 2661 4990 bona
2677 4948 2782 5010 spe
2814 4929 3185 5011 praeditus,ut
3212 4931 3311 5011 qui
3344 4935 3549 5006 sciret,

1905 5023 2062 5102 quod
2096 5028 2339 5103 propter
2370 5017 2588 5079 tributa
2609 5018 2926 5098 diligenter
2955 5027 3178 5093 exacta,
3213 5028 3373 5082 esset
3394 5025 3552 5102 apud

1905 5113 2327 5192 imperatorem
2389 5124 2602 5183 magna
2657 5114 3110 5170 consecuturus.
3161 5107 3305 5188 Ejus
3357 5118 3551 5172 autem

1903 5217 2073 5279 spem
2131 5196 2314 5259 irrisit
2339 5193 2627 5265 futurum,
2661 5202 2720 5254 et
2778 5212 2869 5270 ea,
2905 5213 3038 5275 qua;
3065 5214 3101 5256 a
3131 5204 3334 5258 sancto
3394 5198 3554 5262 dicta

1902 5289 2160 5367 fuerant,
2207 5283 2347 5346 ﬁnis
2401 5288 2493 5345 est
2546 5293 2935 5355 consecutus,
2991 5293 3050 5346 et
3103 5286 3299 5347 statim
3367 5304 3553 5350 nova-

1905 5378 2156 5441 culairaa
2170 5369 2608 5447 Deiinebriata,
2647 5371 2940 5434 exscindit
2970 5382 3330 5445 exactorem.
3357 5376 3555 5438 utim-

1909 5466 2187 5530 mortales
2217 5463 2336 5525 illa:
2353 5466 2484 5543 post
2508 5471 2758 5523 mortem
2792 5480 2981 5541 poenae
3009 5462 3084 5525 de
3115 5481 3184 5525 eo
3217 5475 3550 5525 sumantur.

1985 5555 2235 5622 XLVIII.
2255 5551 2580 5620 Revolveris
2598 5551 2797 5632 itaque
2815 5550 3030 5635 aliquis
3049 5569 3280 5634 ea,quaa
3294 5570 3326 5613 a
3349 5558 3553 5614 sancto
