3932 6128
480 258 556 328 83
1779 261 2060 325 MENSIS
2099 261 2114 322 l

2277 258 2542 323 EMBER.
3767 249 3854 320 84

469 398 753 483 ρτωάίειε
782 397 1044 481 fuerunt,
1081 402 1140 462 et
1189 413 1364 481 quam
1400 395 1656 460 maxime
1705 403 2109 483 perscrutans,

2277 391 2662 474 οηγορευμένα,
2726 390 2818 452 καὶ
2870 391 2974 483 ὣς-
3014 387 3093 449 ἔνι
3150 388 3384 483 μάλιστα
3451 390 3853 483 πολυπραγμο-

470 480 540 554 ea
581 506 882 570 nunquam
916 480 1222 551 invenerit
1243 486 1541 551 excidisse
1591 505 1625 548 a
1654 487 1923 548 veritate.
1971 482 2114 546 Nam

2279 508 2305 540 ν
2368 485 2465 540 οἰκ
2533 483 2595 541 ἄν
2657 499 2786 540 ποτε
2855 481 3121 563 σφαλέντα
3191 482 3331 560 εὕροι
3399 488 3527 570 τῆςῗ
3566 480 3852 570 ἀληθείας,

469 599 604 642 cum
632 569 953 656 aliquando
983 578 1102 640 duo
1132 577 1308 640 simul
1353 583 1653 639 venissent
1684 576 1743 637 in
1775 575 2114 637 domuncu-

2277 575 2407 631 νίοτε
2472 574 2573 649 γὰρ
2617 571 2708 630 δύο
2755 573 2890 629 κατὰ
2947 573 3135 628 ταυτὸν
3190 573 3335 651 παρὰ
3391 573 3456 630 τὸ
3510 569 3784 647 δωμάτιον
3829 569 3859 625 ὃ

468 670 675 744 lam,in
693 687 810 749 qua
834 667 936 730 ille
962 676 1110 743 erat,
1136 675 1199 729 ut
1216 684 1491 747 magnum
1527 665 1918 728 convenirent
1939 665 2114 724 Joan-

2277 670 2391 720 5τον
2442 663 2602 742 εἶχεν
2633 661 2916 740 ἐλθόντων,
2947 661 3030 740 ἐφ’
3078 665 3124 736 ᾧ
3169 667 3246 736 τῷ
3302 659 3524 741 μεγάλῳ
3577 659 3859 740 διετυχεϊν

468 758 690 822 nicium
740 757 974 839 (Petrus
1014 766 1075 818 et
1120 756 1286 820 Plato
1319 764 1494 818 erant
1552 772 1762 818 eorum
1822 752 2114 830 nomina),

2277 752 2437 832 tétpoq
2465 753 2552 809 καὶ
2606 750 2826 812 Πλάτων
2855 751 2924 819 ἦν
2977 755 3162 815 αύτοτς
3218 751 3500 832 ὀνόματα),
3531 750 3656 808 ὶπεί
3711 753 3863 807 ἱκετ-

471 838 786 929 postquam
811 846 914 909 ille
933 863 1038 908 eos
1061 845 1203 908 satis
1237 844 1515 907 instruxit
1539 843 1612 904 ad
1643 845 1942 916 virtutem,
1980 841 2114 903 alter

2277 863 2298 906 ς
2354 843 2550 904 ἱκανῶς
2605 839 2796 917 ἤλειψε
2852 840 3067 929 τούτους
3122 841 3254 918 πρὸς
3297 841 3491 929 ἀρετὴν
3516 887 3535 921 ,
3593 843 3622 897 δ
3681 838 3864 929 ἔτερος

467 927 695 1018 rogavit
741 944 1032 1011 sanctum,
1087 943 1150 996 ut
1202 936 1274 996 ad
1333 935 1526 1015 ipsum
1588 933 1818 996 veniret
1882 929 2114 1010 singuli:

2277 943 2389 988 εϊτο
2442 939 2534 989 τοῦ
2589 931 2761 1010 ἁγίου,
2817 928 2947 1007 παρ’
3003 929 3159 986 αὒτόν
3215 950 3272 986 τε
3331 931 3403 996 εἷς
3455 927 3682 987 ἕκαστον
3741 928 3862 991 ’ἔτος

468 1027 665 1104 annis,
693 1035 751 1088 et
771 1027 904 1106 ejus
922 1033 1225 1106 aSpectum
1247 1024 1460 1104 dignus
1489 1031 1644 1084 esset
1665 1021 1766 1102 qui
1793 1038 2114 1101 conseque-

2277 1041 2364 1077 Lstv
2421 1025 2518 1087 τῆς
2575 1021 2762 1077 ἑαυτοῦ
2845 1039 2903 1075 τε
2959 1019 3080 1085 θέας
3139 1017 3428 1100 ἀξιοῦσθαι,
3491 1021 3581 1077 καὶ
3637 1017 3861 1095 ὁμιλίας

468 1123 659 1198 retur,
687 1124 745 1178 et
775 1104 900 1190 illo,
933 1104 1032 1194 qui
1062 1115 1191 1175 fluit
1216 1114 1405 1174 instar
1435 1112 1658 1192 mellis,
1686 1111 1983 1172 frueretur
2001 1127 2114 1198 ser-_

2277 1111 2416 1176 είνης
2462 1113 2561 1175 τῆς
2594 1107 2988 1186 παραρῥεούσης
3038 1130 3088 1164 τι
3119 1107 3218 1166 καὶ
3261 1107 3480 1185 μέλιτος
3521 1104 3855 1168 ἀπολαϐεῖν.

469 1186 665 1268 mone:
727 1203 834 1267 Ille
887 1186 1110 1266 autem.
1175 1205 1260 1265 De
1329 1209 1572 1281 caetero,
1628 1186 1840 1280 inquit,
1891 1191 2114 1260 etiamsi

2311 1194 2390 1268 δὲ,
2424 1198 2530 1255 Οὔκ
2581 1195 2657 1252 ἔτι
2700 1217 2768 1272 με
2799 1197 2862 1253 τὸ
2893 1195 3001 1254 ἀπὸ
3048 1195 3221 1272 τοῦδε,
3255 1198 3409 1278 φησὶ,
3441 1197 3529 1254 καὶ
3578 1195 3857 1272 βουλόμε-

467 1293 673 1368 velles,
711 1312 831 1356 non
891 1311 986 1354 me
1020 1290 1245 1354 videbis
1287 1291 1564 1371 amplius.
1599 1290 1654 1352 ls
1687 1308 1827 1370 ergo
1871 1289 2025 1368 apud
2056 1306 2114 1351 se

2277 1309 2290 1350 ;
2344 1285 2487 1362 ὄψει,
2551 1293 2876 1364 Διηπορεϊτο
2933 1287 3022 1341 οὗν
3077 1285 3198 1343 καθ’
3255 1287 3440 1344 senath
3495 1289 3523 1344 δ
3574 1287 3738 1364 ἀνὴρ,
3781 1286 3856 1350 ὡς

466 1383 798 1456 dubitabat,
833 1381 1120 1460 quidnam
1169 1380 1455 1452 obstaret,
1495 1379 1814 1460 quominus
1858 1377 1931 1439 ad
1975 1395 2118 1440 san-

467 1483 626 1534 ctum
650 1471 1031 1550 ascenderet,
1051 1479 1112 1531 et
1141 1469 1552 1548 considerans,
1578 1469 1722 1530 nihil
1755 1465 2114 1546 inveniebat,

468 1559 627 1640 quod
671 1561 744 1623 ad
776 1559 946 1622 illum
993 1558 1252 1621 adventu
1287 1564 1666 1639 reputaretur
1713 1556 2110 1638 priestantius.

467 1648 596 1711 Non
633 1651 822 1712 multo
855 1657 986 1728 post
1025 1656 1223 1710 autem
1255 1648 1495 1729 quidem
1546 1645 1621 1709 ad
1651 1663 1787 1706 eum
1820 1645 2116 1708 ascende-

2202 1375 2252 1430 τί
2297 1373 2397 1454 ἄρα
2444 1374 2591 1432 ἔσται
2649 1377 2710 1432 τὸ
2762 1372 2976 1440 καθέξον
3016 1375 3174 1432 αὐτὸν
3223 1375 3302 1452 μὴ
3361 1375 3502 1455 παρᾶ
3551 1376 3642 1432 τὸν
3697 1375 3858 1454 ἅγιον

2202 1463 2442 1540 ἀνιέναι,
2499 1465 2598 1522 καῖ
2663 1463 3115 1541 διασκοπούμενος
3189 1463 3305 1525 οὐδὲ
3371 1464 3427 1522 ἓν
3498 1463 3770 1543 εὕρισκεν,
3829 1465 3858 1522 8

2201 1558 2299 1621 τῆς
2353 1556 2428 1619 ὡς
2492 1555 2698 1612 έκεῖνον
2753 1553 2979 1636 ἀφίξεως
3055 1554 3434 1634 προτιμότερον
3491 1556 3632 1630 αὖτῷ
3690 1553 3858 1632 λογι-

2199 1643 2369 1710 σθείη,
2449 1647 2522 1702 Οὖ
2579 1642 2765 1717 πολλῷ
2819 1642 2874 1699 δὲ
2947 1642 3163 1722 ὕστερον
3219 1643 3448 1721 ἀνῄεσάν
3516 1665 3660 1709 τινες
3721 1646 3860 1722 πρὸς

466 1746 628 1803 runt.
655 1739 883 1804 Volens
899 1756 1039 1815 ergo
1063 1738 1187 1819 ipse
1219 1753 1456 1818 quoque
1485 1753 1618 1797 cum
1650 1735 1739 1797 eis
1762 1735 2114 1810 ascendere,

2277 1732 2378 1792 τόν.
2456 1731 2806 1790 Συνανελθεϊν
2864 1732 2953 1789 οῦν
3027 1734 3211 1796 αὑτοῖς
3268 1733 3356 1790 καὶ
3405 1735 3557 1798 οὗτος
3626 1733 3855 1814 ἐθέλων,

469 1827 745 1908 quoniam
771 1827 872 1888 ille
888 1825 1134 1904 quidem
1161 1824 1435 1906 pedibus,
1459 1825 1546 1885 illi
1576 1831 1771 1887 autem
1805 1824 1973 1905 equis
2003 1825 2118 1886 iter

469 1916 980 1998 ingrediebantur,
1052 1915 1327 1978 defessus
1399 1917 1618 1976 donum
1692 1914 1891 1977 rediit.
1964 1913 2116 1976 Hinc

467 2005 684 2067 factum
719 2014 829 2083 est,
865 2015 926 2068 ut
957 2005 1216 2086 graviter
1244 2003 1445 2066 animo
1493 2012 1836 2087 angeretur,
1868 2003 2025 2085 quod
2057 2003 2115 2065 ei

467 2095 808 2170 accidisset,
843 2104 907 2156 ut
952 2097 1339 2157 frustraretur
1381 2093 1710 2173 proposito.
1743 2095 1888 2154 Cum
1918 2092 2115 2172 itaque

467 2202 589 2246 non
625 2185 806 2246 multo
840 2191 970 2264 post
999 2183 1070 2245 ad
1102 2201 1167 2244 se
1195 2181 1494 2254 rediisset,
1522 2199 1730 2244 rursus
1761 2190 2007 2243 conatus
2029 2189 2118 2243 est

465 2275 538 2334 ad
573 2292 708 2336 eum
770 2274 1122 2348 ascendere,
1159 2281 1216 2334 et
1259 2289 1467 2333 rursus
1499 2272 1609 2332 fuit
1651 2271 1986 2352 prohibitus
2043 2271 2115 2333 ab

463 2380 744 2425 ascensu.
796 2363 1027 2426 Deinde
1060 2381 1194 2424 cum
1253 2379 1436 2442 saepe,
1470 2361 1616 2422 alias
1644 2361 1758 2422 alia
1815 2361 2116 2424 incidente

466 2451 840 2527 difficultate,
863 2472 928 2515 se
949 2452 1256 2534 repulsum
1277 2468 1409 2512 esse
1435 2452 1893 2528 cognovisset,et
1909 2469 2117 2513 recor-

467 2541 636 2604 datus
667 2551 830 2605 esset
860 2561 1092 2614 eorum,
1125 2557 1258 2620 quae
1287 2559 1319 2600 a
1350 2548 1552 2601 sancto
1587 2541 1639 2601 ei
1673 2539 1828 2602 dicta
1854 2542 2112 2614 fuerant,

467 2631 685 2693 mansit
723 2631 889 2711 apud
921 2649 988 2692 se
1031 2648 1157 2692 rem
1189 2627 1500 2690 ascribens
1556 2627 1867 2692 Joannicio
1920 2629 2119 2692 divina

465 2720 717 2798 quadam
747 2719 1137 2800 providentia,
1170 2717 1244 2780 ad
1283 2717 1598 2780 utilitatem
1632 2717 1834 2780 omnia
1865 2717 2115 2801 dispen-

467 2816 659 2870 sante.

544 2897 754 2961 XLIX.
774 2897 1108 2977 Aliquando
1125 2918 1332 2963 rursus
1358 2900 1634 2981 quiomni
1648 2916 1716 2961 ex
1733 2906 1896 2979 parte
1919 2896 2114 2960 bonus

463 2996 588 3050 erat
615 2987 986 3063 Joannicius,
1025 3009 1158 3053 cum
1187 2998 1344 3053 esset
1371 2991 1426 3052 in
1451 2990 1592 3063 otio,
1629 2997 1686 3050 et
1713 3007 1776 3050 se
1801 2995 1984 3049 totum
2011 2987 2112 3049 de-

2198 1822 2314 1878 ἐπεὶ
2363 1823 2429 1880 τὰ
2461 1822 2559 1898 μὲν
2591 1822 2652 1879 ἐκ
2679 1819 2865 1895 ποδὸς,
2903 1833 3022 1885 τοῖς
3077 1820 3129 1878 δὲ
3161 1820 3232 1879 δι’
3257 1821 3446 1880 ἵππων
3472 1823 3538 1892 ἧν
3567 1826 3604 1893 ἢ
3632 1825 3857 1903 πορεία,

2198 1911 2568 1992 ἀπαγορεύσας
2657 1911 2970 1992 ἀνέστρεφεν
3057 1910 3226 1974 οἴκοι.
3301 1911 3570 1972 Ἐντεῦθεν
3660 1911 3858 1978 δεινῶς

2195 2001 2493 2080 ὶπληροῦτο
2569 2003 2810 2078 ἀθυμίας,
2873 2001 2956 2061 ὅτι
3033 2023 3131 2078 περ
3187 2003 3451 2082 ἁμαρτεῖν
3529 2005 3675 2077 αὒτῷ
3752 2008 3856 2071 τῆς

2197 2091 2492 2170 προθέσεως
2548 2091 2763 2160 συνέϐη.
2827 2091 2954 2149 Μετ’
3023 2094 3083 2150 οὗ
3134 2093 3271 2150 πολὺ
3339 2095 3466 2171 γοῦν
3523 2093 3852 2172 ἀνενεγκὼν,

2197 2180 2360 2238 πάλιν
2440 2181 2678 2241 ἂνελθέῖν
2747 2182 3038 2262 ἐπεχείρει,
3094 2182 3182 2238 καὶ
3239 2181 3398 2241 πάλιν
3468 2181 3685 2260 εἴργετο
3759 2189 3856 2250 τῆς

2198 2269 2406 2334 ἀνόδου,
2467 2272 2604 2330 Εἶτα
2645 2273 2721 2336 ὡς
2768 2271 3034 2336 πολλάκις
3072 2269 3262 2328 ἄλλοτε
3315 2270 3484 2340 ἄλλης
3534 2272 3854 2352 δυσχερείας

2199 2362 2645 2438 παραπιπτούσης
2673 2407 2689 2436 ,
2764 2362 3159 2438 ἀποκρούμενος
3231 2360 3368 2438 ἔγνω
3398 2409 3415 2433 ,
3484 2364 3559 2426 εἷς
3623 2364 3856 2438 μνήμην

2201 2473 2257 2506 τε
2305 2453 2410 2508 τῶν
2457 2452 2557 2507 ὑπὸ
2593 2459 2683 2508 τοῦ
2733 2452 2885 2530 ἁγίου
2935 2449 3235 2531 λεχθέντων
3283 2449 3467 2533 ἦλθεν.
3499 2451 3675 2527 ἔμεινε
3737 2449 3856 2508 καθ’

2201 2541 2408 2614 ἑαυτὸν,
2445 2547 2562 2614 Θεῷ
2609 2543 2696 2598 καὶ
2739 2539 3045 2613 ἰωαννικίῳ
3096 2541 3158 2598 τὰ
3203 2547 3297 2598 τοῦ
3353 2541 3663 2620 πράγματος
3715 2541 3853 2599 ἂνα-

2199 2631 2391 2703 τιθείς,
2423 2631 2642 2707 προνοίᾳ
2690 2632 2793 2689 τινὶ
2839 2630 3077 2708 θειοτέρα
3133 2630 3304 2688 πάντα
3352 2633 3481 2710 πρὸς
3517 2633 3578 2689 τὸ
3635 2631 3850 2712 συμφέ-

2199 2741 2259 2798 ρο
2271 2743 2287 2776 θ
2319 2721 2680 2793 οἰκονομοῦντι
2691 2770 2705 2784 ,

2277 2887 2414 2958 ΜΘ’.
2487 2899 2618 2956 Ποτέ
2685 2897 2845 2956 πάλιν
2908 2902 2936 2956 ὁ
2995 2901 3170 2963 πάντα
3225 2901 3457 2982 γρηστὸς
3519 2899 3856 2965 Ἰωαννικιος

2197 2987 2292 3044 ἑπῖ
2346 2987 2557 3068 σχολῆς
2611 2987 2709 3070 ὢν,
2741 2990 2828 3046 καὶ
2878 2989 3002 3047 ὅλον
3047 2993 3232 3049 ἑαυτὸν
3275 2997 3344 3068 τῇ
3367 2998 3649 3072 προσευχῆ
3680 2990 3857 3049 δεδω-

469 3077 657 3172 disset
678 3078 954 3172 orationi,
983 3081 1130 3172 dixit
1158 3098 1221 3172 se
1252 3079 1453 3142 videre
1484 3078 1810 3172 quemdam
1846 3080 2110 3172 Petrum,

2281 3099 2339 3172 ς,
2379 3080 2504 3156 ὁρᾷν
2537 3078 2648 3172 ,ἔφη
2707 3079 3082 3172 τινα-*Πέτρον
3126 3081 3454 3172 ἀναγόμενόν
3499 3102 3568 3172 ,τε
3624 3085 3704 3147 εἰς
3763 3083 3858 3141 οὗ·

471 3166 575 3246 qui
616 3166 940 3230 tollebatur
990 3169 1051 3228 in
1110 3171 1320 3240 caelos,
1357 3176 1417 3231 et
1446 3166 1875 3230 circumdatum
1934 3167 2116 3243 gloria

468 3255 720 3335 quadam
755 3264 815 3319 et
845 3257 978 3319 luce
1023 3258 1334 3321 inetl‘abili.
1370 3258 1461 3320 llli
1492 3265 1688 3320 autem
1721 3255 1893 3318 Petro
1923 3257 2116 3318 fuerat

468 3345 788 3408 commissa
842 3347 1196 3427 praefectura
1251 3348 1561 3426 cujusdam
1596 3345 1962 3410 monasterii.
2010 3346 2114 3407 Illo

469 3451 612 3496 vero
665 3441 962 3517 tempore,
999 3455 1113 3518 quo
1145 3437 1234 3498 vir
1290 3434 1657 3498 admirabilis
1687 3434 1961 3513 dignatus
2009 3435 2117 3496 fuit

468 3523 578 3584 hac
612 3525 1136 3606 contemplatione,
1172 3526 1420 3605 contigit
1462 3532 1525 3586 ut
1558 3525 1608 3585 is
1639 3543 1673 3585 a
1701 3541 1957 3604 corpore
1987 3523 2116 3585 dis-

457 3611 724 3692 junctus,
759 3614 972 3696 spiritu
1014 3615 1087 3676 ad
1122 3614 1304 3677 caelos
1361 3613 1736 3685 ascenderet.
1771 3621 1830 3675 et
1881 3631 1954 3674 ex
2008 3613 2118 3674 hac

465 3701 582 3763 vita
613 3701 913 3782 migraret.
943 3703 1344 3768 Nihilominus
1369 3712 1565 3766 autem
1592 3701 1942 3764 admiranda
1963 3720 2116 3782 quo-

465 3810 582 3872 que
627 3801 718 3854 est
765 3798 896 3871 ejus
947 3793 1230 3872 loquendi
1278 3793 1526 3856 libertas
1574 3791 1648 3853 ad
1693 3792 2114 3872 imperatores.

465 3883 678 3961 Neque
719 3881 879 3942 enim
912 3883 1103 3942 solum
1148 3882 1454 3943 laatabatur
1485 3881 1717 3962 probris
1749 3899 1852 3958 pro
1882 3879 2115 3941 Christo

462 3969 736 4044 affectus,
763 3977 860 4029 aut
891 3969 1124 4048 patiens
1165 3969 1668 4050 persecutionem,
1703 3969 1804 4029 sed
1841 3967 2117 4048 cupiebat

467 4057 647 4118 etiam
683 4062 799 4137 pati
831 4058 1079 4137 majora,
1106 4066 1267 4120 recte
1299 4058 1521 4130 sciens,
1546 4057 1699 4138 quod
1739 4074 1845 4136 per
1875 4075 1967 4135 ea,
1993 4075 2113 4117 ma-

462 4145 598 4224 jora
619 4157 1109 4228 consequeretur.
1141 4145 1297 4210 llinc
1317 4146 1744 4227 discipulorum
1777 4145 1994 4208 Christi
2020 4145 2113 4207 lo-

466 4234 687 4314 quendi
718 4235 1081 4309 libertatem,
1103 4246 1159 4298 et
1191 4257 1299 4318 pro
1322 4235 1598 4314 Magistro
1621 4244 1894 4314 acceptas
1920 4235 2115 4314 plagas

469 4323 723 4386 ducebat
745 4342 876 4387 esse
910 4324 1138 4400 beatas,
1169 4325 1495 4406 perfectum
1529 4323 1804 4402 gaudium
1833 4323 1974 4386 illud
2001 4343 2113 4386 no-

463 4409 718 4491 minans,
752 4420 924 4494 cujus
955 4415 995 4475 ii
1028 4415 1266 4476 fuerunt
1299 4414 1644 4494 participes.

2199 3168 2411 3241 ρανοὺς,
2459 3170 2551 3224 καὶ
2608 3169 2742 3246 φωτὶ
2793 3167 3005 3246 ἆῤῥήτῳ
3059 3168 3436 3246 κυκλούμενον,
3499 3161 3556 3228 Ὀ
3617 3169 3673 3228 δὲ
3755 3171 3856 3250 ἄρα

2199 3257 2519 3334 προστασίαν
2576 3257 2892 3334 ἀσκητορίου
2961 3261 3104 3326 τινὸς
3153 3261 3181 3316 ὁ
3235 3259 3429 3338 Πέτρος
3470 3260 3538 3328 ἧν
3583 3259 3847 3340 ἐγκεχει-

2199 3345 2471 3420 ρισμένος.
2527 3345 2660 3402 Κατ’
2689 3345 2868 3403 ἐκεῖνο
2913 3345 2970 3402 δὲ
3011 3349 3112 3414 τῆς
3150 3347 3311 3428 ὥρας,
3342 3348 3497 3416 ἡνίκα
3543 3353 3645 3416 τῆς
3703 3354 3849 3408 θεω⁹

2200 3434 2311 3512 ρίας
2345 3437 2372 3490 ὁ
2422 3433 2711 3509 θαυμάσιος
2765 3433 2998 3516 ἠξιοῦτο,
3036 3437 3192 3518 ἔτυχε
3231 3445 3412 3494 τοῦτον
3453 3445 3545 3495 τοῦ
3592 3439 3855 3513 σώματος

2200 3519 2595 3602 διαζευχθέιιτα,
2654 3528 2732 3597 τῷ
2801 3525 3062 3602 πνεύματι
3132 3527 3265 3602 πρὸς
3321 3527 3570 3606 οὖρανοὺς
3640 3528 3854 3610 ἀναφέ-

2201 3615 2402 3692 ρεσθαι,
2432 3614 2519 3668 καὶ
2576 3613 2674 3681 τὴν
2705 3611 2938 3674 ἐντεῦθεν
2993 3614 3302 3674 στέλλεσθαι
3354 3615 3684 3692 ἀποδημίαν.
3743 3622 3854 3678 Οὖ-

2200 3700 2284 3757 δὲν
2355 3700 2409 3756 δὲ
2454 3701 2616 3768 ἧττον
2672 3704 2760 3760 καὶ
2821 3706 2882 3760 τὸ
2935 3705 3069 3781 πρὸς
3141 3706 3261 3769 τοὺς
3319 3712 3654 3784 κρατοῦντας
3715 3709 3856 3771 μετᾶ

2199 3789 2493 3869 παῤῥησίας
2556 3789 2823 3868 ἐλεύθερον
2872 3801 2965 3851 τοῦ
3013 3792 3199 3872 ἀνδρὸς
3255 3794 3399 3861 ἄξιόν
3467 3795 3578 3852 ἔστι
3641 3799 3856 3874 θαυμά-

2198 3902 2316 3943 σαι.
2384 3879 2512 3938 Οὒδὲ
2572 3880 2671 3960 γὰρ
2715 3881 3099 3958 ὀνειδιζόμενος
3146 3885 3276 3963 ὑπὲρ
3330 3891 3555 3964 Χριστοῦ
3597 3886 3776 3961 μόνον
3823 3887 3858 3954 ἢ

2197 3968 2521 4044 διωκόμενος
2571 3968 2810 4048 ἔχαιρεν,
2883 3970 3022 4029 ἀλλὰ
3075 3973 3162 4029 καὶ
3222 3973 3435 4049 μείζονα
3488 3977 3684 4030 παθεῖν
3725 3974 3858 4047 Kri-

2195 4079 2302 4132 τει,
2333 4055 2562 4130 ἀκριϐῶς
2605 4057 2756 4125 εἰδὼς
2805 4063 2880 4123 ὡς
2924 4060 3010 4118 διὰ
3052 4069 3208 4120 τοῦτο
3259 4063 3346 4119 καὶ
3377 4063 3634 4136 μειζόνων
3686 4063 3857 4130 ἀξιω-

2197 4146 2468 4214 θήσεσθαι.
2536 4145 2802 4206 Ἐντεῦθεν
2831 4150 2929 4207 καῖ
2983 4154 3084 4219 τὴν
3120 4158 3230 4209 τῶν
3282 4155 3532 4228 μαθητῶν
3562 4159 3660 4210 τοῦ
3721 4161 3858 4232 Χρι-

2197 4243 2326 4292 στοῦ
2379 4236 2670 4314 παῤῥησίαν
2706 4239 2793 4295 καθ
2843 4240 2938 4305 τὰς
2987 4241 3117 4320 ὑπὲρ
3166 4247 3261 4299 τοῦ
3323 4239 3654 4298 Διδασκάλου
3705 4242 3857 4310 πλη-

2195 4326 2294 4403 γὰς
2354 4324 2664 4404 ἐμακάριζε,
2724 4326 3154 4406 τετελτεωμένην
3225 4328 3385 4411 χάριν
3439 4329 3650 4398 ικείνην
3723 4334 3851 4390 ὀνο·

2196 4416 2376 4490 μάζων
2404 4417 2471 4482 ἧς
2503 4415 2646 4474 οῦτοι
2681 4417 2967 4498 πετέσχεν.

539 4499 604 4560 L.
639 4499 796 4563 Duos
828 4502 1032 4583 itaque
1087 4503 1243 4564 viros
1275 4503 1559 4577 illustres,
1597 4511 1653 4562 et
1702 4521 1852 4584 quos
1887 4502 2114 4570 sciebat

2277 4504 2340 4562 N'
2353 4553 2367 4567 .
2406 4505 2506 4562 Δύο
2545 4515 2671 4583 γοῦν
2700 4509 2805 4562 τῶν
2859 4507 2912 4563 ἐν
2945 4505 3069 4585 δόξῃ
3096 4508 3244 4572 τινὰς
3290 4509 3380 4566 καὶ
3409 4510 3496 4574 οὓς
3526 4509 3632 4566 τῶν
3666 4509 3853 4570 ἄλλων

458 4605 591 4649 esse
608 4590 882 4669 praaditos
903 4594 1128 4672 majore
1152 4590 1392 4653 dicendi
1421 4591 1909 4672 facultate,quam
1937 4593 2110 4667 alios,

459 4694 596 4737 cum
654 4679 726 4740 ad
786 4679 982 4758 ipsum
1043 4681 1306 4746 misisset
1364 4681 1709 4761 imperator,
1757 4681 1982 4760 rogavit
2034 4699 2110 4742 an

459 4774 764 4844 oporteret
795 4768 1012 4830 Christi
1037 4769 1329 4833 honorare
1351 4770 1621 4849 ﬁguram.
1650 4771 1795 4834 Cum
1833 4770 1882 4830 is
1911 4776 2108 4832 autem

457 4855 532 4918 ad
564 4856 678 4917 hoc
730 4856 930 4918 divine
959 4866 1016 4919 et
1047 4876 1166 4919 non
1195 4877 1331 4923 cum
1377 4859 1675 4921 mundana
1705 4857 2113 4939 respondisset

462 4943 846 5024 persuasione
897 4955 954 5008 et
1007 4946 1323 5029 sapientia,
1358 4954 1583 5009 tantum
1643 4946 1850 5021 abfuit,
1887 4956 1948 5010 ut
2006 4948 2110 5025 qui

463 5032 628 5095 missi
660 5033 897 5097 fuerant
937 5035 1012 5098 ab
1045 5036 1429 5118 imperatore,
1465 5035 1689 5116 aliquid
1743 5037 2111 5098 adducerent

463 5129 667 5184 contra
720 5141 813 5198 ea,
846 5143 978 5205 quae
1008 5124 1082 5187 ab
1127 5126 1256 5207 ipso
1284 5124 1448 5190 dicta
1503 5124 1755 5201 fuerant,
1794 5133 1855 5187 ut
1883 5125 2108 5189 relictis

461 5208 558 5283 iis,
588 5229 719 5290 quas
777 5212 939 5291 prius
994 5215 1300 5296 tenebant,
1363 5225 1530 5277 recte
1586 5225 1652 5276 ut
1701 5215 1788 5277 eis
1847 5235 2105 5297 exposu-

458 5305 610 5384 erat,
645 5299 924 5376 pietatem
969 5311 1028 5364 et
1080 5322 1280 5366 veram
1342 5303 1666 5366 didicerint
1723 5304 2103 5384 religionem.

459 5383 604 5447 Cum
619 5387 690 5448 ad
717 5397 988 5451 sanctum
1007 5399 1204 5452 autem
1237 5408 1442 5452 rursus
1459 5392 1718 5454 venisset
1748 5383 2101 5469 Eustratius,

454 5473 764 5550 praefectus
820 5479 1163 5541 monasterii
1221 5481 1618 5558 Agaurorum,
1665 5480 1946 5558 quoniam
2005 5498 2106 5543 res

450 5559 557 5626 Dei
586 5568 646 5625 et
692 5564 1083 5634 ecclesiarum
1116 5577 1288 5635 erant
1316 5573 1460 5630 tunc
1493 5567 1814 5632 mundanis
1857 5582 2101 5652 pertur-

2196 4592 2401 4667 μᾶλλον
2456 4592 2629 4671 λέγειν
2687 4593 3004 4670 δυναμένους
3055 4594 3171 4672 ᾔδει
3214 4599 3346 4677 πρὸς
3399 4598 3556 4658 αὐτὸν
3603 4600 3636 4655 ὁ
3683 4601 3851 4676 βασι-

2194 4681 2313 4744 λεὺς
2370 4681 2710 4756 ἆποστείλας,
2743 4684 2926 4762 ἢρώτα
2955 4686 3000 4741 εἰ
3053 4683 3168 4743 δέον
3218 4685 3329 4744 ἐστὶ
3375 4689 3468 4744 τὸν
3495 4690 3586 4744 τοῦ
3612 4695 3853 4766 Χριστοῦ

2195 4771 2510 4850 χαρακτῆρα
2563 4778 2746 4846 τιμᾷν,
2809 4779 2914 4832 Τοῦ
2969 4771 3025 4830 δέ
3073 4775 3250 4850 θείως,
3286 4777 3359 4840 ὥς
3415 4775 3478 4836 ἄν
3535 4797 3611 4841 τις
3666 4775 3849 4858 εἴποι,

2192 4861 2325 4940 πρὸς
2383 4869 2535 4920 τοῦτο
2591 4862 2678 4917 καὶ
2731 4861 2790 4918 οὗ
2846 4862 2983 4938 μετᾶ
3044 4867 3307 4941 κοσμικῆς
3368 4867 3576 4930 πειθοῦς
3639 4887 3700 4922 τε
3761 4870 3852 4925 καὶ

2192 4950 2378 5028 σοφίας
2433 4948 2860 5028 ἀποκριναμένου
2931 4959 3204 5028 τοσοῦτον,
3266 4955 3315 5012 ot
3372 4955 3514 5033 παρὰ
3574 4955 3849 5031 βασιλέως

2191 5035 2584 5114 ἀπεσταλμένοι
2663 5037 2886 5108 ἐδέησαν
2956 5041 3358 5122 ἂντεπαγαγεῖν
3432 5065 3485 5101 τι
3555 5057 3678 5111 τοῖς
3757 5045 3847 5104 ὑπ’

2193 5123 2392 5183 ἐκείνου
2443 5124 2744 5207 λεχθεῖσιν,
2801 5127 2911 5202 ὅσῳ
2968 5131 3058 5189 καὶ
3128 5133 3162 5189 ἃ
3217 5132 3471 5213 πρότερον
3527 5132 3849 5212 ἐπρέσϐευον

2189 5213 2570 5295 ἀπολιπόντες,
2605 5217 2769 5294 ὀρθῶς
2818 5219 2905 5276 καὶ
2935 5220 3010 5284 ὡς
3063 5221 3215 5285 οὗτός
3259 5241 3323 5300 γε
3364 5219 3563 5298 διεξῄει
3617 5223 3716 5292 τὴν
3752 5226 3845 5282 εὖ·

2187 5301 2396 5361 σέϐειαν
2482 5306 2902 5380 μετεμᾶνθανον.
2988 5307 3322 5386 Παραλαϐὼν
3406 5307 3460 5367 δὲ
3532 5311 3668 5389 πρὸς
3753 5315 3847 5370 τὸν

2185 5392 2338 5470 ἅγιον
2395 5392 2554 5450 πάλιν
2610 5395 2639 5450 ὁ
2669 5398 2768 5460 τῆς
2816 5393 3092 5476 ’Λγαύρων
3148 5403 3318 5474 μονῆς
3347 5400 3616 5478 προεστὼς
3650 5403 3681 5458 ὁ
3736 5407 3845 5462 Εὖ-

2185 5481 2449 5559 στράτιος,
2511 5481 2726 5562 ἐπείπερ
2781 5484 3047 5565 ετύγχανε
3111 5485 3232 5544 τότε
3285 5488 3349 5545 τὰ
3404 5498 3497 5549 τοῦ
3558 5497 3693 5548 Θεοῦ
3751 5493 3844 5550 καὶ

2163 5569 2250 5634 ,τὰ
2305 5575 2412 5629 τῶν
2470 5569 2806 5640 Ἐκκλησιῶν
2862 5587 3151 5653 κοσμικαῖς
3206 5573 3688 5659 διαταρασσόμενα.
3713 5602 3839 5667 τρι,
