  <div class='ocr_page' id='page_1' title='image "/cluster/home/n/w/nwhite01/storage/ocr_20150623/116/mdp.39015008903554/051.png"; bbox 0 0 3932 6128; ppageno 0'>
   <div class='ocr_carea' id='block_1_1' title="bbox 419 337 514 417">
    <p class='ocr_par' dir='ltr' id='par_1_1' title="bbox 419 337 514 417">
     <span class='ocr_line' id='line_1_1' title="bbox 419 337 514 417; baseline -0.032 0"><span class='ocrx_word' id='word_1_1' title='bbox 419 337 514 417; x_wconf 72' lang='grc'><strong>’8⁸7</strong></span> 
     </span>
    </p>
   </div>
   <div class='ocr_carea' id='block_1_2' title="bbox 1730 341 2497 411">
    <p class='ocr_par' dir='ltr' id='par_1_2' title="bbox 1730 341 2497 411">
     <span class='ocr_line' id='line_1_2' title="bbox 1730 341 2497 411; baseline -0.009 0"><span class='ocrx_word' id='word_1_2' title='bbox 1730 345 2011 411; x_wconf 90' lang='lat' dir='ltr'><strong>MENSIS</strong></span> <span class='ocrx_word' id='word_1_3' title='bbox 2053 341 2497 409; x_wconf 86' lang='lat' dir='ltr'><strong>NOVEMBER.</strong></span> 
     </span>
    </p>
   </div>
   <div class='ocr_carea' id='block_1_3' title="bbox 3727 349 3802 418">
    <p class='ocr_par' dir='ltr' id='par_1_3' title="bbox 3727 349 3802 418">
     <span class='ocr_line' id='line_1_3' title="bbox 3727 349 3802 418; baseline 0 0"><span class='ocrx_word' id='word_1_4' title='bbox 3727 349 3802 418; x_wconf 78' lang='lat'>88</span> 
     </span>
    </p>
   </div>
   <div class='ocr_carea' id='block_1_4' title="bbox 443 478 2082 563">
    <p class='ocr_par' dir='ltr' id='par_1_4' title="bbox 443 481 2080 563">
     <span class='ocr_line' id='line_1_4' title="bbox 443 481 2080 563; baseline -0.007 -10"><span class='ocrx_word' id='word_1_5' title='bbox 443 544 445 546; x_wconf 96' lang='lat'>.</span> <span class='ocrx_word' id='word_1_6' title='bbox 520 489 640 554; x_wconf 89' lang='lat' dir='ltr'><strong>LII.</strong></span> <span class='ocrx_word' id='word_1_7' title='bbox 677 486 823 552; x_wconf 91' lang='lat' dir='ltr'><strong>Cum</strong></span> <span class='ocrx_word' id='word_1_8' title='bbox 853 484 945 548; x_wconf 68' lang='lat' dir='ltr'><strong>hae</strong></span> <span class='ocrx_word' id='word_1_9' title='bbox 977 485 1281 549; x_wconf 77' lang='lat' dir='ltr'><strong>venissent</strong></span> <span class='ocrx_word' id='word_1_10' title='bbox 1311 485 1545 561; x_wconf 75' lang='lat' dir='ltr'><strong>litterae,</strong></span> <span class='ocrx_word' id='word_1_11' title='bbox 1582 485 1820 547; x_wconf 90' lang='lat' dir='ltr'><strong>divinus</strong></span> <span class='ocrx_word' id='word_1_12' title='bbox 1840 481 2080 563; x_wconf 89' lang='lat' dir='ltr'><strong>quidem</strong></span> 
     </span>
    </p>
   </div>
   <div class='ocr_carea' id='block_1_5' title="bbox 2245 478 3801 563">
    <p class='ocr_par' dir='ltr' id='par_1_5' title="bbox 2252 478 3801 563">
     <span class='ocr_line' id='line_1_5' title="bbox 2252 478 3801 563; baseline 0.005 -24"><span class='ocrx_word' id='word_1_13' title='bbox 2252 479 2380 544; x_wconf 82' lang='lat' dir='ltr'><strong>NB&#39;.</strong></span> <span class='ocrx_word' id='word_1_14' title='bbox 2443 486 2619 538; x_wconf 81' lang='grc' dir='ltr'>Ταῦτα</span> <span class='ocrx_word' id='word_1_15' title='bbox 2675 478 2859 550; x_wconf 75' lang='grc' dir='ltr'>ἐπειδὴ</span> <span class='ocrx_word' id='word_1_16' title='bbox 2918 479 2983 540; x_wconf 80' lang='grc' dir='ltr'><strong>τᾶ</strong></span> <span class='ocrx_word' id='word_1_17' title='bbox 3053 482 3341 563; x_wconf 70' lang='grc' dir='ltr'>γράμματα</span> <span class='ocrx_word' id='word_1_18' title='bbox 3408 485 3565 561; x_wconf 75' lang='grc' dir='ltr'>ἧκον,</span> <span class='ocrx_word' id='word_1_19' title='bbox 3623 488 3651 544; x_wconf 80' lang='grc' dir='ltr'><strong>ὁ</strong></span> <span class='ocrx_word' id='word_1_20' title='bbox 3708 489 3801 562; x_wconf 72' lang='grc' dir='ltr'>μὲν</span> 
     </span>
    </p>
   </div>
   <div class='ocr_carea' id='block_1_6' title="bbox 439 573 2084 656">
    <p class='ocr_par' dir='ltr' id='par_1_6' title="bbox 439 573 2084 656">
     <span class='ocr_line' id='line_1_6' title="bbox 439 573 2084 656; baseline -0.007 -11"><span class='ocrx_word' id='word_1_21' title='bbox 439 578 778 646; x_wconf 88' lang='lat' dir='ltr'><strong>Methodius</strong></span> <span class='ocrx_word' id='word_1_22' title='bbox 801 576 1105 638; x_wconf 61' lang='lat' dir='ltr'><strong>memoria</strong></span> <span class='ocrx_word' id='word_1_23' title='bbox 1129 575 1424 637; x_wconf 86' lang='lat' dir='ltr'><strong>mandavit</strong></span> <span class='ocrx_word' id='word_1_24' title='bbox 1444 594 1536 656; x_wconf 87' lang='lat' dir='ltr'><strong>ea,</strong></span> <span class='ocrx_word' id='word_1_25' title='bbox 1558 593 1688 655; x_wconf 69' lang='lat' dir='ltr'><strong>quas</strong></span> <span class='ocrx_word' id='word_1_26' title='bbox 1717 573 1938 652; x_wconf 87' lang='lat' dir='ltr'><strong>scripta</strong></span> <span class='ocrx_word' id='word_1_27' title='bbox 1961 573 2084 634; x_wconf 50' lang='lat' dir='ltr'><strong>fue.</strong></span> 
     </span>
    </p>
   </div>
   <div class='ocr_carea' id='block_1_7' title="bbox 439 663 2077 748">
    <p class='ocr_par' dir='ltr' id='par_1_7' title="bbox 439 663 2077 748">
     <span class='ocr_line' id='line_1_7' title="bbox 439 663 2077 748; baseline -0.007 -15"><span class='ocrx_word' id='word_1_28' title='bbox 439 678 602 733; x_wconf 88' lang='lat' dir='ltr'><strong>rant:</strong></span> <span class='ocrx_word' id='word_1_29' title='bbox 633 665 888 748; x_wconf 87' lang='lat' dir='ltr'><strong>improbi</strong></span> <span class='ocrx_word' id='word_1_30' title='bbox 908 674 1107 728; x_wconf 90' lang='lat' dir='ltr'><strong>autem</strong></span> <span class='ocrx_word' id='word_1_31' title='bbox 1131 667 1405 728; x_wconf 83' lang='lat' dir='ltr'><strong>homines</strong></span> <span class='ocrx_word' id='word_1_32' title='bbox 1426 684 1555 728; x_wconf 86' lang='lat' dir='ltr'><strong>eam</strong></span> <span class='ocrx_word' id='word_1_33' title='bbox 1581 683 1707 726; x_wconf 92' lang='lat' dir='ltr'><strong>rem</strong></span> <span class='ocrx_word' id='word_1_34' title='bbox 1729 663 2077 742; x_wconf 87' lang='lat' dir='ltr'><strong>irridebant,</strong></span> 
     </span>
    </p>
   </div>
   <div class='ocr_carea' id='block_1_8' title="bbox 441 752 2082 835">
    <p class='ocr_par' dir='ltr' id='par_1_8' title="bbox 441 752 2082 835">
     <span class='ocr_line' id='line_1_8' title="bbox 441 752 2082 835; baseline -0.006 -13"><span class='ocrx_word' id='word_1_35' title='bbox 441 767 500 822; x_wconf 84' lang='lat' dir='ltr'><strong>et</strong></span> <span class='ocrx_word' id='word_1_36' title='bbox 515 757 818 821; x_wconf 87' lang='lat' dir='ltr'><strong>habebant</strong></span> <span class='ocrx_word' id='word_1_37' title='bbox 836 756 1117 830; x_wconf 90' lang='lat' dir='ltr'><strong>ludibrio,</strong></span> <span class='ocrx_word' id='word_1_38' title='bbox 1147 765 1202 817; x_wconf 92' lang='lat' dir='ltr'><strong>et</strong></span> <span class='ocrx_word' id='word_1_39' title='bbox 1228 755 1381 816; x_wconf 89' lang='lat' dir='ltr'><strong>male</strong></span> <span class='ocrx_word' id='word_1_40' title='bbox 1402 756 1476 817; x_wconf 86' lang='lat' dir='ltr'><strong>ab</strong></span> <span class='ocrx_word' id='word_1_41' title='bbox 1498 756 1645 835; x_wconf 83' lang='lat' dir='ltr'><strong>ipsis</strong></span> <span class='ocrx_word' id='word_1_42' title='bbox 1666 754 1860 816; x_wconf 89' lang='lat' dir='ltr'><strong>bonus</strong></span> <span class='ocrx_word' id='word_1_43' title='bbox 1881 752 2082 814; x_wconf 90' lang='lat' dir='ltr'><strong>audie-</strong></span> 
     </span>
    </p>
   </div>
   <div class='ocr_carea' id='block_1_9' title="bbox 426 840 2080 923">
    <p class='ocr_par' dir='ltr' id='par_1_9' title="bbox 426 840 2080 923">
     <span class='ocr_line' id='line_1_9' title="bbox 426 840 2080 923; baseline -0.007 -10"><span class='ocrx_word' id='word_1_44' title='bbox 426 846 930 912; x_wconf 71' lang='lat' dir='ltr'><strong>rbatJoannicius.</strong></span> <span class='ocrx_word' id='word_1_45' title='bbox 964 844 1069 906; x_wconf 89' lang='lat' dir='ltr'><strong>Ille</strong></span> <span class='ocrx_word' id='word_1_46' title='bbox 1100 862 1240 906; x_wconf 88' lang='lat' dir='ltr'><strong>vero</strong></span> <span class='ocrx_word' id='word_1_47' title='bbox 1285 863 1419 906; x_wconf 91' lang='lat' dir='ltr'><strong>cum</strong></span> <span class='ocrx_word' id='word_1_48' title='bbox 1470 843 1863 923; x_wconf 83' lang='lat' dir='ltr'><strong>cognovisset,</strong></span> <span class='ocrx_word' id='word_1_49' title='bbox 1925 840 2080 922; x_wconf 82' lang='lat' dir='ltr'><strong>quod</strong></span> 
     </span>
    </p>
   </div>
   <div class='ocr_carea' id='block_1_10' title="bbox 437 935 2079 1020">
    <p class='ocr_par' dir='ltr' id='par_1_10' title="bbox 437 935 2079 1020">
     <span class='ocr_line' id='line_1_10' title="bbox 437 935 2079 1020; baseline -0.006 -19"><span class='ocrx_word' id='word_1_50' title='bbox 437 939 555 1020; x_wconf 88' lang='lat' dir='ltr'><strong>ipsi</strong></span> <span class='ocrx_word' id='word_1_51' title='bbox 585 955 719 1000; x_wconf 92' lang='lat' dir='ltr'><strong>eum</strong></span> <span class='ocrx_word' id='word_1_52' title='bbox 752 935 1285 1015; x_wconf 84' lang='lat' dir='ltr'><strong>calumniarentur,</strong></span> <span class='ocrx_word' id='word_1_53' title='bbox 1315 935 1398 996; x_wconf 87' lang='lat' dir='ltr'><strong>ita</strong></span> <span class='ocrx_word' id='word_1_54' title='bbox 1421 943 1605 1005; x_wconf 89' lang='lat' dir='ltr'><strong>stans,</strong></span> <span class='ocrx_word' id='word_1_55' title='bbox 1633 943 1694 994; x_wconf 92' lang='lat' dir='ltr'><strong>ut</strong></span> <span class='ocrx_word' id='word_1_56' title='bbox 1715 950 1924 994; x_wconf 89' lang='lat' dir='ltr'><strong>omnes</strong></span> <span class='ocrx_word' id='word_1_57' title='bbox 1947 949 2079 992; x_wconf 89' lang='lat' dir='ltr'><strong>eum</strong></span> 
     </span>
    </p>
   </div>
   <div class='ocr_carea' id='block_1_11' title="bbox 440 1022 2080 1110">
    <p class='ocr_par' dir='ltr' id='par_1_11' title="bbox 440 1022 2080 1110">
     <span class='ocr_line' id='line_1_11' title="bbox 440 1022 2080 1110; baseline -0.005 -19"><span class='ocrx_word' id='word_1_58' title='bbox 440 1035 681 1110; x_wconf 86' lang='lat' dir='ltr'><strong>possent</strong></span> <span class='ocrx_word' id='word_1_59' title='bbox 703 1024 1090 1098; x_wconf 88' lang='lat' dir='ltr'><strong>exaudire,de</strong></span> <span class='ocrx_word' id='word_1_60' title='bbox 1114 1026 1238 1087; x_wconf 92' lang='lat' dir='ltr'><strong>Deo</strong></span> <span class='ocrx_word' id='word_1_61' title='bbox 1259 1033 1317 1086; x_wconf 90' lang='lat' dir='ltr'><strong>et</strong></span> <span class='ocrx_word' id='word_1_62' title='bbox 1331 1024 1508 1085; x_wconf 87' lang='lat' dir='ltr'><strong>rebus</strong></span> <span class='ocrx_word' id='word_1_63' title='bbox 1526 1022 1741 1085; x_wconf 89' lang='lat' dir='ltr'><strong>divinis</strong></span> <span class='ocrx_word' id='word_1_64' title='bbox 1757 1022 2080 1100; x_wconf 86' lang='lat' dir='ltr'><strong>disserens,</strong></span> 
     </span>
    </p>
   </div>
   <div class='ocr_carea' id='block_1_12' title="bbox 437 1113 2086 1193">
    <p class='ocr_par' dir='ltr' id='par_1_12' title="bbox 437 1113 2086 1193">
     <span class='ocr_line' id='line_1_12' title="bbox 437 1113 2086 1193; baseline -0.006 -13"><span class='ocrx_word' id='word_1_65' title='bbox 437 1119 522 1180; x_wconf 86' lang='lat' dir='ltr'><strong>ita</strong></span> <span class='ocrx_word' id='word_1_66' title='bbox 553 1134 656 1179; x_wconf 90' lang='lat' dir='ltr'><strong>eos</strong></span> <span class='ocrx_word' id='word_1_67' title='bbox 680 1115 737 1176; x_wconf 90' lang='lat' dir='ltr'><strong>vi</strong></span> <span class='ocrx_word' id='word_1_68' title='bbox 765 1113 949 1193; x_wconf 89' lang='lat' dir='ltr'><strong>cepit,</strong></span> <span class='ocrx_word' id='word_1_69' title='bbox 984 1123 1044 1176; x_wconf 94' lang='lat' dir='ltr'><strong>et</strong></span> <span class='ocrx_word' id='word_1_70' title='bbox 1076 1115 1132 1174; x_wconf 92' lang='lat' dir='ltr'><strong>in</strong></span> <span class='ocrx_word' id='word_1_71' title='bbox 1168 1132 1333 1174; x_wconf 91' lang='lat' dir='ltr'><strong>suam</strong></span> <span class='ocrx_word' id='word_1_72' title='bbox 1369 1113 1597 1192; x_wconf 83' lang='lat' dir='ltr'><strong>redegit</strong></span> <span class='ocrx_word' id='word_1_73' title='bbox 1630 1119 2086 1193; x_wconf 77' lang='lat' dir='ltr'><strong>potestatem,ut</strong></span> 
     </span>
    </p>
   </div>
   <div class='ocr_carea' id='block_1_13' title="bbox 437 1201 2081 1275">
    <p class='ocr_par' dir='ltr' id='par_1_13' title="bbox 437 1201 2081 1275">
     <span class='ocr_line' id='line_1_13' title="bbox 437 1201 2081 1275; baseline -0.006 -5"><span class='ocrx_word' id='word_1_74' title='bbox 437 1225 559 1270; x_wconf 87' lang='lat' dir='ltr'><strong>non</strong></span> <span class='ocrx_word' id='word_1_75' title='bbox 591 1205 782 1268; x_wconf 89' lang='lat' dir='ltr'><strong>solum</strong></span> <span class='ocrx_word' id='word_1_76' title='bbox 815 1203 1214 1265; x_wconf 87' lang='lat' dir='ltr'><strong>abstinuerint</strong></span> <span class='ocrx_word' id='word_1_77' title='bbox 1245 1222 1277 1264; x_wconf 84' lang='lat' dir='ltr'><strong>a</strong></span> <span class='ocrx_word' id='word_1_78' title='bbox 1308 1221 1414 1264; x_wconf 88' lang='lat' dir='ltr'><strong>sua</strong></span> <span class='ocrx_word' id='word_1_79' title='bbox 1448 1206 1503 1264; x_wconf 85' lang='lat' dir='ltr'><strong>in</strong></span> <span class='ocrx_word' id='word_1_80' title='bbox 1535 1221 1670 1263; x_wconf 90' lang='lat' dir='ltr'><strong>eum</strong></span> <span class='ocrx_word' id='word_1_81' title='bbox 1696 1201 1950 1275; x_wconf 89' lang='lat' dir='ltr'><strong>insania,</strong></span> <span class='ocrx_word' id='word_1_82' title='bbox 1977 1201 2081 1261; x_wconf 85' lang='lat' dir='ltr'><strong>sed</strong></span> 
     </span>
    </p>
   </div>
   <div class='ocr_carea' id='block_1_14' title="bbox 437 1291 2084 1372">
    <p class='ocr_par' dir='ltr' id='par_1_14' title="bbox 437 1291 2084 1372">
     <span class='ocr_line' id='line_1_14' title="bbox 437 1291 2084 1372; baseline -0.005 -14"><span class='ocrx_word' id='word_1_83' title='bbox 437 1303 618 1358; x_wconf 87' lang='lat' dir='ltr'><strong>etiam</strong></span> <span class='ocrx_word' id='word_1_84' title='bbox 643 1312 848 1357; x_wconf 89' lang='lat' dir='ltr'><strong>eorum</strong></span> <span class='ocrx_word' id='word_1_85' title='bbox 884 1301 1117 1354; x_wconf 88' lang='lat' dir='ltr'><strong>mentes</strong></span> <span class='ocrx_word' id='word_1_86' title='bbox 1145 1292 1218 1353; x_wconf 86' lang='lat' dir='ltr'><strong>ad</strong></span> <span class='ocrx_word' id='word_1_87' title='bbox 1256 1293 1340 1366; x_wconf 93' lang='lat' dir='ltr'><strong>id,</strong></span> <span class='ocrx_word' id='word_1_88' title='bbox 1364 1291 1521 1372; x_wconf 86' lang='lat' dir='ltr'><strong>quod</strong></span> <span class='ocrx_word' id='word_1_89' title='bbox 1556 1300 1647 1352; x_wconf 91' lang='lat' dir='ltr'><strong>est</strong></span> <span class='ocrx_word' id='word_1_90' title='bbox 1671 1292 1910 1365; x_wconf 91' lang='lat' dir='ltr'><strong>melius,</strong></span> <span class='ocrx_word' id='word_1_91' title='bbox 1947 1309 2084 1351; x_wconf 85' lang='lat' dir='ltr'><strong>cou-</strong></span> 
     </span>
    </p>
   </div>
   <div class='ocr_carea' id='block_1_15' title="bbox 438 1379 2084 1461">
    <p class='ocr_par' dir='ltr' id='par_1_15' title="bbox 438 1379 2084 1461">
     <span class='ocr_line' id='line_1_15' title="bbox 438 1379 2084 1461; baseline -0.004 -15"><span class='ocrx_word' id='word_1_92' title='bbox 438 1384 716 1459; x_wconf 86' lang='lat' dir='ltr'><strong>verterit,</strong></span> <span class='ocrx_word' id='word_1_93' title='bbox 750 1391 807 1442; x_wconf 91' lang='lat' dir='ltr'><strong>et</strong></span> <span class='ocrx_word' id='word_1_94' title='bbox 839 1382 911 1443; x_wconf 89' lang='lat' dir='ltr'><strong>iis</strong></span> <span class='ocrx_word' id='word_1_95' title='bbox 944 1381 1231 1453; x_wconf 74' lang='lat' dir='ltr'><strong>dimissis,</strong></span> <span class='ocrx_word' id='word_1_96' title='bbox 1279 1399 1411 1461; x_wconf 70' lang='lat' dir='ltr'><strong>qua)</strong></span> <span class='ocrx_word' id='word_1_97' title='bbox 1445 1381 1608 1461; x_wconf 92' lang='lat' dir='ltr'><strong>prius</strong></span> <span class='ocrx_word' id='word_1_98' title='bbox 1659 1379 1747 1441; x_wconf 87' lang='lat' dir='ltr'><strong>eis</strong></span> <span class='ocrx_word' id='word_1_99' title='bbox 1797 1381 1918 1441; x_wconf 85' lang='lat' dir='ltr'><strong>visa</strong></span> <span class='ocrx_word' id='word_1_100' title='bbox 1950 1380 2084 1440; x_wconf 79' lang='lat' dir='ltr'><strong>fue-</strong></span> 
     </span>
    </p>
   </div>
   <div class='ocr_carea' id='block_1_16' title="bbox 439 1469 2085 1549">
    <p class='ocr_par' dir='ltr' id='par_1_16' title="bbox 439 1469 2085 1549">
     <span class='ocr_line' id='line_1_16' title="bbox 439 1469 2085 1549; baseline -0.004 -14"><span class='ocrx_word' id='word_1_101' title='bbox 439 1483 596 1546; x_wconf 88' lang='lat' dir='ltr'><strong>rant,</strong></span> <span class='ocrx_word' id='word_1_102' title='bbox 629 1471 968 1533; x_wconf 66' lang='lat' dir='ltr'><strong>orthodoxae</strong></span> <span class='ocrx_word' id='word_1_103' title='bbox 1002 1469 1141 1531; x_wconf 82' lang='lat' dir='ltr'><strong>ﬁdei</strong></span> <span class='ocrx_word' id='word_1_104' title='bbox 1176 1470 1393 1549; x_wconf 81' lang='lat' dir='ltr'><strong>dogma</strong></span> <span class='ocrx_word' id='word_1_105' title='bbox 1438 1469 1797 1540; x_wconf 90' lang='lat' dir='ltr'><strong>dedicerint,</strong></span> <span class='ocrx_word' id='word_1_106' title='bbox 1849 1477 1908 1529; x_wconf 90' lang='lat' dir='ltr'><strong>ut</strong></span> <span class='ocrx_word' id='word_1_107' title='bbox 1959 1470 2085 1548; x_wconf 86' lang='lat' dir='ltr'><strong>ipse</strong></span> 
     </span>
    </p>
   </div>
   <div class='ocr_carea' id='block_1_17' title="bbox 439 1559 2086 1644">
    <p class='ocr_par' dir='ltr' id='par_1_17' title="bbox 439 1559 2086 1644">
     <span class='ocr_line' id='line_1_17' title="bbox 439 1559 2086 1644; baseline -0.004 -18"><span class='ocrx_word' id='word_1_108' title='bbox 439 1559 798 1644; x_wconf 82' lang='lat' dir='ltr'><strong>exponebat.</strong></span> <span class='ocrx_word' id='word_1_109' title='bbox 837 1559 935 1621; x_wconf 89' lang='lat' dir='ltr'><strong>Sic</strong></span> <span class='ocrx_word' id='word_1_110' title='bbox 957 1559 1478 1640; x_wconf 80' lang='lat' dir='ltr'><strong>frequentissimus</strong></span> <span class='ocrx_word' id='word_1_111' title='bbox 1499 1559 1598 1620; x_wconf 86' lang='lat' dir='ltr'><strong>ille</strong></span> <span class='ocrx_word' id='word_1_112' title='bbox 1619 1559 1869 1641; x_wconf 89' lang='lat' dir='ltr'><strong>populus</strong></span> <span class='ocrx_word' id='word_1_113' title='bbox 1897 1560 2086 1620; x_wconf 83' lang='lat' dir='ltr'><strong>victus</strong></span> 
     </span>
    </p>
   </div>
   <div class='ocr_carea' id='block_1_18' title="bbox 440 1648 2088 1727">
    <p class='ocr_par' dir='ltr' id='par_1_18' title="bbox 440 1648 2088 1727">
     <span class='ocr_line' id='line_1_18' title="bbox 440 1648 2088 1727; baseline -0.004 -13"><span class='ocrx_word' id='word_1_114' title='bbox 440 1653 550 1714; x_wconf 83' lang='lat' dir='ltr'><strong>fuit</strong></span> <span class='ocrx_word' id='word_1_115' title='bbox 581 1650 654 1712; x_wconf 88' lang='lat' dir='ltr'><strong>ab</strong></span> <span class='ocrx_word' id='word_1_116' title='bbox 685 1651 862 1710; x_wconf 92' lang='lat' dir='ltr'><strong>unius</strong></span> <span class='ocrx_word' id='word_1_117' title='bbox 885 1649 1062 1727; x_wconf 88' lang='lat' dir='ltr'><strong>hujus</strong></span> <span class='ocrx_word' id='word_1_118' title='bbox 1083 1649 1392 1722; x_wconf 89' lang='lat' dir='ltr'><strong>virtute,et</strong></span> <span class='ocrx_word' id='word_1_119' title='bbox 1417 1657 1550 1711; x_wconf 62' lang='lat' dir='ltr'><strong>tota;</strong></span> <span class='ocrx_word' id='word_1_120' title='bbox 1573 1649 1838 1709; x_wconf 86' lang='lat' dir='ltr'><strong>civitates</strong></span> <span class='ocrx_word' id='word_1_121' title='bbox 1865 1648 2088 1727; x_wconf 86' lang='lat' dir='ltr'><strong>depen-</strong></span> 
     </span>
    </p>
   </div>
   <div class='ocr_carea' id='block_1_19' title="bbox 439 1737 2080 1817">
    <p class='ocr_par' dir='ltr' id='par_1_19' title="bbox 439 1737 2080 1817">
     <span class='ocr_line' id='line_1_19' title="bbox 439 1737 2080 1817; baseline -0.005 -13"><span class='ocrx_word' id='word_1_122' title='bbox 439 1740 660 1804; x_wconf 86' lang='lat' dir='ltr'><strong>debant</strong></span> <span class='ocrx_word' id='word_1_123' title='bbox 688 1739 761 1800; x_wconf 84' lang='lat' dir='ltr'><strong>ab</strong></span> <span class='ocrx_word' id='word_1_124' title='bbox 781 1757 900 1799; x_wconf 91' lang='lat' dir='ltr'><strong>una</strong></span> <span class='ocrx_word' id='word_1_125' title='bbox 932 1737 1091 1800; x_wconf 90' lang='lat' dir='ltr'><strong>illius</strong></span> <span class='ocrx_word' id='word_1_126' title='bbox 1122 1742 1436 1817; x_wconf 87' lang='lat' dir='ltr'><strong>sententia,</strong></span> <span class='ocrx_word' id='word_1_127' title='bbox 1462 1739 1536 1798; x_wconf 88' lang='lat' dir='ltr'><strong>iis</strong></span> <span class='ocrx_word' id='word_1_128' title='bbox 1563 1756 1694 1817; x_wconf 79' lang='lat' dir='ltr'><strong>quae</strong></span> <span class='ocrx_word' id='word_1_129' title='bbox 1722 1737 1896 1816; x_wconf 92' lang='lat' dir='ltr'><strong>longo</strong></span> <span class='ocrx_word' id='word_1_130' title='bbox 1927 1750 2080 1797; x_wconf 87' lang='lat' dir='ltr'><strong>tem-</strong></span> 
     </span>
    </p>
   </div>
   <div class='ocr_carea' id='block_1_20' title="bbox 2165 567 3804 651">
    <p class='ocr_par' dir='ltr' id='par_1_20' title="bbox 2165 567 3804 651">
     <span class='ocr_line' id='line_1_20' title="bbox 2165 567 3804 651; baseline 0.003 -23"><span class='ocrx_word' id='word_1_131' title='bbox 2165 575 2310 634; x_wconf 77' lang='grc' dir='ltr'>θεῖος</span> <span class='ocrx_word' id='word_1_132' title='bbox 2370 567 2622 636; x_wconf 80' lang='grc' dir='ltr'>Μεθόδιος</span> <span class='ocrx_word' id='word_1_133' title='bbox 2682 573 2756 637; x_wconf 85' lang='grc' dir='ltr'>εἷς</span> <span class='ocrx_word' id='word_1_134' title='bbox 2812 573 2911 641; x_wconf 80' lang='grc' dir='ltr'>τὴν</span> <span class='ocrx_word' id='word_1_135' title='bbox 2959 571 3146 632; x_wconf 76' lang='grc' dir='ltr'>ἑαυτοῦ</span> <span class='ocrx_word' id='word_1_136' title='bbox 3200 573 3423 649; x_wconf 66' lang='grc' dir='ltr'>μνήμην</span> <span class='ocrx_word' id='word_1_137' title='bbox 3477 574 3804 651; x_wconf 76' lang='grc' dir='ltr'>ἀνελάμϐανε</span> 
     </span>
    </p>
   </div>
   <div class='ocr_carea' id='block_1_21' title="bbox 2165 661 3806 744">
    <p class='ocr_par' dir='ltr' id='par_1_21' title="bbox 2165 661 3806 744">
     <span class='ocr_line' id='line_1_21' title="bbox 2165 661 3806 744; baseline 0.005 -28"><span class='ocrx_word' id='word_1_138' title='bbox 2165 661 2232 717; x_wconf 80' lang='grc' dir='ltr'>τὰ</span> <span class='ocrx_word' id='word_1_139' title='bbox 2282 678 2647 739; x_wconf 66' lang='grc' dir='ltr'>γεγραμμέναθ</span> <span class='ocrx_word' id='word_1_140' title='bbox 2711 663 2776 718; x_wconf 91' lang='grc' dir='ltr'><strong>τά</strong></span> <span class='ocrx_word' id='word_1_141' title='bbox 2835 683 2896 740; x_wconf 90' lang='grc' dir='ltr'><strong>γε</strong></span> <span class='ocrx_word' id='word_1_142' title='bbox 2954 661 3063 738; x_wconf 76' lang='grc' dir='ltr'>μὴν</span> <span class='ocrx_word' id='word_1_143' title='bbox 3105 664 3356 744; x_wconf 80' lang='grc' dir='ltr'>μοχθηρὰ</span> <span class='ocrx_word' id='word_1_144' title='bbox 3397 665 3666 744; x_wconf 74' lang='grc' dir='ltr'><strong>ἀνθρώπια</strong></span> <span class='ocrx_word' id='word_1_145' title='bbox 3713 667 3806 744; x_wconf 82' lang='grc' dir='ltr'>γέ-</span> 
     </span>
    </p>
   </div>
   <div class='ocr_carea' id='block_1_22' title="bbox 2165 747 3810 830">
    <p class='ocr_par' dir='ltr' id='par_1_22' title="bbox 2165 747 3810 830">
     <span class='ocr_line' id='line_1_22' title="bbox 2165 747 3810 830; baseline 0.004 -25"><span class='ocrx_word' id='word_1_146' title='bbox 2165 747 2312 805; x_wconf 80' lang='grc' dir='ltr'>λωτά</span> <span class='ocrx_word' id='word_1_147' title='bbox 2367 772 2424 807; x_wconf 92' lang='grc' dir='ltr'><strong>τε</strong></span> <span class='ocrx_word' id='word_1_148' title='bbox 2453 751 2540 808; x_wconf 83' lang='grc' dir='ltr'><strong>καὶ</strong></span> <span class='ocrx_word' id='word_1_149' title='bbox 2596 749 2809 807; x_wconf 79' lang='grc' dir='ltr'>παιδιὰν</span> <span class='ocrx_word' id='word_1_150' title='bbox 2851 752 2912 807; x_wconf 79' lang='grc' dir='ltr'>τὸ</span> <span class='ocrx_word' id='word_1_151' title='bbox 2958 757 3179 830; x_wconf 80' lang='grc' dir='ltr'>πρᾶγμα</span> <span class='ocrx_word' id='word_1_152' title='bbox 3237 752 3456 827; x_wconf 73' lang='grc' dir='ltr'>ὶτίθουν,</span> <span class='ocrx_word' id='word_1_153' title='bbox 3489 757 3578 814; x_wconf 84' lang='grc' dir='ltr'>καὶ</span> <span class='ocrx_word' id='word_1_154' title='bbox 3631 762 3810 819; x_wconf 81' lang='grc' dir='ltr'>κακῶς</span> 
     </span>
    </p>
   </div>
   <div class='ocr_carea' id='block_1_23' title="bbox 2165 838 3810 920">
    <p class='ocr_par' dir='ltr' id='par_1_23' title="bbox 2165 838 3810 920">
     <span class='ocr_line' id='line_1_23' title="bbox 2165 838 3810 920; baseline 0.004 -24"><span class='ocrx_word' id='word_1_155' title='bbox 2165 841 2194 896; x_wconf 83' lang='grc' dir='ltr'><strong>ὁ</strong></span> <span class='ocrx_word' id='word_1_156' title='bbox 2252 838 2414 903; x_wconf 85' lang='grc' dir='ltr'>καλὸς</span> <span class='ocrx_word' id='word_1_157' title='bbox 2479 840 2800 902; x_wconf 75' lang='grc' dir='ltr'>Ἰωαννίκιος</span> <span class='ocrx_word' id='word_1_158' title='bbox 2854 838 2982 920; x_wconf 84' lang='grc' dir='ltr'>παρ’</span> <span class='ocrx_word' id='word_1_159' title='bbox 3051 845 3221 900; x_wconf 78' lang='grc' dir='ltr'>αὐτῶν</span> <span class='ocrx_word' id='word_1_160' title='bbox 3290 842 3536 911; x_wconf 78' lang='grc' dir='ltr'>ἤκουσεν.</span> <span class='ocrx_word' id='word_1_161' title='bbox 3623 845 3686 903; x_wconf 83' lang='grc' dir='ltr'>Ὀ</span> <span class='ocrx_word' id='word_1_162' title='bbox 3759 845 3810 902; x_wconf 81' lang='grc' dir='ltr'>δὲ</span> 
     </span>
    </p>
   </div>
   <div class='ocr_carea' id='block_1_24' title="bbox 2168 926 3810 1008">
    <p class='ocr_par' dir='ltr' id='par_1_24' title="bbox 2168 926 3810 1008">
     <span class='ocr_line' id='line_1_24' title="bbox 2168 926 3810 1008; baseline 0.004 -25"><span class='ocrx_word' id='word_1_163' title='bbox 2168 929 2322 1006; x_wconf 84' lang='grc' dir='ltr'>γνοὺς</span> <span class='ocrx_word' id='word_1_164' title='bbox 2376 931 2446 994; x_wconf 82' lang='grc' dir='ltr'>ὡς</span> <span class='ocrx_word' id='word_1_165' title='bbox 2493 926 2889 987; x_wconf 76' lang='grc' dir='ltr'>ἐνδιαϐάλλοιτο</span> <span class='ocrx_word' id='word_1_166' title='bbox 2937 930 3063 1008; x_wconf 79' lang='grc' dir='ltr'>παρ’</span> <span class='ocrx_word' id='word_1_167' title='bbox 3119 933 3313 1006; x_wconf 73' lang='grc' dir='ltr'>αὐτῶν,</span> <span class='ocrx_word' id='word_1_168' title='bbox 3347 934 3420 997; x_wconf 81' lang='grc' dir='ltr'>εἰς</span> <span class='ocrx_word' id='word_1_169' title='bbox 3469 933 3708 1005; x_wconf 71' lang='grc' dir='ltr'>ἐπήκοον</span> <span class='ocrx_word' id='word_1_170' title='bbox 3754 936 3810 989; x_wconf 79' lang='grc' dir='ltr'><strong>ἁ-</strong></span> 
     </span>
    </p>
   </div>
   <div class='ocr_carea' id='block_1_25' title="bbox 2170 1016 3811 1102">
    <p class='ocr_par' dir='ltr' id='par_1_25' title="bbox 2170 1016 3811 1102">
     <span class='ocr_line' id='line_1_25' title="bbox 2170 1016 3811 1102; baseline 0.004 -29"><span class='ocrx_word' id='word_1_171' title='bbox 2170 1016 2382 1074; x_wconf 85' lang='grc' dir='ltr'>πάντων</span> <span class='ocrx_word' id='word_1_172' title='bbox 2456 1019 2584 1081; x_wconf 83' lang='grc' dir='ltr'>στὰς</span> <span class='ocrx_word' id='word_1_173' title='bbox 2615 1066 2630 1092; x_wconf 89' lang='grc'><strong>,</strong></span> <span class='ocrx_word' id='word_1_174' title='bbox 2708 1017 2978 1083; x_wconf 80' lang='grc' dir='ltr'>διεξελθὼν</span> <span class='ocrx_word' id='word_1_175' title='bbox 3051 1021 3190 1077; x_wconf 72' lang='grc' dir='ltr'>οὕτω</span> <span class='ocrx_word' id='word_1_176' title='bbox 3272 1023 3537 1102; x_wconf 77' lang='grc' dir='ltr'>κατάκρας</span> <span class='ocrx_word' id='word_1_177' title='bbox 3623 1024 3811 1086; x_wconf 78' lang='grc' dir='ltr'>αὐτοὺς</span> 
     </span>
    </p>
   </div>
   <div class='ocr_carea' id='block_1_26' title="bbox 2169 1106 3814 1184">
    <p class='ocr_par' dir='ltr' id='par_1_26' title="bbox 2169 1106 3814 1184">
     <span class='ocr_line' id='line_1_26' title="bbox 2169 1106 3814 1184; baseline 0.004 -24"><span class='ocrx_word' id='word_1_178' title='bbox 2169 1106 2286 1162; x_wconf 80' lang='grc' dir='ltr'>εἷλε</span> <span class='ocrx_word' id='word_1_179' title='bbox 2341 1108 2428 1162; x_wconf 88' lang='grc' dir='ltr'>καὶ</span> <span class='ocrx_word' id='word_1_180' title='bbox 2459 1109 2851 1184; x_wconf 79' lang='grc' dir='ltr'><strong>παρεστήσατο,</strong></span> <span class='ocrx_word' id='word_1_181' title='bbox 2882 1110 2956 1172; x_wconf 84' lang='grc' dir='ltr'>ὡς</span> <span class='ocrx_word' id='word_1_182' title='bbox 3005 1111 3082 1184; x_wconf 78' lang='grc' dir='ltr'>μὴ</span> <span class='ocrx_word' id='word_1_183' title='bbox 3139 1109 3300 1184; x_wconf 85' lang='grc' dir='ltr'>μόνον</span> <span class='ocrx_word' id='word_1_184' title='bbox 3358 1113 3457 1175; x_wconf 73' lang='grc' dir='ltr'><strong>τῆς</strong></span> <span class='ocrx_word' id='word_1_185' title='bbox 3503 1107 3624 1167; x_wconf 80' lang='grc' dir='ltr'>κατ’</span> <span class='ocrx_word' id='word_1_186' title='bbox 3653 1111 3814 1168; x_wconf 69' lang='grc' dir='ltr'>αὐτοῦ</span> 
     </span>
    </p>
   </div>
   <div class='ocr_carea' id='block_1_27' title="bbox 2167 1196 3811 1276">
    <p class='ocr_par' dir='ltr' id='par_1_27' title="bbox 2167 1196 3811 1276">
     <span class='ocr_line' id='line_1_27' title="bbox 2167 1196 3811 1276; baseline 0.004 -25"><span class='ocrx_word' id='word_1_187' title='bbox 2167 1197 2356 1271; x_wconf 90' lang='grc' dir='ltr'>μανίας</span> <span class='ocrx_word' id='word_1_188' title='bbox 2412 1196 2767 1274; x_wconf 80' lang='grc' dir='ltr'><strong>ἀποσχέσθαι,</strong></span> <span class='ocrx_word' id='word_1_189' title='bbox 2815 1196 2952 1253; x_wconf 81' lang='grc' dir='ltr'>ἀλλὰ</span> <span class='ocrx_word' id='word_1_190' title='bbox 3007 1200 3095 1256; x_wconf 83' lang='grc' dir='ltr'><strong>καὶ</strong></span> <span class='ocrx_word' id='word_1_191' title='bbox 3151 1201 3283 1276; x_wconf 82' lang='grc' dir='ltr'>πρὸς</span> <span class='ocrx_word' id='word_1_192' title='bbox 3338 1200 3400 1255; x_wconf 79' lang='grc' dir='ltr'><strong>τὸ</strong></span> <span class='ocrx_word' id='word_1_193' title='bbox 3449 1199 3656 1276; x_wconf 80' lang='grc' dir='ltr'>βέλτιον</span> <span class='ocrx_word' id='word_1_194' title='bbox 3719 1203 3811 1265; x_wconf 86' lang='grc' dir='ltr'><strong>τάς</strong></span> 
     </span>
    </p>
   </div>
   <div class='ocr_carea' id='block_1_28' title="bbox 2168 1283 3810 1370">
    <p class='ocr_par' dir='ltr' id='par_1_28' title="bbox 2168 1283 3810 1370">
     <span class='ocr_line' id='line_1_28' title="bbox 2168 1283 3810 1370; baseline 0.005 -31"><span class='ocrx_word' id='word_1_195' title='bbox 2168 1287 2369 1363; x_wconf 86' lang='grc' dir='ltr'>γνόμας</span> <span class='ocrx_word' id='word_1_196' title='bbox 2429 1283 2774 1360; x_wconf 78' lang='grc' dir='ltr'>μεταϐαλεῖν,</span> <span class='ocrx_word' id='word_1_197' title='bbox 2835 1287 2933 1343; x_wconf 76' lang='grc' dir='ltr'><strong>καί</strong></span> <span class='ocrx_word' id='word_1_198' title='bbox 2989 1294 3096 1346; x_wconf 88' lang='grc' dir='ltr'><strong>τῶν</strong></span> <span class='ocrx_word' id='word_1_199' title='bbox 3159 1287 3614 1368; x_wconf 84' lang='grc' dir='ltr'>περιδεδογμένων</span> <span class='ocrx_word' id='word_1_200' title='bbox 3671 1291 3810 1370; x_wconf 69' lang='grc' dir='ltr'>ἀφε-</span> 
     </span>
    </p>
   </div>
   <div class='ocr_carea' id='block_1_29' title="bbox 2168 1374 3814 1456">
    <p class='ocr_par' dir='ltr' id='par_1_29' title="bbox 2168 1374 3814 1456">
     <span class='ocr_line' id='line_1_29' title="bbox 2168 1374 3814 1456; baseline 0.003 -26"><span class='ocrx_word' id='word_1_201' title='bbox 2168 1375 2358 1451; x_wconf 84' lang='grc' dir='ltr'>μένους</span> <span class='ocrx_word' id='word_1_202' title='bbox 2415 1379 2476 1431; x_wconf 77' lang='grc' dir='ltr'>τὸ</span> <span class='ocrx_word' id='word_1_203' title='bbox 2532 1375 2629 1443; x_wconf 75' lang='grc' dir='ltr'>τῆς</span> <span class='ocrx_word' id='word_1_204' title='bbox 2687 1374 2957 1452; x_wconf 77' lang='grc' dir='ltr'>ὀρθοδόξου</span> <span class='ocrx_word' id='word_1_205' title='bbox 3009 1379 3235 1441; x_wconf 86' lang='grc' dir='ltr'>πίστεως</span> <span class='ocrx_word' id='word_1_206' title='bbox 3293 1376 3466 1456; x_wconf 82' lang='grc' dir='ltr'>δόγμα</span> <span class='ocrx_word' id='word_1_207' title='bbox 3525 1382 3600 1442; x_wconf 82' lang='grc' dir='ltr'>ὡς</span> <span class='ocrx_word' id='word_1_208' title='bbox 3659 1379 3814 1443; x_wconf 77' lang='grc' dir='ltr'>οὗτός</span> 
     </span>
    </p>
   </div>
   <div class='ocr_carea' id='block_1_30' title="bbox 2168 1466 3815 1546">
    <p class='ocr_par' dir='ltr' id='par_1_30' title="bbox 2168 1466 3815 1546">
     <span class='ocr_line' id='line_1_30' title="bbox 2168 1466 3815 1546; baseline 0.004 -27"><span class='ocrx_word' id='word_1_209' title='bbox 2168 1487 2230 1542; x_wconf 89' lang='grc' dir='ltr'><strong>γε</strong></span> <span class='ocrx_word' id='word_1_210' title='bbox 2286 1467 2556 1543; x_wconf 79' lang='grc' dir='ltr'><strong>εἰσηγεῖτο</strong></span> <span class='ocrx_word' id='word_1_211' title='bbox 2582 1513 2600 1539; x_wconf 90' lang='grc'><strong>,</strong></span> <span class='ocrx_word' id='word_1_212' title='bbox 2662 1469 3014 1540; x_wconf 64' lang='grc' dir='ltr'>μεταμαθεῖν.</span> <span class='ocrx_word' id='word_1_213' title='bbox 3081 1466 3258 1532; x_wconf 71' lang='grc' dir='ltr'>Οὕτως</span> <span class='ocrx_word' id='word_1_214' title='bbox 3312 1470 3342 1523; x_wconf 78' lang='grc' dir='ltr'><strong>ὃ</strong></span> <span class='ocrx_word' id='word_1_215' title='bbox 3411 1469 3815 1546; x_wconf 84' lang='grc' dir='ltr'>μυριάνθρωπος</span> 
     </span>
    </p>
   </div>
   <div class='ocr_carea' id='block_1_31' title="bbox 2168 1553 3820 1636">
    <p class='ocr_par' dir='ltr' id='par_1_31' title="bbox 2168 1553 3820 1636">
     <span class='ocr_line' id='line_1_31' title="bbox 2168 1553 3820 1636; baseline 0.003 -26"><span class='ocrx_word' id='word_1_216' title='bbox 2168 1555 2338 1629; x_wconf 77' lang='grc' dir='ltr'>δῆμος</span> <span class='ocrx_word' id='word_1_217' title='bbox 2389 1553 2624 1630; x_wconf 76' lang='grc' dir='ltr'>ἐκεῖνος,</span> <span class='ocrx_word' id='word_1_218' title='bbox 2669 1557 2769 1622; x_wconf 77' lang='grc' dir='ltr'><strong>τῆς</strong></span> <span class='ocrx_word' id='word_1_219' title='bbox 2818 1556 2936 1621; x_wconf 82' lang='grc' dir='ltr'>ἑνὸς</span> <span class='ocrx_word' id='word_1_220' title='bbox 2983 1557 3170 1614; x_wconf 83' lang='grc' dir='ltr'>τούτου</span> <span class='ocrx_word' id='word_1_221' title='bbox 3230 1557 3421 1636; x_wconf 79' lang='grc' dir='ltr'>ἀρετῆς</span> <span class='ocrx_word' id='word_1_222' title='bbox 3472 1559 3694 1630; x_wconf 78' lang='grc' dir='ltr'>ἡττᾶτο,</span> <span class='ocrx_word' id='word_1_223' title='bbox 3733 1562 3820 1615; x_wconf 83' lang='grc' dir='ltr'><strong>καὶ</strong></span> 
     </span>
    </p>
   </div>
   <div class='ocr_carea' id='block_1_32' title="bbox 2169 1643 3818 1724">
    <p class='ocr_par' dir='ltr' id='par_1_32' title="bbox 2169 1643 3818 1724">
     <span class='ocr_line' id='line_1_32' title="bbox 2169 1643 3818 1724; baseline 0.003 -24"><span class='ocrx_word' id='word_1_224' title='bbox 2169 1643 2355 1706; x_wconf 84' lang='grc' dir='ltr'>πόλεις</span> <span class='ocrx_word' id='word_1_225' title='bbox 2413 1643 2531 1700; x_wconf 80' lang='grc' dir='ltr'>ὅλαι</span> <span class='ocrx_word' id='word_1_226' title='bbox 2577 1651 2700 1718; x_wconf 87' lang='grc' dir='ltr'>μιᾶς</span> <span class='ocrx_word' id='word_1_227' title='bbox 2755 1650 2856 1711; x_wconf 81' lang='grc' dir='ltr'><strong>τῆς</strong></span> <span class='ocrx_word' id='word_1_228' title='bbox 2900 1644 3100 1702; x_wconf 71' lang='grc' dir='ltr'>ἐκείνου</span> <span class='ocrx_word' id='word_1_229' title='bbox 3139 1647 3361 1724; x_wconf 85' lang='grc' dir='ltr'>γνώμης</span> <span class='ocrx_word' id='word_1_230' title='bbox 3405 1645 3722 1724; x_wconf 72' lang='grc' dir='ltr'>ἐξήρτηντο,</span> <span class='ocrx_word' id='word_1_231' title='bbox 3755 1650 3818 1704; x_wconf 77' lang='grc' dir='ltr'><strong>τὰ</strong></span> 
     </span>
    </p>
   </div>
   <div class='ocr_carea' id='block_1_33' title="bbox 2171 1733 3823 1817">
    <p class='ocr_par' dir='ltr' id='par_1_33' title="bbox 2171 1733 3823 1817">
     <span class='ocr_line' id='line_1_33' title="bbox 2171 1733 3823 1817; baseline 0.004 -29"><span class='ocrx_word' id='word_1_232' title='bbox 2171 1733 2230 1788; x_wconf 78' lang='grc' dir='ltr'>ἐκ</span> <span class='ocrx_word' id='word_1_233' title='bbox 2279 1741 2482 1806; x_wconf 80' lang='grc' dir='ltr'>μακροῦ</span> <span class='ocrx_word' id='word_1_234' title='bbox 2513 1743 2602 1793; x_wconf 82' lang='grc' dir='ltr'>τοῦ</span> <span class='ocrx_word' id='word_1_235' title='bbox 2659 1735 2858 1813; x_wconf 79' lang='grc' dir='ltr'>χρόνου</span> <span class='ocrx_word' id='word_1_236' title='bbox 2908 1734 3289 1812; x_wconf 82' lang='grc' dir='ltr'>μελετηθέντα,</span> <span class='ocrx_word' id='word_1_237' title='bbox 3319 1739 3376 1792; x_wconf 67' lang='grc' dir='ltr'>ἓν</span> <span class='ocrx_word' id='word_1_238' title='bbox 3429 1738 3632 1817; x_wconf 74' lang='grc' dir='ltr'>βραχεῖ</span> <span class='ocrx_word' id='word_1_239' title='bbox 3674 1739 3823 1795; x_wconf 83' lang='grc' dir='ltr'>ἀπο-</span> 
     </span>
    </p>
   </div>
   <div class='ocr_carea' id='block_1_34' title="bbox 438 1821 2082 1912">
    <p class='ocr_par' dir='ltr' id='par_1_34' title="bbox 438 1826 2082 1912">
     <span class='ocr_line' id='line_1_34' title="bbox 438 1826 2082 1912; baseline -0.003 -20"><span class='ocrx_word' id='word_1_240' title='bbox 438 1848 584 1912; x_wconf 88' lang='lat' dir='ltr'><strong>pore</strong></span> <span class='ocrx_word' id='word_1_241' title='bbox 615 1827 890 1890; x_wconf 88' lang='lat' dir='ltr'><strong>meditata</strong></span> <span class='ocrx_word' id='word_1_242' title='bbox 911 1827 1169 1902; x_wconf 88' lang='lat' dir='ltr'><strong>fuerant,</strong></span> <span class='ocrx_word' id='word_1_243' title='bbox 1207 1827 1368 1889; x_wconf 84' lang='lat' dir='ltr'><strong>brevi</strong></span> <span class='ocrx_word' id='word_1_244' title='bbox 1401 1826 1712 1907; x_wconf 89' lang='lat' dir='ltr'><strong>depositis.</strong></span> <span class='ocrx_word' id='word_1_245' title='bbox 1745 1826 1810 1887; x_wconf 90' lang='lat' dir='ltr'><strong>Ei</strong></span> <span class='ocrx_word' id='word_1_246' title='bbox 1841 1826 2082 1905; x_wconf 87' lang='lat' dir='ltr'><strong>quidem</strong></span> 
     </span>
    </p>
   </div>
   <div class='ocr_carea' id='block_1_35' title="bbox 2245 1821 3822 1912">
    <p class='ocr_par' dir='ltr' id='par_1_35' title="bbox 2245 1821 3822 1903">
     <span class='ocr_line' id='line_1_35' title="bbox 2245 1821 3822 1903; baseline 0.002 -25"><span class='ocrx_word' id='word_1_247' title='bbox 2245 1822 2452 1896; x_wconf 67' lang='grc' dir='ltr'>νέμενοι.</span> <span class='ocrx_word' id='word_1_248' title='bbox 2519 1825 2696 1896; x_wconf 80' lang='grc' dir='ltr'>Τούτῳ</span> <span class='ocrx_word' id='word_1_249' title='bbox 2753 1827 2852 1899; x_wconf 81' lang='grc' dir='ltr'>μὲν</span> <span class='ocrx_word' id='word_1_250' title='bbox 2913 1821 2978 1892; x_wconf 78' lang='grc' dir='ltr'>δὴ</span> <span class='ocrx_word' id='word_1_251' title='bbox 3029 1823 3166 1881; x_wconf 73' lang='grc' dir='ltr'>οὕτω</span> <span class='ocrx_word' id='word_1_252' title='bbox 3220 1830 3317 1892; x_wconf 76' lang='grc' dir='ltr'>τῆς</span> <span class='ocrx_word' id='word_1_253' title='bbox 3347 1831 3536 1894; x_wconf 77' lang='grc' dir='ltr'>κοινῆς</span> <span class='ocrx_word' id='word_1_254' title='bbox 3595 1825 3822 1903; x_wconf 68' lang='grc' dir='ltr'>ἔμελλεν</span> 
     </span>
    </p>
   </div>
   <div class='ocr_carea' id='block_1_36' title="bbox 437 1916 2087 1998">
    <p class='ocr_par' dir='ltr' id='par_1_36' title="bbox 437 1916 2087 1998">
     <span class='ocr_line' id='line_1_36' title="bbox 437 1916 2087 1998; baseline -0.004 -14"><span class='ocrx_word' id='word_1_255' title='bbox 437 1921 526 1984; x_wconf 90' lang='lat' dir='ltr'><strong>sic</strong></span> <span class='ocrx_word' id='word_1_256' title='bbox 555 1937 712 1982; x_wconf 89' lang='lat' dir='ltr'><strong>curae</strong></span> <span class='ocrx_word' id='word_1_257' title='bbox 743 1919 856 1980; x_wconf 80' lang='lat' dir='ltr'><strong>fuit</strong></span> <span class='ocrx_word' id='word_1_258' title='bbox 884 1919 1227 1979; x_wconf 88' lang='lat' dir='ltr'><strong>communis</strong></span> <span class='ocrx_word' id='word_1_259' title='bbox 1253 1918 1507 1998; x_wconf 87' lang='lat' dir='ltr'><strong>utilitas,</strong></span> <span class='ocrx_word' id='word_1_260' title='bbox 1541 1924 1599 1979; x_wconf 91' lang='lat' dir='ltr'><strong>et</strong></span> <span class='ocrx_word' id='word_1_261' title='bbox 1642 1916 1727 1978; x_wconf 90' lang='lat' dir='ltr'><strong>sic</strong></span> <span class='ocrx_word' id='word_1_262' title='bbox 1757 1916 1966 1977; x_wconf 80' lang='lat' dir='ltr'><strong>fratres</strong></span> <span class='ocrx_word' id='word_1_263' title='bbox 1999 1926 2087 1978; x_wconf 92' lang='lat' dir='ltr'><strong>est</strong></span> 
     </span>
    </p>
   </div>
   <div class='ocr_carea' id='block_1_37' title="bbox 423 2009 807 2090">
    <p class='ocr_par' dir='ltr' id='par_1_37' title="bbox 423 2009 807 2090">
     <span class='ocr_line' id='line_1_37' title="bbox 423 2009 807 2090; baseline -0.005 -16"><span class='ocrx_word' id='word_1_264' title='bbox 423 2009 807 2090; x_wconf 71' lang='lat' dir='ltr'><strong>complexus.</strong></span> 
     </span>
    </p>
   </div>
   <div class='ocr_carea' id='block_1_38' title="bbox 516 2094 2086 2177">
    <p class='ocr_par' dir='ltr' id='par_1_38' title="bbox 516 2094 2086 2177">
     <span class='ocr_line' id='line_1_38' title="bbox 516 2094 2086 2177; baseline -0.004 -15"><span class='ocrx_word' id='word_1_265' title='bbox 516 2098 666 2163; x_wconf 85' lang='lat' dir='ltr'><strong>LIII.</strong></span> <span class='ocrx_word' id='word_1_266' title='bbox 688 2097 833 2162; x_wconf 86' lang='lat' dir='ltr'><strong>Cum</strong></span> <span class='ocrx_word' id='word_1_267' title='bbox 851 2104 1049 2159; x_wconf 90' lang='lat' dir='ltr'><strong>autem</strong></span> <span class='ocrx_word' id='word_1_268' title='bbox 1071 2096 1467 2159; x_wconf 76' lang='lat' dir='ltr'><strong>oratoriarum</strong></span> <span class='ocrx_word' id='word_1_269' title='bbox 1495 2096 1886 2177; x_wconf 75' lang='lat' dir='ltr'><strong>aedium,quas</strong></span> <span class='ocrx_word' id='word_1_270' title='bbox 1903 2094 2086 2156; x_wconf 71' lang='lat' dir='ltr'><strong>aedili-</strong></span> 
     </span>
    </p>
   </div>
   <div class='ocr_carea' id='block_1_39' title="bbox 439 2186 2085 2270">
    <p class='ocr_par' dir='ltr' id='par_1_39' title="bbox 439 2186 2085 2270">
     <span class='ocr_line' id='line_1_39' title="bbox 439 2186 2085 2270; baseline -0.003 -18"><span class='ocrx_word' id='word_1_271' title='bbox 439 2196 697 2270; x_wconf 87' lang='lat' dir='ltr'><strong>caverat,</strong></span> <span class='ocrx_word' id='word_1_272' title='bbox 729 2189 896 2250; x_wconf 84' lang='lat' dir='ltr'><strong>ﬁeret</strong></span> <span class='ocrx_word' id='word_1_273' title='bbox 926 2186 1246 2261; x_wconf 87' lang='lat' dir='ltr'><strong>dedicatio,</strong></span> <span class='ocrx_word' id='word_1_274' title='bbox 1279 2187 1462 2249; x_wconf 88' lang='lat' dir='ltr'><strong>multa</strong></span> <span class='ocrx_word' id='word_1_275' title='bbox 1483 2188 1554 2248; x_wconf 93' lang='lat' dir='ltr'><strong>ab</strong></span> <span class='ocrx_word' id='word_1_276' title='bbox 1587 2187 1692 2248; x_wconf 90' lang='lat' dir='ltr'><strong>illo</strong></span> <span class='ocrx_word' id='word_1_277' title='bbox 1719 2205 1789 2248; x_wconf 88' lang='lat' dir='ltr'><strong>eo</strong></span> <span class='ocrx_word' id='word_1_278' title='bbox 1818 2195 2085 2266; x_wconf 89' lang='lat' dir='ltr'><strong>tempore</strong></span> 
     </span>
    </p>
   </div>
   <div class='ocr_carea' id='block_1_40' title="bbox 435 2276 2082 2358">
    <p class='ocr_par' dir='ltr' id='par_1_40' title="bbox 435 2276 2082 2358">
     <span class='ocr_line' id='line_1_40' title="bbox 435 2276 2082 2358; baseline -0.003 -17"><span class='ocrx_word' id='word_1_279' title='bbox 435 2281 589 2342; x_wconf 82' lang='lat' dir='ltr'><strong>facta</strong></span> <span class='ocrx_word' id='word_1_280' title='bbox 625 2287 765 2339; x_wconf 86' lang='lat' dir='ltr'><strong>sunt</strong></span> <span class='ocrx_word' id='word_1_281' title='bbox 799 2278 1108 2358; x_wconf 88' lang='lat' dir='ltr'><strong>miracula,</strong></span> <span class='ocrx_word' id='word_1_282' title='bbox 1132 2277 1365 2339; x_wconf 85' lang='lat' dir='ltr'><strong>etiamsi</strong></span> <span class='ocrx_word' id='word_1_283' title='bbox 1392 2296 1509 2338; x_wconf 88' lang='lat' dir='ltr'><strong>non</strong></span> <span class='ocrx_word' id='word_1_284' title='bbox 1536 2277 1798 2338; x_wconf 86' lang='lat' dir='ltr'><strong>adesset.</strong></span> <span class='ocrx_word' id='word_1_285' title='bbox 1826 2276 2082 2338; x_wconf 85' lang='lat' dir='ltr'><strong>Phalanx</strong></span> 
     </span>
    </p>
   </div>
   <div class='ocr_carea' id='block_1_41' title="bbox 439 2364 2082 2447">
    <p class='ocr_par' dir='ltr' id='par_1_41' title="bbox 439 2364 2082 2447">
     <span class='ocr_line' id='line_1_41' title="bbox 439 2364 2082 2447; baseline -0.003 -18"><span class='ocrx_word' id='word_1_286' title='bbox 439 2369 598 2431; x_wconf 89' lang='lat' dir='ltr'><strong>enim</strong></span> <span class='ocrx_word' id='word_1_287' title='bbox 621 2368 954 2428; x_wconf 85' lang='lat' dir='ltr'><strong>daemonum</strong></span> <span class='ocrx_word' id='word_1_288' title='bbox 981 2376 1226 2447; x_wconf 86' lang='lat' dir='ltr'><strong>repente</strong></span> <span class='ocrx_word' id='word_1_289' title='bbox 1257 2383 1553 2446; x_wconf 87' lang='lat' dir='ltr'><strong>apparens</strong></span> <span class='ocrx_word' id='word_1_290' title='bbox 1585 2384 1769 2446; x_wconf 90' lang='lat' dir='ltr'><strong>super</strong></span> <span class='ocrx_word' id='word_1_291' title='bbox 1793 2364 2082 2425; x_wconf 89' lang='lat' dir='ltr'><strong>tumulum</strong></span> 
     </span>
    </p>
   </div>
   <div class='ocr_carea' id='block_1_42' title="bbox 434 2453 2082 2538">
    <p class='ocr_par' dir='ltr' id='par_1_42' title="bbox 434 2453 2082 2538">
     <span class='ocr_line' id='line_1_42' title="bbox 434 2453 2082 2538; baseline -0.004 -20"><span class='ocrx_word' id='word_1_292' title='bbox 434 2457 621 2521; x_wconf 86' lang='lat' dir='ltr'><strong>veluti</strong></span> <span class='ocrx_word' id='word_1_293' title='bbox 655 2468 990 2538; x_wconf 78' lang='lat' dir='ltr'><strong>corporata,</strong></span> <span class='ocrx_word' id='word_1_294' title='bbox 1028 2475 1130 2519; x_wconf 91' lang='lat' dir='ltr'><strong>eos</strong></span> <span class='ocrx_word' id='word_1_295' title='bbox 1161 2457 1260 2536; x_wconf 89' lang='lat' dir='ltr'><strong>qui</strong></span> <span class='ocrx_word' id='word_1_296' title='bbox 1300 2457 1422 2517; x_wconf 90' lang='lat' dir='ltr'><strong>illic</strong></span> <span class='ocrx_word' id='word_1_297' title='bbox 1454 2457 1701 2516; x_wconf 82' lang='lat' dir='ltr'><strong>aderant</strong></span> <span class='ocrx_word' id='word_1_298' title='bbox 1750 2455 1980 2532; x_wconf 88' lang='lat' dir='ltr'><strong>redegit</strong></span> <span class='ocrx_word' id='word_1_299' title='bbox 2010 2453 2082 2513; x_wconf 92' lang='lat' dir='ltr'><strong>ad</strong></span> 
     </span>
    </p>
   </div>
   <div class='ocr_carea' id='block_1_43' title="bbox 436 2541 2085 2625">
    <p class='ocr_par' dir='ltr' id='par_1_43' title="bbox 436 2541 2085 2625">
     <span class='ocr_line' id='line_1_43' title="bbox 436 2541 2085 2625; baseline -0.005 -16"><span class='ocrx_word' id='word_1_300' title='bbox 436 2547 900 2609; x_wconf 89' lang='lat' dir='ltr'><strong>dubitationem.</strong></span> <span class='ocrx_word' id='word_1_301' title='bbox 937 2545 1081 2609; x_wconf 88' lang='lat' dir='ltr'><strong>Cum</strong></span> <span class='ocrx_word' id='word_1_302' title='bbox 1111 2565 1252 2624; x_wconf 85' lang='lat' dir='ltr'><strong>ergo</strong></span> <span class='ocrx_word' id='word_1_303' title='bbox 1282 2545 1522 2625; x_wconf 69' lang='lat' dir='ltr'><strong>spiritu,</strong></span> <span class='ocrx_word' id='word_1_304' title='bbox 1548 2545 1645 2623; x_wconf 90' lang='lat' dir='ltr'><strong>qui</strong></span> <span class='ocrx_word' id='word_1_305' title='bbox 1679 2544 1738 2604; x_wconf 90' lang='lat' dir='ltr'><strong>in</strong></span> <span class='ocrx_word' id='word_1_306' title='bbox 1762 2562 1830 2604; x_wconf 90' lang='lat' dir='ltr'><strong>eo</strong></span> <span class='ocrx_word' id='word_1_307' title='bbox 1857 2541 2085 2603; x_wconf 84' lang='lat' dir='ltr'><strong>babita-</strong></span> 
     </span>
    </p>
   </div>
   <div class='ocr_carea' id='block_1_44' title="bbox 433 2630 2084 2712">
    <p class='ocr_par' dir='ltr' id='par_1_44' title="bbox 433 2630 2084 2712">
     <span class='ocr_line' id='line_1_44' title="bbox 433 2630 2084 2712; baseline -0.004 -14"><span class='ocrx_word' id='word_1_308' title='bbox 433 2635 560 2712; x_wconf 88' lang='lat' dir='ltr'><strong>bat,</strong></span> <span class='ocrx_word' id='word_1_309' title='bbox 589 2654 713 2697; x_wconf 92' lang='lat' dir='ltr'><strong>rem</strong></span> <span class='ocrx_word' id='word_1_310' title='bbox 732 2637 1107 2712; x_wconf 85' lang='lat' dir='ltr'><strong>cognovisset</strong></span> <span class='ocrx_word' id='word_1_311' title='bbox 1126 2653 1373 2711; x_wconf 86' lang='lat' dir='ltr'><strong>magnus</strong></span> <span class='ocrx_word' id='word_1_312' title='bbox 1395 2632 1762 2707; x_wconf 86' lang='lat' dir='ltr'><strong>Joannicius,</strong></span> <span class='ocrx_word' id='word_1_313' title='bbox 1795 2640 1853 2694; x_wconf 90' lang='lat' dir='ltr'><strong>et</strong></span> <span class='ocrx_word' id='word_1_314' title='bbox 1885 2630 2084 2691; x_wconf 88' lang='lat' dir='ltr'><strong>utilis-</strong></span> 
     </span>
    </p>
   </div>
   <div class='ocr_carea' id='block_1_45' title="bbox 435 2721 2081 2802">
    <p class='ocr_par' dir='ltr' id='par_1_45' title="bbox 435 2721 2081 2802">
     <span class='ocr_line' id='line_1_45' title="bbox 435 2721 2081 2802; baseline -0.005 -15"><span class='ocrx_word' id='word_1_315' title='bbox 435 2724 588 2787; x_wconf 86' lang='lat' dir='ltr'><strong>simo</strong></span> <span class='ocrx_word' id='word_1_316' title='bbox 619 2744 762 2786; x_wconf 84' lang='lat' dir='ltr'><strong>usus</strong></span> <span class='ocrx_word' id='word_1_317' title='bbox 794 2733 952 2786; x_wconf 88' lang='lat' dir='ltr'><strong>esset</strong></span> <span class='ocrx_word' id='word_1_318' title='bbox 984 2723 1416 2784; x_wconf 88' lang='lat' dir='ltr'><strong>medicamento</strong></span> <span class='ocrx_word' id='word_1_319' title='bbox 1463 2721 1840 2802; x_wconf 84' lang='lat' dir='ltr'><strong>precationis,</strong></span> <span class='ocrx_word' id='word_1_320' title='bbox 1877 2738 2081 2781; x_wconf 80' lang='lat' dir='ltr'><strong>eorum</strong></span> 
     </span>
    </p>
   </div>
   <div class='ocr_carea' id='block_1_46' title="bbox 436 2809 2079 2892">
    <p class='ocr_par' dir='ltr' id='par_1_46' title="bbox 436 2809 2079 2892">
     <span class='ocr_line' id='line_1_46' title="bbox 436 2809 2079 2892; baseline -0.003 -19"><span class='ocrx_word' id='word_1_321' title='bbox 436 2813 679 2891; x_wconf 88' lang='lat' dir='ltr'><strong>quidem</strong></span> <span class='ocrx_word' id='word_1_322' title='bbox 713 2821 933 2874; x_wconf 89' lang='lat' dir='ltr'><strong>metum</strong></span> <span class='ocrx_word' id='word_1_323' title='bbox 968 2812 1248 2892; x_wconf 88' lang='lat' dir='ltr'><strong>abstulit;</strong></span> <span class='ocrx_word' id='word_1_324' title='bbox 1290 2814 1621 2874; x_wconf 68' lang='lat' dir='ltr'><strong>daemonum</strong></span> <span class='ocrx_word' id='word_1_325' title='bbox 1655 2819 1850 2871; x_wconf 90' lang='lat' dir='ltr'><strong>autem</strong></span> <span class='ocrx_word' id='word_1_326' title='bbox 1888 2809 2079 2869; x_wconf 87' lang='lat' dir='ltr'><strong>multi-</strong></span> 
     </span>
    </p>
   </div>
   <div class='ocr_carea' id='block_1_47' title="bbox 438 2900 2080 2981">
    <p class='ocr_par' dir='ltr' id='par_1_47' title="bbox 438 2900 2080 2981">
     <span class='ocr_line' id='line_1_47' title="bbox 438 2900 2080 2981; baseline -0.002 -18"><span class='ocrx_word' id='word_1_327' title='bbox 438 2901 708 2964; x_wconf 87' lang='lat' dir='ltr'><strong>tudinem</strong></span> <span class='ocrx_word' id='word_1_328' title='bbox 744 2905 914 2963; x_wconf 84' lang='lat' dir='ltr'><strong>vertit</strong></span> <span class='ocrx_word' id='word_1_329' title='bbox 945 2902 1005 2963; x_wconf 90' lang='lat' dir='ltr'><strong>in</strong></span> <span class='ocrx_word' id='word_1_330' title='bbox 1037 2902 1257 2981; x_wconf 83' lang='lat' dir='ltr'><strong>fugam,</strong></span> <span class='ocrx_word' id='word_1_331' title='bbox 1317 2911 1374 2961; x_wconf 91' lang='lat' dir='ltr'><strong>et</strong></span> <span class='ocrx_word' id='word_1_332' title='bbox 1420 2901 1560 2962; x_wconf 81' lang='lat' dir='ltr'><strong>fecit</strong></span> <span class='ocrx_word' id='word_1_333' title='bbox 1611 2918 1712 2961; x_wconf 90' lang='lat' dir='ltr'><strong>eos</strong></span> <span class='ocrx_word' id='word_1_334' title='bbox 1745 2900 2080 2980; x_wconf 86' lang='lat' dir='ltr'><strong>liquescere</strong></span> 
     </span>
    </p>
   </div>
   <div class='ocr_carea' id='block_1_48' title="bbox 438 2989 2080 3072">
    <p class='ocr_par' dir='ltr' id='par_1_48' title="bbox 438 2989 2080 3072">
     <span class='ocr_line' id='line_1_48' title="bbox 438 2989 2080 3072; baseline -0.004 -18"><span class='ocrx_word' id='word_1_335' title='bbox 438 3001 722 3072; x_wconf 82' lang='lat' dir='ltr'><strong>tanquam</strong></span> <span class='ocrx_word' id='word_1_336' title='bbox 755 3009 956 3052; x_wconf 90' lang='lat' dir='ltr'><strong>ceram</strong></span> <span class='ocrx_word' id='word_1_337' title='bbox 1018 3011 1051 3053; x_wconf 90' lang='lat' dir='ltr'><strong>a</strong></span> <span class='ocrx_word' id='word_1_338' title='bbox 1096 2991 1244 3052; x_wconf 85' lang='lat' dir='ltr'><strong>facie</strong></span> <span class='ocrx_word' id='word_1_339' title='bbox 1299 2990 1474 3069; x_wconf 87' lang='lat' dir='ltr'><strong>ignis.</strong></span> <span class='ocrx_word' id='word_1_340' title='bbox 1537 2989 1885 3069; x_wconf 85' lang='lat' dir='ltr'><strong>Quicunque</strong></span> <span class='ocrx_word' id='word_1_341' title='bbox 1943 3006 2080 3049; x_wconf 90' lang='lat' dir='ltr'><strong>vero</strong></span> 
     </span>
    </p>
   </div>
   <div class='ocr_carea' id='block_1_49' title="bbox 438 3077 2080 3160">
    <p class='ocr_par' dir='ltr' id='par_1_49' title="bbox 438 3077 2080 3160">
     <span class='ocr_line' id='line_1_49' title="bbox 438 3077 2080 3160; baseline -0.004 -16"><span class='ocrx_word' id='word_1_342' title='bbox 438 3079 740 3158; x_wconf 86' lang='lat' dir='ltr'><strong>aliquibus</strong></span> <span class='ocrx_word' id='word_1_343' title='bbox 769 3081 1042 3160; x_wconf 79' lang='lat' dir='ltr'><strong>gravibus</strong></span> <span class='ocrx_word' id='word_1_344' title='bbox 1074 3080 1271 3142; x_wconf 81' lang='lat' dir='ltr'><strong>amicti</strong></span> <span class='ocrx_word' id='word_1_345' title='bbox 1309 3079 1558 3153; x_wconf 85' lang='lat' dir='ltr'><strong>morbis,</strong></span> <span class='ocrx_word' id='word_1_346' title='bbox 1613 3079 1686 3139; x_wconf 90' lang='lat' dir='ltr'><strong>ad</strong></span> <span class='ocrx_word' id='word_1_347' title='bbox 1745 3077 2080 3140; x_wconf 86' lang='lat' dir='ltr'><strong>veneranda</strong></span> 
     </span>
    </p>
   </div>
   <div class='ocr_carea' id='block_1_50' title="bbox 435 3169 2081 3250">
    <p class='ocr_par' dir='ltr' id='par_1_50' title="bbox 435 3169 2081 3250">
     <span class='ocr_line' id='line_1_50' title="bbox 435 3169 2081 3250; baseline -0.003 -18"><span class='ocrx_word' id='word_1_348' title='bbox 435 3170 540 3232; x_wconf 78' lang='lat' dir='ltr'><strong>illa</strong></span> <span class='ocrx_word' id='word_1_349' title='bbox 571 3169 793 3250; x_wconf 83' lang='lat' dir='ltr'><strong>templa</strong></span> <span class='ocrx_word' id='word_1_350' title='bbox 821 3170 1238 3248; x_wconf 85' lang='lat' dir='ltr'><strong>confugerunt,</strong></span> <span class='ocrx_word' id='word_1_351' title='bbox 1269 3188 1371 3230; x_wconf 93' lang='lat' dir='ltr'><strong>eos</strong></span> <span class='ocrx_word' id='word_1_352' title='bbox 1420 3170 1511 3248; x_wconf 87' lang='lat' dir='ltr'><strong>iis,</strong></span> <span class='ocrx_word' id='word_1_353' title='bbox 1547 3187 1682 3244; x_wconf 69' lang='lat' dir='ltr'><strong>quae</strong></span> <span class='ocrx_word' id='word_1_354' title='bbox 1711 3170 1871 3247; x_wconf 89' lang='lat' dir='ltr'><strong>ipsos</strong></span> <span class='ocrx_word' id='word_1_355' title='bbox 1905 3185 2081 3227; x_wconf 85' lang='lat' dir='ltr'><strong>vexa-</strong></span> 
     </span>
    </p>
   </div>
   <div class='ocr_carea' id='block_1_51' title="bbox 2165 1910 3498 1995">
    <p class='ocr_par' dir='ltr' id='par_1_51' title="bbox 2165 1910 3498 1995">
     <span class='ocr_line' id='line_1_51' title="bbox 2165 1910 3498 1995; baseline 0.005 -27"><span class='ocrx_word' id='word_1_356' title='bbox 2165 1910 2447 1992; x_wconf 79' lang='grc' dir='ltr'>ὠφελείας,</span> <span class='ocrx_word' id='word_1_357' title='bbox 2480 1917 2567 1970; x_wconf 76' lang='grc' dir='ltr'><strong>καὶ</strong></span> <span class='ocrx_word' id='word_1_358' title='bbox 2603 1911 2740 1970; x_wconf 71' lang='grc' dir='ltr'>οὕτω</span> <span class='ocrx_word' id='word_1_359' title='bbox 2771 1919 2876 1969; x_wconf 90' lang='grc' dir='ltr'><strong>τῶν</strong></span> <span class='ocrx_word' id='word_1_360' title='bbox 2907 1911 3145 1994; x_wconf 77' lang='grc' dir='ltr'>ἀδελφῶν</span> <span class='ocrx_word' id='word_1_361' title='bbox 3173 1915 3498 1995; x_wconf 82' lang='grc' dir='ltr'>περιείχετο.</span> 
     </span>
    </p>
   </div>
   <div class='ocr_carea' id='block_1_52' title="bbox 2249 2098 3821 2179">
    <p class='ocr_par' dir='ltr' id='par_1_52' title="bbox 2249 2098 3821 2179">
     <span class='ocr_line' id='line_1_52' title="bbox 2249 2098 3821 2179; baseline 0.001 -21"><span class='ocrx_word' id='word_1_362' title='bbox 2249 2107 2354 2163; x_wconf 86' lang='lat' dir='ltr'><strong>NI‘.</strong></span> <span class='ocrx_word' id='word_1_363' title='bbox 2413 2099 2564 2157; x_wconf 77' lang='grc' dir='ltr'>Ἐπεὶ</span> <span class='ocrx_word' id='word_1_364' title='bbox 2621 2098 2674 2154; x_wconf 76' lang='grc' dir='ltr'>δὲ</span> <span class='ocrx_word' id='word_1_365' title='bbox 2733 2100 2830 2156; x_wconf 74' lang='grc' dir='ltr'><strong>καί</strong></span> <span class='ocrx_word' id='word_1_366' title='bbox 2881 2103 2956 2156; x_wconf 84' lang='grc' dir='ltr'><strong>ὧν</strong></span> <span class='ocrx_word' id='word_1_367' title='bbox 3005 2100 3246 2177; x_wconf 76' lang='grc' dir='ltr'>ἐδείματο</span> <span class='ocrx_word' id='word_1_368' title='bbox 3297 2101 3585 2179; x_wconf 77' lang='grc' dir='ltr'>εὒκτηρίων</span> <span class='ocrx_word' id='word_1_369' title='bbox 3644 2103 3821 2160; x_wconf 61' lang='grc' dir='ltr'>οἴκων</span> 
     </span>
    </p>
   </div>
   <div class='ocr_carea' id='block_1_53' title="bbox 2165 2187 3823 2270">
    <p class='ocr_par' dir='ltr' id='par_1_53' title="bbox 2165 2187 3823 2270">
     <span class='ocr_line' id='line_1_53' title="bbox 2165 2187 3823 2270; baseline 0.002 -25"><span class='ocrx_word' id='word_1_370' title='bbox 2165 2191 2231 2245; x_wconf 76' lang='grc' dir='ltr'>τὰ</span> <span class='ocrx_word' id='word_1_371' title='bbox 2286 2189 2524 2266; x_wconf 74' lang='grc' dir='ltr'>ἐγγαίνια</span> <span class='ocrx_word' id='word_1_372' title='bbox 2556 2187 2814 2267; x_wconf 68' lang='grc' dir='ltr'>ἐτελεῖτο,</span> <span class='ocrx_word' id='word_1_373' title='bbox 2849 2189 3023 2246; x_wconf 82' lang='grc' dir='ltr'>πολλὰ</span> <span class='ocrx_word' id='word_1_374' title='bbox 3078 2193 3214 2248; x_wconf 77' lang='grc' dir='ltr'>κατὰ</span> <span class='ocrx_word' id='word_1_375' title='bbox 3243 2193 3335 2248; x_wconf 85' lang='grc' dir='ltr'>τὸν</span> <span class='ocrx_word' id='word_1_376' title='bbox 3382 2194 3563 2270; x_wconf 79' lang='grc' dir='ltr'>καιρὸν</span> <span class='ocrx_word' id='word_1_377' title='bbox 3607 2192 3823 2250; x_wconf 73' lang='grc' dir='ltr'>ἐκεῖνον</span> 
     </span>
    </p>
   </div>
   <div class='ocr_carea' id='block_1_54' title="bbox 2164 2276 3821 2361">
    <p class='ocr_par' dir='ltr' id='par_1_54' title="bbox 2164 2276 3821 2361">
     <span class='ocr_line' id='line_1_54' title="bbox 2164 2276 3821 2361; baseline 0.004 -27"><span class='ocrx_word' id='word_1_378' title='bbox 2164 2279 2231 2334; x_wconf 77' lang='grc' dir='ltr'><strong>τὰ</strong></span> <span class='ocrx_word' id='word_1_379' title='bbox 2288 2279 2527 2354; x_wconf 84' lang='grc' dir='ltr'>θαύματα</span> <span class='ocrx_word' id='word_1_380' title='bbox 2570 2276 2659 2334; x_wconf 77' lang='grc' dir='ltr'>ὑπ’</span> <span class='ocrx_word' id='word_1_381' title='bbox 2715 2281 2895 2354; x_wconf 77' lang='grc' dir='ltr'>αὐτοῦ,</span> <span class='ocrx_word' id='word_1_382' title='bbox 2926 2283 3012 2336; x_wconf 85' lang='grc' dir='ltr'>καὶ</span> <span class='ocrx_word' id='word_1_383' title='bbox 3063 2280 3139 2356; x_wconf 73' lang='grc' dir='ltr'>μῆ</span> <span class='ocrx_word' id='word_1_384' title='bbox 3189 2281 3475 2361; x_wconf 79' lang='grc' dir='ltr'>παρόντος,</span> <span class='ocrx_word' id='word_1_385' title='bbox 3507 2280 3821 2360; x_wconf 72' lang='grc' dir='ltr'>ἐνηργεῖτοο</span> 
     </span>
    </p>
   </div>
   <div class='ocr_carea' id='block_1_55' title="bbox 2167 2365 3827 2452">
    <p class='ocr_par' dir='ltr' id='par_1_55' title="bbox 2167 2365 3827 2452">
     <span class='ocr_line' id='line_1_55' title="bbox 2167 2365 3827 2452; baseline 0.004 -29"><span class='ocrx_word' id='word_1_386' title='bbox 2167 2367 2372 2447; x_wconf 72' lang='grc' dir='ltr'>φάλαγξ</span> <span class='ocrx_word' id='word_1_387' title='bbox 2437 2369 2535 2446; x_wconf 84' lang='grc' dir='ltr'>γὰρ</span> <span class='ocrx_word' id='word_1_388' title='bbox 2566 2365 2833 2439; x_wconf 80' lang='grc' dir='ltr'>δαιμόνων</span> <span class='ocrx_word' id='word_1_389' title='bbox 2888 2369 3072 2447; x_wconf 82' lang='grc' dir='ltr'>ἀθρόον</span> <span class='ocrx_word' id='word_1_390' title='bbox 3127 2377 3218 2427; x_wconf 79' lang='grc' dir='ltr'>τοῦ</span> <span class='ocrx_word' id='word_1_391' title='bbox 3270 2369 3430 2448; x_wconf 85' lang='grc' dir='ltr'>λόγου</span> <span class='ocrx_word' id='word_1_392' title='bbox 3455 2372 3827 2452; x_wconf 77' lang='grc' dir='ltr'>ὑπερφανεῖσα</span> 
     </span>
    </p>
   </div>
   <div class='ocr_carea' id='block_1_56' title="bbox 2167 2456 3824 2540">
    <p class='ocr_par' dir='ltr' id='par_1_56' title="bbox 2167 2456 3824 2540">
     <span class='ocr_line' id='line_1_56' title="bbox 2167 2456 3824 2540; baseline 0.003 -27"><span class='ocrx_word' id='word_1_393' title='bbox 2167 2459 2344 2534; x_wconf 85' lang='grc' dir='ltr'>ὥσπερ</span> <span class='ocrx_word' id='word_1_394' title='bbox 2403 2456 2463 2513; x_wconf 76' lang='grc' dir='ltr'>ἐκ</span> <span class='ocrx_word' id='word_1_395' title='bbox 2522 2456 2771 2531; x_wconf 83' lang='grc' dir='ltr'>σώματος</span> <span class='ocrx_word' id='word_1_396' title='bbox 2831 2460 2905 2522; x_wconf 84' lang='grc' dir='ltr'>εἷς</span> <span class='ocrx_word' id='word_1_397' title='bbox 2963 2459 3183 2538; x_wconf 81' lang='grc' dir='ltr'>ἀπορίαν</span> <span class='ocrx_word' id='word_1_398' title='bbox 3231 2459 3352 2523; x_wconf 82' lang='grc' dir='ltr'>τοὺς</span> <span class='ocrx_word' id='word_1_399' title='bbox 3409 2463 3526 2518; x_wconf 76' lang='grc' dir='ltr'>ἰεκεῐ</span> <span class='ocrx_word' id='word_1_400' title='bbox 3574 2483 3824 2540; x_wconf 84' lang='grc' dir='ltr'>παρατυ-</span> 
     </span>
    </p>
   </div>
   <div class='ocr_carea' id='block_1_57' title="bbox 2167 2547 3827 2625">
    <p class='ocr_par' dir='ltr' id='par_1_57' title="bbox 2167 2547 3827 2625">
     <span class='ocr_line' id='line_1_57' title="bbox 2167 2547 3827 2625; baseline 0.004 -24"><span class='ocrx_word' id='word_1_401' title='bbox 2167 2547 2369 2625; x_wconf 83' lang='grc' dir='ltr'>χόντας</span> <span class='ocrx_word' id='word_1_402' title='bbox 2429 2547 2676 2613; x_wconf 83' lang='grc' dir='ltr'>καθίστη.</span> <span class='ocrx_word' id='word_1_403' title='bbox 2742 2551 2829 2620; x_wconf 80' lang='grc' dir='ltr'><strong>Τῷ</strong></span> <span class='ocrx_word' id='word_1_404' title='bbox 2884 2549 3170 2607; x_wconf 70' lang='grc' dir='ltr'>ὶνοικοῦντι</span> <span class='ocrx_word' id='word_1_405' title='bbox 3225 2549 3313 2605; x_wconf 79' lang='grc' dir='ltr'>οὖν</span> <span class='ocrx_word' id='word_1_406' title='bbox 3362 2552 3503 2624; x_wconf 77' lang='grc' dir='ltr'><strong>αὖτῷ</strong></span> <span class='ocrx_word' id='word_1_407' title='bbox 3556 2553 3827 2609; x_wconf 72' lang='grc' dir='ltr'>πνεύματι</span> 
     </span>
    </p>
   </div>
   <div class='ocr_carea' id='block_1_58' title="bbox 2166 2636 3825 2715">
    <p class='ocr_par' dir='ltr' id='par_1_58' title="bbox 2166 2636 3825 2715">
     <span class='ocr_line' id='line_1_58' title="bbox 2166 2636 3825 2715; baseline 0.003 -23"><span class='ocrx_word' id='word_1_408' title='bbox 2166 2638 2226 2692; x_wconf 83' lang='grc' dir='ltr'>τὸ</span> <span class='ocrx_word' id='word_1_409' title='bbox 2280 2642 2497 2713; x_wconf 79' lang='grc' dir='ltr'>πρᾶγμα</span> <span class='ocrx_word' id='word_1_410' title='bbox 2546 2638 2701 2714; x_wconf 82' lang='grc' dir='ltr'>γνοὺς</span> <span class='ocrx_word' id='word_1_411' title='bbox 2732 2639 2760 2691; x_wconf 79' lang='grc' dir='ltr'>ὁ</span> <span class='ocrx_word' id='word_1_412' title='bbox 2811 2637 2980 2715; x_wconf 88' lang='grc' dir='ltr'>μέγας</span> <span class='ocrx_word' id='word_1_413' title='bbox 3039 2636 3380 2712; x_wconf 86' lang='grc' dir='ltr'>Ἰωαννίκιος,</span> <span class='ocrx_word' id='word_1_414' title='bbox 3421 2641 3508 2696; x_wconf 84' lang='grc' dir='ltr'><strong>καὶ</strong></span> <span class='ocrx_word' id='word_1_415' title='bbox 3551 2648 3630 2714; x_wconf 83' lang='grc' dir='ltr'><strong>τῷ</strong></span> <span class='ocrx_word' id='word_1_416' title='bbox 3690 2644 3825 2697; x_wconf 84' lang='grc' dir='ltr'>ἀνυ-</span> 
     </span>
    </p>
   </div>
   <div class='ocr_carea' id='block_1_59' title="bbox 2169 2725 3823 2810">
    <p class='ocr_par' dir='ltr' id='par_1_59' title="bbox 2169 2725 3823 2810">
     <span class='ocr_line' id='line_1_59' title="bbox 2169 2725 3823 2810; baseline 0.005 -31"><span class='ocrx_word' id='word_1_417' title='bbox 2169 2725 2456 2798; x_wconf 81' lang='grc' dir='ltr'>σιμωτάτῳ</span> <span class='ocrx_word' id='word_1_418' title='bbox 2529 2747 2876 2804; x_wconf 82' lang='grc' dir='ltr'>χρησαμενος</span> <span class='ocrx_word' id='word_1_419' title='bbox 2943 2732 3042 2792; x_wconf 79' lang='grc' dir='ltr'>τῆς</span> <span class='ocrx_word' id='word_1_420' title='bbox 3124 2734 3432 2808; x_wconf 77' lang='grc' dir='ltr'>προσευχῆς</span> <span class='ocrx_word' id='word_1_421' title='bbox 3503 2732 3823 2810; x_wconf 75' lang='grc' dir='ltr'>φαρμάκῳ,</span> 
     </span>
    </p>
   </div>
   <div class='ocr_carea' id='block_1_60' title="bbox 2165 2815 3826 2896">
    <p class='ocr_par' dir='ltr' id='par_1_60' title="bbox 2165 2815 3826 2896">
     <span class='ocr_line' id='line_1_60' title="bbox 2165 2815 3826 2896; baseline 0.002 -25"><span class='ocrx_word' id='word_1_422' title='bbox 2165 2821 2273 2871; x_wconf 87' lang='grc' dir='ltr'><strong>τῶν</strong></span> <span class='ocrx_word' id='word_1_423' title='bbox 2330 2815 2428 2889; x_wconf 87' lang='grc' dir='ltr'><strong>μέν</strong></span> <span class='ocrx_word' id='word_1_424' title='bbox 2480 2815 2571 2870; x_wconf 84' lang='grc' dir='ltr'><strong>τὸν</strong></span> <span class='ocrx_word' id='word_1_425' title='bbox 2629 2815 2794 2895; x_wconf 83' lang='grc' dir='ltr'>φόϐον</span> <span class='ocrx_word' id='word_1_426' title='bbox 2848 2817 3066 2896; x_wconf 73' lang='grc' dir='ltr'>ἀφεῖλε,</span> <span class='ocrx_word' id='word_1_427' title='bbox 3127 2819 3227 2885; x_wconf 72' lang='grc' dir='ltr'>τὴν</span> <span class='ocrx_word' id='word_1_428' title='bbox 3285 2815 3340 2873; x_wconf 79' lang='grc' dir='ltr'>δὲ</span> <span class='ocrx_word' id='word_1_429' title='bbox 3397 2823 3502 2874; x_wconf 89' lang='grc' dir='ltr'><strong>τῶν</strong></span> <span class='ocrx_word' id='word_1_430' title='bbox 3548 2816 3826 2894; x_wconf 76' lang='grc' dir='ltr'>δαιμόνων</span> 
     </span>
    </p>
   </div>
   <div class='ocr_carea' id='block_1_61' title="bbox 2161 2903 3828 2986">
    <p class='ocr_par' dir='ltr' id='par_1_61' title="bbox 2161 2903 3828 2986">
     <span class='ocr_line' id='line_1_61' title="bbox 2161 2903 3828 2986; baseline 0.002 -25"><span class='ocrx_word' id='word_1_431' title='bbox 2161 2903 2364 2970; x_wconf 84' lang='grc' dir='ltr'>πληθὺν</span> <span class='ocrx_word' id='word_1_432' title='bbox 2421 2903 2650 2982; x_wconf 80' lang='grc' dir='ltr'>φυγάδας</span> <span class='ocrx_word' id='word_1_433' title='bbox 2708 2929 2765 2962; x_wconf 91' lang='grc' dir='ltr'><strong>τε</strong></span> <span class='ocrx_word' id='word_1_434' title='bbox 2840 2907 3089 2985; x_wconf 70' lang='grc' dir='ltr'>οἴχεσθαι</span> <span class='ocrx_word' id='word_1_435' title='bbox 3161 2907 3445 2986; x_wconf 80' lang='grc' dir='ltr'>πεποίηκε,</span> <span class='ocrx_word' id='word_1_436' title='bbox 3520 2909 3616 2964; x_wconf 84' lang='grc' dir='ltr'><strong>καί</strong></span> <span class='ocrx_word' id='word_1_437' title='bbox 3693 2912 3828 2966; x_wconf 75' lang='grc' dir='ltr'>ὡσεὶ</span> 
     </span>
    </p>
   </div>
   <div class='ocr_carea' id='block_1_62' title="bbox 2162 2994 3828 3074">
    <p class='ocr_par' dir='ltr' id='par_1_62' title="bbox 2162 2994 3828 3074">
     <span class='ocr_line' id='line_1_62' title="bbox 2162 2994 3828 3074; baseline 0.005 -26"><span class='ocrx_word' id='word_1_438' title='bbox 2162 2995 2327 3071; x_wconf 83' lang='grc' dir='ltr'>κηρὸν</span> <span class='ocrx_word' id='word_1_439' title='bbox 2387 2994 2492 3050; x_wconf 81' lang='grc' dir='ltr'><strong>ἀπὸ</strong></span> <span class='ocrx_word' id='word_1_440' title='bbox 2521 2996 2810 3056; x_wconf 72' lang='grc' dir='ltr'>προσώπου</span> <span class='ocrx_word' id='word_1_441' title='bbox 2867 2998 3095 3061; x_wconf 76' lang='grc' dir='ltr'>τακῆναι</span> <span class='ocrx_word' id='word_1_442' title='bbox 3154 2997 3339 3074; x_wconf 89' lang='grc' dir='ltr'>πυρός,</span> <span class='ocrx_word' id='word_1_443' title='bbox 3399 2995 3575 3054; x_wconf 80' lang='grc' dir='ltr'>’Ὅσοι</span> <span class='ocrx_word' id='word_1_444' title='bbox 3605 2995 3661 3054; x_wconf 79' lang='grc' dir='ltr'>δὲ</span> <span class='ocrx_word' id='word_1_445' title='bbox 3726 3006 3828 3058; x_wconf 81' lang='grc' dir='ltr'>καὶ</span> 
     </span>
    </p>
   </div>
   <div class='ocr_carea' id='block_1_63' title="bbox 2161 3082 3829 3162">
    <p class='ocr_par' dir='ltr' id='par_1_63' title="bbox 2161 3082 3829 3162">
     <span class='ocr_line' id='line_1_63' title="bbox 2161 3082 3829 3162; baseline 0.005 -24"><span class='ocrx_word' id='word_1_446' title='bbox 2161 3082 2464 3162; x_wconf 74' lang='grc' dir='ltr'>χαλεπαῖς,</span> <span class='ocrx_word' id='word_1_447' title='bbox 2518 3106 2622 3138; x_wconf 90' lang='grc' dir='ltr'>τισι</span> <span class='ocrx_word' id='word_1_448' title='bbox 2685 3085 2987 3159; x_wconf 84' lang='grc' dir='ltr'>πιεζόμενοι</span> <span class='ocrx_word' id='word_1_449' title='bbox 3039 3085 3215 3148; x_wconf 83' lang='grc' dir='ltr'>νόσοις</span> <span class='ocrx_word' id='word_1_450' title='bbox 3266 3084 3350 3142; x_wconf 83' lang='grc' dir='ltr'>ἐπὶ</span> <span class='ocrx_word' id='word_1_451' title='bbox 3407 3085 3526 3151; x_wconf 80' lang='grc' dir='ltr'>τοὺς</span> <span class='ocrx_word' id='word_1_452' title='bbox 3585 3090 3829 3150; x_wconf 79' lang='grc' dir='ltr'>σεπτοὺς</span> 
     </span>
    </p>
   </div>
   <div class='ocr_carea' id='block_1_64' title="bbox 2165 3173 3827 3253">
    <p class='ocr_par' dir='ltr' id='par_1_64' title="bbox 2165 3173 3827 3253">
     <span class='ocr_line' id='line_1_64' title="bbox 2165 3173 3827 3253; baseline 0.004 -25"><span class='ocrx_word' id='word_1_453' title='bbox 2165 3173 2319 3236; x_wconf 85' lang='grc' dir='ltr'>ναοὺς</span> <span class='ocrx_word' id='word_1_454' title='bbox 2377 3173 2606 3228; x_wconf 77' lang='grc' dir='ltr'>ἐκείνους</span> <span class='ocrx_word' id='word_1_455' title='bbox 2673 3173 3007 3253; x_wconf 84' lang='grc' dir='ltr'>κατέφυγον,</span> <span class='ocrx_word' id='word_1_456' title='bbox 3072 3176 3158 3230; x_wconf 82' lang='grc' dir='ltr'><strong>καὶ</strong></span> <span class='ocrx_word' id='word_1_457' title='bbox 3229 3175 3442 3240; x_wconf 82' lang='grc' dir='ltr'>τούτους</span> <span class='ocrx_word' id='word_1_458' title='bbox 3511 3175 3616 3232; x_wconf 80' lang='grc' dir='ltr'><strong>τῶν</strong></span> <span class='ocrx_word' id='word_1_459' title='bbox 3692 3177 3827 3235; x_wconf 68' lang='grc' dir='ltr'>ἐνο-</span> 
     </span>
    </p>
   </div>
   <div class='ocr_carea' id='block_1_65' title="bbox 437 3253 2082 3346">
    <p class='ocr_par' dir='ltr' id='par_1_65' title="bbox 437 3256 2076 3346">
     <span class='ocr_line' id='line_1_65' title="bbox 437 3256 2076 3346; baseline -0.004 -25"><span class='ocrx_word' id='word_1_460' title='bbox 437 3258 602 3340; x_wconf 86' lang='lat' dir='ltr'><strong>bant,</strong></span> <span class='ocrx_word' id='word_1_461' title='bbox 637 3258 942 3334; x_wconf 86' lang='lat' dir='ltr'><strong>liberatos,</strong></span> <span class='ocrx_word' id='word_1_462' title='bbox 980 3260 1119 3320; x_wconf 88' lang='lat' dir='ltr'><strong>fecit</strong></span> <span class='ocrx_word' id='word_1_463' title='bbox 1149 3259 1391 3319; x_wconf 90' lang='lat' dir='ltr'><strong>domum</strong></span> <span class='ocrx_word' id='word_1_464' title='bbox 1444 3257 1610 3319; x_wconf 91' lang='lat' dir='ltr'><strong>abire</strong></span> <span class='ocrx_word' id='word_1_465' title='bbox 1661 3275 1860 3318; x_wconf 87' lang='lat' dir='ltr'><strong>sanos.</strong></span> <span class='ocrx_word' id='word_1_466' title='bbox 1922 3256 2076 3346; x_wconf 86' lang='lat' dir='ltr'><strong>Quid</strong></span> 
     </span>
    </p>
   </div>
   <div class='ocr_carea' id='block_1_66' title="bbox 2245 3253 3828 3346">
    <p class='ocr_par' dir='ltr' id='par_1_66' title="bbox 2245 3260 3828 3346">
     <span class='ocr_line' id='line_1_66' title="bbox 2245 3260 3828 3346; baseline 0.004 -29"><span class='ocrx_word' id='word_1_467' title='bbox 2245 3263 2440 3317; x_wconf 78' lang='grc' dir='ltr'>υόντων</span> <span class='ocrx_word' id='word_1_468' title='bbox 2499 3260 2832 3333; x_wconf 81' lang='grc' dir='ltr'>ἀπαλλάξας,</span> <span class='ocrx_word' id='word_1_469' title='bbox 2862 3264 3034 3340; x_wconf 74' lang='grc' dir='ltr'>ὑγιεῖς</span> <span class='ocrx_word' id='word_1_470' title='bbox 3063 3261 3247 3320; x_wconf 72' lang='grc' dir='ltr'>οἴκαδε</span> <span class='ocrx_word' id='word_1_471' title='bbox 3281 3263 3488 3320; x_wconf 80' lang='grc' dir='ltr'>ἀπιέναι</span> <span class='ocrx_word' id='word_1_472' title='bbox 3549 3270 3828 3346; x_wconf 75' lang='grc' dir='ltr'>παρεῖχε.</span> 
     </span>
    </p>
   </div>
   <div class='ocr_carea' id='block_1_67' title="bbox 437 3345 2076 3427">
    <p class='ocr_par' dir='ltr' id='par_1_67' title="bbox 437 3345 2076 3427">
     <span class='ocr_line' id='line_1_67' title="bbox 437 3345 2076 3427; baseline -0.003 -17"><span class='ocrx_word' id='word_1_473' title='bbox 437 3367 578 3427; x_wconf 90' lang='lat' dir='ltr'><strong>ergo</strong></span> <span class='ocrx_word' id='word_1_474' title='bbox 609 3367 729 3410; x_wconf 90' lang='lat' dir='ltr'><strong>non</strong></span> <span class='ocrx_word' id='word_1_475' title='bbox 754 3357 845 3410; x_wconf 88' lang='lat' dir='ltr'><strong>est</strong></span> <span class='ocrx_word' id='word_1_476' title='bbox 874 3349 971 3409; x_wconf 88' lang='lat' dir='ltr'><strong>hic</strong></span> <span class='ocrx_word' id='word_1_477' title='bbox 1001 3348 1110 3409; x_wconf 89' lang='lat' dir='ltr'><strong>viri</strong></span> <span class='ocrx_word' id='word_1_478' title='bbox 1134 3347 1293 3408; x_wconf 90' lang='lat' dir='ltr'><strong>illius</strong></span> <span class='ocrx_word' id='word_1_479' title='bbox 1317 3346 1731 3408; x_wconf 84' lang='lat' dir='ltr'><strong>admirandum</strong></span> <span class='ocrx_word' id='word_1_480' title='bbox 1753 3353 1780 3409; x_wconf 68' lang='grc' dir='ltr'><strong>’ἰ</strong></span> <span class='ocrx_word' id='word_1_481' title='bbox 1806 3346 1892 3408; x_wconf 82' lang='lat' dir='ltr'><strong>An</strong></span> <span class='ocrx_word' id='word_1_482' title='bbox 1915 3345 2076 3422; x_wconf 84' lang='lat' dir='ltr'><strong>quod</strong></span> 
     </span>
    </p>
   </div>
   <div class='ocr_carea' id='block_1_68' title="bbox 436 3434 2078 3516">
    <p class='ocr_par' dir='ltr' id='par_1_68' title="bbox 436 3434 2078 3516">
     <span class='ocr_line' id='line_1_68' title="bbox 436 3434 2078 3516; baseline -0.002 -17"><span class='ocrx_word' id='word_1_483' title='bbox 436 3455 575 3500; x_wconf 86' lang='lat' dir='ltr'><strong>eum</strong></span> <span class='ocrx_word' id='word_1_484' title='bbox 607 3437 788 3499; x_wconf 91' lang='lat' dir='ltr'><strong>etiam</strong></span> <span class='ocrx_word' id='word_1_485' title='bbox 822 3456 940 3498; x_wconf 90' lang='lat' dir='ltr'><strong>non</strong></span> <span class='ocrx_word' id='word_1_486' title='bbox 973 3443 1326 3516; x_wconf 66' lang='lat' dir='ltr'><strong>praesentem</strong></span> <span class='ocrx_word' id='word_1_487' title='bbox 1343 3434 1962 3514; x_wconf 69' lang='lat' dir='ltr'><strong>fugerentdaamones?</strong></span> <span class='ocrx_word' id='word_1_488' title='bbox 1983 3437 2078 3497; x_wconf 89' lang='lat' dir='ltr'><strong>An</strong></span> 
     </span>
    </p>
   </div>
   <div class='ocr_carea' id='block_1_69' title="bbox 435 3523 2078 3607">
    <p class='ocr_par' dir='ltr' id='par_1_69' title="bbox 435 3523 2078 3607">
     <span class='ocr_line' id='line_1_69' title="bbox 435 3523 2078 3607; baseline -0.002 -19"><span class='ocrx_word' id='word_1_489' title='bbox 435 3527 595 3607; x_wconf 90' lang='lat' dir='ltr'><strong>quod</strong></span> <span class='ocrx_word' id='word_1_490' title='bbox 631 3544 759 3602; x_wconf 88' lang='lat' dir='ltr'><strong>eos,</strong></span> <span class='ocrx_word' id='word_1_491' title='bbox 789 3526 890 3606; x_wconf 90' lang='lat' dir='ltr'><strong>qui</strong></span> <span class='ocrx_word' id='word_1_492' title='bbox 923 3545 956 3587; x_wconf 88' lang='lat' dir='ltr'><strong>a</strong></span> <span class='ocrx_word' id='word_1_493' title='bbox 978 3526 1131 3588; x_wconf 86' lang='lat' dir='ltr'><strong>malo</strong></span> <span class='ocrx_word' id='word_1_494' title='bbox 1152 3526 1348 3606; x_wconf 88' lang='lat' dir='ltr'><strong>aliquo</strong></span> <span class='ocrx_word' id='word_1_495' title='bbox 1376 3524 1824 3606; x_wconf 85' lang='lat' dir='ltr'><strong>premebantur,</strong></span> <span class='ocrx_word' id='word_1_496' title='bbox 1853 3523 2078 3586; x_wconf 88' lang='lat' dir='ltr'><strong>libera-</strong></span> 
     </span>
    </p>
   </div>
   <div class='ocr_carea' id='block_1_70' title="bbox 435 3615 2078 3696">
    <p class='ocr_par' dir='ltr' id='par_1_70' title="bbox 435 3615 2078 3696">
     <span class='ocr_line' id='line_1_70' title="bbox 435 3615 2078 3696; baseline -0.001 -20"><span class='ocrx_word' id='word_1_497' title='bbox 435 3617 514 3679; x_wconf 91' lang='lat' dir='ltr'><strong>vit</strong></span> <span class='ocrx_word' id='word_1_498' title='bbox 542 3634 576 3679; x_wconf 79' lang='grc' dir='ltr'>ι</span> <span class='ocrx_word' id='word_1_499' title='bbox 607 3616 813 3679; x_wconf 90' lang='lat' dir='ltr'><strong>dolore</strong></span> <span class='ocrx_word' id='word_1_500' title='bbox 839 3623 867 3680; x_wconf 87' lang='lat'><strong><em>?</em></strong></span> <span class='ocrx_word' id='word_1_501' title='bbox 895 3617 1037 3678; x_wconf 90' lang='lat' dir='ltr'><strong>Nam</strong></span> <span class='ocrx_word' id='word_1_502' title='bbox 1064 3617 1155 3679; x_wconf 88' lang='lat' dir='ltr'><strong>vel</strong></span> <span class='ocrx_word' id='word_1_503' title='bbox 1184 3618 1369 3679; x_wconf 89' lang='lat' dir='ltr'><strong>solam</strong></span> <span class='ocrx_word' id='word_1_504' title='bbox 1398 3617 1527 3696; x_wconf 86' lang='lat' dir='ltr'><strong>ejus</strong></span> <span class='ocrx_word' id='word_1_505' title='bbox 1551 3616 1952 3694; x_wconf 86' lang='lat' dir='ltr'><strong>precationem</strong></span> <span class='ocrx_word' id='word_1_506' title='bbox 1977 3615 2078 3676; x_wconf 88' lang='lat' dir='ltr'><strong>ad-</strong></span> 
     </span>
    </p>
   </div>
   <div class='ocr_carea' id='block_1_71' title="bbox 427 3704 2076 3788">
    <p class='ocr_par' dir='ltr' id='par_1_71' title="bbox 427 3704 2076 3788">
     <span class='ocr_line' id='line_1_71' title="bbox 427 3704 2076 3788; baseline -0.002 -20"><span class='ocrx_word' id='word_1_507' title='bbox 427 3724 628 3770; x_wconf 86' lang='lat' dir='ltr'><strong>versas</strong></span> <span class='ocrx_word' id='word_1_508' title='bbox 654 3705 922 3769; x_wconf 88' lang='lat' dir='ltr'><strong>timuisse</strong></span> <span class='ocrx_word' id='word_1_509' title='bbox 945 3707 1292 3788; x_wconf 81' lang='lat' dir='ltr'><strong>phalanges,</strong></span> <span class='ocrx_word' id='word_1_510' title='bbox 1328 3715 1417 3768; x_wconf 89' lang='lat' dir='ltr'><strong>est</strong></span> <span class='ocrx_word' id='word_1_511' title='bbox 1441 3705 1728 3767; x_wconf 88' lang='lat' dir='ltr'><strong>indicium</strong></span> <span class='ocrx_word' id='word_1_512' title='bbox 1755 3705 1986 3767; x_wconf 68' lang='lat' dir='ltr'><strong>ﬁduciae</strong></span> <span class='ocrx_word' id='word_1_513' title='bbox 2005 3704 2076 3766; x_wconf 91' lang='lat' dir='ltr'><strong>ad</strong></span> 
     </span>
    </p>
   </div>
   <div class='ocr_carea' id='block_1_72' title="bbox 431 3795 2078 3878">
    <p class='ocr_par' dir='ltr' id='par_1_72' title="bbox 431 3795 2078 3878">
     <span class='ocr_line' id='line_1_72' title="bbox 431 3795 2078 3878; baseline -0.003 -18"><span class='ocrx_word' id='word_1_514' title='bbox 431 3797 645 3878; x_wconf 86' lang='lat' dir='ltr'><strong>Deum,</strong></span> <span class='ocrx_word' id='word_1_515' title='bbox 678 3815 710 3858; x_wconf 89' lang='lat' dir='ltr'><strong>a</strong></span> <span class='ocrx_word' id='word_1_516' title='bbox 743 3796 917 3858; x_wconf 90' lang='lat' dir='ltr'><strong>malis</strong></span> <span class='ocrx_word' id='word_1_517' title='bbox 947 3806 1144 3858; x_wconf 86' lang='lat' dir='ltr'><strong>autem</strong></span> <span class='ocrx_word' id='word_1_518' title='bbox 1177 3795 1438 3858; x_wconf 86' lang='lat' dir='ltr'><strong>liberare</strong></span> <span class='ocrx_word' id='word_1_519' title='bbox 1473 3814 1596 3867; x_wconf 84' lang='lat' dir='ltr'><strong>eos,</strong></span> <span class='ocrx_word' id='word_1_520' title='bbox 1618 3795 1720 3875; x_wconf 92' lang='lat' dir='ltr'><strong>qui</strong></span> <span class='ocrx_word' id='word_1_521' title='bbox 1741 3795 1882 3857; x_wconf 92' lang='lat' dir='ltr'><strong>illuc</strong></span> <span class='ocrx_word' id='word_1_522' title='bbox 1905 3813 2078 3856; x_wconf 82' lang='lat' dir='ltr'><strong>acce—</strong></span> 
     </span>
    </p>
   </div>
   <div class='ocr_carea' id='block_1_73' title="bbox 340 3883 2079 3966">
    <p class='ocr_par' dir='ltr' id='par_1_73' title="bbox 340 3883 2079 3966">
     <span class='ocr_line' id='line_1_73' title="bbox 340 3883 2079 3966; baseline 0.001 -24"><span class='ocrx_word' id='word_1_523' title='bbox 340 3935 353 3942; x_wconf 82' lang='lat'><strong>-</strong></span> <span class='ocrx_word' id='word_1_524' title='bbox 429 3886 674 3966; x_wconf 81' lang='lat' dir='ltr'><strong>debant,</strong></span> <span class='ocrx_word' id='word_1_525' title='bbox 707 3894 797 3947; x_wconf 89' lang='lat' dir='ltr'><strong>est</strong></span> <span class='ocrx_word' id='word_1_526' title='bbox 822 3893 884 3947; x_wconf 89' lang='lat' dir='ltr'><strong>et</strong></span> <span class='ocrx_word' id='word_1_527' title='bbox 913 3885 1187 3959; x_wconf 81' lang='lat' dir='ltr'><strong>fervoris,</strong></span> <span class='ocrx_word' id='word_1_528' title='bbox 1222 3894 1282 3947; x_wconf 88' lang='lat' dir='ltr'><strong>et</strong></span> <span class='ocrx_word' id='word_1_529' title='bbox 1333 3885 1896 3946; x_wconf 88' lang='lat' dir='ltr'><strong>commiserationis.</strong></span> <span class='ocrx_word' id='word_1_530' title='bbox 1961 3883 2079 3946; x_wconf 86' lang='lat' dir='ltr'><strong>Sed</strong></span> 
     </span>
    </p>
   </div>
   <div class='ocr_carea' id='block_1_74' title="bbox 427 3973 2078 4054">
    <p class='ocr_par' dir='ltr' id='par_1_74' title="bbox 427 3973 2078 4054">
     <span class='ocr_line' id='line_1_74' title="bbox 427 3973 2078 4054; baseline -0.001 -19"><span class='ocrx_word' id='word_1_531' title='bbox 427 3973 542 4036; x_wconf 86' lang='lat' dir='ltr'><strong>hoc</strong></span> <span class='ocrx_word' id='word_1_532' title='bbox 571 3973 813 4054; x_wconf 90' lang='lat' dir='ltr'><strong>quidem</strong></span> <span class='ocrx_word' id='word_1_533' title='bbox 847 3982 936 4035; x_wconf 89' lang='lat' dir='ltr'><strong>est</strong></span> <span class='ocrx_word' id='word_1_534' title='bbox 955 3973 1251 4052; x_wconf 89' lang='lat' dir='ltr'><strong>ejusmodi</strong></span> <span class='ocrx_word' id='word_1_535' title='bbox 1278 3994 1293 4034; x_wconf 91' lang='lat'><strong>:</strong></span> <span class='ocrx_word' id='word_1_536' title='bbox 1327 3974 1471 4034; x_wconf 85' lang='lat' dir='ltr'><strong>illud</strong></span> <span class='ocrx_word' id='word_1_537' title='bbox 1490 3982 1685 4034; x_wconf 92' lang='lat' dir='ltr'><strong>autem</strong></span> <span class='ocrx_word' id='word_1_538' title='bbox 1710 3973 1980 4052; x_wconf 90' lang='lat' dir='ltr'><strong>quisnam</strong></span> <span class='ocrx_word' id='word_1_539' title='bbox 2002 3973 2078 4034; x_wconf 88' lang='lat' dir='ltr'><strong>si-</strong></span> 
     </span>
    </p>
   </div>
   <div class='ocr_carea' id='block_1_75' title="bbox 429 4061 1043 4141">
    <p class='ocr_par' dir='ltr' id='par_1_75' title="bbox 429 4061 1043 4141">
     <span class='ocr_line' id='line_1_75' title="bbox 429 4061 1043 4141; baseline 0.002 -17"><span class='ocrx_word' id='word_1_540' title='bbox 429 4061 610 4126; x_wconf 87' lang='lat' dir='ltr'><strong>lentio</strong></span> <span class='ocrx_word' id='word_1_541' title='bbox 644 4063 995 4141; x_wconf 85' lang='lat' dir='ltr'><strong>praeterierit</strong></span> <span class='ocrx_word' id='word_1_542' title='bbox 1018 4062 1043 4125; x_wconf 84' lang='lat'><strong>?</strong></span> 
     </span>
    </p>
   </div>
   <div class='ocr_carea' id='block_1_76' title="bbox 508 4151 2079 4232">
    <p class='ocr_par' dir='ltr' id='par_1_76' title="bbox 508 4151 2079 4232">
     <span class='ocr_line' id='line_1_76' title="bbox 508 4151 2079 4232; baseline -0.003 -16"><span class='ocrx_word' id='word_1_543' title='bbox 508 4151 656 4218; x_wconf 87' lang='lat' dir='ltr'><strong>LIV.</strong></span> <span class='ocrx_word' id='word_1_544' title='bbox 691 4153 784 4216; x_wconf 89' lang='lat' dir='ltr'><strong>Ad</strong></span> <span class='ocrx_word' id='word_1_545' title='bbox 820 4171 958 4214; x_wconf 89' lang='lat' dir='ltr'><strong>eum</strong></span> <span class='ocrx_word' id='word_1_546' title='bbox 988 4152 1308 4232; x_wconf 86' lang='lat' dir='ltr'><strong>aliquando</strong></span> <span class='ocrx_word' id='word_1_547' title='bbox 1329 4152 1732 4215; x_wconf 86' lang='lat' dir='ltr'><strong>ascenderunt</strong></span> <span class='ocrx_word' id='word_1_548' title='bbox 1762 4151 1826 4226; x_wconf 89' lang='lat' dir='ltr'><strong>ii,</strong></span> <span class='ocrx_word' id='word_1_549' title='bbox 1864 4152 2079 4232; x_wconf 88' lang='lat' dir='ltr'><strong>quibus</strong></span> 
     </span>
    </p>
   </div>
   <div class='ocr_carea' id='block_1_77' title="bbox 428 4240 2080 4323">
    <p class='ocr_par' dir='ltr' id='par_1_77' title="bbox 428 4240 2080 4323">
     <span class='ocr_line' id='line_1_77' title="bbox 428 4240 2080 4323; baseline 0 -21"><span class='ocrx_word' id='word_1_550' title='bbox 428 4241 622 4304; x_wconf 75' lang='lat' dir='ltr'><strong>fuerat</strong></span> <span class='ocrx_word' id='word_1_551' title='bbox 651 4242 968 4304; x_wconf 88' lang='lat' dir='ltr'><strong>commissa</strong></span> <span class='ocrx_word' id='word_1_552' title='bbox 1000 4242 1354 4323; x_wconf 73' lang='lat' dir='ltr'><strong>praefectura</strong></span> <span class='ocrx_word' id='word_1_553' title='bbox 1383 4241 1764 4322; x_wconf 88' lang='lat' dir='ltr'><strong>templorum,</strong></span> <span class='ocrx_word' id='word_1_554' title='bbox 1791 4258 1922 4320; x_wconf 64' lang='lat' dir='ltr'><strong>qum</strong></span> <span class='ocrx_word' id='word_1_555' title='bbox 1952 4240 2080 4320; x_wconf 87' lang='lat' dir='ltr'><strong>ipse</strong></span> 
     </span>
    </p>
   </div>
   <div class='ocr_carea' id='block_1_78' title="bbox 427 4332 2074 4403">
    <p class='ocr_par' dir='ltr' id='par_1_78' title="bbox 427 4332 2074 4403">
     <span class='ocr_line' id='line_1_78' title="bbox 427 4332 2074 4403; baseline 0 -12"><span class='ocrx_word' id='word_1_556' title='bbox 427 4339 817 4394; x_wconf 82' lang='lat' dir='ltr'><strong>exstruxerat.</strong></span> <span class='ocrx_word' id='word_1_557' title='bbox 855 4333 1001 4395; x_wconf 90' lang='lat' dir='ltr'><strong>Cum</strong></span> <span class='ocrx_word' id='word_1_558' title='bbox 1049 4340 1245 4393; x_wconf 87' lang='lat' dir='ltr'><strong>autem</strong></span> <span class='ocrx_word' id='word_1_559' title='bbox 1304 4339 1579 4392; x_wconf 89' lang='lat' dir='ltr'><strong>sanctum</strong></span> <span class='ocrx_word' id='word_1_560' title='bbox 1631 4332 2074 4403; x_wconf 84' lang='lat' dir='ltr'><strong>convenissent,</strong></span> 
     </span>
    </p>
   </div>
   <div class='ocr_carea' id='block_1_79' title="bbox 428 4419 2076 4500">
    <p class='ocr_par' dir='ltr' id='par_1_79' title="bbox 428 4419 2076 4500">
     <span class='ocr_line' id='line_1_79' title="bbox 428 4419 2076 4500; baseline -0.001 -17"><span class='ocrx_word' id='word_1_561' title='bbox 428 4426 488 4483; x_wconf 83' lang='lat' dir='ltr'><strong>et</strong></span> <span class='ocrx_word' id='word_1_562' title='bbox 516 4439 650 4483; x_wconf 90' lang='lat' dir='ltr'><strong>eum</strong></span> <span class='ocrx_word' id='word_1_563' title='bbox 686 4421 817 4483; x_wconf 80' lang='lat' dir='ltr'><strong>ﬁxis</strong></span> <span class='ocrx_word' id='word_1_564' title='bbox 851 4421 1044 4482; x_wconf 90' lang='lat' dir='ltr'><strong>oculis</strong></span> <span class='ocrx_word' id='word_1_565' title='bbox 1073 4420 1444 4500; x_wconf 86' lang='lat' dir='ltr'><strong>adspexisset</strong></span> <span class='ocrx_word' id='word_1_566' title='bbox 1495 4419 1732 4500; x_wconf 90' lang='lat' dir='ltr'><strong>quidam</strong></span> <span class='ocrx_word' id='word_1_567' title='bbox 1776 4438 1844 4480; x_wconf 88' lang='lat' dir='ltr'><strong>ex</strong></span> <span class='ocrx_word' id='word_1_568' title='bbox 1878 4420 1985 4494; x_wconf 92' lang='lat' dir='ltr'><strong>eis,</strong></span> <span class='ocrx_word' id='word_1_569' title='bbox 2022 4421 2076 4482; x_wconf 90' lang='lat' dir='ltr'><strong>ei</strong></span> 
     </span>
    </p>
   </div>
   <div class='ocr_carea' id='block_1_80' title="bbox 426 4508 2078 4587">
    <p class='ocr_par' dir='ltr' id='par_1_80' title="bbox 426 4508 2078 4587">
     <span class='ocr_line' id='line_1_80' title="bbox 426 4508 2078 4587; baseline 0.001 -19"><span class='ocrx_word' id='word_1_570' title='bbox 426 4509 592 4570; x_wconf 82' lang='lat' dir='ltr'><strong>venit</strong></span> <span class='ocrx_word' id='word_1_571' title='bbox 626 4509 685 4570; x_wconf 91' lang='lat' dir='ltr'><strong>in</strong></span> <span class='ocrx_word' id='word_1_572' title='bbox 721 4516 980 4570; x_wconf 90' lang='lat' dir='ltr'><strong>mentem</strong></span> <span class='ocrx_word' id='word_1_573' title='bbox 1007 4510 1305 4587; x_wconf 88' lang='lat' dir='ltr'><strong>cogitare:</strong></span> <span class='ocrx_word' id='word_1_574' title='bbox 1360 4511 1418 4571; x_wconf 92' lang='lat' dir='ltr'><strong>Si</strong></span> <span class='ocrx_word' id='word_1_575' title='bbox 1467 4509 1563 4569; x_wconf 91' lang='lat' dir='ltr'><strong>hic</strong></span> <span class='ocrx_word' id='word_1_576' title='bbox 1620 4509 1852 4569; x_wconf 90' lang='lat' dir='ltr'><strong>divinus</strong></span> <span class='ocrx_word' id='word_1_577' title='bbox 1909 4508 2078 4570; x_wconf 87' lang='lat' dir='ltr'><strong>Pater</strong></span> 
     </span>
    </p>
   </div>
   <div class='ocr_carea' id='block_1_81' title="bbox 426 4597 2077 4668">
    <p class='ocr_par' dir='ltr' id='par_1_81' title="bbox 426 4597 2077 4668">
     <span class='ocr_line' id='line_1_81' title="bbox 426 4597 2077 4668; baseline 0.002 -10"><span class='ocrx_word' id='word_1_578' title='bbox 426 4599 774 4660; x_wconf 89' lang='lat' dir='ltr'><strong>Joannicius</strong></span> <span class='ocrx_word' id='word_1_579' title='bbox 809 4617 1058 4659; x_wconf 67' lang='lat' dir='ltr'><strong>summae</strong></span> <span class='ocrx_word' id='word_1_580' title='bbox 1078 4597 1516 4662; x_wconf 87' lang='lat' dir='ltr'><strong>subiitlabores</strong></span> <span class='ocrx_word' id='word_1_581' title='bbox 1545 4598 2077 4668; x_wconf 88' lang='lat' dir='ltr'><strong>exercitationis,et</strong></span> 
     </span>
    </p>
   </div>
   <div class='ocr_carea' id='block_1_82' title="bbox 2159 3349 3833 3428">
    <p class='ocr_par' dir='ltr' id='par_1_82' title="bbox 2159 3349 3833 3428">
     <span class='ocr_line' id='line_1_82' title="bbox 2159 3349 3833 3428; baseline 0.002 -21"><span class='ocrx_word' id='word_1_582' title='bbox 2159 3351 2218 3407; x_wconf 89' lang='grc' dir='ltr'>Τί</span> <span class='ocrx_word' id='word_1_583' title='bbox 2278 3350 2367 3407; x_wconf 69' lang='grc' dir='ltr'>οὖν</span> <span class='ocrx_word' id='word_1_584' title='bbox 2427 3350 2642 3407; x_wconf 78' lang='grc' dir='ltr'>ἐνταῦθα</span> <span class='ocrx_word' id='word_1_585' title='bbox 2712 3352 2788 3425; x_wconf 75' lang='grc' dir='ltr'>μὴ</span> <span class='ocrx_word' id='word_1_586' title='bbox 2855 3361 2950 3410; x_wconf 80' lang='grc' dir='ltr'><strong>τοῦ</strong></span> <span class='ocrx_word' id='word_1_587' title='bbox 3001 3349 3184 3427; x_wconf 79' lang='grc' dir='ltr'>ἀνδρὸς</span> <span class='ocrx_word' id='word_1_588' title='bbox 3243 3353 3616 3428; x_wconf 74' lang='grc' dir='ltr'>θαυμαστέονς</span> <span class='ocrx_word' id='word_1_589' title='bbox 3677 3353 3721 3382; x_wconf 87' lang='lat'>&quot;</span> <span class='ocrx_word' id='word_1_590' title='bbox 3733 3365 3833 3413; x_wconf 85' lang='grc' dir='ltr'><strong>Οτι</strong></span> 
     </span>
    </p>
   </div>
   <div class='ocr_carea' id='block_1_83' title="bbox 2158 3439 3834 3520">
    <p class='ocr_par' dir='ltr' id='par_1_83' title="bbox 2158 3439 3834 3520">
     <span class='ocr_line' id='line_1_83' title="bbox 2158 3439 3834 3520; baseline 0.004 -26"><span class='ocrx_word' id='word_1_591' title='bbox 2158 3440 2246 3494; x_wconf 82' lang='grc' dir='ltr'>καὶ</span> <span class='ocrx_word' id='word_1_592' title='bbox 2307 3439 2382 3514; x_wconf 77' lang='grc' dir='ltr'>μὴ</span> <span class='ocrx_word' id='word_1_593' title='bbox 2414 3439 2648 3518; x_wconf 89' lang='grc' dir='ltr'>παρόντα</span> <span class='ocrx_word' id='word_1_594' title='bbox 2695 3449 2879 3499; x_wconf 82' lang='grc' dir='ltr'>τοῦτον</span> <span class='ocrx_word' id='word_1_595' title='bbox 2933 3444 2980 3496; x_wconf 72' lang='grc' dir='ltr'>οἱ</span> <span class='ocrx_word' id='word_1_596' title='bbox 3036 3439 3285 3515; x_wconf 86' lang='grc' dir='ltr'>δαίμονες</span> <span class='ocrx_word' id='word_1_597' title='bbox 3345 3440 3582 3520; x_wconf 72' lang='grc' dir='ltr'>ἔφυγονς</span> <span class='ocrx_word' id='word_1_598' title='bbox 3639 3443 3675 3511; x_wconf 74' lang='grc' dir='ltr'><strong>ἢ</strong></span> <span class='ocrx_word' id='word_1_599' title='bbox 3743 3444 3834 3500; x_wconf 82' lang='grc' dir='ltr'>ὅτι</span> 
     </span>
    </p>
   </div>
   <div class='ocr_carea' id='block_1_84' title="bbox 2158 3529 3836 3608">
    <p class='ocr_par' dir='ltr' id='par_1_84' title="bbox 2158 3529 3836 3608">
     <span class='ocr_line' id='line_1_84' title="bbox 2158 3529 3836 3608; baseline 0.004 -25"><span class='ocrx_word' id='word_1_600' title='bbox 2158 3529 2281 3592; x_wconf 86' lang='grc' dir='ltr'>τοὺς</span> <span class='ocrx_word' id='word_1_601' title='bbox 2351 3529 2452 3584; x_wconf 78' lang='grc' dir='ltr'><strong>ὑπὸ</strong></span> <span class='ocrx_word' id='word_1_602' title='bbox 2535 3529 2734 3585; x_wconf 84' lang='grc' dir='ltr'>τούτων</span> <span class='ocrx_word' id='word_1_603' title='bbox 2809 3536 3157 3603; x_wconf 75' lang='grc' dir='ltr'>πιεζομένους</span> <span class='ocrx_word' id='word_1_604' title='bbox 3229 3537 3332 3588; x_wconf 88' lang='grc' dir='ltr'><strong>τῶν</strong></span> <span class='ocrx_word' id='word_1_605' title='bbox 3391 3529 3650 3608; x_wconf 79' lang='grc' dir='ltr'>ἀλγεινῶν</span> <span class='ocrx_word' id='word_1_606' title='bbox 3733 3541 3836 3590; x_wconf 75' lang='grc' dir='ltr'>τοῦ</span> 
     </span>
    </p>
   </div>
   <div class='ocr_carea' id='block_1_85' title="bbox 2160 3616 3836 3696">
    <p class='ocr_par' dir='ltr' id='par_1_85' title="bbox 2160 3616 3836 3696">
     <span class='ocr_line' id='line_1_85' title="bbox 2160 3616 3836 3696; baseline 0.004 -24"><span class='ocrx_word' id='word_1_607' title='bbox 2160 3618 2355 3680; x_wconf 84' lang='grc' dir='ltr'>πάθους</span> <span class='ocrx_word' id='word_1_608' title='bbox 2407 3616 2716 3686; x_wconf 68' lang='grc' dir='ltr'>ἀπήλλαττε</span> <span class='ocrx_word' id='word_1_609' title='bbox 2751 3638 2768 3691; x_wconf 85' lang='lat'><strong>;</strong></span> <span class='ocrx_word' id='word_1_610' title='bbox 2814 3619 2893 3677; x_wconf 81' lang='grc' dir='ltr'>Τὸ</span> <span class='ocrx_word' id='word_1_611' title='bbox 2927 3619 3025 3691; x_wconf 76' lang='grc' dir='ltr'>μὲν</span> <span class='ocrx_word' id='word_1_612' title='bbox 3056 3619 3156 3696; x_wconf 77' lang='grc' dir='ltr'>γὰρ</span> <span class='ocrx_word' id='word_1_613' title='bbox 3186 3620 3272 3676; x_wconf 78' lang='grc' dir='ltr'><strong>καὶ</strong></span> <span class='ocrx_word' id='word_1_614' title='bbox 3307 3620 3478 3694; x_wconf 90' lang='grc' dir='ltr'>μόνην</span> <span class='ocrx_word' id='word_1_615' title='bbox 3503 3621 3600 3687; x_wconf 76' lang='grc' dir='ltr'>τὴν</span> <span class='ocrx_word' id='word_1_616' title='bbox 3633 3623 3836 3679; x_wconf 80' lang='grc' dir='ltr'>τούτου</span> 
     </span>
    </p>
   </div>
   <div class='ocr_carea' id='block_1_86' title="bbox 2163 3705 3837 3787">
    <p class='ocr_par' dir='ltr' id='par_1_86' title="bbox 2163 3705 3837 3787">
     <span class='ocr_line' id='line_1_86' title="bbox 2163 3705 3837 3787; baseline 0.004 -27"><span class='ocrx_word' id='word_1_617' title='bbox 2163 3705 2334 3784; x_wconf 76' lang='grc' dir='ltr'>εὒχὴν</span> <span class='ocrx_word' id='word_1_618' title='bbox 2404 3705 2496 3770; x_wconf 85' lang='grc' dir='ltr'>τὰς</span> <span class='ocrx_word' id='word_1_619' title='bbox 2552 3706 2791 3768; x_wconf 62' lang='grc' dir='ltr'>ἐναντίας</span> <span class='ocrx_word' id='word_1_620' title='bbox 2859 3706 3140 3787; x_wconf 90' lang='grc' dir='ltr'>φάλαγγας</span> <span class='ocrx_word' id='word_1_621' title='bbox 3210 3706 3459 3787; x_wconf 83' lang='grc' dir='ltr'>δεδιέναι,</span> <span class='ocrx_word' id='word_1_622' title='bbox 3517 3707 3837 3787; x_wconf 79' lang='grc' dir='ltr'>παῤῥησίας</span> 
     </span>
    </p>
   </div>
   <div class='ocr_carea' id='block_1_87' title="bbox 2161 3792 3835 3873">
    <p class='ocr_par' dir='ltr' id='par_1_87' title="bbox 2161 3792 3835 3873">
     <span class='ocr_line' id='line_1_87' title="bbox 2161 3792 3835 3873; baseline 0.003 -23"><span class='ocrx_word' id='word_1_623' title='bbox 2161 3792 2360 3871; x_wconf 78' lang='grc' dir='ltr'>δεῖγμα</span> <span class='ocrx_word' id='word_1_624' title='bbox 2417 3799 2514 3860; x_wconf 81' lang='grc' dir='ltr'>τῆς</span> <span class='ocrx_word' id='word_1_625' title='bbox 2544 3796 2675 3873; x_wconf 83' lang='grc' dir='ltr'>πρὸς</span> <span class='ocrx_word' id='word_1_626' title='bbox 2729 3797 2824 3853; x_wconf 81' lang='grc' dir='ltr'>τὸν</span> <span class='ocrx_word' id='word_1_627' title='bbox 2857 3797 3135 3864; x_wconf 83' lang='grc' dir='ltr'>Δεσπότην</span> <span class='ocrx_word' id='word_1_628' title='bbox 3181 3798 3334 3870; x_wconf 79' lang='grc' dir='ltr'>Θεὸν,</span> <span class='ocrx_word' id='word_1_629' title='bbox 3367 3799 3428 3854; x_wconf 83' lang='grc' dir='ltr'>τὸ</span> <span class='ocrx_word' id='word_1_630' title='bbox 3484 3794 3660 3855; x_wconf 81' lang='grc' dir='ltr'>δὲκαὶ</span> <span class='ocrx_word' id='word_1_631' title='bbox 3715 3823 3835 3857; x_wconf 76' lang='grc' dir='ltr'>κα-</span> 
     </span>
    </p>
   </div>
   <div class='ocr_carea' id='block_1_88' title="bbox 2162 3883 3836 3968">
    <p class='ocr_par' dir='ltr' id='par_1_88' title="bbox 2162 3883 3836 3968">
     <span class='ocr_line' id='line_1_88' title="bbox 2162 3883 3836 3968; baseline 0.003 -28"><span class='ocrx_word' id='word_1_632' title='bbox 2162 3886 2272 3942; x_wconf 83' lang='grc' dir='ltr'><strong>κῶν</strong></span> <span class='ocrx_word' id='word_1_633' title='bbox 2329 3883 2453 3946; x_wconf 82' lang='grc' dir='ltr'>τοὺς</span> <span class='ocrx_word' id='word_1_634' title='bbox 2505 3886 2623 3940; x_wconf 70' lang='grc' dir='ltr'>εκεῖ</span> <span class='ocrx_word' id='word_1_635' title='bbox 2681 3883 3123 3962; x_wconf 83' lang='grc' dir='ltr'>παραϐάλλοντας</span> <span class='ocrx_word' id='word_1_636' title='bbox 3178 3885 3555 3962; x_wconf 79' lang='grc' dir='ltr'>ἀπαλλάττειν,</span> <span class='ocrx_word' id='word_1_637' title='bbox 3616 3891 3836 3968; x_wconf 81' lang='grc' dir='ltr'>θερμό-</span> 
     </span>
    </p>
   </div>
   <div class='ocr_carea' id='block_1_89' title="bbox 2161 3973 3836 4052">
    <p class='ocr_par' dir='ltr' id='par_1_89' title="bbox 2161 3973 3836 4052">
     <span class='ocr_line' id='line_1_89' title="bbox 2161 3973 3836 4052; baseline 0.002 -22"><span class='ocrx_word' id='word_1_638' title='bbox 2161 3973 2321 4040; x_wconf 83' lang='grc' dir='ltr'>τητός</span> <span class='ocrx_word' id='word_1_639' title='bbox 2405 3994 2462 4028; x_wconf 85' lang='grc' dir='ltr'><strong>τε</strong></span> <span class='ocrx_word' id='word_1_640' title='bbox 2540 3975 2628 4029; x_wconf 85' lang='grc' dir='ltr'><strong>καὶ</strong></span> <span class='ocrx_word' id='word_1_641' title='bbox 2711 3977 3020 4049; x_wconf 88' lang='grc' dir='ltr'>συμπθείας.</span> <span class='ocrx_word' id='word_1_642' title='bbox 3097 3973 3274 4037; x_wconf 81' lang='grc' dir='ltr'>Ἀλλά</span> <span class='ocrx_word' id='word_1_643' title='bbox 3349 3978 3502 4034; x_wconf 74' lang='grc' dir='ltr'>τοῦτο</span> <span class='ocrx_word' id='word_1_644' title='bbox 3572 3976 3673 4052; x_wconf 76' lang='grc' dir='ltr'>μὲν</span> <span class='ocrx_word' id='word_1_645' title='bbox 3762 3977 3836 4046; x_wconf 69' lang='grc' dir='ltr'>δὴ</span> 
     </span>
    </p>
   </div>
   <div class='ocr_carea' id='block_1_90' title="bbox 2161 4060 3474 4143">
    <p class='ocr_par' dir='ltr' id='par_1_90' title="bbox 2161 4060 3474 4143">
     <span class='ocr_line' id='line_1_90' title="bbox 2161 4060 3474 4143; baseline 0.002 -25"><span class='ocrx_word' id='word_1_646' title='bbox 2161 4068 2436 4118; x_wconf 78' lang='grc' dir='ltr'>τοσοῦτονο</span> <span class='ocrx_word' id='word_1_647' title='bbox 2469 4065 2650 4118; x_wconf 75' lang='grc' dir='ltr'>ἒκεϊνο</span> <span class='ocrx_word' id='word_1_648' title='bbox 2678 4060 2732 4117; x_wconf 78' lang='grc' dir='ltr'>δὲ</span> <span class='ocrx_word' id='word_1_649' title='bbox 2761 4064 2838 4129; x_wconf 86' lang='grc' dir='ltr'><strong>τίς</strong></span> <span class='ocrx_word' id='word_1_650' title='bbox 2871 4063 2934 4119; x_wconf 74' lang='grc' dir='ltr'>ἂν</span> <span class='ocrx_word' id='word_1_651' title='bbox 2963 4063 3418 4143; x_wconf 72' lang='grc' dir='ltr'>σιωπῇπαρέλθοι</span> <span class='ocrx_word' id='word_1_652' title='bbox 3458 4085 3474 4142; x_wconf 83' lang='grc'><strong>;</strong></span> 
     </span>
    </p>
   </div>
   <div class='ocr_carea' id='block_1_91' title="bbox 2242 4149 3834 4233">
    <p class='ocr_par' dir='ltr' id='par_1_91' title="bbox 2242 4149 3834 4233">
     <span class='ocr_line' id='line_1_91' title="bbox 2242 4149 3834 4233; baseline 0.007 -28"><span class='ocrx_word' id='word_1_653' title='bbox 2242 4150 2375 4214; x_wconf 81' lang='grc' dir='ltr'><strong>ΝΔ’,</strong></span> <span class='ocrx_word' id='word_1_654' title='bbox 2433 4149 2689 4218; x_wconf 81' lang='grc' dir='ltr'>Ἀνῆλθόν</span> <span class='ocrx_word' id='word_1_655' title='bbox 2739 4174 2869 4208; x_wconf 88' lang='grc' dir='ltr'>ποτε</span> <span class='ocrx_word' id='word_1_656' title='bbox 2927 4155 3060 4231; x_wconf 81' lang='grc' dir='ltr'>πρὸς</span> <span class='ocrx_word' id='word_1_657' title='bbox 3109 4155 3263 4210; x_wconf 73' lang='grc' dir='ltr'>αὐτὸν</span> <span class='ocrx_word' id='word_1_658' title='bbox 3317 4156 3365 4212; x_wconf 72' lang='grc' dir='ltr'>οἱ</span> <span class='ocrx_word' id='word_1_659' title='bbox 3421 4155 3520 4223; x_wconf 81' lang='grc' dir='ltr'>τὴν</span> <span class='ocrx_word' id='word_1_660' title='bbox 3576 4177 3834 4233; x_wconf 79' lang='grc' dir='ltr'>προστα-</span> 
     </span>
    </p>
   </div>
   <div class='ocr_carea' id='block_1_92' title="bbox 2162 4240 3836 4324">
    <p class='ocr_par' dir='ltr' id='par_1_92' title="bbox 2162 4240 3836 4324">
     <span class='ocr_line' id='line_1_92' title="bbox 2162 4240 3836 4324; baseline 0.005 -27"><span class='ocrx_word' id='word_1_661' title='bbox 2162 4243 2278 4297; x_wconf 89' lang='grc' dir='ltr'>σίαν</span> <span class='ocrx_word' id='word_1_662' title='bbox 2361 4243 2435 4296; x_wconf 83' lang='grc' dir='ltr'><strong>ῶν</strong></span> <span class='ocrx_word' id='word_1_663' title='bbox 2521 4240 2672 4303; x_wconf 84' lang='grc' dir='ltr'>οὗτος</span> <span class='ocrx_word' id='word_1_664' title='bbox 2773 4240 3021 4316; x_wconf 80' lang='grc' dir='ltr'>ἐδείματο</span> <span class='ocrx_word' id='word_1_665' title='bbox 3103 4243 3242 4300; x_wconf 85' lang='grc' dir='ltr'>ναῶν</span> <span class='ocrx_word' id='word_1_666' title='bbox 3328 4244 3836 4324; x_wconf 65' lang='grc' dir='ltr'>ἐγκεχειρισμένα,</span> 
     </span>
    </p>
   </div>
   <div class='ocr_carea' id='block_1_93' title="bbox 2159 4327 3843 4412">
    <p class='ocr_par' dir='ltr' id='par_1_93' title="bbox 2159 4327 3843 4412">
     <span class='ocr_line' id='line_1_93' title="bbox 2159 4327 3843 4412; baseline 0.002 -25"><span class='ocrx_word' id='word_1_667' title='bbox 2159 4327 2380 4397; x_wconf 79' lang='grc' dir='ltr'>Ἐπειδὴ</span> <span class='ocrx_word' id='word_1_668' title='bbox 2434 4328 2489 4385; x_wconf 83' lang='grc' dir='ltr'>δὲ</span> <span class='ocrx_word' id='word_1_669' title='bbox 2520 4331 2592 4392; x_wconf 83' lang='grc' dir='ltr'><strong>είς</strong></span> <span class='ocrx_word' id='word_1_670' title='bbox 2651 4329 2842 4409; x_wconf 72' lang='grc' dir='ltr'>λόγους</span> <span class='ocrx_word' id='word_1_671' title='bbox 2879 4329 3072 4387; x_wconf 79' lang='grc' dir='ltr'>ἔλθοιεν</span> <span class='ocrx_word' id='word_1_672' title='bbox 3118 4339 3195 4405; x_wconf 85' lang='grc' dir='ltr'>τῷ</span> <span class='ocrx_word' id='word_1_673' title='bbox 3248 4333 3404 4412; x_wconf 80' lang='grc' dir='ltr'>ἁγίῳ,</span> <span class='ocrx_word' id='word_1_674' title='bbox 3441 4334 3530 4390; x_wconf 85' lang='grc' dir='ltr'><strong>καί</strong></span> <span class='ocrx_word' id='word_1_675' title='bbox 3556 4355 3636 4401; x_wconf 92' lang='grc' dir='ltr'><strong>τις</strong></span> <span class='ocrx_word' id='word_1_676' title='bbox 3695 4339 3843 4394; x_wconf 85' lang='grc' dir='ltr'>τού-</span> 
     </span>
    </p>
   </div>
   <div class='ocr_carea' id='block_1_94' title="bbox 2158 4419 3841 4500">
    <p class='ocr_par' dir='ltr' id='par_1_94' title="bbox 2158 4419 3841 4500">
     <span class='ocr_line' id='line_1_94' title="bbox 2158 4419 3841 4500; baseline 0.003 -25"><span class='ocrx_word' id='word_1_677' title='bbox 2158 4441 2266 4475; x_wconf 90' lang='grc' dir='ltr'>των</span> <span class='ocrx_word' id='word_1_678' title='bbox 2307 4419 2490 4484; x_wconf 75' lang='grc' dir='ltr'>ἀτινὲς</span> <span class='ocrx_word' id='word_1_679' title='bbox 2522 4423 2664 4492; x_wconf 73' lang='grc' dir='ltr'>αὒτῷ</span> <span class='ocrx_word' id='word_1_680' title='bbox 2694 4419 2911 4499; x_wconf 80' lang='grc' dir='ltr'>ἐνορῶν,</span> <span class='ocrx_word' id='word_1_681' title='bbox 2946 4419 3120 4477; x_wconf 75' lang='grc' dir='ltr'>ἔννοια</span> <span class='ocrx_word' id='word_1_682' title='bbox 3169 4423 3340 4496; x_wconf 84' lang='grc' dir='ltr'>τούτῳ</span> <span class='ocrx_word' id='word_1_683' title='bbox 3374 4423 3592 4500; x_wconf 77' lang='grc' dir='ltr'>γίνεται,</span> <span class='ocrx_word' id='word_1_684' title='bbox 3631 4426 3711 4488; x_wconf 83' lang='grc' dir='ltr'><strong>ὡς</strong></span> <span class='ocrx_word' id='word_1_685' title='bbox 3769 4429 3841 4484; x_wconf 77' lang='lat' dir='ltr'><strong>Ei.</strong></span> 
     </span>
    </p>
   </div>
   <div class='ocr_carea' id='block_1_95' title="bbox 2159 4506 3841 4586">
    <p class='ocr_par' dir='ltr' id='par_1_95' title="bbox 2159 4506 3841 4586">
     <span class='ocr_line' id='line_1_95' title="bbox 2159 4506 3841 4586; baseline 0.005 -22"><span class='ocrx_word' id='word_1_686' title='bbox 2159 4511 2186 4564; x_wconf 83' lang='grc' dir='ltr'>ὁ</span> <span class='ocrx_word' id='word_1_687' title='bbox 2258 4512 2403 4572; x_wconf 78' lang='grc' dir='ltr'>θεῖος</span> <span class='ocrx_word' id='word_1_688' title='bbox 2456 4508 2608 4570; x_wconf 78' lang='grc' dir='ltr'>οὗτος</span> <span class='ocrx_word' id='word_1_689' title='bbox 2688 4510 2870 4586; x_wconf 81' lang='grc' dir='ltr'>Πατὴρ</span> <span class='ocrx_word' id='word_1_690' title='bbox 2901 4506 3222 4573; x_wconf 83' lang='grc' dir='ltr'>ἰωαννίκιος</span> <span class='ocrx_word' id='word_1_691' title='bbox 3276 4513 3398 4576; x_wconf 83' lang='grc' dir='ltr'>τοὺς</span> <span class='ocrx_word' id='word_1_692' title='bbox 3483 4513 3841 4580; x_wconf 80' lang='grc' dir='ltr'>ἀσκητικοὺς</span> 
     </span>
    </p>
   </div>
   <div class='ocr_carea' id='block_1_96' title="bbox 2157 4597 3842 4678">
    <p class='ocr_par' dir='ltr' id='par_1_96' title="bbox 2157 4597 3842 4678">
     <span class='ocr_line' id='line_1_96' title="bbox 2157 4597 3842 4678; baseline 0.005 -26"><span class='ocrx_word' id='word_1_693' title='bbox 2157 4604 2263 4654; x_wconf 89' lang='grc' dir='ltr'><strong>τῶν</strong></span> <span class='ocrx_word' id='word_1_694' title='bbox 2319 4599 2496 4655; x_wconf 83' lang='grc' dir='ltr'>πόνων</span> <span class='ocrx_word' id='word_1_695' title='bbox 2555 4597 2730 4676; x_wconf 77' lang='grc' dir='ltr'>ἄκρως</span> <span class='ocrx_word' id='word_1_696' title='bbox 2790 4600 3002 4676; x_wconf 76' lang='grc' dir='ltr'>μετῄει,</span> <span class='ocrx_word' id='word_1_697' title='bbox 3060 4601 3149 4656; x_wconf 85' lang='grc' dir='ltr'><strong>καὶ</strong></span> <span class='ocrx_word' id='word_1_698' title='bbox 3205 4599 3566 4678; x_wconf 86' lang='grc' dir='ltr'>πολυημέροις</span> <span class='ocrx_word' id='word_1_699' title='bbox 3627 4603 3842 4662; x_wconf 75' lang='grc' dir='ltr'>ἑαυτὸν</span> 
     </span>
    </p>
   </div>
   <div class='ocr_carea' id='block_1_97' title="bbox 403 4687 2082 4771">
    <p class='ocr_par' dir='ltr' id='par_1_97' title="bbox 403 4688 2074 4768">
     <span class='ocr_line' id='line_1_97' title="bbox 403 4688 2074 4768; baseline 0.001 -19"><span class='ocrx_word' id='word_1_700' title='bbox 403 4705 494 4751; x_wconf 78' lang='lat' dir='ltr'><strong>se</strong></span> <span class='ocrx_word' id='word_1_701' title='bbox 529 4688 849 4750; x_wconf 91' lang='lat' dir='ltr'><strong>multorum</strong></span> <span class='ocrx_word' id='word_1_702' title='bbox 881 4688 1112 4749; x_wconf 88' lang='lat' dir='ltr'><strong>dierum</strong></span> <span class='ocrx_word' id='word_1_703' title='bbox 1137 4689 1632 4768; x_wconf 86' lang='lat' dir='ltr'><strong>amixitjejuniis,</strong></span> <span class='ocrx_word' id='word_1_704' title='bbox 1663 4708 1768 4750; x_wconf 89' lang='lat' dir='ltr'><strong>cur</strong></span> <span class='ocrx_word' id='word_1_705' title='bbox 1790 4708 1906 4750; x_wconf 90' lang='lat' dir='ltr'><strong>non</strong></span> <span class='ocrx_word' id='word_1_706' title='bbox 1940 4707 2074 4750; x_wconf 89' lang='lat' dir='ltr'><strong>car-</strong></span> 
     </span>
    </p>
   </div>
   <div class='ocr_carea' id='block_1_98' title="bbox 2245 4687 3839 4771">
    <p class='ocr_par' dir='ltr' id='par_1_98' title="bbox 2245 4687 3839 4771">
     <span class='ocr_line' id='line_1_98' title="bbox 2245 4687 3839 4771; baseline 0.008 -33"><span class='ocrx_word' id='word_1_707' title='bbox 2245 4687 2416 4744; x_wconf 82' lang='grc' dir='ltr'>ῖέδωκε</span> <span class='ocrx_word' id='word_1_708' title='bbox 2473 4688 2598 4749; x_wconf 85' lang='grc' dir='ltr'>ταῖς</span> <span class='ocrx_word' id='word_1_709' title='bbox 2636 4689 2928 4767; x_wconf 83' lang='grc' dir='ltr'>νηστείαις,</span> <span class='ocrx_word' id='word_1_710' title='bbox 2961 4689 3010 4744; x_wconf 85' lang='grc' dir='ltr'><strong>τί</strong></span> <span class='ocrx_word' id='word_1_711' title='bbox 3069 4687 3201 4756; x_wconf 81' lang='grc' dir='ltr'>δῆτα</span> <span class='ocrx_word' id='word_1_712' title='bbox 3246 4691 3323 4766; x_wconf 79' lang='grc' dir='ltr'>μὴ</span> <span class='ocrx_word' id='word_1_713' title='bbox 3385 4698 3475 4748; x_wconf 83' lang='grc' dir='ltr'><strong>τοῦ</strong></span> <span class='ocrx_word' id='word_1_714' title='bbox 3515 4697 3621 4748; x_wconf 84' lang='grc' dir='ltr'><strong>τῶν</strong></span> <span class='ocrx_word' id='word_1_715' title='bbox 3681 4715 3839 4771; x_wconf 76' lang='grc' dir='ltr'>σαρ-</span> 
     </span>
    </p>
   </div>
   <div class='ocr_carea' id='block_1_99' title="bbox 431 4775 2073 4859">
    <p class='ocr_par' dir='ltr' id='par_1_99' title="bbox 431 4775 2073 4859">
     <span class='ocr_line' id='line_1_99' title="bbox 431 4775 2073 4859; baseline 0.001 -21"><span class='ocrx_word' id='word_1_716' title='bbox 431 4775 526 4838; x_wconf 87' lang='lat' dir='ltr'><strong>nis</strong></span> <span class='ocrx_word' id='word_1_717' title='bbox 557 4777 696 4839; x_wconf 89' lang='lat' dir='ltr'><strong>vicit</strong></span> <span class='ocrx_word' id='word_1_718' title='bbox 729 4777 1199 4859; x_wconf 86' lang='lat' dir='ltr'><strong>multitudinem,</strong></span> <span class='ocrx_word' id='word_1_719' title='bbox 1234 4779 1338 4841; x_wconf 89' lang='lat' dir='ltr'><strong>sed</strong></span> <span class='ocrx_word' id='word_1_720' title='bbox 1375 4787 1464 4839; x_wconf 85' lang='lat' dir='ltr'><strong>est</strong></span> <span class='ocrx_word' id='word_1_721' title='bbox 1494 4779 1688 4840; x_wconf 89' lang='lat' dir='ltr'><strong>adhuc</strong></span> <span class='ocrx_word' id='word_1_722' title='bbox 1729 4778 1942 4840; x_wconf 79' lang='lat' dir='ltr'><strong>similis</strong></span> <span class='ocrx_word' id='word_1_723' title='bbox 1974 4779 2073 4850; x_wconf 88' lang='lat' dir='ltr'><strong>iis,</strong></span> 
     </span>
    </p>
   </div>
   <div class='ocr_carea' id='block_1_100' title="bbox 427 4865 2074 4948">
    <p class='ocr_par' dir='ltr' id='par_1_100' title="bbox 427 4865 2074 4948">
     <span class='ocr_line' id='line_1_100' title="bbox 427 4865 2074 4948; baseline 0 -19"><span class='ocrx_word' id='word_1_724' title='bbox 427 4867 527 4948; x_wconf 91' lang='lat' dir='ltr'><strong>qui</strong></span> <span class='ocrx_word' id='word_1_725' title='bbox 558 4873 695 4928; x_wconf 89' lang='lat' dir='ltr'><strong>sunt</strong></span> <span class='ocrx_word' id='word_1_726' title='bbox 723 4865 894 4927; x_wconf 79' lang='lat' dir='ltr'><strong>bonae</strong></span> <span class='ocrx_word' id='word_1_727' title='bbox 925 4868 1286 4929; x_wconf 87' lang='lat' dir='ltr'><strong>habitudinis</strong></span> <span class='ocrx_word' id='word_1_728' title='bbox 1317 4867 1614 4946; x_wconf 90' lang='lat' dir='ltr'><strong>corporis,</strong></span> <span class='ocrx_word' id='word_1_729' title='bbox 1669 4875 1726 4928; x_wconf 94' lang='lat' dir='ltr'><strong>et</strong></span> <span class='ocrx_word' id='word_1_730' title='bbox 1755 4869 1983 4948; x_wconf 87' lang='lat' dir='ltr'><strong>seipsos</strong></span> <span class='ocrx_word' id='word_1_731' title='bbox 2017 4870 2074 4929; x_wconf 92' lang='lat' dir='ltr'><strong>in</strong></span> 
     </span>
    </p>
   </div>
   <div class='ocr_carea' id='block_1_101' title="bbox 429 4953 2076 5034">
    <p class='ocr_par' dir='ltr' id='par_1_101' title="bbox 429 4953 2076 5034">
     <span class='ocr_line' id='line_1_101' title="bbox 429 4953 2076 5034; baseline 0.002 -18"><span class='ocrx_word' id='word_1_732' title='bbox 429 4953 594 5016; x_wconf 88' lang='lat' dir='ltr'><strong>tibiis</strong></span> <span class='ocrx_word' id='word_1_733' title='bbox 621 4955 1066 5034; x_wconf 81' lang='lat' dir='ltr'><strong>pinguefaciunt</strong></span> <span class='ocrx_word' id='word_1_734' title='bbox 1092 4955 1122 5016; x_wconf 71' lang='grc' dir='ltr'><strong>ἱ)</strong></span> <span class='ocrx_word' id='word_1_735' title='bbox 1167 4957 1313 5020; x_wconf 91' lang='lat' dir='ltr'><strong>Cum</strong></span> <span class='ocrx_word' id='word_1_736' title='bbox 1375 4963 1574 5017; x_wconf 86' lang='lat' dir='ltr'><strong>autem</strong></span> <span class='ocrx_word' id='word_1_737' title='bbox 1628 4957 1678 5016; x_wconf 88' lang='lat' dir='ltr'><strong>is</strong></span> <span class='ocrx_word' id='word_1_738' title='bbox 1709 4957 1838 5018; x_wconf 66' lang='lat' dir='ltr'><strong>haec</strong></span> <span class='ocrx_word' id='word_1_739' title='bbox 1877 4967 2076 5019; x_wconf 88' lang='lat' dir='ltr'><strong>mente</strong></span> 
     </span>
    </p>
   </div>
   <div class='ocr_carea' id='block_1_102' title="bbox 425 5043 2076 5124">
    <p class='ocr_par' dir='ltr' id='par_1_102' title="bbox 425 5043 2076 5124">
     <span class='ocr_line' id='line_1_102' title="bbox 425 5043 2076 5124; baseline 0.002 -21"><span class='ocrx_word' id='word_1_740' title='bbox 425 5050 710 5114; x_wconf 79' lang='lat' dir='ltr'><strong>versaret,</strong></span> <span class='ocrx_word' id='word_1_741' title='bbox 742 5044 890 5106; x_wconf 80' lang='lat' dir='ltr'><strong>dixit</strong></span> <span class='ocrx_word' id='word_1_742' title='bbox 924 5045 1020 5106; x_wconf 87' lang='lat' dir='ltr'><strong>hic</strong></span> <span class='ocrx_word' id='word_1_743' title='bbox 1052 5044 1137 5105; x_wconf 82' lang='lat' dir='ltr'><strong>vir</strong></span> <span class='ocrx_word' id='word_1_744' title='bbox 1167 5044 1536 5106; x_wconf 81' lang='lat' dir='ltr'><strong>admirabilis</strong></span> <span class='ocrx_word' id='word_1_745' title='bbox 1565 5066 1578 5105; x_wconf 91' lang='lat'><strong>:</strong></span> <span class='ocrx_word' id='word_1_746' title='bbox 1615 5043 1662 5107; x_wconf 92' lang='grc' dir='ltr'><strong>Ο</strong></span> <span class='ocrx_word' id='word_1_747' title='bbox 1691 5048 1892 5106; x_wconf 83' lang='lat' dir='ltr'><strong>Macar</strong></span> <span class='ocrx_word' id='word_1_748' title='bbox 1921 5047 2076 5124; x_wconf 86' lang='lat' dir='ltr'><strong>(erat</strong></span> 
     </span>
    </p>
   </div>
   <div class='ocr_carea' id='block_1_103' title="bbox 428 5131 2074 5214">
    <p class='ocr_par' dir='ltr' id='par_1_103' title="bbox 428 5131 2074 5214">
     <span class='ocr_line' id='line_1_103' title="bbox 428 5131 2074 5214; baseline 0.002 -23"><span class='ocrx_word' id='word_1_749' title='bbox 428 5131 589 5192; x_wconf 88' lang='lat' dir='ltr'><strong>enim</strong></span> <span class='ocrx_word' id='word_1_750' title='bbox 613 5133 666 5192; x_wconf 90' lang='lat' dir='ltr'><strong>ei</strong></span> <span class='ocrx_word' id='word_1_751' title='bbox 691 5133 805 5193; x_wconf 90' lang='lat' dir='ltr'><strong>hoc</strong></span> <span class='ocrx_word' id='word_1_752' title='bbox 828 5135 1095 5214; x_wconf 90' lang='lat' dir='ltr'><strong>nomen),</strong></span> <span class='ocrx_word' id='word_1_753' title='bbox 1113 5153 1220 5196; x_wconf 91' lang='lat' dir='ltr'><strong>cur</strong></span> <span class='ocrx_word' id='word_1_754' title='bbox 1245 5134 1636 5214; x_wconf 86' lang='lat' dir='ltr'><strong>cogitationes</strong></span> <span class='ocrx_word' id='word_1_755' title='bbox 1659 5134 1989 5198; x_wconf 87' lang='lat' dir='ltr'><strong>ascendunt</strong></span> <span class='ocrx_word' id='word_1_756' title='bbox 2017 5142 2074 5195; x_wconf 91' lang='lat' dir='ltr'><strong>in</strong></span> 
     </span>
    </p>
   </div>
   <div class='ocr_carea' id='block_1_104' title="bbox 428 5220 2074 5304">
    <p class='ocr_par' dir='ltr' id='par_1_104' title="bbox 428 5220 2074 5304">
     <span class='ocr_line' id='line_1_104' title="bbox 428 5220 2074 5304; baseline 0.002 -24"><span class='ocrx_word' id='word_1_757' title='bbox 428 5236 532 5280; x_wconf 91' lang='lat' dir='ltr'><strong>cor</strong></span> <span class='ocrx_word' id='word_1_758' title='bbox 565 5227 779 5284; x_wconf 84' lang='lat' dir='ltr'><strong>tuum?</strong></span> <span class='ocrx_word' id='word_1_759' title='bbox 811 5220 939 5283; x_wconf 92' lang='lat' dir='ltr'><strong>Non</strong></span> <span class='ocrx_word' id='word_1_760' title='bbox 965 5232 1107 5284; x_wconf 89' lang='lat' dir='ltr'><strong>sunt</strong></span> <span class='ocrx_word' id='word_1_761' title='bbox 1140 5225 1284 5285; x_wconf 91' lang='lat' dir='ltr'><strong>mihi</strong></span> <span class='ocrx_word' id='word_1_762' title='bbox 1319 5223 1479 5286; x_wconf 71' lang='lat' dir='ltr'><strong>tibiae</strong></span> <span class='ocrx_word' id='word_1_763' title='bbox 1526 5225 1720 5304; x_wconf 68' lang='lat' dir='ltr'><strong>plenae</strong></span> <span class='ocrx_word' id='word_1_764' title='bbox 1773 5223 2074 5298; x_wconf 76' lang='lat' dir='ltr'><strong>carnibus,</strong></span> 
     </span>
    </p>
   </div>
   <div class='ocr_carea' id='block_1_105' title="bbox 431 5305 2076 5393">
    <p class='ocr_par' dir='ltr' id='par_1_105' title="bbox 431 5305 2076 5393">
     <span class='ocr_line' id='line_1_105' title="bbox 431 5305 2076 5393; baseline 0.003 -26"><span class='ocrx_word' id='word_1_765' title='bbox 431 5305 538 5367; x_wconf 87' lang='lat' dir='ltr'><strong>sed</strong></span> <span class='ocrx_word' id='word_1_766' title='bbox 566 5307 732 5368; x_wconf 80' lang='lat' dir='ltr'><strong>vides</strong></span> <span class='ocrx_word' id='word_1_767' title='bbox 753 5310 1251 5388; x_wconf 89' lang='lat' dir='ltr'><strong>quemadmodum</strong></span> <span class='ocrx_word' id='word_1_768' title='bbox 1271 5322 1626 5393; x_wconf 89' lang='lat' dir='ltr'><strong>tumescant,</strong></span> <span class='ocrx_word' id='word_1_769' title='bbox 1648 5331 1778 5373; x_wconf 90' lang='lat' dir='ltr'><strong>cum</strong></span> <span class='ocrx_word' id='word_1_770' title='bbox 1802 5313 1916 5373; x_wconf 87' lang='lat' dir='ltr'><strong>sint</strong></span> <span class='ocrx_word' id='word_1_771' title='bbox 1942 5313 2076 5372; x_wconf 85' lang='lat' dir='ltr'><strong>ina-</strong></span> 
     </span>
    </p>
   </div>
   <div class='ocr_carea' id='block_1_106' title="bbox 428 5397 2074 5480">
    <p class='ocr_par' dir='ltr' id='par_1_106' title="bbox 428 5397 2074 5480">
     <span class='ocr_line' id='line_1_106' title="bbox 428 5397 2074 5480; baseline 0.004 -24"><span class='ocrx_word' id='word_1_772' title='bbox 428 5411 537 5456; x_wconf 85' lang='lat' dir='ltr'><strong>nes</strong></span> <span class='ocrx_word' id='word_1_773' title='bbox 567 5402 627 5458; x_wconf 91' lang='lat' dir='ltr'><strong>et</strong></span> <span class='ocrx_word' id='word_1_774' title='bbox 664 5397 951 5479; x_wconf 82' lang='lat' dir='ltr'><strong>ﬂatuosae,</strong></span> <span class='ocrx_word' id='word_1_775' title='bbox 1008 5401 1163 5480; x_wconf 90' lang='lat' dir='ltr'><strong>quod</strong></span> <span class='ocrx_word' id='word_1_776' title='bbox 1198 5401 1438 5480; x_wconf 87' lang='lat' dir='ltr'><strong>quidem</strong></span> <span class='ocrx_word' id='word_1_777' title='bbox 1474 5403 1622 5462; x_wconf 91' lang='lat' dir='ltr'><strong>solet</strong></span> <span class='ocrx_word' id='word_1_778' title='bbox 1661 5402 1856 5462; x_wconf 78' lang='lat' dir='ltr'><strong>facere</strong></span> <span class='ocrx_word' id='word_1_779' title='bbox 1889 5402 2074 5463; x_wconf 88' lang='lat' dir='ltr'><strong>malus</strong></span> 
     </span>
    </p>
   </div>
   <div class='ocr_carea' id='block_1_107' title="bbox 430 5482 2071 5566">
    <p class='ocr_par' dir='ltr' id='par_1_107' title="bbox 430 5482 2071 5566">
     <span class='ocr_line' id='line_1_107' title="bbox 430 5482 2071 5566; baseline 0.002 -20"><span class='ocrx_word' id='word_1_780' title='bbox 430 5482 601 5546; x_wconf 91' lang='lat' dir='ltr'><strong>cibus</strong></span> <span class='ocrx_word' id='word_1_781' title='bbox 651 5487 955 5548; x_wconf 80' lang='lat' dir='ltr'><strong>stomacho</strong></span> <span class='ocrx_word' id='word_1_782' title='bbox 1014 5497 1349 5566; x_wconf 86' lang='lat' dir='ltr'><strong>susceptus.</strong></span> <span class='ocrx_word' id='word_1_783' title='bbox 1407 5490 1578 5551; x_wconf 89' lang='lat' dir='ltr'><strong>Illum</strong></span> <span class='ocrx_word' id='word_1_784' title='bbox 1641 5498 1841 5550; x_wconf 85' lang='lat' dir='ltr'><strong>autem</strong></span> <span class='ocrx_word' id='word_1_785' title='bbox 1876 5492 2071 5553; x_wconf 77' lang='lat' dir='ltr'><strong>statim</strong></span> 
     </span>
    </p>
   </div>
   <div class='ocr_carea' id='block_1_108' title="bbox 423 5572 2072 5658">
    <p class='ocr_par' dir='ltr' id='par_1_108' title="bbox 423 5572 2072 5658">
     <span class='ocr_line' id='line_1_108' title="bbox 423 5572 2072 5658; baseline 0.004 -25"><span class='ocrx_word' id='word_1_786' title='bbox 423 5572 610 5634; x_wconf 91' lang='lat' dir='ltr'><strong>subiit</strong></span> <span class='ocrx_word' id='word_1_787' title='bbox 641 5576 1015 5654; x_wconf 68' lang='lat' dir='ltr'><strong>paenitentia,</strong></span> <span class='ocrx_word' id='word_1_788' title='bbox 1051 5586 1110 5638; x_wconf 92' lang='lat' dir='ltr'><strong>et</strong></span> <span class='ocrx_word' id='word_1_789' title='bbox 1139 5579 1388 5640; x_wconf 89' lang='lat' dir='ltr'><strong>multum</strong></span> <span class='ocrx_word' id='word_1_790' title='bbox 1439 5579 1834 5658; x_wconf 87' lang='lat' dir='ltr'><strong>reprehendit</strong></span> <span class='ocrx_word' id='word_1_791' title='bbox 1869 5599 2072 5640; x_wconf 88' lang='lat' dir='ltr'><strong>vanam</strong></span> 
     </span>
    </p>
   </div>
   <div class='ocr_carea' id='block_1_109' title="bbox 421 5665 2070 5748">
    <p class='ocr_par' dir='ltr' id='par_1_109' title="bbox 421 5665 2070 5748">
     <span class='ocr_line' id='line_1_109' title="bbox 421 5665 2070 5748; baseline 0.004 -27"><span class='ocrx_word' id='word_1_792' title='bbox 421 5678 542 5724; x_wconf 63' lang='lat' dir='ltr'><strong>suae</strong></span> <span class='ocrx_word' id='word_1_793' title='bbox 577 5665 790 5725; x_wconf 87' lang='lat' dir='ltr'><strong>mentis</strong></span> <span class='ocrx_word' id='word_1_794' title='bbox 820 5665 1262 5743; x_wconf 86' lang='lat' dir='ltr'><strong>cogitationem,</strong></span> <span class='ocrx_word' id='word_1_795' title='bbox 1299 5674 1359 5726; x_wconf 91' lang='lat' dir='ltr'><strong>et</strong></span> <span class='ocrx_word' id='word_1_796' title='bbox 1415 5667 1559 5748; x_wconf 88' lang='lat' dir='ltr'><strong>petit</strong></span> <span class='ocrx_word' id='word_1_797' title='bbox 1617 5667 1846 5729; x_wconf 89' lang='lat' dir='ltr'><strong>veniam</strong></span> <span class='ocrx_word' id='word_1_798' title='bbox 1909 5669 2070 5748; x_wconf 88' lang='lat' dir='ltr'><strong>ejus,</strong></span> 
     </span>
    </p>
   </div>
   <div class='ocr_carea' id='block_1_110' title="bbox 426 5750 1355 5832">
    <p class='ocr_par' dir='ltr' id='par_1_110' title="bbox 426 5750 1355 5832">
     <span class='ocr_line' id='line_1_110' title="bbox 426 5750 1355 5832; baseline 0.005 -18"><span class='ocrx_word' id='word_1_799' title='bbox 426 5750 585 5832; x_wconf 91' lang='lat' dir='ltr'><strong>quod</strong></span> <span class='ocrx_word' id='word_1_800' title='bbox 618 5752 674 5818; x_wconf 87' lang='lat' dir='ltr'><strong>ei</strong></span> <span class='ocrx_word' id='word_1_801' title='bbox 699 5751 763 5816; x_wconf 91' lang='lat' dir='ltr'><strong>in</strong></span> <span class='ocrx_word' id='word_1_802' title='bbox 795 5761 1061 5819; x_wconf 87' lang='lat' dir='ltr'><strong>mentem</strong></span> <span class='ocrx_word' id='word_1_803' title='bbox 1092 5763 1355 5820; x_wconf 88' lang='lat' dir='ltr'><strong>venerat.</strong></span> 
     </span>
    </p>
   </div>
   <div class='ocr_carea' id='block_1_111' title="bbox 2160 4774 3841 4854">
    <p class='ocr_par' dir='ltr' id='par_1_111' title="bbox 2160 4774 3841 4854">
     <span class='ocr_line' id='line_1_111' title="bbox 2160 4774 3841 4854; baseline 0.005 -22"><span class='ocrx_word' id='word_1_804' title='bbox 2160 4777 2269 4833; x_wconf 85' lang='grc' dir='ltr'><strong>κῶν</strong></span> <span class='ocrx_word' id='word_1_805' title='bbox 2327 4776 2586 4854; x_wconf 80' lang='grc' dir='ltr'>ἐκράτησε</span> <span class='ocrx_word' id='word_1_806' title='bbox 2649 4774 2904 4848; x_wconf 72' lang='grc' dir='ltr'>πλήθους,</span> <span class='ocrx_word' id='word_1_807' title='bbox 2952 4776 3075 4834; x_wconf 82' lang='grc' dir='ltr'>ἀλλ’</span> <span class='ocrx_word' id='word_1_808' title='bbox 3132 4777 3209 4835; x_wconf 79' lang='grc' dir='ltr'>ἔτι</span> <span class='ocrx_word' id='word_1_809' title='bbox 3267 4781 3388 4844; x_wconf 79' lang='grc' dir='ltr'>τοῖς</span> <span class='ocrx_word' id='word_1_810' title='bbox 3449 4780 3841 4854; x_wconf 77' lang='grc' dir='ltr'>εὖοωματοῦσι</span> 
     </span>
    </p>
   </div>
   <div class='ocr_carea' id='block_1_112' title="bbox 2159 4865 3843 4952">
    <p class='ocr_par' dir='ltr' id='par_1_112' title="bbox 2159 4865 3843 4952">
     <span class='ocr_line' id='line_1_112' title="bbox 2159 4865 3843 4952; baseline 0.005 -31"><span class='ocrx_word' id='word_1_811' title='bbox 2159 4867 2246 4922; x_wconf 80' lang='grc' dir='ltr'>καὶ</span> <span class='ocrx_word' id='word_1_812' title='bbox 2303 4867 2597 4922; x_wconf 84' lang='grc' dir='ltr'>πιαίνουσιν</span> <span class='ocrx_word' id='word_1_813' title='bbox 2655 4865 2870 4930; x_wconf 76' lang='grc' dir='ltr'>ἑαυτοὺς</span> <span class='ocrx_word' id='word_1_814' title='bbox 2929 4867 3022 4931; x_wconf 79' lang='grc' dir='ltr'><strong>τὰς</strong></span> <span class='ocrx_word' id='word_1_815' title='bbox 3093 4869 3305 4937; x_wconf 84' lang='grc' dir='ltr'>κνήμας</span> <span class='ocrx_word' id='word_1_816' title='bbox 3377 4869 3514 4927; x_wconf 70' lang='grc' dir='ltr'>ἐστὶν</span> <span class='ocrx_word' id='word_1_817' title='bbox 3573 4868 3777 4946; x_wconf 79' lang='grc' dir='ltr'>ὅμοιος</span> <span class='ocrx_word' id='word_1_818' title='bbox 3823 4893 3843 4952; x_wconf 85' lang='grc'><strong>;</strong></span> 
     </span>
    </p>
   </div>
   <div class='ocr_carea' id='block_1_113' title="bbox 2162 4953 3842 5037">
    <p class='ocr_par' dir='ltr' id='par_1_113' title="bbox 2162 4953 3842 5037">
     <span class='ocr_line' id='line_1_113' title="bbox 2162 4953 3842 5037; baseline 0.006 -28"><span class='ocrx_word' id='word_1_819' title='bbox 2162 4954 2251 5012; x_wconf 88' lang='grc' dir='ltr'>Ἐν</span> <span class='ocrx_word' id='word_1_820' title='bbox 2311 4953 2418 5028; x_wconf 81' lang='grc' dir='ltr'>ὅσῳ</span> <span class='ocrx_word' id='word_1_821' title='bbox 2448 4953 2503 5010; x_wconf 81' lang='grc' dir='ltr'>δὲ</span> <span class='ocrx_word' id='word_1_822' title='bbox 2563 4961 2717 5037; x_wconf 58' lang='grc' dir='ltr'>οὗτος</span> <span class='ocrx_word' id='word_1_823' title='bbox 2773 4961 2938 5012; x_wconf 81' lang='grc' dir='ltr'>ταῦτα</span> <span class='ocrx_word' id='word_1_824' title='bbox 2996 4953 3208 5037; x_wconf 77' lang='grc' dir='ltr'>ἔστρεφε</span> <span class='ocrx_word' id='word_1_825' title='bbox 3247 4957 3383 5014; x_wconf 86' lang='grc' dir='ltr'><strong>κατά</strong></span> <span class='ocrx_word' id='word_1_826' title='bbox 3429 4963 3632 5025; x_wconf 55' lang='lat' dir='ltr'><strong>imum-6</strong></span> <span class='ocrx_word' id='word_1_827' title='bbox 3679 4964 3842 5020; x_wconf 76' lang='grc' dir='ltr'>θαυ-</span> 
     </span>
    </p>
   </div>
   <div class='ocr_carea' id='block_1_114' title="bbox 2161 5033 3846 5128">
    <p class='ocr_par' dir='ltr' id='par_1_114' title="bbox 2161 5033 3846 5128">
     <span class='ocr_line' id='line_1_114' title="bbox 2161 5033 3846 5128; baseline 0.005 -29"><span class='ocrx_word' id='word_1_828' title='bbox 2161 5046 2350 5119; x_wconf 82' lang='grc' dir='ltr'>μάσιος</span> <span class='ocrx_word' id='word_1_829' title='bbox 2407 5051 2582 5115; x_wconf 82' lang='grc' dir='ltr'>οὗτος,</span> <span class='ocrx_word' id='word_1_830' title='bbox 2615 5033 2682 5098; x_wconf 59' lang='grc' dir='ltr'>Ὠ</span> <span class='ocrx_word' id='word_1_831' title='bbox 2741 5044 2952 5123; x_wconf 72' lang='grc' dir='ltr'>Μάκαρ,</span> <span class='ocrx_word' id='word_1_832' title='bbox 2990 5033 3095 5124; x_wconf 27' lang='grc' dir='ltr'>ἔφη.</span> <span class='ocrx_word' id='word_1_833' title='bbox 3149 5033 3326 5125; x_wconf 73' lang='grc' dir='ltr'>(τοῦτο</span> <span class='ocrx_word' id='word_1_834' title='bbox 3385 5049 3485 5128; x_wconf 77' lang='grc' dir='ltr'><strong>γὰρ</strong></span> <span class='ocrx_word' id='word_1_835' title='bbox 3514 5049 3579 5116; x_wconf 77' lang='grc' dir='ltr'>ἦν</span> <span class='ocrx_word' id='word_1_836' title='bbox 3642 5048 3846 5128; x_wconf 74' lang='grc' dir='ltr'>ὄνομα</span> 
     </span>
    </p>
   </div>
   <div class='ocr_carea' id='block_1_115' title="bbox 2159 5131 3848 5220">
    <p class='ocr_par' dir='ltr' id='par_1_115' title="bbox 2159 5131 3848 5220">
     <span class='ocr_line' id='line_1_115' title="bbox 2159 5131 3848 5220; baseline 0.005 -30"><span class='ocrx_word' id='word_1_837' title='bbox 2159 5141 2237 5207; x_wconf 85' lang='grc' dir='ltr'>τῷ</span> <span class='ocrx_word' id='word_1_838' title='bbox 2294 5131 2496 5213; x_wconf 81' lang='grc' dir='ltr'>ἀνδρῖ),</span> <span class='ocrx_word' id='word_1_839' title='bbox 2559 5133 2650 5190; x_wconf 74' lang='grc' dir='ltr'><strong>ἵνα</strong></span> <span class='ocrx_word' id='word_1_840' title='bbox 2709 5136 2758 5189; x_wconf 81' lang='grc' dir='ltr'><strong>τί</strong></span> <span class='ocrx_word' id='word_1_841' title='bbox 2812 5132 3144 5212; x_wconf 78' lang='grc' dir='ltr'>διαλογισμοὶ</span> <span class='ocrx_word' id='word_1_842' title='bbox 3200 5134 3566 5194; x_wconf 79' lang='grc' dir='ltr'>ἀναϐαίνουσιν</span> <span class='ocrx_word' id='word_1_843' title='bbox 3635 5138 3692 5194; x_wconf 74' lang='grc' dir='ltr'>ἓν</span> <span class='ocrx_word' id='word_1_844' title='bbox 3760 5150 3848 5220; x_wconf 78' lang='grc' dir='ltr'><strong>τῇ</strong></span> 
     </span>
    </p>
   </div>
   <div class='ocr_carea' id='block_1_116' title="bbox 2159 5221 3844 5311">
    <p class='ocr_par' dir='ltr' id='par_1_116' title="bbox 2159 5221 3844 5311">
     <span class='ocr_line' id='line_1_116' title="bbox 2159 5221 3844 5311; baseline 0.004 -32"><span class='ocrx_word' id='word_1_845' title='bbox 2159 5221 2343 5300; x_wconf 85' lang='grc' dir='ltr'>καρδίᾳ</span> <span class='ocrx_word' id='word_1_846' title='bbox 2401 5245 2494 5278; x_wconf 90' lang='grc' dir='ltr'><strong>σου</strong></span> <span class='ocrx_word' id='word_1_847' title='bbox 2527 5243 2543 5296; x_wconf 85' lang='lat'><strong>;</strong></span> <span class='ocrx_word' id='word_1_848' title='bbox 2579 5225 2672 5279; x_wconf 78' lang='grc' dir='ltr'><strong>οὒκ</strong></span> <span class='ocrx_word' id='word_1_849' title='bbox 2725 5221 2852 5297; x_wconf 74' lang='grc' dir='ltr'>ἐμοΐ</span> <span class='ocrx_word' id='word_1_850' title='bbox 2900 5221 3196 5292; x_wconf 76' lang='grc' dir='ltr'>πλήθουσιν</span> <span class='ocrx_word' id='word_1_851' title='bbox 3244 5225 3294 5280; x_wconf 73' lang='grc' dir='ltr'>αἱ</span> <span class='ocrx_word' id='word_1_852' title='bbox 3325 5225 3525 5300; x_wconf 69' lang='grc' dir='ltr'>κνῆμαι</span> <span class='ocrx_word' id='word_1_853' title='bbox 3576 5235 3844 5311; x_wconf 77' lang='grc' dir='ltr'>σαρκῶν,</span> 
     </span>
    </p>
   </div>
   <div class='ocr_carea' id='block_1_117' title="bbox 2160 5309 3844 5391">
    <p class='ocr_par' dir='ltr' id='par_1_117' title="bbox 2160 5309 3844 5391">
     <span class='ocr_line' id='line_1_117' title="bbox 2160 5309 3844 5391; baseline 0.007 -23"><span class='ocrx_word' id='word_1_854' title='bbox 2160 5312 2281 5368; x_wconf 84' lang='grc' dir='ltr'>ἀλλ’</span> <span class='ocrx_word' id='word_1_855' title='bbox 2345 5315 2468 5391; x_wconf 83' lang='grc' dir='ltr'>ὁρᾷς</span> <span class='ocrx_word' id='word_1_856' title='bbox 2543 5314 2615 5376; x_wconf 85' lang='grc' dir='ltr'>ὡς</span> <span class='ocrx_word' id='word_1_857' title='bbox 2687 5309 2989 5386; x_wconf 84' lang='grc' dir='ltr'>διοιδοῦσιν,</span> <span class='ocrx_word' id='word_1_858' title='bbox 3062 5312 3307 5371; x_wconf 78' lang='grc' dir='ltr'>ὁπόκενοί</span> <span class='ocrx_word' id='word_1_859' title='bbox 3371 5335 3428 5371; x_wconf 89' lang='grc' dir='ltr'><strong>τε</strong></span> <span class='ocrx_word' id='word_1_860' title='bbox 3499 5314 3650 5372; x_wconf 78' lang='grc' dir='ltr'>οὖσαι</span> <span class='ocrx_word' id='word_1_861' title='bbox 3729 5309 3844 5380; x_wconf 56' lang='grc' dir='ltr'><strong>καὶ</strong></span> 
     </span>
    </p>
   </div>
   <div class='ocr_carea' id='block_1_118' title="bbox 2158 5399 3844 5480">
    <p class='ocr_par' dir='ltr' id='par_1_118' title="bbox 2158 5399 3844 5480">
     <span class='ocr_line' id='line_1_118' title="bbox 2158 5399 3844 5480; baseline 0.003 -22"><span class='ocrx_word' id='word_1_862' title='bbox 2158 5401 2587 5480; x_wconf 82' lang='grc' dir='ltr'>πνευματώδεις,</span> <span class='ocrx_word' id='word_1_863' title='bbox 2649 5399 2676 5456; x_wconf 81' lang='grc'><strong>3</strong></span> <span class='ocrx_word' id='word_1_864' title='bbox 2755 5401 3035 5480; x_wconf 83' lang='grc' dir='ltr'>στομάχου</span> <span class='ocrx_word' id='word_1_865' title='bbox 3092 5400 3210 5458; x_wconf 79' lang='grc' dir='ltr'>οἶδε</span> <span class='ocrx_word' id='word_1_866' title='bbox 3267 5405 3542 5460; x_wconf 85' lang='grc' dir='ltr'>κακοσιτία</span> <span class='ocrx_word' id='word_1_867' title='bbox 3607 5422 3844 5472; x_wconf 72' lang='grc' dir='ltr'>ποιεῖν,</span> 
     </span>
    </p>
   </div>
   <div class='ocr_carea' id='block_1_119' title="bbox 2159 5490 3852 5565">
    <p class='ocr_par' dir='ltr' id='par_1_119' title="bbox 2159 5490 3852 5565">
     <span class='ocr_line' id='line_1_119' title="bbox 2159 5490 3852 5565; baseline 0.001 -19"><span class='ocrx_word' id='word_1_868' title='bbox 2159 5497 2247 5564; x_wconf 85' lang='grc' dir='ltr'>Τῷ</span> <span class='ocrx_word' id='word_1_869' title='bbox 2280 5491 2336 5547; x_wconf 82' lang='grc' dir='ltr'>δὲ</span> <span class='ocrx_word' id='word_1_870' title='bbox 2397 5490 2653 5565; x_wconf 81' lang='grc' dir='ltr'>μετέμελέ</span> <span class='ocrx_word' id='word_1_871' title='bbox 2685 5512 2743 5546; x_wconf 89' lang='grc' dir='ltr'><strong>τε</strong></span> <span class='ocrx_word' id='word_1_872' title='bbox 2802 5491 3010 5565; x_wconf 75' lang='grc' dir='ltr'>αὒτίκα,</span> <span class='ocrx_word' id='word_1_873' title='bbox 3045 5492 3132 5547; x_wconf 78' lang='grc' dir='ltr'><strong>καὶ</strong></span> <span class='ocrx_word' id='word_1_874' title='bbox 3187 5490 3361 5548; x_wconf 79' lang='grc' dir='ltr'>πολλὰ</span> <span class='ocrx_word' id='word_1_875' title='bbox 3407 5493 3504 5562; x_wconf 82' lang='grc' dir='ltr'><strong>τὴν</strong></span> <span class='ocrx_word' id='word_1_876' title='bbox 3549 5498 3659 5552; x_wconf 88' lang='grc' dir='ltr'><strong>τῶν</strong></span> <span class='ocrx_word' id='word_1_877' title='bbox 3722 5495 3852 5557; x_wconf 80' lang='grc' dir='ltr'>λο-</span> 
     </span>
    </p>
   </div>
   <div class='ocr_carea' id='block_1_120' title="bbox 2157 5579 3852 5666">
    <p class='ocr_par' dir='ltr' id='par_1_120' title="bbox 2157 5579 3852 5666">
     <span class='ocr_line' id='line_1_120' title="bbox 2157 5579 3852 5666; baseline 0.009 -36"><span class='ocrx_word' id='word_1_878' title='bbox 2157 5586 2365 5658; x_wconf 82' lang='grc' dir='ltr'>γισμῶν</span> <span class='ocrx_word' id='word_1_879' title='bbox 2429 5579 2694 5657; x_wconf 82' lang='grc' dir='ltr'>ἐμέμφετο</span> <span class='ocrx_word' id='word_1_880' title='bbox 2781 5580 3261 5659; x_wconf 80' lang='grc' dir='ltr'>ματαιοφροσύνην,</span> <span class='ocrx_word' id='word_1_881' title='bbox 3324 5582 3409 5639; x_wconf 80' lang='grc' dir='ltr'><strong>καί</strong></span> <span class='ocrx_word' id='word_1_882' title='bbox 3484 5584 3852 5666; x_wconf 75' lang='grc' dir='ltr'>συγγνώμην</span> 
     </span>
    </p>
   </div>
   <div class='ocr_carea' id='block_1_121' title="bbox 2159 5668 2186 5692">
    <p class='ocr_par' dir='ltr' id='par_1_121' title="bbox 2159 5668 2186 5692">
     <span class='ocr_line' id='line_1_121' title="bbox 2159 5668 2186 5692; baseline 0.074 -2"><span class='ocrx_word' id='word_1_883' title='bbox 2159 5668 2186 5692; x_wconf 74' lang='lat' dir='ltr'><strong>)I</strong></span> 
     </span>
    </p>
   </div>
   <div class='ocr_carea' id='block_1_122' title="bbox 2156 5668 2784 5747">
    <p class='ocr_par' dir='ltr' id='par_1_122' title="bbox 2156 5668 2784 5747">
     <span class='ocr_line' id='line_1_122' title="bbox 2156 5668 2784 5747; baseline -0.003 -20"><span class='ocrx_word' id='word_1_884' title='bbox 2156 5668 2270 5745; x_wconf 66' lang='grc' dir='ltr'>ἥξει</span> <span class='ocrx_word' id='word_1_885' title='bbox 2293 5668 2390 5738; x_wconf 78' lang='grc' dir='ltr'><strong>τῆς</strong></span> <span class='ocrx_word' id='word_1_886' title='bbox 2421 5668 2784 5747; x_wconf 76' lang='grc' dir='ltr'>ἐνθυμήσεως,</span> 
     </span>
    </p>
   </div>
  </div>
