  <div class='ocr_page' id='page_1' title='image "/cluster/home/n/w/nwhite01/storage/ocr_20150623/116/mdp.39015008903554/053.png"; bbox 0 0 3932 6128; ppageno 0'>
   <div class='ocr_carea' id='block_1_1' title="bbox 367 256 449 337">
    <p class='ocr_par' dir='ltr' id='par_1_1' title="bbox 367 256 449 337">
     <span class='ocr_line' id='line_1_1' title="bbox 367 256 449 337; baseline -0.049 0"><span class='ocrx_word' id='word_1_1' title='bbox 367 256 449 337; x_wconf 78' lang='grc'><strong>’,91</strong></span> 
     </span>
    </p>
   </div>
   <div class='ocr_carea' id='block_1_2' title="bbox 1678 279 2444 348">
    <p class='ocr_par' dir='ltr' id='par_1_2' title="bbox 1678 279 2444 348">
     <span class='ocr_line' id='line_1_2' title="bbox 1678 279 2444 348; baseline 0.007 -5"><span class='ocrx_word' id='word_1_2' title='bbox 1678 279 1960 345; x_wconf 75' lang='lat' dir='ltr'><strong>MENSJS</strong></span> <span class='ocrx_word' id='word_1_3' title='bbox 1999 279 2444 348; x_wconf 80' lang='lat' dir='ltr'><strong>NOVEMBER.</strong></span> 
     </span>
    </p>
   </div>
   <div class='ocr_carea' id='block_1_3' title="bbox 3657 274 3743 353">
    <p class='ocr_par' dir='ltr' id='par_1_3' title="bbox 3657 274 3743 353">
     <span class='ocr_line' id='line_1_3' title="bbox 3657 274 3743 353; baseline 0 0"><span class='ocrx_word' id='word_1_4' title='bbox 3657 274 3743 353; x_wconf 73' lang='lat'><strong>92</strong></span> 
     </span>
    </p>
   </div>
   <div class='ocr_carea' id='block_1_4' title="bbox 377 405 1967 505">
    <p class='ocr_par' dir='ltr' id='par_1_4' title="bbox 377 405 1962 505">
     <span class='ocr_line' id='line_1_4' title="bbox 377 405 1962 505; baseline 0.004 -34"><span class='ocrx_word' id='word_1_5' title='bbox 377 405 582 475; x_wconf 86' lang='lat' dir='ltr'><strong>lentia.</strong></span> <span class='ocrx_word' id='word_1_6' title='bbox 598 408 741 505; x_wconf 79' lang='lat' dir='ltr'><strong>_I_loc</strong></span> <span class='ocrx_word' id='word_1_7' title='bbox 770 417 966 478; x_wconf 80' lang='lat' dir='ltr'><strong>autem</strong></span> <span class='ocrx_word' id='word_1_8' title='bbox 998 420 1204 480; x_wconf 83' lang='lat' dir='ltr'><strong>sancto</strong></span> <span class='ocrx_word' id='word_1_9' title='bbox 1231 413 1575 496; x_wconf 70' lang='lat' dir='ltr'><strong>predictum</strong></span> <span class='ocrx_word' id='word_1_10' title='bbox 1598 413 1788 505; x_wconf 63' lang='lat' dir='ltr'><strong>fuerat</strong></span> <span class='ocrx_word' id='word_1_11' title='bbox 1807 413 1882 477; x_wconf 88' lang='lat' dir='ltr'><strong>ab</strong></span> <span class='ocrx_word' id='word_1_12' title='bbox 1903 415 1962 478; x_wconf 89' lang='lat' dir='ltr'><strong>ill</strong></span> 
     </span>
    </p>
   </div>
   <div class='ocr_carea' id='block_1_5' title="bbox 2152 405 3744 505">
    <p class='ocr_par' dir='ltr' id='par_1_5' title="bbox 2152 415 3744 505">
     <span class='ocr_line' id='line_1_5' title="bbox 2152 415 3744 505; baseline 0.005 -30"><span class='ocrx_word' id='word_1_13' title='bbox 2152 417 2282 496; x_wconf 78' lang='grc' dir='ltr'><strong>›χὴν</strong></span> <span class='ocrx_word' id='word_1_14' title='bbox 2308 418 2401 476; x_wconf 77' lang='grc' dir='ltr'><strong>τὸν</strong></span> <span class='ocrx_word' id='word_1_15' title='bbox 2429 415 2678 501; x_wconf 85' lang='grc' dir='ltr'>τρύχινον</span> <span class='ocrx_word' id='word_1_16' title='bbox 2735 419 2942 499; x_wconf 78' lang='grc' dir='ltr'>χιτῶνα</span> <span class='ocrx_word' id='word_1_17' title='bbox 3000 415 3304 496; x_wconf 70' lang='grc' dir='ltr'>δεδωκότων</span> <span class='ocrx_word' id='word_1_18' title='bbox 3361 422 3614 505; x_wconf 75' lang='grc' dir='ltr'>μοναχῶν</span> <span class='ocrx_word' id='word_1_19' title='bbox 3661 430 3744 501; x_wconf 77' lang='grc' dir='ltr'><strong>τῷ</strong></span> 
     </span>
    </p>
   </div>
   <div class='ocr_carea' id='block_1_6' title="bbox 381 502 2016 585">
    <p class='ocr_par' dir='ltr' id='par_1_6' title="bbox 381 502 2016 585">
     <span class='ocr_line' id='line_1_6' title="bbox 381 502 2016 585; baseline 0.006 -25"><span class='ocrx_word' id='word_1_20' title='bbox 381 502 710 573; x_wconf 77' lang='lat' dir='ltr'><strong>monachis,</strong></span> <span class='ocrx_word' id='word_1_21' title='bbox 745 505 850 585; x_wconf 88' lang='lat' dir='ltr'><strong>qui</strong></span> <span class='ocrx_word' id='word_1_22' title='bbox 872 505 929 568; x_wconf 89' lang='lat' dir='ltr'><strong>ei</strong></span> <span class='ocrx_word' id='word_1_23' title='bbox 960 505 1033 568; x_wconf 86' lang='lat' dir='ltr'><strong>ab</strong></span> <span class='ocrx_word' id='word_1_24' title='bbox 1059 505 1228 568; x_wconf 86' lang='lat' dir='ltr'><strong>initio</strong></span> <span class='ocrx_word' id='word_1_25' title='bbox 1253 505 1542 569; x_wconf 88' lang='lat' dir='ltr'><strong>dederant</strong></span> <span class='ocrx_word' id='word_1_26' title='bbox 1572 504 1732 567; x_wconf 83' lang='lat' dir='ltr'><strong>illam</strong></span> <span class='ocrx_word' id='word_1_27' title='bbox 1759 506 2016 569; x_wconf 81' lang='lat' dir='ltr'><strong>tunicam</strong></span> 
     </span>
    </p>
   </div>
   <div class='ocr_carea' id='block_1_7' title="bbox 381 587 2020 673">
    <p class='ocr_par' dir='ltr' id='par_1_7' title="bbox 381 587 2020 673">
     <span class='ocr_line' id='line_1_7' title="bbox 381 587 2020 673; baseline 0.006 -24"><span class='ocrx_word' id='word_1_28' title='bbox 381 587 886 668; x_wconf 84' lang='lat' dir='ltr'><strong>piliscontextam.</strong></span> <span class='ocrx_word' id='word_1_29' title='bbox 908 593 1184 659; x_wconf 81' lang='lat' dir='ltr'><strong>Tentatio</strong></span> <span class='ocrx_word' id='word_1_30' title='bbox 1212 596 1396 673; x_wconf 85' lang='lat' dir='ltr'><strong>enim,</strong></span> <span class='ocrx_word' id='word_1_31' title='bbox 1422 594 1704 658; x_wconf 80' lang='lat' dir='ltr'><strong>dixerunt</strong></span> <span class='ocrx_word' id='word_1_32' title='bbox 1726 593 1834 671; x_wconf 83' lang='lat' dir='ltr'><strong>illi,</strong></span> <span class='ocrx_word' id='word_1_33' title='bbox 1865 595 1937 658; x_wconf 83' lang='lat' dir='ltr'><strong>ad</strong></span> <span class='ocrx_word' id='word_1_34' title='bbox 1963 603 2020 659; x_wconf 82' lang='lat' dir='ltr'><strong>te</strong></span> 
     </span>
    </p>
   </div>
   <div class='ocr_carea' id='block_1_8' title="bbox 377 677 1927 768">
    <p class='ocr_par' dir='ltr' id='par_1_8' title="bbox 377 677 1927 768">
     <span class='ocr_line' id='line_1_8' title="bbox 377 677 1927 768; baseline 0.006 -29"><span class='ocrx_word' id='word_1_35' title='bbox 377 677 574 742; x_wconf 79' lang='lat' dir='ltr'><strong>veniet</strong></span> <span class='ocrx_word' id='word_1_36' title='bbox 599 681 660 744; x_wconf 92' lang='lat' dir='ltr'><strong>in</strong></span> <span class='ocrx_word' id='word_1_37' title='bbox 694 683 833 760; x_wconf 82' lang='lat' dir='ltr'><strong>ﬁne,</strong></span> <span class='ocrx_word' id='word_1_38' title='bbox 867 684 974 746; x_wconf 91' lang='lat' dir='ltr'><strong>sed</strong></span> <span class='ocrx_word' id='word_1_39' title='bbox 1007 687 1130 766; x_wconf 89' lang='lat' dir='ltr'><strong>ipsa</strong></span> <span class='ocrx_word' id='word_1_40' title='bbox 1161 704 1400 768; x_wconf 86' lang='lat' dir='ltr'><strong>quoque</strong></span> <span class='ocrx_word' id='word_1_41' title='bbox 1428 684 1616 747; x_wconf 88' lang='lat' dir='ltr'><strong>irrita.</strong></span> <span class='ocrx_word' id='word_1_42' title='bbox 1922 725 1927 732; x_wconf 66' lang='grc' dir='ltr'><strong>η</strong></span> 
     </span>
    </p>
   </div>
   <div class='ocr_carea' id='block_1_9' title="bbox 456 768 1956 854">
    <p class='ocr_par' dir='ltr' id='par_1_9' title="bbox 456 768 1956 854">
     <span class='ocr_line' id='line_1_9' title="bbox 456 768 1956 854; baseline 0.003 -23"><span class='ocrx_word' id='word_1_43' title='bbox 456 768 624 836; x_wconf 85' lang='lat' dir='ltr'><strong>LVII.</strong></span> <span class='ocrx_word' id='word_1_44' title='bbox 658 775 803 836; x_wconf 90' lang='lat' dir='ltr'><strong>Cum</strong></span> <span class='ocrx_word' id='word_1_45' title='bbox 835 782 1030 837; x_wconf 86' lang='lat' dir='ltr'><strong>autem</strong></span> <span class='ocrx_word' id='word_1_46' title='bbox 1071 782 1309 837; x_wconf 87' lang='lat' dir='ltr'><strong>sanctus</strong></span> <span class='ocrx_word' id='word_1_47' title='bbox 1355 775 1480 854; x_wconf 83' lang='lat' dir='ltr'><strong>jam</strong></span> <span class='ocrx_word' id='word_1_48' title='bbox 1533 773 1605 835; x_wconf 90' lang='lat' dir='ltr'><strong>ad</strong></span> <span class='ocrx_word' id='word_1_49' title='bbox 1667 773 1956 850; x_wconf 78' lang='lat' dir='ltr'><strong>profunda</strong></span> 
     </span>
    </p>
   </div>
   <div class='ocr_carea' id='block_1_10' title="bbox 378 861 2019 940">
    <p class='ocr_par' dir='ltr' id='par_1_10' title="bbox 378 861 2019 940">
     <span class='ocr_line' id='line_1_10' title="bbox 378 861 2019 940; baseline 0.005 -22"><span class='ocrx_word' id='word_1_50' title='bbox 378 862 1239 940; x_wconf 85' lang='lat' dir='ltr'><strong>processissetsenectutem,et</strong></span> <span class='ocrx_word' id='word_1_51' title='bbox 1256 863 1375 926; x_wconf 90' lang='lat' dir='ltr'><strong>illis</strong></span> <span class='ocrx_word' id='word_1_52' title='bbox 1393 863 1464 924; x_wconf 92' lang='lat' dir='ltr'><strong>ad</strong></span> <span class='ocrx_word' id='word_1_53' title='bbox 1475 861 1846 924; x_wconf 86' lang='lat' dir='ltr'><strong>mirabilibus</strong></span> <span class='ocrx_word' id='word_1_54' title='bbox 1859 862 2019 926; x_wconf 84' lang='lat' dir='ltr'><strong>labo-</strong></span> 
     </span>
    </p>
   </div>
   <div class='ocr_carea' id='block_1_11' title="bbox 376 947 2016 1026">
    <p class='ocr_par' dir='ltr' id='par_1_11' title="bbox 376 947 2016 1026">
     <span class='ocr_line' id='line_1_11' title="bbox 376 947 2016 1026; baseline 0.004 -18"><span class='ocrx_word' id='word_1_55' title='bbox 376 947 537 1010; x_wconf 80' lang='lat' dir='ltr'><strong>ribus</strong></span> <span class='ocrx_word' id='word_1_56' title='bbox 554 955 997 1017; x_wconf 76' lang='lat' dir='ltr'><strong>exercitationis</strong></span> <span class='ocrx_word' id='word_1_57' title='bbox 1015 957 1298 1016; x_wconf 84' lang='lat' dir='ltr'><strong>evasisset</strong></span> <span class='ocrx_word' id='word_1_58' title='bbox 1315 953 1616 1026; x_wconf 79' lang='lat' dir='ltr'><strong>inﬁrmus,</strong></span> <span class='ocrx_word' id='word_1_59' title='bbox 1634 953 1692 1014; x_wconf 92' lang='lat' dir='ltr'><strong>in</strong></span> <span class='ocrx_word' id='word_1_60' title='bbox 1721 963 2016 1016; x_wconf 88' lang='lat' dir='ltr'><strong>monaste-</strong></span> 
     </span>
    </p>
   </div>
   <div class='ocr_carea' id='block_1_12' title="bbox 373 1038 2018 1114">
    <p class='ocr_par' dir='ltr' id='par_1_12' title="bbox 373 1038 2018 1114">
     <span class='ocr_line' id='line_1_12' title="bbox 373 1038 2018 1114; baseline 0.004 -14"><span class='ocrx_word' id='word_1_61' title='bbox 373 1038 463 1101; x_wconf 88' lang='lat' dir='ltr'><strong>rio</strong></span> <span class='ocrx_word' id='word_1_62' title='bbox 491 1039 713 1104; x_wconf 79' lang='lat' dir='ltr'><strong>Antidii</strong></span> <span class='ocrx_word' id='word_1_63' title='bbox 743 1049 1044 1106; x_wconf 85' lang='lat' dir='ltr'><strong>exstructa</strong></span> <span class='ocrx_word' id='word_1_64' title='bbox 1095 1044 1330 1114; x_wconf 89' lang='lat' dir='ltr'><strong>cellula.</strong></span> <span class='ocrx_word' id='word_1_65' title='bbox 1385 1043 1506 1105; x_wconf 89' lang='lat' dir='ltr'><strong>illic</strong></span> <span class='ocrx_word' id='word_1_66' title='bbox 1549 1061 1612 1104; x_wconf 90' lang='lat' dir='ltr'><strong>se</strong></span> <span class='ocrx_word' id='word_1_67' title='bbox 1645 1042 1918 1105; x_wconf 84' lang='lat' dir='ltr'><strong>includit.</strong></span> <span class='ocrx_word' id='word_1_68' title='bbox 1953 1042 2018 1106; x_wconf 88' lang='lat' dir='ltr'><strong>Si</strong></span> 
     </span>
    </p>
   </div>
   <div class='ocr_carea' id='block_1_13' title="bbox 375 1129 2018 1212">
    <p class='ocr_par' dir='ltr' id='par_1_13' title="bbox 375 1129 2018 1212">
     <span class='ocr_line' id='line_1_13' title="bbox 375 1129 2018 1212; baseline 0.003 -22"><span class='ocrx_word' id='word_1_69' title='bbox 375 1129 610 1208; x_wconf 84' lang='lat' dir='ltr'><strong>quando</strong></span> <span class='ocrx_word' id='word_1_70' title='bbox 638 1141 833 1195; x_wconf 90' lang='lat' dir='ltr'><strong>autem</strong></span> <span class='ocrx_word' id='word_1_71' title='bbox 867 1153 1002 1195; x_wconf 85' lang='lat' dir='ltr'><strong>eum</strong></span> <span class='ocrx_word' id='word_1_72' title='bbox 1030 1142 1265 1196; x_wconf 89' lang='lat' dir='ltr'><strong>vocaret</strong></span> <span class='ocrx_word' id='word_1_73' title='bbox 1288 1141 1545 1210; x_wconf 78' lang='lat' dir='ltr'><strong>tempus,</strong></span> <span class='ocrx_word' id='word_1_74' title='bbox 1569 1141 1631 1194; x_wconf 88' lang='lat' dir='ltr'><strong>ut</strong></span> <span class='ocrx_word' id='word_1_75' title='bbox 1659 1132 1822 1194; x_wconf 90' lang='lat' dir='ltr'><strong>illinc</strong></span> <span class='ocrx_word' id='word_1_76' title='bbox 1843 1151 2018 1212; x_wconf 85' lang='lat' dir='ltr'><strong>egre-</strong></span> 
     </span>
    </p>
   </div>
   <div class='ocr_carea' id='block_1_14' title="bbox 377 1217 2020 1304">
    <p class='ocr_par' dir='ltr' id='par_1_14' title="bbox 377 1217 2020 1304">
     <span class='ocr_line' id='line_1_14' title="bbox 377 1217 2020 1304; baseline 0.004 -24"><span class='ocrx_word' id='word_1_77' title='bbox 377 1217 642 1294; x_wconf 88' lang='lat' dir='ltr'><strong>deretur,</strong></span> <span class='ocrx_word' id='word_1_78' title='bbox 677 1223 967 1286; x_wconf 81' lang='lat' dir='ltr'><strong>transibat</strong></span> <span class='ocrx_word' id='word_1_79' title='bbox 999 1243 1106 1304; x_wconf 83' lang='lat' dir='ltr'><strong>per</strong></span> <span class='ocrx_word' id='word_1_80' title='bbox 1138 1225 1288 1285; x_wconf 86' lang='lat' dir='ltr'><strong>viam</strong></span> <span class='ocrx_word' id='word_1_81' title='bbox 1323 1221 1647 1302; x_wconf 85' lang='lat' dir='ltr'><strong>publicam,</strong></span> <span class='ocrx_word' id='word_1_82' title='bbox 1681 1241 1756 1284; x_wconf 90' lang='lat' dir='ltr'><strong>ne</strong></span> <span class='ocrx_word' id='word_1_83' title='bbox 1783 1221 1857 1284; x_wconf 91' lang='lat' dir='ltr'><strong>ab</strong></span> <span class='ocrx_word' id='word_1_84' title='bbox 1901 1223 2020 1286; x_wconf 80' lang='lat' dir='ltr'><strong>illis</strong></span> 
     </span>
    </p>
   </div>
   <div class='ocr_carea' id='block_1_15' title="bbox 374 1308 2022 1394">
    <p class='ocr_par' dir='ltr' id='par_1_15' title="bbox 374 1308 2022 1394">
     <span class='ocr_line' id='line_1_15' title="bbox 374 1308 2022 1394; baseline 0.002 -25"><span class='ocrx_word' id='word_1_85' title='bbox 374 1308 612 1389; x_wconf 82' lang='lat' dir='ltr'><strong>quidem</strong></span> <span class='ocrx_word' id='word_1_86' title='bbox 647 1312 805 1374; x_wconf 89' lang='lat' dir='ltr'><strong>visus</strong></span> <span class='ocrx_word' id='word_1_87' title='bbox 835 1331 1046 1392; x_wconf 83' lang='lat' dir='ltr'><strong>magna</strong></span> <span class='ocrx_word' id='word_1_88' title='bbox 1077 1333 1146 1375; x_wconf 85' lang='lat' dir='ltr'><strong>ex</strong></span> <span class='ocrx_word' id='word_1_89' title='bbox 1176 1323 1360 1394; x_wconf 89' lang='lat' dir='ltr'><strong>parte,</strong></span> <span class='ocrx_word' id='word_1_90' title='bbox 1391 1331 1425 1373; x_wconf 90' lang='lat' dir='ltr'><strong>a</strong></span> <span class='ocrx_word' id='word_1_91' title='bbox 1455 1313 1670 1393; x_wconf 85' lang='lat' dir='ltr'><strong>quibus</strong></span> <span class='ocrx_word' id='word_1_92' title='bbox 1692 1330 1767 1374; x_wconf 89' lang='lat' dir='ltr'><strong>ne</strong></span> <span class='ocrx_word' id='word_1_93' title='bbox 1790 1312 2022 1374; x_wconf 69' lang='lat' dir='ltr'><strong>votebat</strong></span> 
     </span>
    </p>
   </div>
   <div class='ocr_carea' id='block_1_16' title="bbox 372 1398 2020 1484">
    <p class='ocr_par' dir='ltr' id='par_1_16' title="bbox 372 1398 2020 1484">
     <span class='ocr_line' id='line_1_16' title="bbox 372 1398 2020 1484; baseline 0.003 -25"><span class='ocrx_word' id='word_1_94' title='bbox 372 1398 613 1477; x_wconf 90' lang='lat' dir='ltr'><strong>quidem</strong></span> <span class='ocrx_word' id='word_1_95' title='bbox 649 1402 892 1464; x_wconf 90' lang='lat' dir='ltr'><strong>omnino</strong></span> <span class='ocrx_word' id='word_1_96' title='bbox 923 1403 1134 1484; x_wconf 87' lang='lat' dir='ltr'><strong>aspici.</strong></span> <span class='ocrx_word' id='word_1_97' title='bbox 1164 1403 1378 1476; x_wconf 87' lang='lat' dir='ltr'><strong>Quinto</strong></span> <span class='ocrx_word' id='word_1_98' title='bbox 1411 1420 1547 1463; x_wconf 87' lang='lat' dir='ltr'><strong>vero</strong></span> <span class='ocrx_word' id='word_1_99' title='bbox 1593 1420 1748 1462; x_wconf 90' lang='lat' dir='ltr'><strong>anno</strong></span> <span class='ocrx_word' id='word_1_100' title='bbox 1784 1400 2020 1483; x_wconf 84' lang='lat' dir='ltr'><strong>imperii</strong></span> 
     </span>
    </p>
   </div>
   <div class='ocr_carea' id='block_1_17' title="bbox 371 1486 2020 1571">
    <p class='ocr_par' dir='ltr' id='par_1_17' title="bbox 371 1486 2020 1571">
     <span class='ocr_line' id='line_1_17' title="bbox 371 1486 2020 1571; baseline 0.001 -21"><span class='ocrx_word' id='word_1_101' title='bbox 371 1486 694 1564; x_wconf 81' lang='lat' dir='ltr'><strong>Michaelis,</strong></span> <span class='ocrx_word' id='word_1_102' title='bbox 731 1492 835 1568; x_wconf 89' lang='lat' dir='ltr'><strong>qui</strong></span> <span class='ocrx_word' id='word_1_103' title='bbox 867 1491 1191 1555; x_wconf 84' lang='lat' dir='ltr'><strong>Ecclesiam</strong></span> <span class='ocrx_word' id='word_1_104' title='bbox 1218 1491 1458 1571; x_wconf 63' lang='lat' dir='ltr'><strong>regebat</strong></span> <span class='ocrx_word' id='word_1_105' title='bbox 1499 1491 1854 1571; x_wconf 89' lang='lat' dir='ltr'><strong>Methodius,</strong></span> <span class='ocrx_word' id='word_1_106' title='bbox 1886 1509 2020 1552; x_wconf 84' lang='lat' dir='ltr'><strong>cum</strong></span> 
     </span>
    </p>
   </div>
   <div class='ocr_carea' id='block_1_18' title="bbox 375 1578 2022 1662">
    <p class='ocr_par' dir='ltr' id='par_1_18' title="bbox 375 1578 2022 1662">
     <span class='ocr_line' id='line_1_18' title="bbox 375 1578 2022 1662; baseline 0 -24"><span class='ocrx_word' id='word_1_107' title='bbox 375 1580 573 1657; x_wconf 81' lang='lat' dir='ltr'><strong>magni</strong></span> <span class='ocrx_word' id='word_1_108' title='bbox 601 1578 893 1644; x_wconf 84' lang='lat' dir='ltr'><strong>Joannicii</strong></span> <span class='ocrx_word' id='word_1_109' title='bbox 922 1581 990 1644; x_wconf 89' lang='lat' dir='ltr'><strong>ad</strong></span> <span class='ocrx_word' id='word_1_110' title='bbox 1027 1581 1348 1644; x_wconf 89' lang='lat' dir='ltr'><strong>Dominum</strong></span> <span class='ocrx_word' id='word_1_111' title='bbox 1379 1598 1689 1642; x_wconf 78' lang='lat' dir='ltr'><strong>excessum</strong></span> <span class='ocrx_word' id='word_1_112' title='bbox 1723 1580 2022 1662; x_wconf 68' lang='lat' dir='ltr'><strong>prmscivis</strong></span> 
     </span>
    </p>
   </div>
   <div class='ocr_carea' id='block_1_19' title="bbox 374 1669 2018 1753">
    <p class='ocr_par' dir='ltr' id='par_1_19' title="bbox 374 1669 2018 1753">
     <span class='ocr_line' id='line_1_19' title="bbox 374 1669 2018 1753; baseline 0.003 -25"><span class='ocrx_word' id='word_1_113' title='bbox 374 1674 467 1729; x_wconf 84' lang='lat' dir='ltr'><strong>set</strong></span> <span class='ocrx_word' id='word_1_114' title='bbox 488 1669 611 1748; x_wconf 85' lang='lat' dir='ltr'><strong>jam</strong></span> <span class='ocrx_word' id='word_1_115' title='bbox 644 1673 1140 1753; x_wconf 85' lang='lat' dir='ltr'><strong>appropinquare.</strong></span> <span class='ocrx_word' id='word_1_116' title='bbox 1180 1673 1253 1734; x_wconf 90' lang='lat' dir='ltr'><strong>ad</strong></span> <span class='ocrx_word' id='word_1_117' title='bbox 1287 1690 1421 1733; x_wconf 89' lang='lat' dir='ltr'><strong>eum</strong></span> <span class='ocrx_word' id='word_1_118' title='bbox 1453 1678 1635 1751; x_wconf 85' lang='lat' dir='ltr'><strong>venit,</strong></span> <span class='ocrx_word' id='word_1_119' title='bbox 1689 1679 1748 1732; x_wconf 91' lang='lat' dir='ltr'><strong>et</strong></span> <span class='ocrx_word' id='word_1_120' title='bbox 1779 1671 2018 1733; x_wconf 83' lang='lat' dir='ltr'><strong>ultimas</strong></span> 
     </span>
    </p>
   </div>
   <div class='ocr_carea' id='block_1_20' title="bbox 2099 506 3747 594">
    <p class='ocr_par' dir='ltr' id='par_1_20' title="bbox 2099 506 3747 594">
     <span class='ocr_line' id='line_1_20' title="bbox 2099 506 3747 594; baseline 0.007 -32"><span class='ocrx_word' id='word_1_121' title='bbox 2099 506 2235 584; x_wconf 79' lang='grc' dir='ltr'>ἁγίῳ</span> <span class='ocrx_word' id='word_1_122' title='bbox 2264 507 2572 586; x_wconf 86' lang='grc' dir='ltr'>προείρητο.</span> <span class='ocrx_word' id='word_1_123' title='bbox 2611 509 2914 587; x_wconf 79' lang='grc' dir='ltr'>Πειρασμὸς</span> <span class='ocrx_word' id='word_1_124' title='bbox 2953 509 3077 588; x_wconf 78' lang='grc' dir='ltr'>γὰρ,</span> <span class='ocrx_word' id='word_1_125' title='bbox 3129 509 3288 568; x_wconf 77' lang='grc' dir='ltr'>εἶπον</span> <span class='ocrx_word' id='word_1_126' title='bbox 3338 508 3558 594; x_wconf 71' lang='grc' dir='ltr'>ἐκεῖνοι,</span> <span class='ocrx_word' id='word_1_127' title='bbox 3608 515 3747 592; x_wconf 69' lang='grc' dir='ltr'>πρὸς</span> 
     </span>
    </p>
   </div>
   <div class='ocr_carea' id='block_1_21' title="bbox 2099 596 3751 675">
    <p class='ocr_par' dir='ltr' id='par_1_21' title="bbox 2099 596 3751 675">
     <span class='ocr_line' id='line_1_21' title="bbox 2099 596 3751 675; baseline 0.007 -24"><span class='ocrx_word' id='word_1_128' title='bbox 2099 601 2168 673; x_wconf 78' lang='grc' dir='ltr'>τῇ</span> <span class='ocrx_word' id='word_1_129' title='bbox 2199 596 2418 674; x_wconf 82' lang='grc' dir='ltr'>τελευτῇ</span> <span class='ocrx_word' id='word_1_130' title='bbox 2477 596 2815 656; x_wconf 80' lang='grc' dir='ltr'>ἐπελεύσεταί</span> <span class='ocrx_word' id='word_1_131' title='bbox 2867 619 2978 675; x_wconf 89' lang='grc' dir='ltr'>σοι,</span> <span class='ocrx_word' id='word_1_132' title='bbox 3035 597 3155 657; x_wconf 80' lang='grc' dir='ltr'>ἀλλ’</span> <span class='ocrx_word' id='word_1_133' title='bbox 3213 601 3288 668; x_wconf 84' lang='grc' dir='ltr'><strong>είς</strong></span> <span class='ocrx_word' id='word_1_134' title='bbox 3344 603 3499 660; x_wconf 77' lang='grc' dir='ltr'>κενὸν</span> <span class='ocrx_word' id='word_1_135' title='bbox 3527 604 3612 661; x_wconf 79' lang='grc' dir='ltr'><strong>καὶ</strong></span> <span class='ocrx_word' id='word_1_136' title='bbox 3640 606 3751 662; x_wconf 72' lang='grc' dir='ltr'><strong>αὖο</strong></span> 
     </span>
    </p>
   </div>
   <div class='ocr_carea' id='block_1_22' title="bbox 2100 687 2596 768">
    <p class='ocr_par' dir='ltr' id='par_1_22' title="bbox 2100 687 2596 768">
     <span class='ocr_line' id='line_1_22' title="bbox 2100 687 2596 768; baseline 0.008 -28"><span class='ocrx_word' id='word_1_137' title='bbox 2100 687 2189 748; x_wconf 78' lang='grc' dir='ltr'>τὸς</span> <span class='ocrx_word' id='word_1_138' title='bbox 2223 688 2596 768; x_wconf 76' lang='grc' dir='ltr'>προχωρήσει,</span> 
     </span>
    </p>
   </div>
   <div class='ocr_carea' id='block_1_23' title="bbox 2183 775 3752 857">
    <p class='ocr_par' dir='ltr' id='par_1_23' title="bbox 2183 775 3752 857">
     <span class='ocr_line' id='line_1_23' title="bbox 2183 775 3752 857; baseline 0.004 -22"><span class='ocrx_word' id='word_1_139' title='bbox 2183 775 2286 835; x_wconf 81' lang='lat' dir='ltr'><strong>NZ&#39;</strong></span> <span class='ocrx_word' id='word_1_140' title='bbox 2300 822 2314 838; x_wconf 93' lang='lat'><strong>.</strong></span> <span class='ocrx_word' id='word_1_141' title='bbox 2352 779 2438 842; x_wconf 84' lang='grc' dir='ltr'>Εἰς</span> <span class='ocrx_word' id='word_1_142' title='bbox 2468 777 2596 853; x_wconf 83' lang='grc' dir='ltr'>βαθὺ</span> <span class='ocrx_word' id='word_1_143' title='bbox 2627 775 2680 833; x_wconf 79' lang='grc' dir='ltr'><strong>δὲ</strong></span> <span class='ocrx_word' id='word_1_144' title='bbox 2711 777 2878 854; x_wconf 75' lang='grc' dir='ltr'>γῆρας</span> <span class='ocrx_word' id='word_1_145' title='bbox 2911 779 2939 835; x_wconf 77' lang='grc' dir='ltr'><strong>ὃ</strong></span> <span class='ocrx_word' id='word_1_146' title='bbox 2968 777 3118 857; x_wconf 76' lang='grc' dir='ltr'>ἅγιος</span> <span class='ocrx_word' id='word_1_147' title='bbox 3161 777 3379 856; x_wconf 74' lang='grc' dir='ltr'>ἐλάσας,</span> <span class='ocrx_word' id='word_1_148' title='bbox 3414 781 3502 839; x_wconf 78' lang='grc' dir='ltr'><strong>καὶ</strong></span> <span class='ocrx_word' id='word_1_149' title='bbox 3528 787 3646 848; x_wconf 78' lang='grc' dir='ltr'>τοῖς</span> <span class='ocrx_word' id='word_1_150' title='bbox 3677 785 3752 841; x_wconf 70' lang='grc' dir='ltr'><strong>ὺ-</strong></span> 
     </span>
    </p>
   </div>
   <div class='ocr_carea' id='block_1_24' title="bbox 2101 863 3749 949">
    <p class='ocr_par' dir='ltr' id='par_1_24' title="bbox 2101 863 3749 949">
     <span class='ocr_line' id='line_1_24' title="bbox 2101 863 3749 949; baseline 0.004 -26"><span class='ocrx_word' id='word_1_151' title='bbox 2101 864 2380 944; x_wconf 75' lang='grc' dir='ltr'>περφυὲσιν</span> <span class='ocrx_word' id='word_1_152' title='bbox 2406 863 2624 928; x_wconf 79' lang='grc' dir='ltr'>ἕκείνοις</span> <span class='ocrx_word' id='word_1_153' title='bbox 2656 864 2781 944; x_wconf 87' lang='grc' dir='ltr'><strong>περί</strong></span> <span class='ocrx_word' id='word_1_154' title='bbox 2815 866 2915 934; x_wconf 74' lang='grc' dir='ltr'><strong>τὴν</strong></span> <span class='ocrx_word' id='word_1_155' title='bbox 2946 864 3174 936; x_wconf 75' lang='grc' dir='ltr'><strong>ἄσκησιν</strong></span> <span class='ocrx_word' id='word_1_156' title='bbox 3225 869 3406 935; x_wconf 81' lang='grc' dir='ltr'>πόνοις</span> <span class='ocrx_word' id='word_1_157' title='bbox 3435 871 3749 949; x_wconf 78' lang='grc' dir='ltr'>ἦτονηκὼς,</span> 
     </span>
    </p>
   </div>
   <div class='ocr_carea' id='block_1_25' title="bbox 2099 953 3755 1034">
    <p class='ocr_par' dir='ltr' id='par_1_25' title="bbox 2099 953 3755 1034">
     <span class='ocr_line' id='line_1_25' title="bbox 2099 953 3755 1034; baseline 0.004 -23"><span class='ocrx_word' id='word_1_158' title='bbox 2099 954 2242 1032; x_wconf 75' lang='grc' dir='ltr'>παρὰ</span> <span class='ocrx_word' id='word_1_159' title='bbox 2270 959 2338 1030; x_wconf 83' lang='grc' dir='ltr'><strong>τῇ</strong></span> <span class='ocrx_word' id='word_1_160' title='bbox 2372 955 2493 1012; x_wconf 75' lang='grc' dir='ltr'>Δίου</span> <span class='ocrx_word' id='word_1_161' title='bbox 2541 955 2680 1032; x_wconf 72' lang='grc' dir='ltr'>μονῄ</span> <span class='ocrx_word' id='word_1_162' title='bbox 2739 953 2946 1013; x_wconf 84' lang='grc' dir='ltr'>κελλίον</span> <span class='ocrx_word' id='word_1_163' title='bbox 3005 953 3324 1034; x_wconf 73' lang='grc' dir='ltr'><strong>δειμάμενος</strong></span> <span class='ocrx_word' id='word_1_164' title='bbox 3379 960 3499 1018; x_wconf 59' lang='lat' dir='ltr'><strong>in?</strong></span> <span class='ocrx_word' id='word_1_165' title='bbox 3556 962 3755 1022; x_wconf 76' lang='grc' dir='ltr'>ἑαυτὸν</span> 
     </span>
    </p>
   </div>
   <div class='ocr_carea' id='block_1_26' title="bbox 2099 1042 3755 1126">
    <p class='ocr_par' dir='ltr' id='par_1_26' title="bbox 2099 1042 3755 1126">
     <span class='ocr_line' id='line_1_26' title="bbox 2099 1042 3755 1126; baseline 0.005 -25"><span class='ocrx_word' id='word_1_166' title='bbox 2099 1042 2426 1106; x_wconf 88' lang='grc' dir='ltr'>κατακλείει,</span> <span class='ocrx_word' id='word_1_167' title='bbox 2490 1045 2546 1102; x_wconf 79' lang='grc' dir='ltr'><strong>Εἰ</strong></span> <span class='ocrx_word' id='word_1_168' title='bbox 2603 1042 2657 1101; x_wconf 80' lang='grc' dir='ltr'><strong>δέ</strong></span> <span class='ocrx_word' id='word_1_169' title='bbox 2714 1066 2845 1102; x_wconf 80' lang='grc' dir='ltr'>ποτε</span> <span class='ocrx_word' id='word_1_170' title='bbox 2886 1054 3070 1106; x_wconf 75' lang='grc' dir='ltr'>τοῦτον</span> <span class='ocrx_word' id='word_1_171' title='bbox 3123 1049 3310 1126; x_wconf 78' lang='grc' dir='ltr'>καιρὸς</span> <span class='ocrx_word' id='word_1_172' title='bbox 3352 1047 3582 1114; x_wconf 68' lang='grc' dir='ltr'>ἐξελθεῖν</span> <span class='ocrx_word' id='word_1_173' title='bbox 3611 1050 3755 1109; x_wconf 76' lang='grc' dir='ltr'>ἑκά-</span> 
     </span>
    </p>
   </div>
   <div class='ocr_carea' id='block_1_27' title="bbox 2100 1131 3751 1219">
    <p class='ocr_par' dir='ltr' id='par_1_27' title="bbox 2100 1131 3751 1219">
     <span class='ocr_line' id='line_1_27' title="bbox 2100 1131 3751 1219; baseline 0.005 -29"><span class='ocrx_word' id='word_1_174' title='bbox 2100 1131 2207 1209; x_wconf 84' lang='grc' dir='ltr'>λει,</span> <span class='ocrx_word' id='word_1_175' title='bbox 2265 1131 2402 1209; x_wconf 75' lang='grc' dir='ltr'>διῄει</span> <span class='ocrx_word' id='word_1_176' title='bbox 2459 1132 2559 1190; x_wconf 80' lang='grc' dir='ltr'><strong>ἀνᾶ</strong></span> <span class='ocrx_word' id='word_1_177' title='bbox 2615 1133 2788 1209; x_wconf 80' lang='grc' dir='ltr'>μὲσην</span> <span class='ocrx_word' id='word_1_178' title='bbox 2843 1137 2942 1202; x_wconf 76' lang='grc' dir='ltr'>τὴν</span> <span class='ocrx_word' id='word_1_179' title='bbox 2995 1134 3289 1215; x_wconf 78' lang='grc' dir='ltr'>λεωφόρον,</span> <span class='ocrx_word' id='word_1_180' title='bbox 3334 1139 3414 1213; x_wconf 77' lang='grc' dir='ltr'>μὴ</span> <span class='ocrx_word' id='word_1_181' title='bbox 3473 1140 3751 1219; x_wconf 58' lang='grc' dir='ltr'>ὁρώμενος</span> 
     </span>
    </p>
   </div>
   <div class='ocr_carea' id='block_1_28' title="bbox 2101 1219 3751 1309">
    <p class='ocr_par' dir='ltr' id='par_1_28' title="bbox 2101 1219 3751 1309">
     <span class='ocr_line' id='line_1_28' title="bbox 2101 1219 3751 1309; baseline 0.005 -30"><span class='ocrx_word' id='word_1_182' title='bbox 2101 1223 2163 1279; x_wconf 79' lang='grc' dir='ltr'>τὰ</span> <span class='ocrx_word' id='word_1_183' title='bbox 2195 1219 2368 1278; x_wconf 81' lang='grc' dir='ltr'>πολλὰ</span> <span class='ocrx_word' id='word_1_184' title='bbox 2425 1223 2514 1280; x_wconf 82' lang='grc' dir='ltr'><strong>ὑπ’</strong></span> <span class='ocrx_word' id='word_1_185' title='bbox 2577 1221 2815 1294; x_wconf 76' lang='grc' dir='ltr'><strong>ἐκείνων,</strong></span> <span class='ocrx_word' id='word_1_186' title='bbox 2862 1223 2948 1305; x_wconf 70' lang='grc' dir='ltr'><strong>ὑφ’</strong></span> <span class='ocrx_word' id='word_1_187' title='bbox 2999 1224 3075 1282; x_wconf 83' lang='grc' dir='ltr'>ὧν</span> <span class='ocrx_word' id='word_1_188' title='bbox 3105 1228 3315 1292; x_wconf 83' lang='grc' dir='ltr'>πάντως</span> <span class='ocrx_word' id='word_1_189' title='bbox 3349 1225 3494 1304; x_wconf 79' lang='grc' dir='ltr'>μηδὴ</span> <span class='ocrx_word' id='word_1_190' title='bbox 3523 1231 3751 1309; x_wconf 78' lang='grc' dir='ltr'>δρᾶσθαι</span> 
     </span>
    </p>
   </div>
   <div class='ocr_carea' id='block_1_29' title="bbox 2101 1309 3753 1398">
    <p class='ocr_par' dir='ltr' id='par_1_29' title="bbox 2101 1309 3753 1398">
     <span class='ocr_line' id='line_1_29' title="bbox 2101 1309 3753 1398; baseline 0.005 -28"><span class='ocrx_word' id='word_1_191' title='bbox 2101 1309 2378 1370; x_wconf 72' lang='grc' dir='ltr'>ἠϐούλετο.</span> <span class='ocrx_word' id='word_1_192' title='bbox 2436 1310 2671 1386; x_wconf 86' lang='grc' dir='ltr'>Πέμπτῳ</span> <span class='ocrx_word' id='word_1_193' title='bbox 2729 1311 2783 1368; x_wconf 85' lang='grc' dir='ltr'><strong>δὲ</strong></span> <span class='ocrx_word' id='word_1_194' title='bbox 2845 1313 2950 1370; x_wconf 84' lang='grc' dir='ltr'><strong>ἔτει</strong></span> <span class='ocrx_word' id='word_1_195' title='bbox 2979 1317 3076 1382; x_wconf 77' lang='grc' dir='ltr'>τῆς</span> <span class='ocrx_word' id='word_1_196' title='bbox 3109 1313 3335 1395; x_wconf 76' lang='grc' dir='ltr'>Μιχαὴλ</span> <span class='ocrx_word' id='word_1_197' title='bbox 3387 1315 3568 1398; x_wconf 77' lang='grc' dir='ltr'>ἀρχῆς</span> <span class='ocrx_word' id='word_1_198' title='bbox 3597 1321 3626 1376; x_wconf 78' lang='grc' dir='ltr'><strong>ὁ</strong></span> <span class='ocrx_word' id='word_1_199' title='bbox 3679 1319 3753 1379; x_wconf 75' lang='grc' dir='ltr'><strong>τᾶ</strong></span> 
     </span>
    </p>
   </div>
   <div class='ocr_carea' id='block_1_30' title="bbox 2105 1401 3751 1488">
    <p class='ocr_par' dir='ltr' id='par_1_30' title="bbox 2105 1401 3751 1488">
     <span class='ocr_line' id='line_1_30' title="bbox 2105 1401 3751 1488; baseline 0.006 -30"><span class='ocrx_word' id='word_1_200' title='bbox 2105 1403 2206 1468; x_wconf 71' lang='grc' dir='ltr'>τῆς</span> <span class='ocrx_word' id='word_1_201' title='bbox 2264 1401 2584 1470; x_wconf 81' lang='grc' dir='ltr'>Ἐκκλησίας</span> <span class='ocrx_word' id='word_1_202' title='bbox 2639 1403 2824 1460; x_wconf 80' lang='grc' dir='ltr'>ίθύνων</span> <span class='ocrx_word' id='word_1_203' title='bbox 2883 1403 3154 1482; x_wconf 76' lang='grc' dir='ltr'>Μεθόδιος,</span> <span class='ocrx_word' id='word_1_204' title='bbox 3213 1407 3313 1473; x_wconf 79' lang='grc' dir='ltr'><strong>τὴν</strong></span> <span class='ocrx_word' id='word_1_205' title='bbox 3366 1415 3458 1464; x_wconf 79' lang='grc' dir='ltr'>τοῦ</span> <span class='ocrx_word' id='word_1_206' title='bbox 3509 1409 3751 1488; x_wconf 78' lang='grc' dir='ltr'>μεγάλου</span> 
     </span>
    </p>
   </div>
   <div class='ocr_carea' id='block_1_31' title="bbox 2106 1489 3749 1578">
    <p class='ocr_par' dir='ltr' id='par_1_31' title="bbox 2106 1489 3749 1578">
     <span class='ocr_line' id='line_1_31' title="bbox 2106 1489 3749 1578; baseline 0.005 -30"><span class='ocrx_word' id='word_1_207' title='bbox 2106 1493 2236 1570; x_wconf 86' lang='grc' dir='ltr'>πρὸς</span> <span class='ocrx_word' id='word_1_208' title='bbox 2295 1493 2482 1571; x_wconf 80' lang='grc' dir='ltr'><strong>Κύριον</strong></span> <span class='ocrx_word' id='word_1_209' title='bbox 2532 1489 2789 1570; x_wconf 76' lang='grc' dir='ltr'>’ἐκδημίαν</span> <span class='ocrx_word' id='word_1_210' title='bbox 2836 1493 3142 1573; x_wconf 71' lang='grc' dir='ltr'>ἐγγίζουσαν</span> <span class='ocrx_word' id='word_1_211' title='bbox 3201 1495 3305 1564; x_wconf 73' lang='grc' dir='ltr'>ἤδη</span> <span class='ocrx_word' id='word_1_212' title='bbox 3361 1499 3749 1578; x_wconf 77' lang='grc' dir='ltr'>προεγνωκὼς,</span> 
     </span>
    </p>
   </div>
   <div class='ocr_carea' id='block_1_32' title="bbox 2107 1581 3754 1666">
    <p class='ocr_par' dir='ltr' id='par_1_32' title="bbox 2107 1581 3754 1666">
     <span class='ocr_line' id='line_1_32' title="bbox 2107 1581 3754 1666; baseline 0.004 -28"><span class='ocrx_word' id='word_1_213' title='bbox 2107 1583 2230 1660; x_wconf 79' lang='grc' dir='ltr'>πρός</span> <span class='ocrx_word' id='word_1_214' title='bbox 2263 1581 2418 1638; x_wconf 78' lang='grc' dir='ltr'>αὒτὸν</span> <span class='ocrx_word' id='word_1_215' title='bbox 2447 1604 2504 1638; x_wconf 90' lang='grc' dir='ltr'><strong>τε</strong></span> <span class='ocrx_word' id='word_1_216' title='bbox 2541 1581 2678 1663; x_wconf 67' lang='grc' dir='ltr'>ἥκει,</span> <span class='ocrx_word' id='word_1_217' title='bbox 2715 1584 2801 1639; x_wconf 86' lang='grc' dir='ltr'><strong>καὶ</strong></span> <span class='ocrx_word' id='word_1_218' title='bbox 2830 1581 2955 1662; x_wconf 85' lang='grc' dir='ltr'>παρ’</span> <span class='ocrx_word' id='word_1_219' title='bbox 3011 1586 3169 1642; x_wconf 76' lang='grc' dir='ltr'><strong>αὒτοῦ</strong></span> <span class='ocrx_word' id='word_1_220' title='bbox 3215 1583 3380 1666; x_wconf 79' lang='grc' dir='ltr'>εύχδις</span> <span class='ocrx_word' id='word_1_221' title='bbox 3424 1587 3518 1652; x_wconf 78' lang='grc' dir='ltr'>τὰς</span> <span class='ocrx_word' id='word_1_222' title='bbox 3565 1587 3754 1649; x_wconf 83' lang='grc' dir='ltr'>τελευ-</span> 
     </span>
    </p>
   </div>
   <div class='ocr_carea' id='block_1_33' title="bbox 2101 1664 3754 1752">
    <p class='ocr_par' dir='ltr' id='par_1_33' title="bbox 2101 1664 3754 1752">
     <span class='ocr_line' id='line_1_33' title="bbox 2101 1664 3754 1752; baseline 0.006 -25"><span class='ocrx_word' id='word_1_223' title='bbox 2101 1671 2249 1736; x_wconf 83' lang='grc' dir='ltr'>ταίας</span> <span class='ocrx_word' id='word_1_224' title='bbox 2283 1671 2478 1743; x_wconf 76' lang='grc' dir='ltr'>ἐζήτει.</span> <span class='ocrx_word' id='word_1_225' title='bbox 2519 1664 2576 1731; x_wconf 67' lang='grc' dir='ltr'>Ὀ</span> <span class='ocrx_word' id='word_1_226' title='bbox 2609 1671 2663 1728; x_wconf 76' lang='grc' dir='ltr'><strong>δὲ</strong></span> <span class='ocrx_word' id='word_1_227' title='bbox 2697 1674 2814 1752; x_wconf 79' lang='grc' dir='ltr'>περὶ</span> <span class='ocrx_word' id='word_1_228' title='bbox 2845 1676 3038 1737; x_wconf 63' lang='grc' dir='ltr'>παντὸς</span> <span class='ocrx_word' id='word_1_229' title='bbox 3088 1696 3144 1730; x_wconf 85' lang='grc' dir='ltr'><strong>τε</strong></span> <span class='ocrx_word' id='word_1_230' title='bbox 3199 1664 3315 1742; x_wconf 65' lang='grc' dir='ltr'><strong>τὴν</strong></span> <span class='ocrx_word' id='word_1_231' title='bbox 3348 1683 3436 1734; x_wconf 77' lang='grc' dir='ltr'>τοῦ</span> <span class='ocrx_word' id='word_1_232' title='bbox 3493 1677 3754 1737; x_wconf 69' lang='grc' dir='ltr'>Μεθοδίου</span> 
     </span>
    </p>
   </div>
   <div class='ocr_carea' id='block_1_34' title="bbox 377 1759 1967 1843">
    <p class='ocr_par' dir='ltr' id='par_1_34' title="bbox 377 1760 1967 1843">
     <span class='ocr_line' id='line_1_34' title="bbox 377 1760 1967 1843; baseline 0.001 -24"><span class='ocrx_word' id='word_1_233' title='bbox 377 1774 583 1836; x_wconf 77' lang='lat' dir='ltr'><strong>preces</strong></span> <span class='ocrx_word' id='word_1_234' title='bbox 611 1760 686 1822; x_wconf 87' lang='lat' dir='ltr'><strong>ab</strong></span> <span class='ocrx_word' id='word_1_235' title='bbox 714 1780 784 1823; x_wconf 90' lang='lat' dir='ltr'><strong>eo</strong></span> <span class='ocrx_word' id='word_1_236' title='bbox 820 1764 1003 1843; x_wconf 87' lang='lat' dir='ltr'><strong>petiit.</strong></span> <span class='ocrx_word' id='word_1_237' title='bbox 1041 1762 1146 1825; x_wconf 88' lang='lat' dir='ltr'><strong>Ille</strong></span> <span class='ocrx_word' id='word_1_238' title='bbox 1175 1770 1371 1824; x_wconf 89' lang='lat' dir='ltr'><strong>autem</strong></span> <span class='ocrx_word' id='word_1_239' title='bbox 1397 1780 1530 1823; x_wconf 86' lang='lat' dir='ltr'><strong>cum</strong></span> <span class='ocrx_word' id='word_1_240' title='bbox 1567 1761 1800 1822; x_wconf 84' lang='lat' dir='ltr'><strong>maximi</strong></span> <span class='ocrx_word' id='word_1_241' title='bbox 1833 1761 1967 1822; x_wconf 67' lang='lat' dir='ltr'><strong>feci:</strong></span> 
     </span>
    </p>
   </div>
   <div class='ocr_carea' id='block_1_35' title="bbox 2152 1759 3756 1843">
    <p class='ocr_par' dir='ltr' id='par_1_35' title="bbox 2152 1759 3756 1842">
     <span class='ocr_line' id='line_1_35' title="bbox 2152 1759 3756 1842; baseline 0.004 -26"><span class='ocrx_word' id='word_1_242' title='bbox 2152 1760 2462 1834; x_wconf 62' lang='lat' dir='ltr'><strong>atuoa&#39;zpsvoc</strong></span> <span class='ocrx_word' id='word_1_243' title='bbox 2526 1759 2772 1833; x_wconf 74' lang='grc' dir='ltr'><strong>ἔντευξιν,</strong></span> <span class='ocrx_word' id='word_1_244' title='bbox 2837 1763 2924 1818; x_wconf 83' lang='grc' dir='ltr'>καὶ</span> <span class='ocrx_word' id='word_1_245' title='bbox 2982 1762 3077 1830; x_wconf 78' lang='grc' dir='ltr'>τήν</span> <span class='ocrx_word' id='word_1_246' title='bbox 3129 1765 3262 1839; x_wconf 81' lang='grc' dir='ltr'>πρὸς</span> <span class='ocrx_word' id='word_1_247' title='bbox 3318 1766 3476 1822; x_wconf 72' lang='grc' dir='ltr'>αὐτὸν</span> <span class='ocrx_word' id='word_1_248' title='bbox 3532 1765 3756 1842; x_wconf 68' lang='grc' dir='ltr'>ὁμιλίαν</span> 
     </span>
    </p>
   </div>
   <div class='ocr_carea' id='block_1_36' title="bbox 371 1851 2020 1932">
    <p class='ocr_par' dir='ltr' id='par_1_36' title="bbox 371 1851 2020 1932">
     <span class='ocr_line' id='line_1_36' title="bbox 371 1851 2020 1932; baseline 0.002 -23"><span class='ocrx_word' id='word_1_249' title='bbox 371 1857 464 1912; x_wconf 80' lang='lat' dir='ltr'><strong>set</strong></span> <span class='ocrx_word' id='word_1_250' title='bbox 495 1851 817 1914; x_wconf 89' lang='lat' dir='ltr'><strong>convenire</strong></span> <span class='ocrx_word' id='word_1_251' title='bbox 847 1851 1228 1928; x_wconf 81' lang='lat' dir='ltr'><strong>Methodium,</strong></span> <span class='ocrx_word' id='word_1_252' title='bbox 1291 1861 1348 1913; x_wconf 94' lang='lat' dir='ltr'><strong>et</strong></span> <span class='ocrx_word' id='word_1_253' title='bbox 1403 1851 1462 1913; x_wconf 92' lang='lat' dir='ltr'><strong>in</strong></span> <span class='ocrx_word' id='word_1_254' title='bbox 1515 1851 1750 1931; x_wconf 87' lang='lat' dir='ltr'><strong>longum</strong></span> <span class='ocrx_word' id='word_1_255' title='bbox 1785 1859 2020 1932; x_wconf 80' lang='lat' dir='ltr'><strong>tempus</strong></span> 
     </span>
    </p>
   </div>
   <div class='ocr_carea' id='block_1_37' title="bbox 371 1941 2017 2022">
    <p class='ocr_par' dir='ltr' id='par_1_37' title="bbox 371 1941 2017 2022">
     <span class='ocr_line' id='line_1_37' title="bbox 371 1941 2017 2022; baseline 0.002 -24"><span class='ocrx_word' id='word_1_256' title='bbox 371 1953 504 2000; x_wconf 90' lang='lat' dir='ltr'><strong>cum</strong></span> <span class='ocrx_word' id='word_1_257' title='bbox 537 1959 608 2001; x_wconf 86' lang='lat' dir='ltr'><strong>eo</strong></span> <span class='ocrx_word' id='word_1_258' title='bbox 651 1941 1026 2022; x_wconf 86' lang='lat' dir='ltr'><strong>produxisset</strong></span> <span class='ocrx_word' id='word_1_259' title='bbox 1056 1960 1422 2013; x_wconf 87' lang='lat' dir='ltr'><strong>sermonem,</strong></span> <span class='ocrx_word' id='word_1_260' title='bbox 1479 1948 1537 2002; x_wconf 91' lang='lat' dir='ltr'><strong>et</strong></span> <span class='ocrx_word' id='word_1_261' title='bbox 1581 1941 1800 2002; x_wconf 80' lang='lat' dir='ltr'><strong>deinde</strong></span> <span class='ocrx_word' id='word_1_262' title='bbox 1848 1959 2017 2003; x_wconf 79' lang='lat' dir='ltr'><strong>sacro</strong></span> 
     </span>
    </p>
   </div>
   <div class='ocr_carea' id='block_1_38' title="bbox 371 2028 2016 2110">
    <p class='ocr_par' dir='ltr' id='par_1_38' title="bbox 371 2028 2016 2110">
     <span class='ocr_line' id='line_1_38' title="bbox 371 2028 2016 2110; baseline 0.002 -22"><span class='ocrx_word' id='word_1_263' title='bbox 371 2028 546 2090; x_wconf 68' lang='lat' dir='ltr'><strong>tuatui</strong></span> <span class='ocrx_word' id='word_1_264' title='bbox 579 2037 637 2091; x_wconf 89' lang='lat' dir='ltr'><strong>et</strong></span> <span class='ocrx_word' id='word_1_265' title='bbox 666 2048 881 2093; x_wconf 85' lang='lat' dir='ltr'><strong>recens</strong></span> <span class='ocrx_word' id='word_1_266' title='bbox 911 2031 1100 2094; x_wconf 84' lang='lat' dir='ltr'><strong>electo</strong></span> <span class='ocrx_word' id='word_1_267' title='bbox 1135 2031 1300 2110; x_wconf 84' lang='lat' dir='ltr'><strong>gregi</strong></span> <span class='ocrx_word' id='word_1_268' title='bbox 1331 2049 1421 2103; x_wconf 87' lang='lat' dir='ltr'><strong>ea,</strong></span> <span class='ocrx_word' id='word_1_269' title='bbox 1455 2049 1586 2110; x_wconf 81' lang='lat' dir='ltr'><strong>quae</strong></span> <span class='ocrx_word' id='word_1_270' title='bbox 1615 2029 1686 2090; x_wconf 89' lang='lat' dir='ltr'><strong>ad</strong></span> <span class='ocrx_word' id='word_1_271' title='bbox 1732 2030 2016 2110; x_wconf 80' lang='lat' dir='ltr'><strong>pietatem</strong></span> 
     </span>
    </p>
   </div>
   <div class='ocr_carea' id='block_1_39' title="bbox 373 2119 2023 2196">
    <p class='ocr_par' dir='ltr' id='par_1_39' title="bbox 373 2119 2023 2196">
     <span class='ocr_line' id='line_1_39' title="bbox 373 2119 2023 2196; baseline 0.003 -19"><span class='ocrx_word' id='word_1_272' title='bbox 373 2135 524 2196; x_wconf 87' lang='lat' dir='ltr'><strong>opus</strong></span> <span class='ocrx_word' id='word_1_273' title='bbox 555 2132 744 2196; x_wconf 82' lang='lat' dir='ltr'><strong>erant,</strong></span> <span class='ocrx_word' id='word_1_274' title='bbox 771 2121 1078 2194; x_wconf 87' lang='lat' dir='ltr'><strong>suasisset,</strong></span> <span class='ocrx_word' id='word_1_275' title='bbox 1101 2121 1311 2184; x_wconf 90' lang='lat' dir='ltr'><strong>dicens</strong></span> <span class='ocrx_word' id='word_1_276' title='bbox 1341 2131 1407 2181; x_wconf 92' lang='lat' dir='ltr'><strong>ut</strong></span> <span class='ocrx_word' id='word_1_277' title='bbox 1432 2119 2023 2182; x_wconf 79' lang='lat' dir='ltr'><strong>immobiliteretsta-</strong></span> 
     </span>
    </p>
   </div>
   <div class='ocr_carea' id='block_1_40' title="bbox 373 2205 2017 2289">
    <p class='ocr_par' dir='ltr' id='par_1_40' title="bbox 373 2205 2017 2289">
     <span class='ocr_line' id='line_1_40' title="bbox 373 2205 2017 2289; baseline 0.002 -22"><span class='ocrx_word' id='word_1_278' title='bbox 373 2205 575 2270; x_wconf 88' lang='lat' dir='ltr'><strong>biliter</strong></span> <span class='ocrx_word' id='word_1_279' title='bbox 595 2222 1018 2289; x_wconf 88' lang='lat' dir='ltr'><strong>permanerent</strong></span> <span class='ocrx_word' id='word_1_280' title='bbox 1036 2212 1094 2273; x_wconf 91' lang='lat' dir='ltr'><strong>in</strong></span> <span class='ocrx_word' id='word_1_281' title='bbox 1118 2211 1234 2273; x_wconf 79' lang='lat' dir='ltr'><strong>{ide</strong></span> <span class='ocrx_word' id='word_1_282' title='bbox 1256 2210 1604 2283; x_wconf 85' lang='lat' dir='ltr'><strong>orthodoxa,</strong></span> <span class='ocrx_word' id='word_1_283' title='bbox 1628 2229 1825 2288; x_wconf 90' lang='lat' dir='ltr'><strong>neque</strong></span> <span class='ocrx_word' id='word_1_284' title='bbox 1850 2225 2017 2271; x_wconf 80' lang='lat' dir='ltr'><strong>ever&#39;</strong></span> 
     </span>
    </p>
   </div>
   <div class='ocr_carea' id='block_1_41' title="bbox 378 2299 2015 2380">
    <p class='ocr_par' dir='ltr' id='par_1_41' title="bbox 378 2299 2015 2380">
     <span class='ocr_line' id='line_1_41' title="bbox 378 2299 2015 2380; baseline 0.003 -23"><span class='ocrx_word' id='word_1_285' title='bbox 378 2303 646 2360; x_wconf 89' lang='lat' dir='ltr'><strong>terentur</strong></span> <span class='ocrx_word' id='word_1_286' title='bbox 673 2319 708 2361; x_wconf 91' lang='lat' dir='ltr'><strong>a</strong></span> <span class='ocrx_word' id='word_1_287' title='bbox 736 2301 999 2380; x_wconf 87' lang='lat' dir='ltr'><strong>profanis</strong></span> <span class='ocrx_word' id='word_1_288' title='bbox 1028 2300 1274 2363; x_wconf 81' lang='lat' dir='ltr'><strong>vocibus</strong></span> <span class='ocrx_word' id='word_1_289' title='bbox 1303 2299 1742 2374; x_wconf 84' lang='lat' dir='ltr'><strong>haereticorum,</strong></span> <span class='ocrx_word' id='word_1_290' title='bbox 1777 2308 1835 2361; x_wconf 90' lang='lat' dir='ltr'><strong>et</strong></span> <span class='ocrx_word' id='word_1_291' title='bbox 1858 2300 2015 2363; x_wconf 89' lang='lat' dir='ltr'><strong>inter</strong></span> 
     </span>
    </p>
   </div>
   <div class='ocr_carea' id='block_1_42' title="bbox 375 2389 2010 2470">
    <p class='ocr_par' dir='ltr' id='par_1_42' title="bbox 375 2389 2010 2470">
     <span class='ocr_line' id='line_1_42' title="bbox 375 2389 2010 2470; baseline 0.001 -21"><span class='ocrx_word' id='word_1_292' title='bbox 375 2403 440 2450; x_wconf 90' lang='lat' dir='ltr'><strong>se</strong></span> <span class='ocrx_word' id='word_1_293' title='bbox 464 2398 888 2452; x_wconf 73' lang='lat' dir='ltr'><strong>conservarent</strong></span> <span class='ocrx_word' id='word_1_294' title='bbox 934 2390 1338 2461; x_wconf 88' lang='lat' dir='ltr'><strong>concordiam,</strong></span> <span class='ocrx_word' id='word_1_295' title='bbox 1375 2409 1567 2470; x_wconf 83' lang='lat' dir='ltr'><strong>neque</strong></span> <span class='ocrx_word' id='word_1_296' title='bbox 1605 2389 2010 2470; x_wconf 87' lang='lat' dir='ltr'><strong>blasphemam</strong></span> 
     </span>
    </p>
   </div>
   <div class='ocr_carea' id='block_1_43' title="bbox 368 2477 2007 2560">
    <p class='ocr_par' dir='ltr' id='par_1_43' title="bbox 368 2477 2007 2560">
     <span class='ocr_line' id='line_1_43' title="bbox 368 2477 2007 2560; baseline 0.001 -21"><span class='ocrx_word' id='word_1_297' title='bbox 368 2477 805 2541; x_wconf 86' lang='lat' dir='ltr'><strong>etmaledicam</strong></span> <span class='ocrx_word' id='word_1_298' title='bbox 840 2480 1098 2560; x_wconf 82' lang='lat' dir='ltr'><strong>linguam</strong></span> <span class='ocrx_word' id='word_1_299' title='bbox 1157 2487 1466 2543; x_wconf 79' lang='lat' dir='ltr'><strong>moverent</strong></span> <span class='ocrx_word' id='word_1_300' title='bbox 1523 2479 1583 2539; x_wconf 93' lang='lat' dir='ltr'><strong>in</strong></span> <span class='ocrx_word' id='word_1_301' title='bbox 1642 2478 2007 2559; x_wconf 83' lang='lat' dir='ltr'><strong>pontiﬁcem,</strong></span> 
     </span>
    </p>
   </div>
   <div class='ocr_carea' id='block_1_44' title="bbox 371 2565 2011 2648">
    <p class='ocr_par' dir='ltr' id='par_1_44' title="bbox 371 2565 2011 2648">
     <span class='ocr_line' id='line_1_44' title="bbox 371 2565 2011 2648; baseline 0.001 -20"><span class='ocrx_word' id='word_1_302' title='bbox 371 2565 699 2648; x_wconf 80' lang='lat' dir='ltr'><strong>subjunxit,</strong></span> <span class='ocrx_word' id='word_1_303' title='bbox 733 2570 889 2648; x_wconf 81' lang='lat' dir='ltr'><strong>quod</strong></span> <span class='ocrx_word' id='word_1_304' title='bbox 924 2588 1036 2630; x_wconf 90' lang='lat' dir='ltr'><strong>nec</strong></span> <span class='ocrx_word' id='word_1_305' title='bbox 1069 2570 1319 2632; x_wconf 90' lang='lat' dir='ltr'><strong>multum</strong></span> <span class='ocrx_word' id='word_1_306' title='bbox 1363 2577 1596 2648; x_wconf 85' lang='lat' dir='ltr'><strong>tempus</strong></span> <span class='ocrx_word' id='word_1_307' title='bbox 1650 2575 1779 2648; x_wconf 91' lang='lat' dir='ltr'><strong>post</strong></span> <span class='ocrx_word' id='word_1_308' title='bbox 1839 2586 2011 2629; x_wconf 83' lang='lat' dir='ltr'><strong>suum</strong></span> 
     </span>
    </p>
   </div>
   <div class='ocr_carea' id='block_1_45' title="bbox 366 2656 2014 2737">
    <p class='ocr_par' dir='ltr' id='par_1_45' title="bbox 366 2656 2014 2737">
     <span class='ocr_line' id='line_1_45' title="bbox 366 2656 2014 2737; baseline 0 -19"><span class='ocrx_word' id='word_1_309' title='bbox 366 2656 680 2719; x_wconf 79' lang='lat' dir='ltr'><strong>decessum</strong></span> <span class='ocrx_word' id='word_1_310' title='bbox 713 2658 936 2719; x_wconf 90' lang='lat' dir='ltr'><strong>viveret</strong></span> <span class='ocrx_word' id='word_1_311' title='bbox 954 2657 1312 2733; x_wconf 89' lang='lat' dir='ltr'><strong>Methodius,</strong></span> <span class='ocrx_word' id='word_1_312' title='bbox 1339 2676 1452 2737; x_wconf 81' lang='lat' dir='ltr'><strong>qua</strong></span> <span class='ocrx_word' id='word_1_313' title='bbox 1472 2657 1708 2736; x_wconf 89' lang='lat' dir='ltr'><strong>quidem</strong></span> <span class='ocrx_word' id='word_1_314' title='bbox 1729 2658 1786 2717; x_wconf 91' lang='lat' dir='ltr'><strong>in</strong></span> <span class='ocrx_word' id='word_1_315' title='bbox 1809 2675 1875 2717; x_wconf 92' lang='lat' dir='ltr'><strong>re</strong></span> <span class='ocrx_word' id='word_1_316' title='bbox 1895 2674 2014 2718; x_wconf 87' lang='lat' dir='ltr'><strong>non</strong></span> 
     </span>
    </p>
   </div>
   <div class='ocr_carea' id='block_1_46' title="bbox 367 2744 2016 2826">
    <p class='ocr_par' dir='ltr' id='par_1_46' title="bbox 367 2744 2016 2826">
     <span class='ocr_line' id='line_1_46' title="bbox 367 2744 2016 2826; baseline 0 -19"><span class='ocrx_word' id='word_1_317' title='bbox 367 2745 474 2807; x_wconf 88' lang='lat' dir='ltr'><strong>fuit</strong></span> <span class='ocrx_word' id='word_1_318' title='bbox 507 2747 718 2809; x_wconf 80' lang='lat' dir='ltr'><strong>falsus.</strong></span> <span class='ocrx_word' id='word_1_319' title='bbox 747 2745 950 2809; x_wconf 86' lang='lat' dir='ltr'><strong>Tertio</strong></span> <span class='ocrx_word' id='word_1_320' title='bbox 983 2746 1145 2808; x_wconf 92' lang='lat' dir='ltr'><strong>enim</strong></span> <span class='ocrx_word' id='word_1_321' title='bbox 1179 2746 1296 2817; x_wconf 89' lang='lat' dir='ltr'><strong>die,</strong></span> <span class='ocrx_word' id='word_1_322' title='bbox 1334 2754 1641 2826; x_wconf 88' lang='lat' dir='ltr'><strong>postquam</strong></span> <span class='ocrx_word' id='word_1_323' title='bbox 1675 2744 1801 2808; x_wconf 83' lang='lat' dir='ltr'><strong>haec</strong></span> <span class='ocrx_word' id='word_1_324' title='bbox 1830 2745 2016 2808; x_wconf 84' lang='lat' dir='ltr'><strong>dixis-</strong></span> 
     </span>
    </p>
   </div>
   <div class='ocr_carea' id='block_1_47' title="bbox 367 2833 2010 2916">
    <p class='ocr_par' dir='ltr' id='par_1_47' title="bbox 367 2833 2010 2916">
     <span class='ocr_line' id='line_1_47' title="bbox 367 2833 2010 2916; baseline 0 -20"><span class='ocrx_word' id='word_1_325' title='bbox 367 2843 459 2896; x_wconf 84' lang='lat' dir='ltr'><strong>set</strong></span> <span class='ocrx_word' id='word_1_326' title='bbox 489 2843 638 2902; x_wconf 86' lang='lat' dir='ltr'><strong>lerat</strong></span> <span class='ocrx_word' id='word_1_327' title='bbox 663 2854 804 2897; x_wconf 85' lang='lat' dir='ltr'><strong>vero</strong></span> <span class='ocrx_word' id='word_1_328' title='bbox 837 2835 1048 2898; x_wconf 82' lang='lat' dir='ltr'><strong>tertius</strong></span> <span class='ocrx_word' id='word_1_329' title='bbox 1099 2833 1232 2913; x_wconf 70' lang='lat' dir='ltr'><strong>[ft-r.</strong></span> <span class='ocrx_word' id='word_1_330' title='bbox 1292 2835 1581 2916; x_wconf 81' lang='lat' dir='ltr'><strong>quartus]</strong></span> <span class='ocrx_word' id='word_1_331' title='bbox 1636 2833 2010 2910; x_wconf 85' lang='lat' dir='ltr'><strong>Novembris,</strong></span> 
     </span>
    </p>
   </div>
   <div class='ocr_carea' id='block_1_48' title="bbox 367 2921 2012 3005">
    <p class='ocr_par' dir='ltr' id='par_1_48' title="bbox 367 2921 2012 3005">
     <span class='ocr_line' id='line_1_48' title="bbox 367 2921 2012 3005; baseline 0 -19"><span class='ocrx_word' id='word_1_332' title='bbox 367 2921 438 2987; x_wconf 92' lang='lat' dir='ltr'><strong>D.</strong></span> <span class='ocrx_word' id='word_1_333' title='bbox 471 2923 822 2988; x_wconf 81' lang='lat' dir='ltr'><strong>Joannicius</strong></span> <span class='ocrx_word' id='word_1_334' title='bbox 835 2923 1049 3005; x_wconf 76' lang='lat' dir='ltr'><strong>spiritu</strong></span> <span class='ocrx_word' id='word_1_335' title='bbox 1066 2924 1168 3001; x_wconf 90' lang='lat' dir='ltr'><strong>qui</strong></span> <span class='ocrx_word' id='word_1_336' title='bbox 1189 2923 1322 2986; x_wconf 89' lang='lat' dir='ltr'><strong>dem</strong></span> <span class='ocrx_word' id='word_1_337' title='bbox 1345 2925 1555 3004; x_wconf 88' lang='lat' dir='ltr'><strong>migrat</strong></span> <span class='ocrx_word' id='word_1_338' title='bbox 1569 2923 1638 2986; x_wconf 89' lang='lat' dir='ltr'><strong>ad</strong></span> <span class='ocrx_word' id='word_1_339' title='bbox 1668 2942 2012 3005; x_wconf 84' lang='lat' dir='ltr'><strong>eum,quem</strong></span> 
     </span>
    </p>
   </div>
   <div class='ocr_carea' id='block_1_49' title="bbox 371 3011 2013 3094">
    <p class='ocr_par' dir='ltr' id='par_1_49' title="bbox 371 3011 2013 3094">
     <span class='ocr_line' id='line_1_49' title="bbox 371 3011 2013 3094; baseline 0.001 -20"><span class='ocrx_word' id='word_1_340' title='bbox 371 3012 895 3094; x_wconf 79' lang='lat' dir='ltr'><strong>diligit,deductus</strong></span> <span class='ocrx_word' id='word_1_341' title='bbox 916 3031 950 3076; x_wconf 90' lang='lat' dir='ltr'><strong>a</strong></span> <span class='ocrx_word' id='word_1_342' title='bbox 971 3012 1170 3076; x_wconf 87' lang='lat' dir='ltr'><strong>choris</strong></span> <span class='ocrx_word' id='word_1_343' title='bbox 1192 3011 1567 3092; x_wconf 82' lang='lat' dir='ltr'><strong>angelorum:</strong></span> <span class='ocrx_word' id='word_1_344' title='bbox 1588 3031 1803 3093; x_wconf 86' lang='lat' dir='ltr'><strong>corpus</strong></span> <span class='ocrx_word' id='word_1_345' title='bbox 1816 3021 2013 3075; x_wconf 86' lang='lat' dir='ltr'><strong>autem</strong></span> 
     </span>
    </p>
   </div>
   <div class='ocr_carea' id='block_1_50' title="bbox 2103 1847 3758 1935">
    <p class='ocr_par' dir='ltr' id='par_1_50' title="bbox 2103 1847 3758 1935">
     <span class='ocr_line' id='line_1_50' title="bbox 2103 1847 3758 1935; baseline 0.005 -31"><span class='ocrx_word' id='word_1_346' title='bbox 2103 1847 2184 1906; x_wconf 78' lang='grc' dir='ltr'><strong>ἐπὶ</strong></span> <span class='ocrx_word' id='word_1_347' title='bbox 2218 1848 2351 1905; x_wconf 85' lang='grc' dir='ltr'>πολὺ</span> <span class='ocrx_word' id='word_1_348' title='bbox 2383 1850 2722 1928; x_wconf 68' lang='grc' dir='ltr'><strong>παρατείνας,</strong></span> <span class='ocrx_word' id='word_1_349' title='bbox 2782 1851 2908 1908; x_wconf 76' lang='grc' dir='ltr'>εἶτα</span> <span class='ocrx_word' id='word_1_350' title='bbox 2964 1858 3041 1924; x_wconf 84' lang='grc' dir='ltr'><strong>τῷ</strong></span> <span class='ocrx_word' id='word_1_351' title='bbox 3095 1853 3345 1929; x_wconf 75' lang='grc' dir='ltr'>ἱερατικῷ</span> <span class='ocrx_word' id='word_1_352' title='bbox 3403 1875 3459 1910; x_wconf 85' lang='grc' dir='ltr'><strong>τε</strong></span> <span class='ocrx_word' id='word_1_353' title='bbox 3518 1853 3758 1935; x_wconf 79' lang='grc' dir='ltr'>πληρώ-</span> 
     </span>
    </p>
   </div>
   <div class='ocr_carea' id='block_1_51' title="bbox 2106 1938 3756 2020">
    <p class='ocr_par' dir='ltr' id='par_1_51' title="bbox 2106 1938 3756 2020">
     <span class='ocr_line' id='line_1_51' title="bbox 2106 1938 3756 2020; baseline 0.005 -25"><span class='ocrx_word' id='word_1_354' title='bbox 2106 1961 2232 2007; x_wconf 84' lang='grc' dir='ltr'>ματι</span> <span class='ocrx_word' id='word_1_355' title='bbox 2263 1940 2350 1996; x_wconf 81' lang='grc' dir='ltr'><strong>καὶ</strong></span> <span class='ocrx_word' id='word_1_356' title='bbox 2377 1945 2446 2015; x_wconf 80' lang='grc' dir='ltr'><strong>τῇ</strong></span> <span class='ocrx_word' id='word_1_357' title='bbox 2502 1939 2762 2014; x_wconf 82' lang='grc' dir='ltr'>νεολέκτῳ</span> <span class='ocrx_word' id='word_1_358' title='bbox 2819 1942 3017 2017; x_wconf 78' lang='grc' dir='ltr'>ποίμνῃ</span> <span class='ocrx_word' id='word_1_359' title='bbox 3075 1941 3141 1998; x_wconf 78' lang='grc' dir='ltr'>τὰ</span> <span class='ocrx_word' id='word_1_360' title='bbox 3189 1938 3374 1998; x_wconf 79' lang='grc' dir='ltr'>δέοντα</span> <span class='ocrx_word' id='word_1_361' title='bbox 3426 1945 3554 2020; x_wconf 76' lang='grc' dir='ltr'>πρὸς</span> <span class='ocrx_word' id='word_1_362' title='bbox 3586 1945 3756 2003; x_wconf 72' lang='grc' dir='ltr'>εύσὲ-</span> 
     </span>
    </p>
   </div>
   <div class='ocr_carea' id='block_1_52' title="bbox 2105 2027 3755 2110">
    <p class='ocr_par' dir='ltr' id='par_1_52' title="bbox 2105 2027 3755 2110">
     <span class='ocr_line' id='line_1_52' title="bbox 2105 2027 3755 2110; baseline 0.003 -25"><span class='ocrx_word' id='word_1_363' title='bbox 2105 2027 2252 2085; x_wconf 80' lang='grc' dir='ltr'>ϐειαν</span> <span class='ocrx_word' id='word_1_364' title='bbox 2322 2029 2666 2107; x_wconf 75' lang='grc' dir='ltr'>παραινέσας,</span> <span class='ocrx_word' id='word_1_365' title='bbox 2741 2029 3145 2103; x_wconf 79' lang='grc' dir='ltr'>ἀμετακινήτως</span> <span class='ocrx_word' id='word_1_366' title='bbox 3214 2035 3282 2106; x_wconf 81' lang='grc' dir='ltr'><strong>τῇ</strong></span> <span class='ocrx_word' id='word_1_367' title='bbox 3338 2031 3591 2110; x_wconf 81' lang='grc' dir='ltr'>όρθοδόξψ</span> <span class='ocrx_word' id='word_1_368' title='bbox 3646 2035 3755 2090; x_wconf 77' lang='grc' dir='ltr'>πί-</span> 
     </span>
    </p>
   </div>
   <div class='ocr_carea' id='block_1_53' title="bbox 2105 2115 3756 2198">
    <p class='ocr_par' dir='ltr' id='par_1_53' title="bbox 2105 2115 3756 2198">
     <span class='ocr_line' id='line_1_53' title="bbox 2105 2115 3756 2198; baseline 0.004 -26"><span class='ocrx_word' id='word_1_369' title='bbox 2105 2136 2215 2172; x_wconf 87' lang='grc' dir='ltr'>στει</span> <span class='ocrx_word' id='word_1_370' title='bbox 2245 2117 2333 2172; x_wconf 87' lang='grc' dir='ltr'><strong>καί</strong></span> <span class='ocrx_word' id='word_1_371' title='bbox 2364 2117 2568 2192; x_wconf 76' lang='grc' dir='ltr'>παγίως</span> <span class='ocrx_word' id='word_1_372' title='bbox 2625 2115 2895 2196; x_wconf 77' lang='grc' dir='ltr'>ἐμμένειν,</span> <span class='ocrx_word' id='word_1_373' title='bbox 2956 2115 3091 2193; x_wconf 78' lang='grc' dir='ltr'>μηδὲ</span> <span class='ocrx_word' id='word_1_374' title='bbox 3146 2132 3270 2184; x_wconf 71' lang='grc' dir='ltr'>ταῖς</span> <span class='ocrx_word' id='word_1_375' title='bbox 3318 2127 3422 2176; x_wconf 82' lang='grc' dir='ltr'>τῶν</span> <span class='ocrx_word' id='word_1_376' title='bbox 3465 2122 3756 2198; x_wconf 72' lang='grc' dir='ltr'>αἱρετικῶν</span> 
     </span>
    </p>
   </div>
   <div class='ocr_carea' id='block_1_54' title="bbox 2106 2202 3756 2286">
    <p class='ocr_par' dir='ltr' id='par_1_54' title="bbox 2106 2202 3756 2286">
     <span class='ocr_line' id='line_1_54' title="bbox 2106 2202 3756 2286; baseline 0.005 -25"><span class='ocrx_word' id='word_1_377' title='bbox 2106 2204 2525 2283; x_wconf 81' lang='grc' dir='ltr'>παρατρέπεσθαι</span> <span class='ocrx_word' id='word_1_378' title='bbox 2595 2202 2844 2282; x_wconf 70' lang='grc' dir='ltr'>βεϐήλοις</span> <span class='ocrx_word' id='word_1_379' title='bbox 2919 2207 3288 2286; x_wconf 78' lang='grc' dir='ltr'>κενοφωνίαις,</span> <span class='ocrx_word' id='word_1_380' title='bbox 3363 2210 3613 2284; x_wconf 75' lang='grc' dir='ltr'>ὁμόνοιάν</span> <span class='ocrx_word' id='word_1_381' title='bbox 3691 2231 3756 2269; x_wconf 73' lang='grc' dir='ltr'>τι</span> 
     </span>
    </p>
   </div>
   <div class='ocr_carea' id='block_1_55' title="bbox 2096 2293 3755 2379">
    <p class='ocr_par' dir='ltr' id='par_1_55' title="bbox 2096 2293 3755 2379">
     <span class='ocr_line' id='line_1_55' title="bbox 2096 2293 3755 2379; baseline 0.005 -30"><span class='ocrx_word' id='word_1_382' title='bbox 2096 2296 2226 2370; x_wconf 59' lang='grc' dir='ltr'>πρὸς</span> <span class='ocrx_word' id='word_1_383' title='bbox 2286 2293 2549 2363; x_wconf 75' lang='grc' dir='ltr'>ἀλλήλους</span> <span class='ocrx_word' id='word_1_384' title='bbox 2611 2293 2895 2375; x_wconf 72' lang='grc' dir='ltr'>φυλάττειν</span> <span class='ocrx_word' id='word_1_385' title='bbox 2956 2296 3140 2375; x_wconf 71' lang='grc' dir='ltr'>εἰπὼν,</span> <span class='ocrx_word' id='word_1_386' title='bbox 3216 2296 3352 2371; x_wconf 80' lang='grc' dir='ltr'>μηδὲ</span> <span class='ocrx_word' id='word_1_387' title='bbox 3423 2297 3755 2379; x_wconf 71' lang='grc' dir='ltr'>βλάσφημον</span> 
     </span>
    </p>
   </div>
   <div class='ocr_carea' id='block_1_56' title="bbox 2095 2383 3756 2463">
    <p class='ocr_par' dir='ltr' id='par_1_56' title="bbox 2095 2383 3756 2463">
     <span class='ocr_line' id='line_1_56' title="bbox 2095 2383 3756 2463; baseline 0.005 -25"><span class='ocrx_word' id='word_1_388' title='bbox 2095 2384 2230 2439; x_wconf 79' lang='grc' dir='ltr'>κατὰ</span> <span class='ocrx_word' id='word_1_389' title='bbox 2291 2385 2380 2439; x_wconf 80' lang='grc' dir='ltr'>τοῦ</span> <span class='ocrx_word' id='word_1_390' title='bbox 2437 2384 2729 2463; x_wconf 80' lang='grc' dir='ltr'>ἀρχιερέως</span> <span class='ocrx_word' id='word_1_391' title='bbox 2790 2383 3040 2463; x_wconf 80' lang='grc' dir='ltr'>γλῶσσαν</span> <span class='ocrx_word' id='word_1_392' title='bbox 3111 2401 3304 2444; x_wconf 78' lang='grc' dir='ltr'>κινεῖν·</span> <span class='ocrx_word' id='word_1_393' title='bbox 3376 2391 3603 2446; x_wconf 67' lang='grc' dir='ltr'>ὶπεϊπεν</span> <span class='ocrx_word' id='word_1_394' title='bbox 3671 2392 3756 2455; x_wconf 74' lang='grc' dir='ltr'>ὣς</span> 
     </span>
    </p>
   </div>
   <div class='ocr_carea' id='block_1_57' title="bbox 2095 2469 3763 2553">
    <p class='ocr_par' dir='ltr' id='par_1_57' title="bbox 2095 2469 3763 2553">
     <span class='ocr_line' id='line_1_57' title="bbox 2095 2469 3763 2553; baseline 0.005 -25"><span class='ocrx_word' id='word_1_395' title='bbox 2095 2469 2240 2528; x_wconf 73' lang='grc' dir='ltr'>οὒδὲν</span> <span class='ocrx_word' id='word_1_396' title='bbox 2273 2471 2436 2528; x_wconf 84' lang='grc' dir='ltr'>πολὺν</span> <span class='ocrx_word' id='word_1_397' title='bbox 2468 2495 2585 2530; x_wconf 84' lang='grc' dir='ltr'>τινα</span> <span class='ocrx_word' id='word_1_398' title='bbox 2615 2475 2809 2553; x_wconf 82' lang='grc' dir='ltr'>χρόνον</span> <span class='ocrx_word' id='word_1_399' title='bbox 2842 2476 2975 2548; x_wconf 81' lang='grc' dir='ltr'>μετὰ</span> <span class='ocrx_word' id='word_1_400' title='bbox 3005 2477 3103 2544; x_wconf 77' lang='grc' dir='ltr'>τὴν</span> <span class='ocrx_word' id='word_1_401' title='bbox 3130 2479 3292 2535; x_wconf 71' lang='grc' dir='ltr'>αὒτοῦ</span> <span class='ocrx_word' id='word_1_402' title='bbox 3313 2475 3561 2544; x_wconf 82' lang='grc' dir='ltr'>τελευτὴν</span> <span class='ocrx_word' id='word_1_403' title='bbox 3580 2481 3608 2536; x_wconf 77' lang='grc' dir='ltr'>ὁ</span> <span class='ocrx_word' id='word_1_404' title='bbox 3641 2487 3763 2536; x_wconf 76' lang='grc' dir='ltr'><strong>Μι-</strong></span> 
     </span>
    </p>
   </div>
   <div class='ocr_carea' id='block_1_58' title="bbox 2093 2559 3760 2647">
    <p class='ocr_par' dir='ltr' id='par_1_58' title="bbox 2093 2559 3760 2647">
     <span class='ocr_line' id='line_1_58' title="bbox 2093 2559 3760 2647; baseline 0.006 -31"><span class='ocrx_word' id='word_1_405' title='bbox 2093 2560 2262 2624; x_wconf 71' lang='grc' dir='ltr'>θόδιος</span> <span class='ocrx_word' id='word_1_406' title='bbox 2292 2559 2591 2639; x_wconf 72' lang='grc' dir='ltr'>ἒπιϐιώσει,</span> <span class='ocrx_word' id='word_1_407' title='bbox 2652 2562 2781 2642; x_wconf 78' lang='grc' dir='ltr'>ὅπερ</span> <span class='ocrx_word' id='word_1_408' title='bbox 2840 2563 2957 2623; x_wconf 70' lang='grc' dir='ltr'>οὒδὲ</span> <span class='ocrx_word' id='word_1_409' title='bbox 3013 2575 3172 2624; x_wconf 79' lang='grc' dir='ltr'>τοῦτο</span> <span class='ocrx_word' id='word_1_410' title='bbox 3216 2566 3446 2647; x_wconf 74' lang='grc' dir='ltr'>ἐσφάλη.</span> <span class='ocrx_word' id='word_1_411' title='bbox 3493 2569 3655 2646; x_wconf 81' lang='grc' dir='ltr'>Τρίτῃ</span> <span class='ocrx_word' id='word_1_412' title='bbox 3693 2590 3760 2626; x_wconf 75' lang='grc' dir='ltr'>τι</span> 
     </span>
    </p>
   </div>
   <div class='ocr_carea' id='block_1_59' title="bbox 2097 2650 3762 2737">
    <p class='ocr_par' dir='ltr' id='par_1_59' title="bbox 2097 2650 3762 2737">
     <span class='ocr_line' id='line_1_59' title="bbox 2097 2650 3762 2737; baseline 0.007 -33"><span class='ocrx_word' id='word_1_413' title='bbox 2097 2650 2195 2728; x_wconf 75' lang='grc' dir='ltr'><strong>γὰρ</strong></span> <span class='ocrx_word' id='word_1_414' title='bbox 2253 2652 2388 2724; x_wconf 83' lang='grc' dir='ltr'>μετὰ</span> <span class='ocrx_word' id='word_1_415' title='bbox 2445 2650 2626 2708; x_wconf 82' lang='grc' dir='ltr'>τούσδε</span> <span class='ocrx_word' id='word_1_416' title='bbox 2686 2654 2806 2715; x_wconf 85' lang='grc' dir='ltr'>τοὺς</span> <span class='ocrx_word' id='word_1_417' title='bbox 2864 2653 3056 2732; x_wconf 86' lang='grc' dir='ltr'>λόγους</span> <span class='ocrx_word' id='word_1_418' title='bbox 3130 2656 3304 2731; x_wconf 71' lang='grc' dir='ltr'>ἡμέρᾳ</span> <span class='ocrx_word' id='word_1_419' title='bbox 3372 2656 3586 2737; x_wconf 78' lang='grc' dir='ltr'>ἠνύετο,</span> <span class='ocrx_word' id='word_1_420' title='bbox 3661 2661 3762 2716; x_wconf 72' lang='grc' dir='ltr'><strong>καὶ</strong></span> 
     </span>
    </p>
   </div>
   <div class='ocr_carea' id='block_1_60' title="bbox 2097 2739 3760 2821">
    <p class='ocr_par' dir='ltr' id='par_1_60' title="bbox 2097 2739 3760 2821">
     <span class='ocr_line' id='line_1_60' title="bbox 2097 2739 3760 2821; baseline 0.005 -25"><span class='ocrx_word' id='word_1_421' title='bbox 2097 2741 2278 2818; x_wconf 81' lang='grc' dir='ltr'>τρίτην</span> <span class='ocrx_word' id='word_1_422' title='bbox 2338 2743 2364 2796; x_wconf 75' lang='grc' dir='ltr'><strong>ὃ</strong></span> <span class='ocrx_word' id='word_1_423' title='bbox 2423 2739 2713 2821; x_wconf 78' lang='grc' dir='ltr'>Νοέμϐριος</span> <span class='ocrx_word' id='word_1_424' title='bbox 2767 2743 2890 2821; x_wconf 77' lang='grc' dir='ltr'><strong>ἦγε.</strong></span> <span class='ocrx_word' id='word_1_425' title='bbox 2952 2745 3050 2802; x_wconf 80' lang='grc' dir='ltr'>Καὶ</span> <span class='ocrx_word' id='word_1_426' title='bbox 3109 2747 3136 2800; x_wconf 87' lang='grc' dir='ltr'>ὁ</span> <span class='ocrx_word' id='word_1_427' title='bbox 3189 2747 3288 2820; x_wconf 70' lang='grc' dir='ltr'>μὲν</span> <span class='ocrx_word' id='word_1_428' title='bbox 3331 2749 3475 2807; x_wconf 77' lang='grc' dir='ltr'>θεῖος</span> <span class='ocrx_word' id='word_1_429' title='bbox 3507 2745 3760 2805; x_wconf 85' lang='grc' dir='ltr'>Ἰωαννί-</span> 
     </span>
    </p>
   </div>
   <div class='ocr_carea' id='block_1_61' title="bbox 2097 2831 3759 2918">
    <p class='ocr_par' dir='ltr' id='par_1_61' title="bbox 2097 2831 3759 2918">
     <span class='ocr_line' id='line_1_61' title="bbox 2097 2831 3759 2918; baseline 0.004 -32"><span class='ocrx_word' id='word_1_430' title='bbox 2097 2849 2210 2895; x_wconf 76' lang='grc' dir='ltr'>κιος</span> <span class='ocrx_word' id='word_1_431' title='bbox 2267 2835 2343 2902; x_wconf 84' lang='grc' dir='ltr'><strong>τῷ</strong></span> <span class='ocrx_word' id='word_1_432' title='bbox 2401 2837 2662 2904; x_wconf 81' lang='grc' dir='ltr'>πνεύματι</span> <span class='ocrx_word' id='word_1_433' title='bbox 2723 2831 2844 2908; x_wconf 80' lang='grc' dir='ltr'>μὲν,</span> <span class='ocrx_word' id='word_1_434' title='bbox 2907 2834 3038 2909; x_wconf 78' lang='grc' dir='ltr'>πρὸς</span> <span class='ocrx_word' id='word_1_435' title='bbox 3098 2831 3157 2889; x_wconf 83' lang='grc' dir='ltr'><strong>ὅν</strong></span> <span class='ocrx_word' id='word_1_436' title='bbox 3213 2834 3404 2912; x_wconf 59' lang='grc' dir='ltr'>ἠγάπα</span> <span class='ocrx_word' id='word_1_437' title='bbox 3429 2844 3759 2918; x_wconf 69' lang='grc' dir='ltr'>μεταφοιτᾷ,</span> 
     </span>
    </p>
   </div>
   <div class='ocr_carea' id='block_1_62' title="bbox 2098 2919 3758 3003">
    <p class='ocr_par' dir='ltr' id='par_1_62' title="bbox 2098 2919 3758 3003">
     <span class='ocr_line' id='line_1_62' title="bbox 2098 2919 3758 3003; baseline 0.006 -29"><span class='ocrx_word' id='word_1_438' title='bbox 2098 2932 2291 2999; x_wconf 72' lang='grc' dir='ltr'>χοροῖς</span> <span class='ocrx_word' id='word_1_439' title='bbox 2362 2919 2605 2999; x_wconf 79' lang='grc' dir='ltr'>ἀγγέλων</span> <span class='ocrx_word' id='word_1_440' title='bbox 2667 2924 3181 3003; x_wconf 65' lang='grc' dir='ltr'>παραπεμπόμενος,</span> <span class='ocrx_word' id='word_1_441' title='bbox 3257 2947 3333 2998; x_wconf 87' lang='grc' dir='ltr'>τῳ</span> <span class='ocrx_word' id='word_1_442' title='bbox 3404 2925 3614 3001; x_wconf 79' lang='grc' dir='ltr'>σώματι</span> <span class='ocrx_word' id='word_1_443' title='bbox 3695 2926 3758 2984; x_wconf 71' lang='grc' dir='ltr'><strong>δε</strong></span> 
     </span>
    </p>
   </div>
   <div class='ocr_carea' id='block_1_63' title="bbox 2097 3010 3758 3093">
    <p class='ocr_par' dir='ltr' id='par_1_63' title="bbox 2097 3010 3758 3093">
     <span class='ocr_line' id='line_1_63' title="bbox 2097 3010 3758 3093; baseline 0.007 -31"><span class='ocrx_word' id='word_1_444' title='bbox 2097 3016 2239 3087; x_wconf 83' lang='grc' dir='ltr'>σορῷ</span> <span class='ocrx_word' id='word_1_445' title='bbox 2295 3014 2656 3073; x_wconf 86' lang='grc' dir='ltr'>κατατιθεται.</span> <span class='ocrx_word' id='word_1_446' title='bbox 2723 3011 2977 3077; x_wconf 84' lang='grc' dir='ltr'>Μεθόδιος</span> <span class='ocrx_word' id='word_1_447' title='bbox 3035 3010 3088 3067; x_wconf 77' lang='grc' dir='ltr'><strong>δὲ</strong></span> <span class='ocrx_word' id='word_1_448' title='bbox 3142 3014 3170 3069; x_wconf 83' lang='grc' dir='ltr'><strong>ὁ</strong></span> <span class='ocrx_word' id='word_1_449' title='bbox 3233 3014 3476 3093; x_wconf 77' lang='grc' dir='ltr'>λαμπρὸν</span> <span class='ocrx_word' id='word_1_450' title='bbox 3523 3014 3758 3093; x_wconf 78' lang='grc' dir='ltr'>λάμψας</span> 
     </span>
    </p>
   </div>
   <div class='ocr_carea' id='block_1_64' title="bbox 368 3096 1967 3184">
    <p class='ocr_par' dir='ltr' id='par_1_64' title="bbox 368 3101 1967 3184">
     <span class='ocr_line' id='line_1_64' title="bbox 368 3101 1967 3184; baseline -0.001 -20"><span class='ocrx_word' id='word_1_451' title='bbox 368 3102 692 3184; x_wconf 89' lang='lat' dir='ltr'><strong>deponitur</strong></span> <span class='ocrx_word' id='word_1_452' title='bbox 724 3103 781 3165; x_wconf 91' lang='lat' dir='ltr'><strong>in</strong></span> <span class='ocrx_word' id='word_1_453' title='bbox 808 3102 1026 3167; x_wconf 88' lang='lat' dir='ltr'><strong>loculo.</strong></span> <span class='ocrx_word' id='word_1_454' title='bbox 1064 3101 1396 3166; x_wconf 66' lang='lat' dir='ltr'><strong>llethodius</strong></span> <span class='ocrx_word' id='word_1_455' title='bbox 1417 3109 1641 3182; x_wconf 87' lang='lat' dir='ltr'><strong>autem,</strong></span> <span class='ocrx_word' id='word_1_456' title='bbox 1676 3102 1776 3182; x_wconf 90' lang='lat' dir='ltr'><strong>qui</strong></span> <span class='ocrx_word' id='word_1_457' title='bbox 1802 3102 1967 3164; x_wconf 79' lang='lat' dir='ltr'><strong>claris</strong></span> 
     </span>
    </p>
   </div>
   <div class='ocr_carea' id='block_1_65' title="bbox 2152 3096 3757 3184">
    <p class='ocr_par' dir='ltr' id='par_1_65' title="bbox 2152 3099 3757 3178">
     <span class='ocr_line' id='line_1_65' title="bbox 2152 3099 3757 3178; baseline 0.006 -25"><span class='ocrx_word' id='word_1_458' title='bbox 2152 3129 2153 3137; x_wconf 60' lang='grc' dir='ltr'><strong>ι</strong></span> <span class='ocrx_word' id='word_1_459' title='bbox 2226 3099 2608 3178; x_wconf 83' lang='grc' dir='ltr'>πατριάρχαις,</span> <span class='ocrx_word' id='word_1_460' title='bbox 2669 3101 2806 3175; x_wconf 86' lang='grc' dir='ltr'>μετᾶ</span> <span class='ocrx_word' id='word_1_461' title='bbox 2855 3105 3030 3175; x_wconf 81' lang='grc' dir='ltr'>μῆνας</span> <span class='ocrx_word' id='word_1_462' title='bbox 3096 3104 3180 3158; x_wconf 75' lang='grc' dir='ltr'><strong>καὶ</strong></span> <span class='ocrx_word' id='word_1_463' title='bbox 3239 3103 3390 3167; x_wconf 77' lang='grc' dir='ltr'>οὗτος</span> <span class='ocrx_word' id='word_1_464' title='bbox 3448 3105 3591 3162; x_wconf 74' lang='grc' dir='ltr'>ὀκτὼ</span> <span class='ocrx_word' id='word_1_465' title='bbox 3646 3107 3757 3176; x_wconf 76' lang='grc' dir='ltr'><strong>τῆς</strong></span> 
     </span>
    </p>
   </div>
   <div class='ocr_carea' id='block_1_66' title="bbox 365 3191 2018 3272">
    <p class='ocr_par' dir='ltr' id='par_1_66' title="bbox 365 3191 2018 3272">
     <span class='ocr_line' id='line_1_66' title="bbox 365 3191 2018 3272; baseline 0 -19"><span class='ocrx_word' id='word_1_466' title='bbox 365 3191 517 3254; x_wconf 89' lang='lat' dir='ltr'><strong>sime</strong></span> <span class='ocrx_word' id='word_1_467' title='bbox 545 3192 777 3255; x_wconf 80' lang='lat' dir='ltr'><strong>refulsit</strong></span> <span class='ocrx_word' id='word_1_468' title='bbox 802 3191 961 3255; x_wconf 91' lang='lat' dir='ltr'><strong>inter</strong></span> <span class='ocrx_word' id='word_1_469' title='bbox 980 3191 1375 3272; x_wconf 84' lang='lat' dir='ltr'><strong>patriarchas,</strong></span> <span class='ocrx_word' id='word_1_470' title='bbox 1401 3191 1526 3272; x_wconf 88' lang='lat' dir='ltr'><strong>ipse</strong></span> <span class='ocrx_word' id='word_1_471' title='bbox 1557 3209 1793 3272; x_wconf 82' lang='lat' dir='ltr'><strong>quoque</strong></span> <span class='ocrx_word' id='word_1_472' title='bbox 1815 3199 2018 3253; x_wconf 90' lang='lat' dir='ltr'><strong>octavo</strong></span> 
     </span>
    </p>
   </div>
   <div class='ocr_carea' id='block_1_67' title="bbox 365 3279 2020 3364">
    <p class='ocr_par' dir='ltr' id='par_1_67' title="bbox 365 3279 2020 3364">
     <span class='ocr_line' id='line_1_67' title="bbox 365 3279 2020 3364; baseline 0.001 -23"><span class='ocrx_word' id='word_1_473' title='bbox 365 3298 572 3344; x_wconf 80' lang='lat' dir='ltr'><strong>mense</strong></span> <span class='ocrx_word' id='word_1_474' title='bbox 602 3292 735 3364; x_wconf 87' lang='lat' dir='ltr'><strong>post</strong></span> <span class='ocrx_word' id='word_1_475' title='bbox 768 3281 928 3344; x_wconf 87' lang='lat' dir='ltr'><strong>illius</strong></span> <span class='ocrx_word' id='word_1_476' title='bbox 962 3282 1312 3356; x_wconf 88' lang='lat' dir='ltr'><strong>decessum,</strong></span> <span class='ocrx_word' id='word_1_477' title='bbox 1346 3279 1601 3342; x_wconf 80' lang='lat' dir='ltr'><strong>excessit</strong></span> <span class='ocrx_word' id='word_1_478' title='bbox 1635 3299 1706 3342; x_wconf 84' lang='lat' dir='ltr'><strong>ex</strong></span> <span class='ocrx_word' id='word_1_479' title='bbox 1754 3279 1865 3342; x_wconf 87' lang='lat' dir='ltr'><strong>hac</strong></span> <span class='ocrx_word' id='word_1_480' title='bbox 1903 3280 2020 3342; x_wconf 84' lang='lat' dir='ltr'><strong>vita</strong></span> 
     </span>
    </p>
   </div>
   <div class='ocr_carea' id='block_1_68' title="bbox 364 3371 1061 3451">
    <p class='ocr_par' dir='ltr' id='par_1_68' title="bbox 364 3371 1061 3451">
     <span class='ocr_line' id='line_1_68' title="bbox 364 3371 1061 3451; baseline 0.007 -20"><span class='ocrx_word' id='word_1_481' title='bbox 364 3378 573 3451; x_wconf 86' lang='lat' dir='ltr'><strong>quarto</strong></span> <span class='ocrx_word' id='word_1_482' title='bbox 605 3371 837 3433; x_wconf 89' lang='lat' dir='ltr'><strong>decimo</strong></span> <span class='ocrx_word' id='word_1_483' title='bbox 871 3371 1061 3436; x_wconf 82' lang='lat' dir='ltr'><strong>Junii.</strong></span> 
     </span>
    </p>
   </div>
   <div class='ocr_carea' id='block_1_69' title="bbox 446 3458 2018 3540">
    <p class='ocr_par' dir='ltr' id='par_1_69' title="bbox 446 3458 2018 3540">
     <span class='ocr_line' id='line_1_69' title="bbox 446 3458 2018 3540; baseline 0.001 -19"><span class='ocrx_word' id='word_1_484' title='bbox 446 3458 644 3523; x_wconf 80' lang='lat' dir='ltr'><strong>LVIII.</strong></span> <span class='ocrx_word' id='word_1_485' title='bbox 685 3459 964 3534; x_wconf 66' lang='lat' dir='ltr'><strong>Quaenam</strong></span> <span class='ocrx_word' id='word_1_486' title='bbox 997 3468 1194 3523; x_wconf 83' lang='lat' dir='ltr'><strong>autem</strong></span> <span class='ocrx_word' id='word_1_487' title='bbox 1237 3469 1376 3522; x_wconf 91' lang='lat' dir='ltr'><strong>sunt</strong></span> <span class='ocrx_word' id='word_1_488' title='bbox 1408 3479 1502 3536; x_wconf 85' lang='lat' dir='ltr'><strong>ea,</strong></span> <span class='ocrx_word' id='word_1_489' title='bbox 1537 3477 1669 3540; x_wconf 64' lang='lat' dir='ltr'><strong>qum</strong></span> <span class='ocrx_word' id='word_1_490' title='bbox 1699 3458 1850 3522; x_wconf 89' lang='lat' dir='ltr'><strong>facta</strong></span> <span class='ocrx_word' id='word_1_491' title='bbox 1878 3467 2018 3522; x_wconf 91' lang='lat' dir='ltr'><strong>sunt</strong></span> 
     </span>
    </p>
   </div>
   <div class='ocr_carea' id='block_1_70' title="bbox 362 3548 2012 3631">
    <p class='ocr_par' dir='ltr' id='par_1_70' title="bbox 362 3548 2012 3631">
     <span class='ocr_line' id='line_1_70' title="bbox 362 3548 2012 3631; baseline 0 -20"><span class='ocrx_word' id='word_1_492' title='bbox 362 3550 423 3612; x_wconf 90' lang='lat' dir='ltr'><strong>in</strong></span> <span class='ocrx_word' id='word_1_493' title='bbox 447 3558 640 3614; x_wconf 85' lang='lat' dir='ltr'><strong>morte</strong></span> <span class='ocrx_word' id='word_1_494' title='bbox 661 3559 720 3612; x_wconf 87' lang='lat' dir='ltr'><strong>et</strong></span> <span class='ocrx_word' id='word_1_495' title='bbox 747 3559 882 3631; x_wconf 89' lang='lat' dir='ltr'><strong>post</strong></span> <span class='ocrx_word' id='word_1_496' title='bbox 904 3556 1156 3611; x_wconf 90' lang='lat' dir='ltr'><strong>mortem</strong></span> <span class='ocrx_word' id='word_1_497' title='bbox 1178 3548 1548 3611; x_wconf 84' lang='lat' dir='ltr'><strong>admirabilis</strong></span> <span class='ocrx_word' id='word_1_498' title='bbox 1568 3549 1742 3628; x_wconf 84' lang='lat' dir='ltr'><strong>hujus</strong></span> <span class='ocrx_word' id='word_1_499' title='bbox 1763 3548 2012 3613; x_wconf 82' lang='lat' dir='ltr'><strong>Joanni-</strong></span> 
     </span>
    </p>
   </div>
   <div class='ocr_carea' id='block_1_71' title="bbox 363 3637 2013 3716">
    <p class='ocr_par' dir='ltr' id='par_1_71' title="bbox 363 3637 2013 3716">
     <span class='ocr_line' id='line_1_71' title="bbox 363 3637 2013 3716; baseline 0.001 -15"><span class='ocrx_word' id='word_1_500' title='bbox 363 3639 486 3701; x_wconf 84' lang='lat' dir='ltr'><strong>cii?</strong></span> <span class='ocrx_word' id='word_1_501' title='bbox 503 3637 932 3701; x_wconf 84' lang='lat' dir='ltr'><strong>Dissolutorum</strong></span> <span class='ocrx_word' id='word_1_502' title='bbox 962 3638 1366 3700; x_wconf 87' lang='lat' dir='ltr'><strong>membrorum</strong></span> <span class='ocrx_word' id='word_1_503' title='bbox 1391 3638 2013 3716; x_wconf 78' lang='lat' dir='ltr'><strong>conﬁrmationes,h0-</strong></span> 
     </span>
    </p>
   </div>
   <div class='ocr_carea' id='block_1_72' title="bbox 365 3727 2010 3809">
    <p class='ocr_par' dir='ltr' id='par_1_72' title="bbox 365 3727 2010 3809">
     <span class='ocr_line' id='line_1_72' title="bbox 365 3727 2010 3809; baseline 0 -19"><span class='ocrx_word' id='word_1_504' title='bbox 365 3728 558 3792; x_wconf 83' lang='lat' dir='ltr'><strong>mines</strong></span> <span class='ocrx_word' id='word_1_505' title='bbox 585 3727 818 3791; x_wconf 86' lang='lat' dir='ltr'><strong>liberati</strong></span> <span class='ocrx_word' id='word_1_506' title='bbox 849 3746 883 3791; x_wconf 84' lang='lat' dir='ltr'><strong>a</strong></span> <span class='ocrx_word' id='word_1_507' title='bbox 917 3728 1188 3807; x_wconf 79' lang='lat' dir='ltr'><strong>malignis</strong></span> <span class='ocrx_word' id='word_1_508' title='bbox 1220 3727 1551 3809; x_wconf 71' lang='lat' dir='ltr'><strong>spiritibus,</strong></span> <span class='ocrx_word' id='word_1_509' title='bbox 1600 3727 1652 3790; x_wconf 90' lang='lat' dir='ltr'><strong>si</strong></span> <span class='ocrx_word' id='word_1_510' title='bbox 1699 3728 1896 3790; x_wconf 90' lang='lat' dir='ltr'><strong>solum</strong></span> <span class='ocrx_word' id='word_1_511' title='bbox 1937 3727 2010 3790; x_wconf 86' lang='lat' dir='ltr'><strong>ad</strong></span> 
     </span>
    </p>
   </div>
   <div class='ocr_carea' id='block_1_73' title="bbox 360 3818 2012 3899">
    <p class='ocr_par' dir='ltr' id='par_1_73' title="bbox 360 3818 2012 3899">
     <span class='ocr_line' id='line_1_73' title="bbox 360 3818 2012 3899; baseline 0 -19"><span class='ocrx_word' id='word_1_512' title='bbox 360 3836 595 3899; x_wconf 88' lang='lat' dir='ltr'><strong>capsam</strong></span> <span class='ocrx_word' id='word_1_513' title='bbox 619 3819 778 3880; x_wconf 86' lang='lat' dir='ltr'><strong>illius</strong></span> <span class='ocrx_word' id='word_1_514' title='bbox 795 3823 1214 3882; x_wconf 85' lang='lat' dir='ltr'><strong>accessissent.</strong></span> <span class='ocrx_word' id='word_1_515' title='bbox 1243 3818 1461 3891; x_wconf 85' lang='lat' dir='ltr'><strong>Quidni</strong></span> <span class='ocrx_word' id='word_1_516' title='bbox 1495 3818 1652 3880; x_wconf 90' lang='lat' dir='ltr'><strong>enim</strong></span> <span class='ocrx_word' id='word_1_517' title='bbox 1681 3827 1810 3880; x_wconf 90' lang='lat' dir='ltr'><strong>erat</strong></span> <span class='ocrx_word' id='word_1_518' title='bbox 1836 3819 2012 3881; x_wconf 82' lang='lat' dir='ltr'><strong>Joan-</strong></span> 
     </span>
    </p>
   </div>
   <div class='ocr_carea' id='block_1_74' title="bbox 363 3905 2008 3986">
    <p class='ocr_par' dir='ltr' id='par_1_74' title="bbox 363 3905 2008 3986">
     <span class='ocr_line' id='line_1_74' title="bbox 363 3905 2008 3986; baseline 0.001 -19"><span class='ocrx_word' id='word_1_519' title='bbox 363 3907 560 3970; x_wconf 85' lang='lat' dir='ltr'><strong>nicius</strong></span> <span class='ocrx_word' id='word_1_520' title='bbox 589 3906 662 3968; x_wconf 89' lang='lat' dir='ltr'><strong>iis</strong></span> <span class='ocrx_word' id='word_1_521' title='bbox 709 3907 892 3968; x_wconf 88' lang='lat' dir='ltr'><strong>rebus</strong></span> <span class='ocrx_word' id='word_1_522' title='bbox 920 3905 1010 3967; x_wconf 85' lang='lat' dir='ltr'><strong>vel</strong></span> <span class='ocrx_word' id='word_1_523' title='bbox 1069 3915 1203 3986; x_wconf 87' lang='lat' dir='ltr'><strong>post</strong></span> <span class='ocrx_word' id='word_1_524' title='bbox 1250 3923 1507 3969; x_wconf 62' lang='lat' dir='ltr'><strong>moriem</strong></span> <span class='ocrx_word' id='word_1_525' title='bbox 1556 3907 2008 3985; x_wconf 84' lang='lat' dir='ltr'><strong>gloriﬁcandus,</strong></span> 
     </span>
    </p>
   </div>
   <div class='ocr_carea' id='block_1_75' title="bbox 365 3994 2015 4074">
    <p class='ocr_par' dir='ltr' id='par_1_75' title="bbox 365 3994 2015 4074">
     <span class='ocr_line' id='line_1_75' title="bbox 365 3994 2015 4074; baseline 0.001 -18"><span class='ocrx_word' id='word_1_526' title='bbox 365 3996 536 4071; x_wconf 80' lang='lat' dir='ltr'><strong>cujus</strong></span> <span class='ocrx_word' id='word_1_527' title='bbox 565 3994 878 4055; x_wconf 84' lang='lat' dir='ltr'><strong>decessum</strong></span> <span class='ocrx_word' id='word_1_528' title='bbox 914 3994 1197 4056; x_wconf 86' lang='lat' dir='ltr'><strong>columna</strong></span> <span class='ocrx_word' id='word_1_529' title='bbox 1223 3995 1378 4074; x_wconf 87' lang='lat' dir='ltr'><strong>ignis</strong></span> <span class='ocrx_word' id='word_1_530' title='bbox 1406 3994 1752 4074; x_wconf 72' lang='lat' dir='ltr'><strong>signiﬁcavii</strong></span> <span class='ocrx_word' id='word_1_531' title='bbox 1785 3996 1874 4064; x_wconf 87' lang='lat' dir='ltr'><strong>iis,</strong></span> <span class='ocrx_word' id='word_1_532' title='bbox 1911 3995 2015 4071; x_wconf 88' lang='lat' dir='ltr'><strong>qui</strong></span> 
     </span>
    </p>
   </div>
   <div class='ocr_carea' id='block_1_76' title="bbox 367 4082 2009 4166">
    <p class='ocr_par' dir='ltr' id='par_1_76' title="bbox 367 4082 2009 4166">
     <span class='ocr_line' id='line_1_76' title="bbox 367 4082 2009 4166; baseline 0.001 -22"><span class='ocrx_word' id='word_1_533' title='bbox 367 4082 607 4145; x_wconf 85' lang='lat' dir='ltr'><strong>erantin</strong></span> <span class='ocrx_word' id='word_1_534' title='bbox 623 4094 824 4144; x_wconf 89' lang='lat' dir='ltr'><strong>monte</strong></span> <span class='ocrx_word' id='word_1_535' title='bbox 837 4082 1127 4164; x_wconf 81' lang='lat' dir='ltr'><strong>Olympo?</strong></span> <span class='ocrx_word' id='word_1_536' title='bbox 1149 4102 1324 4164; x_wconf 89' lang='lat' dir='ltr'><strong>quem</strong></span> <span class='ocrx_word' id='word_1_537' title='bbox 1342 4093 1778 4166; x_wconf 58' lang='lat' dir='ltr'><strong>praecesserunt</strong></span> <span class='ocrx_word' id='word_1_538' title='bbox 1792 4086 2009 4164; x_wconf 79' lang='lat' dir='ltr'><strong>angeli,</strong></span> 
     </span>
    </p>
   </div>
   <div class='ocr_carea' id='block_1_77' title="bbox 367 4171 2012 4253">
    <p class='ocr_par' dir='ltr' id='par_1_77' title="bbox 367 4171 2012 4253">
     <span class='ocr_line' id='line_1_77' title="bbox 367 4171 2012 4253; baseline 0.002 -20"><span class='ocrx_word' id='word_1_539' title='bbox 367 4171 626 4252; x_wconf 85' lang='lat' dir='ltr'><strong>paradisi</strong></span> <span class='ocrx_word' id='word_1_540' title='bbox 659 4179 857 4253; x_wconf 82' lang='lat' dir='ltr'><strong>portas</strong></span> <span class='ocrx_word' id='word_1_541' title='bbox 888 4171 944 4233; x_wconf 92' lang='lat' dir='ltr'><strong>ei</strong></span> <span class='ocrx_word' id='word_1_542' title='bbox 967 4174 1333 4253; x_wconf 87' lang='lat' dir='ltr'><strong>aperientes,</strong></span> <span class='ocrx_word' id='word_1_543' title='bbox 1356 4182 1414 4236; x_wconf 92' lang='lat' dir='ltr'><strong>et</strong></span> <span class='ocrx_word' id='word_1_544' title='bbox 1441 4175 1910 4236; x_wconf 88' lang='lat' dir='ltr'><strong>transmittentes</strong></span> <span class='ocrx_word' id='word_1_545' title='bbox 1941 4173 2012 4236; x_wconf 81' lang='lat' dir='ltr'><strong>ad</strong></span> 
     </span>
    </p>
   </div>
   <div class='ocr_carea' id='block_1_78' title="bbox 368 4261 2013 4345">
    <p class='ocr_par' dir='ltr' id='par_1_78' title="bbox 368 4261 2013 4345">
     <span class='ocr_line' id='line_1_78' title="bbox 368 4261 2013 4345; baseline 0.001 -22"><span class='ocrx_word' id='word_1_546' title='bbox 368 4278 527 4343; x_wconf 87' lang='lat' dir='ltr'><strong>eam,</strong></span> <span class='ocrx_word' id='word_1_547' title='bbox 559 4279 692 4342; x_wconf 68' lang='lat' dir='ltr'><strong>quae</strong></span> <span class='ocrx_word' id='word_1_548' title='bbox 721 4270 811 4324; x_wconf 91' lang='lat' dir='ltr'><strong>est</strong></span> <span class='ocrx_word' id='word_1_549' title='bbox 837 4261 981 4331; x_wconf 88' lang='lat' dir='ltr'><strong>illic.</strong></span> <span class='ocrx_word' id='word_1_550' title='bbox 1020 4263 1477 4336; x_wconf 86' lang='lat' dir='ltr'><strong>beatitudinem,</strong></span> <span class='ocrx_word' id='word_1_551' title='bbox 1525 4281 1673 4345; x_wconf 89' lang='lat' dir='ltr'><strong>pure</strong></span> <span class='ocrx_word' id='word_1_552' title='bbox 1705 4263 2013 4345; x_wconf 86' lang='lat' dir='ltr'><strong>apparitu-</strong></span> 
     </span>
    </p>
   </div>
   <div class='ocr_carea' id='block_1_79' title="bbox 2099 3185 3755 3268">
    <p class='ocr_par' dir='ltr' id='par_1_79' title="bbox 2099 3185 3755 3268">
     <span class='ocr_line' id='line_1_79' title="bbox 2099 3185 3755 3268; baseline 0.006 -27"><span class='ocrx_word' id='word_1_553' title='bbox 2099 3185 2298 3243; x_wconf 76' lang='grc' dir='ltr'>ἐκείνου</span> <span class='ocrx_word' id='word_1_554' title='bbox 2364 3187 2617 3258; x_wconf 72' lang='grc' dir='ltr'>τελευτῆς</span> <span class='ocrx_word' id='word_1_555' title='bbox 2688 3187 2912 3265; x_wconf 82' lang='grc' dir='ltr'>ἆπεϐίω,</span> <span class='ocrx_word' id='word_1_556' title='bbox 2987 3189 3562 3268; x_wconf 71' lang='grc' dir='ltr'>τεσσαρεσκαιδεκάτης</span> <span class='ocrx_word' id='word_1_557' title='bbox 3628 3193 3755 3253; x_wconf 73' lang='grc' dir='ltr'>ἑνι-</span> 
     </span>
    </p>
   </div>
   <div class='ocr_carea' id='block_1_80' title="bbox 2100 3277 2736 3354">
    <p class='ocr_par' dir='ltr' id='par_1_80' title="bbox 2100 3277 2736 3354">
     <span class='ocr_line' id='line_1_80' title="bbox 2100 3277 2736 3354; baseline 0.006 -20"><span class='ocrx_word' id='word_1_558' title='bbox 2100 3277 2367 3352; x_wconf 82' lang='grc' dir='ltr'>σταμένης</span> <span class='ocrx_word' id='word_1_559' title='bbox 2400 3285 2474 3351; x_wconf 87' lang='grc' dir='ltr'>τῷ</span> <span class='ocrx_word' id='word_1_560' title='bbox 2519 3277 2736 3354; x_wconf 82' lang='grc' dir='ltr'>Ἰουνίῳ.</span> 
     </span>
    </p>
   </div>
   <div class='ocr_carea' id='block_1_81' title="bbox 2176 3455 3756 3538">
    <p class='ocr_par' dir='ltr' id='par_1_81' title="bbox 2176 3455 3756 3538">
     <span class='ocr_line' id='line_1_81' title="bbox 2176 3455 3756 3538; baseline 0.004 -24"><span class='ocrx_word' id='word_1_561' title='bbox 2176 3455 2310 3514; x_wconf 82' lang='lat' dir='ltr'><strong>NB&#39;.</strong></span> <span class='ocrx_word' id='word_1_562' title='bbox 2341 3455 2466 3514; x_wconf 87' lang='grc' dir='ltr'>Τίνα</span> <span class='ocrx_word' id='word_1_563' title='bbox 2496 3465 2620 3535; x_wconf 63' lang='grc' dir='ltr'>γοῦν</span> <span class='ocrx_word' id='word_1_564' title='bbox 2649 3457 2713 3512; x_wconf 81' lang='grc' dir='ltr'><strong>τὰ</strong></span> <span class='ocrx_word' id='word_1_565' title='bbox 2746 3458 2880 3515; x_wconf 74' lang='grc' dir='ltr'>κατὰ</span> <span class='ocrx_word' id='word_1_566' title='bbox 2910 3457 3006 3526; x_wconf 74' lang='grc' dir='ltr'><strong>τὴν</strong></span> <span class='ocrx_word' id='word_1_567' title='bbox 3036 3455 3288 3529; x_wconf 69' lang='grc' dir='ltr'>τελευτήν</span> <span class='ocrx_word' id='word_1_568' title='bbox 3351 3480 3401 3516; x_wconf 79' lang='grc' dir='ltr'><strong>τε</strong></span> <span class='ocrx_word' id='word_1_569' title='bbox 3458 3461 3547 3517; x_wconf 87' lang='grc' dir='ltr'><strong>καὶ</strong></span> <span class='ocrx_word' id='word_1_570' title='bbox 3605 3463 3756 3538; x_wconf 81' lang='grc' dir='ltr'>μετᾶ</span> 
     </span>
    </p>
   </div>
   <div class='ocr_carea' id='block_1_82' title="bbox 2095 3543 3754 3624">
    <p class='ocr_par' dir='ltr' id='par_1_82' title="bbox 2095 3543 3754 3624">
     <span class='ocr_line' id='line_1_82' title="bbox 2095 3543 3754 3624; baseline 0.004 -22"><span class='ocrx_word' id='word_1_571' title='bbox 2095 3545 2194 3613; x_wconf 71' lang='grc' dir='ltr'><strong>τὴν</strong></span> <span class='ocrx_word' id='word_1_572' title='bbox 2277 3543 2532 3604; x_wconf 63' lang='grc' dir='ltr'>τελευτὶν</span> <span class='ocrx_word' id='word_1_573' title='bbox 2612 3553 2707 3603; x_wconf 81' lang='grc' dir='ltr'>τοῦ</span> <span class='ocrx_word' id='word_1_574' title='bbox 2774 3549 3080 3624; x_wconf 74' lang='grc' dir='ltr'>θαυμαστοῦ</span> <span class='ocrx_word' id='word_1_575' title='bbox 3160 3548 3345 3605; x_wconf 86' lang='grc' dir='ltr'>τούτου</span> <span class='ocrx_word' id='word_1_576' title='bbox 3417 3548 3754 3609; x_wconf 81' lang='grc' dir='ltr'>’Ῑωαννικίου</span> 
     </span>
    </p>
   </div>
   <div class='ocr_carea' id='block_1_83' title="bbox 2093 3633 3756 3718">
    <p class='ocr_par' dir='ltr' id='par_1_83' title="bbox 2093 3633 3756 3718">
     <span class='ocr_line' id='line_1_83' title="bbox 2093 3633 3756 3718; baseline 0.003 -28"><span class='ocrx_word' id='word_1_577' title='bbox 2093 3655 2155 3712; x_wconf 82' lang='grc' dir='ltr'>γε</span> <span class='ocrx_word' id='word_1_578' title='bbox 2171 3633 2428 3714; x_wconf 70' lang='grc' dir='ltr'>ίενημὲνα</span> <span class='ocrx_word' id='word_1_579' title='bbox 2463 3655 2480 3706; x_wconf 85' lang='lat'><strong>;</strong></span> <span class='ocrx_word' id='word_1_580' title='bbox 2517 3636 2857 3712; x_wconf 80' lang='grc' dir='ltr'>Παρειμὲνων</span> <span class='ocrx_word' id='word_1_581' title='bbox 2917 3635 3214 3717; x_wconf 73' lang='grc' dir='ltr'>συσφίγξεις</span> <span class='ocrx_word' id='word_1_582' title='bbox 3271 3636 3474 3718; x_wconf 78' lang='grc' dir='ltr'>μελσῦν,</span> <span class='ocrx_word' id='word_1_583' title='bbox 3533 3637 3756 3717; x_wconf 75' lang='grc' dir='ltr'>ἅνθρω-</span> 
     </span>
    </p>
   </div>
   <div class='ocr_carea' id='block_1_84' title="bbox 2097 3723 3758 3804">
    <p class='ocr_par' dir='ltr' id='par_1_84' title="bbox 2097 3723 3758 3804">
     <span class='ocr_line' id='line_1_84' title="bbox 2097 3723 3758 3804; baseline 0.004 -24"><span class='ocrx_word' id='word_1_584' title='bbox 2097 3747 2184 3780; x_wconf 88' lang='grc' dir='ltr'><strong>ποι</strong></span> <span class='ocrx_word' id='word_1_585' title='bbox 2245 3730 2492 3802; x_wconf 83' lang='grc' dir='ltr'>πονηρῶν</span> <span class='ocrx_word' id='word_1_586' title='bbox 2547 3723 3014 3802; x_wconf 79' lang='grc' dir='ltr'>ἀπαλλαττόμενοι</span> <span class='ocrx_word' id='word_1_587' title='bbox 3072 3727 3409 3802; x_wconf 79' lang='grc' dir='ltr'>πνευμάτων,</span> <span class='ocrx_word' id='word_1_588' title='bbox 3472 3729 3636 3804; x_wconf 89' lang='grc' dir='ltr'>μόνον</span> <span class='ocrx_word' id='word_1_589' title='bbox 3701 3734 3758 3787; x_wconf 66' lang='grc' dir='ltr'>αἱ</span> 
     </span>
    </p>
   </div>
   <div class='ocr_carea' id='block_1_85' title="bbox 2093 3813 3759 3896">
    <p class='ocr_par' dir='ltr' id='par_1_85' title="bbox 2093 3813 3759 3896">
     <span class='ocr_line' id='line_1_85' title="bbox 2093 3813 3759 3896; baseline 0.004 -26"><span class='ocrx_word' id='word_1_590' title='bbox 2093 3820 2161 3890; x_wconf 81' lang='grc' dir='ltr'>τῇ</span> <span class='ocrx_word' id='word_1_591' title='bbox 2225 3813 2425 3869; x_wconf 69' lang='grc' dir='ltr'>ἐκείνου</span> <span class='ocrx_word' id='word_1_592' title='bbox 2481 3819 2624 3891; x_wconf 79' lang='grc' dir='ltr'>σορῷ</span> <span class='ocrx_word' id='word_1_593' title='bbox 2693 3815 3056 3892; x_wconf 76' lang='grc' dir='ltr'>προσέλθοιεν.</span> <span class='ocrx_word' id='word_1_594' title='bbox 3134 3817 3232 3874; x_wconf 79' lang='grc' dir='ltr'>Καὶ</span> <span class='ocrx_word' id='word_1_595' title='bbox 3301 3817 3416 3881; x_wconf 78' lang='grc' dir='ltr'><strong>πῶς</strong></span> <span class='ocrx_word' id='word_1_596' title='bbox 3491 3817 3589 3896; x_wconf 74' lang='grc' dir='ltr'>γὰρ</span> <span class='ocrx_word' id='word_1_597' title='bbox 3649 3819 3759 3876; x_wconf 75' lang='grc' dir='ltr'>οὒκ</span> 
     </span>
    </p>
   </div>
   <div class='ocr_carea' id='block_1_86' title="bbox 2093 3899 3758 3980">
    <p class='ocr_par' dir='ltr' id='par_1_86' title="bbox 2093 3899 3758 3980">
     <span class='ocr_line' id='line_1_86' title="bbox 2093 3899 3758 3980; baseline 0.002 -20"><span class='ocrx_word' id='word_1_598' title='bbox 2093 3901 2318 3974; x_wconf 74' lang='grc' dir='ltr'>ἔμελλεν</span> <span class='ocrx_word' id='word_1_599' title='bbox 2351 3899 2667 3969; x_wconf 75' lang='grc' dir='ltr'>Ἰωαννὲκιος</span> <span class='ocrx_word' id='word_1_600' title='bbox 2726 3907 2986 3968; x_wconf 86' lang='grc' dir='ltr'>τοιούτοις</span> <span class='ocrx_word' id='word_1_601' title='bbox 3043 3907 3140 3961; x_wconf 67' lang='grc' dir='ltr'>καὶ</span> <span class='ocrx_word' id='word_1_602' title='bbox 3198 3906 3334 3980; x_wconf 80' lang='grc' dir='ltr'>μετὰ</span> <span class='ocrx_word' id='word_1_603' title='bbox 3397 3905 3618 3964; x_wconf 75' lang='grc' dir='ltr'>θάνατον</span> <span class='ocrx_word' id='word_1_604' title='bbox 3650 3905 3758 3963; x_wconf 75' lang='grc' dir='ltr'><strong>ἑν-</strong></span> 
     </span>
    </p>
   </div>
   <div class='ocr_carea' id='block_1_87' title="bbox 2095 3990 3758 4074">
    <p class='ocr_par' dir='ltr' id='par_1_87' title="bbox 2095 3990 3758 4074">
     <span class='ocr_line' id='line_1_87' title="bbox 2095 3990 3758 4074; baseline 0.003 -26"><span class='ocrx_word' id='word_1_605' title='bbox 2095 3990 2431 4074; x_wconf 14' lang='grc' dir='ltr'>δοξασθῆναιᾼ,</span> <span class='ocrx_word' id='word_1_606' title='bbox 2493 3992 2553 4049; x_wconf 75' lang='grc' dir='ltr'><strong>οὗ</strong></span> <span class='ocrx_word' id='word_1_607' title='bbox 2606 3993 2705 4061; x_wconf 77' lang='grc' dir='ltr'><strong>τὴν</strong></span> <span class='ocrx_word' id='word_1_608' title='bbox 2757 3992 3013 4069; x_wconf 75' lang='grc' dir='ltr'>ἐκδημίαν</span> <span class='ocrx_word' id='word_1_609' title='bbox 3071 3992 3258 4056; x_wconf 76' lang='grc' dir='ltr'>στύλος</span> <span class='ocrx_word' id='word_1_610' title='bbox 3319 3995 3481 4074; x_wconf 72' lang='grc' dir='ltr'>πυρὸς</span> <span class='ocrx_word' id='word_1_611' title='bbox 3534 4009 3654 4059; x_wconf 77' lang='grc' dir='ltr'>τοῖς</span> <span class='ocrx_word' id='word_1_612' title='bbox 3687 3996 3758 4053; x_wconf 74' lang='grc' dir='ltr'>ἐν</span> 
     </span>
    </p>
   </div>
   <div class='ocr_carea' id='block_1_88' title="bbox 2097 4072 3759 4163">
    <p class='ocr_par' dir='ltr' id='par_1_88' title="bbox 2097 4072 3759 4163">
     <span class='ocr_line' id='line_1_88' title="bbox 2097 4072 3759 4163; baseline 0.003 -24"><span class='ocrx_word' id='word_1_613' title='bbox 2097 4087 2172 4153; x_wconf 82' lang='grc' dir='ltr'>τῷ</span> <span class='ocrx_word' id='word_1_614' title='bbox 2222 4079 2342 4140; x_wconf 86' lang='grc' dir='ltr'>κατ’</span> <span class='ocrx_word' id='word_1_615' title='bbox 2397 4072 2674 4158; x_wconf 68' lang='grc' dir='ltr'>’Ὄλυμπον</span> <span class='ocrx_word' id='word_1_616' title='bbox 2737 4079 2843 4156; x_wconf 73' lang='grc' dir='ltr'>ὄρει</span> <span class='ocrx_word' id='word_1_617' title='bbox 2914 4080 3127 4157; x_wconf 59' lang='grc' dir='ltr'>ἐδήλου,</span> <span class='ocrx_word' id='word_1_618' title='bbox 3197 4083 3258 4139; x_wconf 69' lang='grc' dir='ltr'><strong>οὗ</strong></span> <span class='ocrx_word' id='word_1_619' title='bbox 3319 4072 3759 4163; x_wconf 81' lang='grc' dir='ltr'>προεπορεύοντο</span> 
     </span>
    </p>
   </div>
   <div class='ocr_carea' id='block_1_89' title="bbox 2097 4172 3761 4254">
    <p class='ocr_par' dir='ltr' id='par_1_89' title="bbox 2097 4172 3761 4254">
     <span class='ocr_line' id='line_1_89' title="bbox 2097 4172 3761 4254; baseline 0.002 -24"><span class='ocrx_word' id='word_1_620' title='bbox 2097 4172 2314 4253; x_wconf 70' lang='grc' dir='ltr'>ἄγγελοι</span> <span class='ocrx_word' id='word_1_621' title='bbox 2372 4174 2540 4237; x_wconf 86' lang='grc' dir='ltr'>πύλας</span> <span class='ocrx_word' id='word_1_622' title='bbox 2611 4172 2966 4254; x_wconf 84' lang='grc' dir='ltr'>διανοίγοντες</span> <span class='ocrx_word' id='word_1_623' title='bbox 3040 4177 3182 4248; x_wconf 79' lang='grc' dir='ltr'><strong>αὖτῷ</strong></span> <span class='ocrx_word' id='word_1_624' title='bbox 3252 4175 3344 4238; x_wconf 73' lang='grc' dir='ltr'><strong>τὰς</strong></span> <span class='ocrx_word' id='word_1_625' title='bbox 3401 4181 3494 4231; x_wconf 79' lang='grc' dir='ltr'>τοῦ</span> <span class='ocrx_word' id='word_1_626' title='bbox 3563 4198 3761 4254; x_wconf 82' lang='grc' dir='ltr'>παρα-</span> 
     </span>
    </p>
   </div>
   <div class='ocr_carea' id='block_1_90' title="bbox 2097 4259 3755 4341">
    <p class='ocr_par' dir='ltr' id='par_1_90' title="bbox 2097 4259 3755 4341">
     <span class='ocr_line' id='line_1_90' title="bbox 2097 4259 3755 4341; baseline 0.002 -23"><span class='ocrx_word' id='word_1_627' title='bbox 2097 4259 2291 4336; x_wconf 83' lang='grc' dir='ltr'>δείσου,</span> <span class='ocrx_word' id='word_1_628' title='bbox 2351 4264 2440 4320; x_wconf 89' lang='grc' dir='ltr'>καὶ</span> <span class='ocrx_word' id='word_1_629' title='bbox 2495 4265 2626 4341; x_wconf 78' lang='grc' dir='ltr'>πρὸς</span> <span class='ocrx_word' id='word_1_630' title='bbox 2681 4267 2782 4330; x_wconf 72' lang='grc' dir='ltr'>τὴν</span> <span class='ocrx_word' id='word_1_631' title='bbox 2851 4267 3052 4320; x_wconf 74' lang='grc' dir='ltr'>ἐκεῖθεν</span> <span class='ocrx_word' id='word_1_632' title='bbox 3123 4260 3496 4341; x_wconf 76' lang='grc' dir='ltr'>μακαριότητα</span> <span class='ocrx_word' id='word_1_633' title='bbox 3563 4262 3755 4322; x_wconf 79' lang='grc' dir='ltr'>διαϐι-</span> 
     </span>
    </p>
   </div>
   <div class='ocr_carea' id='block_1_91' title="bbox 364 4348 1967 4434">
    <p class='ocr_par' dir='ltr' id='par_1_91' title="bbox 364 4351 1967 4424">
     <span class='ocr_line' id='line_1_91' title="bbox 364 4351 1967 4424; baseline 0.001 -11"><span class='ocrx_word' id='word_1_634' title='bbox 364 4369 499 4413; x_wconf 89' lang='lat' dir='ltr'><strong>rum</strong></span> <span class='ocrx_word' id='word_1_635' title='bbox 517 4359 653 4413; x_wconf 86' lang='lat' dir='ltr'><strong>ante</strong></span> <span class='ocrx_word' id='word_1_636' title='bbox 673 4351 884 4414; x_wconf 79' lang='lat' dir='ltr'><strong>faciem</strong></span> <span class='ocrx_word' id='word_1_637' title='bbox 911 4351 1170 4424; x_wconf 80' lang='lat' dir='ltr'><strong>Domini,</strong></span> <span class='ocrx_word' id='word_1_638' title='bbox 1206 4352 1459 4413; x_wconf 89' lang='lat' dir='ltr'><strong>etsimul</strong></span> <span class='ocrx_word' id='word_1_639' title='bbox 1482 4361 1851 4414; x_wconf 84' lang='lat' dir='ltr'><strong>versaturum</strong></span> <span class='ocrx_word' id='word_1_640' title='bbox 1876 4371 1967 4414; x_wconf 71' lang='grc' dir='ltr'>ειη</span> 
     </span>
    </p>
   </div>
   <div class='ocr_carea' id='block_1_92' title="bbox 2152 4348 3758 4434">
    <p class='ocr_par' dir='ltr' id='par_1_92' title="bbox 2152 4351 3758 4434">
     <span class='ocr_line' id='line_1_92' title="bbox 2152 4351 3758 4434; baseline 0.002 -28"><span class='ocrx_word' id='word_1_641' title='bbox 2152 4351 2344 4416; x_wconf 77' lang='grc' dir='ltr'>ἱσοντες</span> <span class='ocrx_word' id='word_1_642' title='bbox 2401 4355 2643 4430; x_wconf 83' lang='grc' dir='ltr'>καθαρῶς</span> <span class='ocrx_word' id='word_1_643' title='bbox 2715 4353 3244 4434; x_wconf 70' lang='grc' dir='ltr'>ἔμφανισθησύμενον</span> <span class='ocrx_word' id='word_1_644' title='bbox 3317 4357 3392 4425; x_wconf 85' lang='grc' dir='ltr'>τῷ</span> <span class='ocrx_word' id='word_1_645' title='bbox 3470 4353 3758 4431; x_wconf 72' lang='grc' dir='ltr'>προσώπῳ</span> 
     </span>
    </p>
   </div>
   <div class='ocr_carea' id='block_1_93' title="bbox 3657 4444 3754 4472">
    <p class='ocr_par' dir='ltr' id='par_1_93' title="bbox 3657 4444 3754 4472">
     <span class='ocr_line' id='line_1_93' title="bbox 3657 4444 3754 4472; baseline 0 0"><span class='ocrx_word' id='word_1_646' title='bbox 3657 4444 3719 4472; x_wconf 60' lang='lat'><strong>3-..</strong></span> <span class='ocrx_word' id='word_1_647' title='bbox 3735 4446 3754 4472; x_wconf 65' lang='grc' dir='ltr'>ἰ</span> 
     </span>
    </p>
   </div>
   <div class='ocr_carea' id='block_1_94' title="bbox 367 4440 2007 4521">
    <p class='ocr_par' dir='ltr' id='par_1_94' title="bbox 367 4440 2007 4521">
     <span class='ocr_line' id='line_1_94' title="bbox 367 4440 2007 4521; baseline 0.002 -19"><span class='ocrx_word' id='word_1_648' title='bbox 367 4440 1064 4518; x_wconf 66' lang='grc' dir='ltr'>εηεειὶεἰεοτὰἰηὶὴυεῖει</span> <span class='ocrx_word' id='word_1_649' title='bbox 1085 4441 1304 4521; x_wconf 88' lang='lat' dir='ltr'><strong>quibus</strong></span> <span class='ocrx_word' id='word_1_650' title='bbox 1327 4441 1499 4504; x_wconf 86' lang='lat' dir='ltr'><strong>beata</strong></span> <span class='ocrx_word' id='word_1_651' title='bbox 1518 4440 1780 4504; x_wconf 88' lang='lat' dir='ltr'><strong>Trinitas</strong></span> <span class='ocrx_word' id='word_1_652' title='bbox 1798 4441 2007 4505; x_wconf 84' lang='lat' dir='ltr'><strong>lauda-</strong></span> 
     </span>
    </p>
   </div>
   <div class='ocr_carea' id='block_1_95' title="bbox 2097 4439 3728 4523">
    <p class='ocr_par' dir='ltr' id='par_1_95' title="bbox 2097 4439 3728 4523">
     <span class='ocr_line' id='line_1_95' title="bbox 2097 4439 3728 4523; baseline -0.002 -24"><span class='ocrx_word' id='word_1_653' title='bbox 2097 4439 2304 4516; x_wconf 61' lang='grc' dir='ltr'>Κυρίου,</span> <span class='ocrx_word' id='word_1_654' title='bbox 2370 4443 2458 4499; x_wconf 83' lang='grc' dir='ltr'>καὶ</span> <span class='ocrx_word' id='word_1_655' title='bbox 2514 4440 2831 4519; x_wconf 73' lang='grc' dir='ltr'>ἇγίελιοιαϊς</span> <span class='ocrx_word' id='word_1_656' title='bbox 2903 4442 3250 4518; x_wconf 79' lang='grc' dir='ltr'>συνεσόμενον</span> <span class='ocrx_word' id='word_1_657' title='bbox 3323 4439 3576 4514; x_wconf 69' lang='grc' dir='ltr'>τάξεσινε</span> 
     </span>
    </p>
   </div>
   <div class='ocr_carea' id='block_1_96' title="bbox 367 4528 1967 4612">
    <p class='ocr_par' dir='ltr' id='par_1_96' title="bbox 367 4528 1967 4612">
     <span class='ocr_line' id='line_1_96' title="bbox 367 4528 1967 4612; baseline 0.001 -22"><span class='ocrx_word' id='word_1_658' title='bbox 367 4537 463 4590; x_wconf 89' lang='lat' dir='ltr'><strong>tur</strong></span> <span class='ocrx_word' id='word_1_659' title='bbox 496 4536 554 4590; x_wconf 91' lang='lat' dir='ltr'><strong>et</strong></span> <span class='ocrx_word' id='word_1_660' title='bbox 580 4528 946 4608; x_wconf 82' lang='lat' dir='ltr'><strong>gloriﬁcatur</strong></span> <span class='ocrx_word' id='word_1_661' title='bbox 990 4547 1166 4604; x_wconf 84' lang='lat' dir='ltr'><strong>nunc,</strong></span> <span class='ocrx_word' id='word_1_662' title='bbox 1200 4540 1262 4593; x_wconf 91' lang='lat' dir='ltr'><strong>et</strong></span> <span class='ocrx_word' id='word_1_663' title='bbox 1292 4529 1354 4591; x_wconf 91' lang='lat' dir='ltr'><strong>in</strong></span> <span class='ocrx_word' id='word_1_664' title='bbox 1387 4548 1691 4612; x_wconf 85' lang='lat' dir='ltr'><strong>nunquam</strong></span> <span class='ocrx_word' id='word_1_665' title='bbox 1741 4529 1967 4593; x_wconf 88' lang='lat' dir='ltr'><strong>desitur</strong></span> 
     </span>
    </p>
   </div>
   <div class='ocr_carea' id='block_1_97' title="bbox 2152 4528 3744 4612">
    <p class='ocr_par' dir='ltr' id='par_1_97' title="bbox 2152 4529 3744 4610">
     <span class='ocr_line' id='line_1_97' title="bbox 2152 4529 3744 4610; baseline 0.003 -25"><span class='ocrx_word' id='word_1_666' title='bbox 2152 4552 2166 4585; x_wconf 68' lang='grc' dir='ltr'><strong>ι</strong></span> <span class='ocrx_word' id='word_1_667' title='bbox 2233 4532 2269 4600; x_wconf 77' lang='grc' dir='ltr'><strong>ἡ</strong></span> <span class='ocrx_word' id='word_1_668' title='bbox 2341 4531 2574 4606; x_wconf 76' lang='grc' dir='ltr'>μακαρία</span> <span class='ocrx_word' id='word_1_669' title='bbox 2630 4531 2786 4610; x_wconf 77' lang='grc' dir='ltr'>Τριὰς</span> <span class='ocrx_word' id='word_1_670' title='bbox 2855 4529 3119 4602; x_wconf 78' lang='grc' dir='ltr'>δοξάζεται</span> <span class='ocrx_word' id='word_1_671' title='bbox 3190 4530 3280 4586; x_wconf 84' lang='grc' dir='ltr'><strong>καὶ</strong></span> <span class='ocrx_word' id='word_1_672' title='bbox 3351 4529 3744 4608; x_wconf 83' lang='grc' dir='ltr'>μεγαλύνεται,</span> 
     </span>
    </p>
   </div>
   <div class='ocr_carea' id='block_1_98' title="bbox 368 4617 1358 4701">
    <p class='ocr_par' dir='ltr' id='par_1_98' title="bbox 368 4617 1358 4701">
     <span class='ocr_line' id='line_1_98' title="bbox 368 4617 1358 4701; baseline 0 -21"><span class='ocrx_word' id='word_1_673' title='bbox 368 4617 584 4681; x_wconf 70' lang='lat' dir='ltr'><strong>mula</strong></span> <span class='ocrx_word' id='word_1_674' title='bbox 614 4618 989 4680; x_wconf 71' lang='lat' dir='ltr'><strong>saeculorum.</strong></span> <span class='ocrx_word' id='word_1_675' title='bbox 1024 4618 1213 4681; x_wconf 80' lang='lat' dir='ltr'><strong>Amen</strong></span> <span class='ocrx_word' id='word_1_676' title='bbox 1248 4619 1358 4701; x_wconf 83' lang='grc'><strong>(1).</strong></span> 
     </span>
    </p>
   </div>
   <div class='ocr_carea' id='block_1_99' title="bbox 2088 4618 3744 4692">
    <p class='ocr_par' dir='ltr' id='par_1_99' title="bbox 2088 4618 3744 4692">
     <span class='ocr_line' id='line_1_99' title="bbox 2088 4618 3744 4692; baseline 0.001 -15"><span class='ocrx_word' id='word_1_677' title='bbox 2088 4626 2176 4677; x_wconf 78' lang='grc' dir='ltr'>νῦν</span> <span class='ocrx_word' id='word_1_678' title='bbox 2207 4621 2294 4676; x_wconf 86' lang='grc' dir='ltr'><strong>καὶ</strong></span> <span class='ocrx_word' id='word_1_679' title='bbox 2350 4621 2424 4684; x_wconf 78' lang='grc' dir='ltr'><strong>είς</strong></span> <span class='ocrx_word' id='word_1_680' title='bbox 2471 4621 2590 4684; x_wconf 76' lang='grc' dir='ltr'>τοὺς</span> <span class='ocrx_word' id='word_1_681' title='bbox 2647 4618 3025 4692; x_wconf 69' lang='grc' dir='ltr'>ἆτελευτήτους</span> <span class='ocrx_word' id='word_1_682' title='bbox 3084 4621 3278 4683; x_wconf 71' lang='grc' dir='ltr'>αἰῶνας</span> <span class='ocrx_word' id='word_1_683' title='bbox 3333 4625 3440 4675; x_wconf 83' lang='grc' dir='ltr'><strong>τῶν</strong></span> <span class='ocrx_word' id='word_1_684' title='bbox 3497 4620 3744 4682; x_wconf 81' lang='grc' dir='ltr'>αἰώνων.</span> 
     </span>
    </p>
   </div>
   <div class='ocr_carea' id='block_1_100' title="bbox 2091 4708 2293 4786">
    <p class='ocr_par' dir='ltr' id='par_1_100' title="bbox 2091 4708 2293 4786">
     <span class='ocr_line' id='line_1_100' title="bbox 2091 4708 2293 4786; baseline 0.03 -17"><span class='ocrx_word' id='word_1_685' title='bbox 2091 4708 2293 4786; x_wconf 68' lang='grc' dir='ltr'>Ἀμὴν.</span> 
     </span>
    </p>
   </div>
   <div class='ocr_carea' id='block_1_101' title="bbox 451 4866 3757 4956">
    <p class='ocr_par' dir='ltr' id='par_1_101' title="bbox 451 4866 3757 4956">
     <span class='ocr_line' id='line_1_101' title="bbox 451 4866 3757 4956; baseline 0 -22"><span class='ocrx_word' id='word_1_686' title='bbox 451 4866 539 4948; x_wconf 79' lang='grc'><strong>(1)</strong></span> <span class='ocrx_word' id='word_1_687' title='bbox 567 4868 773 4932; x_wconf 83' lang='lat' dir='ltr'><strong>Exstat</strong></span> <span class='ocrx_word' id='word_1_688' title='bbox 800 4869 876 4930; x_wconf 88' lang='lat' dir='ltr'><strong>ad</strong></span> <span class='ocrx_word' id='word_1_689' title='bbox 904 4874 1174 4956; x_wconf 79' lang='lat' dir='ltr'><strong>sanctum</strong></span> <span class='ocrx_word' id='word_1_690' title='bbox 1201 4867 1576 4931; x_wconf 84' lang='lat' dir='ltr'><strong>Joannicium</strong></span> <span class='ocrx_word' id='word_1_691' title='bbox 1609 4869 1860 4950; x_wconf 89' lang='lat' dir='ltr'><strong>epistola</strong></span> <span class='ocrx_word' id='word_1_692' title='bbox 1888 4870 2026 4948; x_wconf 84' lang='grc'>116,</span> <span class='ocrx_word' id='word_1_693' title='bbox 2053 4870 2152 4935; x_wconf 92' lang='lat' dir='ltr'><strong>lib.</strong></span> <span class='ocrx_word' id='word_1_694' title='bbox 2183 4869 2235 4935; x_wconf 91' lang='lat' dir='ltr'><strong>II</strong></span> <span class='ocrx_word' id='word_1_695' title='bbox 2263 4870 2398 4934; x_wconf 88' lang='lat' dir='ltr'><strong>cod.</strong></span> <span class='ocrx_word' id='word_1_696' title='bbox 2425 4868 2656 4933; x_wconf 87' lang='lat' dir='ltr'><strong>Colum.</strong></span> <span class='ocrx_word' id='word_1_697' title='bbox 2691 4868 2992 4934; x_wconf 80' lang='lat' dir='ltr'><strong>Theodori</strong></span> <span class='ocrx_word' id='word_1_698' title='bbox 3019 4869 3288 4950; x_wconf 74' lang='lat' dir='ltr'><strong>Studitse,</strong></span> <span class='ocrx_word' id='word_1_699' title='bbox 3322 4887 3496 4956; x_wconf 86' lang='lat' dir='ltr'><strong>quam</strong></span> <span class='ocrx_word' id='word_1_700' title='bbox 3522 4869 3757 4937; x_wconf 75' lang='lat' dir='ltr'><strong>recitat</strong></span> 
     </span>
    </p>
   </div>
   <div class='ocr_carea' id='block_1_102' title="bbox 367 4955 1504 5024">
    <p class='ocr_par' dir='ltr' id='par_1_102' title="bbox 367 4955 1504 5024">
     <span class='ocr_line' id='line_1_102' title="bbox 367 4955 1504 5024; baseline 0.002 -3"><span class='ocrx_word' id='word_1_701' title='bbox 367 4956 660 5022; x_wconf 78' lang='lat' dir='ltr'><strong>Baronius</strong></span> <span class='ocrx_word' id='word_1_702' title='bbox 691 4965 836 5023; x_wconf 89' lang='lat' dir='ltr'><strong>tom.</strong></span> <span class='ocrx_word' id='word_1_703' title='bbox 873 4955 951 5023; x_wconf 81' lang='lat' dir='ltr'><strong>IX</strong></span> <span class='ocrx_word' id='word_1_704' title='bbox 979 4957 1194 5022; x_wconf 83' lang='lat' dir='ltr'><strong>Annal.</strong></span> <span class='ocrx_word' id='word_1_705' title='bbox 1228 4976 1328 5024; x_wconf 88' lang='lat' dir='ltr'><strong>an.</strong></span> <span class='ocrx_word' id='word_1_706' title='bbox 1360 4958 1504 5023; x_wconf 75' lang='lat'><strong>825.</strong></span> 
     </span>
    </p>
   </div>
  </div>
