3932 6128
317 261 438 335 ᾁ95

1572 310 1577 315 -
1668 270 1950 337 MENSIS
1977 270 2422 338 NOVEMBER.

3647 268 3730 341 96

360 403 495 466 vita
518 399 981 478 conveniebant,
1000 410 1060 466 et
1087 400 1165 466 ita
1181 400 1396 466 callide
1419 400 1694 467 eludebat
1716 402 1994 487 impieta-
2018 446 2024 464 ι

2241 408 2341 477 τὴν
2397 405 2645 488 γνώμην,
2704 406 2791 466 καὶ
2845 406 2913 466 τὰ
2962 406 3062 486 βίῳ
3112 404 3454 487 προσήκοντα
3505 408 3734 485 τοιούτῳ

365 500 507 555 tem.
541 493 744 575 Itaque
774 501 1015 574 propter
1037 494 1344 576 pietatem,
1376 501 1785 575 paupertatem
1823 496 2009 558 simu-

2191 499 2303 579 ῄει,
2359 501 2452 557 καί
2502 499 2642 558 οὕτω
2696 499 3069 578 κατεσοφίζετο
3128 499 3230 567 τὴν
3295 496 3562 560 ἀσέϐειαν.
3636 502 3730 567 Εἰς

367 581 520 652 lans,
538 593 667 646 erat
696 583 1008 647 mendicus
1047 583 1430 663 voluntarius,
1463 593 1524 644 et
1561 583 1771 645 domos
1799 584 2009 649 obiens

2195 611 2360 670 φασιν
2433 589 2521 647 οὖν
2606 589 2872 655 εὗσεϐείας
2958 595 3061 656 τὴν
3144 591 3326 646 πενίαν
3407 590 3733 669 ὑποκριθεὶς,

367 672 445 735 ob
476 691 648 735 usum
679 693 879 737 rerum
908 674 1402 749 necessariarum,
1433 672 1560 751 ipse
1609 672 1790 735 dabat
1820 677 2012 755 potius

2191 679 2349 746 ιαίτης
2422 678 2490 747 ἦν
2574 677 2893 759 ἐθελούσιος,
2966 679 3056 737 καὶ
3121 678 3215 745 τὰς
3284 680 3448 746 οἰκίας
3513 679 3739 752 περιιὼν

370 781 609 842 panem,
641 770 743 845 qut
766 772 958 845 potest
984 766 1339 827 conﬁrmare
1359 762 1614 840 animos,
1649 781 1753 825 eos
1781 764 1841 825 in
1864 783 2013 846 quos

368 851 995 926 inciderat,instruens
1019 853 1399 915 sermonibus
1423 852 1679 931 pietatis,
1708 863 1767 914 et
1787 854 2012 917 adhor-

370 949 502 1003 tans
530 943 735 1021 fugere
765 963 871 1024 pro
904 942 1127 1005 viribus
1154 942 1227 1004 ab
1251 943 1344 1013 iis,
1377 942 1479 1024 qui
1511 961 1575 1003 se
1607 942 1811 1024 procul
1843 962 1878 1005 a
1901 945 2015 1007 vita

369 1040 696 1115 removent,
731 1041 789 1095 et
818 1042 1099 1116 separant
1130 1052 1164 1095 a
1193 1033 1502 1096 Creatore.

453 1211 551 1275 ΠΙ.
581 1211 726 1274 Cum
750 1230 891 1297 ergo
916 1210 1233 1291 aliquando
1252 1210 1605 1272 accessisset
1624 1209 1695 1271 ad
1721 1209 1879 1273 aedes
1900 1208 2017 1274 Cli-

371 1301 700 1379 tophontis,
736 1301 975 1379 petebat
1005 1301 1380 1373 alimentum,
1419 1317 1628 1360 manus
1660 1298 2012 1372 extendens,

372 1401 433 1452 et
462 1408 638 1453 voces
662 1390 964 1464 emittens,
996 1408 1129 1471 quae
1159 1398 1404 1469 possent
1433 1388 1721 1450 inducere
1750 1388 2015 1450 animum

371 1480 444 1542 ad
498 1479 996 1543 misericordiam.
1025 1480 1255 1542 Accidit
1304 1487 1524 1553 autem,
1561 1486 1625 1538 ut
1676 1486 1814 1540 tunc
1865 1486 2022 1540 esset

371 1570 679 1650 Lencippe
734 1569 1102 1648 conturbata,
1155 1578 1216 1630 et
1273 1570 1446 1648 plena
1508 1568 1767 1647 tristitia,
1815 1576 2021 1645 utpote

374 1658 531 1739 quod
585 1665 835 1720 maritus
866 1660 919 1720 ei
970 1659 1385 1740 exprobrasset
1427 1658 1818 1719 sterilitatem.
1874 1658 2019 1720 Cum

2093 770 2229 825 κατά
2300 770 2485 849 χρείαν
2554 774 2661 825 τῶν
2730 768 3032 847 ἀναγκαίων
3103 770 3262 834 esse:
3343 768 3498 845 ἄρτον
3566 766 3742 825 ἐδίδου

2095 857 2301 934 μᾶλλον
2331 859 2425 922 τὰς
2458 858 2639 939 ψυχὰς
2669 858 2932 937 στηρίζειν
2976 855 3291 940 δυνάμενον,
3342 856 3532 935 λόγους
3589 858 3742 915 ὕπα-

2095 947 2313 1027 λείφων,
2357 951 2442 1007 οἷς
2475 946 2715 1029 ἐντύχοι,
2746 953 2846 1015 τῆς
2896 944 3186 1022 εὐσεϐείας,
3240 948 3336 1005 καῖ
3366 947 3598 1029 φεύγειν,
3629 945 3745 1014 ὅση

2097 1036 2340 1117 δύναμις,
2394 1044 2665 1114 παραινῶν
2717 1037 2825 1094 ἀπὸ
2872 1037 2978 1093 τῶν
3033 1037 3241 1113 μακρὰν
3288 1036 3579 1094 ποιούντων
3609 1037 3751 1093 ἐαυ-

2096 1127 2220 1191 τούς
2250 1129 2348 1194 τῆς
2378 1126 2543 1202 ζωῆς,
2577 1127 2664 1184 καὶ
2694 1127 3038 1207 χωριζόντων
3069 1126 3165 1183 τοῦ
3194 1125 3529 1190 Πλάσαντος.

2178 1206 2261 1278 Γ’.
2298 1216 2579 1296 Παρελθὼν
2608 1206 2884 1274 οὗνγποτε
2941 1218 3029 1273 καὶ
3085 1216 3169 1273 ἐπὶ
3228 1217 3325 1285 τὴν
3374 1222 3470 1273 τοῦ
3519 1214 3757 1275 Κλειτο-

2099 1313 2305 1387 φῶντος
2338 1309 2527 1382 οἰκίαν,
2562 1307 2681 1384 ᾔτει
2719 1309 2783 1363 τὰ
2826 1307 2959 1386 πρὸς
2988 1307 3219 1385 τραφὴν,
3260 1306 3459 1387 χεῖράς
3488 1327 3546 1363 τε
3604 1327 3755 1384 προ-

2099 1398 2283 1454 τείνων
2354 1397 2441 1452 καὶ
2512 1397 2690 1474 φωνὰς
2761 1395 2941 1475 ἀφιείς
2999 1394 3289 1471 ἐπαγεσθαι
3359 1395 3544 1476 ψυχὴν
3613 1397 3757 1471 πρὸς

2100 1485 2249 1543 ἔλεον
2303 1486 2616 1561 δυναμένας,
2679 1484 2897 1567 ’Ἔτυχε
2960 1484 3017 1541 δὲ
3076 1488 3194 1542 τότε
3264 1485 3364 1553 τὴν
3436 1486 3757 1551 Λευκίππην

2100 1574 2584 1653 διατεταραγμένην
2644 1576 2787 1632 εἶναι
2847 1576 2933 1631 καὶ
2991 1572 3164 1641 λύπης
3234 1574 3461 1649 μεστὴν,
3520 1574 3611 1631 ἅτε
3684 1572 3761 1641 δὴ

2103 1666 2242 1743 παρὰ
2270 1671 2361 1721 τοῦ
2419 1663 2601 1742 ἀνδρὸς
2656 1663 2828 1731 ὀνείδη
2887 1661 2972 1720 διὰ
3028 1664 3129 1731 τὴν
3188 1663 3463 1738 στείρωσιν
3516 1664 3758 1737 ὑπομεί-

374 1765 516 1827 ergo
573 1746 843 1823 Onul‘rio,
878 1749 979 1829 qui
1032 1747 1340 1809 videbatur
1395 1749 1699 1820 molestus,
1745 1746 2022 1827 jussisset

2191 1776 2291 1812 raw.
2325 1745 2418 1818 Ὠς
2450 1753 2622 1813 τοίνυν
2648 1753 2872 1833 ὀχληρῷ
2899 1751 3112 1833 φανέντι
3158 1760 3234 1826 τῷ
3271 1752 3583 1831 Ὀνουφρίῳ,
3614 1751 3687 1809 ἐπ
3700 1776 3755 1809 ι-

376 1838 609 1899 occludi
640 1838 797 1899 fores
826 1858 838 1901 :
870 1839 969 1900 ille
995 1846 1216 1910 autem,
1240 1847 1303 1898 ut
1332 1838 1433 1915 qui
1466 1837 1651 1898 nihilo
1678 1837 1863 1914 magis
1892 1837 2016 1897 sci-

373 1927 639 2007 ret,quid
666 1928 868 2006 vellet,
892 1936 950 1987 et
973 1928 1130 2007 quod
1154 1927 1507 1988 accessisset
1532 1926 1726 2005 potius
1747 1926 2014 2004 daturus,

377 2035 550 2097 quam
569 2026 1270 2097 accepturus,propterea
1291 2015 1547 2077 instabat
1578 2022 1807 2094 petens,
1831 2013 2020 2077 donec

377 2120 622 2192 propter
650 2112 800 2173 hanc
826 2110 1181 2172 laudabilem
1218 2109 1643 2187 impudentiam
1679 2108 1788 2169 fuit
1820 2125 2020 2169 accer-

376 2199 545 2279 situs,
580 2208 640 2263 et
670 2200 928 2277 benigne
978 2206 1283 2279 acceptus.
1318 2198 1489 2263 Motis
1549 2214 1688 2276 ergo
1718 2196 1914 2258 verbis
1963 2205 2022 2259 et

378 2307 658 2352 sermone
710 2290 1022 2369 producto,
1059 2290 1135 2350 de
1190 2308 1257 2350 se
1286 2288 1525 2367 quidem
1577 2288 1835 2349 narravit
1864 2289 2023 2349 Leu-

377 2380 577 2460 cippe,
606 2380 766 2457 quod
803 2399 1010 2441 manca
1032 2388 1187 2440 esset
1211 2380 1265 2439 ci
1290 2378 1525 2449 matrix,
1551 2386 1609 2437 et
1636 2377 1795 2452 quod
1830 2376 2026 2438 nullus

378 2471 530 2532 deus
576 2482 737 2532 esset
768 2471 1040 2532 inventus
1095 2486 1283 2548 usque
1339 2469 1399 2528 in
1430 2467 1786 2529 hodiernum
1839 2466 2022 2544 diem,

379 2560 479 2638 qui
503 2578 632 2622 eam
662 2567 863 2640 posset
890 2560 1158 2621 relaxare
1188 2556 1263 2618 ab
1288 2557 1361 2616 iis
1389 2557 1660 2631 vinculis,
1688 2563 1746 2616 et
1776 2554 2029 2616 liberare

379 2667 414 2709 a
443 2649 742 2711 dedecore
771 2648 1029 2708 ﬁliorum
1061 2646 1361 2724 egestatis.
1424 2644 1539 2706 Sed
1572 2644 1804 2718 merito,
1843 2643 2030 2723 inquit

377 2736 683 2810 Onul‘rius,
718 2754 838 2796 non
896 2754 960 2795 es
1009 2741 1352 2805 consecuta,
1386 2731 1545 2811 quod
1599 2732 1860 2813 petebas,
1895 2750 2030 2807 quae

384 2826 529 2887 tales
556 2825 789 2886 voluisti
813 2824 1114 2902 adjutores
1138 2822 1361 2884 habere
1383 2819 1730 2883 sterilitatis.
1754 2822 1902 2883 Nam
1927 2821 2028 2900 qui

380 2914 496 2994 ipsi
530 2920 930 2976 exercuerunt
960 2931 1143 2991 opera
1172 2912 1347 2990 plena
1372 2910 1590 2990 probro
1621 2917 1680 2971 et
1707 2909 2024 2981 dedecore,

381 3003 683 3084 quomodo
719 3012 959 3084 possent
989 3002 1097 3082 ipsi
1145 3001 1292 3062 alios
1319 3019 1351 3061 a
1383 3000 1680 3062 dedecore
1728 2998 2031 3061 liberare?

381 3093 500 3157 Sed
532 3095 582 3154 si
624 3112 781 3157 nunc
809 3094 1080 3167 audiens,
1118 3102 1173 3155 et
1205 3111 1408 3153 verum
1444 3094 1627 3153 Deum
1663 3089 1808 3153 velis
1837 3110 2022 3170 agno-
2044 3127 2085 3178 ο

381 3201 575 3255 scere.
600 3185 700 3265 qui
730 3195 946 3245 cuncta
975 3191 1188 3262 potest,
1221 3182 1449 3243 videbis
1495 3200 1612 3241 non
1644 3180 1718 3242 ad
1752 3190 1807 3243 te
1837 3181 2023 3242 solam

379 3272 732 3335 redeuntem
780 3272 1124 3333 utilitatem.
1185 3269 1338 3343 Quin
1384 3270 1560 3331 etiam
1619 3278 1781 3331 tuum
1842 3287 2028 3349 genus

382 3362 610 3443 poteris
664 3361 902 3424 afﬁcere
984 3359 1303 3435 beneﬁcio,
1364 3369 1640 3439 tanquam
1710 3359 2024 3439 quamdam

382 3451 787 3514 hareditatem
863 3449 935 3511 ad
998 3465 1104 3510 eos
1162 3453 1573 3512 transmittens
1624 3467 1819 3510 veram
1878 3448 2025 3510 reli-

380 3540 646 3619 gionem.
706 3540 1003 3620 Lencippe
1040 3540 1135 3601 his
1171 3539 1489 3601 adhibebat
1539 3544 1831 3617 animum,
1873 3545 1932 3598 et
1963 3555 2029 3598 se

382 3640 661 3712 tanquam
720 3629 936 3691 bonam
968 3637 1184 3690 terrain
1250 3626 1549 3709 praebebat
1581 3629 1900 3689 verborum
1947 3626 2026 3687 il-

381 3724 500 3786 lius
528 3721 884 3788 seminibus.

463 3991 567 4053 IV.
596 3989 706 4052 Hic
735 3996 934 4052 autem
966 3989 1051 4050 vir
1079 3989 1315 4051 divinus
1360 3989 1616 4069 primum
1650 3986 1890 4067 quidem
1923 4003 2032 4048 ex-

383 4079 876 4143 celsai'l‘rinitatis
894 4078 1152 4139 divinam
1171 4078 1498 4140 introduxit
1521 4078 1572 4138 ei
1591 4075 1989 4154 cognitionem
2023 4095 2041 4150 ;

2099 1842 2408 1908 κλεισθῆναι
2466 1844 2562 1905 τὰς
2620 1843 2777 1919 θύρας
2832 1845 3004 1916 τούτῳ
3056 1842 3399 1914 προστάττει.
3454 1834 3513 1900 ’0
3562 1838 3619 1897 δὲ
3647 1842 3759 1899 οῦ-

2101 1930 2186 1988 δὲν
2217 1931 2422 2005 μᾶλλον
2481 1933 2634 2005 ἀνίει,
2693 1931 2841 1994 εἰδὼς
2900 1933 2930 1987 ὃ
2979 1930 3249 2007 βούλεται,
3307 1932 3394 1987 καὶ
3448 1929 3527 1987 ὅτι
3559 1928 3760 1988 δώσων

2102 2022 2257 2085 αὐτὸς
2341 2019 2545 2096 μᾶλλον
2601 2022 2637 2089 ἢ
2692 2020 3004 2095 ληψόμενος
3061 2019 3438 2098 παραγένοιτο,
3497 2022 3585 2077 καὶ
3658 2017 3758 2077 διὰ

2101 2111 2257 2168 τοῦτο
2329 2111 2559 2166 ἐπαιτῶν
2618 2109 2869 2189 ἒνέκειτο,
2944 2109 3045 2171 ἕως
3130 2106 3214 2165 δια
3284 2110 3382 2175 τὴν
3466 2107 3763 2175 ἐπαινετὴν

2103 2202 2301 2267 ταύτην
2386 2198 2650 2257 ἀναίδειαν
2733 2202 2821 2256 καὶ
2906 2196 3217 2275 εἶσεκλῆθη,
3291 2200 3378 2255 καὶ
3450 2195 3516 2265 δὴ
3581 2195 3765 2262 δεξιᾶς

2105 2290 2266 2370 ἔτυχε
2297 2293 2395 2356 τῆς
2436 2290 2844 2369 φιλοφροσύνης.
2910 2288 3096 2364 Λόγων
3145 2286 3236 2344 οὖν
3289 2288 3609 2354 κινηθέντων
3670 2287 3768 2343 καὶ

2109 2386 2206 2446 τῆς
2241 2379 2451 2454 ὁμιλίας
2484 2379 2622 2436 οὕτω
2652 2378 3044 2455 παραταθείσης
3087 2374 3339 2453 διηγεῖτο
3390 2377 3487 2451 μὲν
3518 2378 3553 2445 ἡ
3613 2382 3765 2433 Δευ-

2111 2470 2284 2535 κίππη
2342 2471 2407 2524 τὰ
2464 2467 2581 2525 καθ’
2640 2468 2856 2539 ἑαυτὴν,
2921 2471 3008 2523 καὶ
3063 2464 3138 2528 ὥς
3169 2467 3482 2541 πεπήρωται
3522 2464 3657 2540 αὒτῇ
3690 2466 3766 2521 τὰ

2108 2559 2207 2625 της
2257 2561 2487 2635 μήτρας,
2540 2558 2629 2614 καὶ
2660 2559 2730 2619 ὡς
2786 2554 2949 2619 οὖδεὶς
2980 2557 3035 2611 εὒ
3063 2556 3237 2634 ρεθείη
3288 2558 3421 2611 θεῶν
3475 2553 3605 2634 ἄχρι
3663 2557 3764 2611 καὶ

2108 2648 2342 2724 τήμερον
2409 2654 2515 2703 τῶν
2581 2646 2787 2721 δεσμῶν
2856 2646 3060 2704 τούτων
3117 2644 3323 2700 ἀνεῖναι
3381 2643 3571 2717 αὒττὶν,
3649 2642 3759 2700 καΐ

2110 2743 2203 2793 τοῦ
2258 2741 2358 2803 τῆς
2416 2738 2656 2797 ἀτεκνίας
2729 2736 2961 2815 αἴσχους
3036 2734 3336 2801 ἀπαλλάξαι
3407 2734 3765 2811 βουλόμενος,

2112 2824 2262 2884 Ἀλλ’
2293 2826 2535 2899 εἰκότως,
2598 2825 2794 2904 ἔφησεν
2833 2829 2861 2882 ὁ
2913 2825 3247 2903 Ὀνούφριος,
3310 2822 3457 2882 οὐδὲν
3512 2823 3765 2880 ἀπέλαῦ-

2112 2939 2207 2977 σας
2286 2915 2381 2982 τῆς
2454 2914 2712 2989 σπουδῆς,
2787 2916 3011 2991 βοηθοὺς
3082 2915 3350 2975 τοιούτους
3419 2912 3765 2988 αἰτησαμένη

2111 3003 2297 3061 λαϐεῖν
2325 3011 2420 3073 τῆς
2450 3004 2803 3082 στειρώσεως.
2838 3010 2934 3070 Οἷς
2968 3006 3070 3082 γὰρ
3117 3004 3376 3081 αἰσχύνης
3434 3000 3560 3079 ἔργα
3619 3001 3761 3058 ἐπι-

2112 3092 2443 3174 τετήδευται,
2515 3095 2633 3158 πῶς
2717 3094 2780 3150 ἂν
2849 3095 3111 3172 αἰσχύνης
3186 3092 3326 3148 οὗτοι
3393 3090 3763 3148 ἀπαλλάττειν

2110 3184 2318 3261 ἐτέρους
2376 3182 2635 3259 δύναιντος
2715 3182 2866 3242 Ἀλλ’
2920 3182 2978 3241 εἴ
3034 3206 3125 3257 μοι
3194 3181 3510 3255 πειθομένην
3574 3180 3764 3258 παρά-

2110 3296 2254 3353 σχῃς
2281 3274 2504 3353 σαυτὴν,
2537 3276 2623 3330 καὶ
2654 3275 2784 3330 Θεὸν
2814 3274 3099 3350 ἐπιγνῶναι
3129 3273 3220 3328 τὸν
3261 3270 3436 3337 ἀληθῆ
3484 3267 3763 3346 βουληθῆς

2110 3364 2166 3429 ὃς
2223 3362 2436 3420 δύναται
2492 3365 2581 3419 καί
2640 3363 2701 3419 ἐκ
2759 3363 2912 3419 λίθων
2975 3362 3183 3440 ἐγεῖραι
3242 3362 3426 3439 τεκνα,
3475 3362 3564 3414 καὶ
3590 3356 3771 3434 δεσμὰ

2109 3454 2434 3531 στειρώσεως
2467 3452 2731 3528 διαλῦσαι,
2765 3457 2861 3511 οὒκ
2893 3454 2965 3515 εἷς
3025 3452 3080 3508 σὲ
3118 3452 3287 3527 μόνην
3344 3451 3409 3506 τὰ
3462 3452 3561 3518 τῆς
3604 3450 3767 3526 ᾦφε-

2108 3543 2253 3604 )είας
2308 3543 2426 3618 ὄψει
2491 3542 2908 3622 περιερχόμενα,
2968 3540 3107 3598 ἀλλά
3166 3540 3255 3597 καὶ
3305 3541 3367 3598 τὸ
3422 3537 3574 3616 γένος
3625 3537 3769 3603 ἕξεις

2110 3635 2431 3711 εὐεργετεῖν,
2489 3633 2563 3695 ὥς
2619 3654 2737 3689 τινα
2802 3632 3007 3699 κλῆρον
3083 3633 3157 3696 είς
3214 3630 3400 3694 αὐτοὺς
3467 3626 3770 3707 παραπέμ-

2110 3744 2281 3779 πουσα
2338 3723 2435 3791 τὴν
2495 3719 2783 3780 εὐσέϐειαν.
2833 3721 3051 3781 Τούτοις
3096 3722 3132 3788 ἡ
3183 3718 3456 3777 Λευκίππη
3491 3728 3770 3796 προσεῖχε

2110 3813 2201 3868 τὸν
2258 3818 2399 3891 νοῦν,
2459 3813 2548 3868 καὶ
2590 3811 2665 3877 ὥς
2714 3833 2834 3868 τινα
2866 3816 2970 3888 γῆν
3002 3809 3205 3888 ἀγαθὴν
3236 3820 3471 3887 παρεῖχε
3499 3818 3619 3870 τοῖς
3653 3808 3771 3864 τῶν

2112 3902 2290 3979 λόγων
2319 3900 2516 3958 ἐκείνου
2548 3900 2866 3979 σπέρμασιν.

2204 3989 2293 4048 Δ’.
2329 3982 2386 4048 ι0
2418 3988 2473 4046 δὲ
2529 4011 2590 4066 γε
2645 3994 2788 4055 θεῖος
2844 3993 2994 4054 οὗτος
3054 3989 3187 4069 ἀνὴρ
3240 3994 3425 4065 πρῶτα
3480 3986 3580 4061 μὲν
3623 3989 3768 4061 αἶ)τῇ

2121 4080 2220 4146 τὴν
2302 4079 2400 4147 τῆς
2480 4080 2697 4154 ὑψηλῆς
2768 4077 2987 4158 Τριάδος
3060 4081 3333 4157 εἰσηγεῖτο
3416 4077 3768 4153 θεογνωσίαν·

386 4168 609 4232 deinde
652 4186 783 4232 eam
820 4175 910 4229 est
941 4168 1287 4230 adhortatus
1314 4167 1390 4229 ad
1428 4165 1693 4229 studium
1725 4164 2024 4226 virtutum.

2191 4191 2306 4225 ειτα
2335 4166 2389 4223 δὲ
2417 4170 2549 4245 πρὸς
2589 4168 2687 4236 τὴν
2735 4174 2843 4224 τῶν
2898 4168 3099 4248 ἀρετῶν
3154 4165 3464 4243 ἐπιμέλειαν
3517 4165 3772 4241 παρεκά-

385 4257 614 4322 Deinde
634 4275 765 4320 eam
791 4257 990 4318 docuit
1013 4256 1541 4320 sanctiﬁcationem
1556 4253 2024 4335 quaaefﬁciturex

2191 4276 2226 4314 ι·
2261 4258 2345 4315 ἐπὶ
2376 4257 2589 4320 τούτοις
2633 4258 2839 4315 καὶτὸν
2887 4257 2947 4314 ἐκ
3000 4265 3093 4315 τοῦ
3147 4254 3517 4331 σωτηριώδους
3563 4254 3772 4329 βαπτί-

386 4350 627 4414 salutari
685 4349 1084 4430 baptismate:
1150 4367 1258 4430 per
1313 4348 1471 4429 quod
1531 4348 1646 4409 erit
1698 4346 2024 4426 expurgatic

2191 4369 2324 4411 ,ατος
2380 4347 2644 4423 ἁγιασμὸν
2703 4344 3038 4420 ἆνεδέδασκε,
3100 4343 3165 4402 δι’
3222 4347 3285 4401 οὗ
3338 4343 3485 4400 ἔσται
3531 4343 3770 4399 καὶτῶν

387 4442 651 4522 priorum
677 4438 1286 4532 inquinamentorum.
1321 4436 1600 4532 Ostendit
1625 4445 1823 4532 autem
1856 4434 2024 4532 habi-

2194 4436 2388 4514 οτέρων
2457 4435 2589 4511 αὐτῇ
2657 4433 2946 4510 μολυσμων
3024 4434 3293 4511 κέθαρσις.
3364 4429 3635 4498 ἰ’πέδειξε
3707 4430 3773 4488 δὲ

389 4520 513 4589 tum
531 4547 767 4610 quoque
781 4527 1200 4600 monasticum,
1222 4546 1337 4607 quo
1357 4536 1487 4588 erat
1499 4524 1743 4606 quidem
1770 4525 2024 4603 indutus1

2191 4527 2208 4582 ὶ
2261 4526 2324 4582 τὸ
2379 4530 2487 4581 τῶν
2545 4530 2804 4604 μοναχῶν
2862 4530 3081 4604 σχῆμα,
3131 4526 3160 4580 ὃ
3211 4520 3590 4602 περιεϐέϐλητο
3633 4520 3765 4596 μὲν,

387 4618 494 4681 sed
525 4635 660 4679 eum
694 4617 951 4697 tegebat,
984 4616 1293 4678 declinans
1330 4614 1614 4677 insultum
1647 4614 2035 4694 malignorum

387 4716 753 4773 venatorum.
780 4715 842 4769 et
873 4705 1031 4783 quod
1062 4706 1417 4768 accessisset
1451 4714 1694 4785 propter
1724 4705 1857 4784 ejus
1884 4702 2035 4765 salu-

389 4805 533 4871 tem,
568 4796 855 4858 simulans
904 4804 1109 4879 petere
1136 4795 1598 4875 eleemosynam.
1662 4793 1767 4857 llla
1798 4811 1935 4855 vero
1964 4791 2037 4855 ad

387 4889 518 4951 hac
566 4885 875 4967 respondit
909 4904 923 4948 :
958 4884 1192 4960 Timeo,
1229 4884 1451 4964 inquit,
1488 4902 1561 4944 ne
1605 4882 1918 4944 inciderim
1976 4883 2035 4943 in

389 4976 507 5039 duo
544 4976 858 5039 contraria.
906 4974 1100 5038 Unum
1132 4973 1402 5055 quidem,
1435 4972 1593 5053 quod
1626 4972 1700 5033 iis
1749 4973 1855 5049 qui
1888 4973 2041 5034 hanc

390 5067 618 5130 habent
671 5066 874 5142 tidem,
907 5074 967 5129 et
1012 5065 1384 5146 appellantur
1434 5063 1781 5143 Christiani,
1816 5078 2043 5141 magna;

392 5155 635 5236 quidem
668 5155 1060 5219 intenduntur
1091 5154 1271 5217 minae
1291 5152 1365 5215 ab
1396 5172 1490 5232 eo,
1526 5154 1623 5233 qui
1650 5171 1807 5215 nunc
1836 5167 2037 5213 rerum

393 5243 663 5326 potitur:
723 5248 993 5324 graviora
1042 5252 1235 5304 autem
1286 5256 1449 5315 sunt,
1482 5261 1617 5319 quae
1664 5260 1767 5305 eas
1821 5257 2038 5304 conse-

394 5333 1028 5414 quuntur,snpplicia.
1086 5333 1351 5394 Alterum
1411 5338 1589 5413 vero,
1610 5331 1768 5411 quod
1818 5332 1869 5393 si
1926 5348 2034 5409 ego

395 5431 691 5484 transeam
720 5422 796 5484 ad
827 5422 1135 5502 pietatem,
1156 5430 1217 5483 et
1242 5420 1521 5483 recedam
1553 5439 1589 5481 a
1615 5421 1874 5483 decretis
1904 5438 2034 5481 ma-

388 5512 615 5591 jorum,
641 5511 812 5593 siqui
837 5529 1071 5575 mecum
1095 5509 1548 5583 cobabitat,non
1578 5509 1836 5572 subierit
1864 5526 2035 5572 eam-

347 5640 367 5651 -
391 5598 529 5673 dem
556 5601 1000 5685 mutationem,
1031 5599 1142 5670 sed
1188 5598 1480 5685 deinceps
1538 5606 1820 5682 sequatur
1876 5615 2033 5673 eam,

2118 4614 2412 4693 ὑπέκρυπτε
2470 4611 2526 4669 δὲ
2584 4619 2689 4669 τῶν
2741 4616 2984 4691 πονηρῶν
3042 4612 3296 4669 ἐκκλίνων
3349 4615 3591 4688 θηρατῶν
3663 4611 3770 4677 τὴν

2120 4704 2371 4777 ἐπίθεσιν,
2438 4705 2525 4759 καὶ
2570 4704 2643 4767 ὡς
2684 4702 2775 4759 ἐπὶ
2837 4708 2907 4779 τῇ
2964 4702 3131 4769 αὐτῆς
3190 4700 3546 4779 παραγένοιτο
3580 4720 3771 4766 σωτη-

2120 4799 2227 4875 ρίᾳ,
2281 4795 2381 4861 τὴν
2438 4802 2533 4852 τοῦ
2587 4790 2735 4848 ἐλέου
2799 4794 3183 4859 προσποιηθεὶς
3254 4788 3497 4856 αἴτησιν.
3573 4779 3635 4845 Ἠ
3712 4786 3771 4845 δὲ

2120 4887 2249 4962 πρὸς
2305 4889 2472 4940 ταῦτα
2539 4880 2681 4937 δυσὶν
2755 4880 3141 4956 ἐναυτιώμασιν
3207 4878 3403 4959 ἔφησεν
3473 4875 3771 4934 δεδοικέναι

2122 4985 2454 5052 περιπεσεῖν,
2512 4970 2588 5028 ἐνί
2644 4970 2742 5044 μέν
2800 4970 2883 5027 ὅτι
2930 4983 3049 5033 τοῖς
3090 4968 3259 5033 οὕτως
3287 4968 3473 5049 ἔχουσι
3503 4968 3770 5043 πίστεως,

2123 5064 2213 5121 καὶ
2240 5062 2339 5129 τὴν
2393 5062 2753 5138 προσηγορίαν
2811 5067 3154 5138 Χριστιανοῐς
3207 5056 3438 5136 μεγάλαι
3477 5057 3578 5132 μὶν
3619 5064 3773 5135 παρὰ

2120 5158 2215 5210 τοῦ
2244 5157 2334 5207 νῦν
2359 5158 2677 5225 κρατοῦντος
2734 5149 2785 5205 αἱ
2843 5147 3082 5220 ἀπειλαὶ,
3146 5145 3413 5224 δεινότερα
3462 5145 3517 5203 δὲ
3563 5144 3630 5203 τὰ
3680 5146 3775 5203 ἐπ’

2123 5245 2307 5305 αὺτοῖς
2344 5238 2694 5316 κολαστήρια,
2754 5237 2917 5316 ἑτέρῳ
2960 5235 3015 5293 δὲ
3073 5235 3180 5317 ὅτι,
3228 5236 3361 5313 ἐμοῦ
3409 5236 3773 5315 μεταχωρού-

2118 5351 2217 5399 σης
2276 5330 2407 5408 πρὸς
2462 5328 2561 5394 τὴν
2631 5324 2898 5384 εὒοέϐειαν
2953 5327 3046 5383 καὶ
3101 5331 3434 5404 προγονικῶν
3483 5321 3773 5399 δογμάτων

2117 5416 2509 5499 ἀφισταμένης,
2568 5418 2612 5473 εἰ
2666 5418 2743 5490 μὴ
2800 5416 2888 5472 καὶ
2944 5416 3036 5471 τὸν
3092 5421 3428 5472 συνοικοῦντα
3495 5412 3596 5478 ἔξω
3666 5414 3774 5480 τὴν

2119 5508 2250 5575 ἴσην
2306 5506 2605 5564 ὑποστάντα
2662 5503 2985 5583 μεταϐολὴν,
3042 5501 3163 5561 ἀλλ’
3212 5504 3277 5573 ἧς
3334 5503 3451 5585 ἔχει
3502 5511 3596 5561 νῦν
3634 5505 3775 5581 09n-

2119 5598 2297 5673 σκείας
2328 5596 2419 5655 καὶ
2448 5595 2522 5662 εἷς
2579 5596 2643 5654 τὸ
2696 5592 2815 5665 ἐξῆς
2838 5592 3129 5676 ἐχόμενον,
3188 5599 3304 5660 πῶς
3357 5591 3422 5651 ἂν
3473 5591 3532 5651 ἐν
3585 5591 3775 5675 καὶτὸ
