3906 6136
286 288 365 359 99
1593 290 1875 359 MENSIS
1902 297 1934 357 1~

2100 294 2346 359 iMBER.
3545 285 3653 354 100

283 435 455 510 verit,
486 436 545 497 et
592 426 748 516 q’uod
783 432 899 498 boc
943 443 1056 505 est,
1090 432 1245 516 quod
1279 432 1409 513 ejus
1441 431 1706 494 metricis
1758 430 1929 493 solvit

2139 431 2230 487 καὶ
2271 429 2616 508 βεϐαπτισται
2672 429 2800 508 παρ’
2839 423 3018 501 αὐτοῦ,
3052 427 3140 483 καὶ
3195 426 3268 489 ὣς
3324 424 3485 483 τοῦτό
3540 423 3646 480 ἐστι

285 524 477 589 nodos
503 512 805 589 difﬁciles.
840 524 1069 588 Deinde
1108 512 1298 585 etiam
1332 521 1573 602 adjecit,
1609 522 1757 582 nihil
1790 539 1924 583 esse

2115 520 2211 589 τῆς
2270 521 2475 596 μήτρας
2535 519 2696 588 αὐτῆς
2726 519 2790 576 τὰ
2840 514 3075 597 δυσχερῆ
3119 513 3338 590 ἅμματα
3396 512 3582 593 λύσαν,
3614 512 3650 581 ἢ

284 614 1067 696 impedimento,quominus
1083 613 1212 694 ipse
1235 630 1471 694 quoque
1500 611 1763 673 divinum
1787 610 1929 691 bap-

2150 611 2452 687 προσετίθει
2523 611 2597 672 ὡς
2658 606 2805 666 οὒδὲν
2873 606 3017 662 ἔσται
3070 606 3131 696 τὸ
3202 602 3503 681 έμποδίζοθ,
3567 604 3652 696 καὶ

286 703 527 766 tismum
578 711 1006 786 consequatur.
1042 702 1274 763 Etenim
1326 700 1473 763 mihi
1505 702 1655 764 inter
1714 711 1929 763 caetera

287 792 402 856 boc
447 813 681 876 quoque
712 793 983 874 praedixit
1034 792 1119 854 vir
1148 792 1247 853 ille
1300 790 1553 865 divinus,
1589 792 1716 852 fore
1758 798 1822 851 ut
1872 798 1928 851 te

286 901 547 964 quoque,
579 904 614 945 0
671 883 1045 953 charissima,
1081 901 1214 943 mox
1269 879 1552 942 haberem
1586 898 1733 941 meai
1789 878 1928 941 ﬁdei

286 971 540 1035 socium.
564 972 701 1035 Haec
733 980 791 1035 et
811 971 914 1035 illa
943 971 1112 1045 dixit,
1140 980 1196 1031 et
1228 986 1361 1051 quae
1381 969 1538 1031 dicta
1566 978 1725 1043 sunt,
1751 968 1930 1049 paulo

286 1068 419 1142 post
471 1061 726 1126 deducta
752 1069 888 1124 sunt
943 1062 1015 1123 ad
1078 1061 1382 1135 eﬂ'ectum,
1418 1067 1473 1121 et
1520 1059 1646 1139 ipse
1692 1077 1932 1139 quoque

285 1149 552 1214 divinum
579 1147 940 1231 baptismum
973 1157 1064 1211 est
1093 1157 1471 1224 consecutus,
1508 1156 1565 1209 et
1590 1147 1803 1209 didicit
1830 1165 1931 1208 ar-

285 1257 433 1302 cana
493 1241 753 1322 pietatis,
785 1258 923 1302 cum
984 1239 1222 1300 divinus
1252 1245 1311 1299 et
1365 1236 1734 1299 admirabilis
1764 1234 1932 1299 Onu-

284 1329 439 1393 frius
466 1330 537 1395 ad
569 1332 694 1393 haec
724 1348 933 1393 rursus
956 1328 1344 1390 inserviisset.

365 1418 492 1483 VII.
527 1418 671 1482 Cum
703 1428 903 1481 autem
929 1419 1051 1496 jam
1087 1417 1347 1479 venisset
1393 1424 1629 1497 tempus
1660 1413 1930 1497 pariendi

285 1508 643 1590 Leucippes,
677 1517 735 1570 et
767 1508 949 1569 ﬁlium
983 1508 1314 1588 peperisset
1347 1506 1698 1579 masculum,
1723 1522 1928 1568 accer-

286 1597 436 1659 situs
484 1615 691 1660 rursus
738 1597 1049 1673 Onufrius,
1099 1606 1387 1659 consueta
1433 1595 1672 1671 utilitas,
1711 1594 1928 1656 bonum

284 1704 322 1749 ι
352 1689 478 1751 Deo
512 1686 783 1767 missum,
806 1698 868 1750 et
896 1688 1052 1767 quod
1079 1684 1339 1765 genitum
1365 1685 1797 1759 fuerat,rursus
1826 1701 1933 1762 per

2010 698 2168 756 αὐτὸν
2213 701 2303 756 τοῦ
2354 698 2477 755 ἴσου
2522 696 2909 765 καταξιωθῆναι
2966 695 3352 773 βαπτίσματος·
3415 697 3504 750 καὶ
3556 694 3655 772 γάρ

2012 810 2105 863 μοι
2158 807 2293 862 μετα
2338 795 2445 844 τῶν
2491 784 2691 863 ἄλλων,
2724 788 2875 867 φησὶ,
2910 787 2999 843 καὶ
3046 786 3200 843 τοῦτό
3249 806 3340 856 μοι
3396 796 3655 858 προεῖπεν

2012 879 2041 934 ὁ
2088 881 2231 941 θετος
2288 877 2423 955 ἀνὴρ
2473 877 2703 952 ἐκεῖνος,
2739 876 2821 933 ὅτι
2865 877 2953 933 καὶ
2998 876 3057 933 σὲ
3106 876 3196 932 τὸν
3238 874 3487 954 φίλτατον
3531 872 3653 930 ὅσον

2013 966 2159 1024 οὔπω
2215 973 2315 1036 τῆς
2373 971 2536 1040 αὐτῆς
2600 966 2700 1032 ἔξω
2758 973 3112 1024 κοινωνοῦντα
3163 966 3414 1039 μίστεως.
3481 971 3658 1020 Ταῦτα

2011 1058 2190 1125 εκείνη
2233 1078 2291 1115 τε
2333 1056 2543 1136 εἴρηκε,
2591 1059 2684 1114 καί
2731 1055 2847 1132 μετ’
2891 1055 3070 1133 ὀλίγον
3116 1056 3178 1111 τὰ
3233 1054 3496 1135 λεχθέντα
3538 1050 3652 1117 ἑξε-

2018 1146 2051 1204 ϐ
2248 1150 2262 1167 \
2359 1155 2382 1165 ν
2664 1148 2679 1168 \
2770 1148 2784 1168 τ
2830 1148 2843 1163 \
3127 1152 3149 1162 υ
3206 1144 3257 1181 νς,
3317 1144 3341 1155 ⁷
3465 1142 3480 1168 θ

2052 1171 2112 1215 η.
2168 1158 2264 1206 Και
2294 1169 2386 1204 του
2427 1147 2566 1205 θείου
2594 1168 2681 1203 και
2731 1168 2886 1208 αυτος
2934 1144 3154 1223 λουτρου
3197 1165 3429 1218 η,ιουτο,
3484 1153 3655 1202 Ονου-

2016 1239 2163 1318 φρίου
2229 1235 2389 1293 πάλιν
2446 1238 2577 1316 πρὸς
2648 1243 2812 1293 ταῦτα
2868 1244 2962 1293 τοῦ
3015 1235 3305 1309 θαυμασίο)
3374 1236 3651 1313 ὅπηρετή-

2015 1350 2225 1394 σαντος,

2100 1418 2188 1482 Ζ¹.
2249 1415 2403 1484 ’Ἤδη
2433 1414 2487 1472 δὲ
2538 1416 2681 1494 ὥραν
2713 1418 2871 1472 τόκοι)
2910 1418 3009 1481 τῆς
3042 1417 3347 1483 Λευκίππης
3397 1416 3656 1496 ἐχούσης,

2013 1505 2180 1565 παῖδά
2239 1529 2296 1564 τε
2352 1506 2669 1585 γειναμένης
2728 1502 2936 1582 spesve,
2984 1504 3307 1563 εὶσκαλεϊται
3373 1507 3457 1563 καὶ
3513 1505 3661 1570 αὖθις

2013 1597 2316 1678 Ὀνούφριος
2345 1643 2362 1671 ,
2435 1598 2470 1664 ἡ
2545 1596 2778 1665 συνήθης
2844 1593 3076 1674 ὠφέλεια
3106 1644 3121 1669 ,
3195 1596 3255 1651 τὸ
3323 1597 3661 1671 θεόπεμπτον

2013 1687 2228 1766 ἀγαθόν’
2292 1689 2382 1744 καὶ
2423 1688 2483 1742 το
2537 1689 2785 1764 γεννηθὲν
2829 1686 3142 1762 ἀνεγεινᾶτο
3191 1683 3257 1740 δι’
3295 1684 3454 1743 αὒτοῦ
3497 1684 3662 1743 πάλιν

284 1777 483 1859 ipsum
534 1777 645 1838 fuit
676 1787 1091 1857 regeneratum
1126 1775 1299 1838 beato
1358 1775 1732 1856 baptismate,
1767 1783 1827 1837 et
1857 1774 1930 1835 ab

2141 1777 2384 1855 μακαρίῳ
2438 1768 2786 1853 βαπτίσματι,
2848 1776 2935 1830 καὶ
2991 1774 3092 1841 τὴν
3149 1773 3342 1841 κλῆσιν
3396 1773 3660 1851 ἐλάμϐανε

286 1866 417 1948 ipso
445 1866 674 1947 accepit
705 1865 1190 1948 appellationem,
1216 1873 1273 1927 et
1302 1864 1413 1927 fuit
1441 1865 1779 1927 nominatus
1813 1864 1930 1927 Ga-

284 1956 502 2021 laction
538 1973 553 2019 :
586 1956 816 2037 fuitque
846 1954 1191 2037 appellatio,
1227 1963 1387 2017 certa
1418 1954 1749 2016 futurorum
1781 1973 1935 2034 prte—

284 2044 492 2110 dictio.
528 2044 583 2107 ls
612 2046 772 2109 enim
808 2047 1007 2108 editus
1054 2044 1163 2108 fuit
1192 2043 1449 2107 mundus
1479 2063 1547 2106 ex
1582 2043 1841 2119 mundis,
1875 2052 1934 2106 et

287 2152 362 2198 ex
390 2135 705 2216 generosis
726 2153 977 2215 germen
1000 2153 1137 2197 vere
1154 2153 1539 2215 generosum.
1563 2135 1934 2197 Procedente

283 2231 483 2288 autem
536 2235 829 2306 tempore,
864 2225 1145 2307 paulatim
1178 2223 1479 2287 Galaction
1530 2223 1932 2285 additamenta

286 2315 473 2378 aetatis
495 2315 717 2395 adjecit
749 2316 926 2378 etiam
953 2314 1422 2392 intelligentiam,
1446 2322 1621 2394 atque
1640 2313 1791 2376 adeo
1822 2313 1932 2375 ba-

287 2403 467 2467 bebat
494 2404 799 2485 ingenium
830 2423 1009 2485 supra
1034 2413 1292 2468 aetatem.
1327 2403 1588 2468 Traditis
1610 2422 1747 2465 vero
1780 2401 1934 2464 ludis

287 2494 750 2569 litterariis,etin
770 2494 1220 2575 perfectioribus
1245 2494 1547 2556 exercitus
1574 2490 1930 2572 disciplinis,

287 2584 571 2666 praeclara
601 2602 709 2647 sua
739 2584 942 2646 indole
968 2584 1057 2646 vel
1089 2584 1249 2663 ipsos
1281 2582 1597 2660 magistros
1626 2581 1932 2662 relinque-

285 2671 386 2735 bat
405 2691 438 2735 a
467 2674 821 2752 tergo.Cum
838 2682 1041 2752 ageret
1068 2683 1268 2733 autem
1301 2670 1646 2732 vicesimum
1677 2679 1734 2732 et
1763 2689 1934 2750 quar-

286 2769 412 2824 tum
443 2781 692 2844 annum,
719 2781 878 2823 cura;
901 2769 1027 2823 erat
1049 2767 1225 2843 patri,
1249 2760 1303 2821 ei
1329 2760 1783 2822 convenientem
1804 2759 1935 2822 vitae

2017 1864 2138 1945 παρ’
2215 1866 2374 1923 αὖτοῦ
2439 1868 2525 1922 καὶ
2594 1863 2901 1921 Γαλακτίων
2957 1865 3385 1939 κατωνομάζετο,
3445 1867 3534 1923 καὶ
3592 1868 3662 1934 ἦν

2021 1956 2049 2024 ἦ
2098 1954 2287 2023 κλῆσις
2342 1960 2448 2011 τῶν
2504 1953 2773 2028 ἐσομένων
2832 1953 3078 2033 ἀσφαλὴς
3128 1954 3540 2033 προαγόρευσις’
3600 1953 3664 2011 ix

2015 2046 2255 2123 καθαρῶν
2313 2044 2413 2123 γὰρ
2462 2044 2689 2118 καθαρὸς
2745 2043 2829 2100 καὶ
2877 2041 3027 2108 οὗτος
3078 2040 3277 2122 ἀπέϐη,
3326 2045 3414 2101 καὶ
3453 2042 3507 2110 έξ
3562 2043 3661 2100 εὗ-

2016 2139 2185 2213 γενῶν
2233 2133 2400 2199 ὄντως
2462 2134 2672 2211 εὐγενὲς
2728 2130 3035 2208 βλάστημα,
3109 2132 3398 2210 Προϊόντος
3455 2130 3510 2189 δὲ
3567 2140 3664 2191 τοῦ

2017 2222 2214 2303 χρόνου
2272 2224 2409 2281 κατὰ
2460 2224 2655 2302 μικρὸν
2705 2224 2733 2278 ὁ
2789 2221 3094 2278 ΓαΛακτίων
3145 2222 3231 2279 επὶ
3288 2228 3355 2298 τῇ
3384 2225 3665 2299 προσθήκῃ

2014 2318 2115 2380 τῆς
2172 2310 2380 2381 ἡλίκίας
2429 2312 2517 2369 καὶ
2575 2313 2781 2368 σύνεσιν
2840 2312 3155 2390 προσετίθει,
3201 2309 3406 2386 μᾶλλον
3463 2309 3519 2368 δὲ
3574 2314 3669 2369 καὶ

2015 2400 2146 2479 ὑπέρ
2207 2402 2302 2469 τὴν
2335 2400 2542 2469 ἡλικίαν
2601 2402 2665 2457 τὸ
2695 2407 2916 2480 φρονοῦν
2959 2399 3112 2479 εἶχε,
3150 2398 3549 2466 Διδασκαλείοις
3607 2400 3665 2457 δὲ

2016 2489 2266 2564 ἐκδοθεὶς,
2304 2490 2388 2547 καί
2441 2504 2560 2553 τοῖς
2611 2489 2951 2567 τελεωτέροις
2995 2490 3308 2557 ὰκπονηθεὶς
3355 2493 3663 2567 μαθήμασι,

2015 2586 2092 2654 τῷ
2153 2579 2419 2658 φιλοτίμῳ
2473 2582 2574 2647 τῆς
2633 2581 2836 2659 φύσεως
2896 2580 2983 2637 καὶ
3056 2582 3240 2643 αὐτοὺς
3298 2580 3469 2636 ὀπίσω
3539 2582 3667 2647 τοὺς

2016 2668 2361 2733 διδασκάλους
2446 2669 2612 2727 ἐποίει
2647 2715 2664 2731 .
2770 2670 3024 2727 Εἶκοστὸν
3107 2666 3162 2724 δὲ
3244 2670 3330 2725 καὶ
3413 2669 3667 2749 τέταρτον

2017 2758 2252 2816 ἐνιαυτὸν
2322 2757 2565 2838 ἄγοντος,
2625 2762 2834 2839 φροντὶς
2904 2758 2970 2826 ἦν
3037 2765 3115 2834 τῷ
3187 2760 3340 2838 πατρὶ
3403 2761 3666 2817 κοινωνὸν

284 2852 653 2932 conjungere
699 2851 945 2927 sociam,
979 2869 1112 2914 cum
1169 2858 1360 2913 mater
1415 2850 1716 2932 Leucippe
1741 2850 1866 2930 jam
1900 2870 1932 2913 e

2100 2855 2160 2923 τῷ
2213 2848 2327 2925 βίου
2376 2849 2474 2917 τὴν
2523 2852 2888 2929 φροσήκουσαν
2951 2848 3299 2925 συναρμόσαι,
3333 2851 3431 2915 τῆς
3486 2850 3661 2926 μητέ-

284 2938 407 3003 vits
435 2940 811 3003 excessisset.

2100 2961 2106 3001 ς
2137 2936 2240 3006 ἤδη
2273 2938 2580 3005 Λευκίππης
2611 2940 2701 2996 τὸν
2732 2940 2843 3015 βίον
2875 2936 3265 3006 ἀπολιπούσης.

366 3027 519 3095 VllI.
555 3031 698 3093 Erat
727 3038 924 3093 autem
968 3038 1107 3093 tunc
1137 3029 1405 3111 quaedam
1437 3029 1622 3111 virgo,
1662 3031 1932 3111 pulchri-

2100 3026 2185 3088 H’.
2248 3028 2545 3108 Ἐτυγχανε
2577 3027 2632 3085 δέ
2674 3051 2755 3093 τις
2785 3031 2845 3085 τὸ
2872 3035 3163 3096 τηνικαῦτα
3205 3028 3479 3107 παρθένος,
3520 3028 3666 3087 καλ-

285 3118 491 3220 tudine
520 3130 583 3183 et
613 3138 843 3222 moru'm
872 3119 1188 3219 Ibonestate
1221 3120 1588 3183 antecellens
1628 3120 1928 3181 omnibus.

2152 3138 2210 3174 τε
2266 3118 2353 3174 κξιὶ
2424 3116 2536 3185 ἤθει
2592 3119 2799 3193 κοσμίῳ
2860 3123 2966 3174 τῶν
3036 3115 3252 3174 πολλῶι
3320 3115 3660 3198 διαφέρουσα,

2231 3208 2243 3222 .
2465 3208 2476 3222 .
2613 3208 2626 3222 ι
2710 3204 2735 3222 ν
2961 3205 3018 3222 η,
3157 3206 3172 3222 ,
3314 3207 3326 3222 ,
3498 3208 3512 3222 ι
3572 3205 3629 3222 α..

286 3208 356 3273 Ei
387 3217 513 3270 erat
534 3227 753 3270 nomen
780 3207 1103 3289 Episteme,
1136 3228 1267 3289 quae
1291 3209 1616 3272 nobilitatis
1642 3215 1701 3270 et
1730 3209 1934 3287 gloria:

2100 3208 2329 3283 τιστήμη
2381 3208 2551 3284 ταύτῃ
2577 3208 2639 3264 τὸ
2699 3204 2892 3282 ὄνομα,
2924 3205 3083 3271 κλέος
3126 3206 3388 3286 εὐγενείας
3414 3208 3513 3266 καί
3566 3205 3666 3264 δό-

284 3297 501 3360 famam
531 3296 791 3360 habebat
822 3297 1076 3379 primam
1111 3299 1264 3361 inter
1295 3299 1599 3361 mulieres.
1646 3296 1788 3359 Eam
1824 3298 1934 3360 ἀθο-

2100 3317 2109 3362 ;
2167 3296 2292 3354 αὒτὸ
2361 3297 2424 3353 τὸ
2487 3302 2698 3375 πρῶτον
2766 3298 2819 3353 ἒν
2873 3295 3100 3375 γυναιξὶν
3170 3295 3393 3378 ἔχουσα.
3454 3300 3663 3366 Ταύτηι

286 3388 524 3469 spondit
554 3387 892 3469 Galaction,
924 3408 1082 3451 nunc
1112 3389 1353 3470 quidem
1403 3388 1476 3449 ad
1508 3388 1771 3468 speciem
1804 3407 1934 3451 ma-

2100 3388 2320 3444 ιόοαντο
2369 3385 2719 3461 Γαλαοιτίωνι,
2780 3396 2867 3446 νῦν
2918 3387 3015 3463 μὲν
3085 3387 3159 3451 είς
3218 3387 3514 3467 πρόσχημα
3569 3397 3670 3448 τοῦ

286 3477 579 3554 trimonii,
612 3486 817 3560 postea
849 3489 1045 3540 autem
1075 3480 1147 3541 ad
1180 3478 1459 3540 unionem
1510 3479 1746 3541 animm.
1780 3481 1928 3540 Cum

2100 3497 2213 3550 sou,
2248 3476 2384 3552 μετὰ
2413 3484 2575 3534 ταῦτα
2628 3475 2799 3534 δὲκαὶ
2855 3477 2953 3545 τῆς
3012 3481 3195 3557 ψυχῆς
3243 3476 3453 3537 ἕνωσιν.
3510 3475 3669 3535 Ἐπεὶ

284 3586 429 3631 vero
451 3569 728 3633 vitaicum
753 3587 823 3631 ea
840 3568 1191 3632 societatem
1217 3586 1371 3648 aegre
1394 3569 1578 3631 ferret
1595 3569 1926 3644 Galaction,

2140 3567 2236 3635 τὴν
2296 3565 2584 3643 συμϐίωσιν
2649 3568 2847 3634 ταύτης
2920 3564 3258 3647 ἐδυσχέραινε
3327 3567 3665 3643 Γαλακτίων,

286 3667 346 3724 et
366 3667 571 3741 aperte
593 3659 938 3721 ostenderet
961 3677 1026 3720 se
1054 3662 1183 3738 ejus
1204 3677 1555 3736 congressus
1592 3667 1646 3720 et
1672 3659 1931 3740 comple-

2161 3658 2381 3735 φανερὸς
2414 3656 2480 3725 ἦν
2530 3657 2624 3721 τὰς
2655 3654 2967 3733 συμπλοκάς
3021 3678 3078 3713 τε
3135 3659 3223 3714 καὶ
3276 3654 3540 3723 δεξιώσεις
3602 3658 3669 3716 οὗ

285 3767 396 3812 xus
425 3769 543 3812 non
573 3748 911 3823 admittere,
946 3758 1192 3830 propter
1213 3748 1522 3828 religionis
1551 3748 1894 3811 dissimilitu
1914 3783 1932 3792 -

287 3838 515 3919 dinem,
547 3847 606 3901 et
628 3838 783 3919 quod
821 3857 891 3900 ea
908 3856 1025 3899 non
1055 3847 1213 3900 esset
1246 3842 1543 3919 particeps
1572 3838 1760 3900 divini
1790 3837 1935 3918 bap-

288 3928 567 4004 tismatis,
598 3945 633 3988 a
654 3927 1008 3990 necessariis
1037 3946 1195 4008 saepe
1228 3929 1617 4004 exigebantur
1646 3928 1927 4007 rationes,

291 4017 393 4099 qui
422 4035 550 4078 eam
582 4034 712 4079 rem
743 4035 898 4096 aegre
926 4016 1218 4096 ferebant,
1252 4025 1311 4080 et
1339 4018 1593 4094 graviter
1623 4016 1928 4097 expende-

287 4105 454 4170 bant.
511 4109 653 4171 Cum
707 4116 905 4168 autem
959 4108 1120 4170 solus
1175 4108 1493 4189 aliquando
1533 4108 1688 4187 apud
1738 4105 1925 4168 solam

287 4196 497 4261 fuisset
535 4195 903 4279 Epistemen,
939 4197 1012 4259 ab
1061 4216 1134 4260 ea
1161 4207 1421 4276 rogatus,
1454 4214 1724 4278 quaenam
1774 4202 1930 4257 esset

290 4304 469 4349 causa
516 4285 659 4363 odii,
695 4287 843 4350 dixit
896 4285 1202 4351 Galaction
1263 4305 1330 4349 se
1360 4306 1477 4347 non
1532 4303 1704 4365 posse
1758 4284 1931 4347 aliter

289 4376 450 4439 ferre
500 4376 630 4439 vitae
659 4396 792 4440 cum
842 4395 915 4440 ea
960 4378 1332 4449 societatem,
1367 4376 1483 4436 nisi
1532 4393 1661 4437 eam
1720 4375 1931 4437 viderit

290 4483 495 4529 secum
511 4467 839 4530 convenire
854 4468 911 4528 in
932 4464 1498 4545 religioneﬁicebat
1513 4464 1673 4528 enim
1700 4473 1928 4546 aperte,

2016 3745 2364 3825 προσιέμενος
2422 3742 2505 3802 διὰ
2548 3747 2608 3802 τὸ
2663 3748 2781 3825 περὶ
2838 3748 2901 3802 τὸ
2959 3742 3117 3811 σέϐας
3160 3744 3413 3823 ἀνόμοιον
3463 3748 3551 3803 καὶ
3600 3748 3669 3806 τὸ

2014 3843 2108 3892 τοῦ
2161 3837 2301 3895 θείου
2337 3836 2701 3912 βαπτίσματος
2754 3834 3020 3916 έμέτοχον
3070 3836 3212 3892 εἶναι
3261 3836 3482 3912 ταύτην,
3517 3834 3667 3896 πολ-

2013 3923 2138 3989 λοὺς
2195 3927 2337 4004 παρὰ
2368 3932 2474 3983 τῶν
2531 3927 2740 3983 οἷγείων
2768 3926 3058 4006 έπράττετο
3105 3924 3318 4005 λόγους,
3352 3927 3438 3983 καὶ
3471 3927 3666 4005 βαρεῖς

2013 4015 2201 4079 αὐτοὺς
2256 4017 2387 4095 εἶχε
2416 4022 2509 4072 τοῦ
2550 4014 2864 4094 πράγματος
2895 4016 3174 4096 λογιστάς.
3243 4017 3419 4083 Μόνος
3446 4014 3502 4073 δὲ
3529 4038 3667 4075 ποτε

2013 4104 2143 4182 πρὸς
2216 4104 2389 4181 μόνην
2429 4105 2553 4173 τὴν,
2602 4102 2950 4182 Ἐπιστιςμην
2996 4106 3311 4188 γενόμενος,
3353 4106 3497 4163 εἶτα
3532 4106 3665 4187 παρ’

2012 4198 2174 4263 αὐτῆς
2231 4200 2323 4252 τοῦ
2393 4193 2578 4271 μίσους
2649 4195 2990 4275 ἐρωτώμενος
3059 4197 3157 4265 τὴν
3234 4197 3426 4278 αἰτίαν,
3490 4194 3656 4278 φέναι

2012 4285 2104 4342 τὸν
2160 4282 2504 4342 Γαλακτίωνα
2532 4286 2611 4361 μὴ
2667 4284 2730 4341 ἂν
2784 4284 2963 4351 ἄλλως
3019 4284 3346 4366 ἀνασχέσθαι
3402 4286 3502 4354 τὴν
3531 4285 3657 4362 μετ’

2012 4378 2179 4442 αὐτῆς
2237 4376 2538 4451 κοινωνίαν,
2570 4377 2615 4432 εἰ
2666 4376 2745 4452 μὴ
2770 4377 2858 4432 καὶ
2909 4377 3045 4432 κατᾶ
3069 4377 3132 4433 τὸ
3179 4373 3336 4441 σέϐας
3369 4374 3475 4433 ἴδοι
3531 4397 3659 4432 κοι-

2014 4462 2275 4521 νωνοῦσαν
2331 4464 2499 4535 αὐτῷ’
2557 4463 2767 4522 ἀνόσιον
2816 4466 2915 4544 γὰρ
2970 4466 3214 4544 ἄντικρυς
3274 4464 3454 4545 ἔλεγεν
3509 4465 3660 4523 εἶναι

290 4573 425 4620 esse
472 4556 745 4638 impium,
780 4556 1067 4620 mundum
1098 4555 1386 4635 conjungi
1418 4574 1552 4617 rum
1597 4554 1928 4616 immundo.

2100 4577 2107 4606 ν
2189 4553 2581 4633 κεκαθαρμένον
2658 4553 2939 4635 ἀκαθάρτῳ
3022 4556 3395 4621 συνάπτεσθαι.
3487 4554 3664 4637 Εἴπερ

290 4644 353 4710 Si
384 4664 552 4726 erg),
588 4665 623 4709 ο
652 4664 821 4723 uxor,
856 4654 947 4707 est
990 4644 1098 4707 tibi
1125 4654 1292 4724 grata
1326 4654 1525 4707 nostra
1552 4652 1751 4707 tecum
1806 4646 1937 4706 vita:

290 4736 567 4815 societas,
596 4734 779 4798 crede
827 4733 973 4795 mihi
1003 4735 1227 4814 optima
1282 4733 1642 4799 consulenti.
1673 4733 1748 4798 Et
1790 4752 1938 4815 quo-

289 4825 449 4889 niam
482 4828 542 4885 in
576 4823 889 4904 praesentia
904 4833 993 4888 est
1024 4824 1227 4905 inopia
1254 4823 1761 4903 sacerdotum,qui
1783 4842 1935 4887 con-

288 4914 475 4977 stituti
528 4922 669 4977 sunt
695 4913 768 4977 ad
803 4914 940 4989 hoc,
974 4923 1037 4976 ut
1087 4915 1160 4977 ad
1194 4912 1553 4995 baptismum
1584 4914 1930 4990 inserviant,

290 5004 427 5067 ﬁeri
467 5011 663 5067 autem
720 5023 840 5068 non
872 5009 1086 5085 potest,
1120 5015 1186 5065 ut
1213 5003 1384 5066 aliter
1422 5004 1499 5065 sit
1526 5003 1822 5085 quispiam
1877 5013 1937 5066 et

291 5094 637 5158 nominetur
666 5095 946 5171 mundus,
980 5112 1089 5157 nos
1129 5094 1244 5157 hoc
1273 5094 1522 5176 donum,
1558 5104 1734 5175 prout
1778 5103 1932 5156 tem-

292 5201 403 5267 pus
431 5184 729 5266 concedit,
761 5185 877 5265 ipsi
905 5193 1212 5267 utcunque
1245 5201 1627 5266 peragamus.

372 5272 476 5339 IX.
511 5275 656 5338 Cum
685 5282 883 5336 autem
908 5273 1153 5337 vidisset
1184 5293 1312 5337 eam
1337 5275 1407 5337 ad
1441 5275 1554 5338 hoc
1581 5292 1806 5339 morem
1836 5292 1938 5354 ge-

292 5372 554 5442 rentem,
580 5363 757 5445 jubet
784 5383 965 5426 unum
989 5382 1059 5426 ex
1095 5364 1251 5427 tubis
1276 5364 1434 5428 horti
1460 5367 1697 5445 impleri
1726 5383 1884 5441 aqua
1917 5384 1932 5427 :

294 5464 356 5518 et
408 5453 491 5517 ita
518 5453 796 5516 omnibus
827 5454 1219 5517 inscientibus
1277 5455 1934 5535 baptizatEpistemen.

2019 4642 2130 4715 οὖν,
2185 4643 2231 4699 ὦ
2283 4645 2457 4720 γύναι,
2516 4643 2615 4711 τὴν
2670 4641 2787 4720 μεθ’
2859 4646 3015 4719 ἡμῶν
3071 4644 3284 4721 ἀσπάζῃ
3342 4642 3661 4722 συμϐίωσιν,

2019 4733 2195 4790 πείθον
2252 4755 2345 4807 μοι
2377 4733 2441 4790 τὰ
2494 4732 2747 4810 βέλτιστα
2790 4731 3189 4815 συμϐολεύοντι,
3218 4737 3307 4791 καὶ
3355 4736 3472 4793 ἐπεὶ
3524 4738 3669 4796 κατᾶ

2018 4822 2080 4878 τὸ
2136 4824 2221 4879 νῦν
2253 4820 2381 4901 ἕχον
2430 4823 2611 4890 ςερέων
2640 4823 2778 4880 ἐστὶν
2820 4822 3013 4903 ἆπορὶα
3040 4824 3147 4882 τῶν
3204 4825 3336 4904 πρὸς
3364 4826 3428 4882 τὸ
3462 4824 3669 4903 βάπτι-

2018 4933 2131 4988 σμα
2206 4910 2548 4991 τεταγμένων
2629 4914 2942 4990 ὑπηρετεῖν,
3018 4912 3271 4973 ἆᾶἲνατον
3346 4913 3404 4972 δέ
3484 4913 3670 4980 ἄλλως

2016 5000 2242 5079 καθαρόν
2296 5021 2415 5059 τινα
2445 5004 2531 5060 καὶ
2584 5004 2731 5062 εἶναι
2762 5003 2858 5062 καὶ
2902 5003 3272 5081 ὖνομᾶζεσθαι,
3299 5005 3367 5062 τὰ
3412 5011 3506 5064 τοῦ
3544 5026 3671 5085 εχει-

2018 5093 2269 5173 ρίσματος
2320 5092 2488 5169 ἡμεῖς
2527 5095 2701 5159 καθὼς
2746 5095 2775 5151 ὁ
2824 5096 3008 5173 καιρὸς
3037 5092 3213 5153 δίδωσι
3261 5092 3664 5176 σχεδιάσωμεν.

2100 5270 2187 5338 Θ’,
2244 5270 2394 5330 Ἐπεὶ
2422 5270 2479 5330 δὲ
2520 5273 2661 5353 πρὸς
2689 5279 2845 5333 τοῦτο
2872 5273 3194 5351 πειθομένην
3249 5272 3362 5332 εἶδε
3406 5274 3493 5331 καὶ
3543 5271 3667 5335 οὐδὲ

2022 5366 2195 5422 ὁτιοῦν
2254 5361 2629 5439 ἀνανεόουσατ,
2665 5363 2789 5441 μίαν
2839 5370 2947 5423 τῶν
2990 5371 3083 5424 τοὺ
3132 5365 3309 5435 κήπου
3362 5361 3667 5440 δεξαμενῶν

2020 5452 2209 5516 ὕδατος
2254 5450 2605 5531 πλῆρωθῆται
2661 5452 2885 5511 κελεύει·
2944 5457 3035 5514 καὶ
3089 5453 3229 5513 οὕτω
3276 5453 3482 5518 πέττας
3537 5450 3670 5510 δια-

291 5542 428 5629 Ipsa
467 5553 696 5622 autem,
729 5562 862 5608 cum
894 5552 1026 5626 post
1056 5543 1347 5626 baptisma
1371 5552 1502 5606 octo
1530 5544 1661 5606 dies
1692 5549 1934 5623 prater-

2100 5542 2222 5623 θὼν,
2284 5542 2522 5619 βαπτίζει
2578 5541 2677 5612 τὴν
2761 5542 3127 5622 Ἐπιστήμην,
3184 5543 3332 5613 Αὕτη
3383 5543 3519 5623 Ιτοῡν
3571 5544 3701 5602 καὶ»

291 5634 523 5722 issent,
556 5652 764 5702 novam
824 5633 1141 5721 quamdam
1198 5640 1262 5701 et
1314 5631 1608 5697 insolitam
1668 5632 1827 5697 videt
1879 5631 1934 5696 in

2100 5631 2161 5690 τὰ
2216 5629 2277 5694 τό
2308 5631 2607 5712 βάπτισμα,
2639 5634 2855 5715 ἡμερῶν
2908 5635 3052 5695 ὀκτὼ
3100 5633 3486 5717 διαγενομένων
3517 5653 3668 5716 και.
