  <div class='ocr_page' id='page_1' title='image "/cluster/home/n/w/nwhite01/storage/ocr_20150623/116/mdp.39015008903554/059.png"; bbox 0 0 3932 6128; ppageno 0'>
   <div class='ocr_carea' id='block_1_1' title="bbox 396 270 510 354">
    <p class='ocr_par' dir='ltr' id='par_1_1' title="bbox 396 270 510 354">
     <span class='ocr_line' id='line_1_1' title="bbox 396 270 510 354; baseline -0.018 0"><span class='ocrx_word' id='word_1_1' title='bbox 396 270 510 354; x_wconf 69' lang='grc' dir='ltr'>1ὒό</span> 
     </span>
    </p>
   </div>
   <div class='ocr_carea' id='block_1_2' title="bbox 467 413 2084 496">
    <p class='ocr_par' dir='ltr' id='par_1_2' title="bbox 467 413 2084 496">
     <span class='ocr_line' id='line_1_2' title="bbox 467 413 2084 496; baseline -0.009 -12"><span class='ocrx_word' id='word_1_2' title='bbox 467 417 594 484; x_wconf 81' lang='lat' dir='ltr'><strong>XII.</strong></span> <span class='ocrx_word' id='word_1_3' title='bbox 627 422 776 482; x_wconf 78' lang='lat' dir='ltr'><strong>Cum</strong></span> <span class='ocrx_word' id='word_1_4' title='bbox 808 419 962 480; x_wconf 85' lang='lat' dir='ltr'><strong>hanc</strong></span> <span class='ocrx_word' id='word_1_5' title='bbox 991 431 1132 496; x_wconf 82' lang='lat' dir='ltr'><strong>ergo</strong></span> <span class='ocrx_word' id='word_1_6' title='bbox 1164 416 1297 478; x_wconf 70' lang='lat' dir='ltr'><strong>vitae</strong></span> <span class='ocrx_word' id='word_1_7' title='bbox 1321 415 1566 494; x_wconf 65' lang='lat' dir='ltr'><strong>agenda</strong></span> <span class='ocrx_word' id='word_1_8' title='bbox 1590 415 1880 477; x_wconf 90' lang='lat' dir='ltr'><strong>rationem</strong></span> <span class='ocrx_word' id='word_1_9' title='bbox 1905 413 2024 476; x_wconf 83' lang='lat' dir='ltr'><strong>eIe-</strong></span> <span class='ocrx_word' id='word_1_10' title='bbox 2047 421 2084 469; x_wconf 79' lang='grc' dir='ltr'><strong>Α</strong></span> 
     </span>
    </p>
   </div>
   <div class='ocr_carea' id='block_1_3' title="bbox 389 504 2030 590">
    <p class='ocr_par' dir='ltr' id='par_1_3' title="bbox 389 504 2030 590">
     <span class='ocr_line' id='line_1_3' title="bbox 389 504 2030 590; baseline -0.004 -18"><span class='ocrx_word' id='word_1_11' title='bbox 389 511 572 590; x_wconf 81' lang='lat' dir='ltr'><strong>gisth</strong></span> <span class='ocrx_word' id='word_1_12' title='bbox 599 508 1112 588; x_wconf 82' lang='lat' dir='ltr'><strong>Galaction,quam</strong></span> <span class='ocrx_word' id='word_1_13' title='bbox 1137 524 1255 567; x_wconf 89' lang='lat' dir='ltr'><strong>non</strong></span> <span class='ocrx_word' id='word_1_14' title='bbox 1279 505 1427 567; x_wconf 84' lang='lat' dir='ltr'><strong>viam</strong></span> <span class='ocrx_word' id='word_1_15' title='bbox 1459 504 1700 585; x_wconf 87' lang='lat' dir='ltr'><strong>quidem</strong></span> <span class='ocrx_word' id='word_1_16' title='bbox 1736 504 2030 581; x_wconf 71' lang='lat' dir='ltr'><strong>iniit,quaa</strong></span> 
     </span>
    </p>
   </div>
   <div class='ocr_carea' id='block_1_4' title="bbox 390 593 2024 683">
    <p class='ocr_par' dir='ltr' id='par_1_4' title="bbox 390 593 2024 683">
     <span class='ocr_line' id='line_1_4' title="bbox 390 593 2024 683; baseline -0.005 -21"><span class='ocrx_word' id='word_1_17' title='bbox 390 606 591 683; x_wconf 81' lang='lat' dir='ltr'><strong>posset</strong></span> <span class='ocrx_word' id='word_1_18' title='bbox 617 597 833 662; x_wconf 87' lang='lat' dir='ltr'><strong>docere</strong></span> <span class='ocrx_word' id='word_1_19' title='bbox 864 594 1334 658; x_wconf 72' lang='lat' dir='ltr'><strong>moderationem</strong></span> <span class='ocrx_word' id='word_1_20' title='bbox 1360 601 1388 658; x_wconf 66' lang='grc' dir='ltr'>ἲ</span> <span class='ocrx_word' id='word_1_21' title='bbox 1437 593 1624 666; x_wconf 85' lang='lat' dir='ltr'><strong>Quem</strong></span> <span class='ocrx_word' id='word_1_22' title='bbox 1651 602 1849 656; x_wconf 86' lang='lat' dir='ltr'><strong>autem</strong></span> <span class='ocrx_word' id='word_1_23' title='bbox 1880 613 1909 655; x_wconf 92' lang='lat' dir='ltr'><strong>s</strong></span> <span class='ocrx_word' id='word_1_24' title='bbox 1949 613 2024 654; x_wconf 90' lang='lat' dir='ltr'><strong>n-</strong></span> 
     </span>
    </p>
   </div>
   <div class='ocr_carea' id='block_1_5' title="bbox 387 684 2023 762">
    <p class='ocr_par' dir='ltr' id='par_1_5' title="bbox 387 684 2023 762">
     <span class='ocr_line' id='line_1_5' title="bbox 387 684 2023 762; baseline -0.006 -9"><span class='ocrx_word' id='word_1_25' title='bbox 387 707 522 753; x_wconf 74' lang='lat' dir='ltr'><strong>sum</strong></span> <span class='ocrx_word' id='word_1_26' title='bbox 548 705 666 750; x_wconf 90' lang='lat' dir='ltr'><strong>non</strong></span> <span class='ocrx_word' id='word_1_27' title='bbox 689 686 907 760; x_wconf 82' lang='lat' dir='ltr'><strong>erudit,</strong></span> <span class='ocrx_word' id='word_1_28' title='bbox 944 685 1164 748; x_wconf 77' lang='lat' dir='ltr'><strong>limites</strong></span> <span class='ocrx_word' id='word_1_29' title='bbox 1179 693 1238 746; x_wconf 91' lang='lat' dir='ltr'><strong>et</strong></span> <span class='ocrx_word' id='word_1_30' title='bbox 1260 685 1465 745; x_wconf 91' lang='lat' dir='ltr'><strong>modos</strong></span> <span class='ocrx_word' id='word_1_31' title='bbox 1490 684 1806 762; x_wconf 88' lang='lat' dir='ltr'><strong>imponens</strong></span> <span class='ocrx_word' id='word_1_32' title='bbox 1829 690 2023 745; x_wconf 85' lang='lat' dir='ltr'><strong>omni-</strong></span> 
     </span>
    </p>
   </div>
   <div class='ocr_carea' id='block_1_6' title="bbox 388 772 2026 859">
    <p class='ocr_par' dir='ltr' id='par_1_6' title="bbox 388 772 2026 859">
     <span class='ocr_line' id='line_1_6' title="bbox 388 772 2026 859; baseline -0.005 -17"><span class='ocrx_word' id='word_1_33' title='bbox 388 779 587 859; x_wconf 89' lang='lat' dir='ltr'><strong>bus,et</strong></span> <span class='ocrx_word' id='word_1_34' title='bbox 615 793 837 855; x_wconf 84' lang='lat' dir='ltr'><strong>cogens</strong></span> <span class='ocrx_word' id='word_1_35' title='bbox 855 793 960 837; x_wconf 88' lang='lat' dir='ltr'><strong>eos</strong></span> <span class='ocrx_word' id='word_1_36' title='bbox 993 791 1199 855; x_wconf 90' lang='lat' dir='ltr'><strong>parere</strong></span> <span class='ocrx_word' id='word_1_37' title='bbox 1221 772 1489 836; x_wconf 86' lang='lat' dir='ltr'><strong>rationi?</strong></span> <span class='ocrx_word' id='word_1_38' title='bbox 1511 772 1595 835; x_wconf 89' lang='lat' dir='ltr'><strong>Ita</strong></span> <span class='ocrx_word' id='word_1_39' title='bbox 1616 787 1814 836; x_wconf 88' lang='lat' dir='ltr'><strong>autem</strong></span> <span class='ocrx_word' id='word_1_40' title='bbox 1838 772 1895 834; x_wconf 90' lang='lat' dir='ltr'><strong>ei</strong></span> <span class='ocrx_word' id='word_1_41' title='bbox 1918 791 2026 834; x_wconf 86' lang='lat' dir='ltr'><strong>cu-</strong></span> 
     </span>
    </p>
   </div>
   <div class='ocr_carea' id='block_1_7' title="bbox 388 861 2027 945">
    <p class='ocr_par' dir='ltr' id='par_1_7' title="bbox 388 861 2027 945">
     <span class='ocr_line' id='line_1_7' title="bbox 388 861 2027 945; baseline -0.005 -14"><span class='ocrx_word' id='word_1_42' title='bbox 388 887 472 931; x_wconf 75' lang='lat' dir='ltr'><strong>rae</strong></span> <span class='ocrx_word' id='word_1_43' title='bbox 489 868 728 930; x_wconf 83' lang='lat' dir='ltr'><strong>fuerunt</strong></span> <span class='ocrx_word' id='word_1_44' title='bbox 759 865 1012 945; x_wconf 90' lang='lat' dir='ltr'><strong>jejunia,</strong></span> <span class='ocrx_word' id='word_1_45' title='bbox 1032 871 1096 926; x_wconf 91' lang='lat' dir='ltr'><strong>ut</strong></span> <span class='ocrx_word' id='word_1_46' title='bbox 1117 863 1268 924; x_wconf 90' lang='lat' dir='ltr'><strong>duos</strong></span> <span class='ocrx_word' id='word_1_47' title='bbox 1289 881 1476 925; x_wconf 89' lang='lat' dir='ltr'><strong>annos</strong></span> <span class='ocrx_word' id='word_1_48' title='bbox 1496 862 1686 924; x_wconf 85' lang='lat' dir='ltr'><strong>semel</strong></span> <span class='ocrx_word' id='word_1_49' title='bbox 1709 863 1768 922; x_wconf 93' lang='lat' dir='ltr'><strong>in</strong></span> <span class='ocrx_word' id='word_1_50' title='bbox 1791 861 2027 923; x_wconf 81' lang='lat' dir='ltr'><strong>hebdo-</strong></span> 
     </span>
    </p>
   </div>
   <div class='ocr_carea' id='block_1_8' title="bbox 391 952 2031 1036">
    <p class='ocr_par' dir='ltr' id='par_1_8' title="bbox 391 952 2031 1036">
     <span class='ocr_line' id='line_1_8' title="bbox 391 952 2031 1036; baseline -0.006 -16"><span class='ocrx_word' id='word_1_51' title='bbox 391 958 563 1019; x_wconf 85' lang='lat' dir='ltr'><strong>mada</strong></span> <span class='ocrx_word' id='word_1_52' title='bbox 585 972 739 1036; x_wconf 86' lang='lat' dir='ltr'><strong>pane</strong></span> <span class='ocrx_word' id='word_1_53' title='bbox 761 954 889 1014; x_wconf 89' lang='lat' dir='ltr'><strong>solo</strong></span> <span class='ocrx_word' id='word_1_54' title='bbox 911 963 1472 1031; x_wconf 85' lang='lat' dir='ltr'><strong>vesceretur,eoque</strong></span> <span class='ocrx_word' id='word_1_55' title='bbox 1497 952 1821 1024; x_wconf 88' lang='lat' dir='ltr'><strong>modico,et</strong></span> <span class='ocrx_word' id='word_1_56' title='bbox 1841 969 2031 1030; x_wconf 86' lang='lat' dir='ltr'><strong>quan-</strong></span> 
     </span>
    </p>
   </div>
   <div class='ocr_carea' id='block_1_9' title="bbox 391 1040 2030 1108">
    <p class='ocr_par' dir='ltr' id='par_1_9' title="bbox 391 1040 2030 1108">
     <span class='ocr_line' id='line_1_9' title="bbox 391 1040 2030 1108; baseline -0.004 0"><span class='ocrx_word' id='word_1_57' title='bbox 391 1053 514 1108; x_wconf 88' lang='lat' dir='ltr'><strong>tum</strong></span> <span class='ocrx_word' id='word_1_58' title='bbox 544 1043 684 1106; x_wconf 88' lang='lat' dir='ltr'><strong>satis</strong></span> <span class='ocrx_word' id='word_1_59' title='bbox 710 1051 868 1104; x_wconf 89' lang='lat' dir='ltr'><strong>esset</strong></span> <span class='ocrx_word' id='word_1_60' title='bbox 895 1040 966 1102; x_wconf 90' lang='lat' dir='ltr'><strong>ad</strong></span> <span class='ocrx_word' id='word_1_61' title='bbox 1002 1041 1336 1102; x_wconf 78' lang='lat' dir='ltr'><strong>vivendum.</strong></span> <span class='ocrx_word' id='word_1_62' title='bbox 1373 1045 1516 1104; x_wconf 85' lang='lat' dir='ltr'><strong>Cum</strong></span> <span class='ocrx_word' id='word_1_63' title='bbox 1551 1041 1749 1102; x_wconf 88' lang='lat' dir='ltr'><strong>inedia</strong></span> <span class='ocrx_word' id='word_1_64' title='bbox 1779 1059 1916 1100; x_wconf 89' lang='lat' dir='ltr'><strong>vero</strong></span> <span class='ocrx_word' id='word_1_65' title='bbox 1963 1059 2030 1102; x_wconf 90' lang='lat' dir='ltr'><strong>se</strong></span> 
     </span>
    </p>
   </div>
   <div class='ocr_carea' id='block_1_10' title="bbox 391 1129 2028 1209">
    <p class='ocr_par' dir='ltr' id='par_1_10' title="bbox 391 1129 2028 1209">
     <span class='ocr_line' id='line_1_10' title="bbox 391 1129 2028 1209; baseline -0.005 -11"><span class='ocrx_word' id='word_1_66' title='bbox 391 1135 568 1199; x_wconf 82' lang='lat' dir='ltr'><strong>etiam</strong></span> <span class='ocrx_word' id='word_1_67' title='bbox 596 1130 908 1194; x_wconf 83' lang='lat' dir='ltr'><strong>exercebat</strong></span> <span class='ocrx_word' id='word_1_68' title='bbox 939 1131 997 1191; x_wconf 91' lang='lat' dir='ltr'><strong>in</strong></span> <span class='ocrx_word' id='word_1_69' title='bbox 1029 1129 1266 1207; x_wconf 83' lang='lat' dir='ltr'><strong>vigiliis,</strong></span> <span class='ocrx_word' id='word_1_70' title='bbox 1305 1138 1365 1190; x_wconf 88' lang='lat' dir='ltr'><strong>et</strong></span> <span class='ocrx_word' id='word_1_71' title='bbox 1394 1130 1454 1190; x_wconf 90' lang='lat' dir='ltr'><strong>in</strong></span> <span class='ocrx_word' id='word_1_72' title='bbox 1491 1138 1777 1209; x_wconf 86' lang='lat' dir='ltr'><strong>perpetuo</strong></span> <span class='ocrx_word' id='word_1_73' title='bbox 1833 1130 2028 1190; x_wconf 86' lang='lat' dir='ltr'><strong>studio</strong></span> 
     </span>
    </p>
   </div>
   <div class='ocr_carea' id='block_1_11' title="bbox 389 1218 2030 1297">
    <p class='ocr_par' dir='ltr' id='par_1_11' title="bbox 389 1218 2030 1297">
     <span class='ocr_line' id='line_1_11' title="bbox 389 1218 2030 1297; baseline -0.004 -12"><span class='ocrx_word' id='word_1_74' title='bbox 389 1221 697 1287; x_wconf 83' lang='lat' dir='ltr'><strong>orationis.</strong></span> <span class='ocrx_word' id='word_1_75' title='bbox 717 1219 1029 1283; x_wconf 70' lang='lat' dir='ltr'><strong>Pudicitiae</strong></span> <span class='ocrx_word' id='word_1_76' title='bbox 1051 1228 1246 1281; x_wconf 89' lang='lat' dir='ltr'><strong>autem</strong></span> <span class='ocrx_word' id='word_1_77' title='bbox 1268 1227 1484 1280; x_wconf 80' lang='lat' dir='ltr'><strong>tantam</strong></span> <span class='ocrx_word' id='word_1_78' title='bbox 1509 1238 1710 1280; x_wconf 90' lang='lat' dir='ltr'><strong>curam</strong></span> <span class='ocrx_word' id='word_1_79' title='bbox 1741 1218 1949 1297; x_wconf 80' lang='lat' dir='ltr'><strong>gessit,</strong></span> <span class='ocrx_word' id='word_1_80' title='bbox 1968 1228 2030 1278; x_wconf 92' lang='lat' dir='ltr'><strong>ut</strong></span> 
     </span>
    </p>
   </div>
   <div class='ocr_carea' id='block_1_12' title="bbox 388 1308 2026 1390">
    <p class='ocr_par' dir='ltr' id='par_1_12' title="bbox 388 1308 2026 1390">
     <span class='ocr_line' id='line_1_12' title="bbox 388 1308 2026 1390; baseline -0.006 -14"><span class='ocrx_word' id='word_1_81' title='bbox 388 1332 500 1376; x_wconf 88' lang='lat' dir='ltr'><strong>nec</strong></span> <span class='ocrx_word' id='word_1_82' title='bbox 527 1311 730 1374; x_wconf 86' lang='lat' dir='ltr'><strong>venire</strong></span> <span class='ocrx_word' id='word_1_83' title='bbox 761 1308 1001 1390; x_wconf 91' lang='lat' dir='ltr'><strong>quidem</strong></span> <span class='ocrx_word' id='word_1_84' title='bbox 1037 1309 1096 1368; x_wconf 91' lang='lat' dir='ltr'><strong>in</strong></span> <span class='ocrx_word' id='word_1_85' title='bbox 1148 1316 1530 1387; x_wconf 85' lang='lat' dir='ltr'><strong>conspectum</strong></span> <span class='ocrx_word' id='word_1_86' title='bbox 1589 1308 1856 1369; x_wconf 85' lang='lat' dir='ltr'><strong>mulieris</strong></span> <span class='ocrx_word' id='word_1_87' title='bbox 1911 1327 2026 1366; x_wconf 92' lang='lat' dir='ltr'><strong>un-</strong></span> 
     </span>
    </p>
   </div>
   <div class='ocr_carea' id='block_1_13' title="bbox 386 1396 2024 1484">
    <p class='ocr_par' dir='ltr' id='par_1_13' title="bbox 386 1396 2024 1484">
     <span class='ocr_line' id='line_1_13' title="bbox 386 1396 2024 1484; baseline -0.007 -18"><span class='ocrx_word' id='word_1_88' title='bbox 386 1421 562 1484; x_wconf 86' lang='lat' dir='ltr'><strong>quam</strong></span> <span class='ocrx_word' id='word_1_89' title='bbox 593 1399 896 1463; x_wconf 80' lang='lat' dir='ltr'><strong>induxerit</strong></span> <span class='ocrx_word' id='word_1_90' title='bbox 927 1397 988 1458; x_wconf 93' lang='lat' dir='ltr'><strong>in</strong></span> <span class='ocrx_word' id='word_1_91' title='bbox 1019 1396 1306 1470; x_wconf 91' lang='lat' dir='ltr'><strong>animum,</strong></span> <span class='ocrx_word' id='word_1_92' title='bbox 1339 1415 1408 1458; x_wconf 83' lang='lat' dir='ltr'><strong>ex</strong></span> <span class='ocrx_word' id='word_1_93' title='bbox 1443 1416 1558 1476; x_wconf 90' lang='lat' dir='ltr'><strong>quo</strong></span> <span class='ocrx_word' id='word_1_94' title='bbox 1592 1397 1701 1457; x_wconf 84' lang='lat' dir='ltr'><strong>fuit</strong></span> <span class='ocrx_word' id='word_1_95' title='bbox 1736 1397 1816 1459; x_wconf 86' lang='lat' dir='ltr'><strong>ad</strong></span> <span class='ocrx_word' id='word_1_96' title='bbox 1851 1399 2024 1458; x_wconf 91' lang='lat' dir='ltr'><strong>vitam</strong></span> 
     </span>
    </p>
   </div>
   <div class='ocr_carea' id='block_1_14' title="bbox 385 1485 2024 1570">
    <p class='ocr_par' dir='ltr' id='par_1_14' title="bbox 385 1485 2024 1570">
     <span class='ocr_line' id='line_1_14' title="bbox 385 1485 2024 1570; baseline -0.005 -17"><span class='ocrx_word' id='word_1_97' title='bbox 385 1491 726 1570; x_wconf 88' lang='lat' dir='ltr'><strong>adscriptus</strong></span> <span class='ocrx_word' id='word_1_98' title='bbox 757 1485 1164 1548; x_wconf 80' lang='lat' dir='ltr'><strong>monasticam.</strong></span> <span class='ocrx_word' id='word_1_99' title='bbox 1187 1485 1376 1564; x_wconf 85' lang='lat' dir='ltr'><strong>Hujus</strong></span> <span class='ocrx_word' id='word_1_100' title='bbox 1403 1495 1597 1547; x_wconf 91' lang='lat' dir='ltr'><strong>autem</strong></span> <span class='ocrx_word' id='word_1_101' title='bbox 1632 1485 1719 1546; x_wconf 87' lang='lat' dir='ltr'><strong>rei</strong></span> <span class='ocrx_word' id='word_1_102' title='bbox 1742 1495 2024 1565; x_wconf 86' lang='lat' dir='ltr'><strong>estaper-</strong></span> 
     </span>
    </p>
   </div>
   <div class='ocr_carea' id='block_1_15' title="bbox 384 1574 2023 1656">
    <p class='ocr_par' dir='ltr' id='par_1_15' title="bbox 384 1574 2023 1656">
     <span class='ocr_line' id='line_1_15' title="bbox 384 1574 2023 1656; baseline -0.004 -13"><span class='ocrx_word' id='word_1_103' title='bbox 384 1589 510 1643; x_wconf 87' lang='lat' dir='ltr'><strong>tum</strong></span> <span class='ocrx_word' id='word_1_104' title='bbox 531 1576 841 1649; x_wconf 82' lang='lat' dir='ltr'><strong>indicium,</strong></span> <span class='ocrx_word' id='word_1_105' title='bbox 867 1574 1024 1656; x_wconf 85' lang='lat' dir='ltr'><strong>quod</strong></span> <span class='ocrx_word' id='word_1_106' title='bbox 1050 1593 1182 1636; x_wconf 91' lang='lat' dir='ltr'><strong>cum</strong></span> <span class='ocrx_word' id='word_1_107' title='bbox 1210 1574 1326 1636; x_wconf 90' lang='lat' dir='ltr'><strong>duo</strong></span> <span class='ocrx_word' id='word_1_108' title='bbox 1351 1575 1628 1637; x_wconf 90' lang='lat' dir='ltr'><strong>monachi</strong></span> <span class='ocrx_word' id='word_1_109' title='bbox 1654 1583 1897 1636; x_wconf 88' lang='lat' dir='ltr'><strong>matrem</strong></span> <span class='ocrx_word' id='word_1_110' title='bbox 1921 1575 2023 1636; x_wconf 93' lang='lat' dir='ltr'><strong>ha-</strong></span> 
     </span>
    </p>
   </div>
   <div class='ocr_carea' id='block_1_16' title="bbox 383 1663 2020 1744">
    <p class='ocr_par' dir='ltr' id='par_1_16' title="bbox 383 1663 2020 1744">
     <span class='ocr_line' id='line_1_16' title="bbox 383 1663 2020 1744; baseline -0.005 -12"><span class='ocrx_word' id='word_1_111' title='bbox 383 1671 617 1738; x_wconf 83' lang='lat' dir='ltr'><strong>berent,</strong></span> <span class='ocrx_word' id='word_1_112' title='bbox 653 1683 788 1744; x_wconf 67' lang='lat' dir='ltr'><strong>quae</strong></span> <span class='ocrx_word' id='word_1_113' title='bbox 818 1683 936 1726; x_wconf 88' lang='lat' dir='ltr'><strong>non</strong></span> <span class='ocrx_word' id='word_1_114' title='bbox 967 1665 1158 1726; x_wconf 87' lang='lat' dir='ltr'><strong>solum</strong></span> <span class='ocrx_word' id='word_1_115' title='bbox 1205 1682 1405 1726; x_wconf 89' lang='lat' dir='ltr'><strong>curam</strong></span> <span class='ocrx_word' id='word_1_116' title='bbox 1466 1663 1712 1744; x_wconf 82' lang='lat' dir='ltr'><strong>gerebat</strong></span> <span class='ocrx_word' id='word_1_117' title='bbox 1764 1663 2020 1742; x_wconf 84' lang='lat' dir='ltr'><strong>virtutis,</strong></span> 
     </span>
    </p>
   </div>
   <div class='ocr_carea' id='block_1_17' title="bbox 383 1754 2024 1842">
    <p class='ocr_par' dir='ltr' id='par_1_17' title="bbox 383 1754 2024 1842">
     <span class='ocr_line' id='line_1_17' title="bbox 383 1754 2024 1842; baseline -0.006 -19"><span class='ocrx_word' id='word_1_118' title='bbox 383 1760 488 1823; x_wconf 89' lang='lat' dir='ltr'><strong>sed</strong></span> <span class='ocrx_word' id='word_1_119' title='bbox 509 1759 638 1842; x_wconf 82' lang='lat' dir='ltr'><strong>jam</strong></span> <span class='ocrx_word' id='word_1_120' title='bbox 673 1764 799 1818; x_wconf 91' lang='lat' dir='ltr'><strong>erat</strong></span> <span class='ocrx_word' id='word_1_121' title='bbox 827 1762 1118 1834; x_wconf 64' lang='lat' dir='ltr'><strong>provectus</strong></span> <span class='ocrx_word' id='word_1_122' title='bbox 1148 1755 1359 1827; x_wconf 67' lang='lat' dir='ltr'><strong>aetatis,</strong></span> <span class='ocrx_word' id='word_1_123' title='bbox 1413 1763 1472 1815; x_wconf 92' lang='lat' dir='ltr'><strong>et</strong></span> <span class='ocrx_word' id='word_1_124' title='bbox 1521 1761 1922 1816; x_wconf 86' lang='lat' dir='ltr'><strong>consenuerat</strong></span> <span class='ocrx_word' id='word_1_125' title='bbox 1965 1754 2024 1813; x_wconf 91' lang='lat' dir='ltr'><strong>in</strong></span> 
     </span>
    </p>
   </div>
   <div class='ocr_carea' id='block_1_18' title="bbox 382 1842 2028 1922">
    <p class='ocr_par' dir='ltr' id='par_1_18' title="bbox 382 1842 2028 1922">
     <span class='ocr_line' id='line_1_18' title="bbox 382 1842 2028 1922; baseline -0.003 -13"><span class='ocrx_word' id='word_1_126' title='bbox 382 1849 500 1912; x_wconf 89' lang='lat' dir='ltr'><strong>vita</strong></span> <span class='ocrx_word' id='word_1_127' title='bbox 529 1843 877 1920; x_wconf 83' lang='lat' dir='ltr'><strong>monastica,</strong></span> <span class='ocrx_word' id='word_1_128' title='bbox 914 1853 972 1904; x_wconf 92' lang='lat' dir='ltr'><strong>et</strong></span> <span class='ocrx_word' id='word_1_129' title='bbox 1008 1852 1290 1922; x_wconf 79' lang='lat' dir='ltr'><strong>rogarent</strong></span> <span class='ocrx_word' id='word_1_130' title='bbox 1344 1852 1406 1906; x_wconf 93' lang='lat' dir='ltr'><strong>ut</strong></span> <span class='ocrx_word' id='word_1_131' title='bbox 1465 1861 1597 1905; x_wconf 90' lang='lat' dir='ltr'><strong>eam</strong></span> <span class='ocrx_word' id='word_1_132' title='bbox 1657 1842 1908 1917; x_wconf 84' lang='lat' dir='ltr'><strong>videret,</strong></span> <span class='ocrx_word' id='word_1_133' title='bbox 1970 1850 2028 1904; x_wconf 88' lang='lat' dir='ltr'><strong>et</strong></span> 
     </span>
    </p>
   </div>
   <div class='ocr_carea' id='block_1_19' title="bbox 383 1931 2026 2012">
    <p class='ocr_par' dir='ltr' id='par_1_19' title="bbox 383 1931 2026 2012">
     <span class='ocr_line' id='line_1_19' title="bbox 383 1931 2026 2012; baseline -0.005 -12"><span class='ocrx_word' id='word_1_134' title='bbox 383 1945 785 2000; x_wconf 73' lang='lat' dir='ltr'><strong>maternorum</strong></span> <span class='ocrx_word' id='word_1_135' title='bbox 820 1941 977 1995; x_wconf 89' lang='lat' dir='ltr'><strong>esset</strong></span> <span class='ocrx_word' id='word_1_136' title='bbox 1007 1951 1249 2012; x_wconf 85' lang='lat' dir='ltr'><strong>precum</strong></span> <span class='ocrx_word' id='word_1_137' title='bbox 1294 1931 1614 2012; x_wconf 86' lang='lat' dir='ltr'><strong>particeps,</strong></span> <span class='ocrx_word' id='word_1_138' title='bbox 1670 1951 1786 1994; x_wconf 91' lang='lat' dir='ltr'><strong>non</strong></span> <span class='ocrx_word' id='word_1_139' title='bbox 1844 1932 2026 1993; x_wconf 84' lang='lat' dir='ltr'><strong>susti-</strong></span> 
     </span>
    </p>
   </div>
   <div class='ocr_carea' id='block_1_20' title="bbox 384 2027 531 2092">
    <p class='ocr_par' dir='ltr' id='par_1_20' title="bbox 384 2027 531 2092">
     <span class='ocr_line' id='line_1_20' title="bbox 384 2027 531 2092; baseline -0.034 0"><span class='ocrx_word' id='word_1_140' title='bbox 384 2027 531 2092; x_wconf 87' lang='lat' dir='ltr'><strong>nuit.</strong></span> 
     </span>
    </p>
   </div>
   <div class='ocr_carea' id='block_1_21' title="bbox 463 2110 2029 2192">
    <p class='ocr_par' dir='ltr' id='par_1_21' title="bbox 463 2110 2029 2192">
     <span class='ocr_line' id='line_1_21' title="bbox 463 2110 2029 2192; baseline -0.004 -12"><span class='ocrx_word' id='word_1_141' title='bbox 463 2117 626 2180; x_wconf 82' lang='lat' dir='ltr'><strong>XIII.</strong></span> <span class='ocrx_word' id='word_1_142' title='bbox 655 2112 800 2177; x_wconf 87' lang='lat' dir='ltr'><strong>Cum</strong></span> <span class='ocrx_word' id='word_1_143' title='bbox 836 2113 921 2175; x_wconf 92' lang='lat' dir='ltr'><strong>sic</strong></span> <span class='ocrx_word' id='word_1_144' title='bbox 948 2131 1088 2192; x_wconf 89' lang='lat' dir='ltr'><strong>ergo</strong></span> <span class='ocrx_word' id='word_1_145' title='bbox 1109 2131 1174 2173; x_wconf 91' lang='lat' dir='ltr'><strong>se</strong></span> <span class='ocrx_word' id='word_1_146' title='bbox 1195 2110 1531 2186; x_wconf 88' lang='lat' dir='ltr'><strong>haberet,et</strong></span> <span class='ocrx_word' id='word_1_147' title='bbox 1557 2111 1629 2174; x_wconf 89' lang='lat' dir='ltr'><strong>ad</strong></span> <span class='ocrx_word' id='word_1_148' title='bbox 1653 2129 1892 2172; x_wconf 90' lang='lat' dir='ltr'><strong>omnem</strong></span> <span class='ocrx_word' id='word_1_149' title='bbox 1917 2111 2029 2174; x_wconf 87' lang='lat' dir='ltr'><strong>vir-</strong></span> 
     </span>
    </p>
   </div>
   <div class='ocr_carea' id='block_1_22' title="bbox 385 2202 2028 2274">
    <p class='ocr_par' dir='ltr' id='par_1_22' title="bbox 385 2202 2028 2274">
     <span class='ocr_line' id='line_1_22' title="bbox 385 2202 2028 2274; baseline -0.004 -7"><span class='ocrx_word' id='word_1_150' title='bbox 385 2213 570 2268; x_wconf 90' lang='lat' dir='ltr'><strong>tutem</strong></span> <span class='ocrx_word' id='word_1_151' title='bbox 602 2214 770 2266; x_wconf 91' lang='lat' dir='ltr'><strong>recta</strong></span> <span class='ocrx_word' id='word_1_152' title='bbox 798 2202 888 2263; x_wconf 89' lang='lat' dir='ltr'><strong>via</strong></span> <span class='ocrx_word' id='word_1_153' title='bbox 918 2203 1248 2274; x_wconf 86' lang='lat' dir='ltr'><strong>incederet,</strong></span> <span class='ocrx_word' id='word_1_154' title='bbox 1276 2219 1396 2263; x_wconf 89' lang='lat' dir='ltr'><strong>non</strong></span> <span class='ocrx_word' id='word_1_155' title='bbox 1415 2202 1602 2262; x_wconf 89' lang='lat' dir='ltr'><strong>visum</strong></span> <span class='ocrx_word' id='word_1_156' title='bbox 1637 2207 1726 2262; x_wconf 90' lang='lat' dir='ltr'><strong>est</strong></span> <span class='ocrx_word' id='word_1_157' title='bbox 1758 2202 1871 2262; x_wconf 89' lang='lat' dir='ltr'><strong>hoc</strong></span> <span class='ocrx_word' id='word_1_158' title='bbox 1898 2219 2028 2262; x_wconf 84' lang='lat' dir='ltr'><strong>ma-</strong></span> 
     </span>
    </p>
   </div>
   <div class='ocr_carea' id='block_1_23' title="bbox 384 2290 2026 2374">
    <p class='ocr_par' dir='ltr' id='par_1_23' title="bbox 384 2290 2026 2374">
     <span class='ocr_line' id='line_1_23' title="bbox 384 2290 2026 2374; baseline -0.004 -17"><span class='ocrx_word' id='word_1_159' title='bbox 384 2293 545 2374; x_wconf 89' lang='lat' dir='ltr'><strong>ligno</strong></span> <span class='ocrx_word' id='word_1_160' title='bbox 581 2293 956 2355; x_wconf 88' lang='lat' dir='ltr'><strong>tolerandum</strong></span> <span class='ocrx_word' id='word_1_161' title='bbox 988 2310 1002 2355; x_wconf 89' lang='lat'><strong>:</strong></span> <span class='ocrx_word' id='word_1_162' title='bbox 1029 2291 1134 2353; x_wconf 91' lang='lat' dir='ltr'><strong>sed</strong></span> <span class='ocrx_word' id='word_1_163' title='bbox 1161 2310 1296 2353; x_wconf 86' lang='lat' dir='ltr'><strong>eum</strong></span> <span class='ocrx_word' id='word_1_164' title='bbox 1325 2290 1596 2366; x_wconf 84' lang='lat' dir='ltr'><strong>subiens,</strong></span> <span class='ocrx_word' id='word_1_165' title='bbox 1624 2290 1726 2368; x_wconf 90' lang='lat' dir='ltr'><strong>qui</strong></span> <span class='ocrx_word' id='word_1_166' title='bbox 1756 2299 1896 2352; x_wconf 71' lang='lat' dir='ltr'><strong>tunc</strong></span> <span class='ocrx_word' id='word_1_167' title='bbox 1917 2291 2026 2352; x_wconf 91' lang='lat' dir='ltr'><strong>ad-</strong></span> 
     </span>
    </p>
   </div>
   <div class='ocr_carea' id='block_1_24' title="bbox 385 2379 2030 2460">
    <p class='ocr_par' dir='ltr' id='par_1_24' title="bbox 385 2379 2030 2460">
     <span class='ocr_line' id='line_1_24' title="bbox 385 2379 2030 2460; baseline -0.003 -15"><span class='ocrx_word' id='word_1_168' title='bbox 385 2382 758 2445; x_wconf 85' lang='lat' dir='ltr'><strong>ministrabat</strong></span> <span class='ocrx_word' id='word_1_169' title='bbox 779 2381 1122 2460; x_wconf 90' lang='lat' dir='ltr'><strong>imperium,</strong></span> <span class='ocrx_word' id='word_1_170' title='bbox 1155 2399 1289 2442; x_wconf 92' lang='lat' dir='ltr'><strong>eum</strong></span> <span class='ocrx_word' id='word_1_171' title='bbox 1314 2379 1563 2442; x_wconf 85' lang='lat' dir='ltr'><strong>irritavit</strong></span> <span class='ocrx_word' id='word_1_172' title='bbox 1593 2379 1878 2441; x_wconf 88' lang='lat' dir='ltr'><strong>adversus</strong></span> <span class='ocrx_word' id='word_1_173' title='bbox 1902 2398 2030 2440; x_wconf 91' lang='lat' dir='ltr'><strong>om-</strong></span> 
     </span>
    </p>
   </div>
   <div class='ocr_carea' id='block_1_25' title="bbox 382 2470 2026 2550">
    <p class='ocr_par' dir='ltr' id='par_1_25' title="bbox 382 2470 2026 2550">
     <span class='ocr_line' id='line_1_25' title="bbox 382 2470 2026 2550; baseline -0.005 -14"><span class='ocrx_word' id='word_1_174' title='bbox 382 2491 492 2536; x_wconf 83' lang='lat' dir='ltr'><strong>nes</strong></span> <span class='ocrx_word' id='word_1_175' title='bbox 508 2471 896 2545; x_wconf 83' lang='lat' dir='ltr'><strong>Christianos;</strong></span> <span class='ocrx_word' id='word_1_176' title='bbox 921 2479 981 2532; x_wconf 89' lang='lat' dir='ltr'><strong>et</strong></span> <span class='ocrx_word' id='word_1_177' title='bbox 1003 2470 1224 2550; x_wconf 72' lang='lat' dir='ltr'><strong>effecit,</strong></span> <span class='ocrx_word' id='word_1_178' title='bbox 1246 2478 1309 2532; x_wconf 92' lang='lat' dir='ltr'><strong>ut</strong></span> <span class='ocrx_word' id='word_1_179' title='bbox 1330 2470 1612 2532; x_wconf 87' lang='lat' dir='ltr'><strong>adversus</strong></span> <span class='ocrx_word' id='word_1_180' title='bbox 1635 2488 1736 2530; x_wconf 90' lang='lat' dir='ltr'><strong>eos</strong></span> <span class='ocrx_word' id='word_1_181' title='bbox 1756 2478 2026 2550; x_wconf 88' lang='lat' dir='ltr'><strong>apertam</strong></span> 
     </span>
    </p>
   </div>
   <div class='ocr_carea' id='block_1_26' title="bbox 384 2557 2021 2639">
    <p class='ocr_par' dir='ltr' id='par_1_26' title="bbox 384 2557 2021 2639">
     <span class='ocr_line' id='line_1_26' title="bbox 384 2557 2021 2639; baseline -0.004 -16"><span class='ocrx_word' id='word_1_182' title='bbox 384 2569 650 2623; x_wconf 86' lang='lat' dir='ltr'><strong>moveret</strong></span> <span class='ocrx_word' id='word_1_183' title='bbox 683 2558 1184 2639; x_wconf 86' lang='lat' dir='ltr'><strong>persecutionem.</strong></span> <span class='ocrx_word' id='word_1_184' title='bbox 1208 2557 1323 2619; x_wconf 90' lang='lat' dir='ltr'><strong>Eos</strong></span> <span class='ocrx_word' id='word_1_185' title='bbox 1352 2558 1512 2619; x_wconf 91' lang='lat' dir='ltr'><strong>enim</strong></span> <span class='ocrx_word' id='word_1_186' title='bbox 1541 2557 1773 2626; x_wconf 87' lang='lat' dir='ltr'><strong>invasit,</strong></span> <span class='ocrx_word' id='word_1_187' title='bbox 1811 2557 2021 2636; x_wconf 87' lang='lat' dir='ltr'><strong>partim</strong></span> 
     </span>
    </p>
   </div>
   <div class='ocr_carea' id='block_1_27' title="bbox 381 2646 2025 2731">
    <p class='ocr_par' dir='ltr' id='par_1_27' title="bbox 381 2646 2025 2731">
     <span class='ocr_line' id='line_1_27' title="bbox 381 2646 2025 2731; baseline -0.003 -20"><span class='ocrx_word' id='word_1_188' title='bbox 381 2651 622 2731; x_wconf 88' lang='lat' dir='ltr'><strong>quidem</strong></span> <span class='ocrx_word' id='word_1_189' title='bbox 649 2667 755 2728; x_wconf 89' lang='lat' dir='ltr'><strong>per</strong></span> <span class='ocrx_word' id='word_1_190' title='bbox 775 2667 863 2727; x_wconf 92' lang='lat' dir='ltr'><strong>se,</strong></span> <span class='ocrx_word' id='word_1_191' title='bbox 887 2648 1098 2726; x_wconf 89' lang='lat' dir='ltr'><strong>partim</strong></span> <span class='ocrx_word' id='word_1_192' title='bbox 1122 2656 1318 2708; x_wconf 88' lang='lat' dir='ltr'><strong>autem</strong></span> <span class='ocrx_word' id='word_1_193' title='bbox 1347 2666 1453 2727; x_wconf 90' lang='lat' dir='ltr'><strong>per</strong></span> <span class='ocrx_word' id='word_1_194' title='bbox 1474 2646 1750 2707; x_wconf 88' lang='lat' dir='ltr'><strong>similiter</strong></span> <span class='ocrx_word' id='word_1_195' title='bbox 1780 2647 2025 2708; x_wconf 78' lang='lat' dir='ltr'><strong>aﬂ‘eetos</strong></span> 
     </span>
    </p>
   </div>
   <div class='ocr_carea' id='block_1_28' title="bbox 385 2735 2023 2816">
    <p class='ocr_par' dir='ltr' id='par_1_28' title="bbox 385 2735 2023 2816">
     <span class='ocr_line' id='line_1_28' title="bbox 385 2735 2023 2816; baseline -0.001 -18"><span class='ocrx_word' id='word_1_196' title='bbox 385 2737 642 2800; x_wconf 89' lang='lat' dir='ltr'><strong>vicarios</strong></span> <span class='ocrx_word' id='word_1_197' title='bbox 671 2736 1020 2816; x_wconf 78' lang='lat' dir='ltr'><strong>gravissime</strong></span> <span class='ocrx_word' id='word_1_198' title='bbox 1043 2735 1316 2815; x_wconf 90' lang='lat' dir='ltr'><strong>puniens.</strong></span> <span class='ocrx_word' id='word_1_199' title='bbox 1345 2735 1434 2798; x_wconf 85' lang='lat' dir='ltr'><strong>Ad</strong></span> <span class='ocrx_word' id='word_1_200' title='bbox 1467 2755 1602 2795; x_wconf 91' lang='lat' dir='ltr'><strong>eum</strong></span> <span class='ocrx_word' id='word_1_201' title='bbox 1633 2743 1827 2797; x_wconf 90' lang='lat' dir='ltr'><strong>autem</strong></span> <span class='ocrx_word' id='word_1_202' title='bbox 1849 2754 2023 2797; x_wconf 83' lang='lat' dir='ltr'><strong>acce-</strong></span> 
     </span>
    </p>
   </div>
   <div class='ocr_carea' id='block_1_29' title="bbox 381 2823 2024 2907">
    <p class='ocr_par' dir='ltr' id='par_1_29' title="bbox 381 2823 2024 2907">
     <span class='ocr_line' id='line_1_29' title="bbox 381 2823 2024 2907; baseline -0.002 -18"><span class='ocrx_word' id='word_1_203' title='bbox 381 2827 618 2907; x_wconf 89' lang='lat' dir='ltr'><strong>dentes,</strong></span> <span class='ocrx_word' id='word_1_204' title='bbox 653 2825 754 2906; x_wconf 87' lang='lat' dir='ltr'><strong>qui</strong></span> <span class='ocrx_word' id='word_1_205' title='bbox 783 2825 1046 2906; x_wconf 84' lang='lat' dir='ltr'><strong>tempori</strong></span> <span class='ocrx_word' id='word_1_206' title='bbox 1077 2823 1437 2900; x_wconf 85' lang='lat' dir='ltr'><strong>serviebant,</strong></span> <span class='ocrx_word' id='word_1_207' title='bbox 1472 2824 1750 2886; x_wconf 85' lang='lat' dir='ltr'><strong>dixerunt</strong></span> <span class='ocrx_word' id='word_1_208' title='bbox 1791 2844 1893 2886; x_wconf 92' lang='lat' dir='ltr'><strong>eos</strong></span> <span class='ocrx_word' id='word_1_209' title='bbox 1923 2825 2024 2905; x_wconf 89' lang='lat' dir='ltr'><strong>qui</strong></span> 
     </span>
    </p>
   </div>
   <div class='ocr_carea' id='block_1_30' title="bbox 381 2913 2024 2995">
    <p class='ocr_par' dir='ltr' id='par_1_30' title="bbox 381 2913 2024 2995">
     <span class='ocr_line' id='line_1_30' title="bbox 381 2913 2024 2995; baseline -0.002 -16"><span class='ocrx_word' id='word_1_210' title='bbox 381 2925 646 2979; x_wconf 90' lang='lat' dir='ltr'><strong>montem</strong></span> <span class='ocrx_word' id='word_1_211' title='bbox 678 2915 879 2978; x_wconf 74' lang='lat' dir='ltr'><strong>Sinam</strong></span> <span class='ocrx_word' id='word_1_212' title='bbox 914 2913 1283 2988; x_wconf 80' lang='lat' dir='ltr'><strong>habitabant,</strong></span> <span class='ocrx_word' id='word_1_213' title='bbox 1317 2914 1466 2976; x_wconf 90' lang='lat' dir='ltr'><strong>deos</strong></span> <span class='ocrx_word' id='word_1_214' title='bbox 1504 2914 1747 2995; x_wconf 89' lang='lat' dir='ltr'><strong>quidem</strong></span> <span class='ocrx_word' id='word_1_215' title='bbox 1802 2915 2024 2976; x_wconf 87' lang='lat' dir='ltr'><strong>habere</strong></span> 
     </span>
    </p>
   </div>
   <div class='ocr_carea' id='block_1_31' title="bbox 375 3004 2017 3087">
    <p class='ocr_par' dir='ltr' id='par_1_31' title="bbox 375 3004 2017 3087">
     <span class='ocr_line' id='line_1_31' title="bbox 375 3004 2017 3087; baseline -0.002 -20"><span class='ocrx_word' id='word_1_216' title='bbox 375 3005 992 3087; x_wconf 77' lang='lat' dir='ltr'><strong>contemptuizunum</strong></span> <span class='ocrx_word' id='word_1_217' title='bbox 1046 3013 1239 3065; x_wconf 88' lang='lat' dir='ltr'><strong>autem</strong></span> <span class='ocrx_word' id='word_1_218' title='bbox 1299 3004 1490 3065; x_wconf 89' lang='lat' dir='ltr'><strong>solum</strong></span> <span class='ocrx_word' id='word_1_219' title='bbox 1551 3004 1739 3064; x_wconf 92' lang='lat' dir='ltr'><strong>Deum</strong></span> <span class='ocrx_word' id='word_1_220' title='bbox 1797 3004 2017 3084; x_wconf 83' lang='lat' dir='ltr'><strong>colere,</strong></span> 
     </span>
    </p>
   </div>
   <div class='ocr_carea' id='block_1_32' title="bbox 378 3093 2019 3178">
    <p class='ocr_par' dir='ltr' id='par_1_32' title="bbox 378 3093 2019 3178">
     <span class='ocr_line' id='line_1_32' title="bbox 378 3093 2019 3178; baseline -0.002 -21"><span class='ocrx_word' id='word_1_221' title='bbox 378 3113 636 3178; x_wconf 90' lang='lat' dir='ltr'><strong>eumque</strong></span> <span class='ocrx_word' id='word_1_222' title='bbox 655 3093 1031 3166; x_wconf 80' lang='lat' dir='ltr'><strong>cruciﬁxnm,</strong></span> <span class='ocrx_word' id='word_1_223' title='bbox 1065 3102 1120 3154; x_wconf 88' lang='lat' dir='ltr'><strong>et</strong></span> <span class='ocrx_word' id='word_1_224' title='bbox 1143 3093 1198 3154; x_wconf 92' lang='lat' dir='ltr'><strong>ei</strong></span> <span class='ocrx_word' id='word_1_225' title='bbox 1221 3112 1459 3154; x_wconf 91' lang='lat' dir='ltr'><strong>omnem</strong></span> <span class='ocrx_word' id='word_1_226' title='bbox 1483 3093 1698 3154; x_wconf 83' lang='lat' dir='ltr'><strong>oﬂ&#39;erre</strong></span> <span class='ocrx_word' id='word_1_227' title='bbox 1729 3093 2019 3154; x_wconf 87' lang='lat' dir='ltr'><strong>adoratio-</strong></span> 
     </span>
    </p>
   </div>
   <div class='ocr_carea' id='block_1_33' title="bbox 1695 271 2446 351">
    <p class='ocr_par' dir='ltr' id='par_1_33' title="bbox 1695 271 2446 351">
     <span class='ocr_line' id='line_1_33' title="bbox 1695 271 2446 351; baseline -0.004 -4"><span class='ocrx_word' id='word_1_228' title='bbox 1695 271 1976 348; x_wconf 72' lang='lat' dir='ltr'><strong>MENSIS</strong></span> <span class='ocrx_word' id='word_1_229' title='bbox 2004 272 2446 351; x_wconf 77' lang='lat' dir='ltr'><strong>NVOEMBER.</strong></span> 
     </span>
    </p>
   </div>
   <div class='ocr_carea' id='block_1_34' title="bbox 3635 269 3736 343">
    <p class='ocr_par' dir='ltr' id='par_1_34' title="bbox 3635 269 3736 343">
     <span class='ocr_line' id='line_1_34' title="bbox 3635 269 3736 343; baseline 0.01 -1"><span class='ocrx_word' id='word_1_230' title='bbox 3635 269 3736 343; x_wconf 72' lang='grc'><strong>104</strong></span> 
     </span>
    </p>
   </div>
   <div class='ocr_carea' id='block_1_35' title="bbox 2188 409 3736 492">
    <p class='ocr_par' dir='ltr' id='par_1_35' title="bbox 2188 409 3736 492">
     <span class='ocr_line' id='line_1_35' title="bbox 2188 409 3736 492; baseline -0.003 -20"><span class='ocrx_word' id='word_1_231' title='bbox 2188 415 2289 476; x_wconf 78' lang='lat' dir='ltr'><strong>IB&#39;.</strong></span> <span class='ocrx_word' id='word_1_232' title='bbox 2354 414 2461 483; x_wconf 70' lang='grc' dir='ltr'>Τήν</span> <span class='ocrx_word' id='word_1_233' title='bbox 2519 413 2606 470; x_wconf 71' lang='grc' dir='ltr'><strong>οὖν</strong></span> <span class='ocrx_word' id='word_1_234' title='bbox 2671 413 2887 492; x_wconf 72' lang='grc' dir='ltr'>ἀγωγην</span> <span class='ocrx_word' id='word_1_235' title='bbox 2944 412 3142 478; x_wconf 86' lang='grc' dir='ltr'>ταύτην</span> <span class='ocrx_word' id='word_1_236' title='bbox 3173 413 3201 468; x_wconf 86' lang='grc' dir='ltr'><strong>ὁ</strong></span> <span class='ocrx_word' id='word_1_237' title='bbox 3267 409 3568 490; x_wconf 59' lang='grc' dir='ltr'>Γανακτίων</span> <span class='ocrx_word' id='word_1_238' title='bbox 3617 409 3736 468; x_wconf 79' lang='grc' dir='ltr'>ἑλό-</span> 
     </span>
    </p>
   </div>
   <div class='ocr_carea' id='block_1_36' title="bbox 2111 499 3738 581">
    <p class='ocr_par' dir='ltr' id='par_1_36' title="bbox 2111 499 3738 581">
     <span class='ocr_line' id='line_1_36' title="bbox 2111 499 3738 581; baseline -0.002 -21"><span class='ocrx_word' id='word_1_239' title='bbox 2111 527 2288 581; x_wconf 88' lang='grc' dir='ltr'>μενος,</span> <span class='ocrx_word' id='word_1_240' title='bbox 2336 506 2490 562; x_wconf 82' lang='grc' dir='ltr'>ποίαν</span> <span class='ocrx_word' id='word_1_241' title='bbox 2542 505 2638 578; x_wconf 78' lang='grc' dir='ltr'>μὲν</span> <span class='ocrx_word' id='word_1_242' title='bbox 2697 503 2792 560; x_wconf 70' lang='grc' dir='ltr'><strong>οὒκ</strong></span> <span class='ocrx_word' id='word_1_243' title='bbox 2843 502 3067 570; x_wconf 78' lang='grc' dir='ltr'>ὲπῆλθεν</span> <span class='ocrx_word' id='word_1_244' title='bbox 3111 500 3228 557; x_wconf 82' lang='grc' dir='ltr'>ὁδὸν</span> <span class='ocrx_word' id='word_1_245' title='bbox 3277 499 3474 571; x_wconf 77' lang='grc' dir='ltr'><strong>διδάξαι</strong></span> <span class='ocrx_word' id='word_1_246' title='bbox 3525 501 3584 555; x_wconf 73' lang='grc' dir='ltr'>τὸ</span> <span class='ocrx_word' id='word_1_247' title='bbox 3642 499 3738 575; x_wconf 84' lang='grc' dir='ltr'>μέ-</span> 
     </span>
    </p>
   </div>
   <div class='ocr_carea' id='block_1_37' title="bbox 2109 589 3738 673">
    <p class='ocr_par' dir='ltr' id='par_1_37' title="bbox 2109 589 3738 673">
     <span class='ocr_line' id='line_1_37' title="bbox 2109 589 3738 673; baseline -0.003 -23"><span class='ocrx_word' id='word_1_248' title='bbox 2109 617 2252 673; x_wconf 92' lang='grc' dir='ltr'>τριον</span> <span class='ocrx_word' id='word_1_249' title='bbox 2309 592 2627 669; x_wconf 76' lang='grc' dir='ltr'>δυναμένην,</span> <span class='ocrx_word' id='word_1_250' title='bbox 2685 592 2802 648; x_wconf 85' lang='grc' dir='ltr'>τίνα</span> <span class='ocrx_word' id='word_1_251' title='bbox 2863 590 2916 648; x_wconf 82' lang='grc' dir='ltr'>δὲ</span> <span class='ocrx_word' id='word_1_252' title='bbox 2963 598 3068 648; x_wconf 84' lang='grc' dir='ltr'><strong>τῶν</strong></span> <span class='ocrx_word' id='word_1_253' title='bbox 3130 592 3419 661; x_wconf 75' lang='grc' dir='ltr'>αἰσθήσεων</span> <span class='ocrx_word' id='word_1_254' title='bbox 3480 593 3537 648; x_wconf 55' lang='grc' dir='ltr'><strong>³ιῦ</strong></span> <span class='ocrx_word' id='word_1_255' title='bbox 3593 589 3738 646; x_wconf 76' lang='grc' dir='ltr'>ἔπαι-</span> 
     </span>
    </p>
   </div>
   <div class='ocr_carea' id='block_1_38' title="bbox 2109 679 3742 761">
    <p class='ocr_par' dir='ltr' id='par_1_38' title="bbox 2109 679 3742 761">
     <span class='ocr_line' id='line_1_38' title="bbox 2109 679 3742 761; baseline -0.002 -22"><span class='ocrx_word' id='word_1_256' title='bbox 2109 681 2388 761; x_wconf 81' lang='grc' dir='ltr'>δαγώγησε</span> <span class='ocrx_word' id='word_1_257' title='bbox 2470 684 2665 746; x_wconf 81' lang='grc' dir='ltr'>πάσαις</span> <span class='ocrx_word' id='word_1_258' title='bbox 2737 681 2888 760; x_wconf 81' lang='grc' dir='ltr'>ὅρους</span> <span class='ocrx_word' id='word_1_259' title='bbox 2964 681 3154 746; x_wconf 76' lang='grc' dir='ltr'>ἐπιθεὶς</span> <span class='ocrx_word' id='word_1_260' title='bbox 3222 683 3309 736; x_wconf 82' lang='grc' dir='ltr'><strong>καὶ</strong></span> <span class='ocrx_word' id='word_1_261' title='bbox 3380 679 3544 757; x_wconf 91' lang='grc' dir='ltr'>μέτρα</span> <span class='ocrx_word' id='word_1_262' title='bbox 3573 728 3587 756; x_wconf 83' lang='grc'><strong>,</strong></span> <span class='ocrx_word' id='word_1_263' title='bbox 3659 681 3742 736; x_wconf 87' lang='grc' dir='ltr'><strong>καὶ</strong></span> 
     </span>
    </p>
   </div>
   <div class='ocr_carea' id='block_1_39' title="bbox 2108 769 3743 848">
    <p class='ocr_par' dir='ltr' id='par_1_39' title="bbox 2108 769 3743 848">
     <span class='ocr_line' id='line_1_39' title="bbox 2108 769 3743 848; baseline -0.004 -18"><span class='ocrx_word' id='word_1_264' title='bbox 2108 773 2406 840; x_wconf 77' lang='grc' dir='ltr'><strong>πειθηνίους</strong></span> <span class='ocrx_word' id='word_1_265' title='bbox 2465 774 2626 834; x_wconf 74' lang='grc' dir='ltr'>αὐτὰς</span> <span class='ocrx_word' id='word_1_266' title='bbox 2683 769 2924 848; x_wconf 83' lang='grc' dir='ltr'>λογισμῷ</span> <span class='ocrx_word' id='word_1_267' title='bbox 2980 771 3056 843; x_wconf 75' lang='grc' dir='ltr'>τῷ</span> <span class='ocrx_word' id='word_1_268' title='bbox 3101 769 3330 847; x_wconf 78' lang='grc' dir='ltr'>σώφρονι</span> <span class='ocrx_word' id='word_1_269' title='bbox 3385 769 3743 839; x_wconf 57' lang='grc' dir='ltr'>καταστήσας</span> 
     </span>
    </p>
   </div>
   <div class='ocr_carea' id='block_1_40' title="bbox 2109 855 3746 935">
    <p class='ocr_par' dir='ltr' id='par_1_40' title="bbox 2109 855 3746 935">
     <span class='ocr_line' id='line_1_40' title="bbox 2109 855 3746 935; baseline -0.004 -16"><span class='ocrx_word' id='word_1_270' title='bbox 2109 863 2260 920; x_wconf 70' lang='grc' dir='ltr'>Οῧτω</span> <span class='ocrx_word' id='word_1_271' title='bbox 2319 861 2371 918; x_wconf 77' lang='grc' dir='ltr'>δὲ</span> <span class='ocrx_word' id='word_1_272' title='bbox 2404 861 2548 935; x_wconf 75' lang='grc' dir='ltr'>αὐτῷ</span> <span class='ocrx_word' id='word_1_273' title='bbox 2578 863 2665 918; x_wconf 83' lang='grc' dir='ltr'><strong>καὶ</strong></span> <span class='ocrx_word' id='word_1_274' title='bbox 2722 861 2965 927; x_wconf 85' lang='grc' dir='ltr'>νηστείας</span> <span class='ocrx_word' id='word_1_275' title='bbox 3024 858 3309 934; x_wconf 71' lang='grc' dir='ltr'>ἐμέλησεν,</span> <span class='ocrx_word' id='word_1_276' title='bbox 3341 860 3413 920; x_wconf 85' lang='grc' dir='ltr'>ὡς</span> <span class='ocrx_word' id='word_1_277' title='bbox 3472 858 3556 914; x_wconf 63' lang='lat' dir='ltr'><strong>Eni</strong></span> <span class='ocrx_word' id='word_1_278' title='bbox 3613 855 3746 913; x_wconf 83' lang='grc' dir='ltr'>δυσὶν</span> 
     </span>
    </p>
   </div>
   <div class='ocr_carea' id='block_1_41' title="bbox 2109 947 3744 1027">
    <p class='ocr_par' dir='ltr' id='par_1_41' title="bbox 2109 947 3744 1027">
     <span class='ocr_line' id='line_1_41' title="bbox 2109 947 3744 1027; baseline -0.002 -21"><span class='ocrx_word' id='word_1_279' title='bbox 2109 950 2278 1007; x_wconf 80' lang='grc' dir='ltr'>ἔτεσιν</span> <span class='ocrx_word' id='word_1_280' title='bbox 2335 951 2475 1015; x_wconf 74' lang='grc' dir='ltr'>ἅπαξ</span> <span class='ocrx_word' id='word_1_281' title='bbox 2533 955 2630 1017; x_wconf 78' lang='grc' dir='ltr'>τῆς</span> <span class='ocrx_word' id='word_1_282' title='bbox 2691 947 2975 1024; x_wconf 74' lang='grc' dir='ltr'>ἑϐδομάδος</span> <span class='ocrx_word' id='word_1_283' title='bbox 3033 949 3188 1027; x_wconf 69' lang='grc' dir='ltr'>ἄρτου</span> <span class='ocrx_word' id='word_1_284' title='bbox 3247 949 3410 1023; x_wconf 87' lang='grc' dir='ltr'>μόνου</span> <span class='ocrx_word' id='word_1_285' title='bbox 3468 952 3744 1022; x_wconf 79' lang='grc' dir='ltr'>μεταλαμ-</span> 
     </span>
    </p>
   </div>
   <div class='ocr_carea' id='block_1_42' title="bbox 2109 1035 3745 1118">
    <p class='ocr_par' dir='ltr' id='par_1_42' title="bbox 2109 1035 3745 1118">
     <span class='ocr_line' id='line_1_42' title="bbox 2109 1035 3745 1118; baseline -0.002 -22"><span class='ocrx_word' id='word_1_286' title='bbox 2109 1039 2312 1115; x_wconf 81' lang='grc' dir='ltr'>ϐάνειν,</span> <span class='ocrx_word' id='word_1_287' title='bbox 2344 1042 2432 1096; x_wconf 79' lang='grc' dir='ltr'>καὶ</span> <span class='ocrx_word' id='word_1_288' title='bbox 2491 1041 2676 1096; x_wconf 80' lang='grc' dir='ltr'>τούτου</span> <span class='ocrx_word' id='word_1_289' title='bbox 2738 1039 2969 1118; x_wconf 80' lang='grc' dir='ltr'>βραχέος</span> <span class='ocrx_word' id='word_1_290' title='bbox 3027 1039 3114 1094; x_wconf 74' lang='grc' dir='ltr'><strong>καὶ</strong></span> <span class='ocrx_word' id='word_1_291' title='bbox 3171 1037 3294 1094; x_wconf 82' lang='grc' dir='ltr'>ὅσον</span> <span class='ocrx_word' id='word_1_292' title='bbox 3340 1035 3540 1112; x_wconf 79' lang='grc' dir='ltr'>ἁποξῇν</span> <span class='ocrx_word' id='word_1_293' title='bbox 3596 1035 3745 1092; x_wconf 78' lang='grc' dir='ltr'>δύνα-</span> 
     </span>
    </p>
   </div>
   <div class='ocr_carea' id='block_1_43' title="bbox 2110 1123 3743 1206">
    <p class='ocr_par' dir='ltr' id='par_1_43' title="bbox 2110 1123 3743 1206">
     <span class='ocr_line' id='line_1_43' title="bbox 2110 1123 3743 1206; baseline 0.001 -21"><span class='ocrx_word' id='word_1_294' title='bbox 2110 1134 2249 1191; x_wconf 86' lang='grc' dir='ltr'>σθαι,</span> <span class='ocrx_word' id='word_1_295' title='bbox 2285 1136 2616 1197; x_wconf 84' lang='grc' dir='ltr'>Συνησκεϊτο</span> <span class='ocrx_word' id='word_1_296' title='bbox 2670 1127 2726 1184; x_wconf 78' lang='grc' dir='ltr'>δὲ</span> <span class='ocrx_word' id='word_1_297' title='bbox 2759 1127 2902 1200; x_wconf 70' lang='grc' dir='ltr'><strong>αὖτῷ</strong></span> <span class='ocrx_word' id='word_1_298' title='bbox 2933 1135 3002 1196; x_wconf 84' lang='grc' dir='ltr'><strong>τῆ</strong></span> <span class='ocrx_word' id='word_1_299' title='bbox 3033 1129 3208 1198; x_wconf 78' lang='grc' dir='ltr'><strong>ἀσιτίᾳ</strong></span> <span class='ocrx_word' id='word_1_300' title='bbox 3266 1130 3352 1182; x_wconf 79' lang='grc' dir='ltr'>καὶ</span> <span class='ocrx_word' id='word_1_301' title='bbox 3380 1127 3441 1182; x_wconf 71' lang='grc' dir='ltr'>τὸ</span> <span class='ocrx_word' id='word_1_302' title='bbox 3490 1123 3743 1206; x_wconf 72' lang='grc' dir='ltr'><strong>φιλέἑγρυ-</strong></span> 
     </span>
    </p>
   </div>
   <div class='ocr_carea' id='block_1_44' title="bbox 2109 1212 3742 1296">
    <p class='ocr_par' dir='ltr' id='par_1_44' title="bbox 2109 1212 3742 1296">
     <span class='ocr_line' id='line_1_44' title="bbox 2109 1212 3742 1296; baseline -0.001 -22"><span class='ocrx_word' id='word_1_303' title='bbox 2109 1241 2264 1292; x_wconf 85' lang='grc' dir='ltr'>πνον,</span> <span class='ocrx_word' id='word_1_304' title='bbox 2316 1220 2404 1275; x_wconf 74' lang='grc' dir='ltr'>καὶ</span> <span class='ocrx_word' id='word_1_305' title='bbox 2458 1220 2492 1286; x_wconf 82' lang='grc' dir='ltr'>ἡ</span> <span class='ocrx_word' id='word_1_306' title='bbox 2563 1219 2678 1295; x_wconf 88' lang='grc' dir='ltr'><strong>περί</strong></span> <span class='ocrx_word' id='word_1_307' title='bbox 2737 1217 2828 1279; x_wconf 82' lang='grc' dir='ltr'><strong>τὰς</strong></span> <span class='ocrx_word' id='word_1_308' title='bbox 2898 1218 3064 1296; x_wconf 74' lang='grc' dir='ltr'>εὐχὰς</span> <span class='ocrx_word' id='word_1_309' title='bbox 3140 1215 3387 1282; x_wconf 51' lang='lat' dir='ltr'><strong>(limen;</strong></span> <span class='ocrx_word' id='word_1_310' title='bbox 3444 1212 3742 1288; x_wconf 81' lang='grc' dir='ltr'>ἐπιμέλεια.</span> 
     </span>
    </p>
   </div>
   <div class='ocr_carea' id='block_1_45' title="bbox 2109 1301 3739 1388">
    <p class='ocr_par' dir='ltr' id='par_1_45' title="bbox 2109 1301 3739 1388">
     <span class='ocr_line' id='line_1_45' title="bbox 2109 1301 3739 1388; baseline -0.002 -26"><span class='ocrx_word' id='word_1_311' title='bbox 2109 1309 2461 1388; x_wconf 70' lang='grc' dir='ltr'>Σωφροσύνης</span> <span class='ocrx_word' id='word_1_312' title='bbox 2520 1307 2575 1364; x_wconf 80' lang='grc' dir='ltr'>δὲ</span> <span class='ocrx_word' id='word_1_313' title='bbox 2647 1305 2810 1369; x_wconf 65' lang='grc' dir='ltr'>οὕτως</span> <span class='ocrx_word' id='word_1_314' title='bbox 2881 1305 3202 1384; x_wconf 72' lang='grc' dir='ltr'>ἐφρόντισεν,</span> <span class='ocrx_word' id='word_1_315' title='bbox 3264 1307 3336 1366; x_wconf 82' lang='grc' dir='ltr'>ὡς</span> <span class='ocrx_word' id='word_1_316' title='bbox 3401 1301 3534 1378; x_wconf 80' lang='grc' dir='ltr'>μηδὲ</span> <span class='ocrx_word' id='word_1_317' title='bbox 3610 1306 3739 1382; x_wconf 73' lang='grc' dir='ltr'>πρὸς</span> 
     </span>
    </p>
   </div>
   <div class='ocr_carea' id='block_1_46' title="bbox 2107 1392 3744 1474">
    <p class='ocr_par' dir='ltr' id='par_1_46' title="bbox 2107 1392 3744 1474">
     <span class='ocr_line' id='line_1_46' title="bbox 2107 1392 3744 1474; baseline -0.002 -21"><span class='ocrx_word' id='word_1_318' title='bbox 2107 1399 2231 1472; x_wconf 74' lang='grc' dir='ltr'>ὄψιν</span> <span class='ocrx_word' id='word_1_319' title='bbox 2290 1396 2465 1454; x_wconf 77' lang='grc' dir='ltr'>ἐλθεῖν</span> <span class='ocrx_word' id='word_1_320' title='bbox 2524 1398 2727 1474; x_wconf 82' lang='grc' dir='ltr'>γυναικὶ</span> <span class='ocrx_word' id='word_1_321' title='bbox 2787 1393 3056 1471; x_wconf 69' lang='grc' dir='ltr'>μηδέποτε</span> <span class='ocrx_word' id='word_1_322' title='bbox 3128 1394 3476 1473; x_wconf 74' lang='grc' dir='ltr'>ἀνασχέσθαι,</span> <span class='ocrx_word' id='word_1_323' title='bbox 3536 1392 3626 1472; x_wconf 70' lang='grc' dir='ltr'>ἀφ’</span> <span class='ocrx_word' id='word_1_324' title='bbox 3687 1393 3744 1450; x_wconf 79' lang='grc' dir='ltr'><strong>οὗ</strong></span> 
     </span>
    </p>
   </div>
   <div class='ocr_carea' id='block_1_47' title="bbox 2107 1481 3744 1564">
    <p class='ocr_par' dir='ltr' id='par_1_47' title="bbox 2107 1481 3744 1564">
     <span class='ocr_line' id='line_1_47' title="bbox 2107 1481 3744 1564; baseline -0.002 -23"><span class='ocrx_word' id='word_1_325' title='bbox 2107 1485 2172 1554; x_wconf 77' lang='grc' dir='ltr'>δὴ</span> <span class='ocrx_word' id='word_1_326' title='bbox 2233 1489 2319 1543; x_wconf 79' lang='grc' dir='ltr'>καὶ</span> <span class='ocrx_word' id='word_1_327' title='bbox 2378 1494 2452 1559; x_wconf 81' lang='grc' dir='ltr'>τῷ</span> <span class='ocrx_word' id='word_1_328' title='bbox 2483 1493 2588 1542; x_wconf 89' lang='grc' dir='ltr'><strong>τῶν</strong></span> <span class='ocrx_word' id='word_1_329' title='bbox 2645 1493 2904 1564; x_wconf 79' lang='grc' dir='ltr'>μοναχῶν</span> <span class='ocrx_word' id='word_1_330' title='bbox 2949 1484 3208 1563; x_wconf 67' lang='grc' dir='ltr'>ἐνεγράιρη</span> <span class='ocrx_word' id='word_1_331' title='bbox 3268 1482 3387 1556; x_wconf 75' lang='grc' dir='ltr'>βίιρ.</span> <span class='ocrx_word' id='word_1_332' title='bbox 3448 1481 3744 1562; x_wconf 66' lang='grc' dir='ltr'>Τεκμήριον</span> 
     </span>
    </p>
   </div>
   <div class='ocr_carea' id='block_1_48' title="bbox 2106 1571 3746 1654">
    <p class='ocr_par' dir='ltr' id='par_1_48' title="bbox 2106 1571 3746 1654">
     <span class='ocr_line' id='line_1_48' title="bbox 2106 1571 3746 1654; baseline -0.001 -23"><span class='ocrx_word' id='word_1_333' title='bbox 2106 1573 2314 1654; x_wconf 75' lang='grc' dir='ltr'>ἀκριϐὲς</span> <span class='ocrx_word' id='word_1_334' title='bbox 2371 1575 2450 1630; x_wconf 81' lang='grc' dir='ltr'><strong>ὅτι</strong></span> <span class='ocrx_word' id='word_1_335' title='bbox 2510 1574 2599 1631; x_wconf 84' lang='grc' dir='ltr'><strong>δύο</strong></span> <span class='ocrx_word' id='word_1_336' title='bbox 2655 1582 2760 1631; x_wconf 88' lang='grc' dir='ltr'><strong>τῶν</strong></span> <span class='ocrx_word' id='word_1_337' title='bbox 2820 1577 3075 1653; x_wconf 70' lang='grc' dir='ltr'>μοναχῶν</span> <span class='ocrx_word' id='word_1_338' title='bbox 3135 1571 3339 1649; x_wconf 81' lang='grc' dir='ltr'>μητέρα</span> <span class='ocrx_word' id='word_1_339' title='bbox 3395 1571 3633 1652; x_wconf 81' lang='grc' dir='ltr'>ἐχόντων</span> <span class='ocrx_word' id='word_1_340' title='bbox 3687 1576 3746 1631; x_wconf 73' lang='grc' dir='ltr'>οὗ</span> 
     </span>
    </p>
   </div>
   <div class='ocr_carea' id='block_1_49' title="bbox 2107 1661 3744 1741">
    <p class='ocr_par' dir='ltr' id='par_1_49' title="bbox 2107 1661 3744 1741">
     <span class='ocr_line' id='line_1_49' title="bbox 2107 1661 3744 1741; baseline -0.002 -20"><span class='ocrx_word' id='word_1_341' title='bbox 2107 1666 2268 1740; x_wconf 85' lang='grc' dir='ltr'>μόνον</span> <span class='ocrx_word' id='word_1_342' title='bbox 2323 1667 2512 1741; x_wconf 79' lang='grc' dir='ltr'>ἀρετῆς</span> <span class='ocrx_word' id='word_1_343' title='bbox 2582 1664 3000 1741; x_wconf 68' lang='grc' dir='ltr'><strong>ἐπιμελομένην,</strong></span> <span class='ocrx_word' id='word_1_344' title='bbox 3047 1663 3183 1720; x_wconf 81' lang='grc' dir='ltr'><strong>ἀλλά</strong></span> <span class='ocrx_word' id='word_1_345' title='bbox 3251 1665 3338 1720; x_wconf 83' lang='grc' dir='ltr'><strong>καὶ</strong></span> <span class='ocrx_word' id='word_1_346' title='bbox 3395 1662 3585 1739; x_wconf 77' lang='grc' dir='ltr'>ἔξωρον</span> <span class='ocrx_word' id='word_1_347' title='bbox 3641 1661 3744 1730; x_wconf 71' lang='grc' dir='ltr'>ἤδη</span> 
     </span>
    </p>
   </div>
   <div class='ocr_carea' id='block_1_50' title="bbox 2107 1752 3746 1832">
    <p class='ocr_par' dir='ltr' id='par_1_50' title="bbox 2107 1752 3746 1832">
     <span class='ocr_line' id='line_1_50' title="bbox 2107 1752 3746 1832; baseline -0.002 -22"><span class='ocrx_word' id='word_1_348' title='bbox 2107 1757 2196 1810; x_wconf 84' lang='grc' dir='ltr'><strong>καὶ</strong></span> <span class='ocrx_word' id='word_1_349' title='bbox 2265 1761 2342 1827; x_wconf 81' lang='grc' dir='ltr'>τῷ</span> <span class='ocrx_word' id='word_1_350' title='bbox 2415 1756 2699 1828; x_wconf 83' lang='grc' dir='ltr'>ἀσκητικῷ</span> <span class='ocrx_word' id='word_1_351' title='bbox 2769 1755 3212 1831; x_wconf 54' lang='grc' dir='ltr'>καταγηράσκειν</span> <span class='ocrx_word' id='word_1_352' title='bbox 3277 1755 3399 1832; x_wconf 74' lang='grc' dir='ltr'>βίῳ,</span> <span class='ocrx_word' id='word_1_353' title='bbox 3460 1752 3746 1817; x_wconf 74' lang='grc' dir='ltr'><strong>ἀξιούντων</strong></span> 
     </span>
    </p>
   </div>
   <div class='ocr_carea' id='block_1_51' title="bbox 2110 1845 3750 1922">
    <p class='ocr_par' dir='ltr' id='par_1_51' title="bbox 2110 1845 3750 1922">
     <span class='ocr_line' id='line_1_51' title="bbox 2110 1845 3750 1922; baseline -0.002 -23"><span class='ocrx_word' id='word_1_354' title='bbox 2110 1865 2166 1899; x_wconf 87' lang='grc' dir='ltr'><strong>τε</strong></span> <span class='ocrx_word' id='word_1_355' title='bbox 2227 1847 2508 1904; x_wconf 83' lang='grc' dir='ltr'>θεασασθαι</span> <span class='ocrx_word' id='word_1_356' title='bbox 2579 1847 2766 1916; x_wconf 77' lang='grc' dir='ltr'>ταύτῃ,</span> <span class='ocrx_word' id='word_1_357' title='bbox 2830 1845 2915 1899; x_wconf 87' lang='grc' dir='ltr'><strong>καὶ</strong></span> <span class='ocrx_word' id='word_1_358' title='bbox 2987 1849 3260 1922; x_wconf 79' lang='grc' dir='ltr'>μητρικῶν</span> <span class='ocrx_word' id='word_1_359' title='bbox 3332 1845 3508 1922; x_wconf 70' lang='grc' dir='ltr'>εὖχων</span> <span class='ocrx_word' id='word_1_360' title='bbox 3579 1863 3750 1919; x_wconf 80' lang='grc' dir='ltr'>μεταο</span> 
     </span>
    </p>
   </div>
   <div class='ocr_carea' id='block_1_52' title="bbox 2113 1933 2744 2014">
    <p class='ocr_par' dir='ltr' id='par_1_52' title="bbox 2113 1933 2744 2014">
     <span class='ocr_line' id='line_1_52' title="bbox 2113 1933 2744 2014; baseline 0 -24"><span class='ocrx_word' id='word_1_361' title='bbox 2113 1947 2298 2014; x_wconf 78' lang='grc' dir='ltr'>σχεῖν,</span> <span class='ocrx_word' id='word_1_362' title='bbox 2335 1933 2427 1990; x_wconf 73' lang='grc' dir='ltr'><strong>οὒκ</strong></span> <span class='ocrx_word' id='word_1_363' title='bbox 2455 1934 2744 2013; x_wconf 58' lang='grc' dir='ltr'>ἠνέσχετο.</span> 
     </span>
    </p>
   </div>
   <div class='ocr_carea' id='block_1_53' title="bbox 2195 2107 3758 2191">
    <p class='ocr_par' dir='ltr' id='par_1_53' title="bbox 2195 2107 3758 2191">
     <span class='ocr_line' id='line_1_53' title="bbox 2195 2107 3744 2170; baseline -0.003 -2"><span class='ocrx_word' id='word_1_364' title='bbox 2195 2113 2276 2168; x_wconf 81' lang='lat' dir='ltr'><strong>II&quot;</strong></span> <span class='ocrx_word' id='word_1_365' title='bbox 2373 2113 2443 2170; x_wconf 84' lang='lat'>0&quot;</span> <span class='ocrx_word' id='word_1_366' title='bbox 2799 2120 2821 2129; x_wconf 84' lang='grc'><strong><em>-</em></strong></span> <span class='ocrx_word' id='word_1_367' title='bbox 2928 2111 2963 2144; x_wconf 72' lang='lat'><strong>&#39;-</strong></span> <span class='ocrx_word' id='word_1_368' title='bbox 3132 2107 3744 2165; x_wconf 66' lang='lat' dir='ltr'><strong>-z‘a-‘~</strong></span> 
     </span>
     <span class='ocr_line' id='line_1_54' title="bbox 2286 2129 3758 2191; baseline -0.006 -20"><span class='ocrx_word' id='word_1_369' title='bbox 2286 2157 2300 2171; x_wconf 77' lang='grc' dir='ltr'><strong><em>ο</em></strong></span> <span class='ocrx_word' id='word_1_370' title='bbox 2417 2134 2524 2169; x_wconf 80' lang='grc' dir='ltr'><strong>υτω</strong></span> <span class='ocrx_word' id='word_1_371' title='bbox 2578 2134 2854 2190; x_wconf 64' lang='grc' dir='ltr'>τοιγαροον</span> <span class='ocrx_word' id='word_1_372' title='bbox 2928 2133 3146 2191; x_wconf 44' lang='grc' dir='ltr'>ελοντο,</span> <span class='ocrx_word' id='word_1_373' title='bbox 3208 2133 3276 2167; x_wconf 82' lang='grc' dir='ltr'><strong>κα</strong></span> <span class='ocrx_word' id='word_1_374' title='bbox 3359 2131 3490 2188; x_wconf 88' lang='grc' dir='ltr'>προς</span> <span class='ocrx_word' id='word_1_375' title='bbox 3600 2129 3758 2188; x_wconf 67' lang='grc' dir='ltr'>ρετηι</span> 
     </span>
    </p>
   </div>
   <div class='ocr_carea' id='block_1_54' title="bbox 2114 2197 3757 2279">
    <p class='ocr_par' dir='ltr' id='par_1_54' title="bbox 2114 2197 3757 2279">
     <span class='ocr_line' id='line_1_55' title="bbox 2114 2197 3757 2279; baseline -0.003 -21"><span class='ocrx_word' id='word_1_376' title='bbox 2114 2208 2289 2258; x_wconf 83' lang='grc' dir='ltr'>πᾶσαν</span> <span class='ocrx_word' id='word_1_377' title='bbox 2347 2201 2776 2279; x_wconf 69' lang='grc' dir='ltr'>εὖθυποροῦντος,</span> <span class='ocrx_word' id='word_1_378' title='bbox 2841 2203 2933 2258; x_wconf 68' lang='grc' dir='ltr'><strong>οὒκ</strong></span> <span class='ocrx_word' id='word_1_379' title='bbox 2989 2201 3204 2258; x_wconf 76' lang='grc' dir='ltr'>ἀνεκτὸν</span> <span class='ocrx_word' id='word_1_380' title='bbox 3278 2197 3445 2255; x_wconf 72' lang='grc' dir='ltr'>ἐδόκει</span> <span class='ocrx_word' id='word_1_381' title='bbox 3501 2204 3579 2272; x_wconf 83' lang='grc' dir='ltr'>τῷ</span> <span class='ocrx_word' id='word_1_382' title='bbox 3651 2219 3757 2254; x_wconf 83' lang='grc' dir='ltr'>πο-</span> 
     </span>
    </p>
   </div>
   <div class='ocr_carea' id='block_1_55' title="bbox 2110 2288 3760 2370">
    <p class='ocr_par' dir='ltr' id='par_1_55' title="bbox 2110 2288 3760 2370">
     <span class='ocr_line' id='line_1_56' title="bbox 2110 2288 3760 2370; baseline -0.002 -24"><span class='ocrx_word' id='word_1_383' title='bbox 2110 2297 2278 2370; x_wconf 85' lang='grc' dir='ltr'>νηρῷ,</span> <span class='ocrx_word' id='word_1_384' title='bbox 2351 2290 2488 2347; x_wconf 80' lang='grc' dir='ltr'>ἀλλὰ</span> <span class='ocrx_word' id='word_1_385' title='bbox 2559 2293 2649 2348; x_wconf 85' lang='grc' dir='ltr'>τὸν</span> <span class='ocrx_word' id='word_1_386' title='bbox 2720 2293 2817 2357; x_wconf 73' lang='grc' dir='ltr'><strong>τὴν</strong></span> <span class='ocrx_word' id='word_1_387' title='bbox 2887 2293 3243 2370; x_wconf 70' lang='grc' dir='ltr'>αὐτοκράτορα</span> <span class='ocrx_word' id='word_1_388' title='bbox 3312 2289 3434 2346; x_wconf 85' lang='grc' dir='ltr'>τότε</span> <span class='ocrx_word' id='word_1_389' title='bbox 3506 2288 3760 2364; x_wconf 80' lang='grc' dir='ltr'>μετιόντα</span> 
     </span>
    </p>
   </div>
   <div class='ocr_carea' id='block_1_56' title="bbox 2109 2377 3756 2460">
    <p class='ocr_par' dir='ltr' id='par_1_56' title="bbox 2109 2377 3756 2460">
     <span class='ocr_line' id='line_1_57' title="bbox 2109 2377 3756 2460; baseline -0.012 -9"><span class='ocrx_word' id='word_1_390' title='bbox 2109 2381 2287 2460; x_wconf 75' lang='grc' dir='ltr'>ἀρχὴν</span> <span class='ocrx_word' id='word_1_391' title='bbox 2345 2379 2602 2458; x_wconf 71' lang='grc' dir='ltr'><strong>ὑπελθὼν,</strong></span> <span class='ocrx_word' id='word_1_392' title='bbox 2659 2381 2865 2458; x_wconf 73' lang='grc' dir='ltr'>ἠρέθισε</span> <span class='ocrx_word' id='word_1_393' title='bbox 2922 2401 2978 2436; x_wconf 92' lang='grc' dir='ltr'><strong>τε</strong></span> <span class='ocrx_word' id='word_1_394' title='bbox 3034 2380 3169 2435; x_wconf 83' lang='grc' dir='ltr'><strong>κατά</strong></span> <span class='ocrx_word' id='word_1_395' title='bbox 3228 2383 3555 2457; x_wconf 77' lang='grc' dir='ltr'>Χριστιανῶν</span> <span class='ocrx_word' id='word_1_396' title='bbox 3612 2377 3756 2433; x_wconf 80' lang='grc' dir='ltr'>πάν-</span> 
     </span>
    </p>
   </div>
   <div class='ocr_carea' id='block_1_57' title="bbox 2110 2466 3756 2547">
    <p class='ocr_par' dir='ltr' id='par_1_57' title="bbox 2110 2466 3756 2547">
     <span class='ocr_line' id='line_1_58' title="bbox 2110 2466 3756 2547; baseline -0.002 -23"><span class='ocrx_word' id='word_1_397' title='bbox 2110 2491 2261 2543; x_wconf 88' lang='grc' dir='ltr'>των,</span> <span class='ocrx_word' id='word_1_398' title='bbox 2335 2470 2422 2526; x_wconf 82' lang='grc' dir='ltr'><strong>καὶ</strong></span> <span class='ocrx_word' id='word_1_399' title='bbox 2494 2467 2727 2547; x_wconf 82' lang='grc' dir='ltr'>διωγμὸν</span> <span class='ocrx_word' id='word_1_400' title='bbox 2800 2471 3022 2547; x_wconf 74' lang='grc' dir='ltr'>φανερὸν</span> <span class='ocrx_word' id='word_1_401' title='bbox 3107 2467 3321 2535; x_wconf 76' lang='grc' dir='ltr'>κινῆσαι</span> <span class='ocrx_word' id='word_1_402' title='bbox 3393 2466 3510 2523; x_wconf 87' lang='grc' dir='ltr'>κατ’</span> <span class='ocrx_word' id='word_1_403' title='bbox 3581 2469 3756 2524; x_wconf 72' lang='grc' dir='ltr'>αὐτῶν</span> 
     </span>
    </p>
   </div>
   <div class='ocr_carea' id='block_1_58' title="bbox 2109 2555 3752 2636">
    <p class='ocr_par' dir='ltr' id='par_1_58' title="bbox 2109 2555 3752 2636">
     <span class='ocr_line' id='line_1_59' title="bbox 2109 2555 3752 2636; baseline -0.001 -24"><span class='ocrx_word' id='word_1_404' title='bbox 2109 2558 2489 2636; x_wconf 78' lang='grc' dir='ltr'>παρεσκεύασε.</span> <span class='ocrx_word' id='word_1_405' title='bbox 2557 2560 2654 2614; x_wconf 82' lang='grc' dir='ltr'><strong>Καὶ</strong></span> <span class='ocrx_word' id='word_1_406' title='bbox 2722 2559 2821 2635; x_wconf 78' lang='grc' dir='ltr'><strong>γὰρ</strong></span> <span class='ocrx_word' id='word_1_407' title='bbox 2879 2557 3106 2624; x_wconf 78' lang='grc' dir='ltr'>ἐπῆλθεν</span> <span class='ocrx_word' id='word_1_408' title='bbox 3179 2559 3361 2620; x_wconf 65' lang='grc' dir='ltr'>αὐτοῖς</span> <span class='ocrx_word' id='word_1_409' title='bbox 3434 2555 3752 2633; x_wconf 86' lang='grc' dir='ltr'>βαρύτατος,</span> 
     </span>
    </p>
   </div>
   <div class='ocr_carea' id='block_1_59' title="bbox 2109 2643 3758 2727">
    <p class='ocr_par' dir='ltr' id='par_1_59' title="bbox 2109 2643 3758 2727">
     <span class='ocr_line' id='line_1_60' title="bbox 2109 2643 3758 2727; baseline -0.003 -25"><span class='ocrx_word' id='word_1_410' title='bbox 2109 2648 2175 2702; x_wconf 79' lang='grc' dir='ltr'><strong>τα</strong></span> <span class='ocrx_word' id='word_1_411' title='bbox 2231 2647 2330 2722; x_wconf 70' lang='grc' dir='ltr'>μὲν</span> <span class='ocrx_word' id='word_1_412' title='bbox 2388 2645 2455 2700; x_wconf 88' lang='grc' dir='ltr'><strong>δι’</strong></span> <span class='ocrx_word' id='word_1_413' title='bbox 2526 2647 2736 2727; x_wconf 82' lang='grc' dir='ltr'>ἑαυτοῦ,</span> <span class='ocrx_word' id='word_1_414' title='bbox 2799 2648 2862 2706; x_wconf 74' lang='grc' dir='ltr'>τὰ</span> <span class='ocrx_word' id='word_1_415' title='bbox 2922 2645 2976 2702; x_wconf 78' lang='grc' dir='ltr'>δὲ</span> <span class='ocrx_word' id='word_1_416' title='bbox 3036 2646 3120 2703; x_wconf 74' lang='grc' dir='ltr'>διὰ</span> <span class='ocrx_word' id='word_1_417' title='bbox 3189 2653 3294 2703; x_wconf 89' lang='grc' dir='ltr'><strong>τῶν</strong></span> <span class='ocrx_word' id='word_1_418' title='bbox 3352 2647 3549 2721; x_wconf 81' lang='grc' dir='ltr'>ὁμοίως</span> <span class='ocrx_word' id='word_1_419' title='bbox 3609 2643 3758 2718; x_wconf 81' lang='grc' dir='ltr'><strong>αὒτῷ</strong></span> 
     </span>
    </p>
   </div>
   <div class='ocr_carea' id='block_1_60' title="bbox 2110 2732 3757 2816">
    <p class='ocr_par' dir='ltr' id='par_1_60' title="bbox 2110 2732 3757 2816">
     <span class='ocr_line' id='line_1_61' title="bbox 2110 2732 3757 2816; baseline -0.002 -26"><span class='ocrx_word' id='word_1_420' title='bbox 2110 2737 2346 2815; x_wconf 67' lang='grc' dir='ltr'>ἑχόντων</span> <span class='ocrx_word' id='word_1_421' title='bbox 2387 2737 2730 2793; x_wconf 68' lang='grc' dir='ltr'>ὑπασπιστῶν</span> <span class='ocrx_word' id='word_1_422' title='bbox 2785 2737 3204 2816; x_wconf 84' lang='grc' dir='ltr'>τιμωρούμενος,</span> <span class='ocrx_word' id='word_1_423' title='bbox 3255 2737 3434 2808; x_wconf 85' lang='grc' dir='ltr'>Τούτῳ</span> <span class='ocrx_word' id='word_1_424' title='bbox 3481 2732 3534 2789; x_wconf 78' lang='grc' dir='ltr'>δὲ</span> <span class='ocrx_word' id='word_1_425' title='bbox 3579 2755 3757 2810; x_wconf 85' lang='grc' dir='ltr'>προσ-</span> 
     </span>
    </p>
   </div>
   <div class='ocr_carea' id='block_1_61' title="bbox 2110 2821 3760 2906">
    <p class='ocr_par' dir='ltr' id='par_1_61' title="bbox 2110 2821 3760 2906">
     <span class='ocr_line' id='line_1_62' title="bbox 2110 2821 3760 2906; baseline -0.002 -26"><span class='ocrx_word' id='word_1_426' title='bbox 2110 2824 2345 2887; x_wconf 78' lang='grc' dir='ltr'>ελθόντες</span> <span class='ocrx_word' id='word_1_427' title='bbox 2403 2829 2448 2882; x_wconf 82' lang='grc' dir='ltr'>οἱ</span> <span class='ocrx_word' id='word_1_428' title='bbox 2478 2827 2542 2882; x_wconf 77' lang='grc' dir='ltr'><strong>τὰ</strong></span> <span class='ocrx_word' id='word_1_429' title='bbox 2600 2834 2692 2883; x_wconf 81' lang='grc' dir='ltr'>τοῦ</span> <span class='ocrx_word' id='word_1_430' title='bbox 2746 2833 2931 2906; x_wconf 74' lang='grc' dir='ltr'>καιροῦ</span> <span class='ocrx_word' id='word_1_431' title='bbox 2980 2827 3282 2904; x_wconf 86' lang='grc' dir='ltr'>θεραπεύειν</span> <span class='ocrx_word' id='word_1_432' title='bbox 3341 2821 3760 2894; x_wconf 67' lang='grc' dir='ltr'>σπουδάζοντες,</span> 
     </span>
    </p>
   </div>
   <div class='ocr_carea' id='block_1_62' title="bbox 2107 2910 3761 2994">
    <p class='ocr_par' dir='ltr' id='par_1_62' title="bbox 2107 2910 3761 2994">
     <span class='ocr_line' id='line_1_63' title="bbox 2107 2910 3761 2994; baseline -0.004 -22"><span class='ocrx_word' id='word_1_433' title='bbox 2107 2915 2228 2979; x_wconf 80' lang='grc' dir='ltr'>τοὺς</span> <span class='ocrx_word' id='word_1_434' title='bbox 2287 2915 2385 2971; x_wconf 85' lang='grc' dir='ltr'>ἆνά</span> <span class='ocrx_word' id='word_1_435' title='bbox 2452 2918 2512 2972; x_wconf 80' lang='grc' dir='ltr'>τὸ</span> <span class='ocrx_word' id='word_1_436' title='bbox 2576 2922 2792 2972; x_wconf 78' lang='grc' dir='ltr'>Σιναῖον</span> <span class='ocrx_word' id='word_1_437' title='bbox 2849 2915 2967 2994; x_wconf 72' lang='grc' dir='ltr'>ὄρος</span> <span class='ocrx_word' id='word_1_438' title='bbox 3029 2917 3299 2980; x_wconf 71' lang='grc' dir='ltr'>οἰκοῦντας</span> <span class='ocrx_word' id='word_1_439' title='bbox 3361 2915 3426 2969; x_wconf 80' lang='grc' dir='ltr'>τὰ</span> <span class='ocrx_word' id='word_1_440' title='bbox 3485 2911 3582 2987; x_wconf 71' lang='grc' dir='ltr'>μὲι</span> <span class='ocrx_word' id='word_1_441' title='bbox 3651 2910 3761 2967; x_wconf 79' lang='grc' dir='ltr'><strong>τῶν</strong></span> 
     </span>
    </p>
   </div>
   <div class='ocr_carea' id='block_1_63' title="bbox 2102 3001 3763 3082">
    <p class='ocr_par' dir='ltr' id='par_1_63' title="bbox 2102 3001 3763 3082">
     <span class='ocr_line' id='line_1_64' title="bbox 2102 3001 3763 3082; baseline -0.004 -22"><span class='ocrx_word' id='word_1_442' title='bbox 2102 3006 2236 3060; x_wconf 82' lang='grc' dir='ltr'>θεῶν</span> <span class='ocrx_word' id='word_1_443' title='bbox 2296 3005 2614 3079; x_wconf 77' lang='grc' dir='ltr'>ἀτιμοῦντας</span> <span class='ocrx_word' id='word_1_444' title='bbox 2675 3004 2880 3082; x_wconf 77' lang='grc' dir='ltr'>ἔλεγον,</span> <span class='ocrx_word' id='word_1_445' title='bbox 2916 3004 3006 3061; x_wconf 82' lang='grc' dir='ltr'>ἕνα</span> <span class='ocrx_word' id='word_1_446' title='bbox 3064 3003 3118 3060; x_wconf 75' lang='grc' dir='ltr'>δὲ</span> <span class='ocrx_word' id='word_1_447' title='bbox 3176 3007 3336 3080; x_wconf 75' lang='grc' dir='ltr'>μόνον</span> <span class='ocrx_word' id='word_1_448' title='bbox 3385 3002 3513 3058; x_wconf 72' lang='grc' dir='ltr'>Θεὸν</span> <span class='ocrx_word' id='word_1_449' title='bbox 3557 3001 3763 3057; x_wconf 83' lang='grc' dir='ltr'>ἐσταυ-</span> 
     </span>
    </p>
   </div>
   <div class='ocr_carea' id='block_1_64' title="bbox 2104 3088 3765 3170">
    <p class='ocr_par' dir='ltr' id='par_1_64' title="bbox 2104 3088 3765 3170">
     <span class='ocr_line' id='line_1_65' title="bbox 2104 3088 3765 3170; baseline -0.005 -19"><span class='ocrx_word' id='word_1_450' title='bbox 2104 3093 2337 3170; x_wconf 83' lang='grc' dir='ltr'>ρωμένον</span> <span class='ocrx_word' id='word_1_451' title='bbox 2403 3101 2584 3170; x_wconf 85' lang='grc' dir='ltr'>τιμᾷν,</span> <span class='ocrx_word' id='word_1_452' title='bbox 2645 3097 2734 3150; x_wconf 86' lang='grc' dir='ltr'>καὶ</span> <span class='ocrx_word' id='word_1_453' title='bbox 2819 3100 2993 3151; x_wconf 83' lang='grc' dir='ltr'>πᾶσαν</span> <span class='ocrx_word' id='word_1_454' title='bbox 3069 3096 3209 3168; x_wconf 76' lang='grc' dir='ltr'><strong>αὐτῷ</strong></span> <span class='ocrx_word' id='word_1_455' title='bbox 3291 3091 3567 3170; x_wconf 80' lang='grc' dir='ltr'>προσάγειν</span> <span class='ocrx_word' id='word_1_456' title='bbox 3659 3088 3765 3144; x_wconf 81' lang='grc' dir='ltr'>λα-</span> 
     </span>
    </p>
   </div>
   <div class='ocr_carea' id='block_1_65' title="bbox 381 3178 2043 3269">
    <p class='ocr_par' dir='ltr' id='par_1_65' title="bbox 381 3182 2043 3263">
     <span class='ocr_line' id='line_1_66' title="bbox 381 3182 2043 3263; baseline -0.004 -15"><span class='ocrx_word' id='word_1_457' title='bbox 381 3183 765 3248; x_wconf 86' lang='lat' dir='ltr'><strong>nem.Statim</strong></span> <span class='ocrx_word' id='word_1_458' title='bbox 799 3200 941 3262; x_wconf 85' lang='lat' dir='ltr'><strong>ergo</strong></span> <span class='ocrx_word' id='word_1_459' title='bbox 975 3182 1384 3263; x_wconf 87' lang='lat' dir='ltr'><strong>illa,tanquam</strong></span> <span class='ocrx_word' id='word_1_460' title='bbox 1416 3182 1679 3258; x_wconf 86' lang='lat' dir='ltr'><strong>stimulo,</strong></span> <span class='ocrx_word' id='word_1_461' title='bbox 1705 3199 2043 3262; x_wconf 49' lang='lat' dir='ltr'><strong>percussus,</strong></span> 
     </span>
    </p>
   </div>
   <div class='ocr_carea' id='block_1_66' title="bbox 2148 3178 3767 3269">
    <p class='ocr_par' dir='ltr' id='par_1_66' title="bbox 2148 3178 3767 3260">
     <span class='ocr_line' id='line_1_67' title="bbox 2148 3178 3767 3260; baseline -0.002 -21"><span class='ocrx_word' id='word_1_462' title='bbox 2148 3183 2303 3244; x_wconf 83' lang='grc' dir='ltr'>&gt;είαν.</span> <span class='ocrx_word' id='word_1_463' title='bbox 2361 3185 2516 3246; x_wconf 69' lang='grc' dir='ltr'>Εὸθυς</span> <span class='ocrx_word' id='word_1_464' title='bbox 2582 3184 2671 3240; x_wconf 84' lang='grc' dir='ltr'>οὖν</span> <span class='ocrx_word' id='word_1_465' title='bbox 2729 3183 2956 3257; x_wconf 79' lang='grc' dir='ltr'>ἐκεῖνος,</span> <span class='ocrx_word' id='word_1_466' title='bbox 3005 3183 3182 3260; x_wconf 79' lang='grc' dir='ltr'>ὥσπερ</span> <span class='ocrx_word' id='word_1_467' title='bbox 3239 3184 3418 3258; x_wconf 88' lang='grc' dir='ltr'>μύωπι</span> <span class='ocrx_word' id='word_1_468' title='bbox 3475 3187 3551 3255; x_wconf 82' lang='grc' dir='ltr'>τῷ</span> <span class='ocrx_word' id='word_1_469' title='bbox 3611 3178 3767 3260; x_wconf 72' lang='grc' dir='ltr'>λόγῳ</span> 
     </span>
    </p>
   </div>
   <div class='ocr_carea' id='block_1_67' title="bbox 381 3271 2023 3353">
    <p class='ocr_par' dir='ltr' id='par_1_67' title="bbox 381 3271 2023 3353">
     <span class='ocr_line' id='line_1_68' title="bbox 381 3271 2023 3353; baseline -0.001 -17"><span class='ocrx_word' id='word_1_470' title='bbox 381 3277 676 3350; x_wconf 89' lang='lat' dir='ltr'><strong>oratione,</strong></span> <span class='ocrx_word' id='word_1_471' title='bbox 696 3273 886 3353; x_wconf 88' lang='lat' dir='ltr'><strong>jussit</strong></span> <span class='ocrx_word' id='word_1_472' title='bbox 907 3272 1136 3334; x_wconf 90' lang='lat' dir='ltr'><strong>cohorti</strong></span> <span class='ocrx_word' id='word_1_473' title='bbox 1163 3274 1412 3333; x_wconf 88' lang='lat' dir='ltr'><strong>militum</strong></span> <span class='ocrx_word' id='word_1_474' title='bbox 1435 3271 1523 3332; x_wconf 92' lang='lat' dir='ltr'><strong>ire</strong></span> <span class='ocrx_word' id='word_1_475' title='bbox 1550 3274 1619 3334; x_wconf 87' lang='lat' dir='ltr'><strong>ad</strong></span> <span class='ocrx_word' id='word_1_476' title='bbox 1649 3281 1936 3353; x_wconf 88' lang='lat' dir='ltr'><strong>montem,</strong></span> <span class='ocrx_word' id='word_1_477' title='bbox 1964 3282 2023 3335; x_wconf 92' lang='lat' dir='ltr'><strong>et</strong></span> 
     </span>
    </p>
   </div>
   <div class='ocr_carea' id='block_1_68' title="bbox 377 3360 2018 3441">
    <p class='ocr_par' dir='ltr' id='par_1_68' title="bbox 377 3360 2018 3441">
     <span class='ocr_line' id='line_1_69' title="bbox 377 3360 2018 3441; baseline -0.002 -16"><span class='ocrx_word' id='word_1_478' title='bbox 377 3363 608 3425; x_wconf 85' lang='lat' dir='ltr'><strong>vinctos</strong></span> <span class='ocrx_word' id='word_1_479' title='bbox 637 3365 710 3424; x_wconf 89' lang='lat' dir='ltr'><strong>ad</strong></span> <span class='ocrx_word' id='word_1_480' title='bbox 738 3379 804 3424; x_wconf 91' lang='lat' dir='ltr'><strong>se</strong></span> <span class='ocrx_word' id='word_1_481' title='bbox 833 3361 1055 3423; x_wconf 88' lang='lat' dir='ltr'><strong>ducere</strong></span> <span class='ocrx_word' id='word_1_482' title='bbox 1113 3379 1217 3422; x_wconf 90' lang='lat' dir='ltr'><strong>eos</strong></span> <span class='ocrx_word' id='word_1_483' title='bbox 1266 3361 1366 3441; x_wconf 92' lang='lat' dir='ltr'><strong>qui</strong></span> <span class='ocrx_word' id='word_1_484' title='bbox 1416 3360 1610 3441; x_wconf 88' lang='lat' dir='ltr'><strong>ipsum</strong></span> <span class='ocrx_word' id='word_1_485' title='bbox 1667 3361 2018 3438; x_wconf 87' lang='lat' dir='ltr'><strong>inhabitant,</strong></span> 
     </span>
    </p>
   </div>
   <div class='ocr_carea' id='block_1_69' title="bbox 377 3451 2022 3531">
    <p class='ocr_par' dir='ltr' id='par_1_69' title="bbox 377 3451 2022 3531">
     <span class='ocr_line' id='line_1_70' title="bbox 377 3451 2022 3531; baseline -0.003 -14"><span class='ocrx_word' id='word_1_486' title='bbox 377 3452 765 3517; x_wconf 85' lang='lat' dir='ltr'><strong>Christianos.</strong></span> <span class='ocrx_word' id='word_1_487' title='bbox 802 3453 934 3526; x_wconf 84' lang='lat' dir='ltr'><strong>Quo</strong></span> <span class='ocrx_word' id='word_1_488' title='bbox 966 3459 1164 3514; x_wconf 86' lang='lat' dir='ltr'><strong>autem</strong></span> <span class='ocrx_word' id='word_1_489' title='bbox 1201 3459 1491 3531; x_wconf 91' lang='lat' dir='ltr'><strong>tempore,</strong></span> <span class='ocrx_word' id='word_1_490' title='bbox 1538 3451 1642 3527; x_wconf 92' lang='lat' dir='ltr'><strong>qui</strong></span> <span class='ocrx_word' id='word_1_491' title='bbox 1695 3454 1856 3513; x_wconf 88' lang='lat' dir='ltr'><strong>missi</strong></span> <span class='ocrx_word' id='word_1_492' title='bbox 1887 3453 2022 3512; x_wconf 82' lang='lat' dir='ltr'><strong>fue-</strong></span> 
     </span>
    </p>
   </div>
   <div class='ocr_carea' id='block_1_70' title="bbox 374 3540 2024 3622">
    <p class='ocr_par' dir='ltr' id='par_1_70' title="bbox 374 3540 2024 3622">
     <span class='ocr_line' id='line_1_71' title="bbox 374 3540 2024 3622; baseline -0.002 -16"><span class='ocrx_word' id='word_1_493' title='bbox 374 3551 534 3618; x_wconf 85' lang='lat' dir='ltr'><strong>rant,</strong></span> <span class='ocrx_word' id='word_1_494' title='bbox 566 3544 626 3605; x_wconf 91' lang='lat' dir='ltr'><strong>in</strong></span> <span class='ocrx_word' id='word_1_495' title='bbox 659 3543 858 3606; x_wconf 86' lang='lat' dir='ltr'><strong>locum</strong></span> <span class='ocrx_word' id='word_1_496' title='bbox 888 3550 1201 3622; x_wconf 87' lang='lat' dir='ltr'><strong>venerant,</strong></span> <span class='ocrx_word' id='word_1_497' title='bbox 1237 3550 1296 3603; x_wconf 88' lang='lat' dir='ltr'><strong>et</strong></span> <span class='ocrx_word' id='word_1_498' title='bbox 1353 3540 1510 3601; x_wconf 88' lang='lat' dir='ltr'><strong>viros</strong></span> <span class='ocrx_word' id='word_1_499' title='bbox 1569 3541 1799 3602; x_wconf 88' lang='lat' dir='ltr'><strong>divinos</strong></span> <span class='ocrx_word' id='word_1_500' title='bbox 1857 3550 2024 3603; x_wconf 87' lang='lat' dir='ltr'><strong>erant</strong></span> 
     </span>
    </p>
   </div>
   <div class='ocr_carea' id='block_1_71' title="bbox 373 3631 2024 3712">
    <p class='ocr_par' dir='ltr' id='par_1_71' title="bbox 373 3631 2024 3712">
     <span class='ocr_line' id='line_1_72' title="bbox 373 3631 2024 3712; baseline -0.002 -16"><span class='ocrx_word' id='word_1_501' title='bbox 373 3631 890 3712; x_wconf 87' lang='lat' dir='ltr'><strong>comprehensuri,</strong></span> <span class='ocrx_word' id='word_1_502' title='bbox 924 3633 1228 3712; x_wconf 78' lang='lat' dir='ltr'><strong>Episteme</strong></span> <span class='ocrx_word' id='word_1_503' title='bbox 1273 3632 1331 3693; x_wconf 92' lang='lat' dir='ltr'><strong>in</strong></span> <span class='ocrx_word' id='word_1_504' title='bbox 1362 3631 1522 3693; x_wconf 90' lang='lat' dir='ltr'><strong>dicto</strong></span> <span class='ocrx_word' id='word_1_505' title='bbox 1553 3631 1910 3692; x_wconf 86' lang='lat' dir='ltr'><strong>monasterio</strong></span> <span class='ocrx_word' id='word_1_506' title='bbox 1957 3649 2024 3692; x_wconf 88' lang='lat' dir='ltr'><strong>se</strong></span> 
     </span>
    </p>
   </div>
   <div class='ocr_carea' id='block_1_72' title="bbox 374 3720 2023 3797">
    <p class='ocr_par' dir='ltr' id='par_1_72' title="bbox 374 3720 2023 3797">
     <span class='ocr_line' id='line_1_73' title="bbox 374 3720 2023 3797; baseline -0.002 -11"><span class='ocrx_word' id='word_1_507' title='bbox 374 3739 668 3787; x_wconf 82' lang='lat' dir='ltr'><strong>exercens</strong></span> <span class='ocrx_word' id='word_1_508' title='bbox 697 3730 762 3784; x_wconf 92' lang='lat' dir='ltr'><strong>ut</strong></span> <span class='ocrx_word' id='word_1_509' title='bbox 797 3722 1107 3797; x_wconf 89' lang='lat' dir='ltr'><strong>monacha,</strong></span> <span class='ocrx_word' id='word_1_510' title='bbox 1135 3721 1294 3783; x_wconf 88' lang='lat' dir='ltr'><strong>circa</strong></span> <span class='ocrx_word' id='word_1_511' title='bbox 1319 3720 1573 3782; x_wconf 92' lang='lat' dir='ltr'><strong>mediam</strong></span> <span class='ocrx_word' id='word_1_512' title='bbox 1607 3731 1842 3782; x_wconf 90' lang='lat' dir='ltr'><strong>noctem</strong></span> <span class='ocrx_word' id='word_1_513' title='bbox 1865 3721 2023 3782; x_wconf 79' lang='lat' dir='ltr'><strong>videt</strong></span> 
     </span>
    </p>
   </div>
   <div class='ocr_carea' id='block_1_73' title="bbox 374 3809 2020 3876">
    <p class='ocr_par' dir='ltr' id='par_1_73' title="bbox 374 3809 2020 3876">
     <span class='ocr_line' id='line_1_74' title="bbox 374 3809 2020 3876; baseline -0.002 0"><span class='ocrx_word' id='word_1_514' title='bbox 374 3815 698 3876; x_wconf 87' lang='lat' dir='ltr'><strong>somnium.</strong></span> <span class='ocrx_word' id='word_1_515' title='bbox 735 3809 1072 3875; x_wconf 85' lang='lat' dir='ltr'><strong>Videbatur</strong></span> <span class='ocrx_word' id='word_1_516' title='bbox 1097 3812 1256 3871; x_wconf 91' lang='lat' dir='ltr'><strong>enim</strong></span> <span class='ocrx_word' id='word_1_517' title='bbox 1292 3810 1470 3872; x_wconf 90' lang='lat' dir='ltr'><strong>simul</strong></span> <span class='ocrx_word' id='word_1_518' title='bbox 1501 3830 1637 3873; x_wconf 89' lang='lat' dir='ltr'><strong>cum</strong></span> <span class='ocrx_word' id='word_1_519' title='bbox 1676 3810 2020 3873; x_wconf 87' lang='lat' dir='ltr'><strong>Galactione</strong></span> 
     </span>
    </p>
   </div>
   <div class='ocr_carea' id='block_1_74' title="bbox 372 3899 2016 3979">
    <p class='ocr_par' dir='ltr' id='par_1_74' title="bbox 372 3899 2016 3979">
     <span class='ocr_line' id='line_1_75' title="bbox 372 3899 2016 3979; baseline 0 -17"><span class='ocrx_word' id='word_1_520' title='bbox 372 3903 577 3966; x_wconf 85' lang='lat' dir='ltr'><strong>venire</strong></span> <span class='ocrx_word' id='word_1_521' title='bbox 599 3903 658 3962; x_wconf 90' lang='lat' dir='ltr'><strong>in</strong></span> <span class='ocrx_word' id='word_1_522' title='bbox 693 3901 992 3979; x_wconf 87' lang='lat' dir='ltr'><strong>quoddam</strong></span> <span class='ocrx_word' id='word_1_523' title='bbox 1019 3899 1298 3979; x_wconf 89' lang='lat' dir='ltr'><strong>palatium</strong></span> <span class='ocrx_word' id='word_1_524' title='bbox 1327 3917 1342 3962; x_wconf 89' lang='lat'><em>:</em></span> <span class='ocrx_word' id='word_1_525' title='bbox 1375 3901 1561 3962; x_wconf 84' lang='lat' dir='ltr'><strong>fuisse</strong></span> <span class='ocrx_word' id='word_1_526' title='bbox 1579 3907 1775 3962; x_wconf 88' lang='lat' dir='ltr'><strong>autem</strong></span> <span class='ocrx_word' id='word_1_527' title='bbox 1811 3919 2016 3962; x_wconf 91' lang='lat' dir='ltr'><strong>eorum</strong></span> 
     </span>
    </p>
   </div>
   <div class='ocr_carea' id='block_1_75' title="bbox 372 3989 2018 4072">
    <p class='ocr_par' dir='ltr' id='par_1_75' title="bbox 372 3989 2018 4072">
     <span class='ocr_line' id='line_1_76' title="bbox 372 3989 2018 4072; baseline -0.001 -19"><span class='ocrx_word' id='word_1_528' title='bbox 372 3991 568 4072; x_wconf 80' lang='lat' dir='ltr'><strong>capita</strong></span> <span class='ocrx_word' id='word_1_529' title='bbox 595 3989 839 4052; x_wconf 90' lang='lat' dir='ltr'><strong>coronis</strong></span> <span class='ocrx_word' id='word_1_530' title='bbox 866 4008 901 4050; x_wconf 93' lang='lat' dir='ltr'><strong>a</strong></span> <span class='ocrx_word' id='word_1_531' title='bbox 929 4007 1075 4068; x_wconf 84' lang='lat' dir='ltr'><strong>rege</strong></span> <span class='ocrx_word' id='word_1_532' title='bbox 1105 3991 1404 4051; x_wconf 90' lang='lat' dir='ltr'><strong>redimita.</strong></span> <span class='ocrx_word' id='word_1_533' title='bbox 1450 3989 1620 4051; x_wconf 86' lang='lat' dir='ltr'><strong>Mane</strong></span> <span class='ocrx_word' id='word_1_534' title='bbox 1667 4007 1803 4052; x_wconf 88' lang='lat' dir='ltr'><strong>vero</strong></span> <span class='ocrx_word' id='word_1_535' title='bbox 1855 4008 2018 4052; x_wconf 73' lang='lat' dir='ltr'><strong>teco-</strong></span> 
     </span>
    </p>
   </div>
   <div class='ocr_carea' id='block_1_76' title="bbox 371 4079 2018 4159">
    <p class='ocr_par' dir='ltr' id='par_1_76' title="bbox 371 4079 2018 4159">
     <span class='ocr_line' id='line_1_77' title="bbox 371 4079 2018 4159; baseline -0.001 -15"><span class='ocrx_word' id='word_1_536' title='bbox 371 4098 550 4144; x_wconf 88' lang='lat' dir='ltr'><strong>nomo</strong></span> <span class='ocrx_word' id='word_1_537' title='bbox 581 4079 924 4140; x_wconf 83' lang='lat' dir='ltr'><strong>monasterii</strong></span> <span class='ocrx_word' id='word_1_538' title='bbox 955 4097 1027 4141; x_wconf 84' lang='lat' dir='ltr'><strong>ea</strong></span> <span class='ocrx_word' id='word_1_539' title='bbox 1059 4097 1192 4159; x_wconf 74' lang='lat' dir='ltr'><strong>quae</strong></span> <span class='ocrx_word' id='word_1_540' title='bbox 1236 4079 1491 4156; x_wconf 87' lang='lat' dir='ltr'><strong>viderat,</strong></span> <span class='ocrx_word' id='word_1_541' title='bbox 1546 4079 2018 4152; x_wconf 85' lang='lat' dir='ltr'><strong>communicans,</strong></span> 
     </span>
    </p>
   </div>
   <div class='ocr_carea' id='block_1_77' title="bbox 371 4167 2022 4253">
    <p class='ocr_par' dir='ltr' id='par_1_77' title="bbox 371 4167 2022 4253">
     <span class='ocr_line' id='line_1_78' title="bbox 371 4167 2022 4253; baseline -0.001 -20"><span class='ocrx_word' id='word_1_542' title='bbox 371 4178 578 4253; x_wconf 90' lang='lat' dir='ltr'><strong>aperte</strong></span> <span class='ocrx_word' id='word_1_543' title='bbox 607 4169 820 4232; x_wconf 88' lang='lat' dir='ltr'><strong>didicit</strong></span> <span class='ocrx_word' id='word_1_544' title='bbox 849 4187 1136 4250; x_wconf 88' lang='lat' dir='ltr'><strong>quorsum</strong></span> <span class='ocrx_word' id='word_1_545' title='bbox 1161 4169 1434 4232; x_wconf 90' lang='lat' dir='ltr'><strong>tenderet</strong></span> <span class='ocrx_word' id='word_1_546' title='bbox 1456 4167 1841 4232; x_wconf 91' lang='lat' dir='ltr'><strong>somnium.Is</strong></span> <span class='ocrx_word' id='word_1_547' title='bbox 1863 4170 2022 4231; x_wconf 92' lang='lat' dir='ltr'><strong>enim</strong></span> 
     </span>
    </p>
   </div>
   <div class='ocr_carea' id='block_1_78' title="bbox 372 4257 2015 4340">
    <p class='ocr_par' dir='ltr' id='par_1_78' title="bbox 372 4257 2015 4340">
     <span class='ocr_line' id='line_1_79' title="bbox 372 4257 2015 4340; baseline -0.002 -16"><span class='ocrx_word' id='word_1_548' title='bbox 372 4259 520 4324; x_wconf 78' lang='lat' dir='ltr'><strong>dixit</strong></span> <span class='ocrx_word' id='word_1_549' title='bbox 550 4257 834 4340; x_wconf 79' lang='lat' dir='ltr'><strong>palatium</strong></span> <span class='ocrx_word' id='word_1_550' title='bbox 877 4259 1123 4339; x_wconf 89' lang='lat' dir='ltr'><strong>quidem</strong></span> <span class='ocrx_word' id='word_1_551' title='bbox 1179 4277 1314 4320; x_wconf 91' lang='lat' dir='ltr'><strong>esse</strong></span> <span class='ocrx_word' id='word_1_552' title='bbox 1366 4276 1620 4336; x_wconf 81' lang='lat' dir='ltr'><strong>regnum</strong></span> <span class='ocrx_word' id='word_1_553' title='bbox 1671 4259 1957 4320; x_wconf 65' lang='lat' dir='ltr'><strong>caelorum</strong></span> <span class='ocrx_word' id='word_1_554' title='bbox 2000 4277 2015 4335; x_wconf 92' lang='lat'><strong>;</strong></span> 
     </span>
    </p>
   </div>
   <div class='ocr_carea' id='block_1_79' title="bbox 373 4347 2021 4429">
    <p class='ocr_par' dir='ltr' id='par_1_79' title="bbox 373 4347 2021 4429">
     <span class='ocr_line' id='line_1_80' title="bbox 373 4347 2021 4429; baseline -0.001 -19"><span class='ocrx_word' id='word_1_555' title='bbox 373 4366 577 4428; x_wconf 88' lang='lat' dir='ltr'><strong>regem</strong></span> <span class='ocrx_word' id='word_1_556' title='bbox 599 4355 801 4411; x_wconf 88' lang='lat' dir='ltr'><strong>autem</strong></span> <span class='ocrx_word' id='word_1_557' title='bbox 835 4347 1038 4427; x_wconf 88' lang='lat' dir='ltr'><strong>ipsum</strong></span> <span class='ocrx_word' id='word_1_558' title='bbox 1071 4365 1225 4429; x_wconf 90' lang='lat' dir='ltr'><strong>esse,</strong></span> <span class='ocrx_word' id='word_1_559' title='bbox 1261 4349 1363 4429; x_wconf 93' lang='lat' dir='ltr'><strong>qui</strong></span> <span class='ocrx_word' id='word_1_560' title='bbox 1397 4365 1537 4410; x_wconf 92' lang='lat' dir='ltr'><strong>vere</strong></span> <span class='ocrx_word' id='word_1_561' title='bbox 1569 4356 1626 4410; x_wconf 92' lang='lat' dir='ltr'><strong>et</strong></span> <span class='ocrx_word' id='word_1_562' title='bbox 1644 4349 1809 4410; x_wconf 88' lang='lat' dir='ltr'><strong>solus</strong></span> <span class='ocrx_word' id='word_1_563' title='bbox 1837 4357 1895 4409; x_wconf 92' lang='lat' dir='ltr'><strong>et</strong></span> <span class='ocrx_word' id='word_1_564' title='bbox 1917 4365 2021 4410; x_wconf 84' lang='lat' dir='ltr'><strong>na-</strong></span> 
     </span>
    </p>
   </div>
   <div class='ocr_carea' id='block_1_80' title="bbox 371 4436 2013 4519">
    <p class='ocr_par' dir='ltr' id='par_1_80' title="bbox 371 4436 2013 4519">
     <span class='ocr_line' id='line_1_81' title="bbox 371 4436 2013 4519; baseline 0.001 -20"><span class='ocrx_word' id='word_1_565' title='bbox 371 4440 639 4500; x_wconf 86' lang='lat' dir='ltr'><strong>turaliter</strong></span> <span class='ocrx_word' id='word_1_566' title='bbox 663 4447 871 4515; x_wconf 82' lang='lat' dir='ltr'><strong>regnat</strong></span> <span class='ocrx_word' id='word_1_567' title='bbox 902 4457 920 4518; x_wconf 88' lang='lat'><strong>;</strong></span> <span class='ocrx_word' id='word_1_568' title='bbox 952 4454 1203 4499; x_wconf 89' lang='lat' dir='ltr'><strong>coronas</strong></span> <span class='ocrx_word' id='word_1_569' title='bbox 1233 4447 1432 4499; x_wconf 83' lang='lat' dir='ltr'><strong>autem</strong></span> <span class='ocrx_word' id='word_1_570' title='bbox 1485 4438 1600 4500; x_wconf 89' lang='lat' dir='ltr'><strong>hoc</strong></span> <span class='ocrx_word' id='word_1_571' title='bbox 1653 4436 2013 4519; x_wconf 80' lang='lat' dir='ltr'><strong>signiﬁcare,</strong></span> 
     </span>
    </p>
   </div>
   <div class='ocr_carea' id='block_1_81' title="bbox 2107 3269 3767 3351">
    <p class='ocr_par' dir='ltr' id='par_1_81' title="bbox 2107 3269 3767 3351">
     <span class='ocr_line' id='line_1_82' title="bbox 2107 3269 3767 3351; baseline 0 -23"><span class='ocrx_word' id='word_1_572' title='bbox 2107 3272 2355 3347; x_wconf 84' lang='grc' dir='ltr'>πληγεὶς,</span> <span class='ocrx_word' id='word_1_573' title='bbox 2416 3275 2754 3350; x_wconf 80' lang='grc' dir='ltr'>στρατιωτῶν</span> <span class='ocrx_word' id='word_1_574' title='bbox 2815 3273 3070 3331; x_wconf 74' lang='grc' dir='ltr'>ἐπέταττε</span> <span class='ocrx_word' id='word_1_575' title='bbox 3125 3271 3374 3351; x_wconf 78' lang='grc' dir='ltr'>φάλαγγα</span> <span class='ocrx_word' id='word_1_576' title='bbox 3428 3269 3651 3350; x_wconf 80' lang='grc' dir='ltr'>ταχέως</span> <span class='ocrx_word' id='word_1_577' title='bbox 3708 3294 3767 3328; x_wconf 85' lang='grc' dir='ltr'><strong>τε</strong></span> 
     </span>
    </p>
   </div>
   <div class='ocr_carea' id='block_1_82' title="bbox 2107 3360 3766 3440">
    <p class='ocr_par' dir='ltr' id='par_1_82' title="bbox 2107 3360 3766 3440">
     <span class='ocr_line' id='line_1_83' title="bbox 2107 3360 3766 3440; baseline -0.001 -22"><span class='ocrx_word' id='word_1_578' title='bbox 2107 3365 2166 3418; x_wconf 81' lang='grc' dir='ltr'>τὸ</span> <span class='ocrx_word' id='word_1_579' title='bbox 2227 3361 2345 3440; x_wconf 71' lang='grc' dir='ltr'>ὅρος</span> <span class='ocrx_word' id='word_1_580' title='bbox 2402 3361 2730 3420; x_wconf 75' lang='grc' dir='ltr'>καταλαϐεῖν</span> <span class='ocrx_word' id='word_1_581' title='bbox 2792 3366 2889 3420; x_wconf 76' lang='grc' dir='ltr'>γα“ι</span> <span class='ocrx_word' id='word_1_582' title='bbox 2960 3360 3201 3438; x_wconf 82' lang='grc' dir='ltr'>δεσμίους</span> <span class='ocrx_word' id='word_1_583' title='bbox 3272 3364 3346 3424; x_wconf 81' lang='grc' dir='ltr'>ὡς</span> <span class='ocrx_word' id='word_1_584' title='bbox 3405 3362 3560 3418; x_wconf 78' lang='grc' dir='ltr'>αὐτὸν</span> <span class='ocrx_word' id='word_1_585' title='bbox 3633 3361 3766 3425; x_wconf 81' lang='grc' dir='ltr'>τοὺς</span> 
     </span>
    </p>
   </div>
   <div class='ocr_carea' id='block_1_83' title="bbox 2107 3449 3770 3530">
    <p class='ocr_par' dir='ltr' id='par_1_83' title="bbox 2107 3449 3770 3530">
     <span class='ocr_line' id='line_1_84' title="bbox 2107 3449 3770 3530; baseline 0 -24"><span class='ocrx_word' id='word_1_586' title='bbox 2107 3451 2222 3508; x_wconf 81' lang='grc' dir='ltr'>ὅσοι</span> <span class='ocrx_word' id='word_1_587' title='bbox 2267 3458 2593 3530; x_wconf 83' lang='grc' dir='ltr'>Χριστιανῶν</span> <span class='ocrx_word' id='word_1_588' title='bbox 2658 3453 2864 3511; x_wconf 74' lang='grc' dir='ltr'>οἰκοῦσι</span> <span class='ocrx_word' id='word_1_589' title='bbox 2906 3461 3062 3510; x_wconf 82' lang='grc' dir='ltr'>τοῦτο</span> <span class='ocrx_word' id='word_1_590' title='bbox 3093 3454 3154 3508; x_wconf 83' lang='grc' dir='ltr'>τὸ</span> <span class='ocrx_word' id='word_1_591' title='bbox 3202 3449 3319 3528; x_wconf 78' lang='grc' dir='ltr'>ὅρος</span> <span class='ocrx_word' id='word_1_592' title='bbox 3352 3450 3602 3528; x_wconf 66' lang='grc' dir='ltr'>ἀγαγεῖν.</span> <span class='ocrx_word' id='word_1_593' title='bbox 3671 3451 3770 3508; x_wconf 84' lang='grc' dir='ltr'>Ἐν</span> 
     </span>
    </p>
   </div>
   <div class='ocr_carea' id='block_1_84' title="bbox 2106 3539 3766 3621">
    <p class='ocr_par' dir='ltr' id='par_1_84' title="bbox 2106 3539 3766 3621">
     <span class='ocr_line' id='line_1_85' title="bbox 2106 3539 3766 3621; baseline -0.001 -25"><span class='ocrx_word' id='word_1_594' title='bbox 2106 3544 2150 3614; x_wconf 84' lang='grc' dir='ltr'>ᾦ</span> <span class='ocrx_word' id='word_1_595' title='bbox 2207 3541 2379 3602; x_wconf 79' lang='grc' dir='ltr'>οὗνοὶ</span> <span class='ocrx_word' id='word_1_596' title='bbox 2428 3542 2755 3621; x_wconf 75' lang='grc' dir='ltr'>πεμφθέντες</span> <span class='ocrx_word' id='word_1_597' title='bbox 2803 3543 2903 3601; x_wconf 84' lang='grc' dir='ltr'><strong>ἀνά</strong></span> <span class='ocrx_word' id='word_1_598' title='bbox 2957 3545 3050 3599; x_wconf 80' lang='grc' dir='ltr'>τὸν</span> <span class='ocrx_word' id='word_1_599' title='bbox 3080 3542 3243 3598; x_wconf 86' lang='grc' dir='ltr'>τόπον</span> <span class='ocrx_word' id='word_1_600' title='bbox 3296 3539 3571 3618; x_wconf 84' lang='grc' dir='ltr'>γενόμενοι</span> <span class='ocrx_word' id='word_1_601' title='bbox 3631 3541 3766 3603; x_wconf 88' lang='grc' dir='ltr'>τοὺς</span> 
     </span>
    </p>
   </div>
   <div class='ocr_carea' id='block_1_85' title="bbox 2105 3627 3767 3712">
    <p class='ocr_par' dir='ltr' id='par_1_85' title="bbox 2105 3627 3767 3712">
     <span class='ocr_line' id='line_1_86' title="bbox 2105 3627 3767 3712; baseline 0 -26"><span class='ocrx_word' id='word_1_602' title='bbox 2105 3629 2270 3694; x_wconf 84' lang='grc' dir='ltr'>θείους</span> <span class='ocrx_word' id='word_1_603' title='bbox 2315 3629 2542 3704; x_wconf 72' lang='grc' dir='ltr'>ἔμελλον</span> <span class='ocrx_word' id='word_1_604' title='bbox 2593 3630 2780 3710; x_wconf 73' lang='grc' dir='ltr'>ἄνδρας</span> <span class='ocrx_word' id='word_1_605' title='bbox 2806 3629 3116 3712; x_wconf 73' lang='grc' dir='ltr'>συλλαϐεῖν,</span> <span class='ocrx_word' id='word_1_606' title='bbox 3150 3631 3184 3699; x_wconf 78' lang='grc' dir='ltr'>ἡ</span> <span class='ocrx_word' id='word_1_607' title='bbox 3247 3627 3581 3704; x_wconf 73' lang='grc' dir='ltr'>Ἐπιστήμη,</span> <span class='ocrx_word' id='word_1_608' title='bbox 3616 3630 3767 3686; x_wconf 80' lang='grc' dir='ltr'>κατὰ</span> 
     </span>
    </p>
   </div>
   <div class='ocr_carea' id='block_1_86' title="bbox 2103 3717 3759 3800">
    <p class='ocr_par' dir='ltr' id='par_1_86' title="bbox 2103 3717 3759 3800">
     <span class='ocr_line' id='line_1_87' title="bbox 2103 3717 3759 3800; baseline 0.002 -25"><span class='ocrx_word' id='word_1_609' title='bbox 2103 3721 2164 3776; x_wconf 86' lang='grc' dir='ltr'>τὸ</span> <span class='ocrx_word' id='word_1_610' title='bbox 2221 3720 2374 3798; x_wconf 70' lang='grc' dir='ltr'>ῥηθὲν</span> <span class='ocrx_word' id='word_1_611' title='bbox 2436 3720 2759 3800; x_wconf 73' lang='grc' dir='ltr'>ἀσκητήριον</span> <span class='ocrx_word' id='word_1_612' title='bbox 2790 3722 2882 3792; x_wconf 25' lang='grc' dir='ltr'><strong>,τὰ</strong></span> <span class='ocrx_word' id='word_1_613' title='bbox 2911 3726 3015 3778; x_wconf 90' lang='grc' dir='ltr'><strong>τῶν</strong></span> <span class='ocrx_word' id='word_1_614' title='bbox 3075 3717 3411 3796; x_wconf 75' lang='grc' dir='ltr'>ἀσκουμένων</span> <span class='ocrx_word' id='word_1_615' title='bbox 3467 3738 3759 3798; x_wconf 82' lang='grc' dir='ltr'>μετερχο-</span> 
     </span>
    </p>
   </div>
   <div class='ocr_carea' id='block_1_87' title="bbox 2104 3805 3760 3890">
    <p class='ocr_par' dir='ltr' id='par_1_87' title="bbox 2104 3805 3760 3890">
     <span class='ocr_line' id='line_1_88' title="bbox 2104 3805 3760 3890; baseline -0.001 -25"><span class='ocrx_word' id='word_1_616' title='bbox 2104 3809 2267 3886; x_wconf 86' lang='grc' dir='ltr'>μένη,</span> <span class='ocrx_word' id='word_1_617' title='bbox 2325 3812 2443 3888; x_wconf 84' lang='grc' dir='ltr'>περὶ</span> <span class='ocrx_word' id='word_1_618' title='bbox 2523 3833 2688 3887; x_wconf 86' lang='grc' dir='ltr'>μεσας</span> <span class='ocrx_word' id='word_1_619' title='bbox 2747 3811 2958 3888; x_wconf 83' lang='grc' dir='ltr'>νύκτας,</span> <span class='ocrx_word' id='word_1_620' title='bbox 3019 3807 3144 3890; x_wconf 80' lang='grc' dir='ltr'>ὄναρ</span> <span class='ocrx_word' id='word_1_621' title='bbox 3214 3809 3332 3887; x_wconf 78' lang='grc' dir='ltr'>ὃρᾷ’</span> <span class='ocrx_word' id='word_1_622' title='bbox 3389 3805 3560 3865; x_wconf 70' lang='grc' dir='ltr'>εδόκει</span> <span class='ocrx_word' id='word_1_623' title='bbox 3648 3808 3760 3888; x_wconf 81' lang='grc' dir='ltr'><strong>γὰρ</strong></span> 
     </span>
    </p>
   </div>
   <div class='ocr_carea' id='block_1_88' title="bbox 2103 3895 3761 3981">
    <p class='ocr_par' dir='ltr' id='par_1_88' title="bbox 2103 3895 3761 3981">
     <span class='ocr_line' id='line_1_89' title="bbox 2103 3895 3761 3981; baseline -0.001 -27"><span class='ocrx_word' id='word_1_624' title='bbox 2103 3900 2177 3962; x_wconf 87' lang='grc' dir='ltr'>εὶς</span> <span class='ocrx_word' id='word_1_625' title='bbox 2257 3921 2307 3956; x_wconf 87' lang='grc' dir='ltr'><strong>τι</strong></span> <span class='ocrx_word' id='word_1_626' title='bbox 2392 3899 2678 3978; x_wconf 78' lang='grc' dir='ltr'>ἀνάκτορον</span> <span class='ocrx_word' id='word_1_627' title='bbox 2762 3899 3149 3981; x_wconf 84' lang='grc' dir='ltr'>συνειστρέχειν</span> <span class='ocrx_word' id='word_1_628' title='bbox 3230 3898 3343 3974; x_wconf 78' lang='grc' dir='ltr'>ἅμα</span> <span class='ocrx_word' id='word_1_629' title='bbox 3400 3904 3477 3972; x_wconf 85' lang='grc' dir='ltr'><strong>τῷ</strong></span> <span class='ocrx_word' id='word_1_630' title='bbox 3561 3895 3761 3953; x_wconf 64' lang='grc' dir='ltr'>Γαλα-</span> 
     </span>
    </p>
   </div>
   <div class='ocr_carea' id='block_1_89' title="bbox 2103 3987 3764 4068">
    <p class='ocr_par' dir='ltr' id='par_1_89' title="bbox 2103 3987 3764 4068">
     <span class='ocr_line' id='line_1_90' title="bbox 2103 3987 3764 4068; baseline 0 -22"><span class='ocrx_word' id='word_1_631' title='bbox 2103 3988 2316 4064; x_wconf 88' lang='grc' dir='ltr'>κτίωνι,</span> <span class='ocrx_word' id='word_1_632' title='bbox 2371 3990 2646 4068; x_wconf 67' lang='grc' dir='ltr'>στεφάνοις</span> <span class='ocrx_word' id='word_1_633' title='bbox 2704 4012 2762 4047; x_wconf 89' lang='grc' dir='ltr'><strong>τε</strong></span> <span class='ocrx_word' id='word_1_634' title='bbox 2809 3992 2908 4047; x_wconf 77' lang='grc' dir='ltr'><strong>ὑπὸ</strong></span> <span class='ocrx_word' id='word_1_635' title='bbox 2960 3988 3220 4067; x_wconf 84' lang='grc' dir='ltr'>βασιλέως</span> <span class='ocrx_word' id='word_1_636' title='bbox 3267 3987 3602 4064; x_wconf 73' lang='grc' dir='ltr'>κοσμηθῆναι</span> <span class='ocrx_word' id='word_1_637' title='bbox 3655 3989 3764 4054; x_wconf 80' lang='grc' dir='ltr'>τὰς</span> 
     </span>
    </p>
   </div>
   <div class='ocr_carea' id='block_1_90' title="bbox 2107 4062 3765 4159">
    <p class='ocr_par' dir='ltr' id='par_1_90' title="bbox 2107 4062 3765 4159">
     <span class='ocr_line' id='line_1_91' title="bbox 2107 4062 3765 4159; baseline -0.002 -25"><span class='ocrx_word' id='word_1_638' title='bbox 2107 4062 2364 4159; x_wconf 71' lang='grc' dir='ltr'>κεφαλάς.</span> <span class='ocrx_word' id='word_1_639' title='bbox 2425 4062 2621 4136; x_wconf 45' lang='lat' dir='ltr'><strong>&quot;IS-m0“</strong></span> <span class='ocrx_word' id='word_1_640' title='bbox 2678 4078 2732 4135; x_wconf 81' lang='grc' dir='ltr'>δὲ</span> <span class='ocrx_word' id='word_1_641' title='bbox 2789 4081 2866 4155; x_wconf 79' lang='grc' dir='ltr'><strong>τῷ</strong></span> <span class='ocrx_word' id='word_1_642' title='bbox 2921 4062 3184 4156; x_wconf 66' lang='grc' dir='ltr'>οἷκονόμῳ</span> <span class='ocrx_word' id='word_1_643' title='bbox 3247 4062 3378 4134; x_wconf 70' lang='grc' dir='ltr'><strong>τῶν</strong></span> <span class='ocrx_word' id='word_1_644' title='bbox 3413 4081 3512 4144; x_wconf 80' lang='grc' dir='ltr'>τῆς</span> <span class='ocrx_word' id='word_1_645' title='bbox 3573 4081 3765 4151; x_wconf 78' lang='grc' dir='ltr'>μονῆς</span> 
     </span>
    </p>
   </div>
   <div class='ocr_carea' id='block_1_91' title="bbox 2107 4165 3767 4248">
    <p class='ocr_par' dir='ltr' id='par_1_91' title="bbox 2107 4165 3767 4248">
     <span class='ocr_line' id='line_1_92' title="bbox 2107 4165 3767 4248; baseline -0.002 -23"><span class='ocrx_word' id='word_1_646' title='bbox 2107 4171 2225 4248; x_wconf 85' lang='grc' dir='ltr'>περὶ</span> <span class='ocrx_word' id='word_1_647' title='bbox 2275 4171 2349 4225; x_wconf 84' lang='grc' dir='ltr'>ὧν</span> <span class='ocrx_word' id='word_1_648' title='bbox 2383 4168 2620 4226; x_wconf 80' lang='grc' dir='ltr'>τεθέαται</span> <span class='ocrx_word' id='word_1_649' title='bbox 2677 4169 3150 4248; x_wconf 79' lang='grc' dir='ltr'>κοινολογουμένη,</span> <span class='ocrx_word' id='word_1_650' title='bbox 3179 4169 3287 4237; x_wconf 81' lang='grc' dir='ltr'><strong>ὅπη</strong></span> <span class='ocrx_word' id='word_1_651' title='bbox 3319 4168 3475 4224; x_wconf 82' lang='grc' dir='ltr'>τείνει</span> <span class='ocrx_word' id='word_1_652' title='bbox 3505 4167 3567 4223; x_wconf 76' lang='grc' dir='ltr'>τὸ</span> <span class='ocrx_word' id='word_1_653' title='bbox 3622 4165 3767 4246; x_wconf 71' lang='grc' dir='ltr'>ὄναρ</span> 
     </span>
    </p>
   </div>
   <div class='ocr_carea' id='block_1_92' title="bbox 2101 4256 3767 4340">
    <p class='ocr_par' dir='ltr' id='par_1_92' title="bbox 2101 4256 3767 4340">
     <span class='ocr_line' id='line_1_93' title="bbox 2101 4256 3767 4340; baseline 0 -28"><span class='ocrx_word' id='word_1_654' title='bbox 2101 4263 2282 4336; x_wconf 80' lang='grc' dir='ltr'>σαφῶς</span> <span class='ocrx_word' id='word_1_655' title='bbox 2359 4256 2685 4340; x_wconf 78' lang='grc' dir='ltr'>ἑδιδάσκετο,</span> <span class='ocrx_word' id='word_1_656' title='bbox 2745 4259 3007 4338; x_wconf 78' lang='grc' dir='ltr'>ἀνάκτορα</span> <span class='ocrx_word' id='word_1_657' title='bbox 3063 4260 3159 4334; x_wconf 78' lang='grc' dir='ltr'>μὲν</span> <span class='ocrx_word' id='word_1_658' title='bbox 3224 4259 3292 4316; x_wconf 76' lang='grc' dir='ltr'><strong>τὰ</strong></span> <span class='ocrx_word' id='word_1_659' title='bbox 3348 4259 3453 4313; x_wconf 85' lang='grc' dir='ltr'><strong>τῶν</strong></span> <span class='ocrx_word' id='word_1_660' title='bbox 3513 4256 3767 4334; x_wconf 71' lang='grc' dir='ltr'>οὐρανῶν</span> 
     </span>
    </p>
   </div>
   <div class='ocr_carea' id='block_1_93' title="bbox 2102 4343 3770 4424">
    <p class='ocr_par' dir='ltr' id='par_1_93' title="bbox 2102 4343 3770 4424">
     <span class='ocr_line' id='line_1_94' title="bbox 2102 4343 3770 4424; baseline -0.001 -22"><span class='ocrx_word' id='word_1_661' title='bbox 2102 4347 2341 4413; x_wconf 83' lang='grc' dir='ltr'>εἰπόντος</span> <span class='ocrx_word' id='word_1_662' title='bbox 2368 4347 2634 4424; x_wconf 83' lang='grc' dir='ltr'>βασίλεια·</span> <span class='ocrx_word' id='word_1_663' title='bbox 2698 4346 2918 4424; x_wconf 86' lang='grc' dir='ltr'>βασιλέα</span> <span class='ocrx_word' id='word_1_664' title='bbox 2975 4346 3029 4404; x_wconf 81' lang='grc' dir='ltr'>δὲ</span> <span class='ocrx_word' id='word_1_665' title='bbox 3085 4349 3239 4404; x_wconf 74' lang='grc' dir='ltr'>αὑτὸν</span> <span class='ocrx_word' id='word_1_666' title='bbox 3269 4347 3438 4421; x_wconf 76' lang='grc' dir='ltr'>εἶναι,</span> <span class='ocrx_word' id='word_1_667' title='bbox 3469 4358 3560 4402; x_wconf 81' lang='grc' dir='ltr'><strong>τον</strong></span> <span class='ocrx_word' id='word_1_668' title='bbox 3609 4343 3770 4414; x_wconf 81' lang='grc' dir='ltr'>ἀλη-</span> 
     </span>
    </p>
   </div>
   <div class='ocr_carea' id='block_1_94' title="bbox 2076 4434 3766 4519">
    <p class='ocr_par' dir='ltr' id='par_1_94' title="bbox 2076 4434 3766 4519">
     <span class='ocr_line' id='line_1_95' title="bbox 2076 4434 3766 4519; baseline -0.009 -16"><span class='ocrx_word' id='word_1_669' title='bbox 2076 4436 2202 4519; x_wconf 65' lang='grc' dir='ltr'>Ὡῶς</span> <span class='ocrx_word' id='word_1_670' title='bbox 2251 4439 2341 4493; x_wconf 79' lang='grc' dir='ltr'><strong>καὶ</strong></span> <span class='ocrx_word' id='word_1_671' title='bbox 2398 4437 2575 4514; x_wconf 81' lang='grc' dir='ltr'>μόνως</span> <span class='ocrx_word' id='word_1_672' title='bbox 2633 4444 2868 4519; x_wconf 68' lang='grc' dir='ltr'>φυσικῶς</span> <span class='ocrx_word' id='word_1_673' title='bbox 2934 4435 3302 4514; x_wconf 80' lang='grc' dir='ltr'>βασιλεύοντα⁶</span> <span class='ocrx_word' id='word_1_674' title='bbox 3363 4437 3484 4499; x_wconf 87' lang='grc' dir='ltr'>τοὺς</span> <span class='ocrx_word' id='word_1_675' title='bbox 3541 4434 3766 4514; x_wconf 74' lang='grc' dir='ltr'>στεφά-</span> 
     </span>
    </p>
   </div>
   <div class='ocr_carea' id='block_1_95' title="bbox 371 4523 2043 4626">
    <p class='ocr_par' dir='ltr' id='par_1_95' title="bbox 371 4526 2043 4626">
     <span class='ocr_line' id='line_1_96' title="bbox 371 4526 2043 4626; baseline 0 -36"><span class='ocrx_word' id='word_1_676' title='bbox 371 4543 478 4590; x_wconf 85' lang='lat' dir='ltr'><strong>eos</strong></span> <span class='ocrx_word' id='word_1_677' title='bbox 495 4545 642 4626; x_wconf 75' lang='lat' dir='ltr'><strong>_mox</strong></span> <span class='ocrx_word' id='word_1_678' title='bbox 675 4544 808 4588; x_wconf 85' lang='lat' dir='ltr'><strong>esse</strong></span> <span class='ocrx_word' id='word_1_679' title='bbox 839 4543 1227 4606; x_wconf 86' lang='lat' dir='ltr'><strong>processuros</strong></span> <span class='ocrx_word' id='word_1_680' title='bbox 1255 4527 1330 4589; x_wconf 88' lang='lat' dir='ltr'><strong>ad</strong></span> <span class='ocrx_word' id='word_1_681' title='bbox 1355 4533 1700 4608; x_wconf 85' lang='lat' dir='ltr'><strong>certamina,</strong></span> <span class='ocrx_word' id='word_1_682' title='bbox 1733 4533 1793 4588; x_wconf 91' lang='lat' dir='ltr'><strong>et</strong></span> <span class='ocrx_word' id='word_1_683' title='bbox 1813 4526 2043 4606; x_wconf 43' lang='lat' dir='ltr'><strong>advers</strong></span> 
     </span>
    </p>
   </div>
   <div class='ocr_carea' id='block_1_96' title="bbox 2148 4523 3764 4626">
    <p class='ocr_par' dir='ltr' id='par_1_96' title="bbox 2148 4523 3764 4608">
     <span class='ocr_line' id='line_1_97' title="bbox 2148 4523 3764 4608; baseline -0.004 -24"><span class='ocrx_word' id='word_1_684' title='bbox 2148 4548 2220 4591; x_wconf 74' lang='grc' dir='ltr'><strong>ιυς</strong></span> <span class='ocrx_word' id='word_1_685' title='bbox 2265 4523 2319 4582; x_wconf 76' lang='grc' dir='ltr'>δὲ</span> <span class='ocrx_word' id='word_1_686' title='bbox 2351 4533 2504 4584; x_wconf 83' lang='grc' dir='ltr'>τοῦτο</span> <span class='ocrx_word' id='word_1_687' title='bbox 2554 4525 2770 4608; x_wconf 80' lang='grc' dir='ltr'>δηλοῦν,</span> <span class='ocrx_word' id='word_1_688' title='bbox 2803 4525 2883 4583; x_wconf 84' lang='grc' dir='ltr'><strong>ὅτι</strong></span> <span class='ocrx_word' id='word_1_689' title='bbox 2940 4528 3071 4606; x_wconf 74' lang='grc' dir='ltr'>πρὸς</span> <span class='ocrx_word' id='word_1_690' title='bbox 3125 4527 3333 4606; x_wconf 82' lang='grc' dir='ltr'>ἀγῶνας</span> <span class='ocrx_word' id='word_1_691' title='bbox 3378 4524 3493 4604; x_wconf 82' lang='grc' dir='ltr'>ἄρτι</span> <span class='ocrx_word' id='word_1_692' title='bbox 3542 4523 3764 4604; x_wconf 67' lang='grc' dir='ltr'>χωρή-</span> 
     </span>
    </p>
   </div>
   <div class='ocr_carea' id='block_1_97' title="bbox 368 4615 1406 4697">
    <p class='ocr_par' dir='ltr' id='par_1_97' title="bbox 368 4615 1406 4697">
     <span class='ocr_line' id='line_1_98' title="bbox 368 4615 1406 4697; baseline 0.001 -17"><span class='ocrx_word' id='word_1_693' title='bbox 368 4615 545 4680; x_wconf 75' lang='lat' dir='ltr'><strong>seriis</strong></span> <span class='ocrx_word' id='word_1_694' title='bbox 574 4616 803 4678; x_wconf 81' lang='lat' dir='ltr'><strong>futuros</strong></span> <span class='ocrx_word' id='word_1_695' title='bbox 832 4617 1006 4697; x_wconf 87' lang='lat' dir='ltr'><strong>plane</strong></span> <span class='ocrx_word' id='word_1_696' title='bbox 1035 4615 1406 4696; x_wconf 89' lang='lat' dir='ltr'><strong>superiores.</strong></span> 
     </span>
    </p>
   </div>
   <div class='ocr_carea' id='block_1_98' title="bbox 446 4703 2016 4788">
    <p class='ocr_par' dir='ltr' id='par_1_98' title="bbox 446 4703 2016 4788">
     <span class='ocr_line' id='line_1_99' title="bbox 446 4703 2016 4788; baseline 0.003 -20"><span class='ocrx_word' id='word_1_697' title='bbox 446 4704 597 4770; x_wconf 77' lang='lat' dir='ltr'><strong>XIV.</strong></span> <span class='ocrx_word' id='word_1_698' title='bbox 630 4703 774 4770; x_wconf 84' lang='lat' dir='ltr'><strong>Cum</strong></span> <span class='ocrx_word' id='word_1_699' title='bbox 807 4725 947 4785; x_wconf 83' lang='lat' dir='ltr'><strong>ergo</strong></span> <span class='ocrx_word' id='word_1_700' title='bbox 978 4707 1218 4782; x_wconf 84' lang='lat' dir='ltr'><strong>milites,</strong></span> <span class='ocrx_word' id='word_1_701' title='bbox 1254 4716 1314 4768; x_wconf 92' lang='lat' dir='ltr'><strong>ut</strong></span> <span class='ocrx_word' id='word_1_702' title='bbox 1335 4707 1489 4786; x_wconf 87' lang='lat' dir='ltr'><strong>jussi</strong></span> <span class='ocrx_word' id='word_1_703' title='bbox 1521 4708 1776 4788; x_wconf 83' lang='lat' dir='ltr'><strong>fuerant,</strong></span> <span class='ocrx_word' id='word_1_704' title='bbox 1813 4726 2016 4772; x_wconf 86' lang='lat' dir='ltr'><strong>acces-</strong></span> 
     </span>
    </p>
   </div>
   <div class='ocr_carea' id='block_1_99' title="bbox 367 4795 2017 4877">
    <p class='ocr_par' dir='ltr' id='par_1_99' title="bbox 367 4795 2017 4877">
     <span class='ocr_line' id='line_1_100' title="bbox 367 4795 2017 4877; baseline -0.001 -15"><span class='ocrx_word' id='word_1_705' title='bbox 367 4795 612 4871; x_wconf 82' lang='lat' dir='ltr'><strong>sissent,</strong></span> <span class='ocrx_word' id='word_1_706' title='bbox 639 4803 703 4858; x_wconf 88' lang='lat' dir='ltr'><strong>et</strong></span> <span class='ocrx_word' id='word_1_707' title='bbox 725 4795 822 4858; x_wconf 86' lang='lat' dir='ltr'><strong>alii</strong></span> <span class='ocrx_word' id='word_1_708' title='bbox 844 4813 1054 4856; x_wconf 88' lang='lat' dir='ltr'><strong>omnes</strong></span> <span class='ocrx_word' id='word_1_709' title='bbox 1079 4795 1226 4858; x_wconf 87' lang='lat' dir='ltr'><strong>sein</strong></span> <span class='ocrx_word' id='word_1_710' title='bbox 1252 4796 1448 4874; x_wconf 80' lang='lat' dir='ltr'><strong>fugam</strong></span> <span class='ocrx_word' id='word_1_711' title='bbox 1474 4797 1899 4877; x_wconf 89' lang='lat' dir='ltr'><strong>conjecissent,</strong></span> <span class='ocrx_word' id='word_1_712' title='bbox 1932 4804 2017 4860; x_wconf 89' lang='lat' dir='ltr'><strong>ln-</strong></span> 
     </span>
    </p>
   </div>
   <div class='ocr_carea' id='block_1_100' title="bbox 365 4883 2016 4963">
    <p class='ocr_par' dir='ltr' id='par_1_100' title="bbox 365 4883 2016 4963">
     <span class='ocr_line' id='line_1_101' title="bbox 365 4883 2016 4963; baseline 0.001 -13"><span class='ocrx_word' id='word_1_713' title='bbox 365 4887 617 4952; x_wconf 66' lang='lat' dir='ltr'><strong>vaniuat</strong></span> <span class='ocrx_word' id='word_1_714' title='bbox 642 4884 793 4947; x_wconf 84' lang='lat' dir='ltr'><strong>duos</strong></span> <span class='ocrx_word' id='word_1_715' title='bbox 819 4883 981 4947; x_wconf 85' lang='lat' dir='ltr'><strong>solos</strong></span> <span class='ocrx_word' id='word_1_716' title='bbox 1016 4886 1365 4960; x_wconf 87' lang='lat' dir='ltr'><strong>monachos,</strong></span> <span class='ocrx_word' id='word_1_717' title='bbox 1415 4905 1671 4963; x_wconf 92' lang='lat' dir='ltr'><strong>quorum</strong></span> <span class='ocrx_word' id='word_1_718' title='bbox 1706 4905 1860 4948; x_wconf 92' lang='lat' dir='ltr'><strong>unus</strong></span> <span class='ocrx_word' id='word_1_719' title='bbox 1887 4897 2016 4951; x_wconf 91' lang='lat' dir='ltr'><strong>erat</strong></span> 
     </span>
    </p>
   </div>
   <div class='ocr_carea' id='block_1_101' title="bbox 367 4971 2018 5056">
    <p class='ocr_par' dir='ltr' id='par_1_101' title="bbox 367 4971 2018 5056">
     <span class='ocr_line' id='line_1_102' title="bbox 367 4971 2018 5056; baseline -0.001 -15"><span class='ocrx_word' id='word_1_720' title='bbox 367 4975 701 5042; x_wconf 82' lang='lat' dir='ltr'><strong>Galaction.</strong></span> <span class='ocrx_word' id='word_1_721' title='bbox 734 4971 880 5037; x_wconf 85' lang='lat' dir='ltr'><strong>Cu</strong></span> <span class='ocrx_word' id='word_1_722' title='bbox 909 4991 1052 5052; x_wconf 86' lang='lat' dir='ltr'><strong>ergo</strong></span> <span class='ocrx_word' id='word_1_723' title='bbox 1085 4973 1191 5038; x_wconf 88' lang='lat' dir='ltr'><strong>ille</strong></span> <span class='ocrx_word' id='word_1_724' title='bbox 1220 4992 1462 5056; x_wconf 87' lang='lat' dir='ltr'><strong>quoque</strong></span> <span class='ocrx_word' id='word_1_725' title='bbox 1525 4976 1600 5037; x_wconf 89' lang='lat' dir='ltr'><strong>ab</strong></span> <span class='ocrx_word' id='word_1_726' title='bbox 1658 4975 1745 5038; x_wconf 88' lang='lat' dir='ltr'><strong>eis</strong></span> <span class='ocrx_word' id='word_1_727' title='bbox 1801 4975 2018 5040; x_wconf 86' lang='lat' dir='ltr'><strong>ductus</strong></span> 
     </span>
    </p>
   </div>
   <div class='ocr_carea' id='block_1_102' title="bbox 367 5063 2017 5146">
    <p class='ocr_par' dir='ltr' id='par_1_102' title="bbox 367 5063 2017 5146">
     <span class='ocr_line' id='line_1_103' title="bbox 367 5063 2017 5146; baseline -0.001 -14"><span class='ocrx_word' id='word_1_728' title='bbox 367 5074 548 5143; x_wconf 79' lang='lat' dir='ltr'><strong>esset,</strong></span> <span class='ocrx_word' id='word_1_729' title='bbox 580 5065 783 5128; x_wconf 86' lang='lat' dir='ltr'><strong>ethoc</strong></span> <span class='ocrx_word' id='word_1_730' title='bbox 813 5063 1156 5128; x_wconf 81' lang='lat' dir='ltr'><strong>rescivisset</strong></span> <span class='ocrx_word' id='word_1_731' title='bbox 1183 5063 1508 5146; x_wconf 87' lang='lat' dir='ltr'><strong>Episteme,</strong></span> <span class='ocrx_word' id='word_1_732' title='bbox 1558 5074 1618 5126; x_wconf 90' lang='lat' dir='ltr'><strong>et</strong></span> <span class='ocrx_word' id='word_1_733' title='bbox 1667 5064 1925 5130; x_wconf 85' lang='lat' dir='ltr'><strong>sedisset</strong></span> <span class='ocrx_word' id='word_1_734' title='bbox 1955 5066 2017 5129; x_wconf 92' lang='lat' dir='ltr'><strong>in</strong></span> 
     </span>
    </p>
   </div>
   <div class='ocr_carea' id='block_1_103' title="bbox 364 5153 2016 5236">
    <p class='ocr_par' dir='ltr' id='par_1_103' title="bbox 364 5153 2016 5236">
     <span class='ocr_line' id='line_1_104' title="bbox 364 5153 2016 5236; baseline 0.001 -18"><span class='ocrx_word' id='word_1_735' title='bbox 364 5155 495 5220; x_wconf 86' lang='lat' dir='ltr'><strong>loco</strong></span> <span class='ocrx_word' id='word_1_736' title='bbox 527 5155 773 5218; x_wconf 88' lang='lat' dir='ltr'><strong>sublimi</strong></span> <span class='ocrx_word' id='word_1_737' title='bbox 808 5153 1047 5228; x_wconf 82' lang='lat' dir='ltr'><strong>montis,</strong></span> <span class='ocrx_word' id='word_1_738' title='bbox 1075 5173 1148 5216; x_wconf 75' lang='lat' dir='ltr'><strong>ex</strong></span> <span class='ocrx_word' id='word_1_739' title='bbox 1167 5173 1285 5234; x_wconf 90' lang='lat' dir='ltr'><strong>quo</strong></span> <span class='ocrx_word' id='word_1_740' title='bbox 1314 5154 1442 5235; x_wconf 90' lang='lat' dir='ltr'><strong>ipsa</strong></span> <span class='ocrx_word' id='word_1_741' title='bbox 1462 5153 1671 5216; x_wconf 84' lang='lat' dir='ltr'><strong>videns</strong></span> <span class='ocrx_word' id='word_1_742' title='bbox 1701 5173 1819 5217; x_wconf 92' lang='lat' dir='ltr'><strong>non</strong></span> <span class='ocrx_word' id='word_1_743' title='bbox 1843 5164 2016 5236; x_wconf 89' lang='lat' dir='ltr'><strong>pote-</strong></span> 
     </span>
    </p>
   </div>
   <div class='ocr_carea' id='block_1_104' title="bbox 362 5242 2018 5324">
    <p class='ocr_par' dir='ltr' id='par_1_104' title="bbox 362 5242 2018 5324">
     <span class='ocr_line' id='line_1_105' title="bbox 362 5242 2018 5324; baseline 0 -17"><span class='ocrx_word' id='word_1_744' title='bbox 362 5252 460 5308; x_wconf 84' lang='lat' dir='ltr'><strong>rat</strong></span> <span class='ocrx_word' id='word_1_745' title='bbox 483 5243 700 5319; x_wconf 85' lang='lat' dir='ltr'><strong>videri,</strong></span> <span class='ocrx_word' id='word_1_746' title='bbox 736 5243 838 5306; x_wconf 87' lang='lat' dir='ltr'><strong>illa</strong></span> <span class='ocrx_word' id='word_1_747' title='bbox 868 5242 1386 5324; x_wconf 84' lang='lat' dir='ltr'><strong>cernebatoculis,</strong></span> <span class='ocrx_word' id='word_1_748' title='bbox 1419 5261 1551 5324; x_wconf 77' lang='lat' dir='ltr'><strong>quae</strong></span> <span class='ocrx_word' id='word_1_749' title='bbox 1577 5263 1692 5304; x_wconf 91' lang='lat' dir='ltr'><strong>non</strong></span> <span class='ocrx_word' id='word_1_750' title='bbox 1728 5245 2018 5324; x_wconf 89' lang='lat' dir='ltr'><strong>potuisset</strong></span> 
     </span>
    </p>
   </div>
   <div class='ocr_carea' id='block_1_105' title="bbox 2101 4610 3762 4695">
    <p class='ocr_par' dir='ltr' id='par_1_105' title="bbox 2101 4610 3762 4695">
     <span class='ocr_line' id='line_1_106' title="bbox 2101 4610 3762 4695; baseline 0.002 -23"><span class='ocrx_word' id='word_1_751' title='bbox 2101 4636 2272 4694; x_wconf 86' lang='grc' dir='ltr'>σουσι,</span> <span class='ocrx_word' id='word_1_752' title='bbox 2307 4615 2403 4672; x_wconf 69' lang='grc' dir='ltr'>καὶ</span> <span class='ocrx_word' id='word_1_753' title='bbox 2431 4615 2697 4695; x_wconf 80' lang='grc' dir='ltr'>κρείττους</span> <span class='ocrx_word' id='word_1_754' title='bbox 2730 4621 2838 4674; x_wconf 86' lang='grc' dir='ltr'><strong>τῶν</strong></span> <span class='ocrx_word' id='word_1_755' title='bbox 2885 4615 3188 4675; x_wconf 82' lang='grc' dir='ltr'>ἀντιπάλων</span> <span class='ocrx_word' id='word_1_756' title='bbox 3218 4615 3462 4695; x_wconf 79' lang='grc' dir='ltr'>ἀτεχνῶς</span> <span class='ocrx_word' id='word_1_757' title='bbox 3505 4610 3762 4675; x_wconf 71' lang='grc' dir='ltr'>ἔσονται.</span> 
     </span>
    </p>
   </div>
   <div class='ocr_carea' id='block_1_106' title="bbox 2179 4701 3765 4784">
    <p class='ocr_par' dir='ltr' id='par_1_106' title="bbox 2179 4701 3765 4784">
     <span class='ocr_line' id='line_1_107' title="bbox 2179 4701 3765 4784; baseline -0.008 -15"><span class='ocrx_word' id='word_1_758' title='bbox 2179 4707 2292 4768; x_wconf 85' lang='grc' dir='ltr'><strong>ΙΔ’.</strong></span> <span class='ocrx_word' id='word_1_759' title='bbox 2341 4707 2400 4764; x_wconf 82' lang='grc' dir='ltr'><strong>Οἱ</strong></span> <span class='ocrx_word' id='word_1_760' title='bbox 2459 4713 2777 4782; x_wconf 86' lang='grc' dir='ltr'>στρατιῶται</span> <span class='ocrx_word' id='word_1_761' title='bbox 2819 4708 2990 4765; x_wconf 79' lang='grc' dir='ltr'>τοίνυν</span> <span class='ocrx_word' id='word_1_762' title='bbox 3051 4708 3190 4764; x_wconf 84' lang='grc' dir='ltr'><strong>κατά</strong></span> <span class='ocrx_word' id='word_1_763' title='bbox 3229 4709 3290 4762; x_wconf 83' lang='grc' dir='ltr'>τὸ</span> <span class='ocrx_word' id='word_1_764' title='bbox 3340 4701 3765 4784; x_wconf 79' lang='grc' dir='ltr'>προστεταγμέ-</span> 
     </span>
    </p>
   </div>
   <div class='ocr_carea' id='block_1_107' title="bbox 2100 4793 3766 4873">
    <p class='ocr_par' dir='ltr' id='par_1_107' title="bbox 2100 4793 3766 4873">
     <span class='ocr_line' id='line_1_108' title="bbox 2100 4793 3766 4873; baseline -0.004 -21"><span class='ocrx_word' id='word_1_765' title='bbox 2100 4818 2187 4852; x_wconf 64' lang='lat' dir='ltr'><strong>vo:</strong></span> <span class='ocrx_word' id='word_1_766' title='bbox 2264 4794 2449 4860; x_wconf 69' lang='grc' dir='ltr'>αὐτοῖς</span> <span class='ocrx_word' id='word_1_767' title='bbox 2508 4793 2818 4861; x_wconf 79' lang='grc' dir='ltr'>ἐπελθόντες</span> <span class='ocrx_word' id='word_1_768' title='bbox 2906 4804 3011 4854; x_wconf 87' lang='grc' dir='ltr'><strong>τῶν</strong></span> <span class='ocrx_word' id='word_1_769' title='bbox 3083 4794 3258 4852; x_wconf 76' lang='grc' dir='ltr'>ἄλλων</span> <span class='ocrx_word' id='word_1_770' title='bbox 3319 4797 3530 4852; x_wconf 71' lang='grc' dir='ltr'>πάντων</span> <span class='ocrx_word' id='word_1_771' title='bbox 3592 4797 3766 4873; x_wconf 61' lang='grc' dir='ltr'>τρυφῇ</span> 
     </span>
    </p>
   </div>
   <div class='ocr_carea' id='block_1_108' title="bbox 2067 4882 3766 4966">
    <p class='ocr_par' dir='ltr' id='par_1_108' title="bbox 2067 4882 3766 4966">
     <span class='ocr_line' id='line_1_109' title="bbox 2067 4882 3766 4966; baseline -0.004 -24"><span class='ocrx_word' id='word_1_772' title='bbox 2067 4883 2480 4966; x_wconf 79' lang='grc' dir='ltr'>’χρησαμένων,</span> <span class='ocrx_word' id='word_1_773' title='bbox 2533 4882 2624 4942; x_wconf 83' lang='grc' dir='ltr'><strong>δύο</strong></span> <span class='ocrx_word' id='word_1_774' title='bbox 2677 4887 2870 4962; x_wconf 74' lang='grc' dir='ltr'>μόνους</span> <span class='ocrx_word' id='word_1_775' title='bbox 2919 4888 3026 4943; x_wconf 86' lang='grc' dir='ltr'><strong>τῶν</strong></span> <span class='ocrx_word' id='word_1_776' title='bbox 3083 4889 3342 4965; x_wconf 82' lang='grc' dir='ltr'>μοναχῶν</span> <span class='ocrx_word' id='word_1_777' title='bbox 3395 4882 3766 4963; x_wconf 74' lang='grc' dir='ltr'>εὑρίσκουσιν,</span> 
     </span>
    </p>
   </div>
   <div class='ocr_carea' id='block_1_109' title="bbox 2099 4966 3770 5054">
    <p class='ocr_par' dir='ltr' id='par_1_109' title="bbox 2099 4966 3770 5054">
     <span class='ocr_line' id='line_1_110' title="bbox 2099 4966 3770 5054; baseline -0.001 -25"><span class='ocrx_word' id='word_1_778' title='bbox 2099 4976 2175 5030; x_wconf 83' lang='grc' dir='ltr'><strong>ῶν</strong></span> <span class='ocrx_word' id='word_1_779' title='bbox 2230 4976 2310 5039; x_wconf 82' lang='grc' dir='ltr'>εἷς</span> <span class='ocrx_word' id='word_1_780' title='bbox 2367 4972 2631 5054; x_wconf 80' lang='grc' dir='ltr'>ἐτύγχανε</span> <span class='ocrx_word' id='word_1_781' title='bbox 2709 4973 3040 5034; x_wconf 85' lang='grc' dir='ltr'>Γαλακτίων.</span> <span class='ocrx_word' id='word_1_782' title='bbox 3114 4973 3265 5032; x_wconf 84' lang='grc' dir='ltr'>Ἐπεὶ</span> <span class='ocrx_word' id='word_1_783' title='bbox 3332 4969 3421 5028; x_wconf 71' lang='grc' dir='ltr'><strong>οὗν</strong></span> <span class='ocrx_word' id='word_1_784' title='bbox 3491 4966 3770 5038; x_wconf 64' lang='grc' dir='ltr'>κάκεῖνος</span> 
     </span>
    </p>
   </div>
   <div class='ocr_carea' id='block_1_110' title="bbox 2097 5058 3772 5142">
    <p class='ocr_par' dir='ltr' id='par_1_110' title="bbox 2097 5058 3772 5142">
     <span class='ocr_line' id='line_1_111' title="bbox 2097 5058 3772 5142; baseline -0.001 -24"><span class='ocrx_word' id='word_1_785' title='bbox 2097 5061 2188 5119; x_wconf 78' lang='grc' dir='ltr'><strong>ὑπ’</strong></span> <span class='ocrx_word' id='word_1_786' title='bbox 2241 5067 2415 5122; x_wconf 68' lang='grc' dir='ltr'>αὐτῶν</span> <span class='ocrx_word' id='word_1_787' title='bbox 2457 5061 2642 5142; x_wconf 72' lang='grc' dir='ltr'>ἤγετο,</span> <span class='ocrx_word' id='word_1_788' title='bbox 2690 5068 2927 5140; x_wconf 76' lang='grc' dir='ltr'>μαθοῦσα</span> <span class='ocrx_word' id='word_1_789' title='bbox 2983 5070 3137 5121; x_wconf 81' lang='grc' dir='ltr'>τοῦτο</span> <span class='ocrx_word' id='word_1_790' title='bbox 3198 5065 3234 5131; x_wconf 78' lang='grc' dir='ltr'>ἡ</span> <span class='ocrx_word' id='word_1_791' title='bbox 3286 5058 3596 5135; x_wconf 72' lang='grc' dir='ltr'>Ἐπιστάμη</span> <span class='ocrx_word' id='word_1_792' title='bbox 3663 5062 3772 5118; x_wconf 77' lang='grc' dir='ltr'>καὶ</span> 
     </span>
    </p>
   </div>
   <div class='ocr_carea' id='block_1_111' title="bbox 2099 5150 3769 5234">
    <p class='ocr_par' dir='ltr' id='par_1_111' title="bbox 2099 5150 3769 5234">
     <span class='ocr_line' id='line_1_112' title="bbox 2099 5150 3769 5234; baseline -0.002 -25"><span class='ocrx_word' id='word_1_793' title='bbox 2099 5151 2155 5209; x_wconf 79' lang='grc' dir='ltr'><strong>έν</strong></span> <span class='ocrx_word' id='word_1_794' title='bbox 2213 5152 2440 5228; x_wconf 80' lang='grc' dir='ltr'>ἀπόπτῳ</span> <span class='ocrx_word' id='word_1_795' title='bbox 2497 5159 2588 5217; x_wconf 77' lang='grc' dir='ltr'>τοῦ</span> <span class='ocrx_word' id='word_1_796' title='bbox 2645 5151 2797 5234; x_wconf 73' lang='grc' dir='ltr'>ὅρους</span> <span class='ocrx_word' id='word_1_797' title='bbox 2853 5153 3137 5231; x_wconf 78' lang='grc' dir='ltr'>καθίσασα,</span> <span class='ocrx_word' id='word_1_798' title='bbox 3197 5153 3314 5209; x_wconf 84' lang='grc' dir='ltr'>ὅθεν</span> <span class='ocrx_word' id='word_1_799' title='bbox 3368 5150 3434 5218; x_wconf 80' lang='grc' dir='ltr'><strong>ἧν</strong></span> <span class='ocrx_word' id='word_1_800' title='bbox 3498 5150 3769 5227; x_wconf 81' lang='grc' dir='ltr'>ὁρᾶσθαι,</span> 
     </span>
    </p>
   </div>
   <div class='ocr_carea' id='block_1_112' title="bbox 2095 5237 3772 5326">
    <p class='ocr_par' dir='ltr' id='par_1_112' title="bbox 2095 5237 3772 5326">
     <span class='ocr_line' id='line_1_113' title="bbox 2095 5237 3772 5326; baseline -0.002 -26"><span class='ocrx_word' id='word_1_801' title='bbox 2095 5244 2282 5301; x_wconf 72' lang='grc' dir='ltr'>ἒκετνα</span> <span class='ocrx_word' id='word_1_802' title='bbox 2336 5243 2514 5300; x_wconf 79' lang='grc' dir='ltr'>ἐθεᾶτο</span> <span class='ocrx_word' id='word_1_803' title='bbox 2563 5257 2682 5308; x_wconf 78' lang='grc' dir='ltr'>τοῖς</span> <span class='ocrx_word' id='word_1_804' title='bbox 2713 5243 3035 5326; x_wconf 73' lang='grc' dir='ltr'>ὀφθαλμοῖς,</span> <span class='ocrx_word' id='word_1_805' title='bbox 3070 5243 3104 5302; x_wconf 68' lang='grc' dir='ltr'>ἃ</span> <span class='ocrx_word' id='word_1_806' title='bbox 3132 5240 3270 5318; x_wconf 80' lang='grc' dir='ltr'>μηδὲ</span> <span class='ocrx_word' id='word_1_807' title='bbox 3313 5241 3451 5314; x_wconf 63' lang='grc' dir='ltr'>ἀκοῇ</span> <span class='ocrx_word' id='word_1_808' title='bbox 3506 5237 3772 5316; x_wconf 83' lang='grc' dir='ltr'>παραδέ-</span> 
     </span>
    </p>
   </div>
   <div class='ocr_carea' id='block_1_113' title="bbox 365 5326 2043 5416">
    <p class='ocr_par' dir='ltr' id='par_1_113' title="bbox 365 5332 2006 5412">
     <span class='ocr_line' id='line_1_114' title="bbox 365 5332 2006 5412; baseline 0 -15"><span class='ocrx_word' id='word_1_809' title='bbox 365 5333 611 5412; x_wconf 83' lang='lat' dir='ltr'><strong>quidem</strong></span> <span class='ocrx_word' id='word_1_810' title='bbox 633 5332 877 5396; x_wconf 84' lang='lat' dir='ltr'><strong>auribus</strong></span> <span class='ocrx_word' id='word_1_811' title='bbox 888 5333 1460 5411; x_wconf 85' lang='lat' dir='ltr'><strong>accipere,viuctum</strong></span> <span class='ocrx_word' id='word_1_812' title='bbox 1477 5332 1693 5396; x_wconf 89' lang='lat' dir='ltr'><strong>abduci</strong></span> <span class='ocrx_word' id='word_1_813' title='bbox 1707 5334 2006 5397; x_wconf 87' lang='lat' dir='ltr'><strong>Galactio-</strong></span> 
     </span>
    </p>
   </div>
   <div class='ocr_carea' id='block_1_114' title="bbox 2148 5326 3773 5416">
    <p class='ocr_par' dir='ltr' id='par_1_114' title="bbox 2148 5326 3773 5416">
     <span class='ocr_line' id='line_1_115' title="bbox 2148 5326 3773 5416; baseline -0.001 -30"><span class='ocrx_word' id='word_1_814' title='bbox 2148 5336 2272 5391; x_wconf 73' lang='grc' dir='ltr'>ισθαι</span> <span class='ocrx_word' id='word_1_815' title='bbox 2325 5329 2556 5397; x_wconf 75' lang='grc' dir='ltr'>δυνατῶς</span> <span class='ocrx_word' id='word_1_816' title='bbox 2616 5334 2770 5416; x_wconf 79' lang='grc' dir='ltr'>εἶχε,</span> <span class='ocrx_word' id='word_1_817' title='bbox 2805 5332 3024 5412; x_wconf 80' lang='grc' dir='ltr'>δέσμιον</span> <span class='ocrx_word' id='word_1_818' title='bbox 3077 5330 3342 5412; x_wconf 74' lang='grc' dir='ltr'>ἀγόμενον</span> <span class='ocrx_word' id='word_1_819' title='bbox 3398 5326 3773 5416; x_wconf 67' lang='grc' dir='ltr'>Γαλακτίοονα</span> 
     </span>
    </p>
   </div>
   <div class='ocr_carea' id='block_1_115' title="bbox 363 5415 2043 5506">
    <p class='ocr_par' dir='ltr' id='par_1_115' title="bbox 363 5422 2003 5506">
     <span class='ocr_line' id='line_1_116' title="bbox 363 5422 2003 5506; baseline -0.002 -16"><span class='ocrx_word' id='word_1_820' title='bbox 363 5429 598 5504; x_wconf 83' lang='lat' dir='ltr'><strong>nem;et</strong></span> <span class='ocrx_word' id='word_1_821' title='bbox 614 5423 714 5506; x_wconf 91' lang='lat' dir='ltr'><strong>qui</strong></span> <span class='ocrx_word' id='word_1_822' title='bbox 745 5441 882 5500; x_wconf 81' lang='lat' dir='ltr'><strong>esse</strong></span> <span class='ocrx_word' id='word_1_823' title='bbox 907 5422 1105 5503; x_wconf 84' lang='lat' dir='ltr'><strong>gravia</strong></span> <span class='ocrx_word' id='word_1_824' title='bbox 1125 5440 1410 5503; x_wconf 88' lang='lat' dir='ltr'><strong>passurus</strong></span> <span class='ocrx_word' id='word_1_825' title='bbox 1433 5441 1537 5503; x_wconf 91' lang='lat' dir='ltr'><strong>pro</strong></span> <span class='ocrx_word' id='word_1_826' title='bbox 1566 5430 1727 5485; x_wconf 92' lang='lat' dir='ltr'><strong>certo</strong></span> <span class='ocrx_word' id='word_1_827' title='bbox 1751 5423 2003 5504; x_wconf 85' lang='lat' dir='ltr'><strong>putaba-</strong></span> 
     </span>
    </p>
   </div>
   <div class='ocr_carea' id='block_1_116' title="bbox 2148 5415 3774 5506">
    <p class='ocr_par' dir='ltr' id='par_1_116' title="bbox 2148 5415 3774 5505">
     <span class='ocr_line' id='line_1_117' title="bbox 2148 5415 3774 5505; baseline -0.001 -27"><span class='ocrx_word' id='word_1_828' title='bbox 2148 5423 2184 5478; x_wconf 70' lang='grc' dir='ltr'>ιε</span> <span class='ocrx_word' id='word_1_829' title='bbox 2244 5421 2462 5502; x_wconf 79' lang='grc' dir='ltr'>χαλεπὰ</span> <span class='ocrx_word' id='word_1_830' title='bbox 2521 5415 2788 5482; x_wconf 84' lang='grc' dir='ltr'>πείσεσθαι</span> <span class='ocrx_word' id='word_1_831' title='bbox 2831 5422 3295 5505; x_wconf 75' lang='grc' dir='ltr'>προσδοκώμενον,</span> <span class='ocrx_word' id='word_1_832' title='bbox 3358 5415 3774 5498; x_wconf 76' lang='grc' dir='ltr'>Προσκαταόα-</span> 
     </span>
    </p>
   </div>
   <div class='ocr_carea' id='block_1_117' title="bbox 363 5505 2043 5600">
    <p class='ocr_par' dir='ltr' id='par_1_117' title="bbox 363 5505 2004 5600">
     <span class='ocr_line' id='line_1_118' title="bbox 363 5505 2004 5600; baseline 0.005 -26"><span class='ocrx_word' id='word_1_833' title='bbox 363 5519 482 5580; x_wconf 90' lang='lat' dir='ltr'><strong>tur.</strong></span> <span class='ocrx_word' id='word_1_834' title='bbox 514 5515 593 5580; x_wconf 89' lang='lat' dir='ltr'><strong>Se</strong></span> <span class='ocrx_word' id='word_1_835' title='bbox 623 5505 765 5598; x_wconf 86' lang='lat' dir='ltr'><strong>ergo</strong></span> <span class='ocrx_word' id='word_1_836' title='bbox 795 5517 960 5580; x_wconf 88' lang='lat' dir='ltr'><strong>humi</strong></span> <span class='ocrx_word' id='word_1_837' title='bbox 991 5525 1403 5597; x_wconf 84' lang='lat' dir='ltr'><strong>prosternens,</strong></span> <span class='ocrx_word' id='word_1_838' title='bbox 1425 5515 1811 5582; x_wconf 83' lang='lat' dir='ltr'><strong>vehementer</strong></span> <span class='ocrx_word' id='word_1_839' title='bbox 1830 5536 2004 5600; x_wconf 85' lang='lat' dir='ltr'><strong>roga-</strong></span> 
     </span>
    </p>
   </div>
   <div class='ocr_carea' id='block_1_118' title="bbox 2148 5505 3767 5600">
    <p class='ocr_par' dir='ltr' id='par_1_118' title="bbox 2148 5505 3767 5595">
     <span class='ocr_line' id='line_1_119' title="bbox 2148 5505 3767 5595; baseline -0.002 -27"><span class='ocrx_word' id='word_1_840' title='bbox 2148 5513 2252 5570; x_wconf 82' lang='grc' dir='ltr'>ιῦσα</span> <span class='ocrx_word' id='word_1_841' title='bbox 2306 5514 2395 5568; x_wconf 69' lang='grc' dir='ltr'>οὖν</span> <span class='ocrx_word' id='word_1_842' title='bbox 2450 5513 2523 5578; x_wconf 81' lang='grc' dir='ltr'><strong>είς</strong></span> <span class='ocrx_word' id='word_1_843' title='bbox 2583 5511 2768 5595; x_wconf 68' lang='grc' dir='ltr'>ἔδαφος</span> <span class='ocrx_word' id='word_1_844' title='bbox 2801 5515 3016 5595; x_wconf 70' lang='grc' dir='ltr'>ἑαυτὴν,</span> <span class='ocrx_word' id='word_1_845' title='bbox 3075 5511 3250 5578; x_wconf 65' lang='grc' dir='ltr'>πολλή</span> <span class='ocrx_word' id='word_1_846' title='bbox 3279 5531 3355 5575; x_wconf 88' lang='grc' dir='ltr'><strong>τις</strong></span> <span class='ocrx_word' id='word_1_847' title='bbox 3387 5507 3452 5578; x_wconf 75' lang='grc' dir='ltr'><strong>ἧν</strong></span> <span class='ocrx_word' id='word_1_848' title='bbox 3508 5505 3767 5582; x_wconf 77' lang='grc' dir='ltr'>δεομένη</span> 
     </span>
    </p>
   </div>
   <div class='ocr_carea' id='block_1_119' title="bbox 365 5599 2043 5691">
    <p class='ocr_par' dir='ltr' id='par_1_119' title="bbox 365 5599 2000 5691">
     <span class='ocr_line' id='line_1_120' title="bbox 365 5599 2000 5691; baseline 0.002 -23"><span class='ocrx_word' id='word_1_849' title='bbox 365 5600 468 5669; x_wconf 81' lang='lat' dir='ltr'><strong>bat</strong></span> <span class='ocrx_word' id='word_1_850' title='bbox 491 5605 799 5686; x_wconf 85' lang='lat' dir='ltr'><strong>ancillam,</strong></span> <span class='ocrx_word' id='word_1_851' title='bbox 831 5614 895 5672; x_wconf 92' lang='lat' dir='ltr'><strong>ut</strong></span> <span class='ocrx_word' id='word_1_852' title='bbox 923 5606 1146 5671; x_wconf 85' lang='lat' dir='ltr'><strong>sineret</strong></span> <span class='ocrx_word' id='word_1_853' title='bbox 1171 5625 1301 5671; x_wconf 89' lang='lat' dir='ltr'><strong>eam</strong></span> <span class='ocrx_word' id='word_1_854' title='bbox 1331 5622 1653 5691; x_wconf 82' lang='lat' dir='ltr'><strong>properare</strong></span> <span class='ocrx_word' id='word_1_855' title='bbox 1681 5606 1756 5670; x_wconf 89' lang='lat' dir='ltr'><strong>ad</strong></span> <span class='ocrx_word' id='word_1_856' title='bbox 1787 5599 2000 5674; x_wconf 84' lang='lat' dir='ltr'><strong>Galac-</strong></span> 
     </span>
    </p>
   </div>
   <div class='ocr_carea' id='block_1_120' title="bbox 2148 5599 3764 5691">
    <p class='ocr_par' dir='ltr' id='par_1_120' title="bbox 2148 5599 3764 5688">
     <span class='ocr_line' id='line_1_121' title="bbox 2148 5599 3764 5688; baseline -0.003 -27"><span class='ocrx_word' id='word_1_857' title='bbox 2148 5608 2187 5673; x_wconf 58' lang='grc' dir='ltr'><strong>ις</strong></span> <span class='ocrx_word' id='word_1_858' title='bbox 2270 5600 2512 5660; x_wconf 80' lang='grc' dir='ltr'>διακόνου</span> <span class='ocrx_word' id='word_1_859' title='bbox 2595 5604 2848 5688; x_wconf 70' lang='grc' dir='ltr'>ἀφεθῆναι</span> <span class='ocrx_word' id='word_1_860' title='bbox 2932 5605 3128 5672; x_wconf 82' lang='grc' dir='ltr'>ταύτην</span> <span class='ocrx_word' id='word_1_861' title='bbox 3200 5601 3514 5682; x_wconf 81' lang='grc' dir='ltr'>ἐπειχθῆναι</span> <span class='ocrx_word' id='word_1_862' title='bbox 3598 5599 3764 5677; x_wconf 74' lang='grc' dir='ltr'>πρὸς</span> 
     </span>
    </p>
   </div>
  </div>
