3932 6128
393 327 500 407 m
1689 319 1968 389 MENSIS
2009 318 2454 387 NOVEMBER.
3663 317 3682 395 ί
3706 331 3774 396 η

405 455 838 554 recuperatnri,
865 456 924 527 et
955 458 1081 525 rem
1119 435 1334 554 probro
1367 458 1677 554 ducentes,
1701 461 1749 522 si
1781 478 1913 521 cum
1935 455 2052 554 sint

2235 478 2245 510 t
2297 455 2395 530 μὲν
2451 455 2548 521 τὴν
2609 455 2866 534 προτέραν
2926 443 3372 526 ἆναπαλαίσοντὲς
3429 463 3618 545 ἧτταν,
3662 467 3776 541 ἄρα

402 576 521 627 tam
557 543 751 635 inulti,
787 548 1208 618 renuntientur
1257 550 1438 611 fuisse
1469 549 1542 610 ab
1575 569 1688 610 uno
1733 549 1991 624 superati
2028 569 2044 635 ς

2235 546 2304 601 ιαὶ
2347 543 2416 599 δι’
2471 545 2732 624 αἰσχύνης
2786 548 2846 602 τὸ
2883 554 3104 626 πρᾶγμα
3163 550 3446 632 τιθέμενοι,
3480 556 3524 610 εἰ
3577 543 3774 614 τοσοῦ-

408 653 549 734 quin
581 630 757 711 etiam
792 647 983 725 ipsum
1047 639 1595 734 quoqueﬁtimentes
1628 630 2048 734 prazsitletn,usi

2270 631 2441 706 ὅντες,
2491 635 2606 697 ἐνὸς
2680 634 3103 713 ἀγγελθήσονται
3158 640 3472 713 ἢττημένοι·
3547 647 3607 701 οὒ
3663 647 3775 720 μὴν

407 721 460 804 is
483 755 692 802 manus
714 721 920 798 eorum
947 731 1192 792 omnino
1224 728 1527 807 effugisset
1554 748 1569 803 ;
1595 738 1652 787 et
1684 726 1887 787 multis
1917 725 2048 784 aliis

2246 722 2382 778 ἀλλὰ
2433 724 2521 779 καὶ
2578 725 2734 780 αὺτὸν
2805 726 2892 780 τὸν
2964 725 3200 806 ἄρχοντα
3258 727 3503 806 δεδιότες,
3564 735 3608 789 εἰ
3678 736 3776 798 τὰς

412 829 627 890 vocatis
658 825 730 886 ad
761 821 1074 884 ferendum
1107 818 1414 890 auxilium,
1441 827 1704 877 sanctum
1741 815 1918 876 simul
1948 813 2046 873 in-

410 918 648 979 vadunt.
683 915 740 976 Is
789 918 983 972 autem
1017 915 1332 982 antequam
1367 905 1456 965 illi
1505 904 1831 982 venissent,
1868 919 2054 982 prope

417 1007 590 1069 sitam
617 1003 956 1082 speluncam
981 1014 1119 1058 cum
1145 996 1349 1056 decem
1376 1002 1434 1055 et
1457 1001 1590 1054 octo
1612 990 1772 1082 viris,
1792 995 1894 1068 qui
1917 1008 2050 1050 cum

414 1115 484 1156 eo
539 1079 727 1169 erant,
765 1086 1030 1161 subiens,
1068 1083 1287 1156 statim,
1323 1090 1387 1142 ut
1430 1083 1599 1160 vulgo
1649 1079 1886 1169 dicitur,
1928 1086 2056 1139 erat

413 1182 610 1263 aquila
638 1168 1010 1249 innubibus,
1048 1191 1150 1234 eos
1203 1171 1312 1263 qui
1338 1172 1530 1250 ipsum
1571 1168 1947 1263 invadebant,
1986 1186 2052 1228 re

411 1259 635 1333 infecta
661 1267 1033 1344 relinquens.
1067 1260 1272 1323 Statim
1299 1259 1498 1340 itaque
1530 1259 1625 1320 isti
1652 1277 1786 1318 cum
1817 1265 2051 1317 antrum

415 1355 976 1430 circumdedissent,
1005 1350 1145 1410 satis
1177 1348 1392 1409 multos
1421 1349 1658 1428 quidem
1685 1354 1946 1407 statuunt
1979 1345 2052 1405 ad

416 1450 654 1514 ostium.
681 1463 757 1506 ne
778 1441 1086 1518 aufugeret
1113 1457 1128 1514 ;
1153 1437 1301 1498 alios
1323 1446 1516 1499 autem
1539 1438 1776 1497 mittunt
1795 1436 1864 1495 ad
1896 1453 2054 1516 prae-

419 1537 608 1598 sidem
635 1531 914 1604 civitatis,
951 1536 1218 1610 petentes
1241 1528 1412 1602 alios,
1441 1527 1542 1603 qui
1570 1525 1879 1587 darenteis
1897 1523 2058 1585 auxi-

419 1625 560 1686 lium
575 1673 588 1687 .
615 1623 719 1685 Ille
734 1630 934 1681 autem
953 1617 1124 1678 mittit
1139 1616 1380 1693 quidem
1397 1634 1513 1676 non
1531 1633 1760 1695 parvam
1790 1631 2053 1674 manum.

415 1713 590 1776 Mittit
621 1709 960 1785 Quiriacum
996 1723 1232 1786 quoque
1264 1705 1506 1765 fratrem
1541 1703 1723 1763 divini
1750 1699 2054 1764 Hieronis.

2134 823 2329 888 χεῖρας
2388 811 2555 867 αὐτῶν
2598 811 2899 868 παντάπασι
2956 812 3220 895 διαφύγοι,
3267 820 3353 874 καὶ
3409 817 3474 887 δὴ
3545 821 3776 887 πολλοὺς

2135 902 2222 956 καὶ
2301 899 2490 963 ἄλλους
2552 902 2623 962 εἷς
2698 903 3008 982 συμμαχίαν
3081 904 3490 984 ἑταιρισάμενοι,
3553 933 3778 968 συνεπι-

2134 990 2361 1045 τίθενται
2431 997 2507 1063 τῷ
2576 990 2731 1067 ἁγίῳ,
2822 985 2878 1048 Ὀ
2951 990 3028 1072 δὲ,
3103 998 3203 1071 πρὸ
3275 1005 3364 1053 τοῦ
3448 999 3778 1058 καταλαϐεῖν

2136 1078 2386 1153 ἐκείνους,
2448 1081 2508 1134 τὸ
2579 1081 2964 1157 παρακείμενον
3036 1083 3299 1155 σπήλαιον
3371 1093 3572 1164 σῦναμα
3649 1089 3782 1147 δέκα

2135 1170 2221 1224 καὶ
2269 1169 2410 1224 ὀκτὼ
2468 1169 2680 1245 ἀνδράσι
2738 1181 2856 1232 τοῖς
2915 1177 3272 1252 συμπαροῦσιν
3311 1180 3452 1250 αὑτῷ
3508 1179 3778 1254 ὖπεισδὺς,

2137 1259 2305 1332 εἰθυς,
2338 1259 2398 1313 τὶ
2447 1256 2723 1332 ᾀδόμενον,
2759 1259 2912 1323 ἀετὸς
2961 1260 3026 1327 ἧν
3069 1263 3122 1318 ἐν
3172 1263 3437 1341 νεφέλαις,
3475 1267 3780 1348 ἀπράκτους

2137 1349 2256 1413 τοὺς
2325 1348 2716 1423 ἒπιτιθεμέεους
2775 1348 3079 1413 ἀπολιπών.
3155 1352 3346 1409 Αὐτίκα
3403 1359 3574 1413 τοίνυν
3631 1366 3782 1416 οὗτοι

2137 1431 2198 1492 τί)
2249 1437 2432 1514 ἄντρον
2484 1437 2538 1493 ἐν
2575 1437 2752 1511 κύκλῳ
2800 1436 3153 1514 διαλαϐόντες,
3189 1445 3396 1506 ἱκανοὺς
3449 1447 3544 1519 μὲν
3593 1448 3782 1505 ἱστῶσι

2138 1527 2280 1604 παρᾶ
2324 1529 2386 1582 τὸ
2418 1529 2656 1606 στόμιον,
2691 1531 2763 1593 ὡς
2807 1527 2868 1583 ἂν
2898 1530 2975 1603 μὴ
3026 1528 3233 1609 διαδρὰς
3283 1533 3536 1616 οἴχηται,
3569 1537 3784 1617 ἐτέρους

2140 1615 2193 1671 δὲ
2269 1619 2400 1692 πρὸς
2444 1618 2533 1672 τὸν
2590 1617 2686 1685 τῆς
2739 1615 2946 1681 πόλεως
2992 1617 3227 1699 ἄρχοντα
3273 1615 3574 1699 στέλλουσι,
3618 1615 3786 1703 προσ-

2139 1707 2310 1775 θήκην
2367 1711 2473 1762 τῶν
2518 1707 2999 1786 -συμμαχησόντων
3053 1710 3338 1775 αἰτοῦντες.
3404 1705 3461 1772 Ὀ
3517 1713 3570 1770 δὲ
3630 1717 3787 1792 πέμ-

2077 1817 2230 1866 Βπει
2280 1795 2377 1871 μὲν
2435 1797 2494 1853 οὗ
2551 1797 2741 1874 μικρὰν
2791 1810 2979 1875 χεῖρα,
3025 1797 3224 1874 πέμπει
3279 1800 3333 1857 δὲ
3381 1805 3467 1860 διαὶ
3523 1809 3786 1886 κυριακὸν

2138 1891 2229 1945 τὸν
2258 1895 2352 1944 τοὺ
2382 1887 2519 1943 θείου
2550 1885 2786 1964 Ἱέρωνος
2819 1883 3066 1966 ἀδελφόν.

497 1987 598 2052 ΠΙ.
635 1987 779 2050 Cum
813 1989 1009 2045 autem
1046 1981 1127 2043 illi
1156 1979 1334 2041 simul
1357 1979 1658 2052 adessent,
1698 1996 1872 2039 nemo
1905 1986 2053 2052 erat,

2235 1975 2311 2036 [".
2357 1966 2448 2040 Ὠς
2479 1972 2534 2029 δὲ
2587 1978 2830 2052 παρῆσαν
2875 1978 3030 2055 ὁμου,
3066 1975 3230 2040 οὐδεὶς
3273 1979 3338 2047 ἦν
3387 1981 3444 2044 ὃς
3477 1984 3535 2039 τὸ
3593 1984 3789 2065 ἄντρον

421 2079 522 2161 qui
551 2085 782 2141 antrum
805 2071 1053 2133 auderet
1075 2075 1316 2132 omnino
1350 2069 1604 2161 ingredi.
1638 2078 1699 2130 ut
1724 2067 1822 2144 qui
1849 2067 2060 2128 Hiero-

2235 2066 2345 2142 λμα
2405 2062 2764 2141 ὒπεισελθεϊν,
2818 2065 2910 2129 τὰς
2971 2077 3164 2144 χεῖρας
3226 2059 3461 2146 Ἱέρωνος
3523 2059 3792 2154 ὑποφέρε-

425 2146 519 2237 nis
551 2186 758 2232 manus
798 2165 1311 2245 pertimescerent.
1347 2146 1658 2234 Quiriacus
1697 2170 1891 2223 autem
1925 2179 2057 2221 cum

2238 2177 2344 2218 τες.
2405 2146 2461 2212 Ὀ
2510 2153 2689 2228 μέντοι
2744 2155 3020 2230 Κυριακὸς,
3055 2157 3124 2220 ὡς
3169 2156 3556 2236 ἀπορουμένους
3615 2165 3787 2247 ἑώρα,

424 2264 654 2327 videret
700 2240 893 2317 eos-in
948 2270 1216 2330 magnam
1267 2251 1553 2312 adductos
1605 2250 2057 2324 dubitationem,

2235 2245 2498 2324 ἷχωρῆσαι
2573 2244 2759 2319 μικρὸν
2822 2240 3206 2314 συνεϐούλευεν,
3267 2248 3327 2303 οὗ
3391 2250 3478 2325 βίᾳ
3548 2240 3789 2335 Faxo“;

426 2347 730 2416 consuluit
760 2354 826 2406 ut
856 2359 1060 2422 parum
1113 2341 1487 2414 recederent,
1522 2357 1641 2400 non
1673 2339 1763 2412 vi,
1783 2340 1884 2400 sed
1921 2357 2058 2416 per-

429 2441 700 2506 suatione
747 2451 881 2496 cum
918 2433 1113 2510 potius
1162 2437 1470 2509 capturum
1519 2428 1840 2508 pollicitus.
1895 2427 2063 2498 Quod

427 2549 562 2595 cum
596 2527 814 2588 factum
838 2529 1020 2592 esset,
1049 2519 1362 2596 persuadet
1382 2518 1568 2591 fratri,
1590 2526 1651 2576 ut
1673 2524 1840 2577 exeat
1870 2533 1901 2577 ο
1922 2533 2065 2596 Spe-

430 2624 626 2682 lunca.
681 2613 867 2684 Quem
914 2626 1047 2669 cum
1100 2604 1537 2685 assumpsisset,
1571 2606 1725 2665 venit
1777 2606 1847 2665 ad
1897 2621 2063 2664 suam

429 2714 700 2769 matrem.
734 2698 839 2759 Illa
869 2705 1067 2758 autem
1099 2713 1232 2755 cum
1282 2712 1408 2754 rem
1442 2691 1784 2768 audivisset,
1821 2700 1881 2752 et
1908 2692 2065 2772 quod

429 2793 626 2858 statim
643 2803 839 2848 coram
861 2783 1106 2863 prazside
1123 2781 1924 2843 condemnandussistendus
1942 2788 2066 2842 erat

429 2885 563 2964 ejus
593 2879 772 2949 ﬁlius,
804 2875 860 2937 ei
889 2872 1446 2964 circumfusa,valde
1476 2871 2062 2964 lacrimabat_ur,eum

434 2960 621 3034 solam
651 2965 782 3027 vita;
813 2980 1027 3024 vocans
1055 2961 1546 3035 consolationem,
1580 2969 1635 3021 et
1668 2960 1940 3021 baculum
1976 2977 2065 3020 se-

437 3057 721 3134 nectutis,
776 3062 834 3114 et
881 3051 1311 3112 recreationem
1363 3048 1592 3111 acerbae
1651 3049 1965 3122 viduitatis,
2008 3058 2068 3110 et

2147 2335 2284 2391 ἀλλὰ
2351 2336 2528 2390 πειθοῖ
2611 2339 2792 2388 τοῦτον
2882 2333 3112 2412 αἳρήσειν
3189 2338 3665 2417 ἓπαγγειλάμενος·
3765 2333 3796 2402 3

2146 2426 2234 2481 καὶ
2295 2431 2540 2500 γενόμεν,
2587 2422 2750 2477 πείθει
2805 2424 2894 2477 τὸν
2952 2421 3175 2502 ἀδελφὸν
3237 2437 3326 2486 τοῦ
3384 2426 3570 2508 ἄντρου
3619 2434 3793 2502 ὑπεξ-

2151 2511 2346 2585 ελθεῖν,
2380 2511 2467 2566 καὶ
2523 2507 2841 2586 παραλαϐὼν
2901 2513 3079 2585 αὐτὸν,
3113 2512 3196 2569 ἐπὶ
3251 2517 3352 2582 τὴν
3399 2507 3527 2576 ἰδίαν
3576 2522 3796 2603 μητέρα

2150 2622 2326 2680 φοιτᾳ,
2382 2591 2444 2656 Ἠ
2495 2597 2572 2669 δὲ,
2617 2600 2681 2654 τὰ
2727 2605 2820 2654 τοῦ
2865 2602 3198 2678 πράγματος,
3255 2608 3548 2688 πυθομένη,
3581 2613 3665 2667 καὶ
3715 2616 3794 2679 ὡς

2149 2691 2334 2747 αὐτίκα
2404 2687 2586 2762 μέλλει
2643 2696 2718 2762 τῷ
2777 2689 2918 2746 δουκὶ
2976 2714 3289 2771 κατακριτος
3359 2699 3386 2753 ὁ
3443 2687 3548 2766 υίὸς
3621 2707 3795 2772 αὐτῆς

2148 2780 2602 2856 παραστήσεσθαι,
2675 2783 3026 2858 περιλυθεϊσα
3100 2784 3304 2861 τούτῳ,
3381 2791 3586 2865 θερμῶς
3657 2791 3794 2849 ἐδά-

2147 2890 2292 2948 κρυε,
2328 2868 2500 2944 μόνην
2543 2867 2886 2926 ἂποκαλοῦσα
2918 2870 3009 2926 τοῦ
3047 2873 3160 2947 βίου
3219 2881 3548 2954 παραμιθίαν
3604 2883 3797 2962 γήρως

2147 2979 2205 3015 τε
2277 2958 2587 3052 θακτηρίαν,
2648 2959 2773 3052 καὶ,
2826 2959 3075 3052 χαλεπῆς
3131 2967 3358 3043 χηρείας
3429 2958 3792 3052 παραψυχὴν,

2149 3050 2236 3104 καὶ
2293 3046 2439 3112 ὅπως
2498 3048 2636 3122 μόνη
2694 3050 2781 3103 καὶ
2838 3047 3214 3126 ἀπαράκλητος
3245 3053 3368 3112 ὅσον
3413 3046 3558 3114 οὔπω
3615 3046 3797 3119 καταζ

431 3147 591 3230 quod
624 3145 749 3206 sola
778 3151 836 3204 et
865 3140 1089 3220 absque
1118 3140 1240 3201 ullo
1271 3140 1478 3201 solatio
1507 3158 1638 3200 mox
1667 3139 2064 3231 relinquetur,

2235 3139 2513 3231 φθήσεται,
2551 3149 2669 3199 τοὺς
2723 3137 3020 3231 ὀφθαλμοὺς
3080 3145 3466 3231 πεπηρωμένη,
3515 3157 3592 3223 τῷ
3646 3155 3799 3231 γήρᾳ

431 3227 636 3300 orbata
666 3231 876 3309 oculis,
908 3236 1141 3308 gravata
1182 3237 1508 3304 senectute,
1543 3246 1824 3308 oppressa
1874 3227 2066 3288 vidui-

435 3334 575 3388 tate.
600 3323 706 3386 llle
725 3338 864 3382 vero
895 3337 1028 3379 cum
1057 3336 1148 3397 ea,
1175 3337 1309 3379 cum
1342 3336 1455 3397 qua
1486 3335 1590 3396 par
1620 3322 2070 3391 est,reverentia

434 3433 562 3478 eam
598 3411 930 3490 amplexus,
980 3407 1080 3467 ubi
1105 3407 1386 3487 jussisset
1413 3411 1608 3467 valere
1659 3425 1760 3468 eos
1791 3407 1889 3486 qui
1919 3425 2068 3468 con-

435 3503 656 3583 gregati
690 3502 944 3570 fuerant,
978 3515 1112 3557 cum
1166 3505 1412 3574 cognato
1461 3495 1698 3558 Victore
1747 3506 1802 3558 et
1837 3497 2070 3558 duobus

434 3590 712 3654 fratribus
737 3587 992 3650 Antonio
1021 3595 1077 3647 et
1107 3586 1495 3658 Matroniano,
1521 3604 1730 3665 magno
1754 3595 1812 3648 et
1832 3587 2068 3649 intenso

431 3681 626 3743 studio
673 3678 789 3740 iter
833 3679 1136 3754 ingressus
1189 3681 1282 3736 est
1332 3675 1662 3756 Melitinen,
1720 3677 2069 3754 urgentibus

433 3767 742 3841 militibus,
779 3768 877 3846 qui
911 3765 1076 3825 missi
1106 3765 1340 3825 fuerant
1367 3764 1438 3825 ad
1472 3764 1834 3826 (ineundum.

510 3860 608 3922 IV.
643 3855 708 3918 In
740 3855 993 3935 quodam
1015 3862 1210 3915 autem
1246 3854 1540 3933 loco,cum
1573 3855 2063 3920 adventassetve-

432 3944 938 4028 spera,diversati,
958 3941 1345 4020 expectabant
1365 3959 1660 4006 auroram.
1689 3945 1752 4004 ln
1774 3950 1901 4023 ipsa
1929 3965 2066 4008 vero

431 4045 606 4098 nocte
628 4029 2065 4114 quidam,candidisvestibusindutus,eiapparet,

433 4123 558 4186 miti
590 4129 648 4183 et
677 4119 935 4196 benigna
956 4137 1096 4179 voce
1123 4119 1328 4179 dicens
1364 4137 1377 4178 :
1410 4120 1586 4199 Ecce,
1623 4139 1654 4180 ο
1686 4120 1930 4194 Hieron,
1963 4123 2068 4186 tibi

432 4213 681 4274 salutem
713 4208 1026 4270 annuntio.
1058 4208 1162 4269 Via
1182 4219 1591 4288 autem,quam
1617 4209 2069 4287 ingrederis,est

430 4310 600 4364 recta
627 4307 764 4360 ante
788 4305 868 4359 te.
897 4296 1023 4358 Non
1046 4315 1149 4378 pro
1180 4315 1322 4374 rege
1347 4315 1484 4358 vero
1510 4306 1746 4359 terreno
1779 4308 1836 4360 et
1857 4302 2064 4383 gloria,

429 4409 560 4470 quae
593 4389 872 4450 facillime
895 4387 1164 4462 solvitur,
1185 4386 1539 4447 decertabis:
1574 4387 1678 4448 sed
1714 4406 1816 4468 pro
1839 4392 2066 4452 caelesti

428 4496 569 4556 rege
617 4485 921 4538 certamen
956 4493 1202 4555 perages
1251 4482 1309 4535 et
1340 4493 1470 4536 mox
1515 4475 1589 4536 ad
1620 4475 1813 4556 ipsum
1866 4480 2066 4542 venies

429 4566 870 4648 glorificandus.
898 4565 1034 4626 Haec
1057 4583 1191 4625 cum
1223 4564 1471 4626 dixisset
1492 4565 1566 4647 is,
1595 4569 2064 4651 quiconspectus

427 4659 706 4731 fuerat,et
723 4653 1084 4716 ineffabilem
1106 4657 1418 4735 quamdam
1445 4655 1699 4718 laetitiam
1720 4659 1846 4738 ejus
1867 4662 2065 4724 animo

425 4745 766 4818 indidisset,
787 4743 987 4804 statim
1019 4746 1289 4806 recessit.
1313 4744 1419 4805 Ille
1442 4753 1644 4806 autem
1678 4766 1926 4825 surgens
1956 4751 2062 4812 lae-

428 4843 546 4907 tus,
570 4832 780 4894 amicis
802 4839 859 4893 et
881 4833 1170 4911 cognatis,
1201 4839 1299 4911 qui
1335 4851 1468 4893 cum
1500 4851 1570 4895 eo
1591 4835 1856 4899 aderant:
1891 4839 2060 4916 Novi,

427 4921 641 5001 inquit,
665 4919 776 4981 Dei
800 4919 859 4979 in
893 4937 989 4979 me
1019 4918 1480 4998 dispensationis
1509 4922 1874 5000 mysterium,
1901 4933 1958 4986 et
1985 4926 2062 4987 de

425 5019 641 5071 caetero
675 5017 947 5090 prompto
995 5015 1055 5068 et
1083 5007 1264 5068 alacri
1295 5009 1490 5069 animo
1521 5009 1672 5069 viam
1705 5021 2060 5092 propositam

426 5099 752 5178 ingredior.
778 5096 942 5159 Unus
973 5097 1306 5173 thesaurus,
1333 5115 1450 5158 una
1483 5101 1942 5181 possessio,unze
1966 5104 2061 5164 di-

425 5188 604 5269 vitia,
637 5205 770 5263 quas
817 5195 956 5246 sunt
1006 5186 1066 5246 in
1119 5187 1284 5248 caelis
1332 5190 1627 5268 repositae.
1676 5187 1817 5260 Quae
1860 5201 2059 5254 autem

425 5285 564 5338 sunt
612 5275 950 5356 praesentia,
982 5275 1132 5336 nihil
1176 5277 1386 5354 juvant
1433 5294 1536 5339 eos
1578 5278 1680 5358 qui
1730 5281 2057 5360 possident.

429 5386 456 5422 α
490 5363 642 5436 Quid
667 5365 825 5425 enim
859 5363 1142 5442 profuerit
1179 5365 1429 5438 homini,
1464 5369 1514 5427 si
1549 5373 1736 5428 totum
1771 5370 2060 5432 mundum

421 5453 812 5529 lucrifecerit,
835 5462 894 5516 et
923 5472 1044 5516 sua:
1065 5454 1282 5516 animae
1316 5473 1523 5536 passus
1543 5455 1720 5517 fuerit
1736 5460 2060 5522 detrimen-

420 5545 647 5606 tumt?»
690 5543 850 5608 Nihil
876 5552 966 5607 est
995 5545 1140 5607 mihi
1173 5544 1370 5607 anima
1401 5544 1898 5628 pretiosius,nihil
1931 5568 2058 5612 me-

496 5709 517 5756 ¹
551 5709 757 5776 Matth.
790 5727 910 5792 xw,
956 5711 1056 5777 96.
1102 5671 1110 5677 -

2150 3226 2504 3316 βαρυνομένη,
2557 3232 2625 3316 τῇ
2680 3229 2875 3306 χηρείᾳ
2918 3251 2974 3285 τε
3027 3235 3350 3311 τρυχομέιη.
3412 3227 3468 3295 Ὀ
3525 3237 3601 3316 δὲ,
3655 3226 3798 3299 τοιδέ

2151 3337 2251 3383 την
2336 3315 2452 3391 μετ’
2531 3315 2701 3379 αἰδοῦς
2780 3322 2880 3386 τῆς
2950 3322 3324 3396 προσηκούσης
3392 3326 3795 3410 ἀσπασάμενος,

2153 3404 2539 3480 συνταξάμενος
2603 3427 2658 3463 τε
2706 3419 2824 3470 τοῖς
2881 3408 3305 3490 συνελεγμενοις,
3355 3414 3464 3492 ἅμα
3520 3404 3616 3493 τῷ-
3655 3404 3798 3500 συγξ.

2151 3509 2300 3574 γενετ
2357 3497 2604 3575 Obiit-copi
2667 3499 2753 3554 καὶ
2831 3495 2972 3555 δυσὶν
3027 3497 3296 3582 ἀδελφοῖς.
3360 3505 3624 3584 Ἀντωνίῳ
3700 3495 3800 3571 καὶ

2152 3591 2514 3662 Ματρωνιανῶ
2559 3586 2656 3652 τὴν
2713 3585 2797 3642 ἐπὶ
2844 3587 3151 3657 Μελιτηνὴν
3181 3596 3564 3676 συντονώτερον
3594 3597 3795 3678 ὥδευε,

2152 3674 2578 3752 κατεπειγόντων
2627 3676 2781 3734 αὐτὸν
2821 3678 2926 3732 τῶν
2985 3677 3068 3736 ἐπὶ
3115 3681 3176 3737 τὸ
3234 3674 3798 3770 ἁγαγεῖνγπεμφθένέ

2152 3787 2256 3821 των
2288 3771 2651 3843 στρατιωτῶν.

2235 3855 2296 3910 Δ¹
2312 3901 2327 3916 .
2391 3853 2500 3911 ’Ἔν
2530 3877 2632 3913 τινι
2663 3854 2716 3911 δὲ
2772 3855 2922 3931 τόπῳ
2976 3864 3075 3926 τῆς
3105 3860 3328 3940 ἑσπέρας
3360 3862 3799 3926 ἐπικαταλαϐού-

2149 3967 2248 4011 σης
2302 3943 2669 4024 αὐλισάμενοι,
2725 3949 2825 4012 την
2881 3946 2952 4002 ἕω
3008 3950 3379 4027 περιμένοντες
3432 3955 3588 4023 ἦσαν.
3653 3956 3795 4017 Κατ’

2149 4034 2312 4101 αὐτὴν
2366 4031 2419 4088 δὲ
2473 4033 2568 4101 τὴν
2627 4035 2784 4090 νίκτα
2845 4034 3146 4117 λευχείμων
3195 4063 3274 4105 τις
3321 4046 3466 4118 αὖτῷ
3522 4044 3802 4126 ἐπιφαίνε-

2148 4146 2260 4214 ται,
2305 4122 2496 4202 πραείᾳ
2539 4124 2626 4214 καὶ
2684 4123 3035 4204 φιλανθρώπῳ
3079 4131 3249 4207 φωνῇ,
3285 4128 3400 4188 ιδού
3447 4156 3551 4214 σοι,
3585 4122 3793 4214 λέγων,

2151 4211 2348 4291 Ἰέρων,
2410 4213 2674 4290 σωτηρίαν
2732 4214 3156 4292 εὐαγγελίζομαι.
3232 4220 3296 4276 Ἥ
3354 4221 3451 4297 μὲν
3517 4211 3606 4280 οὗν
3661 4211 3797 4294 θδὸς

2148 4302 2213 4370 ἢν
2262 4302 2484 4382 πορεύῃ,
2520 4305 2696 4360 εὐθεῖα
2752 4303 2978 4360 ἒνώπιόν
3038 4329 3153 4387 σου,
3187 4309 3290 4387 οὐχ
3339 4311 3466 4388 ὑπὲρ
3520 4313 3801 4390 βασιλέως

2148 4390 2203 4446 δὲ
2261 4403 2455 4469 γηϊνου
2508 4391 2595 4446 γαὶ
2652 4388 2806 4458 δόξης
2863 4393 3026 4470 ῥᾷστα
3076 4394 3336 4471 λυομένης
3389 4388 3612 4477 ἀγωνιῇ,
3660 4403 3796 4463 ἀλλ’

2088 4482 2277 4570 Doni?
2366 4480 2602 4559 οὐρανίου
2672 4479 2935 4558 βασιλέως
3017 4485 3107 4540 τὸν
3164 4483 3319 4542 ἆθλον
3397 4489 3624 4566 ἀνύσεις,
3687 4497 3798 4552 καί

2147 4569 2270 4626 ὅσον
2327 4569 2473 4627 οὔπω
2503 4571 2633 4647 πρὸς
2683 4572 2838 4626 αὑτὸν
2882 4571 3037 4649 ἀφίξῃ
3085 4571 3556 4651 δοξασθησόμενος,
3609 4588 3801 4641 Ταῦτα

2147 4661 2309 4716 εἰπὼν
2368 4661 2395 4715 ὁ
2451 4660 2624 4737 ὀφθεὶς
2681 4660 2766 4714 καὶ
2805 4655 3050 4748 ,ἅῤῥητόν
3090 4686 3207 4720 τινα
3269 4666 3588 4746 εὐφροσύνην
3642 4671 3803 4748 αὐτῷ

2145 4749 2306 4811 ἐνθεὶς
2361 4747 2504 4812 εὒθὺς
2532 4746 2735 4827 ᾤχτεο.
2799 4747 2858 4805 Ὀ
2914 4747 2992 4830 δὲ,
3028 4755 3326 4833 περιχαρὴς
3382 4755 3632 4834 ἀναστὰς,
3664 4746 3800 4828 τοῖς

2147 4842 2491 4932 συμπαροῦσι·
2528 4838 2700 4932 φίλιος
2738 4835 2846 4932 καί.
2887 4842 3214 4918 συγγενέσιν.
3263 4841 3514 4926 ’¹Εγνων,
3547 4846 3798 4932 ἀδελφοὶ,

2144 4925 2270 5006 ἔφη,
2309 4927 2370 4981 τὸ
2427 4925 2529 5012 τῆς
2587 4926 2702 5004 περὶ
2763 4924 2856 4981 ἐπέ
2903 4934 2996 4984 τοῦ
3051 4936 3182 4986 Θεοῦ
3237 4924 3539 5010 οἰκονομίας
3582 4924 3804 5012 μυσξήξ

2146 5035 2279 5095 ριον,
2344 5015 2432 5070 καὶ
2487 5011 2674 5069 λοιπὸν
2733 5015 2998 5092 πρόθυμος
3057 5019 3163 5094 εἰμι
3220 5023 3336 5099 περὶ
3394 5024 3491 5090 τὴν
3564 5011 3802 5102 προκει-

2147 5103 2312 5201 μένην
2371 5101 2513 5166 ὁδόν,
2549 5102 2649 5166 Εἷς
2672 5192 2684 5201 ι
2705 5105 2990 5201 θησαυρὸς,
3025 5106 3121 5182 μία
3149 5109 3358 5186 κτῆσις,
3391 5115 3474 5176 εἶς
3528 5113 3801 5201 πλοῦτος,

2147 5195 2174 5250 δ
2231 5193 2285 5248 ἐν
2353 5196 2595 5271 οὒρανοτς
2665 5192 3039 5269 ἀποκείμενος.
3103 5197 3178 5254 Τὰ
3234 5198 3289 5254 δὲ
3345 5221 3580 5281 παροντα
3637 5192 3800 5266 οὐδὲν

2145 5284 2265 5346 τοὺς
2301 5281 2662 5373 κεκτημένους
2721 5281 2943 5373 ὀνίνησι.
3012 5285 3072 5343 Τί
3127 5287 3227 5367 γὰρ
3256 5288 3520 5368 ὠφελήσει
3577 5291 3801 5373 ἄνθρω-

2144 5395 2242 5436 πος
2303 5374 2346 5428 εἰ
2395 5374 2486 5428 τὸν
2545 5371 2748 5461 κόσμον
2806 5371 3047 5452 κερδήσει
3100 5378 3186 5431 καὶ
3235 5383 3481 5457 ζημιωθῇ
3523 5381 3624 5449 τὴν
3672 5371 3796 5461 ψυ-

2143 5463 2257 5542 χὴν
2287 5461 2474 5542 uincti;
2537 5459 2696 5520 Οὐδέν
2756 5485 2849 5538 μοι
2904 5463 3000 5530 τῆς
3033 5464 3214 5543 ψυχῆς
3267 5459 3796 5552 τιμιώτερον,οὗδέν

2145 5554 2350 5631 βέλτιον
2383 5570 2402 5590 ο
2471 5553 2650 5616 ἱκανὸς
2736 5554 2765 5609 ὂ
2845 5551 3224 5632 παρεληλυθὼς
3297 5563 3396 5627 τῆς
3463 5551 3605 5632 (wits
3677 5587 3795 5646 μου
