  <div class='ocr_page' id='page_1' title='image "/cluster/home/n/w/nwhite01/storage/ocr_20150623/116/mdp.39015008903554/065.png"; bbox 0 0 3906 6136; ppageno 0'>
   <div class='ocr_carea' id='block_1_1' title="bbox 348 389 462 454">
    <p class='ocr_par' dir='ltr' id='par_1_1' title="bbox 348 389 462 454">
     <span class='ocr_line' id='line_1_1' title="bbox 348 389 462 454; baseline -0.018 0"><span class='ocrx_word' id='word_1_1' title='bbox 348 389 462 454; x_wconf 92' lang='grc'><strong>115</strong></span> 
     </span>
    </p>
   </div>
   <div class='ocr_carea' id='block_1_2' title="bbox 1645 375 2406 446">
    <p class='ocr_par' dir='ltr' id='par_1_2' title="bbox 1645 375 2406 446">
     <span class='ocr_line' id='line_1_2' title="bbox 1645 375 2406 446; baseline -0.013 -1"><span class='ocrx_word' id='word_1_2' title='bbox 1645 381 1922 446; x_wconf 87' lang='lat' dir='ltr'><strong>MENSIS</strong></span> <span class='ocrx_word' id='word_1_3' title='bbox 1963 375 2406 443; x_wconf 83' lang='lat' dir='ltr'><strong>NOVEMBER.</strong></span> 
     </span>
    </p>
   </div>
   <div class='ocr_carea' id='block_1_3' title="bbox 3610 333 3733 428">
    <p class='ocr_par' dir='ltr' id='par_1_3' title="bbox 3610 333 3733 428">
     <span class='ocr_line' id='line_1_3' title="bbox 3610 333 3733 428; baseline -0.008 -1"><span class='ocrx_word' id='word_1_4' title='bbox 3610 333 3733 428; x_wconf 44' lang='lat'><strong>116&#39;</strong></span> 
     </span>
    </p>
   </div>
   <div class='ocr_carea' id='block_1_4' title="bbox 344 498 1984 596">
    <p class='ocr_par' dir='ltr' id='par_1_4' title="bbox 344 513 1979 596">
     <span class='ocr_line' id='line_1_4' title="bbox 344 513 1979 596; baseline -0.007 -10"><span class='ocrx_word' id='word_1_5' title='bbox 344 523 621 586; x_wconf 85' lang='lat' dir='ltr'><strong>manuum</strong></span> <span class='ocrx_word' id='word_1_6' title='bbox 659 521 914 583; x_wconf 78' lang='lat' dir='ltr'><strong>exsultas</strong></span> <span class='ocrx_word' id='word_1_7' title='bbox 943 517 1188 593; x_wconf 87' lang='lat' dir='ltr'><strong>viribus,</strong></span> <span class='ocrx_word' id='word_1_8' title='bbox 1224 523 1287 578; x_wconf 91' lang='lat' dir='ltr'><strong>ut</strong></span> <span class='ocrx_word' id='word_1_9' title='bbox 1319 517 1419 596; x_wconf 88' lang='lat' dir='ltr'><strong>qui</strong></span> <span class='ocrx_word' id='word_1_10' title='bbox 1465 515 1614 576; x_wconf 86' lang='lat' dir='ltr'><strong>male</strong></span> <span class='ocrx_word' id='word_1_11' title='bbox 1644 513 1918 576; x_wconf 73' lang='lat' dir='ltr'><strong>affeceris</strong></span> <span class='ocrx_word' id='word_1_12' title='bbox 1948 532 1979 574; x_wconf 91' lang='lat' dir='ltr'><strong>a</strong></span> 
     </span>
    </p>
   </div>
   <div class='ocr_carea' id='block_1_5' title="bbox 2153 498 3718 596">
    <p class='ocr_par' dir='ltr' id='par_1_5' title="bbox 2153 498 3718 596">
     <span class='ocr_line' id='line_1_5' title="bbox 2153 498 3718 596; baseline -0.002 -34"><span class='ocrx_word' id='word_1_13' title='bbox 2153 536 2167 562; x_wconf 68' lang='grc' dir='ltr'><em>ι</em></span> <span class='ocrx_word' id='word_1_14' title='bbox 2221 515 2417 590; x_wconf 79' lang='grc' dir='ltr'>χειρῶν</span> <span class='ocrx_word' id='word_1_15' title='bbox 2476 506 2812 586; x_wconf 81' lang='grc' dir='ltr'>ἒπιγαυριᾷν,</span> <span class='ocrx_word' id='word_1_16' title='bbox 2856 503 2978 566; x_wconf 79' lang='grc' dir='ltr'>τοὺς</span> <span class='ocrx_word' id='word_1_17' title='bbox 3035 498 3163 596; x_wconf 49' lang='grc' dir='ltr'>παρ’</span> <span class='ocrx_word' id='word_1_18' title='bbox 3219 500 3373 578; x_wconf 71' lang='grc' dir='ltr'>ἡμῶν</span> <span class='ocrx_word' id='word_1_19' title='bbox 3432 499 3718 568; x_wconf 78' lang='grc' dir='ltr'>σταλέντας</span> 
     </span>
    </p>
   </div>
   <div class='ocr_carea' id='block_1_6' title="bbox 343 602 1982 686">
    <p class='ocr_par' dir='ltr' id='par_1_6' title="bbox 343 602 1982 686">
     <span class='ocr_line' id='line_1_6' title="bbox 343 602 1982 686; baseline -0.008 -11"><span class='ocrx_word' id='word_1_20' title='bbox 343 613 516 675; x_wconf 89' lang='lat' dir='ltr'><strong>nobis</strong></span> <span class='ocrx_word' id='word_1_21' title='bbox 549 613 762 674; x_wconf 89' lang='lat' dir='ltr'><strong>missos</strong></span> <span class='ocrx_word' id='word_1_22' title='bbox 793 607 1059 670; x_wconf 78' lang='lat' dir='ltr'><strong>milites?</strong></span> <span class='ocrx_word' id='word_1_23' title='bbox 1090 605 1378 686; x_wconf 70' lang='lat' dir='ltr'><strong>Egregius</strong></span> <span class='ocrx_word' id='word_1_24' title='bbox 1407 623 1549 665; x_wconf 91' lang='lat' dir='ltr'><strong>vero</strong></span> <span class='ocrx_word' id='word_1_25' title='bbox 1581 605 1800 667; x_wconf 85' lang='lat' dir='ltr'><strong>Hieron</strong></span> <span class='ocrx_word' id='word_1_26' title='bbox 1833 602 1982 664; x_wconf 88' lang='lat' dir='ltr'>nihil</span> 
     </span>
    </p>
   </div>
   <div class='ocr_carea' id='block_1_7' title="bbox 347 694 1986 777">
    <p class='ocr_par' dir='ltr' id='par_1_7' title="bbox 347 694 1986 777">
     <span class='ocr_line' id='line_1_7' title="bbox 347 694 1986 777; baseline -0.005 -14"><span class='ocrx_word' id='word_1_27' title='bbox 347 702 591 768; x_wconf 87' lang='lat' dir='ltr'><strong>omnino</strong></span> <span class='ocrx_word' id='word_1_28' title='bbox 612 701 905 762; x_wconf 75' lang='lat' dir='ltr'><strong>reveritus</strong></span> <span class='ocrx_word' id='word_1_29' title='bbox 925 697 1180 777; x_wconf 85' lang='lat' dir='ltr'><strong>(sciebat</strong></span> <span class='ocrx_word' id='word_1_30' title='bbox 1203 696 1358 758; x_wconf 82' lang='lat' dir='ltr'><strong>enim</strong></span> <span class='ocrx_word' id='word_1_31' title='bbox 1382 695 1510 772; x_wconf 89' lang='lat' dir='ltr'><strong>ipse</strong></span> <span class='ocrx_word' id='word_1_32' title='bbox 1533 713 1762 774; x_wconf 81' lang='lat' dir='ltr'><strong>quoque</strong></span> <span class='ocrx_word' id='word_1_33' title='bbox 1786 694 1986 755; x_wconf 81' lang='lat' dir='ltr'><strong>dicere</strong></span> 
     </span>
    </p>
   </div>
   <div class='ocr_carea' id='block_1_8' title="bbox 345 783 1988 857">
    <p class='ocr_par' dir='ltr' id='par_1_8' title="bbox 345 783 1988 857">
     <span class='ocr_line' id='line_1_8' title="bbox 345 783 1988 857; baseline -0.007 -4"><span class='ocrx_word' id='word_1_34' title='bbox 345 809 482 853; x_wconf 90' lang='lat' dir='ltr'><strong>cum</strong></span> <span class='ocrx_word' id='word_1_35' title='bbox 504 790 724 853; x_wconf 89' lang='lat' dir='ltr'><strong>Davide</strong></span> <span class='ocrx_word' id='word_1_36' title='bbox 751 809 763 849; x_wconf 92' lang='lat'><strong>:</strong></span> <span class='ocrx_word' id='word_1_37' title='bbox 795 809 822 847; x_wconf 72' lang='grc' dir='ltr'><strong>α</strong></span> <span class='ocrx_word' id='word_1_38' title='bbox 843 789 991 850; x_wconf 86' lang='lat' dir='ltr'><strong>Odio</strong></span> <span class='ocrx_word' id='word_1_39' title='bbox 1015 787 1302 848; x_wconf 80' lang='lat' dir='ltr'><strong>habentes</strong></span> <span class='ocrx_word' id='word_1_40' title='bbox 1321 792 1403 857; x_wconf 85' lang='lat' dir='ltr'><strong>te,</strong></span> <span class='ocrx_word' id='word_1_41' title='bbox 1423 783 1694 854; x_wconf 89' lang='lat' dir='ltr'><strong>Domine,</strong></span> <span class='ocrx_word' id='word_1_42' title='bbox 1725 785 1860 842; x_wconf 84' lang='lat' dir='ltr'><strong>odio</strong></span> <span class='ocrx_word' id='word_1_43' title='bbox 1881 783 1988 842; x_wconf 78' lang='lat' dir='ltr'><strong>lia-</strong></span> 
     </span>
    </p>
   </div>
   <div class='ocr_carea' id='block_1_9' title="bbox 344 872 1990 958">
    <p class='ocr_par' dir='ltr' id='par_1_9' title="bbox 344 872 1990 958">
     <span class='ocr_line' id='line_1_9' title="bbox 344 872 1990 958; baseline -0.005 -18"><span class='ocrx_word' id='word_1_44' title='bbox 344 879 471 950; x_wconf 82' lang='lat' dir='ltr'><strong>hui.</strong></span> <span class='ocrx_word' id='word_1_45' title='bbox 506 887 564 940; x_wconf 90' lang='lat' dir='ltr'><strong>et</strong></span> <span class='ocrx_word' id='word_1_46' title='bbox 594 886 836 958; x_wconf 83' lang='lat' dir='ltr'><strong>propter</strong></span> <span class='ocrx_word' id='word_1_47' title='bbox 864 875 1140 936; x_wconf 91' lang='lat' dir='ltr'><strong>inimicos</strong></span> <span class='ocrx_word' id='word_1_48' title='bbox 1173 883 1303 935; x_wconf 89' lang='lat' dir='ltr'><strong>tuos</strong></span> <span class='ocrx_word' id='word_1_49' title='bbox 1336 872 1711 934; x_wconf 83' lang='lat' dir='ltr'><strong>tabescebam</strong></span> <span class='ocrx_word' id='word_1_50' title='bbox 1739 875 1769 920; x_wconf 71' lang='grc' dir='ltr'><strong>ὅ</strong></span> <span class='ocrx_word' id='word_1_51' title='bbox 1800 896 1820 928; x_wconf 72' lang='grc' dir='ltr'>ι)</span> <span class='ocrx_word' id='word_1_52' title='bbox 1855 882 1890 942; x_wconf 82' lang='grc'>),</span> <span class='ocrx_word' id='word_1_53' title='bbox 1927 889 1990 931; x_wconf 89' lang='lat' dir='ltr'><strong>se</strong></span> 
     </span>
    </p>
   </div>
   <div class='ocr_carea' id='block_1_10' title="bbox 347 962 1992 1030">
    <p class='ocr_par' dir='ltr' id='par_1_10' title="bbox 347 962 1992 1030">
     <span class='ocr_line' id='line_1_10' title="bbox 347 962 1992 1030; baseline -0.007 -1"><span class='ocrx_word' id='word_1_54' title='bbox 347 985 486 1030; x_wconf 88' lang='lat' dir='ltr'><strong>eum</strong></span> <span class='ocrx_word' id='word_1_55' title='bbox 519 985 647 1028; x_wconf 91' lang='lat' dir='ltr'><strong>esse</strong></span> <span class='ocrx_word' id='word_1_56' title='bbox 681 966 984 1026; x_wconf 84' lang='lat' dir='ltr'><strong>confessus</strong></span> <span class='ocrx_word' id='word_1_57' title='bbox 1016 970 1123 1024; x_wconf 90' lang='lat' dir='ltr'><strong>est.</strong></span> <span class='ocrx_word' id='word_1_58' title='bbox 1160 962 1385 1023; x_wconf 67' lang='lat' dir='ltr'><strong>Prteses</strong></span> <span class='ocrx_word' id='word_1_59' title='bbox 1431 970 1628 1022; x_wconf 86' lang='lat' dir='ltr'><strong>autem</strong></span> <span class='ocrx_word' id='word_1_60' title='bbox 1689 979 1804 1021; x_wconf 88' lang='lat' dir='ltr'><strong>non</strong></span> <span class='ocrx_word' id='word_1_61' title='bbox 1860 968 1992 1019; x_wconf 90' lang='lat' dir='ltr'><strong>tan-</strong></span> 
     </span>
    </p>
   </div>
   <div class='ocr_carea' id='block_1_11' title="bbox 346 1045 1988 1134">
    <p class='ocr_par' dir='ltr' id='par_1_11' title="bbox 346 1045 1988 1134">
     <span class='ocr_line' id='line_1_11' title="bbox 346 1045 1988 1134; baseline -0.005 -17"><span class='ocrx_word' id='word_1_62' title='bbox 346 1045 519 1134; x_wconf 85' lang='lat' dir='ltr'><strong>quam</strong></span> <span class='ocrx_word' id='word_1_63' title='bbox 547 1053 950 1114; x_wconf 83' lang='lat' dir='ltr'><strong>fortitudinem</strong></span> <span class='ocrx_word' id='word_1_64' title='bbox 983 1051 1254 1124; x_wconf 89' lang='lat' dir='ltr'><strong>laudans,</strong></span> <span class='ocrx_word' id='word_1_65' title='bbox 1289 1050 1445 1130; x_wconf 91' lang='lat' dir='ltr'><strong>quod</strong></span> <span class='ocrx_word' id='word_1_66' title='bbox 1495 1049 1714 1110; x_wconf 84' lang='lat' dir='ltr'><strong>factum</strong></span> <span class='ocrx_word' id='word_1_67' title='bbox 1776 1050 1988 1120; x_wconf 84' lang='lat' dir='ltr'><strong>fuerat,</strong></span> 
     </span>
    </p>
   </div>
   <div class='ocr_carea' id='block_1_12' title="bbox 344 1138 1992 1220">
    <p class='ocr_par' dir='ltr' id='par_1_12' title="bbox 344 1138 1992 1220">
     <span class='ocr_line' id='line_1_12' title="bbox 344 1138 1992 1220; baseline -0.004 -16"><span class='ocrx_word' id='word_1_68' title='bbox 344 1143 450 1205; x_wconf 88' lang='lat' dir='ltr'><strong>sed</strong></span> <span class='ocrx_word' id='word_1_69' title='bbox 485 1143 674 1218; x_wconf 84' lang='lat' dir='ltr'><strong>magis</strong></span> <span class='ocrx_word' id='word_1_70' title='bbox 705 1143 1062 1220; x_wconf 87' lang='lat' dir='ltr'><strong>vituperans</strong></span> <span class='ocrx_word' id='word_1_71' title='bbox 1086 1148 1360 1219; x_wconf 89' lang='lat' dir='ltr'><strong>tanquam</strong></span> <span class='ocrx_word' id='word_1_72' title='bbox 1385 1139 1780 1199; x_wconf 88' lang='lat' dir='ltr'><strong>temeritatem</strong></span> <span class='ocrx_word' id='word_1_73' title='bbox 1808 1147 1865 1199; x_wconf 88' lang='lat' dir='ltr'><strong>et</strong></span> <span class='ocrx_word' id='word_1_74' title='bbox 1896 1138 1992 1198; x_wconf 91' lang='lat' dir='ltr'><strong>in-</strong></span> 
     </span>
    </p>
   </div>
   <div class='ocr_carea' id='block_1_13' title="bbox 347 1228 1995 1309">
    <p class='ocr_par' dir='ltr' id='par_1_13' title="bbox 347 1228 1995 1309">
     <span class='ocr_line' id='line_1_13' title="bbox 347 1228 1995 1309; baseline -0.003 -18"><span class='ocrx_word' id='word_1_75' title='bbox 347 1230 846 1309; x_wconf 85' lang='lat' dir='ltr'><strong>obedientiam,in</strong></span> <span class='ocrx_word' id='word_1_76' title='bbox 871 1248 940 1290; x_wconf 90' lang='lat' dir='ltr'><strong>eo</strong></span> <span class='ocrx_word' id='word_1_77' title='bbox 969 1228 1125 1308; x_wconf 81' lang='lat' dir='ltr'><strong>quod</strong></span> <span class='ocrx_word' id='word_1_78' title='bbox 1147 1228 1737 1288; x_wconf 87' lang='lat' dir='ltr'><strong>fueratconstitutum</strong></span> <span class='ocrx_word' id='word_1_79' title='bbox 1764 1229 1995 1288; x_wconf 88' lang='lat' dir='ltr'><strong>censuit</strong></span> 
     </span>
    </p>
   </div>
   <div class='ocr_carea' id='block_1_14' title="bbox 345 1315 1992 1399">
    <p class='ocr_par' dir='ltr' id='par_1_14' title="bbox 345 1315 1992 1399">
     <span class='ocr_line' id='line_1_14' title="bbox 345 1315 1992 1399; baseline -0.002 -19"><span class='ocrx_word' id='word_1_80' title='bbox 345 1337 479 1380; x_wconf 89' lang='lat' dir='ltr'><strong>eum</strong></span> <span class='ocrx_word' id='word_1_81' title='bbox 506 1317 904 1399; x_wconf 88' lang='lat' dir='ltr'><strong>puniendum.</strong></span> <span class='ocrx_word' id='word_1_82' title='bbox 927 1317 1078 1379; x_wconf 87' lang='lat' dir='ltr'><strong>Nam</strong></span> <span class='ocrx_word' id='word_1_83' title='bbox 1102 1316 1407 1391; x_wconf 85' lang='lat' dir='ltr'><strong>quoniam,</strong></span> <span class='ocrx_word' id='word_1_84' title='bbox 1430 1315 1642 1396; x_wconf 85' lang='lat' dir='ltr'><strong>inquit,</strong></span> <span class='ocrx_word' id='word_1_85' title='bbox 1670 1315 1914 1376; x_wconf 89' lang='lat' dir='ltr'><strong>stultitia</strong></span> <span class='ocrx_word' id='word_1_86' title='bbox 1938 1325 1992 1376; x_wconf 90' lang='lat' dir='ltr'><strong>te</strong></span> 
     </span>
    </p>
   </div>
   <div class='ocr_carea' id='block_1_15' title="bbox 345 1405 1989 1484">
    <p class='ocr_par' dir='ltr' id='par_1_15' title="bbox 345 1405 1989 1484">
     <span class='ocr_line' id='line_1_15' title="bbox 345 1405 1989 1484; baseline -0.002 -17"><span class='ocrx_word' id='word_1_87' title='bbox 345 1407 421 1467; x_wconf 89' lang='lat' dir='ltr'><strong>ad</strong></span> <span class='ocrx_word' id='word_1_88' title='bbox 453 1415 679 1468; x_wconf 84' lang='lat' dir='ltr'><strong>tantam</strong></span> <span class='ocrx_word' id='word_1_89' title='bbox 716 1405 952 1484; x_wconf 86' lang='lat' dir='ltr'><strong>impulit</strong></span> <span class='ocrx_word' id='word_1_90' title='bbox 981 1407 1400 1479; x_wconf 86' lang='lat' dir='ltr'><strong>temeritatem,</strong></span> <span class='ocrx_word' id='word_1_91' title='bbox 1449 1415 1510 1465; x_wconf 92' lang='lat' dir='ltr'><strong>ut</strong></span> <span class='ocrx_word' id='word_1_92' title='bbox 1551 1406 1989 1483; x_wconf 87' lang='lat' dir='ltr'><strong>imperatoriam</strong></span> 
     </span>
    </p>
   </div>
   <div class='ocr_carea' id='block_1_16' title="bbox 347 1493 1991 1575">
    <p class='ocr_par' dir='ltr' id='par_1_16' title="bbox 347 1493 1991 1575">
     <span class='ocr_line' id='line_1_16' title="bbox 347 1493 1991 1575; baseline -0.003 -17"><span class='ocrx_word' id='word_1_93' title='bbox 347 1493 689 1575; x_wconf 81' lang='lat' dir='ltr'><strong>despiciens</strong></span> <span class='ocrx_word' id='word_1_94' title='bbox 714 1501 1099 1573; x_wconf 89' lang='lat' dir='ltr'><strong>potestatem,</strong></span> <span class='ocrx_word' id='word_1_95' title='bbox 1127 1503 1184 1556; x_wconf 89' lang='lat' dir='ltr'><strong>et</strong></span> <span class='ocrx_word' id='word_1_96' title='bbox 1209 1493 1614 1572; x_wconf 84' lang='lat' dir='ltr'><strong>nostrijussus</strong></span> <span class='ocrx_word' id='word_1_97' title='bbox 1638 1494 1859 1556; x_wconf 89' lang='lat' dir='ltr'><strong>nullam</strong></span> <span class='ocrx_word' id='word_1_98' title='bbox 1884 1494 1991 1554; x_wconf 87' lang='lat' dir='ltr'><strong>du-</strong></span> 
     </span>
    </p>
   </div>
   <div class='ocr_carea' id='block_1_17' title="bbox 349 1582 1995 1657">
    <p class='ocr_par' dir='ltr' id='par_1_17' title="bbox 349 1582 1995 1657">
     <span class='ocr_line' id='line_1_17' title="bbox 349 1582 1995 1657; baseline -0.002 -13"><span class='ocrx_word' id='word_1_99' title='bbox 349 1591 450 1644; x_wconf 80' lang='lat' dir='ltr'><strong>cas</strong></span> <span class='ocrx_word' id='word_1_100' title='bbox 478 1584 800 1657; x_wconf 89' lang='lat' dir='ltr'><strong>rationem,</strong></span> <span class='ocrx_word' id='word_1_101' title='bbox 836 1593 892 1644; x_wconf 89' lang='lat' dir='ltr'><strong>et</strong></span> <span class='ocrx_word' id='word_1_102' title='bbox 927 1582 1232 1644; x_wconf 88' lang='lat' dir='ltr'><strong>ministros</strong></span> <span class='ocrx_word' id='word_1_103' title='bbox 1263 1591 1501 1644; x_wconf 88' lang='lat' dir='ltr'><strong>nostros</strong></span> <span class='ocrx_word' id='word_1_104' title='bbox 1532 1582 1712 1645; x_wconf 83' lang='lat' dir='ltr'><strong>clavis</strong></span> <span class='ocrx_word' id='word_1_105' title='bbox 1743 1590 1995 1644; x_wconf 89' lang='lat' dir='ltr'><strong>contun-</strong></span> 
     </span>
    </p>
   </div>
   <div class='ocr_carea' id='block_1_18' title="bbox 349 1662 1992 1752">
    <p class='ocr_par' dir='ltr' id='par_1_18' title="bbox 349 1662 1992 1752">
     <span class='ocr_line' id='line_1_18' title="bbox 349 1662 1992 1752; baseline -0.002 -19"><span class='ocrx_word' id='word_1_106' title='bbox 349 1662 475 1746; x_wconf 79' lang='lat' dir='ltr'><strong>das,</strong></span> <span class='ocrx_word' id='word_1_107' title='bbox 512 1690 750 1732; x_wconf 89' lang='lat' dir='ltr'><strong>manum</strong></span> <span class='ocrx_word' id='word_1_108' title='bbox 784 1689 914 1752; x_wconf 63' lang='lat' dir='ltr'><strong>quae</strong></span> <span class='ocrx_word' id='word_1_109' title='bbox 945 1673 1147 1732; x_wconf 90' lang='lat' dir='ltr'><strong>serviit</strong></span> <span class='ocrx_word' id='word_1_110' title='bbox 1179 1671 1364 1732; x_wconf 89' lang='lat' dir='ltr'><strong>menti</strong></span> <span class='ocrx_word' id='word_1_111' title='bbox 1399 1672 1714 1733; x_wconf 74' lang='lat' dir='ltr'><strong>ineruditze</strong></span> <span class='ocrx_word' id='word_1_112' title='bbox 1758 1671 1831 1731; x_wconf 80' lang='lat' dir='ltr'><strong>ab</strong></span> <span class='ocrx_word' id='word_1_113' title='bbox 1864 1671 1992 1750; x_wconf 84' lang='lat' dir='ltr'><strong>ipso</strong></span> 
     </span>
    </p>
   </div>
   <div class='ocr_carea' id='block_1_19' title="bbox 350 1759 1992 1840">
    <p class='ocr_par' dir='ltr' id='par_1_19' title="bbox 350 1759 1992 1840">
     <span class='ocr_line' id='line_1_19' title="bbox 350 1759 1992 1840; baseline -0.001 -20"><span class='ocrx_word' id='word_1_114' title='bbox 350 1759 549 1821; x_wconf 90' lang='lat' dir='ltr'><strong>cubito</strong></span> <span class='ocrx_word' id='word_1_115' title='bbox 567 1759 752 1839; x_wconf 87' lang='lat' dir='ltr'><strong>jubeo</strong></span> <span class='ocrx_word' id='word_1_116' title='bbox 773 1761 1088 1840; x_wconf 84' lang='lat' dir='ltr'><strong>amputari.</strong></span> <span class='ocrx_word' id='word_1_117' title='bbox 1111 1760 1274 1821; x_wconf 90' lang='lat' dir='ltr'><strong>Dicto</strong></span> <span class='ocrx_word' id='word_1_118' title='bbox 1292 1778 1430 1838; x_wconf 89' lang='lat' dir='ltr'><strong>ergo</strong></span> <span class='ocrx_word' id='word_1_119' title='bbox 1451 1760 1850 1822; x_wconf 87' lang='lat' dir='ltr'><strong>citiusfactum</strong></span> <span class='ocrx_word' id='word_1_120' title='bbox 1877 1768 1992 1831; x_wconf 86' lang='lat' dir='ltr'><strong>est,</strong></span> 
     </span>
    </p>
   </div>
   <div class='ocr_carea' id='block_1_20' title="bbox 349 1847 1994 1930">
    <p class='ocr_par' dir='ltr' id='par_1_20' title="bbox 349 1847 1994 1930">
     <span class='ocr_line' id='line_1_20' title="bbox 349 1847 1994 1930; baseline -0.001 -20"><span class='ocrx_word' id='word_1_121' title='bbox 349 1848 506 1930; x_wconf 89' lang='lat' dir='ltr'><strong>quod</strong></span> <span class='ocrx_word' id='word_1_122' title='bbox 521 1847 845 1928; x_wconf 86' lang='lat' dir='ltr'><strong>jubebatur</strong></span> <span class='ocrx_word' id='word_1_123' title='bbox 870 1870 883 1910; x_wconf 90' lang='lat'><strong>:</strong></span> <span class='ocrx_word' id='word_1_124' title='bbox 915 1849 1065 1910; x_wconf 91' lang='lat' dir='ltr'><strong>alios</strong></span> <span class='ocrx_word' id='word_1_125' title='bbox 1087 1858 1282 1910; x_wconf 88' lang='lat' dir='ltr'><strong>autem</strong></span> <span class='ocrx_word' id='word_1_126' title='bbox 1303 1858 1541 1910; x_wconf 89' lang='lat' dir='ltr'><strong>sanctos</strong></span> <span class='ocrx_word' id='word_1_127' title='bbox 1555 1849 1748 1929; x_wconf 83' lang='lat' dir='ltr'><strong>jubet,</strong></span> <span class='ocrx_word' id='word_1_128' title='bbox 1771 1851 1994 1910; x_wconf 75' lang='lat' dir='ltr'><strong>vinctos</strong></span> 
     </span>
    </p>
   </div>
   <div class='ocr_carea' id='block_1_21' title="bbox 354 1937 2057 2024">
    <p class='ocr_par' dir='ltr' id='par_1_21' title="bbox 354 1937 2057 2024">
     <span class='ocr_line' id='line_1_21' title="bbox 354 1937 2057 2024; baseline 0 -27"><span class='ocrx_word' id='word_1_129' title='bbox 354 1942 535 1998; x_wconf 88' lang='lat' dir='ltr'><strong>boum</strong></span> <span class='ocrx_word' id='word_1_130' title='bbox 558 1937 930 2017; x_wconf 69' lang='lat' dir='ltr'><strong>nervis,caedi</strong></span> <span class='ocrx_word' id='word_1_131' title='bbox 954 1937 1542 2017; x_wconf 88' lang='lat' dir='ltr'><strong>immisericorditer;</strong></span> <span class='ocrx_word' id='word_1_132' title='bbox 1569 1938 1720 2018; x_wconf 55' lang='lat' dir='ltr'><strong>quad</strong></span> <span class='ocrx_word' id='word_1_133' title='bbox 1748 1937 1990 2014; x_wconf 82' lang='lat' dir='ltr'><strong>quidem</strong></span> <span class='ocrx_word' id='word_1_134' title='bbox 2022 1974 2057 2024; x_wconf 71' lang='grc' dir='ltr'><strong>Β</strong></span> 
     </span>
    </p>
   </div>
   <div class='ocr_carea' id='block_1_22' title="bbox 352 2025 1996 2107">
    <p class='ocr_par' dir='ltr' id='par_1_22' title="bbox 352 2025 1996 2107">
     <span class='ocr_line' id='line_1_22' title="bbox 352 2025 1996 2107; baseline -0.001 -21"><span class='ocrx_word' id='word_1_135' title='bbox 352 2025 711 2106; x_wconf 82' lang='lat' dir='ltr'><strong>martyribus</strong></span> <span class='ocrx_word' id='word_1_136' title='bbox 737 2026 922 2104; x_wconf 90' lang='lat' dir='ltr'><strong>magis</strong></span> <span class='ocrx_word' id='word_1_137' title='bbox 947 2027 1302 2088; x_wconf 87' lang='lat' dir='ltr'><strong>conciliabat</strong></span> <span class='ocrx_word' id='word_1_138' title='bbox 1323 2025 1610 2107; x_wconf 62' lang='lat' dir='ltr'><strong>laetitiam,</strong></span> <span class='ocrx_word' id='word_1_139' title='bbox 1635 2045 1808 2107; x_wconf 87' lang='lat' dir='ltr'><strong>quam</strong></span> <span class='ocrx_word' id='word_1_140' title='bbox 1826 2025 1996 2086; x_wconf 86' lang='lat' dir='ltr'><strong>dolo-</strong></span> 
     </span>
    </p>
   </div>
   <div class='ocr_carea' id='block_1_23' title="bbox 349 2111 1996 2194">
    <p class='ocr_par' dir='ltr' id='par_1_23' title="bbox 349 2111 1996 2194">
     <span class='ocr_line' id='line_1_23' title="bbox 349 2111 1996 2194; baseline 0.001 -20"><span class='ocrx_word' id='word_1_141' title='bbox 349 2132 508 2176; x_wconf 89' lang='lat' dir='ltr'><strong>rem.</strong></span> <span class='ocrx_word' id='word_1_142' title='bbox 542 2111 757 2175; x_wconf 79' lang='lat' dir='ltr'><strong>Multas</strong></span> <span class='ocrx_word' id='word_1_143' title='bbox 789 2111 946 2175; x_wconf 91' lang='lat' dir='ltr'><strong>enim</strong></span> <span class='ocrx_word' id='word_1_144' title='bbox 977 2115 1154 2176; x_wconf 88' lang='lat' dir='ltr'><strong>horas</strong></span> <span class='ocrx_word' id='word_1_145' title='bbox 1185 2115 1415 2176; x_wconf 76' lang='lat' dir='ltr'><strong>fortiter</strong></span> <span class='ocrx_word' id='word_1_146' title='bbox 1469 2115 1814 2194; x_wconf 88' lang='lat' dir='ltr'><strong>tolerantes,</strong></span> <span class='ocrx_word' id='word_1_147' title='bbox 1878 2114 1996 2176; x_wconf 90' lang='lat' dir='ltr'><strong>Deo</strong></span> 
     </span>
    </p>
   </div>
   <div class='ocr_carea' id='block_1_24' title="bbox 351 2202 1994 2283">
    <p class='ocr_par' dir='ltr' id='par_1_24' title="bbox 351 2202 1994 2283">
     <span class='ocr_line' id='line_1_24' title="bbox 351 2202 1994 2283; baseline 0 -19"><span class='ocrx_word' id='word_1_148' title='bbox 351 2202 602 2282; x_wconf 81' lang='lat' dir='ltr'><strong>agebant</strong></span> <span class='ocrx_word' id='word_1_149' title='bbox 629 2203 976 2283; x_wconf 85' lang='lat' dir='ltr'><strong>gratias,qui</strong></span> <span class='ocrx_word' id='word_1_150' title='bbox 998 2223 1101 2282; x_wconf 91' lang='lat' dir='ltr'><strong>pro</strong></span> <span class='ocrx_word' id='word_1_151' title='bbox 1123 2213 1324 2264; x_wconf 88' lang='lat' dir='ltr'><strong>sancto</strong></span> <span class='ocrx_word' id='word_1_152' title='bbox 1353 2203 1592 2264; x_wconf 91' lang='lat' dir='ltr'><strong>nomine</strong></span> <span class='ocrx_word' id='word_1_153' title='bbox 1618 2205 1826 2282; x_wconf 85' lang='lat' dir='ltr'><strong>dignos</strong></span> <span class='ocrx_word' id='word_1_154' title='bbox 1849 2224 1994 2265; x_wconf 85' lang='lat' dir='ltr'><strong>cen-</strong></span> 
     </span>
    </p>
   </div>
   <div class='ocr_carea' id='block_1_25' title="bbox 352 2291 1997 2373">
    <p class='ocr_par' dir='ltr' id='par_1_25' title="bbox 352 2291 1997 2373">
     <span class='ocr_line' id='line_1_25' title="bbox 352 2291 1997 2373; baseline 0.001 -21"><span class='ocrx_word' id='word_1_155' title='bbox 352 2291 563 2365; x_wconf 82' lang='lat' dir='ltr'><strong>suerit,</strong></span> <span class='ocrx_word' id='word_1_156' title='bbox 598 2293 702 2370; x_wconf 87' lang='lat' dir='ltr'><strong>qui</strong></span> <span class='ocrx_word' id='word_1_157' title='bbox 739 2292 874 2354; x_wconf 88' lang='lat' dir='ltr'><strong>talia</strong></span> <span class='ocrx_word' id='word_1_158' title='bbox 904 2292 1174 2353; x_wconf 88' lang='lat' dir='ltr'><strong>subirent</strong></span> <span class='ocrx_word' id='word_1_159' title='bbox 1202 2293 1510 2373; x_wconf 85' lang='lat' dir='ltr'><strong>supplicia.</strong></span> <span class='ocrx_word' id='word_1_160' title='bbox 1538 2293 1684 2364; x_wconf 88' lang='lat' dir='ltr'><strong>Quid</strong></span> <span class='ocrx_word' id='word_1_161' title='bbox 1711 2293 1997 2372; x_wconf 81' lang='lat' dir='ltr'><strong>deinceps</strong></span> 
     </span>
    </p>
   </div>
   <div class='ocr_carea' id='block_1_26' title="bbox 352 2379 1993 2460">
    <p class='ocr_par' dir='ltr' id='par_1_26' title="bbox 352 2379 1993 2460">
     <span class='ocr_line' id='line_1_26' title="bbox 352 2379 1993 2460; baseline -0.002 -18"><span class='ocrx_word' id='word_1_162' title='bbox 352 2391 445 2444; x_wconf 85' lang='lat' dir='ltr'><strong>est.</strong></span> <span class='ocrx_word' id='word_1_163' title='bbox 475 2387 902 2442; x_wconf 85' lang='lat' dir='ltr'><strong>consecutum?</strong></span> <span class='ocrx_word' id='word_1_164' title='bbox 933 2381 1152 2443; x_wconf 82' lang='lat' dir='ltr'><strong>Carcer</strong></span> <span class='ocrx_word' id='word_1_165' title='bbox 1199 2381 1417 2460; x_wconf 77' lang='lat' dir='ltr'><strong>excipit</strong></span> <span class='ocrx_word' id='word_1_166' title='bbox 1471 2381 1724 2458; x_wconf 86' lang='lat' dir='ltr'><strong>ﬂagella.</strong></span> <span class='ocrx_word' id='word_1_167' title='bbox 1773 2379 1993 2442; x_wconf 84' lang='lat' dir='ltr'><strong>Verum</strong></span> 
     </span>
    </p>
   </div>
   <div class='ocr_carea' id='block_1_27' title="bbox 350 2467 1994 2549">
    <p class='ocr_par' dir='ltr' id='par_1_27' title="bbox 350 2467 1994 2549">
     <span class='ocr_line' id='line_1_27' title="bbox 350 2467 1994 2549; baseline 0.001 -21"><span class='ocrx_word' id='word_1_168' title='bbox 350 2468 511 2529; x_wconf 91' lang='lat' dir='ltr'><strong>enim</strong></span> <span class='ocrx_word' id='word_1_169' title='bbox 543 2487 682 2530; x_wconf 91' lang='lat' dir='ltr'><strong>vero</strong></span> <span class='ocrx_word' id='word_1_170' title='bbox 715 2467 864 2543; x_wconf 80' lang='lat' dir='ltr'><strong>scio,</strong></span> <span class='ocrx_word' id='word_1_171' title='bbox 885 2469 1041 2549; x_wconf 90' lang='lat' dir='ltr'><strong>quod</strong></span> <span class='ocrx_word' id='word_1_172' title='bbox 1065 2468 1149 2544; x_wconf 89' lang='lat' dir='ltr'><strong>id,</strong></span> <span class='ocrx_word' id='word_1_173' title='bbox 1176 2470 1330 2548; x_wconf 84' lang='lat' dir='ltr'><strong>quod</strong></span> <span class='ocrx_word' id='word_1_174' title='bbox 1357 2478 1444 2530; x_wconf 90' lang='lat' dir='ltr'><strong>est</strong></span> <span class='ocrx_word' id='word_1_175' title='bbox 1466 2468 1810 2543; x_wconf 88' lang='lat' dir='ltr'><strong>dicendum,</strong></span> <span class='ocrx_word' id='word_1_176' title='bbox 1842 2489 1994 2547; x_wconf 89' lang='lat' dir='ltr'><strong>quo-</strong></span> 
     </span>
    </p>
   </div>
   <div class='ocr_carea' id='block_1_28' title="bbox 352 2557 1997 2630">
    <p class='ocr_par' dir='ltr' id='par_1_28' title="bbox 352 2557 1997 2630">
     <span class='ocr_line' id='line_1_28' title="bbox 352 2557 1997 2630; baseline 0.001 -13"><span class='ocrx_word' id='word_1_177' title='bbox 352 2557 530 2618; x_wconf 87' lang='lat' dir='ltr'><strong>modo</strong></span> <span class='ocrx_word' id='word_1_178' title='bbox 567 2566 704 2618; x_wconf 90' lang='lat' dir='ltr'><strong>tunc</strong></span> <span class='ocrx_word' id='word_1_179' title='bbox 739 2558 955 2618; x_wconf 86' lang='lat' dir='ltr'><strong>factum</strong></span> <span class='ocrx_word' id='word_1_180' title='bbox 985 2557 1230 2630; x_wconf 84' lang='lat' dir='ltr'><strong>sanctis,</strong></span> <span class='ocrx_word' id='word_1_181' title='bbox 1257 2558 1334 2618; x_wconf 87' lang='lat' dir='ltr'><strong>ita</strong></span> <span class='ocrx_word' id='word_1_182' title='bbox 1357 2575 1514 2618; x_wconf 90' lang='lat' dir='ltr'><strong>nunc</strong></span> <span class='ocrx_word' id='word_1_183' title='bbox 1545 2559 1818 2619; x_wconf 86' lang='lat' dir='ltr'><strong>auditum</strong></span> <span class='ocrx_word' id='word_1_184' title='bbox 1850 2558 1997 2618; x_wconf 75' lang='lat' dir='ltr'><strong>alle-</strong></span> 
     </span>
    </p>
   </div>
   <div class='ocr_carea' id='block_1_29' title="bbox 351 2646 1997 2709">
    <p class='ocr_par' dir='ltr' id='par_1_29' title="bbox 351 2646 1997 2709">
     <span class='ocr_line' id='line_1_29' title="bbox 351 2646 1997 2709; baseline -0.001 0"><span class='ocrx_word' id='word_1_185' title='bbox 351 2656 442 2709; x_wconf 89' lang='lat' dir='ltr'><strong>ret</strong></span> <span class='ocrx_word' id='word_1_186' title='bbox 478 2647 745 2709; x_wconf 90' lang='lat' dir='ltr'><strong>dolorem</strong></span> <span class='ocrx_word' id='word_1_187' title='bbox 780 2647 946 2706; x_wconf 84' lang='lat' dir='ltr'><strong>vobis</strong></span> <span class='ocrx_word' id='word_1_188' title='bbox 977 2647 1370 2709; x_wconf 85' lang='lat' dir='ltr'><strong>auditoribus.</strong></span> <span class='ocrx_word' id='word_1_189' title='bbox 1416 2646 1578 2709; x_wconf 92' lang='lat' dir='ltr'><strong>Unus</strong></span> <span class='ocrx_word' id='word_1_190' title='bbox 1610 2648 1768 2708; x_wconf 89' lang='lat' dir='ltr'><strong>enim</strong></span> <span class='ocrx_word' id='word_1_191' title='bbox 1801 2667 1868 2709; x_wconf 87' lang='lat' dir='ltr'><strong>ex</strong></span> <span class='ocrx_word' id='word_1_192' title='bbox 1895 2667 1997 2708; x_wconf 91' lang='lat' dir='ltr'><strong>so-</strong></span> 
     </span>
    </p>
   </div>
   <div class='ocr_carea' id='block_1_30' title="bbox 357 2732 1996 2814">
    <p class='ocr_par' dir='ltr' id='par_1_30' title="bbox 357 2732 1996 2814">
     <span class='ocr_line' id='line_1_30' title="bbox 357 2732 1996 2814; baseline 0.001 -17"><span class='ocrx_word' id='word_1_193' title='bbox 357 2735 472 2798; x_wconf 90' lang='lat' dir='ltr'><strong>ciis</strong></span> <span class='ocrx_word' id='word_1_194' title='bbox 503 2732 1084 2806; x_wconf 83' lang='lat' dir='ltr'><strong>certaminis,Victor</strong></span> <span class='ocrx_word' id='word_1_195' title='bbox 1105 2735 1557 2812; x_wconf 90' lang='lat' dir='ltr'><strong>nomine,quem</strong></span> <span class='ocrx_word' id='word_1_196' title='bbox 1571 2737 1756 2798; x_wconf 84' lang='lat' dir='ltr'><strong>sancti</strong></span> <span class='ocrx_word' id='word_1_197' title='bbox 1781 2756 1996 2814; x_wconf 87' lang='lat' dir='ltr'><strong>cogna-</strong></span> 
     </span>
    </p>
   </div>
   <div class='ocr_carea' id='block_1_31' title="bbox 353 2821 1996 2904">
    <p class='ocr_par' dir='ltr' id='par_1_31' title="bbox 353 2821 1996 2904">
     <span class='ocr_line' id='line_1_31' title="bbox 353 2821 1996 2904; baseline 0.002 -20"><span class='ocrx_word' id='word_1_198' title='bbox 353 2833 478 2885; x_wconf 90' lang='lat' dir='ltr'><strong>tum</strong></span> <span class='ocrx_word' id='word_1_199' title='bbox 514 2823 685 2902; x_wconf 87' lang='lat' dir='ltr'><strong>prius</strong></span> <span class='ocrx_word' id='word_1_200' title='bbox 717 2821 1001 2895; x_wconf 87' lang='lat' dir='ltr'><strong>diximus,</strong></span> <span class='ocrx_word' id='word_1_201' title='bbox 1038 2831 1097 2884; x_wconf 89' lang='lat' dir='ltr'><strong>et</strong></span> <span class='ocrx_word' id='word_1_202' title='bbox 1128 2823 1200 2884; x_wconf 91' lang='lat' dir='ltr'><strong>iis</strong></span> <span class='ocrx_word' id='word_1_203' title='bbox 1232 2842 1364 2900; x_wconf 59' lang='lat' dir='ltr'><strong>quae</strong></span> <span class='ocrx_word' id='word_1_204' title='bbox 1387 2825 1510 2904; x_wconf 88' lang='lat' dir='ltr'><strong>jam</strong></span> <span class='ocrx_word' id='word_1_205' title='bbox 1551 2835 1996 2904; x_wconf 69' lang='lat' dir='ltr'><strong>praecesserant,</strong></span> 
     </span>
    </p>
   </div>
   <div class='ocr_carea' id='block_1_32' title="bbox 356 2910 1994 2994">
    <p class='ocr_par' dir='ltr' id='par_1_32' title="bbox 356 2910 1994 2994">
     <span class='ocr_line' id='line_1_32' title="bbox 356 2910 1994 2994; baseline 0.002 -22"><span class='ocrx_word' id='word_1_206' title='bbox 356 2912 541 2992; x_wconf 86' lang='lat' dir='ltr'><strong>plagis</strong></span> <span class='ocrx_word' id='word_1_207' title='bbox 574 2910 900 2990; x_wconf 87' lang='lat' dir='ltr'><strong>emollitus,</strong></span> <span class='ocrx_word' id='word_1_208' title='bbox 937 2917 994 2972; x_wconf 88' lang='lat' dir='ltr'><strong>et</strong></span> <span class='ocrx_word' id='word_1_209' title='bbox 1023 2910 1466 2973; x_wconf 89' lang='lat' dir='ltr'><strong>inferendarum</strong></span> <span class='ocrx_word' id='word_1_210' title='bbox 1498 2921 1727 2975; x_wconf 89' lang='lat' dir='ltr'><strong>terrore</strong></span> <span class='ocrx_word' id='word_1_211' title='bbox 1760 2923 1994 2994; x_wconf 91' lang='lat' dir='ltr'><strong>pertur-</strong></span> 
     </span>
    </p>
   </div>
   <div class='ocr_carea' id='block_1_33' title="bbox 355 2999 1994 3078">
    <p class='ocr_par' dir='ltr' id='par_1_33' title="bbox 355 2999 1994 3078">
     <span class='ocr_line' id='line_1_33' title="bbox 355 2999 1994 3078; baseline 0.001 -16"><span class='ocrx_word' id='word_1_212' title='bbox 355 2999 527 3062; x_wconf 87' lang='lat' dir='ltr'><strong>batus</strong></span> <span class='ocrx_word' id='word_1_213' title='bbox 540 3017 608 3063; x_wconf 89' lang='lat' dir='ltr'><strong>ac</strong></span> <span class='ocrx_word' id='word_1_214' title='bbox 623 2999 1127 3074; x_wconf 90' lang='lat' dir='ltr'><strong>concussus,clam</strong></span> <span class='ocrx_word' id='word_1_215' title='bbox 1144 3001 1432 3064; x_wconf 89' lang='lat' dir='ltr'><strong>accersito</strong></span> <span class='ocrx_word' id='word_1_216' title='bbox 1451 3003 1994 3078; x_wconf 88' lang='lat' dir='ltr'><strong>commentariensi,</strong></span> 
     </span>
    </p>
   </div>
   <div class='ocr_carea' id='block_1_34' title="bbox 355 3088 1997 3168">
    <p class='ocr_par' dir='ltr' id='par_1_34' title="bbox 355 3088 1997 3168">
     <span class='ocr_line' id='line_1_34' title="bbox 355 3088 1997 3168; baseline 0.003 -19"><span class='ocrx_word' id='word_1_217' title='bbox 355 3096 422 3150; x_wconf 88' lang='lat' dir='ltr'><strong>ut</strong></span> <span class='ocrx_word' id='word_1_218' title='bbox 452 3088 582 3166; x_wconf 85' lang='lat' dir='ltr'><strong>ejus</strong></span> <span class='ocrx_word' id='word_1_219' title='bbox 641 3091 1050 3168; x_wconf 79' lang='lat' dir='ltr'><strong>misereretur,</strong></span> <span class='ocrx_word' id='word_1_220' title='bbox 1107 3089 1350 3168; x_wconf 83' lang='lat' dir='ltr'><strong>rogabat</strong></span> <span class='ocrx_word' id='word_1_221' title='bbox 1399 3090 1572 3151; x_wconf 88' lang='lat' dir='ltr'><strong>valde</strong></span> <span class='ocrx_word' id='word_1_222' title='bbox 1602 3092 1907 3154; x_wconf 76' lang='lat' dir='ltr'><strong>humiliter</strong></span> <span class='ocrx_word' id='word_1_223' title='bbox 1941 3101 1997 3154; x_wconf 85' lang='lat' dir='ltr'><strong>et</strong></span> 
     </span>
    </p>
   </div>
   <div class='ocr_carea' id='block_1_35' title="bbox 353 3173 1994 3263">
    <p class='ocr_par' dir='ltr' id='par_1_35' title="bbox 353 3173 1994 3263">
     <span class='ocr_line' id='line_1_35' title="bbox 353 3173 1994 3263; baseline 0.003 -26"><span class='ocrx_word' id='word_1_224' title='bbox 353 3173 1294 3263; x_wconf 82' lang='lat' dir='ltr'><strong>immisericorditer,cteximeret</strong></span> <span class='ocrx_word' id='word_1_225' title='bbox 1314 3197 1530 3240; x_wconf 89' lang='lat' dir='ltr'><strong>nomen</strong></span> <span class='ocrx_word' id='word_1_226' title='bbox 1545 3197 1714 3240; x_wconf 91' lang='lat' dir='ltr'><strong>suum</strong></span> <span class='ocrx_word' id='word_1_227' title='bbox 1732 3198 1800 3241; x_wconf 84' lang='lat' dir='ltr'><strong>ex</strong></span> <span class='ocrx_word' id='word_1_228' title='bbox 1826 3181 1994 3263; x_wconf 86' lang='lat' dir='ltr'><strong>actis,</strong></span> 
     </span>
    </p>
   </div>
   <div class='ocr_carea' id='block_1_36' title="bbox 356 3261 1998 3347">
    <p class='ocr_par' dir='ltr' id='par_1_36' title="bbox 356 3261 1998 3347">
     <span class='ocr_line' id='line_1_36' title="bbox 356 3261 1998 3347; baseline 0.005 -23"><span class='ocrx_word' id='word_1_229' title='bbox 356 3263 622 3342; x_wconf 87' lang='lat' dir='ltr'><strong>etipsum</strong></span> <span class='ocrx_word' id='word_1_230' title='bbox 646 3261 1329 3340; x_wconf 88' lang='lat' dir='ltr'><strong>dimitteretecustodia,</strong></span> <span class='ocrx_word' id='word_1_231' title='bbox 1356 3273 1596 3346; x_wconf 88' lang='lat' dir='ltr'><strong>accepta</strong></span> <span class='ocrx_word' id='word_1_232' title='bbox 1621 3286 1727 3347; x_wconf 90' lang='lat' dir='ltr'><strong>pro</strong></span> <span class='ocrx_word' id='word_1_233' title='bbox 1747 3286 1818 3329; x_wconf 92' lang='lat' dir='ltr'><strong>eo</strong></span> <span class='ocrx_word' id='word_1_234' title='bbox 1835 3261 1998 3332; x_wconf 57' lang='lat' dir='ltr'><strong>mer?-</strong></span> 
     </span>
    </p>
   </div>
   <div class='ocr_carea' id='block_1_37' title="bbox 2067 590 3719 680">
    <p class='ocr_par' dir='ltr' id='par_1_37' title="bbox 2067 590 3719 680">
     <span class='ocr_line' id='line_1_37' title="bbox 2067 590 3719 680; baseline -0.005 -22"><span class='ocrx_word' id='word_1_235' title='bbox 2067 601 2393 680; x_wconf 72' lang='grc' dir='ltr'><strong>στρατιώτας</strong></span> <span class='ocrx_word' id='word_1_236' title='bbox 2478 595 2542 654; x_wconf 67' lang='grc' dir='ltr'><strong>τσὶ</strong></span> <span class='ocrx_word' id='word_1_237' title='bbox 2616 592 2977 676; x_wconf 79' lang='grc' dir='ltr'>χαλεπώτατα</span> <span class='ocrx_word' id='word_1_238' title='bbox 3059 590 3413 669; x_wconf 72' lang='grc' dir='ltr'>διαθέμενοςζ</span> <span class='ocrx_word' id='word_1_239' title='bbox 3513 594 3608 650; x_wconf 83' lang='grc' dir='ltr'><strong>Καὶ</strong></span> <span class='ocrx_word' id='word_1_240' title='bbox 3692 595 3719 650; x_wconf 79' lang='grc' dir='ltr'>ὁ</span> 
     </span>
    </p>
   </div>
   <div class='ocr_carea' id='block_1_38' title="bbox 2067 681 3720 767">
    <p class='ocr_par' dir='ltr' id='par_1_38' title="bbox 2067 681 3720 767">
     <span class='ocr_line' id='line_1_38' title="bbox 2067 681 3720 767; baseline -0.003 -22"><span class='ocrx_word' id='word_1_241' title='bbox 2067 703 2313 767; x_wconf 76' lang='grc' dir='ltr'>γενναῖος</span> <span class='ocrx_word' id='word_1_242' title='bbox 2373 687 2575 765; x_wconf 75' lang='grc' dir='ltr'>Ἱέρων,</span> <span class='ocrx_word' id='word_1_243' title='bbox 2630 683 2774 741; x_wconf 70' lang='grc' dir='ltr'>οὖδὲν</span> <span class='ocrx_word' id='word_1_244' title='bbox 2829 685 2890 739; x_wconf 81' lang='grc' dir='ltr'>τὸ</span> <span class='ocrx_word' id='word_1_245' title='bbox 2942 682 3192 761; x_wconf 76' lang='grc' dir='ltr'>παράπαν</span> <span class='ocrx_word' id='word_1_246' title='bbox 3248 681 3720 760; x_wconf 78' lang='grc' dir='ltr'>ὑποστειλάμενος,</span> 
     </span>
    </p>
   </div>
   <div class='ocr_carea' id='block_1_39' title="bbox 2071 768 3733 854">
    <p class='ocr_par' dir='ltr' id='par_1_39' title="bbox 2071 768 3733 854">
     <span class='ocr_line' id='line_1_39' title="bbox 2071 768 3733 854; baseline 0.002 -25"><span class='ocrx_word' id='word_1_247' title='bbox 2071 778 2185 854; x_wconf 70' lang='grc' dir='ltr'>ᾔδει</span> <span class='ocrx_word' id='word_1_248' title='bbox 2237 779 2336 854; x_wconf 80' lang='grc' dir='ltr'>γὰρ</span> <span class='ocrx_word' id='word_1_249' title='bbox 2381 778 2468 832; x_wconf 84' lang='grc' dir='ltr'><strong>καὶ</strong></span> <span class='ocrx_word' id='word_1_250' title='bbox 2523 776 2676 837; x_wconf 70' lang='grc' dir='ltr'>αὐτὸς</span> <span class='ocrx_word' id='word_1_251' title='bbox 2730 773 2864 847; x_wconf 82' lang='grc' dir='ltr'><strong>μετά</strong></span> <span class='ocrx_word' id='word_1_252' title='bbox 2907 773 3000 828; x_wconf 69' lang='grc' dir='ltr'>τοῦ</span> <span class='ocrx_word' id='word_1_253' title='bbox 3050 768 3214 828; x_wconf 85' lang='grc' dir='ltr'>Δαυ’ίδ</span> <span class='ocrx_word' id='word_1_254' title='bbox 3269 770 3525 852; x_wconf 75' lang='grc' dir='ltr'>λέγειν,¹</span> <span class='ocrx_word' id='word_1_255' title='bbox 3589 773 3733 833; x_wconf 68' lang='grc' dir='ltr'>Τοῦε</span> 
     </span>
    </p>
   </div>
   <div class='ocr_carea' id='block_1_40' title="bbox 2074 859 3738 942">
    <p class='ocr_par' dir='ltr' id='par_1_40' title="bbox 2074 859 3738 942">
     <span class='ocr_line' id='line_1_40' title="bbox 2074 859 3738 942; baseline -0.007 -20"><span class='ocrx_word' id='word_1_256' title='bbox 2074 866 2355 942; x_wconf 74' lang='grc' dir='ltr'>μισοῦντάς</span> <span class='ocrx_word' id='word_1_257' title='bbox 2413 885 2494 940; x_wconf 76' lang='grc' dir='ltr'><strong>σε,</strong></span> <span class='ocrx_word' id='word_1_258' title='bbox 2549 863 2724 940; x_wconf 81' lang='grc' dir='ltr'>Κύριε,</span> <span class='ocrx_word' id='word_1_259' title='bbox 2772 861 3002 933; x_wconf 60' lang='grc' dir='ltr'>ἐμίσησα</span> <span class='ocrx_word' id='word_1_260' title='bbox 3061 860 3149 916; x_wconf 85' lang='grc' dir='ltr'><strong>καὶ</strong></span> <span class='ocrx_word' id='word_1_261' title='bbox 3206 859 3291 915; x_wconf 68' lang='grc' dir='ltr'>ἐπὶ</span> <span class='ocrx_word' id='word_1_262' title='bbox 3346 873 3461 925; x_wconf 75' lang='grc' dir='ltr'>τοῖς</span> <span class='ocrx_word' id='word_1_263' title='bbox 3502 859 3738 939; x_wconf 72' lang='grc' dir='ltr'>ἐχθροϊςῖ</span> 
     </span>
    </p>
   </div>
   <div class='ocr_carea' id='block_1_41' title="bbox 2077 946 3748 1042">
    <p class='ocr_par' dir='ltr' id='par_1_41' title="bbox 2077 946 3748 1042">
     <span class='ocr_line' id='line_1_41' title="bbox 2077 946 3748 1042; baseline -0.004 -30"><span class='ocrx_word' id='word_1_264' title='bbox 2077 978 2168 1012; x_wconf 86' lang='grc' dir='ltr'><strong>σου</strong></span> <span class='ocrx_word' id='word_1_265' title='bbox 2224 952 2577 1030; x_wconf 78' lang='grc' dir='ltr'>ἐξετηκόμην,</span> <span class='ocrx_word' id='word_1_266' title='bbox 2633 974 2655 1007; x_wconf 81' lang='grc' dir='ltr'>ι)</span> <span class='ocrx_word' id='word_1_267' title='bbox 2735 951 2889 1011; x_wconf 56' lang='lat' dir='ltr'><strong>auro;</strong></span> <span class='ocrx_word' id='word_1_268' title='bbox 2961 962 3100 1004; x_wconf 72' lang='grc' dir='ltr'>εἶναι</span> <span class='ocrx_word' id='word_1_269' title='bbox 3171 946 3594 1025; x_wconf 86' lang='grc' dir='ltr'>διωμολόγησεν.</span> <span class='ocrx_word' id='word_1_270' title='bbox 3656 947 3748 1042; x_wconf 47' lang='grc' dir='ltr'><strong>Ὀο·</strong></span> 
     </span>
    </p>
   </div>
   <div class='ocr_carea' id='block_1_42' title="bbox 2078 1035 3748 1121">
    <p class='ocr_par' dir='ltr' id='par_1_42' title="bbox 2078 1035 3748 1121">
     <span class='ocr_line' id='line_1_42' title="bbox 2078 1035 3748 1121; baseline 0.002 -22"><span class='ocrx_word' id='word_1_271' title='bbox 2078 1044 2132 1100; x_wconf 75' lang='grc' dir='ltr'>δὲ</span> <span class='ocrx_word' id='word_1_272' title='bbox 2192 1042 2398 1121; x_wconf 75' lang='grc' dir='ltr'>ἅρχων,</span> <span class='ocrx_word' id='word_1_273' title='bbox 2467 1042 2562 1097; x_wconf 69' lang='grc' dir='ltr'>οὐκ</span> <span class='ocrx_word' id='word_1_274' title='bbox 2631 1038 2908 1100; x_wconf 80' lang='grc' dir='ltr'><strong>ἐπαινέσας</strong></span> <span class='ocrx_word' id='word_1_275' title='bbox 2967 1039 3041 1101; x_wconf 83' lang='grc' dir='ltr'>ὡς</span> <span class='ocrx_word' id='word_1_276' title='bbox 3097 1035 3302 1115; x_wconf 84' lang='grc' dir='ltr'>ἀνδρίαν</span> <span class='ocrx_word' id='word_1_277' title='bbox 3360 1039 3422 1094; x_wconf 72' lang='grc' dir='ltr'><strong>τὸ</strong></span> <span class='ocrx_word' id='word_1_278' title='bbox 3477 1035 3748 1116; x_wconf 52' lang='grc' dir='ltr'><strong>’γε-ογονόςξΔ</strong></span> 
     </span>
    </p>
   </div>
   <div class='ocr_carea' id='block_1_43' title="bbox 2079 1126 3753 1208">
    <p class='ocr_par' dir='ltr' id='par_1_43' title="bbox 2079 1126 3753 1208">
     <span class='ocr_line' id='line_1_43' title="bbox 2079 1126 3753 1208; baseline -0.004 -20"><span class='ocrx_word' id='word_1_279' title='bbox 2079 1131 2196 1188; x_wconf 88' lang='grc' dir='ltr'>ἀλλ’</span> <span class='ocrx_word' id='word_1_280' title='bbox 2255 1134 2327 1193; x_wconf 80' lang='grc' dir='ltr'>ὡς</span> <span class='ocrx_word' id='word_1_281' title='bbox 2399 1130 2694 1208; x_wconf 82' lang='grc' dir='ltr'>θρασύτητα</span> <span class='ocrx_word' id='word_1_282' title='bbox 2759 1128 2979 1190; x_wconf 72' lang='grc' dir='ltr'>κακίσας</span> <span class='ocrx_word' id='word_1_283' title='bbox 3053 1126 3256 1203; x_wconf 81' lang='grc' dir='ltr'>μᾶλλον</span> <span class='ocrx_word' id='word_1_284' title='bbox 3315 1128 3404 1184; x_wconf 82' lang='grc' dir='ltr'><strong>καὶ</strong></span> <span class='ocrx_word' id='word_1_285' title='bbox 3474 1129 3588 1205; x_wconf 70' lang='grc' dir='ltr'>περὶ</span> <span class='ocrx_word' id='word_1_286' title='bbox 3660 1130 3753 1183; x_wconf 79' lang='grc' dir='ltr'><strong>τὸ·</strong></span> 
     </span>
    </p>
   </div>
   <div class='ocr_carea' id='block_1_44' title="bbox 2078 1210 3750 1298">
    <p class='ocr_par' dir='ltr' id='par_1_44' title="bbox 2078 1210 3750 1298">
     <span class='ocr_line' id='line_1_44' title="bbox 2078 1210 3750 1298; baseline -0.004 -20"><span class='ocrx_word' id='word_1_287' title='bbox 2078 1221 2487 1298; x_wconf 80' lang='grc' dir='ltr'>διατεταγμένον</span> <span class='ocrx_word' id='word_1_288' title='bbox 2570 1219 2835 1275; x_wconf 78' lang='grc' dir='ltr'><strong>ἀπείθειαν</strong></span> <span class='ocrx_word' id='word_1_289' title='bbox 2871 1265 2886 1291; x_wconf 85' lang='grc'><strong>,</strong></span> <span class='ocrx_word' id='word_1_290' title='bbox 2977 1217 3217 1288; x_wconf 71' lang='grc' dir='ltr'>κολάζειν</span> <span class='ocrx_word' id='word_1_291' title='bbox 3293 1217 3460 1284; x_wconf 73' lang='grc' dir='ltr'>ἠξίου.</span> <span class='ocrx_word' id='word_1_292' title='bbox 3560 1210 3750 1275; x_wconf 53' lang='grc' dir='ltr'>Ἐπεΐῖ</span> 
     </span>
    </p>
   </div>
   <div class='ocr_carea' id='block_1_45' title="bbox 2077 1306 3745 1390">
    <p class='ocr_par' dir='ltr' id='par_1_45' title="bbox 2077 1306 3745 1390">
     <span class='ocr_line' id='line_1_45' title="bbox 2077 1306 3745 1390; baseline -0.004 -23"><span class='ocrx_word' id='word_1_293' title='bbox 2077 1313 2176 1390; x_wconf 85' lang='grc' dir='ltr'><strong>γάρ</strong></span> <span class='ocrx_word' id='word_1_294' title='bbox 2229 1333 2309 1390; x_wconf 83' lang='grc' dir='ltr'><strong>σε,</strong></span> <span class='ocrx_word' id='word_1_295' title='bbox 2343 1312 2522 1389; x_wconf 76' lang='grc' dir='ltr'>φησὶν,</span> <span class='ocrx_word' id='word_1_296' title='bbox 2557 1310 2628 1373; x_wconf 81' lang='grc' dir='ltr'>εἷς</span> <span class='ocrx_word' id='word_1_297' title='bbox 2687 1314 2840 1364; x_wconf 82' lang='grc' dir='ltr'>τοῦτο</span> <span class='ocrx_word' id='word_1_298' title='bbox 2896 1308 3113 1384; x_wconf 77' lang='grc' dir='ltr'>θράσους</span> <span class='ocrx_word' id='word_1_299' title='bbox 3171 1309 3205 1375; x_wconf 80' lang='grc' dir='ltr'>ἡ</span> <span class='ocrx_word' id='word_1_300' title='bbox 3263 1306 3530 1387; x_wconf 69' lang='grc' dir='ltr'>ἀφροσύνη</span> <span class='ocrx_word' id='word_1_301' title='bbox 3588 1329 3745 1363; x_wconf 72' lang='grc' dir='ltr'>συν-ν-</span> 
     </span>
    </p>
   </div>
   <div class='ocr_carea' id='block_1_46' title="bbox 2077 1394 3723 1474">
    <p class='ocr_par' dir='ltr' id='par_1_46' title="bbox 2077 1394 3723 1474">
     <span class='ocr_line' id='line_1_46' title="bbox 2077 1394 3723 1474; baseline -0.004 -18"><span class='ocrx_word' id='word_1_302' title='bbox 2077 1402 2298 1471; x_wconf 83' lang='grc' dir='ltr'>ώθηνεν,</span> <span class='ocrx_word' id='word_1_303' title='bbox 2361 1401 2433 1463; x_wconf 81' lang='grc' dir='ltr'>ὡς</span> <span class='ocrx_word' id='word_1_304' title='bbox 2481 1399 2567 1454; x_wconf 86' lang='grc' dir='ltr'><strong>καὶ</strong></span> <span class='ocrx_word' id='word_1_305' title='bbox 2638 1395 2920 1472; x_wconf 82' lang='grc' dir='ltr'>βασιλικῆς</span> <span class='ocrx_word' id='word_1_306' title='bbox 2993 1394 3224 1461; x_wconf 79' lang='grc' dir='ltr'>ἐξουσίας</span> <span class='ocrx_word' id='word_1_307' title='bbox 3298 1401 3723 1474; x_wconf 78' lang='grc' dir='ltr'>καταφρυνῇσαι,</span> 
     </span>
    </p>
   </div>
   <div class='ocr_carea' id='block_1_47' title="bbox 2073 1482 3726 1564">
    <p class='ocr_par' dir='ltr' id='par_1_47' title="bbox 2073 1482 3726 1564">
     <span class='ocr_line' id='line_1_47' title="bbox 2073 1482 3726 1564; baseline -0.003 -19"><span class='ocrx_word' id='word_1_308' title='bbox 2073 1491 2172 1555; x_wconf 76' lang='grc' dir='ltr'>τῆς</span> <span class='ocrx_word' id='word_1_309' title='bbox 2269 1489 2419 1561; x_wconf 69' lang='grc' dir='ltr'>ἡμῶν</span> <span class='ocrx_word' id='word_1_310' title='bbox 2501 1510 2558 1544; x_wconf 90' lang='grc' dir='ltr'><strong>τε</strong></span> <span class='ocrx_word' id='word_1_311' title='bbox 2651 1485 2913 1564; x_wconf 78' lang='grc' dir='ltr'>ἀλογῆσαι</span> <span class='ocrx_word' id='word_1_312' title='bbox 3009 1482 3361 1563; x_wconf 71' lang='grc' dir='ltr'>προστάξεως,</span> <span class='ocrx_word' id='word_1_313' title='bbox 3441 1486 3528 1541; x_wconf 81' lang='grc' dir='ltr'>καὶ</span> <span class='ocrx_word' id='word_1_314' title='bbox 3597 1486 3726 1549; x_wconf 77' lang='grc' dir='ltr'>τοὺς</span> 
     </span>
    </p>
   </div>
   <div class='ocr_carea' id='block_1_48' title="bbox 2076 1573 3142 1654">
    <p class='ocr_par' dir='ltr' id='par_1_48' title="bbox 2076 1573 3142 1654">
     <span class='ocr_line' id='line_1_48' title="bbox 2076 1573 3142 1654; baseline -0.003 -21"><span class='ocrx_word' id='word_1_315' title='bbox 2076 1575 2335 1654; x_wconf 73' lang='grc' dir='ltr'>ὅπηρὲτσίς</span> <span class='ocrx_word' id='word_1_316' title='bbox 2431 1575 2733 1651; x_wconf 80' lang='grc' dir='ltr'>κατακόψαι</span> <span class='ocrx_word' id='word_1_317' title='bbox 2838 1573 3092 1653; x_wconf 74' lang='grc' dir='ltr'>ῥοπάλοις</span> <span class='ocrx_word' id='word_1_318' title='bbox 3127 1623 3142 1648; x_wconf 93' lang='grc'><strong>,</strong></span> 
     </span>
    </p>
   </div>
   <div class='ocr_carea' id='block_1_49' title="bbox 2075 1663 3731 1745">
    <p class='ocr_par' dir='ltr' id='par_1_49' title="bbox 2075 1663 3731 1745">
     <span class='ocr_line' id='line_1_49' title="bbox 2075 1663 3731 1745; baseline -0.002 -23"><span class='ocrx_word' id='word_1_319' title='bbox 2075 1669 2219 1745; x_wconf 71' lang='grc' dir='ltr'>φρενὶ</span> <span class='ocrx_word' id='word_1_320' title='bbox 2290 1663 2640 1722; x_wconf 83' lang='grc' dir='ltr'>δουλεύσασαν</span> <span class='ocrx_word' id='word_1_321' title='bbox 2702 1677 2866 1744; x_wconf 73' lang='grc' dir='ltr'>χεῖρα</span> <span class='ocrx_word' id='word_1_322' title='bbox 2937 1663 2988 1728; x_wconf 76' lang='grc' dir='ltr'>ἐξ</span> <span class='ocrx_word' id='word_1_323' title='bbox 3060 1663 3217 1723; x_wconf 74' lang='grc' dir='ltr'>αὗτοῦ</span> <span class='ocrx_word' id='word_1_324' title='bbox 3287 1663 3524 1742; x_wconf 83' lang='grc' dir='ltr'>ἀγκῶνος</span> <span class='ocrx_word' id='word_1_325' title='bbox 3591 1664 3731 1719; x_wconf 86' lang='grc' dir='ltr'>ἀπο-</span> 
     </span>
    </p>
   </div>
   <div class='ocr_carea' id='block_1_50' title="bbox 2075 1752 3728 1832">
    <p class='ocr_par' dir='ltr' id='par_1_50' title="bbox 2075 1752 3728 1832">
     <span class='ocr_line' id='line_1_50' title="bbox 2075 1752 3728 1832; baseline -0.002 -21"><span class='ocrx_word' id='word_1_326' title='bbox 2075 1756 2342 1829; x_wconf 72' lang='grc' dir='ltr'>τμηθῆναι</span> <span class='ocrx_word' id='word_1_327' title='bbox 2395 1753 2619 1816; x_wconf 85' lang='grc' dir='ltr'>κελεύω,</span> <span class='ocrx_word' id='word_1_328' title='bbox 2679 1760 2880 1810; x_wconf 83' lang='grc' dir='ltr'>Θᾶττον</span> <span class='ocrx_word' id='word_1_329' title='bbox 2947 1752 3037 1810; x_wconf 80' lang='grc' dir='ltr'>οὖν</span> <span class='ocrx_word' id='word_1_330' title='bbox 3095 1752 3128 1820; x_wconf 73' lang='grc' dir='ltr'>ἣ</span> <span class='ocrx_word' id='word_1_331' title='bbox 3187 1752 3377 1832; x_wconf 75' lang='grc' dir='ltr'>ἐῤῥήθη</span> <span class='ocrx_word' id='word_1_332' title='bbox 3436 1755 3496 1809; x_wconf 79' lang='grc' dir='ltr'>τὸ</span> <span class='ocrx_word' id='word_1_333' title='bbox 3548 1775 3728 1830; x_wconf 80' lang='grc' dir='ltr'>προσ-</span> 
     </span>
    </p>
   </div>
   <div class='ocr_carea' id='block_1_51' title="bbox 2077 1841 3730 1921">
    <p class='ocr_par' dir='ltr' id='par_1_51' title="bbox 2077 1841 3730 1921">
     <span class='ocr_line' id='line_1_51' title="bbox 2077 1841 3730 1921; baseline 0.001 -21"><span class='ocrx_word' id='word_1_334' title='bbox 2077 1844 2427 1918; x_wconf 80' lang='grc' dir='ltr'>ἐτασσόμενον</span> <span class='ocrx_word' id='word_1_335' title='bbox 2530 1841 2792 1903; x_wconf 78' lang='grc' dir='ltr'>ἐτελεῖτο.</span> <span class='ocrx_word' id='word_1_336' title='bbox 2881 1843 3011 1906; x_wconf 82' lang='grc' dir='ltr'>Τοὺς</span> <span class='ocrx_word' id='word_1_337' title='bbox 3115 1841 3168 1897; x_wconf 78' lang='grc' dir='ltr'>δὲ</span> <span class='ocrx_word' id='word_1_338' title='bbox 3251 1841 3440 1908; x_wconf 73' lang='grc' dir='ltr'>ἄλλους</span> <span class='ocrx_word' id='word_1_339' title='bbox 3544 1844 3730 1921; x_wconf 77' lang='grc' dir='ltr'>ἁγίους</span> 
     </span>
    </p>
   </div>
   <div class='ocr_carea' id='block_1_52' title="bbox 2079 1931 3726 2008">
    <p class='ocr_par' dir='ltr' id='par_1_52' title="bbox 2079 1931 3726 2008">
     <span class='ocr_line' id='line_1_52' title="bbox 2079 1931 3726 2008; baseline -0.001 -20"><span class='ocrx_word' id='word_1_340' title='bbox 2079 1932 2279 1988; x_wconf 86' lang='grc' dir='ltr'>κελεύει</span> <span class='ocrx_word' id='word_1_341' title='bbox 2352 1931 2590 1996; x_wconf 77' lang='grc' dir='ltr'>δεθέντας</span> <span class='ocrx_word' id='word_1_342' title='bbox 2674 1933 2871 2004; x_wconf 79' lang='grc' dir='ltr'>νεύροις</span> <span class='ocrx_word' id='word_1_343' title='bbox 2947 1933 3085 2008; x_wconf 83' lang='grc' dir='ltr'>βοῶν</span> <span class='ocrx_word' id='word_1_344' title='bbox 3172 1931 3413 1998; x_wconf 78' lang='grc' dir='ltr'>ἀνηλεῶς</span> <span class='ocrx_word' id='word_1_345' title='bbox 3497 1931 3726 2007; x_wconf 79' lang='grc' dir='ltr'>Εὲεσθαι,</span> 
     </span>
    </p>
   </div>
   <div class='ocr_carea' id='block_1_53' title="bbox 3229 1571 3727 1648">
    <p class='ocr_par' dir='ltr' id='par_1_53' title="bbox 3229 1571 3727 1648">
     <span class='ocr_line' id='line_1_53' title="bbox 3229 1571 3727 1648; baseline -0.004 -17"><span class='ocrx_word' id='word_1_346' title='bbox 3229 1577 3326 1642; x_wconf 75' lang='grc' dir='ltr'><strong>τὴν</strong></span> <span class='ocrx_word' id='word_1_347' title='bbox 3423 1575 3455 1630; x_wconf 87' lang='grc' dir='ltr'><strong>ἀ</strong></span> <span class='ocrx_word' id='word_1_348' title='bbox 3467 1571 3727 1648; x_wconf 73' lang='grc' dir='ltr'>παιδεύτῳ</span> 
     </span>
    </p>
   </div>
   <div class='ocr_carea' id='block_1_54' title="bbox 2080 2019 3728 2100">
    <p class='ocr_par' dir='ltr' id='par_1_54' title="bbox 2080 2019 3728 2100">
     <span class='ocr_line' id='line_1_54' title="bbox 2080 2019 3728 2100; baseline -0.001 -23"><span class='ocrx_word' id='word_1_349' title='bbox 2080 2021 2207 2100; x_wconf 70' lang='grc' dir='ltr'>ὅπερ</span> <span class='ocrx_word' id='word_1_350' title='bbox 2293 2021 2610 2098; x_wconf 73' lang='grc' dir='ltr'>εὔφροσύνης</span> <span class='ocrx_word' id='word_1_351' title='bbox 2696 2019 2900 2088; x_wconf 81' lang='grc' dir='ltr'>μᾶλλον</span> <span class='ocrx_word' id='word_1_352' title='bbox 2981 2022 3016 2089; x_wconf 75' lang='grc' dir='ltr'>ἢ</span> <span class='ocrx_word' id='word_1_353' title='bbox 3103 2019 3288 2088; x_wconf 86' lang='grc' dir='ltr'>ὀδύνης</span> <span class='ocrx_word' id='word_1_354' title='bbox 3369 2022 3491 2083; x_wconf 78' lang='grc' dir='ltr'>τοῖς</span> <span class='ocrx_word' id='word_1_355' title='bbox 3577 2022 3728 2099; x_wconf 66' lang='lat' dir='ltr'><strong>pip-</strong></span> 
     </span>
    </p>
   </div>
   <div class='ocr_carea' id='block_1_55' title="bbox 2079 2109 3736 2189">
    <p class='ocr_par' dir='ltr' id='par_1_55' title="bbox 2079 2109 3736 2189">
     <span class='ocr_line' id='line_1_55' title="bbox 2079 2109 3736 2189; baseline -0.001 -22"><span class='ocrx_word' id='word_1_356' title='bbox 2079 2134 2192 2167; x_wconf 87' lang='grc' dir='ltr'>τυσι</span> <span class='ocrx_word' id='word_1_357' title='bbox 2269 2109 2515 2188; x_wconf 78' lang='grc' dir='ltr'>πρόξενον</span> <span class='ocrx_word' id='word_1_358' title='bbox 2735 2109 2858 2166; x_wconf 84' lang='grc' dir='ltr'><strong>Ἐπὶ</strong></span> <span class='ocrx_word' id='word_1_359' title='bbox 2928 2109 3160 2175; x_wconf 69' lang='grc' dir='ltr'>πολλαῖς</span> <span class='ocrx_word' id='word_1_360' title='bbox 3223 2112 3322 2189; x_wconf 81' lang='grc' dir='ltr'>γὰρ</span> <span class='ocrx_word' id='word_1_361' title='bbox 3384 2125 3506 2175; x_wconf 73' lang='grc' dir='ltr'>ταῖς</span> <span class='ocrx_word' id='word_1_362' title='bbox 3563 2110 3736 2187; x_wconf 78' lang='grc' dir='ltr'>ὥραις</span> 
     </span>
    </p>
   </div>
   <div class='ocr_carea' id='block_1_56' title="bbox 2077 2198 3742 2278">
    <p class='ocr_par' dir='ltr' id='par_1_56' title="bbox 2077 2198 3742 2278">
     <span class='ocr_line' id='line_1_56' title="bbox 2077 2198 3742 2278; baseline 0.001 -23"><span class='ocrx_word' id='word_1_363' title='bbox 2077 2203 2534 2278; x_wconf 69' lang='grc' dir='ltr'>ἓγκαρτεροῦντες,</span> <span class='ocrx_word' id='word_1_364' title='bbox 2622 2199 2781 2278; x_wconf 80' lang='grc' dir='ltr'>χάριν</span> <span class='ocrx_word' id='word_1_365' title='bbox 2873 2198 3181 2277; x_wconf 79' lang='grc' dir='ltr'>ὡμολόγουν</span> <span class='ocrx_word' id='word_1_366' title='bbox 3267 2207 3406 2277; x_wconf 82' lang='grc' dir='ltr'>Θεῷ,</span> <span class='ocrx_word' id='word_1_367' title='bbox 3480 2201 3742 2264; x_wconf 59' lang='grc' dir='ltr'>τοιαύτας</span> 
     </span>
    </p>
   </div>
   <div class='ocr_carea' id='block_1_57' title="bbox 2076 2289 3742 2368">
    <p class='ocr_par' dir='ltr' id='par_1_57' title="bbox 2076 2289 3742 2368">
     <span class='ocr_line' id='line_1_57' title="bbox 2076 2289 3742 2368; baseline 0.001 -24"><span class='ocrx_word' id='word_1_368' title='bbox 2076 2292 2364 2363; x_wconf 77' lang='grc' dir='ltr'>ὑπομεῖναι</span> <span class='ocrx_word' id='word_1_369' title='bbox 2422 2289 2514 2351; x_wconf 74' lang='grc' dir='ltr'><strong>τὰς</strong></span> <span class='ocrx_word' id='word_1_370' title='bbox 2565 2289 2823 2366; x_wconf 84' lang='grc' dir='ltr'>τιμωρίας</span> <span class='ocrx_word' id='word_1_371' title='bbox 2874 2289 3002 2361; x_wconf 82' lang='grc' dir='ltr'>ὑπὲρ</span> <span class='ocrx_word' id='word_1_372' title='bbox 3045 2297 3137 2346; x_wconf 85' lang='grc' dir='ltr'>τοῦ</span> <span class='ocrx_word' id='word_1_373' title='bbox 3193 2290 3342 2368; x_wconf 73' lang='grc' dir='ltr'>ἁγίου</span> <span class='ocrx_word' id='word_1_374' title='bbox 3397 2290 3553 2346; x_wconf 59' lang='lat' dir='ltr'><strong>abte;</strong></span> <span class='ocrx_word' id='word_1_375' title='bbox 3600 2291 3742 2346; x_wconf 74' lang='grc' dir='ltr'>ὀνόσ-</span> 
     </span>
    </p>
   </div>
   <div class='ocr_carea' id='block_1_58' title="bbox 2080 2377 3745 2454">
    <p class='ocr_par' dir='ltr' id='par_1_58' title="bbox 2080 2377 3745 2454">
     <span class='ocr_line' id='line_1_58' title="bbox 2080 2377 3745 2454; baseline 0.001 -22"><span class='ocrx_word' id='word_1_376' title='bbox 2080 2401 2246 2452; x_wconf 86' lang='grc' dir='ltr'>ματος</span> <span class='ocrx_word' id='word_1_377' title='bbox 2306 2377 2616 2442; x_wconf 79' lang='grc' dir='ltr'>ἀξιώσαντι,</span> <span class='ocrx_word' id='word_1_378' title='bbox 2677 2378 2736 2435; x_wconf 87' lang='grc' dir='ltr'>Τί</span> <span class='ocrx_word' id='word_1_379' title='bbox 2789 2379 2850 2433; x_wconf 80' lang='grc' dir='ltr'>τὸ</span> <span class='ocrx_word' id='word_1_380' title='bbox 2909 2377 3193 2454; x_wconf 72' lang='grc' dir='ltr'>ἒντεῦθενς</span> <span class='ocrx_word' id='word_1_381' title='bbox 3256 2379 3449 2452; x_wconf 72' lang='grc' dir='ltr'>Εἷριιτὴ</span> <span class='ocrx_word' id='word_1_382' title='bbox 3490 2379 3583 2442; x_wconf 74' lang='grc' dir='ltr'><strong>τὰς</strong></span> <span class='ocrx_word' id='word_1_383' title='bbox 3615 2380 3745 2454; x_wconf 69' lang='grc' dir='ltr'>μάσ-</span> 
     </span>
    </p>
   </div>
   <div class='ocr_carea' id='block_1_59' title="bbox 2079 2464 3742 2546">
    <p class='ocr_par' dir='ltr' id='par_1_59' title="bbox 2079 2464 3742 2546">
     <span class='ocr_line' id='line_1_59' title="bbox 2079 2464 3742 2546; baseline 0.001 -24"><span class='ocrx_word' id='word_1_384' title='bbox 2079 2489 2262 2542; x_wconf 86' lang='grc' dir='ltr'>στιγας</span> <span class='ocrx_word' id='word_1_385' title='bbox 2327 2464 2660 2545; x_wconf 69' lang='grc' dir='ltr'>διαδέχεται.</span> <span class='ocrx_word' id='word_1_386' title='bbox 2721 2465 2870 2534; x_wconf 79' lang='grc' dir='ltr'>Πλὴν</span> <span class='ocrx_word' id='word_1_387' title='bbox 2931 2465 3050 2522; x_wconf 84' lang='grc' dir='ltr'>ἀλλ’</span> <span class='ocrx_word' id='word_1_388' title='bbox 3114 2465 3232 2524; x_wconf 80' lang='grc' dir='ltr'>οἶδα</span> <span class='ocrx_word' id='word_1_389' title='bbox 3289 2470 3349 2525; x_wconf 79' lang='grc' dir='ltr'><strong>το</strong></span> <span class='ocrx_word' id='word_1_390' title='bbox 3406 2469 3742 2546; x_wconf 68' lang='grc' dir='ltr'>ῥηθήσεσθαι</span> 
     </span>
    </p>
   </div>
   <div class='ocr_carea' id='block_1_60' title="bbox 2082 2554 3732 2636">
    <p class='ocr_par' dir='ltr' id='par_1_60' title="bbox 2082 2554 3732 2636">
     <span class='ocr_line' id='line_1_60' title="bbox 2082 2554 3732 2636; baseline 0.002 -27"><span class='ocrx_word' id='word_1_391' title='bbox 2082 2555 2278 2631; x_wconf 80' lang='grc' dir='ltr'>μέλλον</span> <span class='ocrx_word' id='word_1_392' title='bbox 2315 2573 2329 2589; x_wconf 78' lang='grc'><strong><em>⁸</em></strong></span> <span class='ocrx_word' id='word_1_393' title='bbox 2411 2554 2535 2626; x_wconf 82' lang='grc' dir='ltr'>ὅτι,</span> <span class='ocrx_word' id='word_1_394' title='bbox 2596 2555 2774 2634; x_wconf 81' lang='grc' dir='ltr'>ὥσπερ</span> <span class='ocrx_word' id='word_1_395' title='bbox 2844 2556 2964 2612; x_wconf 84' lang='grc' dir='ltr'>τότε</span> <span class='ocrx_word' id='word_1_396' title='bbox 3037 2557 3273 2636; x_wconf 79' lang='grc' dir='ltr'>πραχθὲν</span> <span class='ocrx_word' id='word_1_397' title='bbox 3342 2558 3460 2621; x_wconf 81' lang='grc' dir='ltr'>τοῖς</span> <span class='ocrx_word' id='word_1_398' title='bbox 3530 2558 3732 2634; x_wconf 84' lang='grc' dir='ltr'>ἁγίοις,</span> 
     </span>
    </p>
   </div>
   <div class='ocr_carea' id='block_1_61' title="bbox 2081 2643 3734 2723">
    <p class='ocr_par' dir='ltr' id='par_1_61' title="bbox 2081 2643 3734 2723">
     <span class='ocr_line' id='line_1_61' title="bbox 2081 2643 3734 2723; baseline 0.003 -25"><span class='ocrx_word' id='word_1_399' title='bbox 2081 2643 2218 2699; x_wconf 74' lang='grc' dir='ltr'>οὕτω</span> <span class='ocrx_word' id='word_1_400' title='bbox 2293 2653 2379 2701; x_wconf 82' lang='grc' dir='ltr'>νῦν</span> <span class='ocrx_word' id='word_1_401' title='bbox 2455 2643 2730 2718; x_wconf 77' lang='grc' dir='ltr'>ἀκουσθὲν,</span> <span class='ocrx_word' id='word_1_402' title='bbox 2791 2643 2966 2711; x_wconf 84' lang='grc' dir='ltr'>λύπην</span> <span class='ocrx_word' id='word_1_403' title='bbox 3036 2651 3165 2720; x_wconf 76' lang='grc' dir='ltr'>ὑμῖν</span> <span class='ocrx_word' id='word_1_404' title='bbox 3231 2659 3344 2710; x_wconf 69' lang='grc' dir='ltr'>τοῖς</span> <span class='ocrx_word' id='word_1_405' title='bbox 3430 2645 3734 2723; x_wconf 71' lang='grc' dir='ltr'>ἀκροαταῖς</span> 
     </span>
    </p>
   </div>
   <div class='ocr_carea' id='block_1_62' title="bbox 2083 2733 3738 2815">
    <p class='ocr_par' dir='ltr' id='par_1_62' title="bbox 2083 2733 3738 2815">
     <span class='ocr_line' id='line_1_62' title="bbox 2083 2733 3738 2815; baseline 0.002 -27"><span class='ocrx_word' id='word_1_406' title='bbox 2083 2734 2390 2808; x_wconf 72' lang='grc' dir='ltr'>ἐμποιήσει,</span> <span class='ocrx_word' id='word_1_407' title='bbox 2456 2733 2552 2797; x_wconf 73' lang='grc' dir='ltr'><strong>Εἷς</strong></span> <span class='ocrx_word' id='word_1_408' title='bbox 2617 2735 2716 2811; x_wconf 75' lang='grc' dir='ltr'><strong>γὰρ</strong></span> <span class='ocrx_word' id='word_1_409' title='bbox 2772 2739 2877 2790; x_wconf 85' lang='grc' dir='ltr'><strong>τῶν</strong></span> <span class='ocrx_word' id='word_1_410' title='bbox 2949 2733 3314 2811; x_wconf 83' lang='grc' dir='ltr'>συναθλητῶν,</span> <span class='ocrx_word' id='word_1_411' title='bbox 3373 2739 3418 2811; x_wconf 80' lang='grc' dir='ltr'>ᾧ</span> <span class='ocrx_word' id='word_1_412' title='bbox 3484 2738 3738 2815; x_wconf 71' lang='grc' dir='ltr'>Οὖίκτωρ</span> 
     </span>
    </p>
   </div>
   <div class='ocr_carea' id='block_1_63' title="bbox 2083 2823 3737 2905">
    <p class='ocr_par' dir='ltr' id='par_1_63' title="bbox 2083 2823 3737 2905">
     <span class='ocr_line' id='line_1_63' title="bbox 2083 2823 3737 2905; baseline 0.003 -27"><span class='ocrx_word' id='word_1_413' title='bbox 2083 2823 2274 2902; x_wconf 78' lang='grc' dir='ltr'>ὄνομα,</span> <span class='ocrx_word' id='word_1_414' title='bbox 2334 2823 2391 2878; x_wconf 87' lang='grc' dir='ltr'>ὃν</span> <span class='ocrx_word' id='word_1_415' title='bbox 2448 2824 2534 2878; x_wconf 85' lang='grc' dir='ltr'><strong>καὶ</strong></span> <span class='ocrx_word' id='word_1_416' title='bbox 2606 2825 2837 2902; x_wconf 86' lang='grc' dir='ltr'>συγγενῆ</span> <span class='ocrx_word' id='word_1_417' title='bbox 2891 2831 2983 2879; x_wconf 82' lang='grc' dir='ltr'><strong>τοῦ</strong></span> <span class='ocrx_word' id='word_1_418' title='bbox 3038 2825 3185 2902; x_wconf 80' lang='grc' dir='ltr'>ἁγίου</span> <span class='ocrx_word' id='word_1_419' title='bbox 3228 2825 3427 2905; x_wconf 76' lang='grc' dir='ltr'>φθάσας</span> <span class='ocrx_word' id='word_1_420' title='bbox 3483 2828 3510 2881; x_wconf 80' lang='grc' dir='ltr'><strong>ὁ</strong></span> <span class='ocrx_word' id='word_1_421' title='bbox 3568 2823 3737 2904; x_wconf 84' lang='grc' dir='ltr'>λόγος</span> 
     </span>
    </p>
   </div>
   <div class='ocr_carea' id='block_1_64' title="bbox 2081 2909 3736 2992">
    <p class='ocr_par' dir='ltr' id='par_1_64' title="bbox 2081 2909 3736 2992">
     <span class='ocr_line' id='line_1_64' title="bbox 2081 2909 3736 2992; baseline 0.002 -24"><span class='ocrx_word' id='word_1_422' title='bbox 2081 2909 2337 2991; x_wconf 77' lang='grc' dir='ltr'>ἐδήλῶσε,</span> <span class='ocrx_word' id='word_1_423' title='bbox 2397 2924 2520 2974; x_wconf 72' lang='grc' dir='ltr'>ταῖς</span> <span class='ocrx_word' id='word_1_424' title='bbox 2578 2933 2633 2967; x_wconf 81' lang='grc' dir='ltr'><strong>τε</strong></span> <span class='ocrx_word' id='word_1_425' title='bbox 2693 2910 3084 2989; x_wconf 83' lang='grc' dir='ltr'>προλαϐούσαις</span> <span class='ocrx_word' id='word_1_426' title='bbox 3139 2912 3241 2981; x_wconf 69' lang='grc' dir='ltr'>ἤδη</span> <span class='ocrx_word' id='word_1_427' title='bbox 3315 2913 3549 2992; x_wconf 85' lang='grc' dir='ltr'>πληγαις</span> <span class='ocrx_word' id='word_1_428' title='bbox 3607 2913 3736 2973; x_wconf 86' lang='grc' dir='ltr'>δια-</span> 
     </span>
    </p>
   </div>
   <div class='ocr_carea' id='block_1_65' title="bbox 2080 3001 3737 3088">
    <p class='ocr_par' dir='ltr' id='par_1_65' title="bbox 2080 3001 3737 3088">
     <span class='ocr_line' id='line_1_65' title="bbox 2080 3001 3737 3088; baseline 0.003 -28"><span class='ocrx_word' id='word_1_429' title='bbox 2080 3004 2395 3083; x_wconf 80' lang='grc' dir='ltr'>χαυνωθεὶς,</span> <span class='ocrx_word' id='word_1_430' title='bbox 2431 3004 2505 3077; x_wconf 82' lang='grc' dir='ltr'><strong>τῷ</strong></span> <span class='ocrx_word' id='word_1_431' title='bbox 2547 3001 2708 3083; x_wconf 77' lang='grc' dir='ltr'>φόϐῳ</span> <span class='ocrx_word' id='word_1_432' title='bbox 2755 3026 2811 3060; x_wconf 87' lang='grc' dir='ltr'><strong>τε</strong></span> <span class='ocrx_word' id='word_1_433' title='bbox 2840 3008 2948 3060; x_wconf 79' lang='grc' dir='ltr'>τῶν</span> <span class='ocrx_word' id='word_1_434' title='bbox 2995 3004 3301 3080; x_wconf 84' lang='grc' dir='ltr'>μελλόντων</span> <span class='ocrx_word' id='word_1_435' title='bbox 3357 3005 3737 3088; x_wconf 77' lang='grc' dir='ltr'>ἒπενεχθήσε-</span> 
     </span>
    </p>
   </div>
   <div class='ocr_carea' id='block_1_66' title="bbox 2080 3093 3738 3173">
    <p class='ocr_par' dir='ltr' id='par_1_66' title="bbox 2080 3093 3738 3173">
     <span class='ocr_line' id='line_1_66' title="bbox 2080 3093 3738 3173; baseline 0.002 -26"><span class='ocrx_word' id='word_1_436' title='bbox 2080 3097 2196 3149; x_wconf 81' lang='grc' dir='ltr'>σθαι</span> <span class='ocrx_word' id='word_1_437' title='bbox 2291 3094 2800 3172; x_wconf 81' lang='grc' dir='ltr'>προκατασεισθεὶς,</span> <span class='ocrx_word' id='word_1_438' title='bbox 2873 3093 3036 3170; x_wconf 82' lang='grc' dir='ltr'>λάθρα</span> <span class='ocrx_word' id='word_1_439' title='bbox 3129 3097 3220 3152; x_wconf 83' lang='grc' dir='ltr'>τὸν</span> <span class='ocrx_word' id='word_1_440' title='bbox 3309 3098 3738 3173; x_wconf 84' lang='grc' dir='ltr'>κομενταρήσιον</span> 
     </span>
    </p>
   </div>
   <div class='ocr_carea' id='block_1_67' title="bbox 2083 3180 3738 3263">
    <p class='ocr_par' dir='ltr' id='par_1_67' title="bbox 2083 3180 3738 3263">
     <span class='ocr_line' id='line_1_67' title="bbox 2083 3180 3738 3263; baseline 0.004 -27"><span class='ocrx_word' id='word_1_441' title='bbox 2083 3180 2603 3256; x_wconf 80' lang='grc' dir='ltr'>μετακαλεσάμενος,</span> <span class='ocrx_word' id='word_1_442' title='bbox 2666 3181 2880 3251; x_wconf 77' lang='grc' dir='ltr'>ἐλεῆσαι</span> <span class='ocrx_word' id='word_1_443' title='bbox 2953 3185 3108 3240; x_wconf 78' lang='grc' dir='ltr'>αὐτὸν</span> <span class='ocrx_word' id='word_1_444' title='bbox 3177 3184 3321 3252; x_wconf 78' lang='grc' dir='ltr'>ἠξίου</span> <span class='ocrx_word' id='word_1_445' title='bbox 3405 3184 3550 3263; x_wconf 81' lang='grc' dir='ltr'>μάλα</span> <span class='ocrx_word' id='word_1_446' title='bbox 3621 3209 3738 3243; x_wconf 85' lang='grc' dir='ltr'>τα-</span> 
     </span>
    </p>
   </div>
   <div class='ocr_carea' id='block_1_68' title="bbox 2079 3270 3736 3352">
    <p class='ocr_par' dir='ltr' id='par_1_68' title="bbox 2079 3270 3736 3352">
     <span class='ocr_line' id='line_1_68' title="bbox 2079 3270 3736 3352; baseline 0.004 -26"><span class='ocrx_word' id='word_1_447' title='bbox 2079 3270 2273 3332; x_wconf 80' lang='grc' dir='ltr'>πεινῶς</span> <span class='ocrx_word' id='word_1_448' title='bbox 2327 3272 2411 3329; x_wconf 80' lang='grc' dir='ltr'>καὶ</span> <span class='ocrx_word' id='word_1_449' title='bbox 2460 3270 2830 3350; x_wconf 75' lang='grc' dir='ltr'>ἀνελευθερως,</span> <span class='ocrx_word' id='word_1_450' title='bbox 2863 3273 2952 3328; x_wconf 81' lang='grc' dir='ltr'><strong>καὶ</strong></span> <span class='ocrx_word' id='word_1_451' title='bbox 3007 3273 3067 3329; x_wconf 87' lang='grc' dir='ltr'><strong>τό</strong></span> <span class='ocrx_word' id='word_1_452' title='bbox 3098 3295 3154 3330; x_wconf 86' lang='grc' dir='ltr'><strong>τε</strong></span> <span class='ocrx_word' id='word_1_453' title='bbox 3210 3273 3379 3352; x_wconf 74' lang='grc' dir='ltr'>ὄνομα</span> <span class='ocrx_word' id='word_1_454' title='bbox 3422 3281 3529 3331; x_wconf 83' lang='grc' dir='ltr'><strong>τῶν</strong></span> <span class='ocrx_word' id='word_1_455' title='bbox 3585 3278 3736 3333; x_wconf 78' lang='grc' dir='ltr'>ὑπο-</span> 
     </span>
    </p>
   </div>
   <div class='ocr_carea' id='block_1_69' title="bbox 359 3350 1984 3444">
    <p class='ocr_par' dir='ltr' id='par_1_69' title="bbox 359 3350 1984 3444">
     <span class='ocr_line' id='line_1_69' title="bbox 359 3350 1984 3444; baseline 0.004 -31"><span class='ocrx_word' id='word_1_456' title='bbox 359 3351 510 3414; x_wconf 90' lang='lat' dir='ltr'><strong>cede</strong></span> <span class='ocrx_word' id='word_1_457' title='bbox 528 3350 1001 3444; x_wconf 74' lang='lat' dir='ltr'><strong>praediolo,quod</strong></span> <span class='ocrx_word' id='word_1_458' title='bbox 1025 3361 1150 3444; x_wconf 75' lang='lat' dir='ltr'><strong>erat</strong></span> <span class='ocrx_word' id='word_1_459' title='bbox 1167 3353 1457 3444; x_wconf 75' lang='lat' dir='ltr'><strong>Coramis.</strong></span> <span class='ocrx_word' id='word_1_460' title='bbox 1476 3355 1582 3417; x_wconf 90' lang='lat' dir='ltr'><strong>llle</strong></span> <span class='ocrx_word' id='word_1_461' title='bbox 1598 3365 1792 3418; x_wconf 90' lang='lat' dir='ltr'><strong>autem</strong></span> <span class='ocrx_word' id='word_1_462' title='bbox 1813 3357 1984 3420; x_wconf 91' lang='lat' dir='ltr'><strong>liben-</strong></span> 
     </span>
    </p>
   </div>
   <div class='ocr_carea' id='block_1_70' title="bbox 2153 3350 3737 3444">
    <p class='ocr_par' dir='ltr' id='par_1_70' title="bbox 2154 3350 3737 3444">
     <span class='ocr_line' id='line_1_70' title="bbox 2154 3350 3737 3444; baseline 0.004 -31"><span class='ocrx_word' id='word_1_463' title='bbox 2154 3358 2549 3436; x_wconf 75' lang='grc' dir='ltr'>ηματογράφων</span> <span class='ocrx_word' id='word_1_464' title='bbox 2640 3358 2891 3429; x_wconf 75' lang='grc' dir='ltr'>ἐξελθεῖν,</span> <span class='ocrx_word' id='word_1_465' title='bbox 2966 3359 3120 3424; x_wconf 73' lang='grc' dir='ltr'>αὐτόν</span> <span class='ocrx_word' id='word_1_466' title='bbox 3187 3384 3244 3418; x_wconf 79' lang='grc' dir='ltr'><strong>τε</strong></span> <span class='ocrx_word' id='word_1_467' title='bbox 3305 3350 3414 3430; x_wconf 68' lang='grc' dir='ltr'><strong>τῆς</strong></span> <span class='ocrx_word' id='word_1_468' title='bbox 3484 3363 3737 3444; x_wconf 75' lang='grc' dir='ltr'>φυλακῆς</span> 
     </span>
    </p>
   </div>
   <div class='ocr_carea' id='block_1_71' title="bbox 356 3437 1999 3527">
    <p class='ocr_par' dir='ltr' id='par_1_71' title="bbox 356 3437 1999 3527">
     <span class='ocr_line' id='line_1_71' title="bbox 356 3437 1999 3527; baseline 0.004 -26"><span class='ocrx_word' id='word_1_469' title='bbox 356 3448 450 3502; x_wconf 86' lang='lat' dir='ltr'><strong>ter</strong></span> <span class='ocrx_word' id='word_1_470' title='bbox 482 3437 699 3501; x_wconf 84' lang='lat' dir='ltr'><strong>auditis</strong></span> <span class='ocrx_word' id='word_1_471' title='bbox 721 3439 852 3518; x_wconf 87' lang='lat' dir='ltr'><strong>ejus</strong></span> <span class='ocrx_word' id='word_1_472' title='bbox 874 3440 1153 3520; x_wconf 88' lang='lat' dir='ltr'><strong>precibus</strong></span> <span class='ocrx_word' id='word_1_473' title='bbox 1179 3442 1330 3521; x_wconf 88' lang='lat' dir='ltr'><strong>(erat</strong></span> <span class='ocrx_word' id='word_1_474' title='bbox 1353 3443 1511 3504; x_wconf 90' lang='lat' dir='ltr'><strong>enim</strong></span> <span class='ocrx_word' id='word_1_475' title='bbox 1547 3445 1606 3506; x_wconf 92' lang='lat' dir='ltr'><strong>ei</strong></span> <span class='ocrx_word' id='word_1_476' title='bbox 1628 3445 1891 3508; x_wconf 88' lang='lat' dir='ltr'><strong>vicinum</strong></span> <span class='ocrx_word' id='word_1_477' title='bbox 1913 3447 1999 3527; x_wconf 88' lang='lat' dir='ltr'><strong>id,</strong></span> 
     </span>
    </p>
   </div>
   <div class='ocr_carea' id='block_1_72' title="bbox 353 3527 1998 3617">
    <p class='ocr_par' dir='ltr' id='par_1_72' title="bbox 353 3527 1998 3617">
     <span class='ocr_line' id='line_1_72' title="bbox 353 3527 1998 3617; baseline 0.005 -29"><span class='ocrx_word' id='word_1_478' title='bbox 353 3527 512 3617; x_wconf 87' lang='lat' dir='ltr'><strong>quod</strong></span> <span class='ocrx_word' id='word_1_479' title='bbox 547 3527 1024 3617; x_wconf 87' lang='lat' dir='ltr'><strong>promittebatur)</strong></span> <span class='ocrx_word' id='word_1_480' title='bbox 1058 3528 1301 3592; x_wconf 88' lang='lat' dir='ltr'><strong>dimittit</strong></span> <span class='ocrx_word' id='word_1_481' title='bbox 1332 3530 1634 3594; x_wconf 80' lang='lat' dir='ltr'><strong>Victorem</strong></span> <span class='ocrx_word' id='word_1_482' title='bbox 1671 3553 1705 3595; x_wconf 91' lang='lat' dir='ltr'><strong>e</strong></span> <span class='ocrx_word' id='word_1_483' title='bbox 1735 3553 1998 3617; x_wconf 90' lang='lat' dir='ltr'><strong>carcere,</strong></span> 
     </span>
    </p>
   </div>
   <div class='ocr_carea' id='block_1_73' title="bbox 353 3615 2000 3704">
    <p class='ocr_par' dir='ltr' id='par_1_73' title="bbox 353 3615 2000 3704">
     <span class='ocr_line' id='line_1_73' title="bbox 353 3615 2000 3704; baseline 0.006 -28"><span class='ocrx_word' id='word_1_484' title='bbox 353 3615 456 3696; x_wconf 88' lang='lat' dir='ltr'><strong>qui</strong></span> <span class='ocrx_word' id='word_1_485' title='bbox 487 3634 620 3677; x_wconf 88' lang='lat' dir='ltr'><strong>cum</strong></span> <span class='ocrx_word' id='word_1_486' title='bbox 654 3625 833 3704; x_wconf 89' lang='lat' dir='ltr'><strong>noctu</strong></span> <span class='ocrx_word' id='word_1_487' title='bbox 858 3616 1182 3696; x_wconf 77' lang='lat' dir='ltr'><strong>effugisset,</strong></span> <span class='ocrx_word' id='word_1_488' title='bbox 1216 3618 1443 3682; x_wconf 82' lang='lat' dir='ltr'><strong>invenit</strong></span> <span class='ocrx_word' id='word_1_489' title='bbox 1475 3621 1728 3684; x_wconf 89' lang='lat' dir='ltr'><strong>salutem</strong></span> <span class='ocrx_word' id='word_1_490' title='bbox 1765 3615 2000 3704; x_wconf 88' lang='lat' dir='ltr'><strong>plenam</strong></span> 
     </span>
    </p>
   </div>
   <div class='ocr_carea' id='block_1_74' title="bbox 356 3703 2001 3786">
    <p class='ocr_par' dir='ltr' id='par_1_74' title="bbox 356 3703 2001 3786">
     <span class='ocr_line' id='line_1_74' title="bbox 356 3703 2001 3786; baseline 0.003 -21"><span class='ocrx_word' id='word_1_491' title='bbox 356 3713 628 3766; x_wconf 83' lang='lat' dir='ltr'><strong>extremo</strong></span> <span class='ocrx_word' id='word_1_492' title='bbox 648 3703 989 3780; x_wconf 88' lang='lat' dir='ltr'><strong>interitu,ut</strong></span> <span class='ocrx_word' id='word_1_493' title='bbox 1007 3705 1109 3786; x_wconf 91' lang='lat' dir='ltr'><strong>qui</strong></span> <span class='ocrx_word' id='word_1_494' title='bbox 1128 3709 1309 3770; x_wconf 83' lang='lat' dir='ltr'><strong>miser</strong></span> <span class='ocrx_word' id='word_1_495' title='bbox 1325 3709 1500 3771; x_wconf 90' lang='lat' dir='ltr'><strong>simul</strong></span> <span class='ocrx_word' id='word_1_496' title='bbox 1522 3703 1800 3773; x_wconf 87' lang='lat' dir='ltr'><strong>damnum</strong></span> <span class='ocrx_word' id='word_1_497' title='bbox 1820 3731 2001 3775; x_wconf 58' lang='lat' dir='ltr'><strong>acce-</strong></span> 
     </span>
    </p>
   </div>
   <div class='ocr_carea' id='block_1_75' title="bbox 351 3791 1999 3881">
    <p class='ocr_par' dir='ltr' id='par_1_75' title="bbox 351 3791 1999 3881">
     <span class='ocr_line' id='line_1_75' title="bbox 351 3791 1999 3881; baseline 0.007 -29"><span class='ocrx_word' id='word_1_498' title='bbox 351 3792 509 3871; x_wconf 89' lang='lat' dir='ltr'><strong>perit</strong></span> <span class='ocrx_word' id='word_1_499' title='bbox 541 3800 601 3853; x_wconf 88' lang='lat' dir='ltr'><strong>et</strong></span> <span class='ocrx_word' id='word_1_500' title='bbox 628 3791 762 3870; x_wconf 83' lang='lat' dir='ltr'><strong>agri</strong></span> <span class='ocrx_word' id='word_1_501' title='bbox 787 3805 846 3854; x_wconf 82' lang='lat' dir='ltr'><strong>et</strong></span> <span class='ocrx_word' id='word_1_502' title='bbox 878 3793 1122 3855; x_wconf 71' lang='lat' dir='ltr'><strong>animae:</strong></span> <span class='ocrx_word' id='word_1_503' title='bbox 1153 3795 1255 3857; x_wconf 91' lang='lat' dir='ltr'><strong>illo</strong></span> <span class='ocrx_word' id='word_1_504' title='bbox 1283 3798 1524 3877; x_wconf 90' lang='lat' dir='ltr'><strong>quidem</strong></span> <span class='ocrx_word' id='word_1_505' title='bbox 1555 3799 1767 3861; x_wconf 88' lang='lat' dir='ltr'><strong>tradito</strong></span> <span class='ocrx_word' id='word_1_506' title='bbox 1799 3800 1876 3880; x_wconf 88' lang='lat' dir='ltr'><strong>ei,</strong></span> <span class='ocrx_word' id='word_1_507' title='bbox 1900 3803 1999 3881; x_wconf 88' lang='lat' dir='ltr'><strong>qui</strong></span> 
     </span>
    </p>
   </div>
   <div class='ocr_carea' id='block_1_76' title="bbox 348 3882 1997 3956">
    <p class='ocr_par' dir='ltr' id='par_1_76' title="bbox 348 3882 1997 3956">
     <span class='ocr_line' id='line_1_76' title="bbox 348 3882 1997 3956; baseline 0.008 -18"><span class='ocrx_word' id='word_1_508' title='bbox 348 3882 507 3941; x_wconf 86' lang='lat' dir='ltr'><strong>visus</strong></span> <span class='ocrx_word' id='word_1_509' title='bbox 537 3888 627 3940; x_wconf 89' lang='lat' dir='ltr'><strong>est</strong></span> <span class='ocrx_word' id='word_1_510' title='bbox 655 3898 912 3956; x_wconf 86' lang='lat' dir='ltr'><strong>servare,</strong></span> <span class='ocrx_word' id='word_1_511' title='bbox 947 3883 1059 3944; x_wconf 86' lang='lat' dir='ltr'><strong>hac</strong></span> <span class='ocrx_word' id='word_1_512' title='bbox 1089 3891 1284 3947; x_wconf 87' lang='lat' dir='ltr'><strong>autem</strong></span> <span class='ocrx_word' id='word_1_513' title='bbox 1315 3887 1536 3948; x_wconf 86' lang='lat' dir='ltr'><strong>tradita</strong></span> <span class='ocrx_word' id='word_1_514' title='bbox 1576 3888 1854 3950; x_wconf 66' lang='lat' dir='ltr'><strong>daemoni.</strong></span> <span class='ocrx_word' id='word_1_515' title='bbox 1891 3890 1997 3953; x_wconf 89' lang='lat' dir='ltr'><strong>Die</strong></span> 
     </span>
    </p>
   </div>
   <div class='ocr_carea' id='block_1_77' title="bbox 350 3968 1998 4054">
    <p class='ocr_par' dir='ltr' id='par_1_77' title="bbox 350 3968 1998 4054">
     <span class='ocr_line' id='line_1_77' title="bbox 350 3968 1998 4054; baseline 0.007 -26"><span class='ocrx_word' id='word_1_516' title='bbox 350 3975 546 4029; x_wconf 90' lang='lat' dir='ltr'><strong>autem</strong></span> <span class='ocrx_word' id='word_1_517' title='bbox 576 3968 696 4047; x_wconf 88' lang='lat' dir='ltr'><strong>jam</strong></span> <span class='ocrx_word' id='word_1_518' title='bbox 728 3968 1280 4052; x_wconf 89' lang='lat' dir='ltr'><strong>illucescente,cum</strong></span> <span class='ocrx_word' id='word_1_519' title='bbox 1310 3993 1436 4036; x_wconf 91' lang='lat' dir='ltr'><strong>rem</strong></span> <span class='ocrx_word' id='word_1_520' title='bbox 1468 3979 1835 4054; x_wconf 79' lang='lat' dir='ltr'><strong>cognovisset</strong></span> <span class='ocrx_word' id='word_1_521' title='bbox 1861 3977 1998 4049; x_wconf 83' lang='lat' dir='ltr'><strong>Ilie-</strong></span> 
     </span>
    </p>
   </div>
   <div class='ocr_carea' id='block_1_78' title="bbox 347 4055 1995 4138">
    <p class='ocr_par' dir='ltr' id='par_1_78' title="bbox 347 4055 1995 4138">
     <span class='ocr_line' id='line_1_78' title="bbox 347 4055 1995 4138; baseline 0.007 -21"><span class='ocrx_word' id='word_1_522' title='bbox 347 4072 482 4135; x_wconf 86' lang='lat' dir='ltr'><strong>ron,</strong></span> <span class='ocrx_word' id='word_1_523' title='bbox 503 4055 874 4119; x_wconf 87' lang='lat' dir='ltr'><strong>intolerabili</strong></span> <span class='ocrx_word' id='word_1_524' title='bbox 904 4059 1110 4122; x_wconf 91' lang='lat' dir='ltr'><strong>dolore</strong></span> <span class='ocrx_word' id='word_1_525' title='bbox 1133 4069 1222 4123; x_wconf 87' lang='lat' dir='ltr'><strong>est</strong></span> <span class='ocrx_word' id='word_1_526' title='bbox 1246 4064 1518 4138; x_wconf 77' lang='lat' dir='ltr'><strong>affectus,</strong></span> <span class='ocrx_word' id='word_1_527' title='bbox 1544 4071 1603 4124; x_wconf 92' lang='lat' dir='ltr'><strong>et</strong></span> <span class='ocrx_word' id='word_1_528' title='bbox 1630 4065 1862 4126; x_wconf 88' lang='lat' dir='ltr'><strong>acerbis</strong></span> <span class='ocrx_word' id='word_1_529' title='bbox 1883 4067 1995 4128; x_wconf 91' lang='lat' dir='ltr'><strong>de-</strong></span> 
     </span>
    </p>
   </div>
   <div class='ocr_carea' id='block_1_79' title="bbox 349 4143 1994 4232">
    <p class='ocr_par' dir='ltr' id='par_1_79' title="bbox 349 4143 1994 4232">
     <span class='ocr_line' id='line_1_79' title="bbox 349 4143 1994 4232; baseline 0.005 -25"><span class='ocrx_word' id='word_1_530' title='bbox 349 4143 528 4207; x_wconf 88' lang='lat' dir='ltr'><strong>ﬂebat</strong></span> <span class='ocrx_word' id='word_1_531' title='bbox 585 4144 864 4226; x_wconf 71' lang='lat' dir='ltr'><strong>lacrymis</strong></span> <span class='ocrx_word' id='word_1_532' title='bbox 932 4150 1168 4227; x_wconf 85' lang='lat' dir='ltr'><strong>cognati</strong></span> <span class='ocrx_word' id='word_1_533' title='bbox 1221 4151 1558 4232; x_wconf 90' lang='lat' dir='ltr'><strong>interitum,</strong></span> <span class='ocrx_word' id='word_1_534' title='bbox 1599 4153 1848 4216; x_wconf 88' lang='lat' dir='ltr'><strong>dicens:</strong></span> <span class='ocrx_word' id='word_1_535' title='bbox 1885 4153 1994 4216; x_wconf 87' lang='lat' dir='ltr'><strong>Hei</strong></span> 
     </span>
    </p>
   </div>
   <div class='ocr_carea' id='block_1_80' title="bbox 350 4232 1996 4320">
    <p class='ocr_par' dir='ltr' id='par_1_80' title="bbox 350 4232 1996 4320">
     <span class='ocr_line' id='line_1_80' title="bbox 350 4232 1996 4320; baseline 0.007 -28"><span class='ocrx_word' id='word_1_536' title='bbox 350 4232 526 4306; x_wconf 89' lang='lat' dir='ltr'><strong>mihi,</strong></span> <span class='ocrx_word' id='word_1_537' title='bbox 561 4251 595 4294; x_wconf 90' lang='grc' dir='ltr'><strong>ο</strong></span> <span class='ocrx_word' id='word_1_538' title='bbox 628 4234 850 4313; x_wconf 90' lang='lat' dir='ltr'><strong>Victor,</strong></span> <span class='ocrx_word' id='word_1_539' title='bbox 878 4237 1015 4318; x_wconf 91' lang='lat' dir='ltr'><strong>quid</strong></span> <span class='ocrx_word' id='word_1_540' title='bbox 1037 4249 1151 4300; x_wconf 90' lang='lat' dir='ltr'><strong>ate</strong></span> <span class='ocrx_word' id='word_1_541' title='bbox 1181 4240 1400 4302; x_wconf 87' lang='lat' dir='ltr'><strong>factum</strong></span> <span class='ocrx_word' id='word_1_542' title='bbox 1435 4249 1518 4301; x_wconf 92' lang='lat' dir='ltr'><strong>est</strong></span> <span class='ocrx_word' id='word_1_543' title='bbox 1548 4247 1576 4304; x_wconf 89' lang='lat'><strong>?</strong></span> <span class='ocrx_word' id='word_1_544' title='bbox 1602 4243 1782 4312; x_wconf 83' lang='lat' dir='ltr'><strong>Quam</strong></span> <span class='ocrx_word' id='word_1_545' title='bbox 1806 4244 1996 4320; x_wconf 87' lang='lat' dir='ltr'><strong>gravis</strong></span> 
     </span>
    </p>
   </div>
   <div class='ocr_carea' id='block_1_81' title="bbox 345 4320 1997 4401">
    <p class='ocr_par' dir='ltr' id='par_1_81' title="bbox 345 4320 1997 4401">
     <span class='ocr_line' id='line_1_81' title="bbox 345 4320 1997 4401; baseline 0.007 -22"><span class='ocrx_word' id='word_1_546' title='bbox 345 4327 445 4380; x_wconf 86' lang='lat' dir='ltr'><strong>tua</strong></span> <span class='ocrx_word' id='word_1_547' title='bbox 472 4320 582 4383; x_wconf 84' lang='lat' dir='ltr'><strong>fuit</strong></span> <span class='ocrx_word' id='word_1_548' title='bbox 612 4324 932 4401; x_wconf 85' lang='lat' dir='ltr'><strong>negotiatio</strong></span> <span class='ocrx_word' id='word_1_549' title='bbox 952 4333 980 4388; x_wconf 84' lang='lat'><strong>?</strong></span> <span class='ocrx_word' id='word_1_550' title='bbox 1004 4326 1314 4397; x_wconf 86' lang='lat' dir='ltr'><strong>Quomodo</strong></span> <span class='ocrx_word' id='word_1_551' title='bbox 1338 4329 1535 4388; x_wconf 90' lang='lat' dir='ltr'><strong>emisti</strong></span> <span class='ocrx_word' id='word_1_552' title='bbox 1559 4329 1772 4390; x_wconf 63' lang='lat' dir='ltr'><strong>animae</strong></span> <span class='ocrx_word' id='word_1_553' title='bbox 1791 4331 1997 4392; x_wconf 88' lang='lat' dir='ltr'><strong>interi-</strong></span> 
     </span>
    </p>
   </div>
   <div class='ocr_carea' id='block_1_82' title="bbox 344 4410 1995 4496">
    <p class='ocr_par' dir='ltr' id='par_1_82' title="bbox 344 4410 1995 4496">
     <span class='ocr_line' id='line_1_82' title="bbox 344 4410 1995 4496; baseline 0.008 -28"><span class='ocrx_word' id='word_1_554' title='bbox 344 4415 470 4496; x_wconf 81' lang='lat' dir='ltr'><strong>tum</strong></span> <span class='ocrx_word' id='word_1_555' title='bbox 495 4411 524 4470; x_wconf 88' lang='lat'><strong>?</strong></span> <span class='ocrx_word' id='word_1_556' title='bbox 543 4410 699 4482; x_wconf 87' lang='lat' dir='ltr'><strong>Quid</strong></span> <span class='ocrx_word' id='word_1_557' title='bbox 722 4413 975 4490; x_wconf 89' lang='lat' dir='ltr'><strong>teipsum</strong></span> <span class='ocrx_word' id='word_1_558' title='bbox 1005 4414 1296 4474; x_wconf 80' lang='lat' dir='ltr'><strong>tradidisti</strong></span> <span class='ocrx_word' id='word_1_559' title='bbox 1326 4415 1585 4477; x_wconf 90' lang='lat' dir='ltr'><strong>inimicis</strong></span> <span class='ocrx_word' id='word_1_560' title='bbox 1611 4415 1641 4476; x_wconf 87' lang='lat'><strong>?</strong></span> <span class='ocrx_word' id='word_1_561' title='bbox 1664 4416 1766 4478; x_wconf 89' lang='lat' dir='ltr'><strong>Cui</strong></span> <span class='ocrx_word' id='word_1_562' title='bbox 1793 4419 1995 4496; x_wconf 59' lang='lat' dir='ltr'><strong>gloria</strong></span> 
     </span>
    </p>
   </div>
   <div class='ocr_carea' id='block_1_83' title="bbox 345 4499 1996 4576">
    <p class='ocr_par' dir='ltr' id='par_1_83' title="bbox 345 4499 1996 4576">
     <span class='ocr_line' id='line_1_83' title="bbox 345 4499 1996 4576; baseline 0.007 -17"><span class='ocrx_word' id='word_1_563' title='bbox 345 4499 583 4559; x_wconf 89' lang='lat' dir='ltr'><strong>coronis</strong></span> <span class='ocrx_word' id='word_1_564' title='bbox 615 4499 921 4575; x_wconf 85' lang='lat' dir='ltr'><strong>praetulisti</strong></span> <span class='ocrx_word' id='word_1_565' title='bbox 951 4500 1105 4576; x_wconf 65' lang='lat' dir='ltr'><strong>fuga;</strong></span> <span class='ocrx_word' id='word_1_566' title='bbox 1134 4501 1398 4563; x_wconf 87' lang='lat' dir='ltr'><strong>dedecus</strong></span> <span class='ocrx_word' id='word_1_567' title='bbox 1432 4503 1457 4564; x_wconf 69' lang='grc' dir='ltr'><em>Υ</em></span> <span class='ocrx_word' id='word_1_568' title='bbox 1503 4506 1627 4566; x_wconf 90' lang='lat' dir='ltr'><strong>Cur</strong></span> <span class='ocrx_word' id='word_1_569' title='bbox 1674 4503 1837 4567; x_wconf 86' lang='lat' dir='ltr'><strong>brevi</strong></span> <span class='ocrx_word' id='word_1_570' title='bbox 1879 4507 1996 4570; x_wconf 88' lang='lat' dir='ltr'><strong>vita</strong></span> 
     </span>
    </p>
   </div>
   <div class='ocr_carea' id='block_1_84' title="bbox 343 4585 1988 4658">
    <p class='ocr_par' dir='ltr' id='par_1_84' title="bbox 343 4585 1988 4658">
     <span class='ocr_line' id='line_1_84' title="bbox 343 4585 1988 4658; baseline 0.01 -15"><span class='ocrx_word' id='word_1_571' title='bbox 343 4585 520 4644; x_wconf 85' lang='lat' dir='ltr'><strong>vitam</strong></span> <span class='ocrx_word' id='word_1_572' title='bbox 553 4592 834 4644; x_wconf 72' lang='lat' dir='ltr'><strong>aeternam</strong></span> <span class='ocrx_word' id='word_1_573' title='bbox 871 4588 1314 4651; x_wconf 87' lang='lat' dir='ltr'><strong>commutastis?</strong></span> <span class='ocrx_word' id='word_1_574' title='bbox 1342 4592 1460 4654; x_wconf 89' lang='lat' dir='ltr'><strong>Cur</strong></span> <span class='ocrx_word' id='word_1_575' title='bbox 1483 4591 1720 4656; x_wconf 84' lang='lat' dir='ltr'><strong>brevem</strong></span> <span class='ocrx_word' id='word_1_576' title='bbox 1751 4613 1988 4658; x_wconf 88' lang='lat' dir='ltr'><strong>recrea-</strong></span> 
     </span>
    </p>
   </div>
   <div class='ocr_carea' id='block_1_85' title="bbox 345 4671 1986 4763">
    <p class='ocr_par' dir='ltr' id='par_1_85' title="bbox 345 4671 1986 4763">
     <span class='ocr_line' id='line_1_85' title="bbox 345 4671 1986 4763; baseline 0.01 -34"><span class='ocrx_word' id='word_1_577' title='bbox 345 4671 983 4763; x_wconf 74' lang='lat' dir='ltr'><strong>tionem_praeposuisti</strong></span> <span class='ocrx_word' id='word_1_578' title='bbox 1009 4675 1248 4754; x_wconf 65' lang='lat' dir='ltr'><strong>laetitiae,</strong></span> <span class='ocrx_word' id='word_1_579' title='bbox 1275 4697 1405 4758; x_wconf 66' lang='lat' dir='ltr'><strong>quae</strong></span> <span class='ocrx_word' id='word_1_580' title='bbox 1422 4699 1538 4742; x_wconf 87' lang='lat' dir='ltr'><strong>non</strong></span> <span class='ocrx_word' id='word_1_581' title='bbox 1563 4690 1757 4763; x_wconf 88' lang='lat' dir='ltr'><strong>potest</strong></span> <span class='ocrx_word' id='word_1_582' title='bbox 1777 4687 1986 4746; x_wconf 85' lang='lat' dir='ltr'><strong>termi-</strong></span> 
     </span>
    </p>
   </div>
   <div class='ocr_carea' id='block_1_86' title="bbox 344 4758 1988 4838">
    <p class='ocr_par' dir='ltr' id='par_1_86' title="bbox 344 4758 1988 4838">
     <span class='ocr_line' id='line_1_86' title="bbox 344 4758 1988 4838; baseline 0.009 -17"><span class='ocrx_word' id='word_1_583' title='bbox 344 4760 474 4821; x_wconf 88' lang='lat' dir='ltr'><strong>nari</strong></span> <span class='ocrx_word' id='word_1_584' title='bbox 497 4763 526 4820; x_wconf 83' lang='lat'><strong>?</strong></span> <span class='ocrx_word' id='word_1_585' title='bbox 555 4758 843 4829; x_wconf 86' lang='lat' dir='ltr'><strong>Quantam</strong></span> <span class='ocrx_word' id='word_1_586' title='bbox 875 4770 1070 4824; x_wconf 91' lang='lat' dir='ltr'><strong>autem</strong></span> <span class='ocrx_word' id='word_1_587' title='bbox 1132 4765 1234 4826; x_wconf 77' lang='lat' dir='ltr'><strong>tibi</strong></span> <span class='ocrx_word' id='word_1_588' title='bbox 1265 4758 1595 4830; x_wconf 81' lang='lat' dir='ltr'><strong>molestiam</strong></span> <span class='ocrx_word' id='word_1_589' title='bbox 1654 4772 1988 4838; x_wconf 87' lang='lat' dir='ltr'><strong>attulissent</strong></span> 
     </span>
    </p>
   </div>
   <div class='ocr_carea' id='block_1_87' title="bbox 346 4847 1990 4932">
    <p class='ocr_par' dir='ltr' id='par_1_87' title="bbox 346 4847 1990 4932">
     <span class='ocr_line' id='line_1_87' title="bbox 346 4847 1990 4932; baseline 0.008 -22"><span class='ocrx_word' id='word_1_590' title='bbox 346 4847 522 4922; x_wconf 89' lang='lat' dir='ltr'><strong>mala,</strong></span> <span class='ocrx_word' id='word_1_591' title='bbox 557 4864 687 4926; x_wconf 69' lang='lat' dir='ltr'><strong>qua:</strong></span> <span class='ocrx_word' id='word_1_592' title='bbox 704 4848 1031 4911; x_wconf 79' lang='lat' dir='ltr'><strong>afferuntur</strong></span> <span class='ocrx_word' id='word_1_593' title='bbox 1054 4853 1128 4915; x_wconf 87' lang='lat' dir='ltr'><strong>ab</strong></span> <span class='ocrx_word' id='word_1_594' title='bbox 1147 4854 1512 4932; x_wconf 87' lang='lat' dir='ltr'><strong>hominibus,</strong></span> <span class='ocrx_word' id='word_1_595' title='bbox 1534 4858 1582 4919; x_wconf 91' lang='lat' dir='ltr'><strong>si</strong></span> <span class='ocrx_word' id='word_1_596' title='bbox 1608 4860 1990 4924; x_wconf 88' lang='lat' dir='ltr'><strong>conferantur</strong></span> 
     </span>
    </p>
   </div>
   <div class='ocr_carea' id='block_1_88' title="bbox 345 4934 1984 5025">
    <p class='ocr_par' dir='ltr' id='par_1_88' title="bbox 345 4934 1984 5025">
     <span class='ocr_line' id='line_1_88' title="bbox 345 4934 1984 5025; baseline 0.012 -33"><span class='ocrx_word' id='word_1_597' title='bbox 345 4950 479 5001; x_wconf 83' lang='lat' dir='ltr'><strong>cum</strong></span> <span class='ocrx_word' id='word_1_598' title='bbox 509 4934 660 5025; x_wconf 74' lang='lat' dir='ltr'><strong>adeo</strong></span> <span class='ocrx_word' id='word_1_599' title='bbox 690 4938 922 4999; x_wconf 88' lang='lat' dir='ltr'><strong>acerbis</strong></span> <span class='ocrx_word' id='word_1_600' title='bbox 953 4939 1284 5024; x_wconf 88' lang='lat' dir='ltr'><strong>doloribus,</strong></span> <span class='ocrx_word' id='word_1_601' title='bbox 1317 4963 1465 5025; x_wconf 88' lang='lat' dir='ltr'><strong>quos</strong></span> <span class='ocrx_word' id='word_1_602' title='bbox 1495 4965 1559 5007; x_wconf 91' lang='lat' dir='ltr'><strong>es</strong></span> <span class='ocrx_word' id='word_1_603' title='bbox 1588 4945 1894 5011; x_wconf 87' lang='lat' dir='ltr'><strong>habiturus</strong></span> <span class='ocrx_word' id='word_1_604' title='bbox 1923 4952 1984 5012; x_wconf 91' lang='lat' dir='ltr'><strong>in</strong></span> 
     </span>
    </p>
   </div>
   <div class='ocr_carea' id='block_1_89' title="bbox 343 5022 1983 5172">
    <p class='ocr_par' dir='ltr' id='par_1_89' title="bbox 343 5022 1983 5172">
     <span class='ocr_line' id='line_1_89' title="bbox 343 5022 1983 5172; baseline 0.013 -91"><span class='ocrx_word' id='word_1_605' title='bbox 343 5037 559 5172; x_wconf 46' lang='lat'><strong>3:23;]:</strong></span> <span class='ocrx_word' id='word_1_606' title='bbox 584 5022 691 5085; x_wconf 88' lang='lat' dir='ltr'><strong>Dei</strong></span> <span class='ocrx_word' id='word_1_607' title='bbox 722 5025 1017 5103; x_wconf 88' lang='lat' dir='ltr'><strong>incidens,</strong></span> <span class='ocrx_word' id='word_1_608' title='bbox 1056 5043 1114 5091; x_wconf 90' lang='lat' dir='ltr'><strong>et</strong></span> <span class='ocrx_word' id='word_1_609' title='bbox 1143 5022 1371 5095; x_wconf 69' lang='lat' dir='ltr'><strong>aeterno</strong></span> <span class='ocrx_word' id='word_1_610' title='bbox 1403 5034 1520 5112; x_wconf 86' lang='lat' dir='ltr'><strong>igni</strong></span> <span class='ocrx_word' id='word_1_611' title='bbox 1547 5037 1833 5113; x_wconf 67' lang='lat' dir='ltr'><strong>gehenna:</strong></span> <span class='ocrx_word' id='word_1_612' title='bbox 1861 5047 1983 5102; x_wconf 89' lang='lat' dir='ltr'><strong>tra-</strong></span> 
     </span>
    </p>
   </div>
   <div class='ocr_carea' id='block_1_90' title="bbox 386 5116 550 5172">
    <p class='ocr_par' dir='ltr' id='par_1_90' title="bbox 386 5116 550 5172">
     <span class='ocr_line' id='line_1_90' title="bbox 386 5116 550 5172; baseline 0.03 -5"><span class='ocrx_word' id='word_1_613' title='bbox 386 5116 505 5170; x_wconf 85' lang='lat' dir='ltr'><strong>itus</strong></span> <span class='ocrx_word' id='word_1_614' title='bbox 533 5116 550 5172; x_wconf 69' lang='grc' dir='ltr'>ἶ</span> 
     </span>
    </p>
   </div>
   <div class='ocr_carea' id='block_1_91' title="bbox 421 5194 1984 5294">
    <p class='ocr_par' dir='ltr' id='par_1_91' title="bbox 421 5194 1984 5294">
     <span class='ocr_line' id='line_1_91' title="bbox 421 5194 1984 5294; baseline 0.015 -38"><span class='ocrx_word' id='word_1_615' title='bbox 421 5194 529 5294; x_wconf 71' lang='lat' dir='ltr'><strong>VlI_</strong></span> <span class='ocrx_word' id='word_1_616' title='bbox 561 5199 768 5294; x_wconf 83' lang='lat' dir='ltr'><strong>Sicille</strong></span> <span class='ocrx_word' id='word_1_617' title='bbox 791 5202 1043 5279; x_wconf 82' lang='lat' dir='ltr'><strong>deﬂens,</strong></span> <span class='ocrx_word' id='word_1_618' title='bbox 1067 5226 1199 5270; x_wconf 91' lang='lat' dir='ltr'><strong>cum</strong></span> <span class='ocrx_word' id='word_1_619' title='bbox 1221 5211 1362 5272; x_wconf 85' lang='lat' dir='ltr'><strong>satis</strong></span> <span class='ocrx_word' id='word_1_620' title='bbox 1377 5211 1984 5294; x_wconf 80' lang='lat' dir='ltr'><strong>fuissetlamentatus,</strong></span> 
     </span>
    </p>
   </div>
   <div class='ocr_carea' id='block_1_92' title="bbox 339 5286 1981 5382">
    <p class='ocr_par' dir='ltr' id='par_1_92' title="bbox 339 5286 1981 5382">
     <span class='ocr_line' id='line_1_92' title="bbox 339 5286 1981 5382; baseline 0.015 -41"><span class='ocrx_word' id='word_1_621' title='bbox 339 5286 564 5382; x_wconf 65' lang='lat' dir='ltr'><strong>vocatis</strong></span> <span class='ocrx_word' id='word_1_622' title='bbox 621 5289 1068 5382; x_wconf 73' lang='lat' dir='ltr'><strong>suis_cognatis</strong></span> <span class='ocrx_word' id='word_1_623' title='bbox 1123 5298 1379 5360; x_wconf 90' lang='lat' dir='ltr'><strong>Antonio</strong></span> <span class='ocrx_word' id='word_1_624' title='bbox 1472 5309 1529 5361; x_wconf 91' lang='lat' dir='ltr'><strong>et</strong></span> <span class='ocrx_word' id='word_1_625' title='bbox 1594 5286 1981 5382; x_wconf 72' lang='lat' dir='ltr'><strong>Matroniano,</strong></span> 
     </span>
    </p>
   </div>
   <div class='ocr_carea' id='block_1_93' title="bbox 2084 3446 3739 3534">
    <p class='ocr_par' dir='ltr' id='par_1_93' title="bbox 2084 3446 3739 3534">
     <span class='ocr_line' id='line_1_93' title="bbox 2084 3446 3739 3534; baseline 0.007 -33"><span class='ocrx_word' id='word_1_626' title='bbox 2084 3446 2323 3526; x_wconf 74' lang='grc' dir='ltr'>ἀφεῖναι,</span> <span class='ocrx_word' id='word_1_627' title='bbox 2368 3449 2553 3520; x_wconf 78' lang='grc' dir='ltr'>μισθὸν</span> <span class='ocrx_word' id='word_1_628' title='bbox 2615 3449 2744 3526; x_wconf 79' lang='grc' dir='ltr'>ὑπὲρ</span> <span class='ocrx_word' id='word_1_629' title='bbox 2773 3450 2960 3509; x_wconf 88' lang='grc' dir='ltr'>τούτου</span> <span class='ocrx_word' id='word_1_630' title='bbox 3018 3449 3297 3524; x_wconf 63' lang='grc' dir='ltr'>λαϐόντας,</span> <span class='ocrx_word' id='word_1_631' title='bbox 3329 3454 3390 3509; x_wconf 78' lang='grc' dir='ltr'>τὸ</span> <span class='ocrx_word' id='word_1_632' title='bbox 3437 3453 3492 3510; x_wconf 77' lang='grc' dir='ltr'>ἐν</span> <span class='ocrx_word' id='word_1_633' title='bbox 3547 3458 3739 3534; x_wconf 70' lang='grc' dir='ltr'>Κορεί-</span> 
     </span>
    </p>
   </div>
   <div class='ocr_carea' id='block_1_94' title="bbox 2084 3535 3740 3618">
    <p class='ocr_par' dir='ltr' id='par_1_94' title="bbox 2084 3535 3740 3618">
     <span class='ocr_line' id='line_1_94' title="bbox 2084 3535 3740 3618; baseline 0.005 -27"><span class='ocrx_word' id='word_1_634' title='bbox 2084 3557 2206 3610; x_wconf 89' lang='grc' dir='ltr'>μοις</span> <span class='ocrx_word' id='word_1_635' title='bbox 2258 3537 2416 3590; x_wconf 67' lang='grc' dir='ltr'>αὐτοῦ</span> <span class='ocrx_word' id='word_1_636' title='bbox 2444 3536 2652 3613; x_wconf 82' lang='grc' dir='ltr'>γήδιον,</span> <span class='ocrx_word' id='word_1_637' title='bbox 2719 3536 2777 3595; x_wconf 84' lang='grc' dir='ltr'>Ὀ</span> <span class='ocrx_word' id='word_1_638' title='bbox 2825 3535 2879 3594; x_wconf 83' lang='grc' dir='ltr'>δὲ</span> <span class='ocrx_word' id='word_1_639' title='bbox 2928 3541 3056 3618; x_wconf 83' lang='grc' dir='ltr'>πρὸς</span> <span class='ocrx_word' id='word_1_640' title='bbox 3086 3540 3184 3606; x_wconf 76' lang='grc' dir='ltr'><strong>τὴν</strong></span> <span class='ocrx_word' id='word_1_641' title='bbox 3237 3539 3449 3606; x_wconf 81' lang='grc' dir='ltr'>ἀξίωσιν</span> <span class='ocrx_word' id='word_1_642' title='bbox 3480 3541 3740 3618; x_wconf 75' lang='grc' dir='ltr'>ἀσμένως</span> 
     </span>
    </p>
   </div>
   <div class='ocr_carea' id='block_1_95' title="bbox 2083 3621 3741 3712">
    <p class='ocr_par' dir='ltr' id='par_1_95' title="bbox 2083 3621 3741 3712">
     <span class='ocr_line' id='line_1_95' title="bbox 2083 3621 3741 3712; baseline 0.008 -34"><span class='ocrx_word' id='word_1_643' title='bbox 2083 3621 2357 3702; x_wconf 86' lang='grc' dir='ltr'>διατεθεὶς,</span> <span class='ocrx_word' id='word_1_644' title='bbox 2400 3625 2660 3705; x_wconf 75' lang='grc' dir='ltr'>ὲτύγχανε</span> <span class='ocrx_word' id='word_1_645' title='bbox 2719 3627 2819 3705; x_wconf 80' lang='grc' dir='ltr'><strong>γὰρ</strong></span> <span class='ocrx_word' id='word_1_646' title='bbox 2865 3629 3008 3702; x_wconf 81' lang='grc' dir='ltr'><strong>αὗτῴ</strong></span> <span class='ocrx_word' id='word_1_647' title='bbox 3063 3628 3302 3704; x_wconf 81' lang='grc' dir='ltr'>κείμενον</span> <span class='ocrx_word' id='word_1_648' title='bbox 3357 3631 3446 3688; x_wconf 82' lang='grc' dir='ltr'><strong>καὶ</strong></span> <span class='ocrx_word' id='word_1_649' title='bbox 3495 3634 3552 3688; x_wconf 70' lang='grc' dir='ltr'>ἓν</span> <span class='ocrx_word' id='word_1_650' title='bbox 3600 3655 3741 3712; x_wconf 83' lang='grc' dir='ltr'>γει-</span> 
     </span>
    </p>
   </div>
   <div class='ocr_carea' id='block_1_96' title="bbox 2082 3712 3751 3799">
    <p class='ocr_par' dir='ltr' id='par_1_96' title="bbox 2082 3712 3751 3799">
     <span class='ocr_line' id='line_1_96' title="bbox 2082 3712 3751 3799; baseline 0.007 -32"><span class='ocrx_word' id='word_1_651' title='bbox 2082 3712 2249 3769; x_wconf 87' lang='grc' dir='ltr'>τόνων</span> <span class='ocrx_word' id='word_1_652' title='bbox 2308 3713 2370 3768; x_wconf 82' lang='grc' dir='ltr'>τὸ</span> <span class='ocrx_word' id='word_1_653' title='bbox 2427 3713 2880 3795; x_wconf 79' lang='grc' dir='ltr'>ὑπισχνούμενον,</span> <span class='ocrx_word' id='word_1_654' title='bbox 2913 3715 3098 3796; x_wconf 75' lang='grc' dir='ltr'>ἀφίησι</span> <span class='ocrx_word' id='word_1_655' title='bbox 3156 3718 3245 3773; x_wconf 82' lang='grc' dir='ltr'><strong>τὸν</strong></span> <span class='ocrx_word' id='word_1_656' title='bbox 3304 3721 3584 3799; x_wconf 79' lang='grc' dir='ltr'>Οὒίκτωρα</span> <span class='ocrx_word' id='word_1_657' title='bbox 3638 3726 3751 3780; x_wconf 73' lang='grc' dir='ltr'>τοῖ’)</span> 
     </span>
    </p>
   </div>
   <div class='ocr_carea' id='block_1_97' title="bbox 2082 3798 3752 3890">
    <p class='ocr_par' dir='ltr' id='par_1_97' title="bbox 2082 3798 3752 3890">
     <span class='ocr_line' id='line_1_97' title="bbox 2082 3798 3752 3890; baseline 0.007 -34"><span class='ocrx_word' id='word_1_658' title='bbox 2082 3798 2466 3890; x_wconf 70' lang='grc' dir='ltr'>δεσμωτηρίου,</span> <span class='ocrx_word' id='word_1_659' title='bbox 2527 3803 2584 3866; x_wconf 89' lang='grc' dir='ltr'><strong>ὃς</strong></span> <span class='ocrx_word' id='word_1_660' title='bbox 2655 3804 2841 3867; x_wconf 85' lang='grc' dir='ltr'>νυκτὸς</span> <span class='ocrx_word' id='word_1_661' title='bbox 2912 3802 3118 3874; x_wconf 85' lang='grc' dir='ltr'>διαδρὰς</span> <span class='ocrx_word' id='word_1_662' title='bbox 3177 3809 3441 3884; x_wconf 89' lang='grc' dir='ltr'>σωτηρίαν</span> <span class='ocrx_word' id='word_1_663' title='bbox 3513 3809 3752 3890; x_wconf 75' lang='grc' dir='ltr'>ἐφεῦρεν</span> 
     </span>
    </p>
   </div>
   <div class='ocr_carea' id='block_1_98' title="bbox 2079 3889 3749 3973">
    <p class='ocr_par' dir='ltr' id='par_1_98' title="bbox 2079 3889 3749 3973">
     <span class='ocr_line' id='line_1_98' title="bbox 2079 3889 3749 3973; baseline 0.008 -29"><span class='ocrx_word' id='word_1_664' title='bbox 2079 3889 2346 3950; x_wconf 79' lang='grc' dir='ltr'>ἀπωλείας</span> <span class='ocrx_word' id='word_1_665' title='bbox 2400 3889 2644 3965; x_wconf 79' lang='grc' dir='ltr'>ἔμπλεων</span> <span class='ocrx_word' id='word_1_666' title='bbox 2707 3897 2805 3959; x_wconf 75' lang='grc' dir='ltr'>τῆς</span> <span class='ocrx_word' id='word_1_667' title='bbox 2863 3892 3128 3973; x_wconf 75' lang='grc' dir='ltr'>ἐσχάτης,</span> <span class='ocrx_word' id='word_1_668' title='bbox 3191 3897 3476 3972; x_wconf 80' lang='grc' dir='ltr'>ζημιωθεὶς</span> <span class='ocrx_word' id='word_1_669' title='bbox 3527 3889 3566 3955; x_wconf 68' lang='lat'><strong><em>8</em></strong></span> <span class='ocrx_word' id='word_1_670' title='bbox 3614 3899 3749 3958; x_wconf 81' lang='grc' dir='ltr'>δεί-</span> 
     </span>
    </p>
   </div>
   <div class='ocr_carea' id='block_1_99' title="bbox 2079 3975 3751 4065">
    <p class='ocr_par' dir='ltr' id='par_1_99' title="bbox 2079 3975 3751 4065">
     <span class='ocr_line' id='line_1_99' title="bbox 2079 3975 3751 4065; baseline 0.01 -33"><span class='ocrx_word' id='word_1_671' title='bbox 2079 3975 2229 4065; x_wconf 79' lang='grc' dir='ltr'>λαιος</span> <span class='ocrx_word' id='word_1_672' title='bbox 2287 3979 2373 4034; x_wconf 84' lang='grc' dir='ltr'>καὶ</span> <span class='ocrx_word' id='word_1_673' title='bbox 2406 3985 2506 4057; x_wconf 81' lang='grc' dir='ltr'>γῆν</span> <span class='ocrx_word' id='word_1_674' title='bbox 2564 3979 2676 4056; x_wconf 78' lang='grc' dir='ltr'><strong>ἅμα</strong></span> <span class='ocrx_word' id='word_1_675' title='bbox 2719 3983 2806 4037; x_wconf 80' lang='grc' dir='ltr'>καὶ</span> <span class='ocrx_word' id='word_1_676' title='bbox 2849 3982 2948 4050; x_wconf 76' lang='grc' dir='ltr'><strong>τὴν</strong></span> <span class='ocrx_word' id='word_1_677' title='bbox 2981 3985 3190 4065; x_wconf 74' lang='grc' dir='ltr'>ψυχὴν,</span> <span class='ocrx_word' id='word_1_678' title='bbox 3234 3986 3335 4053; x_wconf 75' lang='grc' dir='ltr'>τὴν</span> <span class='ocrx_word' id='word_1_679' title='bbox 3373 3989 3469 4061; x_wconf 85' lang='grc' dir='ltr'>μὲν</span> <span class='ocrx_word' id='word_1_680' title='bbox 3499 3996 3578 4062; x_wconf 81' lang='grc' dir='ltr'>τῷ</span> <span class='ocrx_word' id='word_1_681' title='bbox 3637 3990 3751 4048; x_wconf 74' lang='grc' dir='ltr'>δό-</span> 
     </span>
    </p>
   </div>
   <div class='ocr_carea' id='block_1_100' title="bbox 2079 4063 3747 4156">
    <p class='ocr_par' dir='ltr' id='par_1_100' title="bbox 2079 4063 3747 4156">
     <span class='ocr_line' id='line_1_100' title="bbox 2079 4063 3747 4156; baseline 0.013 -37"><span class='ocrx_word' id='word_1_682' title='bbox 2079 4063 2223 4156; x_wconf 72' lang='grc' dir='ltr'>ξαντι</span> <span class='ocrx_word' id='word_1_683' title='bbox 2285 4071 2474 4156; x_wconf 80' lang='grc' dir='ltr'>σῶσαι,</span> <span class='ocrx_word' id='word_1_684' title='bbox 2523 4071 2621 4156; x_wconf 81' lang='grc' dir='ltr'><strong>τήν</strong></span> <span class='ocrx_word' id='word_1_685' title='bbox 2678 4071 2863 4150; x_wconf 77' lang='grc' dir='ltr'>ψυχὴν</span> <span class='ocrx_word' id='word_1_686' title='bbox 2918 4071 2972 4127; x_wconf 81' lang='grc' dir='ltr'>δὲ</span> <span class='ocrx_word' id='word_1_687' title='bbox 3037 4063 3113 4148; x_wconf 82' lang='grc' dir='ltr'>τῷ</span> <span class='ocrx_word' id='word_1_688' title='bbox 3171 4071 3378 4150; x_wconf 83' lang='grc' dir='ltr'>δαίμονι</span> <span class='ocrx_word' id='word_1_689' title='bbox 3436 4077 3747 4156; x_wconf 78' lang='grc' dir='ltr'>παραδούς.</span> 
     </span>
    </p>
   </div>
   <div class='ocr_carea' id='block_1_101' title="bbox 2077 4152 3752 4243">
    <p class='ocr_par' dir='ltr' id='par_1_101' title="bbox 2077 4152 3752 4243">
     <span class='ocr_line' id='line_1_101' title="bbox 2077 4152 3752 4243; baseline 0.012 -36"><span class='ocrx_word' id='word_1_690' title='bbox 2077 4152 2310 4243; x_wconf 69' lang='grc' dir='ltr'>ᾜμέρας</span> <span class='ocrx_word' id='word_1_691' title='bbox 2374 4154 2428 4211; x_wconf 82' lang='grc' dir='ltr'>δὲ</span> <span class='ocrx_word' id='word_1_692' title='bbox 2502 4155 2604 4224; x_wconf 72' lang='grc' dir='ltr'><strong>ἤδη</strong></span> <span class='ocrx_word' id='word_1_693' title='bbox 2678 4157 3057 4238; x_wconf 83' lang='grc' dir='ltr'>διαυγαζούσης</span> <span class='ocrx_word' id='word_1_694' title='bbox 3115 4164 3175 4219; x_wconf 80' lang='grc' dir='ltr'>τὸ</span> <span class='ocrx_word' id='word_1_695' title='bbox 3242 4162 3416 4243; x_wconf 85' lang='grc' dir='ltr'>δρᾶμα</span> <span class='ocrx_word' id='word_1_696' title='bbox 3486 4152 3648 4235; x_wconf 60' lang='grc' dir='ltr'>γνοὺς</span> <span class='ocrx_word' id='word_1_697' title='bbox 3720 4173 3752 4228; x_wconf 84' lang='grc' dir='ltr'>ὁ</span> 
     </span>
    </p>
   </div>
   <div class='ocr_carea' id='block_1_102' title="bbox 2076 4241 3745 4335">
    <p class='ocr_par' dir='ltr' id='par_1_102' title="bbox 2076 4241 3745 4335">
     <span class='ocr_line' id='line_1_102' title="bbox 2076 4241 3745 4335; baseline 0.01 -37"><span class='ocrx_word' id='word_1_698' title='bbox 2076 4241 2273 4335; x_wconf 17' lang='grc' dir='ltr'>ἶΙνέρων,</span> <span class='ocrx_word' id='word_1_699' title='bbox 2362 4243 2612 4324; x_wconf 79' lang='grc' dir='ltr'>ἀφορήτῳ</span> <span class='ocrx_word' id='word_1_700' title='bbox 2696 4250 2971 4328; x_wconf 86' lang='grc' dir='ltr'>συνείχετο</span> <span class='ocrx_word' id='word_1_701' title='bbox 3051 4250 3192 4329; x_wconf 82' lang='grc' dir='ltr'>λύπῃ</span> <span class='ocrx_word' id='word_1_702' title='bbox 3219 4299 3236 4327; x_wconf 90' lang='grc'><strong>,</strong></span> <span class='ocrx_word' id='word_1_703' title='bbox 3274 4241 3393 4311; x_wconf 22' lang='grc' dir='ltr'>νκαὶ</span> <span class='ocrx_word' id='word_1_704' title='bbox 3474 4253 3745 4335; x_wconf 77' lang='grc' dir='ltr'>δάκρυσιν</span> 
     </span>
    </p>
   </div>
   <div class='ocr_carea' id='block_1_103' title="bbox 2075 4329 3747 4423">
    <p class='ocr_par' dir='ltr' id='par_1_103' title="bbox 2075 4329 3747 4423">
     <span class='ocr_line' id='line_1_103' title="bbox 2075 4329 3747 4423; baseline 0.013 -38"><span class='ocrx_word' id='word_1_705' title='bbox 2075 4329 2277 4423; x_wconf 52' lang='grc' dir='ltr'>ἐθρήνει</span> <span class='ocrx_word' id='word_1_706' title='bbox 2309 4347 2525 4406; x_wconf 70' lang='grc' dir='ltr'>πικροῖς</span> <span class='ocrx_word' id='word_1_707' title='bbox 2571 4336 2672 4403; x_wconf 78' lang='grc' dir='ltr'>τὴν</span> <span class='ocrx_word' id='word_1_708' title='bbox 2719 4345 2812 4395; x_wconf 79' lang='grc' dir='ltr'><strong>τοῦ</strong></span> <span class='ocrx_word' id='word_1_709' title='bbox 2858 4347 3140 4417; x_wconf 78' lang='grc' dir='ltr'>συγγενοῦς</span> <span class='ocrx_word' id='word_1_710' title='bbox 3201 4341 3493 4420; x_wconf 84' lang='grc' dir='ltr'>ἀπωλειαν,</span> <span class='ocrx_word' id='word_1_711' title='bbox 3524 4329 3747 4423; x_wconf 62' lang='grc' dir='ltr'>Οῗμοι,</span> 
     </span>
    </p>
   </div>
   <div class='ocr_carea' id='block_1_104' title="bbox 2074 4417 3744 4514">
    <p class='ocr_par' dir='ltr' id='par_1_104' title="bbox 2074 4417 3744 4514">
     <span class='ocr_line' id='line_1_104' title="bbox 2074 4417 3744 4514; baseline 0.013 -40"><span class='ocrx_word' id='word_1_712' title='bbox 2074 4417 2270 4501; x_wconf 82' lang='grc' dir='ltr'>λέγων,</span> <span class='ocrx_word' id='word_1_713' title='bbox 2340 4424 2604 4514; x_wconf 65' lang='grc' dir='ltr'>φύίκτωρ,</span> <span class='ocrx_word' id='word_1_714' title='bbox 2678 4426 2728 4482; x_wconf 93' lang='grc' dir='ltr'><strong>τί</strong></span> <span class='ocrx_word' id='word_1_715' title='bbox 2789 4449 2873 4483; x_wconf 90' lang='grc' dir='ltr'><strong>σοι</strong></span> <span class='ocrx_word' id='word_1_716' title='bbox 2939 4429 3174 4506; x_wconf 59' lang='grc' dir='ltr'>γέγονας</span> <span class='ocrx_word' id='word_1_717' title='bbox 3262 4435 3384 4494; x_wconf 81' lang='grc' dir='ltr'>Πῶς</span> <span class='ocrx_word' id='word_1_718' title='bbox 3454 4417 3744 4514; x_wconf 54' lang='grc' dir='ltr'><strong>χαλεᾶτῶέ</strong></span> 
     </span>
    </p>
   </div>
   <div class='ocr_carea' id='block_1_105' title="bbox 2073 4508 3750 4602">
    <p class='ocr_par' dir='ltr' id='par_1_105' title="bbox 2073 4508 3750 4602">
     <span class='ocr_line' id='line_1_105' title="bbox 2073 4508 3750 4602; baseline 0.013 -40"><span class='ocrx_word' id='word_1_719' title='bbox 2073 4508 2624 4602; x_wconf 18' lang='grc' dir='ltr'>πεπραγμάτευσαιᾲςψ</span> <span class='ocrx_word' id='word_1_720' title='bbox 2656 4516 2776 4578; x_wconf 79' lang='grc' dir='ltr'>Πῶς</span> <span class='ocrx_word' id='word_1_721' title='bbox 2832 4515 2988 4574; x_wconf 80' lang='grc' dir='ltr'>ὤνιον</span> <span class='ocrx_word' id='word_1_722' title='bbox 3049 4517 3260 4590; x_wconf 75' lang='grc' dir='ltr'>ἐκτήσω</span> <span class='ocrx_word' id='word_1_723' title='bbox 3316 4508 3499 4602; x_wconf 64' lang='grc' dir='ltr'><strong>ψυχῆξ</strong></span> <span class='ocrx_word' id='word_1_724' title='bbox 3567 4523 3750 4602; x_wconf 57' lang='grc' dir='ltr'>ἀετώο</span> 
     </span>
    </p>
   </div>
   <div class='ocr_carea' id='block_1_106' title="bbox 2073 4595 3745 4691">
    <p class='ocr_par' dir='ltr' id='par_1_106' title="bbox 2073 4595 3745 4691">
     <span class='ocr_line' id='line_1_106' title="bbox 2073 4595 3745 4691; baseline 0.012 -39"><span class='ocrx_word' id='word_1_725' title='bbox 2073 4595 2268 4691; x_wconf 28' lang='grc' dir='ltr'>λτιανὴς</span> <span class='ocrx_word' id='word_1_726' title='bbox 2331 4600 2391 4656; x_wconf 83' lang='grc' dir='ltr'>Τί</span> <span class='ocrx_word' id='word_1_727' title='bbox 2447 4599 2775 4678; x_wconf 77' lang='grc' dir='ltr'>προδέδωκας</span> <span class='ocrx_word' id='word_1_728' title='bbox 2833 4607 3052 4663; x_wconf 79' lang='grc' dir='ltr'>σεαυτὸν</span> <span class='ocrx_word' id='word_1_729' title='bbox 3114 4621 3230 4672; x_wconf 78' lang='grc' dir='ltr'>τοῖς</span> <span class='ocrx_word' id='word_1_730' title='bbox 3284 4595 3562 4691; x_wconf 66' lang='grc' dir='ltr'>ἐχθροῖς;</span> <span class='ocrx_word' id='word_1_731' title='bbox 3605 4599 3745 4691; x_wconf 42' lang='lat' dir='ltr'><strong>ilva</strong></span> 
     </span>
    </p>
   </div>
   <div class='ocr_carea' id='block_1_107' title="bbox 2072 4685 3748 4778">
    <p class='ocr_par' dir='ltr' id='par_1_107' title="bbox 2072 4685 3748 4778">
     <span class='ocr_line' id='line_1_107' title="bbox 2072 4685 3748 4778; baseline 0.014 -38"><span class='ocrx_word' id='word_1_732' title='bbox 2072 4687 2122 4778; x_wconf 80' lang='grc' dir='ltr'><strong>τί</strong></span> <span class='ocrx_word' id='word_1_733' title='bbox 2171 4685 2324 4778; x_wconf 82' lang='grc' dir='ltr'>δόξης</span> <span class='ocrx_word' id='word_1_734' title='bbox 2395 4691 2665 4768; x_wconf 79' lang='grc' dir='ltr'>στεφάνων</span> <span class='ocrx_word' id='word_1_735' title='bbox 2721 4693 2982 4772; x_wconf 73' lang='grc' dir='ltr'>αἰσχύνην</span> <span class='ocrx_word' id='word_1_736' title='bbox 3043 4685 3549 4778; x_wconf 39' lang='grc' dir='ltr'>προείλουλῴδγῆςξ</span> <span class='ocrx_word' id='word_1_737' title='bbox 3606 4687 3748 4763; x_wconf 58' lang='grc' dir='ltr'>Ἵνα</span> 
     </span>
    </p>
   </div>
   <div class='ocr_carea' id='block_1_108' title="bbox 2068 4775 3748 4862">
    <p class='ocr_par' dir='ltr' id='par_1_108' title="bbox 2068 4775 3748 4862">
     <span class='ocr_line' id='line_1_108' title="bbox 2068 4775 3748 4862; baseline 0.012 -31"><span class='ocrx_word' id='word_1_738' title='bbox 2068 4775 2120 4831; x_wconf 89' lang='grc' dir='ltr'><strong>τί</strong></span> <span class='ocrx_word' id='word_1_739' title='bbox 2174 4775 2316 4845; x_wconf 77' lang='grc' dir='ltr'>ζωὴν</span> <span class='ocrx_word' id='word_1_740' title='bbox 2375 4778 2638 4857; x_wconf 53' lang='grc' dir='ltr'>βραχεῖαν</span> <span class='ocrx_word' id='word_1_741' title='bbox 2694 4780 3010 4848; x_wconf 80' lang='grc' dir='ltr'>ἀντηλλάξω</span> <span class='ocrx_word' id='word_1_742' title='bbox 3077 4790 3178 4852; x_wconf 79' lang='grc' dir='ltr'><strong>τῆς</strong></span> <span class='ocrx_word' id='word_1_743' title='bbox 3252 4775 3520 4862; x_wconf 72' lang='grc' dir='ltr'>αἰωνίαςς</span> <span class='ocrx_word' id='word_1_744' title='bbox 3596 4797 3748 4858; x_wconf 75' lang='grc' dir='ltr'>Πῶς</span> 
     </span>
    </p>
   </div>
   <div class='ocr_carea' id='block_1_109' title="bbox 2067 4863 3752 4952">
    <p class='ocr_par' dir='ltr' id='par_1_109' title="bbox 2067 4863 3752 4952">
     <span class='ocr_line' id='line_1_109' title="bbox 2067 4863 3752 4952; baseline 0.015 -36"><span class='ocrx_word' id='word_1_745' title='bbox 2067 4864 2258 4952; x_wconf 78' lang='grc' dir='ltr'>μικρὰν</span> <span class='ocrx_word' id='word_1_746' title='bbox 2319 4863 2494 4921; x_wconf 75' lang='grc' dir='ltr'>ἄνεσιν</span> <span class='ocrx_word' id='word_1_747' title='bbox 2553 4875 2727 4946; x_wconf 81' lang='grc' dir='ltr'>χαρᾶς</span> <span class='ocrx_word' id='word_1_748' title='bbox 2780 4870 3091 4950; x_wconf 77' lang='grc' dir='ltr'>προέκρινας</span> <span class='ocrx_word' id='word_1_749' title='bbox 3145 4873 3494 4952; x_wconf 71' lang='grc' dir='ltr'>ἀπεράντου;</span> <span class='ocrx_word' id='word_1_750' title='bbox 3552 4881 3752 4942; x_wconf 79' lang='grc' dir='ltr'>Πόσοι</span> 
     </span>
    </p>
   </div>
   <div class='ocr_carea' id='block_1_110' title="bbox 2067 4949 3757 5042">
    <p class='ocr_par' dir='ltr' id='par_1_110' title="bbox 2067 4949 3757 5042">
     <span class='ocr_line' id='line_1_110' title="bbox 2067 4949 3757 5042; baseline 0.013 -36"><span class='ocrx_word' id='word_1_751' title='bbox 2067 4949 2111 5006; x_wconf 83' lang='grc' dir='ltr'>δ’</span> <span class='ocrx_word' id='word_1_752' title='bbox 2164 4950 2228 5042; x_wconf 80' lang='grc' dir='ltr'><strong>ἂν</strong></span> <span class='ocrx_word' id='word_1_753' title='bbox 2284 4954 2372 5042; x_wconf 57' lang='grc' dir='ltr'><strong>καξ⁵</strong></span> <span class='ocrx_word' id='word_1_754' title='bbox 2427 4955 2609 5022; x_wconf 77' lang='grc' dir='ltr'>ἠνίασε</span> <span class='ocrx_word' id='word_1_755' title='bbox 2660 4957 2726 5013; x_wconf 82' lang='grc' dir='ltr'><strong>τὰ</strong></span> <span class='ocrx_word' id='word_1_756' title='bbox 2771 4957 2822 5024; x_wconf 72' lang='grc' dir='ltr'><strong>ἐξ</strong></span> <span class='ocrx_word' id='word_1_757' title='bbox 2873 4949 3164 5036; x_wconf 70' lang='grc' dir='ltr'>ἀνθρώπων</span> <span class='ocrx_word' id='word_1_758' title='bbox 3213 4949 3348 5020; x_wconf 84' lang='grc' dir='ltr'><strong>κατά</strong></span> <span class='ocrx_word' id='word_1_759' title='bbox 3398 4949 3531 5042; x_wconf 70' lang='grc' dir='ltr'>πρδς</span> <span class='ocrx_word' id='word_1_760' title='bbox 3583 4969 3757 5030; x_wconf 74' lang='grc' dir='ltr'>οὕτω</span> 
     </span>
    </p>
   </div>
   <div class='ocr_carea' id='block_1_111' title="bbox 2067 5038 3757 5132">
    <p class='ocr_par' dir='ltr' id='par_1_111' title="bbox 2067 5038 3757 5132">
     <span class='ocr_line' id='line_1_111' title="bbox 2067 5038 3757 5132; baseline 0.008 -36"><span class='ocrx_word' id='word_1_761' title='bbox 2067 5040 2258 5118; x_wconf 83' lang='grc' dir='ltr'>πικρὰς</span> <span class='ocrx_word' id='word_1_762' title='bbox 2319 5038 2526 5115; x_wconf 84' lang='grc' dir='ltr'>ὀδύνας,</span> <span class='ocrx_word' id='word_1_763' title='bbox 2586 5042 2648 5108; x_wconf 80' lang='grc' dir='ltr'><strong>ἂς</strong></span> <span class='ocrx_word' id='word_1_764' title='bbox 2703 5044 2849 5126; x_wconf 77' lang='grc' dir='ltr'>ἔχειν</span> <span class='ocrx_word' id='word_1_765' title='bbox 2907 5046 3119 5122; x_wconf 78' lang='grc' dir='ltr'>μὲλλεις</span> <span class='ocrx_word' id='word_1_766' title='bbox 3163 5053 3238 5114; x_wconf 80' lang='grc' dir='ltr'>εἷς</span> <span class='ocrx_word' id='word_1_767' title='bbox 3297 5038 3494 5132; x_wconf 76' lang='grc' dir='ltr'>χεῖρας</span> <span class='ocrx_word' id='word_1_768' title='bbox 3554 5056 3757 5132; x_wconf 57' lang='lat' dir='ltr'><strong>liud-</strong></span> 
     </span>
    </p>
   </div>
   <div class='ocr_carea' id='block_1_112' title="bbox 2067 5133 3755 5230">
    <p class='ocr_par' dir='ltr' id='par_1_112' title="bbox 2067 5133 3755 5230">
     <span class='ocr_line' id='line_1_112' title="bbox 2067 5133 3755 5230; baseline 0 0"><span class='ocrx_word' id='word_1_769' title='bbox 2067 5150 2216 5230; x_wconf 61' lang='lat'><strong>“‘3.”</strong></span> <span class='ocrx_word' id='word_1_770' title='bbox 2273 5136 2402 5230; x_wconf 56' lang='lat' dir='ltr'><strong>ei?“</strong></span> <span class='ocrx_word' id='word_1_771' title='bbox 2440 5133 2548 5230; x_wconf 60' lang='grc' dir='ltr'><strong>καὶ.</strong></span> <span class='ocrx_word' id='word_1_772' title='bbox 2579 5134 2700 5208; x_wconf 59' lang='grc' dir='ltr'>πυρὶ</span> <span class='ocrx_word' id='word_1_773' title='bbox 2729 5135 2951 5230; x_wconf 60' lang='grc' dir='ltr'><strong>γεένντὶε</strong></span> <span class='ocrx_word' id='word_1_774' title='bbox 3004 5140 3199 5230; x_wconf 45' lang='lat' dir='ltr'><strong>eis“?</strong></span> <span class='ocrx_word' id='word_1_775' title='bbox 3247 5140 3688 5230; x_wconf 60' lang='grc' dir='ltr'>παραδιδόμινος</span> <span class='ocrx_word' id='word_1_776' title='bbox 3731 5172 3755 5230; x_wconf 89' lang='grc'><strong>;</strong></span> 
     </span>
    </p>
   </div>
   <div class='ocr_carea' id='block_1_113' title="bbox 2153 5215 3757 5306">
    <p class='ocr_par' dir='ltr' id='par_1_113' title="bbox 2153 5215 3757 5306">
     <span class='ocr_line' id='line_1_113' title="bbox 2153 5215 3757 5306; baseline 0.013 -36"><span class='ocrx_word' id='word_1_777' title='bbox 2153 5215 2231 5276; x_wconf 86' lang='grc' dir='ltr'>Ζ’,</span> <span class='ocrx_word' id='word_1_778' title='bbox 2293 5216 2471 5279; x_wconf 78' lang='grc' dir='ltr'>Οὕτως</span> <span class='ocrx_word' id='word_1_779' title='bbox 2530 5217 2734 5283; x_wconf 77' lang='grc' dir='ltr'>ἐκεῖνος</span> <span class='ocrx_word' id='word_1_780' title='bbox 2785 5223 3202 5302; x_wconf 81' lang='grc' dir='ltr'>ἀποδυρόμενος,</span> <span class='ocrx_word' id='word_1_781' title='bbox 3249 5215 3465 5303; x_wconf 68' lang='grc' dir='ltr'>ἐπείπερ</span> <span class='ocrx_word' id='word_1_782' title='bbox 3505 5215 3757 5306; x_wconf 53' lang='lat' dir='ltr'><strong>invia;</strong></span> 
     </span>
    </p>
   </div>
   <div class='ocr_carea' id='block_1_114' title="bbox 2070 5307 3754 5410">
    <p class='ocr_par' dir='ltr' id='par_1_114' title="bbox 2070 5307 3754 5410">
     <span class='ocr_line' id='line_1_114' title="bbox 2070 5307 3754 5410; baseline 0.013 -51"><span class='ocrx_word' id='word_1_783' title='bbox 2070 5308 2195 5383; x_wconf 78' lang='grc' dir='ltr'>εἷχε</span> <span class='ocrx_word' id='word_1_784' title='bbox 2226 5311 2372 5410; x_wconf 49' lang='grc' dir='ltr'>,τῶν</span> <span class='ocrx_word' id='word_1_785' title='bbox 2442 5307 2668 5382; x_wconf 82' lang='grc' dir='ltr'>θρήνων,</span> <span class='ocrx_word' id='word_1_786' title='bbox 2729 5312 2851 5374; x_wconf 84' lang='grc' dir='ltr'>τοὺς</span> <span class='ocrx_word' id='word_1_787' title='bbox 2910 5314 3068 5369; x_wconf 83' lang='grc' dir='ltr'><strong>αύτοῦ</strong></span> <span class='ocrx_word' id='word_1_788' title='bbox 3120 5315 3352 5382; x_wconf 81' lang='grc' dir='ltr'>καλέσας</span> <span class='ocrx_word' id='word_1_789' title='bbox 3413 5339 3754 5410; x_wconf 73' lang='grc' dir='ltr'>συγγενεῖς,</span> 
     </span>
    </p>
   </div>
   <div class='ocr_carea' id='block_1_115' title="bbox 342 5372 1984 5486">
    <p class='ocr_par' dir='ltr' id='par_1_115' title="bbox 342 5372 1981 5486">
     <span class='ocr_line' id='line_1_115' title="bbox 342 5372 1981 5486; baseline 0.016 -58"><span class='ocrx_word' id='word_1_790' title='bbox 342 5372 834 5486; x_wconf 40' lang='grc' dir='ltr'><strong>ρξόθεσε,ιὶηᾳυίῑ,</strong></span> <span class='ocrx_word' id='word_1_791' title='bbox 867 5381 1133 5486; x_wconf 77' lang='lat' dir='ltr'><strong>ultimam</strong></span> <span class='ocrx_word' id='word_1_792' title='bbox 1161 5404 1348 5448; x_wconf 89' lang='lat' dir='ltr'><strong>meam</strong></span> <span class='ocrx_word' id='word_1_793' title='bbox 1367 5389 1570 5449; x_wconf 90' lang='lat' dir='ltr'><strong>audite</strong></span> <span class='ocrx_word' id='word_1_794' title='bbox 1595 5372 1981 5473; x_wconf 75' lang='lat' dir='ltr'><strong>voluntatem,</strong></span> 
     </span>
    </p>
   </div>
   <div class='ocr_carea' id='block_1_116' title="bbox 2153 5372 3755 5486">
    <p class='ocr_par' dir='ltr' id='par_1_116' title="bbox 2153 5372 3755 5486">
     <span class='ocr_line' id='line_1_116' title="bbox 2153 5372 3723 5393; baseline 0.015 -10"><span class='ocrx_word' id='word_1_795' title='bbox 2153 5372 2167 5383; x_wconf 65' lang='grc' dir='ltr'>υ</span> <span class='ocrx_word' id='word_1_796' title='bbox 2473 5372 2482 5382; x_wconf 91' lang='lat'><strong>-</strong></span> <span class='ocrx_word' id='word_1_797' title='bbox 2528 5372 2536 5376; x_wconf 68' lang='grc' dir='ltr'>ν</span> <span class='ocrx_word' id='word_1_798' title='bbox 2657 5372 2666 5381; x_wconf 78' lang='grc' dir='ltr'>ν</span> <span class='ocrx_word' id='word_1_799' title='bbox 2837 5372 2846 5374; x_wconf 50' lang='grc' dir='ltr'><em>ν</em></span> <span class='ocrx_word' id='word_1_800' title='bbox 3333 5372 3349 5382; x_wconf 90' lang='lat'>&#39;</span> <span class='ocrx_word' id='word_1_801' title='bbox 3421 5372 3470 5376; x_wconf 26' lang='lat'><strong>7&#39;</strong></span> <span class='ocrx_word' id='word_1_802' title='bbox 3554 5372 3723 5393; x_wconf 40' lang='lat' dir='ltr'><strong>V&#39;v&quot;</strong></span> 
     </span>
     <span class='ocr_line' id='line_1_117' title="bbox 2153 5372 3755 5486; baseline 0.014 -42"><span class='ocrx_word' id='word_1_803' title='bbox 2153 5391 2360 5447; x_wconf 76' lang='grc' dir='ltr'>ντώνιάν</span> <span class='ocrx_word' id='word_1_804' title='bbox 2421 5415 2481 5448; x_wconf 87' lang='grc' dir='ltr'><strong>τε</strong></span> <span class='ocrx_word' id='word_1_805' title='bbox 2552 5397 2638 5451; x_wconf 78' lang='grc' dir='ltr'><strong>καὶ</strong></span> <span class='ocrx_word' id='word_1_806' title='bbox 2720 5403 3117 5477; x_wconf 77' lang='grc' dir='ltr'>Ματρωνιανὸν,</span> <span class='ocrx_word' id='word_1_807' title='bbox 3179 5411 3362 5484; x_wconf 80' lang='grc' dir='ltr'>Δεῦτε,</span> <span class='ocrx_word' id='word_1_808' title='bbox 3425 5372 3554 5486; x_wconf 49' lang='grc' dir='ltr'>ἔφη,</span> <span class='ocrx_word' id='word_1_809' title='bbox 3625 5377 3755 5483; x_wconf 63' lang='grc' dir='ltr'><strong>τῆξ</strong></span> 
     </span>
    </p>
   </div>
   <div class='ocr_carea' id='block_1_117' title="bbox 342 5465 1984 5576">
    <p class='ocr_par' dir='ltr' id='par_1_117' title="bbox 342 5465 1979 5549">
     <span class='ocr_line' id='line_1_118' title="bbox 342 5465 1979 5549; baseline 0.017 -31"><span class='ocrx_word' id='word_1_810' title='bbox 342 5465 404 5518; x_wconf 85' lang='lat' dir='ltr'><strong>ut</strong></span> <span class='ocrx_word' id='word_1_811' title='bbox 431 5469 794 5524; x_wconf 67' lang='lat' dir='ltr'><strong>revertentes</strong></span> <span class='ocrx_word' id='word_1_812' title='bbox 823 5485 952 5528; x_wconf 87' lang='lat' dir='ltr'><strong>eam</strong></span> <span class='ocrx_word' id='word_1_813' title='bbox 985 5472 1326 5549; x_wconf 89' lang='lat' dir='ltr'><strong>perducatis</strong></span> <span class='ocrx_word' id='word_1_814' title='bbox 1383 5476 1456 5546; x_wconf 88' lang='lat' dir='ltr'><strong>ad</strong></span> <span class='ocrx_word' id='word_1_815' title='bbox 1488 5479 1791 5545; x_wconf 65' lang='lat' dir='ltr'><strong>effectum.</strong></span> <span class='ocrx_word' id='word_1_816' title='bbox 1834 5465 1979 5546; x_wconf 75' lang='lat' dir='ltr'><strong>Volo</strong></span> 
     </span>
    </p>
   </div>
   <div class='ocr_carea' id='block_1_118' title="bbox 2153 5465 3751 5576">
    <p class='ocr_par' dir='ltr' id='par_1_118' title="bbox 2153 5465 3751 5576">
     <span class='ocr_line' id='line_1_119' title="bbox 2153 5465 3751 5576; baseline 0.013 -40"><span class='ocrx_word' id='word_1_817' title='bbox 2153 5481 2366 5539; x_wconf 66' lang='lat' dir='ltr'><strong>sumta:</strong></span> <span class='ocrx_word' id='word_1_818' title='bbox 2433 5483 2695 5544; x_wconf 81' lang='grc' dir='ltr'>ἀκούσατὲ</span> <span class='ocrx_word' id='word_1_819' title='bbox 2770 5465 2872 5564; x_wconf 69' lang='grc' dir='ltr'><strong>μου</strong></span> <span class='ocrx_word' id='word_1_820' title='bbox 2943 5465 3274 5574; x_wconf 74' lang='grc' dir='ltr'>βουλήσεως,</span> <span class='ocrx_word' id='word_1_821' title='bbox 3334 5465 3425 5551; x_wconf 48' lang='grc' dir='ltr'>ἕνα</span> <span class='ocrx_word' id='word_1_822' title='bbox 3632 5465 3751 5574; x_wconf 48' lang='lat' dir='ltr'><strong>ac;</strong></span> 
     </span>
    </p>
   </div>
   <div class='ocr_carea' id='block_1_119' title="bbox 414 5643 1076 5722">
    <p class='ocr_par' dir='ltr' id='par_1_119' title="bbox 414 5643 1076 5722">
     <span class='ocr_line' id='line_1_120' title="bbox 414 5643 1076 5722; baseline 0.027 -18"><span class='ocrx_word' id='word_1_823' title='bbox 414 5643 448 5692; x_wconf 70' lang='grc' dir='ltr'>ὅ</span> <span class='ocrx_word' id='word_1_824' title='bbox 478 5643 633 5708; x_wconf 87' lang='lat' dir='ltr'><strong>Psal.</strong></span> <span class='ocrx_word' id='word_1_825' title='bbox 659 5661 865 5714; x_wconf 80' lang='lat' dir='ltr'><strong>cum</strong></span> <span class='ocrx_word' id='word_1_826' title='bbox 880 5667 940 5717; x_wconf 83' lang='grc' dir='ltr'><strong>η.</strong></span> <span class='ocrx_word' id='word_1_827' title='bbox 972 5652 1076 5722; x_wconf 71' lang='lat'><strong>21.</strong></span> 
     </span>
    </p>
   </div>
  </div>
