3932 6128
425 354 537 422 119
1721 342 1978 406 MENSIE

2234 341 2491 402 EMBER.
3682 335 3787 403 120

420 488 469 552 Ο
491 484 687 568 qualia
711 501 818 566 pro
841 478 1118 575 qualibus
1139 478 1364 575 accepi,
1390 497 1423 539 o
1459 474 1907 550 charissime,ut
1937 494 1970 554 q

2229 499 2248 530 ν
2279 479 2425 554 χαρᾷ
2474 477 2639 529 τοῦτο
2699 467 2754 526 δὲ
2816 468 2902 526 καὶ
2951 465 3095 543 λύπῃ
3143 463 3334 535 ἔαυτην
3375 468 3674 547 μερίζουσα,
3703 469 3782 528 ’Ὠ

425 587 484 639 te
507 557 750 658 quidem
777 557 948 634 emisi
971 571 1170 632 vivum
1194 578 1252 630 et
1281 557 1530 640 salvum,
1559 584 1718 628 nunc
1738 574 1978 658 autemp

2230 584 2238 618 ι
2317 564 2428 620 ἀνθ’
2507 561 2641 618 οἴων
2727 558 3022 637 ἀπείληφα,
3103 558 3469 632 ποθεινότατε,
3542 557 3783 637 λέγουσα,

430 647 552 728 toto
567 672 627 725 et
643 663 772 724 vivo
790 661 973 722 solam
993 675 1228 720 manum
1245 658 1704 737 accepi,partem
1719 655 1983 756 qua‘mda‘

2233 677 2318 710 ιτα
2375 653 2473 727 μὲν
2527 673 2585 706 σε
2642 652 2730 708 καὶ
2791 653 2930 706 σῶον
2991 648 3348 724 ἐκπέμψασα,
3405 649 3516 704 νυνὶ
3565 647 3618 704 δὲ
3684 649 3786 706 ἀνθ’

2391 744 2404 756 .
2470 747 2535 756 μ-
2827 751 2850 756 4
3035 737 3047 756 ι
3477 737 3487 756 .
3693 738 3704 756 ι

431 755 583 836 proh
612 752 803 824 dolor,
831 757 889 810 et
919 748 1130 809 breves
1159 747 1478 836 reliquias:
1513 754 1576 806 ut
1607 750 1790 822 magis
1813 744 1984 805 deﬂe:

2239 770 2273 801 ευ
2320 744 2410 798 καὶ
2470 747 2691 819 ζῶντος,
2750 751 2917 818 χεῖρα
2975 737 3150 813 μόνην
3213 737 3580 813 κομισαμένη,
3641 738 3792 816 μέρος

426 826 486 905 et
503 840 753 904 habeam
787 837 1090 898 stimulum
1125 835 1496 907 maerorismt
1521 852 1652 914 quae
1675 851 1781 912 per
1810 850 1938 892 eam
1966 854 1979 890 (

2286 831 2422 910 φεῦί
2492 830 2587 886 καὶ
2646 829 2822 908 βραχὺ
2888 826 3163 902 λείψανον,
3237 827 3416 904 ὥσπερ
3479 827 3573 882 ἵνα
3641 827 3792 884 πλέον

427 935 614 996 ducar
653 929 727 990 ad
761 925 1136 988 memoriam.
1171 923 1344 1002 Atqui
1388 924 1448 983 in
1479 923 1686 984 dolore
1739 922 1977 1002 quidem

2243 928 2350 1000 ινῶ,
2410 923 2499 977 καὶ
2567 918 2783 994 κέντρον
2855 917 2972 996 ἔχω
3044 923 3137 972 τοῦ
3208 917 3428 990 πάθους,
3503 918 3634 994 πρὸς
3705 918 3796 984 τὴν

424 1019 654 1101 peperi,
680 1015 906 1088 infelix,
932 1013 1134 1075 labore
1153 1019 1349 1074 autem
1384 1019 1441 1073 te
1465 1011 1609 1090 alui,
1628 1029 1871 1092 sperans
1891 1021 1977 1101 tet

2242 1014 2374 1085 ήμην
2431 1009 2516 1064 διὰ
2580 1010 2779 1073 ταύτης
2839 1004 3199 1081 ὁδηγουμὲνη.
3267 1006 3448 1063 Καίτοι
3515 1006 3663 1079 πόνῳ
3705 1008 3795 1080 μὲν

420 1093 622 1173 iurum
671 1104 948 1167 baculum
994 1102 1340 1181 senectutis,
1372 1101 1583 1162 ducem
1615 1100 1973 1162 imbecillitat

2239 1106 2274 1171 ἦ
2305 1099 2455 1156 ἀθλία
2489 1097 2886 1174 ἐγεδνησάμην,
2936 1095 3128 1174 μόχθῳ
3158 1093 3214 1150 δὲ
3269 1098 3357 1152 καὶ
3417 1094 3792 1174 ἒξεθρεψάμην,

417 1195 885 1261 consolationem
921 1192 1104 1252 animi
1137 1189 1525 1268 aegritudinis.
1575 1190 1692 1252 Sed
1731 1191 1887 1250 enim
1921 1209 1970 1269 qi

2240 1211 2330 1252 >ως
2428 1186 2634 1243 ἔσεσθαι
2727 1186 3020 1263 βακτηρίαν
3111 1183 3381 1240 ἐλπίσασα
3414 1233 3430 1258 ,
3533 1187 3793 1248 ἀσθενείας

419 1287 564 1348 mihi
594 1282 834 1352 accidit,
857 1298 991 1359 qua:
1020 1280 1275 1340 deducta
1305 1297 1434 1338 sum
1469 1279 1540 1339 ad
1577 1279 1883 1358 lacrymas,
1921 1297 1972 1339 ei

2246 1279 2535 1356 ραγωγίαν,
2607 1275 2831 1349 ἀθυμίας
2904 1275 3260 1352 παραψυχῆν.
3334 1273 3503 1331 Ἀλλὰ
3586 1277 3687 1352 γὰρ
3768 1297 3796 1332 τ

419 1393 516 1437 me
540 1378 810 1451 oporteat
824 1368 1010 1430 lmtari
1035 1377 1092 1429 et
1117 1367 1430 1442 exsultare,
1458 1367 1613 1446 quod
1629 1367 1840 1429 fuerim
1868 1376 1972 1428 mat

2234 1372 2375 1425 ιονθα
2460 1369 2589 1444 πρὸς
2670 1365 2857 1428 πένθος
2931 1369 3323 1444 κατενεχθεῖσα
3413 1367 3500 1422 καὶ
3570 1364 3787 1442 δάκρυα,

419 1461 712 1542 martyris,
746 1457 901 1538 quod
940 1461 1060 1517 Deo
1094 1457 1411 1517 obtulerim
1443 1457 1685 1517 domum
1720 1458 1836 1517 mei
1870 1467 1968 1517 ute

2231 1483 2250 1514 ν
2308 1456 2629 1534 ἀγάλλεσθαι
2687 1454 2785 1510 καὶ
2841 1460 3082 1528 σκιρτᾷν,
3143 1454 3225 1510 ὅτι
3277 1455 3541 1532 μάρτυρος
3596 1455 3784 1531 ἐγενό-

417 1553 574 1632 quod
602 1567 735 1610 cum
760 1556 839 1626 te,
865 1566 897 1607 o
929 1546 1299 1620 charissime,
1336 1545 1585 1607 aluerim
1618 1555 1675 1607 et
1701 1545 1970 1607 erudierit

2231 1571 2244 1602 δ
2301 1548 2504 1622 μήτηρ,
2563 1543 2643 1600 ὅτι
2704 1550 2780 1617 τῷ
2837 1546 2954 1615 Θεῴ
3013 1543 3176 1620 δῶρον
3236 1548 3335 1610 τῆς
3387 1543 3524 1615 ἐμῆς
3577 1542 3784 1609 κοιλίας

421 1645 481 1701 et
507 1637 581 1700 ad
613 1637 894 1716 pietatem
950 1633 1343 1706 exercuerim,
1379 1653 1496 1696 non
1535 1643 1592 1696 te
1623 1635 1868 1695 viderim
1918 1654 1974 1696 cc

2239 1636 2566 1715 ρπορύρησα,
2623 1634 2703 1690 ὅτι
2756 1654 2815 1689 σε
2876 1633 3034 1712 οὕτω,
3099 1632 3341 1712 φίλτατε,
3406 1635 3495 1689 καὶ
3523 1633 3792 1711 θρέψασα,

419 1733 775 1789 summatum
807 1733 997 1784 morte
1029 1725 1330 1784 communi
1361 1731 1418 1784 et
1447 1723 1638 1786 inutili
1665 1725 1696 1783 ‘I
1729 1723 1972 1786 Utilitatt

2309 1723 2656 1800 παιδεύσασα,
2733 1721 2828 1780 καΐ
2905 1723 3004 1788 τὴν
3079 1719 3346 1779 εὐσέϐειαν
3423 1723 3795 1803 ἐξασκήσασα,

420 1817 578 1877 enim
605 1830 874 1891 magnam
899 1811 1256 1873 habetmors
1285 1813 1575 1892 martyris,
1593 1832 1709 1890 qua
1738 1823 1796 1875 tu
1821 1833 1884 1874 es
1916 1835 1973 1874 cr

2286 1812 2429 1870 εἶδον
2485 1817 2649 1884 κοινῷ
2705 1812 2792 1866 καὶ
2847 1809 3062 1889 ἂκερδεϊ
3115 1811 3324 1867 θανάτω
3388 1810 3735 1869 τελειωθέντα
3781 1833 3796 1886 ;

419 1910 774 1964 summatus.
824 1900 943 1962 Sed
978 1918 1094 1974 me,
1129 1919 1262 1962 cum
1315 1901 1667 1975 decesseris,
1704 1921 1780 1964 ne
1811 1905 1969 1964 omni

2238 1926 2310 1983 (ει
2342 1903 2440 1980 γὰρ
2470 1901 2605 1958 πολὺ
2659 1901 2720 1956 τὸ
2771 1899 3038 1977 ὠφέλιμον
3099 1903 3126 1956 ὁ
3185 1903 3505 1979 μαρτυρικὸς
3561 1902 3791 1967 Θάνατος

414 1992 738 2070 relinquas,
759 1989 860 2050 sed
890 1989 1416 2050 intercessionibus
1437 1989 1590 2068 apud
1614 2009 1775 2066 eum,
1804 2011 1910 2071 pro
1939 2013 1967 2071 q

2238 1994 2299 2048 σὺ
2353 1990 2710 2050 τετελείωσαι.
2777 1987 2944 2048 Ἀλλὰ
3001 2011 3068 2064 με
3119 1991 3206 2045 καὶ
3277 1989 3629 2066 τελευτήσας,
3709 1992 3789 2064 μὴ

420 2079 681 2143 eﬂ‘udisti
711 2077 1086 2155 sanguinem,
1117 2096 1210 2139 me
1239 2078 1312 2139 ab
1347 2079 1453 2141 hac
1484 2078 1777 2141 laboriosa
1810 2089 1868 2142 et
1897 2083 2059 2143 cala-

421 2170 638 2231 mitosa
657 2167 774 2228 vita
798 2168 911 2228 cito
933 2166 1238 2228 liberatam
1264 2167 1417 2247 apud
1438 2180 1493 2228 te
1515 2178 1758 2248 statuas,
1781 2170 1890 2232 hac
1914 2172 1970 2232 in
1994 2191 2059 2233 re

422 2258 574 2320 mihi
629 2257 891 2319 reddens
941 2257 1281 2318 mercedem
1334 2258 1700 2321 nutritionis.
1736 2259 1872 2321 Haec
1925 2279 2058 2322 cum

419 2348 687 2427 dixisset,
717 2345 992 2425 deposuit
1026 2364 1262 2406 manum
1304 2346 1366 2406 in
1399 2365 1469 2406 eo
1502 2348 1654 2422 loco,
1689 2348 1748 2408 in
1780 2369 1894 2428 quo
1934 2351 2061 2429 jus-

421 2441 582 2500 serat
613 2441 853 2513 martyr,
882 2442 941 2494 et
969 2452 1336 2513 quaecunque
1369 2434 1642 2496 mandata
1671 2436 1921 2511 fuerant,
1949 2439 2058 2498 de-

417 2525 582 2586 duxit
639 2523 714 2585 ad
763 2523 1067 2596 eﬂ'ectum,
1103 2523 1438 2599 gloriﬁcans
1494 2525 1795 2585 Christum
1856 2545 2056 2588 verum

414 2613 605 2675 Deum
665 2619 932 2672 nostrum
978 2630 991 2670 :
1041 2628 1216 2687 quem
1249 2610 1421 2670 decet
1451 2611 1642 2671 omnis
1696 2612 1903 2690 gloria,
1940 2633 2056 2675 ma-

411 2703 603 2780 jestas
635 2706 696 2760 et
726 2699 859 2759 laus
890 2714 1024 2757 cum
1057 2697 1346 2775 principio
1377 2707 1616 2759 carente
1642 2701 1774 2778 ejus
1804 2700 1976 2763 Patre
1997 2713 2055 2764 et

411 2789 651 2849 viviﬁco
683 2785 930 2866 Spiritu,
967 2802 1123 2846 nunc
1178 2793 1236 2846 et
1282 2786 1344 2846 in
1401 2787 1615 2848 saecula
1671 2789 2051 2855 saeculorum.

412 2878 628 2940 Amen.

2141 2083 2314 2148 πάντη
2374 2079 2671 2145 καταλίπης
2707 2095 2721 2114 ⁹
2793 2089 2916 2142 ταῖς
2988 2077 3042 2132 δὲ
3103 2079 3235 2154 πρὸς
3292 2080 3384 2135 τὸν
3431 2081 3563 2157 ὑπὲρ
3638 2083 3702 2137 οὗ
3733 2101 3796 2136 το

2144 2173 2285 2245 αἷμα
2326 2168 2544 2248 ἐξέχεας
2597 2166 2896 2247 πρεσϐείαις
2951 2189 3065 2237 σου,
3123 2172 3223 2233 τῆς
3283 2169 3537 2224 ὲπιπόνου
3590 2171 3794 2235 ταύτης

2144 2263 2229 2317 καὶ
2296 2261 2598 2337 ὶμοχθηρᾶς
2657 2258 2849 2336 τάχιον
2907 2253 3214 2321 ἀπαλλάξειν
3265 2263 3431 2329 ζωῆς,
3492 2259 3637 2334 παρὰ
3711 2261 3795 2316 σοὶ

2144 2351 2366 2418 στήσαις
2424 2346 2646 2409 ἀποδοὺς
2705 2346 2757 2403 ἐν
2812 2346 2983 2417 τούτῳ
3040 2367 3130 2418 μοι
3197 2346 3262 2407 τὰ
3316 2360 3562 2426 τροφεῖα.
3611 2351 3795 2405 Ταῦτα

2144 2441 2382 2510 εἰποῦσα,
2415 2437 2514 2502 τὴν
2544 2434 2710 2514 χεῖρά
2741 2456 2797 2490 τε
2828 2433 2883 2489 ἐν
2930 2437 2975 2508 ᾧ
3005 2432 3320 2492 ἑκελεύσατο
3378 2439 3526 2509 τόπῳ
3581 2439 3609 2494 ὁ
3643 2437 3793 2516 μοίρ-

2142 2549 2230 2591 τυς
2261 2524 2531 2596 κατέθετο,
2567 2523 2662 2578 καῖ
2706 2524 2773 2578 τὰ
2816 2522 3207 2580 διατυπωθέντα
3264 2525 3438 2581 πάντα
3491 2528 3561 2588 είς
3621 2527 3792 2605 πέρας

2139 2615 2335 2692 ἤγαγε,
2393 2610 2673 2682 δοξάζουσα
2728 2614 2950 2690 Χριστὸν
3021 2613 3112 2669 τὸν
3158 2615 3288 2669 Θεὸν
3335 2615 3509 2689 ἡμῶν,
3555 2618 3600 2688 ᾧ
3651 2616 3792 2694 πρέ-

2139 2725 2226 2760 πει
2257 2709 2402 2759 πᾶσα
2445 2699 2588 2774 δόξα,
2651 2701 3003 2778 μεγαλωσύνη
3059 2724 3117 2758 τε
3177 2704 3266 2759 καὶ
3323 2703 3789 2784 μεγαλοπρέπεια,

2139 2794 2230 2848 σὺν
2293 2797 2371 2865 τῷ
2453 2788 2674 2870 ἂνάρχω
2736 2791 2894 2849 αὐτοῦ
2967 2793 3130 2872 Πατρὶ
3212 2794 3298 2848 καὶ
3369 2800 3446 2868 τῷ
3527 2801 3794 2869 ζωοποιῷ

2134 2882 2430 2960 Πνεύματι,
2494 2888 2580 2938 νῦν
2639 2881 2724 2937 καὶ
2779 2882 2851 2946 είς
2908 2882 3030 2947 τοὺς
3103 2882 3297 2946 αἶῶνας
3366 2887 3474 2939 τῶν
3542 2884 3788 2944 αἰώνων.

2133 2969 2329 3048 Ἀμήν.

1165 3289 1940 3420 ΑΘΑΗΣΙΣ
2045 3216 2391 3428 ΤΟΥ
2498 3298 3031 3428 ΑΓΙΟΥ

568 3556 755 3644 ΚΑΙ
825 3557 1360 3647 ΕΝΔΟΞΟΥ
1444 3562 1630 3647 ΚΑΙ
1727 3563 2771 3656 ΜΕΓΑΛΟΜΑΡΤΥΡΟΣ
2843 3568 3070 3656 ΤΟΥ
3131 3569 3618 3658 ΧΡΙΣΤΟΥ

1672 3789 2528 3923 ΟΡΕΣΤΟΥ.

1754 4167 2431 4270 CERTAMEN

1169 4379 1430 4444 SANGTI
1470 4380 1565 4444 ET
1611 4381 1954 4451 GLORIOSI
2002 4386 2240 4453 MAGNI
2281 4387 2668 4457 MARTYRIS
2709 4388 3012 4460 CHRISTI

1671 4586 2511 4738 ORESTIS-

1012 4833 1216 4902 (Latine
1255 4835 1382 4907 apud
1421 4835 1624 4893 Surium
1657 4836 1717 4894 ad
1757 4836 1887 4894 diem
1924 4839 1959 4895 9
1991 4839 2289 4898 Novembris
2321 4861 2336 4910 ;
2377 4843 2550 4903 Graece
2584 4861 2648 4902 ex
2685 4846 2798 4906 cod.
2834 4861 2933 4906 ms.
2977 4845 3160 4917 1519.)

487 5131 535 5192 Ι.
569 5131 936 5221 imperatore
959 5134 1348 5211 Diocletiano,
1372 5156 1584 5218 magna
1605 5139 1872 5218 quaedam
1897 5157 2036 5220 per-

2240 5133 2286 5202 ,’.
2361 5143 2734 5210 Βασιλεύοντος
2809 5149 3190 5218 Διοκλητιανοῦ
3252 5161 3346 5212 τοῦ
3407 5153 3793 5221 ἀσεϐεστῦτου

407 5217 628 5328 peculio
663 5221 972 5328 .ad-v‘ersus
1028 5225 1388 5323 phristianos
1438 5237 1732 5328 commota
1787 5217 1951 5297 θεῖ-ί

2263 5235 2582 5328 παρανομοοΔ
2625 5236 2837 5314 ὶγὲνιτο
2894 5238 3133 5318 διωγμὸς
3205 5241 3376 5320 μέγας
3445 5250 3550 5300 τῶν
3625 5217 3790 5328 Χριζ

405 5301 561 5403 Misit
582 5306 740 5405 enim
764 5308 862 5369 ille
890 5312 1265 5390 magistratus
1294 5334 1432 5376 suos
1453 5316 1512 5375 in
1545 5335 1721 5377 omne
1739 5317 1850 5377 sibi
1882 5319 1958 5378 su

2240 5301 2349 5420 vuiv'
2374 5301 2488 5377 καθἱ
2515 5301 2679 5420 *ὅλης
2698 5331 2797 5394 τῆς
2858 5301 3217 5420 οἱκούμένης..
3261 5301 3792 5420 ’ἐξαπέστειλεῖῑὲρ

396 5389 622 5505 ἱοοῐιιιξγ
654 5394 728 5453 im
741 5397 1116 5505 peri'un1,qui
1135 5403 1497 5505 Christianos
1513 5404 1783 5466 homines
1800 5407 1874 5466 de
1901 5426 1949 5466 m

2245 5415 2418 5466 πᾶσαν
2475 5412 2572 5478 τὴν
2630 5415 3064 5494 ὑποτεταγμένην
3121 5422 3263 5494 αὐτῷ
3332 5419 3603 5496 βασιλείαν
3662 5389 3792 5505 έὶἔῖ

401 5478 496 5538 dio
528 5481 816 5580 tollerent.
858 5478 1253 5588 Unus—autem
1287 5493 1547 5570 quidam,
1583 5496 1822 5554 nomine
1858 5498 1954 5555 Ma:

2236 5521 2332 5572 ςας,
2405 5501 2724 5582 πρόσταγμα
2792 5504 2934 5586 δοὺς,
3004 5507 3141 5564 ὥστε
3214 5478 3546 5588 ἀναιρεῖσθαι
3638 5478 3789 5582 τοὶς

399 5583 552 5648 mus,
588 5568 1006 5650 imperatorem
1058 5578 1225 5653 adiit,
1261 5568 1435 5660 quem
1469 5581 1558 5642 his
1591 5580 1789 5642 verbis
1819 5585 1952 5645 aﬂ‘at

2230 5568 2476 5654 rttavobc'.
2545 5568 2658 5657 Ετξ
2698 5592 2754 5649 δέ
2811 5568 3135 5678 τιςτιᾶρχων
3197 5568 3449 5678 ὃνόμᾶτιο
3513 5568 3783 5685 mihi};

481 5696 564 5782 (1)
596 5695 951 5768 Numeratur
981 5705 1108 5772 haec
1138 5707 1367 5774 decima
1397 5715 1757 5797 persecutio,
1793 5713 1866 5778 de
1895 5732 2012 5796 qua
2040 5714 2174 5782 vide
2201 5717 2423 5784 Baron.
2455 5735 2596 5787 ann.
2631 5720 2742 5788 301
2775 5729 2835 5788 et
2862 5724 3004 5791 302.
