3906 6136
235 320 335 390 121

1406 317 1874 384 MARTYRIUM
1921 318 1980 382 S.
2025 316 2364 382 ORESTIS.

3475 310 3591 383 122

231 459 484 540 προσῆλθε
543 466 623 537 τῷ
674 456 888 538 βασιλεῖ
965 457 1158 539 λέγων·
1223 456 1473 514 Θειύτατε
1544 455 1835 535 κοσμοκρά-

2013 461 2028 515 t
2055 473 2070 516 :
2101 453 2312 516 Dlvine
2341 452 2688 534 imperator,
2712 449 2830 516 dux
2861 456 3205 516 nostrorum
3229 448 3588 531 deorum,et

231 572 337 632 τορ,
392 549 550 630 ὁδηγὶ
621 556 720 619 τῆς
792 548 1136 630 φανερώσεως
1206 553 1313 605 τῶν
1383 549 1518 603 θεῶν
1574 546 1664 602 καὶ
1734 546 1862 625 σοφὲ

231 641 536 720 μυσταγωγὶ
603 648 710 698 τῶν
782 640 932 697 θείων
1024 642 1194 696 αὐτῶν
1277 637 1603 714 μυστηρίων,
1676 633 1862 710 δέομαι

227 737 321 798 τῆς
377 736 475 799 σῆς
528 731 801 798 θειότητος
845 732 938 787 καί
998 729 1408 808 φιλανθρωπίας,
1459 723 1711 785 κέλευσόν
1771 747 1858 796 μοι

230 817 442 878 διελθεῖν
502 822 570 879 τὰ
640 821 776 899 μέρη
831 821 925 888 τῆς
999 819 1242 881 Κιλικίας
1307 819 1394 874 καί
1461 813 1856 894 Καππαδοκίας,

229 911 349 987 πρὸς
417 912 480 966 τὸ
542 910 800 967 ἀπολέσαι
862 912 923 966 τὸ
995 909 1146 987 γένος
1205 909 1311 965 τῶν
1367 909 1721 986 Χριστιανῶν,
1776 907 1862 971 οὒς

233 998 614 1074 συλλαϐόμενος
673 999 802 1079 ἐγὼ,
833 999 1064 1062 πολλατς
1122 1021 1179 1054 τε
1238 998 1325 1054 καὶ
1363 995 1628 1061 ποικίλαις
1687 1017 1861 1070 τιμω-

228 1090 349 1166 ρίαις
419 1089 728 1161 ὑποϐαλὼν,
802 1091 922 1168 πυρὶ
994 1087 1382 1159 καταναλώσω,
1455 1088 1542 1143 ita!
1620 1085 1674 1140 ἐν
1745 1097 1862 1148 τοῖς

225 1176 364 1235 ὕδασι
427 1180 571 1258 ῥίψω
642 1181 856 1243 αύτούς.
933 1170 991 1237 Ὀ
1059 1177 1113 1234 δὲ
1178 1177 1559 1242 Διοκλητιανὸς
1629 1175 1859 1238 ἀκούσας

224 1275 393 1349 ταῦτα,
429 1271 590 1326 εἶπεν
651 1272 816 1344 αύτῷ·
871 1269 1032 1349 ’Ἔχε
1087 1267 1320 1334 ἐξουσίαν
1352 1267 1406 1322 ἐν
1458 1265 1600 1342 πάσῃ
1631 1271 1698 1340 τῇ
1755 1265 1861 1340 βα-

225 1356 380 1432 σιλείᾳ
433 1383 534 1435 μου
589 1362 722 1439 πρὸς
770 1361 1068 1438 καθαίρεσιν
1131 1363 1228 1424 τῆς
1300 1354 1522 1418 ἀσεϐοῦς
1577 1354 1857 1430 θρησκείας

223 1455 320 1504 τῶν
402 1452 782 1529 Χριστιανῶν,
851 1449 996 1514 ὅπως
1095 1449 1349 1528 φανερούς
1419 1447 1653 1520 ποιήσῃς
1736 1444 1856 1507 τοὺς

222 1535 467 1606 δεσπότας
541 1541 718 1621 θεοὺς,
765 1541 886 1604 τοὺς
956 1539 1134 1606 πάσῆς
1207 1541 1304 1606 τῆς
1380 1538 1691 1610 οἰκουμένης
1764 1535 1855 1590 εὗ-

220 1631 419 1706 εργέτας
431 1673 448 1692 .

295 1722 374 1784 Β’.
430 1723 627 1782 Λαϐὼν
673 1724 727 1780 δὲ
771 1726 798 1780 ὸ
848 1721 1085 1797 Μάξιμος
1138 1723 1200 1778 τὸ
1228 1721 1548 1802 πρόσταγμα
1597 1722 1740 1798 παρὰ
1770 1727 1858 1777 τοῦ
1885 1755 1919 1806 Β

219 1813 464 1889 βασιλέως
537 1813 728 1881 ἐξῆλθε
798 1814 934 1889 μετᾶ
1005 1811 1213 1879 πολλῆς
1297 1812 1606 1890 φαντασίας,
1680 1811 1860 1887 ὥσπερ

219 1901 340 1960 λέων
396 1905 559 1983 βορὰν
622 1904 809 1983 εὑρών,
870 1907 976 1962 Καὶ
1039 1903 1270 1971 ποιήσας
1325 1903 1496 1976 ἑαυτῷ
1570 1900 1858 1980 σπλάγχνα

220 1992 430 2067 ἀνηλεῆ,
485 1994 743 2072 ὥρμησεν
816 1993 900 2050 ἐπὶ
958 1993 1080 2056 τοὺς
1145 1992 1295 2069 ὅρους
1371 1991 1750 2056 Καππαδοκίας
1804 1990 1856 2046 ἐν

220 2082 359 2138 πόλει
447 2083 762 2160 καλουμένῃ
833 2083 1034 2158 Τυάντ,.
1115 2085 1212 2139 Καὶ
1289 2079 1536 2138 εἰσελθῶν
1601 2081 1654 2136 ἓν
1727 2083 1858 2156 ανδτῇ

219 2173 460 2245 μηνύεται
521 2174 670 2248 αὒτῷ
740 2174 842 2230 ὑπὸ
898 2178 1004 2230 τῶν
1062 2171 1294 2228 πολιτῶν
1366 2169 1447 2227 ὅτι
1505 2172 1681 2243 ἰατρός
1749 2193 1854 2250 τις,

219 2262 420 2336 ὅνὸματι
485 2261 772 2342 Ὀρέστης,
833 2261 1137 2339 καθημέραν
1211 2262 1476 2318 ἀναπείθει
1531 2267 1704 2317 πᾶσαν
1759 2261 1858 2317 τ’ὶν

219 2351 359 2407 πόλιν
413 2351 660 2409 σέϐεσθαι
715 2355 802 2408 καὶ
833 2354 1098 2410 πιστεύειν
1149 2355 1221 2415 εἰς
1272 2350 1363 2408 ἕνα
1410 2352 1595 2429 Κύριον
1650 2349 1858 2416 Ἰησοῦν

219 2442 450 2517 Χριστόν,
513 2439 776 2507 Ἀκούσας
835 2442 889 2497 δὲ
947 2450 1112 2498 ταῦτα
1182 2444 1210 2497 ὁ
1283 2439 1544 2520 Μάξιμος,
1582 2439 1856 2496 ἒκέλευσεν

221 2533 363 2589 αὐτὸν
446 2531 533 2588 ἐπὶ
621 2539 714 2588 τοῦ
796 2533 1036 2608 βήματος
1116 2531 1471 2609 παραστῆναι,
1549 2532 1635 2586 καὶ
1713 2527 1856 2606 λέγει

221 2623 364 2692 αὐτῷ·
426 2623 594 2687 Ποίας
670 2620 906 2687 ἐξουσίας
965 2622 1299 2702 τυγχάνειςς
1362 2624 1421 2679 ού
1491 2620 1591 2698 γὰρ
1651 2625 1854 2697 μικρῶς

216 2711 484 2786 κινούμεθα
549 2711 690 2768 κατὰ
764 2711 877 2770 σοῦ,
939 2712 1086 2767 Μετὰ
1157 2711 1334 2776 πάσης
1399 2713 1487 2766 οὖν
1559 2708 1852 2788 παρρησίας

214 2800 293 2855 καὶ
338 2802 396 2856 τὸ
425 2801 601 2875 ὁνομά
633 2823 726 2857 σου
769 2801 966 2879 φράσον
997 2803 1132 2874 ἡμῖν
1164 2801 1259 2856 καί
1290 2801 1351 2856 τὸ
1394 2799 1568 2877 γένος.
1610 2792 1666 2856 Ὀ
1697 2798 1848 2874 σίγιος

216 2885 455 2968 Ὀρέστης
515 2894 695 2947 εἴπεν⁶
760 2881 822 2946 Ἠ
879 2889 1146 2968 παῤῥησία
1200 2911 1301 2962 μου
1358 2891 1386 2945 ὸ
1436 2889 1658 2966 Χριστός
1713 2889 1846 2960 ἔστι,

214 2975 270 3032 δι’
327 2980 384 3034 ὃν
438 2979 536 3037 καί
587 2978 1078 3058 παῤῥησιαζομενος
1134 2976 1356 3050 λαλήσω
1401 2976 1481 3035 ὅτι
1540 2977 1851 3056 Χριστιανός

214 3069 329 3144 ιίμι,
362 3071 448 3126 καὶ
480 3068 755 3143 κέκλημαι
787 3067 1068 3146 Ὀρέστης,

1948 544 2307 619 divinorum,
2341 561 2472 624 qum
2500 543 2572 605 ad
2607 544 2740 606 illos
2790 543 3111 624 perintent,
3161 544 3582 624 mysteriorum

1947 635 2184 716 sapiens
2206 642 2704 714 praeceptor,peto
2721 654 2755 696 a
2780 633 3146 712 benignitate
3178 641 3274 696 tua
3297 643 3360 696 ut
3371 635 3586 716 jubeas

1949 743 2046 786 me
2077 732 2275 805 partes
2312 725 2537 788 Ciliciae
2566 733 2624 786 et
2670 725 3056 804 Cappadocia!
3111 744 3486 808 percurrere,
3519 733 3586 789 ut

1949 815 2316 878 Christianos
2374 814 2673 877 maleﬁcos
2722 816 2996 878 homines
3039 816 3330 894 afﬂigens,
3361 835 3586 897 eosque

1946 905 2409 984 comprehensos
2440 905 2642 966 multis
2673 913 2733 966 et
2761 905 2936 967 variis
2983 904 3347 968 cruciatibus
3390 905 3586 987 subji-

1948 993 2136 1074 ciens,
2176 995 2310 1073 igne
2342 1013 2723 1069 consumens,
2759 1003 2817 1056 et
2857 995 2924 1084 in.
2949 1014 3128 1075 aquas
3181 997 3580 1078 precipitans,

1947 1084 2211 1146 funditus
2245 1085 2498 1164 perdere
2528 1085 2779 1147 voleam.
2813 1085 2949 1146 Haec
2997 1105 3129 1146 cum
3181 1086 3584 1149 Diocletianus

1945 1174 2307 1236 audivisset:
2343 1172 2602 1248 Habeas,
2639 1173 2847 1253 inquit,
2884 1182 3230 1253 potestatem
3259 1175 3318 1236 in
3344 1183 3586 1238 totoim-

1945 1264 2111 1343 perio
2140 1283 2294 1336 meo,
2329 1263 2400 1323 ad
2437 1264 2677 1344 impiam
2710 1264 3181 1326 Christianorum
3215 1266 3586 1344 superstitio-

1944 1372 2078 1414 nem
2113 1353 2492 1414 evertendam
2521 1375 2533 1415 :
2571 1353 2712 1413 deos
2745 1363 2938 1414 autem
2971 1355 3133 1434 ipsos
3175 1355 3438 1416 omnium
3467 1357 3581 1417 do-

1944 1443 2159 1511 minos.
2196 1462 2262 1504 ac
2294 1444 2474 1505 totius
2505 1442 2668 1504 orbis
2700 1452 2988 1506 terrarum
3014 1443 3340 1524 adjutores,
3365 1445 3586 1529 ubique

1943 1533 2288 1596 manifestos
2322 1551 2455 1595 esse
2485 1535 2686 1595 facias.

2022 1711 2094 1776 II.
2129 1712 2273 1775 Cum
2307 1711 2592 1774 Maximus
2625 1713 2882 1774 edictum
2915 1712 2988 1774 ab
3019 1714 3378 1794 imperatore
3407 1731 3584 1776 acce-

1945 1803 2150 1882 pisset,
2189 1804 2369 1864 multo
2404 1821 2536 1864 cum
2585 1811 2868 1883 apparatu
2918 1822 2985 1865 ac
3040 1823 3254 1884 pompa
3311 1821 3584 1882 egressus

1943 1902 2054 1973 est,
2089 1901 2360 1973 tanquam
2399 1893 2514 1967 leo,
2552 1894 2792 1954 inventa
2824 1912 2995 1956 esca:
3033 1913 3290 1975 cumque
3319 1895 3580 1956 animum

1940 1982 2228 2043 immitem
2261 1990 2320 2045 et
2341 1983 2772 2044 misericordiae
2802 1985 3044 2044 omnino
3063 1992 3368 2065 expertem
3392 1983 3582 2046 habe-

1939 2083 2054 2156 ret,
2089 2077 2430 2155 properavit
2459 2077 2530 2137 ad
2560 2076 2792 2152 urbem,
2819 2096 2949 2157 quas
2979 2077 3196 2139 dicitur
3213 2080 3430 2157 Tyana.
3455 2077 3582 2149 Quo

1943 2183 2076 2226 cum
2111 2165 2396 2245 venisset,
2427 2166 2650 2226 audivit
2681 2166 2754 2228 ab
2788 2167 2918 2245 ejus
2950 2167 3114 2228 urbis
3144 2167 3394 2241 civibus,
3450 2186 3583 2228 me-

1943 2254 2140 2316 dicum
2173 2254 2487 2334 quemdam
2521 2253 2646 2315 illic
2679 2273 2835 2327 esse,
2869 2254 3138 2319 Orestem
3182 2256 3445 2330 nomine,
3479 2257 3583 2331 qui

1941 2343 2209 2425 quotidie
2235 2346 2334 2406 toti
2357 2345 2572 2406 civitati
2600 2345 2967 2423 persuadere
2989 2345 3360 2419 studebat,ut
3378 2345 3581 2408 Jesum

1942 2435 2240 2498 Christum
2275 2453 2483 2495 omnes
2511 2436 2706 2496 colere
2737 2435 2975 2514 vellent,
3024 2444 3081 2496 et
3113 2437 3240 2514 ejus
3271 2436 3447 2498 ﬁdem
3481 2453 3577 2496 se-

1941 2524 2064 2606 qui,
2099 2542 2276 2604 quem
2307 2532 2365 2585 et
2393 2543 2427 2584 a
2460 2523 2808 2604 parentibus
2841 2524 3122 2586 didicisse
3151 2523 3410 2604 aiebant,
3461 2543 3581 2586 non

1938 2633 2070 2676 esse
2100 2614 2244 2675 deos
2274 2613 2445 2688 alios,
2482 2613 2595 2674 nisi
2629 2632 2811 2674 unum
2845 2615 3035 2675 solum
3069 2631 3272 2675 verum
3305 2613 3489 2676 Deum
3511 2633 3581 2676 ac

1935 2704 2262 2773 caelestem,
2289 2704 2540 2783 ejusque
2563 2702 2778 2764 Filium
2803 2705 3003 2765 Jesum
3027 2703 3462 2766 Christum.His
3482 2722 3584 2766 au-
3651 2785 3654 2787 Α
3719 2740 3726 2742 -

1934 2795 2096 2873 ditis,
2127 2793 2307 2872 jussit
2336 2793 2618 2854 Maximus
2650 2791 2920 2854 Orestem
2972 2801 3108 2854 ante
3140 2793 3396 2854 tribunal
3424 2792 3576 2869 sisti,

1935 2885 2033 2946 cui
2062 2883 2148 2944 sic
2179 2883 2295 2945 ait:
2329 2881 2609 2954 Quaenam
2643 2889 2732 2944 est
2765 2881 3068 2944 temeritas
3119 2883 3228 2944 ista
3256 2889 3403 2946 tua?
3451 2882 3583 2945 Non

1937 2973 2096 3034 enim
2125 2989 2329 3052 parum
2365 2979 2574 3032 contra
2605 2980 2662 3032 te
2692 2977 2972 3033 commoti
3005 2990 3234 3035 sumus.
3269 2973 3374 3035 Dic
3404 2972 3582 3050 igitur

1937 3063 2126 3124 libere
2156 3079 2376 3123 nomen
2411 3071 2601 3132 tuum,
2637 3070 2695 3122 et
2721 3080 2930 3140 genus.
2965 3061 3132 3124 Tunc
3155 3072 3394 3124 sanctus
3437 3066 3586 3127 Ore-

212 3167 322 3220 stes
352 3175 366 3221 :
414 3159 576 3241 Mea,
613 3159 828 3235 inquit,
864 3156 1108 3220 libertas
1158 3168 1218 3218 et
1249 3156 1470 3219 ﬁducia
1513 3163 1604 3218 est
1632 3159 1808 3220 Iesus
1855 3152 2152 3234 Christus,
2187 3170 2294 3232 per
2322 3169 2502 3233 quem
2551 3151 2833 3233 loquendi
2865 3151 3196 3214 libertatem
3229 3162 3582 3216 consecutus

211 3261 326 3308 sum
359 3265 375 3325 ;
406 3246 615 3330 itaque
642 3265 800 3308 nunc
829 3247 1041 3328 loquar
1075 3266 1091 3307 :
1122 3244 1499 3310 Christianus
1537 3263 1642 3324 ego
1675 3253 1734 3306 et
1762 3261 1921 3319 sum,
1956 3250 2016 3304 et
2049 3261 2247 3304 vocor.

282 3336 360 3397 I".
419 3338 667 3412 Μάξιμος
711 3338 931 3415 ἡγεμὼν
1005 3337 1184 3394 εἶπεν·
1244 3334 1462 3404 Ἐπειδῆ
1519 3334 1910 3432 προέφθασαςο

210 3428 412 3484 σεαυτὸν
484 3429 806 3506 Χριστιανὸν
862 3427 1211 3501 ἀποκαλέσαι,
1275 3429 1364 3484 καὶ
1436 3427 1657 3503 Χριστὸν
1715 3428 1847 3500 ὁμο-

209 3514 376 3596 λογεῖς
430 3522 576 3574 εἶναι
641 3519 793 3598 Θεὸν,
828 3519 982 3573 θῦσον
1037 3530 1155 3583 τοῖς
1201 3521 1346 3581 θεοῖς
1392 3539 1492 3594 προ
1519 3522 1624 3598 τῷν
1678 3517 1845 3592 βασα·

213 3627 324 3661 νων·
396 3609 522 3665 ἐπεὶ
589 3596 788 3670 κακῶς.
843 3606 1064 3682 μάλλεις
1122 3607 1500 3677 ἀποθνήσκειν,
1582 3596 1640 3662 Ὀ
1697 3605 1847 3682 ἅγιος

209 3694 448 3773 Ὀρέστης
495 3697 681 3754 εἷπεν⁶
750 3697 867 3753 Θεοὶ
925 3699 978 3753 οἳ
1038 3698 1129 3753 τὸν
1188 3697 1402 3773 ούρανὸν
1461 3695 1548 3751 καὶ
1601 3695 1700 3760 τὴν
1745 3699 1845 3770 γῆν

210 3786 292 3842 οὐκ
346 3785 616 3854 ἐποίησαν
673 3784 1073 3850 ἇπολέσθωσαν,
1151 3784 1293 3864 Ἐγὼ
1370 3800 1468 3863 γαρ
1529 3784 1590 3840 ἐκ
1659 3789 1846 3861 νεαρᾶς

210 3873 402 3940 ἡλικίας
455 3877 610 3933 θύειν
667 3876 956 3951 μεμάθηκα
1012 3877 1192 3936 θυσίαν
1257 3875 1504 3938 αἰνέσεως
1562 3878 1638 3946 τῷ
1690 3879 1846 3944 ζῶντι

212 3971 332 4038 Θεῷ,
402 3970 554 4041 ᾧτινι
641 3967 728 4024 καὶ
798 3966 1168 4046 προσεύχομαι
1229 3964 1282 4021 ὲν
1365 3967 1566 4040 καθαρᾴ
1641 3960 1842 4042 καρδίᾳ.

211 4065 409 4134 Κωφοϊς
464 4055 522 4112 δὲ
576 4056 666 4112 καὶ
722 4053 996 4124 κιϐδήλοις
1046 4058 1192 4119 θεοῖς
1256 4053 1314 4111 οὐ
1357 4058 1636 4132 προσκυνῶ
1693 4067 1843 4114 ποτε.

212 4144 440 4221 Μάξιμος
498 4145 722 4224 ἡγεμὼν
794 4145 942 4200 ἕῖπε·
1011 4149 1206 4216 Θεωρῶ
1274 4165 1333 4199 σε
1388 4149 1456 4220 τῇ
1513 4140 1692 4213 ἡλικίᾳ
1751 4163 1845 4198 κε-

214 4255 565 4310 κοσμημενον,
640 4235 727 4289 καὶ
817 4232 999 4312 λόγοις
1086 4233 1357 4312 φρονίμοις
1441 4230 1846 4310 σεσοφισμένον,

213 4324 289 4378 καὶ
341 4324 401 4380 τὸ
456 4323 742 4403 εὓσχημον
799 4324 887 4379 καὶ
959 4323 1211 4400 εὐπρεπὲς
1267 4327 1366 4389 τῆς
1424 4322 1665 4398 ἰατρικῆς
1723 4320 1846 4376 ἑπι-

217 4412 458 4487 στάμενον
538 4412 764 4493 τέχνης,
825 4414 913 4469 καὶ
999 4411 1241 4491 φείδομαι
1314 4432 1408 4470 σου
1498 4413 1571 4475 ὡς
1638 4409 1844 4470 τέκνου.

216 4502 394 4576 Φράσιν
447 4504 622 4561 τοίνυν
679 4502 821 4576 ἡμῖν
876 4503 938 4558 τὸ
996 4502 1164 4577 ὄνομά
1212 4523 1305 4558 σου
1348 4501 1436 4557 καὶ
1491 4507 1597 4557 τῶν
1649 4499 1846 4578 γονέων

217 4589 304 4657 τὴν
348 4594 655 4670 θρησκείαν.
721 4586 778 4650 ’0
823 4590 970 4670 ἅγιος
1024 4591 1281 4668 Ὀρέστης
1335 4591 1514 4647 εἶπεν⁹
1549 4591 1607 4648 Εἰ
1662 4597 1910 4678 ζητεῖςο

2015 3332 2112 3394 IlI.
2149 3332 2316 3394 Tunc
2348 3329 2640 3394 Maximus
2669 3330 2854 3396 dixit:
2885 3331 3172 3405 Quoniam
3200 3339 3257 3394 te
3287 3331 3578 3396 Christia-

1935 3443 2076 3484 num
2108 3423 2394 3504 appellari
2421 3421 3026 3495 dixisti,etChristum
3056 3423 3244 3486 Deum
3277 3441 3409 3486 esse
3430 3442 3581 3485 cono

1931 3512 2122 3575 fessus
2140 3513 2348 3593 es,diis
2371 3511 2638 3574 sacriﬁca
2656 3513 2995 3593 priusquam
3014 3520 3303 3574 tormenta
3319 3512 3580 3592 patiaris.

1929 3603 2019 3665 Ad
2051 3605 2178 3664 haec
2202 3601 2512 3680 reSpondit
2544 3601 2629 3662 vir
2651 3602 2749 3663 ille
2772 3619 2840 3662 sa
2856 3609 3030 3662 nctus
3053 3623 3066 3662 :
3092 3601 3210 3676 Dii,
3244 3608 3344 3681 qui
3367 3602 3582 3664 caalum

1929 3699 1990 3753 et
2016 3700 2234 3752 terram
2262 3709 2380 3750 non
2409 3691 2703 3765 fecerunt,
2728 3689 3097 3769 dispereant.
3122 3689 3242 3768 Ego
3265 3691 3426 3750 enim
3444 3708 3578 3750 cum

1929 3781 2121 3841 adhuc
2155 3797 2302 3859 puer
2331 3797 2548 3852 essem,
2584 3778 2768 3839 didici
2800 3777 3157 3839 sacrificium
3201 3778 3580 3840 incruentum

1930 3867 2050 3933 Deo
2083 3869 2297 3934 viventi
2330 3869 2569 3949 otl’erre,
2605 3887 2784 3950 quem
2817 3876 2876 3929 et
2920 3885 3065 3947 puro
3111 3867 3295 3929 corde
3348 3867 3575 3930 adoro:

1930 3967 2061 4020 tuos
2089 3977 2231 4020 vero
2261 3958 2628 4020 adulterinos
2657 3957 2803 4019 istos
2833 3957 3005 4032 deos,
3049 3965 3107 4018 et
3135 3963 3345 4020 inanes
3377 3975 3445 4019 ac
3476 3975 3582 4020 va-

1930 4067 2044 4111 nos
2075 4049 2401 4122 daemones,
2431 4067 2578 4128 quos
2606 4056 2666 4108 tu
2689 4047 2860 4121 dicis,
2905 4066 3022 4109 non
3043 4047 3248 4110 adoro.
3279 4047 3426 4109 Tum
3449 4048 3581 4109 Ma-

1928 4139 2124 4200 ximus
2151 4161 2164 4203 :
2198 4137 2382 4201 Video
2405 4146 2484 4212 te,
2510 4138 2720 4218 inquit,
2747 4146 2916 4201 aetate
2941 4139 3271 4212 ﬂorentem,
3309 4137 3576 4217 pruden-

1932 4229 2013 4290 tia
2043 4237 2102 4290 et
2134 4228 2472 4290 eruditione
2500 4230 2747 4288 multum
2779 4229 2998 4304 valere,
3025 4237 3084 4290 et
3109 4227 3574 4290 medicinaeartis

1934 4319 2240 4381 honestam
2266 4319 2340 4380 ad
2361 4317 2640 4380 decoram
2662 4317 3000 4379 facultatem
3014 4317 3340 4398 possidere:
3357 4335 3572 4395 quam-

1933 4408 2136 4470 obrem
2171 4409 2360 4470 habeo
2392 4408 2679 4469 rationem
2728 4409 2837 4484 tui,
2877 4408 3122 4488 perinde
3177 4426 3245 4469 ac
3311 4409 3362 4470 si
3411 4427 3573 4470 esses

1932 4498 2089 4560 ﬁlius
2113 4516 2283 4560 meus
2331 4503 2459 4577 Age
2479 4499 2656 4577 igitur
2677 4498 2842 4560 dicas
2864 4497 3220 4580 nobis,quod
3244 4506 3332 4560 est
3354 4517 3571 4560 nomen

1932 4596 2122 4662 tuum,
2159 4595 2218 4650 et
2246 4589 2576 4667 qualisnam
2612 4587 2687 4648 sit
2729 4587 2922 4649 cultus
2967 4596 3277 4664 parentum
3311 4596 3568 4650 tuorum.

219 4680 272 4734 τὸ
321 4681 484 4756 ὄνομά
513 4705 618 4758 μου
673 4685 889 4759 μαθεῖν,
924 4682 1152 4759 γίνωσκε
1195 4679 1275 4737 ὅτι
1325 4679 1499 4754 τίμιόν
1530 4682 1640 4735 ἐστι
1699 4679 1835 4756 παρᾶ

2013 4698 2078 4740 .m
2106 4677 2232 4754 ille;
2257 4679 2319 4740 Si
2350 4679 2518 4758 cupis
2533 4679 2688 4740 scire
2711 4696 2932 4740 nomen
2957 4697 3176 4750 meum,
3197 4679 3372 4739 velim
3391 4677 3566 4748 scias.

222 4773 344 4841 Θεῷ.
400 4773 458 4829 Oi
511 4773 612 4852 γὰρ
654 4773 790 4828 κατὰ
846 4775 1015 4846 σάρκα
1067 4774 1248 4848 γονεῖς
1306 4775 1406 4844 μοῦ
1469 4767 1725 4846 Ὀρέστην
1776 4789 1835 4829 με

2013 4767 2084 4830 nd
2121 4769 2306 4830 Deum
2338 4767 2532 4847 ipsum
2586 4766 2759 4828 valde
2805 4767 3158 4828 honoratum
3217 4765 3359 4828 illud
3413 4784 3570 4828 esse.

219 4857 582 4941 ἰπωνόμασαν,
610 4861 746 4918 ὥστε
796 4859 936 4935 κᾶμὲ
993 4860 1174 4933 ἀρέσαι
1235 4867 1351 4934 Θεῳ
1407 4860 1490 4916 καὶ
1550 4858 1835 4936 ἀνθρώποις

2015 4877 2192 4937 mque
2223 4866 2497 4938 parentes
2522 4856 2661 4936 mei,
2696 4875 2730 4916 a
2757 4856 2998 4937 quibus,
3032 4855 3190 4936 quod
3219 4859 3292 4916 ad
3330 4872 3570 4918 carnem

220 4944 293 5000 διὰ
341 4949 435 5016 τῆς
491 4948 782 5028 ὁμολογίας
837 4957 929 5006 τού
989 4949 1173 5030 Κυρίου
1231 4971 1332 5023 μου
1387 4947 1564 5016 Ἰησοῦ
1617 4956 1835 5027 Χριστοῦ

2013 4947 2206 5025 rtinet,
2237 4953 2481 5024 genitus
2517 4947 2624 5026 fui,
2658 4945 2930 5008 Orestem
2965 4964 3058 5006 me
3090 4946 3572 5018 nominarunt,ut

219 5036 294 5092 καὶ
320 5034 401 5094 διὰ
427 5039 528 5106 τῆς
559 5040 837 5117 θεραπείας
866 5045 973 5095 τῶν
1005 5044 1268 5117 σαρκικῶν
1297 5036 1649 5112 παθημάτῶν,

2013 5037 2147 5098 licet
2180 5037 2478 5116 placerem
2512 5034 2635 5096 Deo
2667 5041 2724 5094 et
2767 5033 3114 5094 hominibus
3163 5051 3274 5113 per
3331 5031 3571 5095 Domini

1923 5127 2038 5186 mei
2065 5127 2208 5188 Jesu
2232 5127 2453 5186 Christi
2485 5124 3017 5197 confessionem,et
3050 5120 3569 5204 morborum,qui-

1921 5212 2030 5274 bus
2062 5214 2321 5275 humana
2351 5231 2600 5291 corpora
2629 5221 2934 5285 vexantur,
2969 5211 3362 5273 curationem.

2002 5303 2100 5368 IV.
2139 5305 2223 5368 Ad
2273 5307 2398 5366 haec
2444 5303 2768 5366 Maximus:
2813 5303 3204 5377 Stultissime,
3262 5304 3477 5385 inquit,
3511 5313 3570 5367 et

1921 5395 2258 5457 miserrime
2288 5395 2487 5470 homo,
2513 5413 2623 5456 cur
2652 5394 2918 5472 loqueris
2939 5396 3025 5456 sic
3050 5394 3383 5476 petulanter
3400 5395 3428 5453 ?
3447 5395 3568 5458 Cur

1919 5487 2169 5565 teipsum
2201 5484 2455 5565 decipis,
2489 5505 2622 5546 cum
2657 5503 2839 5546 unum
2885 5483 3073 5546 Deum
3105 5484 3474 5559 conﬁtearis,
3508 5491 3567 5546 et

1919 5573 2247 5654 Christum,
2279 5594 2456 5655 quem
2482 5575 2692 5655 Judaei,
2725 5583 2789 5634 ut
2821 5573 3110 5635 nefarium
3141 5584 3202 5637 et
3233 5573 3562 5636 maleﬁcum

1919 5664 2226 5728 hominem
2287 5661 2760 5728 cruciﬁxerunt?
2813 5661 3139 5746 Respondit
3181 5661 3468 5730 Orestes:
3503 5658 3563 5725 Si

293 5301 369 5363 Δ’.
441 5304 677 5382 Μάξιμος
749 5310 968 5386 ἡγεμὼν
1037 5309 1216 5364 εἶπεν
1279 5314 1683 5379 Απονενοημενε
1751 5305 1838 5360 καὶ

223 5387 516 5473 ἀθλιώτατε,
580 5398 656 5470 μὴ
713 5397 1059 5472 κελευόμενος
1127 5395 1404 5472 προπετῶς
1475 5394 1698 5472 φθέγγῃ,
1749 5397 1836 5449 καὶ

223 5489 537 5555 φρεηπατᾷς
594 5485 800 5561 ἑαυτὸν,
860 5485 950 5542 ἕνα
1021 5486 1150 5541 Θεὸν
1219 5482 1498 5560 ὁμολογῶν
1539 5484 1630 5537 τὸν
1702 5489 1834 5561 Χρι-

225 5569 330 5624 στὸν
383 5572 546 5646 εἶναι,
589 5572 768 5631 ὅντινα
825 5579 872 5634 oi
922 5572 1172 5633 Ἰουδαῖοι
1226 5572 1559 5643 ἐσταύρωσαν
1616 5573 1689 5637 ὡς
1733 5594 1834 5629 κα-

225 5663 468 5740 κοῦργονς
517 5660 582 5722 ’0
639 5662 792 5743 ἅγιος
850 5663 1104 5746 Ὀρέστης
1161 5667 1338 5724 εἶπεν.
1400 5648 1463 5717 Ὠ
1515 5662 1756 5745 ἡγεμὼν,
1792 5665 1834 5721 εἰ
