3906 6136
307 288 448 358 ,123

1643 292 1928 358 MENSIS
1969 291 2235 359 NOVEM
2242 299 2411 365 BER.

3593 303 3703 374 124

334 455 609 521 magnam
663 440 813 520 ejus,
877 440 977 524 qui
1005 441 1324 507 cruciﬁxus
1353 443 1482 512 fuit.
1519 443 1838 524 potentiam
1883 462 1964 506 co'

2132 455 2208 501 εις
2258 437 2356 506 τὴν
2414 436 2632 517 δύνάμιν
2688 440 2780 500 τοῦ
2828 439 3246 527 σταυρωθέντος,
3304 444 3589 514 κατελιπες
3643 444 3707 504 ἂν

331 551 675 612 gnosceres,
693 533 964 596 inanium
989 535 1281 599 idolorum
1304 554 1567 598 errorem
1588 535 1974 616 derelinque-

327 639 452 696 res,
488 631 547 686 et
577 624 742 686 illum
777 625 1089 698 adorares,
1125 626 1225 705 qui
1258 646 1393 689 vere
1426 627 1582 688 Deus
1612 634 1724 707 est,
1757 645 1828 691 ex
1852 627 1974 689 Deo

327 730 492 794 vero,
527 714 627 794 qui
659 717 963 795 corporeis
995 717 1186 780 oculis
1215 737 1334 778 non
1365 718 1654 791 cernitur,
1688 723 1970 789 genitus:

330 803 432 884 qui
463 812 520 864 et
549 804 680 885 ipse
737 814 800 868 ut
829 805 1007 882 Deus,
1043 826 1332 887 corporeo
1362 809 1488 869 visu
1535 827 1651 869 non
1695 826 1974 886 compre-

330 892 634 958 henditur.
671 893 780 957 Hic
809 905 1018 975 sponte
1067 897 1325 959 divinam
1381 907 1650 959 naturam
1685 917 1818 958 cum
1851 899 1971 960 hu-

332 1001 507 1046 mana
535 986 1320 1064 conjunxitetapericuloso
1345 987 1564 1049 diaboli
1591 1007 1831 1050 carcere
1863 1008 1972 1050 nos

332 1072 619 1135 liberavit.
655 1075 746 1137 Ad
780 1075 906 1137 haec
937 1077 1258 1139 Maximus:
1286 1078 1504 1150 Multis,
1538 1078 1971 1160 inquit,verbis

329 1172 386 1225 et
417 1163 662 1225 fallaciis
693 1183 874 1227 aures
907 1186 1070 1228 meas
1101 1168 1398 1228 obtundis.
1439 1169 1607 1248 quasi
1650 1169 1824 1230 velim
1857 1189 1967 1250 ego

328 1252 472 1314 deos
497 1271 660 1313 meos
681 1254 1114 1334 relinquere,et
1135 1257 1312 1317 istum
1333 1268 1587 1319 vestrum
1609 1259 1965 1322 Crucifixum

326 1340 595 1404 adorare.
625 1344 752 1432 Age
785 1345 960 1421 igitur
1005 1354 1062 1406 et
1112 1354 1171 1407 tu
1225 1347 1338 1407 diis
1398 1350 1613 1409 nostris
1674 1351 1966 1424 sacriﬁca,

324 1432 584 1493 futurum
610 1433 809 1496 sciens
833 1435 972 1508 ut,si
1005 1437 1115 1496 hoc
1135 1437 1452 1512 feceris,ad
1487 1439 1751 1501 dextram
1775 1458 1964 1502 meam

327 1523 560 1585 sedeas.
595 1523 680 1582 Ad
709 1522 954 1585 Orestes
1001 1525 1184 1588 dixit:
1219 1527 1339 1605 Ego
1395 1537 1686 1590 aeternum
1748 1528 1960 1611 Deum,

325 1627 566 1690 semper
595 1612 740 1673 mihi
775 1612 1272 1695 benefacientem,
1308 1626 1365 1677 et
1414 1617 1731 1679 Dominum
1768 1638 1963 1680 meum

323 1700 524 1762 Jesum
567 1700 864 1763 Christum
894 1705 1097 1775 adoro,
1132 1707 1307 1787 eique
1355 1708 1573 1780 servio,
1627 1708 1962 1771 daemonum

321 1796 516 1850 auten.
555 1791 798 1852 istorum
841 1795 1136 1872 particeps
1167 1814 1469 1872 nunquam
1503 1799 1692 1859 fuero.

402 1881 473 1938 V.
511 1879 660 1941 Tum
697 1883 1023 1946 Maximus:
1060 1884 1265 1946 Adduc
1293 1895 1350 1947 te
1381 1888 1546 1947 illum
1572 1888 1642 1947 ad
1678 1888 1964 1969 templum

323 1969 594 2030 deorum.
624 1969 932 2051 Templum
960 1983 1180 2045 autem,
1208 1977 1362 2056 quod
1389 1976 1644 2054 dicebat,
1673 1989 1797 2038 erat
1819 1996 1964 2038 auro

321 2064 382 2117 et
410 2068 651 2136 argento
683 2062 1003 2136 excultum,
1040 2071 1212 2143 atque
1275 2065 1452 2127 idolis
1507 2067 1816 2128 refertum.
1871 2069 1964 2130 Ad

320 2148 594 2209 Orestem
624 2168 760 2210 vero
805 2169 1162 2215 conversus:
1219 2153 1518 2224 Sacritica,
1577 2156 1790 2237 inquit,
1848 2158 1963 2218 diis

318 2236 485 2316 ipsis,
520 2238 752 2304 Oreste.
788 2239 1116 2318 Respondit
1147 2244 1288 2306 ille:
1347 2247 1527 2307 Erras
1578 2236 1958 2325 magnopere,

320 2344 458 2388 cum
495 2329 747 2406 nescias,
783 2331 921 2411 quid
957 2332 1062 2392 tibi
1097 2336 1370 2410 expediat
1404 2356 1416 2398 :
1452 2336 1548 2397 isti
1580 2338 1738 2400 enim
1769 2339 1851 2399 dii
1881 2339 1960 2399 tui

321 2433 390 2476 ex
419 2435 559 2491 mre,
595 2421 775 2493 ferro,
803 2439 944 2482 auro
969 2432 1026 2483 et
1048 2435 1291 2500 argento
1323 2428 1571 2488 confecti
1592 2437 1731 2488 sunt
1755 2431 1823 2492 ad
1849 2429 1958 2489 de-

319 2505 627 2586 cipiendos
649 2509 957 2584 homines;
989 2531 1124 2573 nam
1162 2533 1354 2595 neque
1384 2516 1656 2585 audiunt.
1687 2537 1820 2578 cum
1845 2520 1963 2579 sint

318 2613 500 2675 opera
550 2599 817 2675 quaedam
880 2603 1234 2678 manufacta,
1295 2622 1488 2684 neque
1547 2607 1790 2667 omnino
1847 2607 1958 2669 sibi

317 2703 493 2764 opem
525 2688 737 2748 afferre
770 2699 1037 2764 possunt,
1061 2693 1283 2752 nullam
1307 2694 1566 2774 denique
1589 2695 1828 2775 gratiam
1856 2716 1958 2758 re~

2060 525 2159 592 τὴν
2216 530 2445 602 ματαίαν
2488 531 2696 598 πλάνην
2754 539 2861 590 τῶν
2918 532 3170 615 εἰδώλων,
3205 525 3293 593 καὶ
3326 536 3484 594 αὐτὸν
3535 557 3708 614 προσ-

2061 616 2285 690 εκύνεις,
2320 622 2411 677 τὸν
2459 620 2625 688 ὅντως
2675 621 2802 680 ὅντα
2857 624 2988 681 Θεὸν
3018 625 3079 682 ἐκ
3130 632 3262 682 Θεοῦ
3313 624 3586 702 ἀληθινοῦ,
3619 625 3709 684 καὶ

2058 705 2281 783 ἀόρατον
2339 709 2391 776 ἐξ
2448 710 2694 791 ἀοράτου,
2749 713 2806 777 ὃς
2863 719 2930 791 τῇ
2986 713 3086 788 ἰδίᾳ
3130 715 3299 792 βουλῇ
3351 718 3407 772 ἓν
3464 721 3536 793 τῇ
3581 717 3707 773 θεό-

2056 817 2178 862 τητι
2265 802 2425 858 αὒτοῦ
2498 803 2597 869 τὴν
2684 803 3018 880 ἀνθρωπίνην
3087 805 3237 884 φύσιν
3307 804 3530 878 ἑνώσας,
3603 809 3707 873 τῆς

2055 886 2263 954 πλάνης
2338 891 2481 965 ἡμᾶς
2551 889 2878 970 ἠλευθέρωσε
2957 901 3049 951 τοῦ
3125 891 3398 956 διαϐόλου.
3459 892 3706 960 Μάξιμος

2053 977 2272 1052 ἡγεμὼν
2315 976 2482 1058 λέγει·
2540 980 2772 1046 Πολλοῖς
2814 983 3016 1060 ῥήμασι
3077 985 3162 1040 καὶ
3213 984 3515 1053 ἀπατηλοῖς
3543 1004 3707 1062 περι-

2053 1066 2264 1134 αντλεῖς
2336 1093 2436 1144 μου
2493 1072 2584 1134 τὰς
2646 1072 2832 1145 ἀκοὰς,
2891 1074 3030 1130 ὣστε
3088 1073 3293 1132 οἴεσθαί
3344 1095 3403 1130 σε
3460 1073 3704 1136 δύνασθαι

2053 1158 2246 1214 πείθειν
2302 1182 2368 1234 με
2403 1160 2723 1218 καταλιπεῖν
2785 1164 2908 1226 τοὺς
2963 1164 3110 1230 θεοὺς
3168 1164 3256 1220 καὶ
3315 1161 3555 1222 σέϐεσθαι
3609 1164 3704 1222 τὸν

2051 1248 2468 1328 ἐσταυρωμένον·
2532 1251 2663 1329 ὅπερ
2693 1252 2753 1309 οὖ
2795 1259 2956 1332 ποιῶ,
2991 1252 3128 1311 ἀλλὰ
3173 1253 3379 1329 μᾶλλον
3423 1255 3484 1312 σὺ
3527 1275 3706 1332 προσ-

2053 1337 2215 1394 ελθὼν
2272 1343 2425 1397 θῦσον
2469 1353 2586 1404 τοῖς
2630 1345 2800 1422 θεοῖς,
2846 1343 2995 1408 εἰδὼς
3037 1342 3144 1419 ὅτι,
3191 1353 3345 1405 τοῦτο
3395 1344 3487 1400 ἐὰν
3527 1343 3700 1412 ποιή-

2051 1429 2174 1501 σή-ε,
2230 1429 2315 1486 ἐπὶ
2370 1436 2469 1497 τῆς
2541 1430 2832 1507 ἡγεμονίας
2903 1457 3007 1508 μου
3077 1431 3242 1500 δεξιὸς
3312 1435 3566 1497 καθίσεις.
3633 1432 3701 1492 Ὀ

2049 1519 2202 1592 ἅγιος
2263 1517 2511 1587 Ὀρέστης
2571 1534 2744 1577 εἶπεν·
2819 1519 2961 1601 Ἐγὼ
3025 1525 3113 1580 τὸν
3170 1523 3249 1580 ἀεὶ
3320 1523 3417 1580 καί
3473 1525 3703 1580 πάντοτε

2050 1607 2332 1684 εύεργέτην
2388 1611 2516 1666 Θεόν
2565 1612 2655 1667 τὸν
2709 1611 2892 1688 Κύριόν
2924 1635 3025 1687 μου
3075 1611 3281 1680 Ἰησοῦν
3331 1613 3556 1690 Χριστὸν
3601 1611 3702 1670 σέ-

2047 1695 2229 1770 ϐομαι,
2327 1701 2414 1755 καὶ
2495 1699 2638 1774 αὐτῷ
2718 1703 2866 1775 μόνον
2949 1701 3199 1778 δουλεύω,
3287 1701 3570 1778 δαιμονίων
3640 1699 3702 1758 δὲ

1987 1807 2025 1857 Β
2049 1786 2280 1865 μέτοχος
2312 1790 2397 1844 καὶ
2429 1790 2626 1857 λάτρης
2659 1789 2750 1846 οὒκ
2776 1788 2837 1845 ἂν
2870 1792 3107 1869 γένωμαί
3137 1814 3288 1852 ποτε.

2132 1875 2210 1938 Ε’.
2276 1877 2510 1952 Μάξιμος
2567 1880 2786 1956 ἡγεμὼν
2844 1884 3019 1937 εἶπεν·
3098 1882 3468 1960 Προσαγάγετε
3532 1881 3694 1939 αῦτὸν

2046 1965 2119 2027 εἷς
2153 1968 2240 2023 τὸν
2296 1969 2418 2023 ναὸν
2452 1971 2556 2024 τῶν
2587 1972 2742 2031 θεξυν,
2797 1969 2859 2027 Ὀ
2911 1968 2962 2024 δὲ
3010 1970 3133 2033 ναὸς
3165 1970 3230 2038 ἧν
3289 1971 3700 2046 κεκοσμημένος

2044 2063 2231 2132 χρυσῶ
2289 2059 2375 2113 καὶ
2441 2059 2647 2135 ἀργύρῳ
2698 2060 2785 2115 καί
2855 2057 3101 2134 εἰδώμοις
3173 2058 3425 2122 πολλοῖς.
3484 2059 3587 2119 Τοῦ
3640 2057 3700 2122 δὲ

2045 2143 2308 2218 ἐλθόντος,
2368 2145 2510 2224 λέγει
2567 2149 2697 2223 πρὸς
2758 2150 2914 2208 αὐτὸν
2976 2152 3003 2206 6
3057 2151 3297 2228 ἡγεμώνο
3339 2157 3504 2210 Θῦσον
3574 2165 3700 2215 τοῖς

2043 2236 2217 2311 θεοῖς,
2256 2236 2499 2316 Ὀρέστα,
2533 2237 2623 2293 ἵνα
2653 2237 2798 2296 *ίλεοί
2845 2260 2938 2296 σου
2971 2240 3332 2315 γενήσωνται,
3367 2239 3428 2298 Ὀ
3456 2237 3512 2296 δὲ
3543 2238 3698 2318 ἅγιος

2047 2329 2218 2381 εἶπεν·
2271 2327 2566 2396 Πλανᾶσαι,
2627 2329 2869 2404 ἡγεμὼν,
2922 2329 3000 2402 μὴ
3071 2327 3220 2393 εἰδὼς
3283 2329 3344 2386 τὰ
3402 2329 3694 2412 συμφέρον

2045 2419 2184 2473 οὗτοι
2263 2418 2362 2496 γὰρ
2422 2417 2627 2496 χαλκὸς
2706 2422 2790 2474 καὶ
2851 2416 3061 2496 σίδηρος
3119 2421 3241 2490 εἱσι,
3295 2420 3696 2496 κεκοσμημένοι

2050 2510 2232 2585 χρυσῷ
2289 2509 2377 2563 καὶ
2407 2507 2614 2584 ἀργύρῳ
2670 2510 2799 2583 πρὸς
2858 2509 2918 2564 τὸ
2976 2507 3269 2565 πλαιᾶσθαι
3308 2509 3429 2574 τοὺς
3481 2509 3694 2590 ἀνθρώ-

2043 2614 2195 2659 πους⁶
2259 2596 2377 2652 οὔτε
2429 2597 2529 2672 γὰρ
2589 2595 2897 2676 βλέπωσιν,
2957 2597 3075 2654 οὔτε
3133 2597 3430 2662 ἀκούουσιν.
3501 2598 3694 2680 ’Ἔργα

2042 2693 2241 2765 χειρῶν
2299 2686 2588 2763 ἀνθρώπων
2645 2687 3000 2766 ὑπάρχοντες,
3035 2685 3149 2746 οὐδὲ
3206 2689 3420 2747 ἑαυτοῖς
3476 2689 3692 2766 βοηθῆ-

315 2773 474 2836 ferre
504 2777 716 2836 sciunt.
748 2776 896 2838 Tum
924 2779 1248 2843 Maximus:
1296 2773 1711 2855 Sacriﬁcasne,
1738 2787 1952 2866 inquit,

2195 2773 2432 2832 δύνανται
2505 2777 2564 2831 τὸ
2654 2776 2896 2848 σύνολον,
2959 2777 3074 2833 οῦδὲ
3146 2778 3470 2854 ἀμείψασθαι
3565 2780 3691 2844 τοὺς

313 2862 495 2942 scire,
529 2879 628 2924 aut
683 2865 953 2928 membra
998 2876 1098 2930 tua
1154 2869 1470 2950 disceptari
1522 2874 1773 2952 jubebo.
1820 2862 1951 2938 ’ΒΘ-λ

2132 2863 2415 2938 ειϐομένους
2473 2863 2679 2928 αὖτοῖς.
2717 2865 2956 2940 Μάξιμος
3003 2867 3222 2944 ἡγεμὼν
3269 2868 3450 2926 εἷπεν⁶
3507 2870 3686 2950 Θύεις,

314 2952 557 3030 εροιιιϋι
613 2953 895 3017 Orestes:
959 2961 1213 3021 Putasne
1271 2962 1401 3023 istis
1458 2964 1576 3026 tuis
1628 2965 1825 3027 verbis
1858 2983 1952 3026 me

2132 2955 2365 3026 ἅπτομαι
2402 2961 2501 3011 τῶν
2557 2954 2736 3026 μελῶν
2781 2977 2875 3012 σου
2903 2959 2977 3020 εἱς
3038 2955 3365 3036 ἀφανισμόν.
3412 2955 3472 3018 Ὀ
3530 2958 3688 3038 ἅγιος

315 3043 804 3120 perterrefactum
837 3047 954 3110 iri?
985 3048 1231 3110 Minime
1263 3052 1375 3111 hoc
1407 3053 1668 3115 futurum
1703 3074 1946 3134 speres:

2134 3045 2291 3112 έστης
2344 3045 2520 3101 εἶπεν·
2555 3043 2789 3108 ’Ἔοικας
2821 3043 3071 3126 ἐκφοϐεῖν
3122 3068 3189 3121 με
3232 3059 3355 3111 ταῖς
3403 3046 3686 3116 ἀπειλαῖς,

311 3131 414 3191 sed
445 3136 881 3212 quamprimum
907 3137 1018 3215 fac,
1040 3140 1327 3218 quidquid
1358 3141 1477 3216 vis;
1506 3131 1944 3219 ignoras—enim,

2184 3136 2274 3191 οὖν
2334 3132 2633 3190 ἀναϐάλλοῦ
2702 3141 2857 3191 τοῦτο
2934 3149 3135 3207 ποιεῖν,
3201 3135 3337 3195 ἀλλά
3408 3137 3688 3214 σῦντόμως

312 3237 486 3298 quem
525 3234 878 3300 praesentem
896 3235 954 3286 et
969 3228 1107 3288 mihi
1126 3231 1510 3306 opitulantem
1537 3232 1724 3294 habeo
1749 3233 1949 3295 Domi-

310 3328 452 3371 num
482 3313 684 3374 Jesnm
720 3315 1038 3376 Christum.
1073 3316 1237 3380 Tunc
1263 3323 1345 3381 ait
1373 3322 1699 3386 Maximus:
1735 3323 1946 3385 Homi-

310 3418 446 3462 nem
481 3402 656 3465 istum
688 3404 866 3481 virgis
895 3406 1128 3481 caedite,
1185 3427 1445 3487 eumque
1497 3413 1835 3490 admonete,
1873 3435 1947 3477 ne

311 3494 794 3572 pergatamplius
821 3495 1104 3558 insanire.
1134 3497 1240 3558 Ille
1264 3507 1459 3560 autem
1493 3521 1626 3562 cum
1660 3504 1942 3568 verbera-

309 3588 497 3656 retur,
534 3583 704 3645 elatis
735 3584 794 3646 in
853 3585 1068 3647 caelum
1132 3587 1427 3664 manibus,
1487 3591 1607 3655 ait:
1667 3595 1941 3674 Respice,

308 3668 470 3732 Deus
501 3690 694 3746 meus,
731 3692 760 3733 ρ
787 3675 959 3747 cmlo,
997 3685 1056 3738 et
1087 3676 1378 3756 opitulare
1405 3699 1573 3742 servo
1609 3691 1724 3742 tuo.
1761 3668 1947 3747 Iussit

307 3778 446 3822 vero
479 3780 695 3841 praeses
724 3765 886 3825 illum
915 3765 1116 3826 Iandiu
1137 3767 1464 3842 verberari,
1500 3772 1691 3850 quoad
1727 3775 1946 3837 milites

308 3851 690 3946 ipsivicissim
706 3856 1114 3946 quadragenas
1138 3857 1557 3936 plagassinguli
1583 3861 1944 3946 indigerent,

309 3942 390 4001 ita
420 3950 482 4000 ut
517 3942 708 4022 funes,
743 3945 891 4016 lora,
935 3955 993 4006 et
1045 3949 1212 4008 nervi
1258 3942 1775 4015 consumerentur.
1817 3942 1948 4018 Mori

309 4031 719 4094 vehementius
749 4052 884 4094 eum
919 4037 1062 4095 (ιωόί
1089 4038 1285 4115 jussit,
1319 4038 1406 4099 sic
1427 4049 1491 4100 ut
1515 4041 1644 4119 ejus
1673 4042 1948 4105 intestina

299 4129 560 4186 extracta
589 4123 728 4198 sint,
768 4129 828 4187 et
858 4133 1022 4186 tanta
1056 4127 1160 4188 viri
1200 4127 1511 4190 tolerantia
1542 4131 1821 4193 omnibus
1850 4133 1946 4193 ad-

302 4212 679 4275 mirationem
713 4216 998 4277 attulerit.

2030 3233 2225 3302 πρᾶττε
2282 3226 2310 3281 ὃ
2366 3223 2568 3301 βούλει·
2628 3223 2842 3302 ἀγνοεῖς
2909 3225 3008 3303 γὰρ
3065 3227 3156 3282 τὸν
3199 3230 3538 3306 παρεστῶτα,
3596 3229 3691 3285 καὶ

2030 3313 2554 3390 ἀντιλαμϐανόμενόν
2664 3335 2768 3386 μου
2855 3314 3043 3392 Κύριον
3141 3313 3346 3382 Ἰησοῦν
3433 3317 3685 3397 Χριστύο.

2032 3403 2266 3480 Μάξιμος
2347 3405 2566 3482 ἡγεμὼν
2623 3403 2803 3459 εἶπενο
2887 3412 3013 3468 Τοῖς
3069 3401 3285 3483 ῥάϐδοις
3361 3407 3519 3466 αὐτὸν
3585 3408 3686 3464 τύο

2030 3499 2190 3569 ψατε,
2253 3492 2502 3571 λέγοντες
2579 3491 2742 3564 αὐτῷ·
2819 3491 2907 3559 Μὴ
2980 3492 3200 3568 μώριζε.
3277 3491 3682 3571 Ῥαϐδιζόμενος

2028 3583 2082 3639 δὲ
2132 3586 2158 3639 ὁ
2187 3583 2336 3660 ἅγιος
2385 3579 2640 3660 επιπολὺ,
2673 3579 2924 3646 ἀπλώσας
2969 3582 3061 3640 τὰς
3091 3594 3288 3661 χεῖρας
3341 3585 3412 3649 εἰς
3450 3585 3544 3641 τὸν
3584 3586 3684 3644 οὖ-

2028 3676 2183 3750 ρανὸν
2239 3676 2413 3728 εἶπεν
2482 3670 2633 3748 Κύριε
2693 3672 2720 3726 ὁ
2791 3671 2919 3732 Θεός
2971 3692 3098 3748 μου,
3149 3670 3294 3728 ἔπιδε
3354 3671 3405 3737 ἐξ
3463 3673 3689 3752 ούρανοῦ

2028 3764 2117 3819 καὶ
2147 3761 2412 3839 β-ιῆθησον
2465 3766 2542 3832 τῷ
2573 3758 2742 3832 δούλῳ
2795 3781 2910 3818 σου.
2943 3759 3004 3818 Ὀ
3056 3757 3110 3815 δὲ
3139 3761 3357 3838 ἡγεμὼν
3405 3761 3686 3821 ἐκέλευσεν

2028 3854 2185 3910 αὒτὸν
2243 3850 2522 3908 ἑπιπλεῖον
2581 3847 2928 3926 ῥαϐδίζεσθαι,
2975 3851 3062 3906 επὶ
3133 3853 3403 3930 τοσοῦτον,
3463 3849 3564 3915 ἕως
3621 3853 3686 3911 οὗ

2027 3943 2342 4017 ἠλλάγησαν
2417 3939 2804 4017 τεσσαράκοντα
2860 3939 3207 4016 κεντυρίονες,
3267 3939 3405 3997 ὥστε
3470 3943 3561 3997 καὶ
3615 3941 3682 3998 τᾶ

2029 4033 2242 4110 σχοινία
2289 4029 2384 4086 καί
2433 4030 2552 4093 τοὺς
2609 4026 2832 4106 λώρους,
2867 4030 2956 4084 καὶ
2999 4030 3062 4087 τὰ
3115 4039 3266 4106 νεῦρα
3323 4028 3681 4098 συντελεσθῆ-

2029 4145 2136 4184 ναι,
2197 4121 2401 4193 Καὶμὴ
2459 4119 2728 4195 ἀρκεσθεὶς
2784 4117 2839 4174 ἑν
2869 4125 3072 4180 τοῦτοις
3124 4121 3150 4174 6
3181 4119 3489 4197 παράνομος
3541 4121 3682 4198 ἦγε-

2028 4214 2168 4288 μὼν,
2227 4208 2388 4267 πάλιν
2441 4206 2683 4264 ἐκέλευσε
2738 4208 3020 4264 τύπτεσθαι
3085 4207 3243 4264 αὖτόν
3303 4207 3677 4288 σφοδρότερον,

303 4304 440 4361 ὥστε
511 4306 596 4361 καὶ
666 4307 733 4362 τὰ
789 4306 932 4364 ἔνδον
994 4314 1100 4364 τῶν
1174 4307 1501 4389 σπλάγχνων
1575 4310 1731 4368 αὖτοῦ
1787 4312 2217 4383 ἀποσπασθῆναι,
2291 4309 2380 4364 καὶ
2446 4307 2729 4381 θαυμάζειν
2799 4306 3001 4371 πάντας
3067 4309 3166 4375 τὴν
3238 4309 3511 4386 καρτερίαν
3583 4317 3684 4368 τοῦ

301 4392 482 4462 ἀνδρός
492 4441 504 4453 .

384 4483 526 4546 Cum
559 4485 738 4563 igitur
767 4486 845 4546 ita
874 4485 1218 4546 verberatus
1251 4486 1481 4558 fuisset,
1519 4489 1794 4551 Sacriﬁca
1825 4490 1964 4552 diis:

2132 4489 2202 4562 ξ’ῗ,
2257 4489 2401 4547 Μετὰ
2431 4485 2485 4542 δὲ
2540 4488 2601 4543 τὸ
2631 4488 2824 4549 ίοιανῶς
2867 4484 3204 4563 ῥαϐδισθῆναι
3265 4486 3424 4544 αὒτὸν
3457 4489 3485 4543 6
3535 4488 3680 4564 ἡγε-

304 4573 468 4654 ipsis,
504 4575 693 4655 inquit
721 4593 963 4654 praeses,
999 4583 1056 4635 et
1084 4575 1374 4638 dimittam
1409 4586 1487 4639 te.
1525 4577 1769 4642 Orestes
1806 4599 1946 4643 vero

302 4664 450 4726 nihil
476 4665 806 4744 respondit.
835 4663 1036 4744 Itaque
1056 4665 1238 4726 iratus
1267 4685 1508 4746 praeses,
1530 4669 1709 4747 jussit
1730 4670 1948 4731 obelis-

302 4772 404 4814 cos
436 4753 653 4833 ignitos
687 4753 840 4832 ﬁeri,
875 4762 933 4815 et
953 4755 1024 4814 ad
1056 4755 1187 4833 ejus
1221 4764 1385 4834 terga
1416 4759 1613 4818 statim
1646 4758 1943 4834 adhiberi,

301 4851 363 4905 ut
389 4861 460 4905 ea
493 4849 749 4924 primum
781 4842 1303 4919 comburerentur,
1338 4846 1560 4908 deinde
1588 4857 1753 4909 aceto
1788 4867 1940 4911 acer.

301 4933 547 4994 bissimo
578 4941 635 4993 et
667 4933 852 4994 multo
883 4933 1006 4994 sale
1036 4951 1357 5014 conspersa
1393 4945 1750 4998 tererentur.
1776 4937 1946 5000 Tunc

300 5031 525 5102 martyr
552 5021 652 5082 ille
683 5021 1088 5104 beatissimus,
1119 5025 1336 5085 erectis
1369 5026 1438 5086 ad
1485 5026 1698 5088 malum
1731 5028 1940 5104 oculis,

299 5112 418 5174 ait:
457 5111 636 5180 Deus,
672 5113 771 5192 qui
806 5111 1240 5176 Sodomitarum
1276 5115 1457 5177 urbes
1484 5115 1619 5194 igne
1665 5136 1944 5178 consum-

302 5201 487 5280 psisti,
524 5209 582 5261 et
610 5199 877 5262 Ninivem
941 5221 1049 5279 per
1101 5204 1337 5283 pmnite:
1370 5205 1508 5266 tiam
1569 5223 1940 5280 conversam,

301 5299 400 5352 tua
424 5289 640 5352 virtute
669 5290 738 5350 ad
767 5291 1058 5370 justitiam
1087 5295 1940 5376 traduxisti,da,quzeso,mihi,

303 5380 649 5462 Domine,ut
669 5381 904 5459 signum
937 5381 1172 5462 aliquod
1200 5386 1436 5445 tuumin
1458 5393 1780 5463 conspectu
1810 5402 1944 5445 meo

299 5467 558 5532 videam.
593 5467 708 5531 Fac
741 5487 971 5532 mecum
1006 5474 1235 5550 signum
1272 5477 1327 5531 in
1363 5471 1678 5544 bonum,ut
1711 5472 1947 5533 videant

299 5557 404 5637 qui
429 5558 690 5621 oderunt
718 5579 834 5640 me,
861 5568 922 5622 et
951 5560 1419 5623 confundantur.
1454 5560 1559 5623 His
1589 5561 1784 5634 dictis,
1825 5559 1946 5622 suf-

299 5649 460 5712 ﬂavit
487 5647 548 5710 in
575 5649 891 5714 simulacra
918 5650 1044 5732 illa,
1071 5652 1360 5732 et_statim
1393 5650 1755 5713 comminuta
1782 5656 1943 5730 sunt,

2032 4582 2147 4653 μὼν
2198 4580 2340 4656 λέγει
2392 4579 2553 4649 αύτῷο
2614 4577 2778 4631 Θῦσον
2824 4588 2943 4638 τοῖς
3001 4579 3171 4652 θεοῖς,
3206 4575 3297 4632 καὶ
3338 4573 3559 4633 ἀπολύω
3589 4597 3677 4637 σε.

2031 4669 2103 4733 Ὀ
2132 4668 2186 4726 δὲ
2235 4669 2385 4746 ἅγιος
2417 4666 2674 4742 Ὀρέστης
2726 4661 2835 4720 οὔδ’
2867 4663 3006 4728 ὅλως
3063 4663 3319 4739 ἀπεκρίθη
3351 4666 3517 4740 αύτῷ,
3576 4666 3681 4724 Τό-

2028 4781 2087 4816 τε
2140 4759 2392 4831 θυμωθεὶς
2453 4759 2482 4813 6
2539 4754 2848 4833 παράνομος
2918 4753 3163 4834 ἡγεμὼν,
3222 4753 3494 4811 ἐκέλευσεν
3550 4753 3681 4811 ὀϐε-

2031 4847 2240 4910 λίσκους
2296 4848 2623 4923 πυρωθῆναι,
2661 4842 2758 4900 καῖ
2810 4845 2904 4899 τὸν
2963 4847 3133 4900 νῶτον
3161 4841 3320 4900 αὐτοῦ
3374 4839 3678 4925 διακαῆναι,

2029 4936 2121 4993 καί
2199 4936 2304 5001 ὅξει
2379 4932 2678 5010 δριμυτάτῳ
2744 4933 2834 4989 καὶ
2902 4931 3058 4989 ἅλατι
3131 4929 3423 5010 ἀνατρίϐειν
3493 4933 3680 4995 αὐτόν,

2033 5029 2128 5084 Καὶ
2185 5025 2370 5082 τούτου
2413 5021 2702 5101 γενομένου
2759 5022 2896 5096 μετὰ
2928 5019 3128 5080 πολλοῦ
3182 5022 3278 5078 τοῦ
3332 5020 3555 5100 τάχους,
3592 5024 3685 5080 καὶ

2027 5115 2119 5172 τοῦ
2174 5113 2324 5191 ἁγίου
2393 5113 2654 5188 μάρτυρος
2710 5110 3150 5190 ἐγκαρτεροῦντος
3220 5122 3344 5174 ταῖς
3399 5110 3679 5186 βασάνοις,

2029 5201 2330 5278 ἀναϐλέψας
2386 5202 2459 5263 εἷς
2490 5201 2581 5255 τὸν
2637 5201 2858 5277 οὐρανὸν
2909 5201 2936 5255 ὁ
2992 5196 3188 5262 δίκαιος
3220 5198 3396 5255 εἶπεν·
3465 5198 3620 5275 Κύριε
3655 5201 3686 5257 6

2029 5294 2184 5365 Θεὸς,
2217 5295 2244 5348 6
2303 5293 2408 5348 τῶν
2459 5288 2767 5364 Σοδομιτῶν
2797 5310 2891 5353 τας
2949 5286 3132 5354 πόλεις
3183 5287 3303 5365 πυρὶ
3359 5285 3682 5344 καταναλώ-

2027 5403 2123 5443 σας
2184 5381 2277 5438 καί
2330 5380 2431 5448 τὴν
2490 5383 2680 5438 Νινευῖ
2729 5376 3017 5438 δικαιὼσας
3065 5374 3148 5434 διὰ
3189 5375 3470 5448 μετανοίας
3499 5374 3556 5432 ἓν
3611 5383 3685 5453 τῇ

2029 5478 2097 5547 σῇ
2147 5469 2510 5550 φιλάνθρωπίᾳ
2567 5471 2652 5525 καὶ
2709 5465 2953 5546 δυνάμει,
3015 5465 3102 5531 δός
3162 5489 3254 5542 μοι
3315 5465 3532 5530 τελείως
3589 5467 3684 5522 τὸν

2027 5560 2211 5636 ἀγῶνα
2265 5566 2450 5617 τοῦτον
2519 5558 2834 5637 ὑπομεῖναι,
2906 5557 2997 5614 καὶ
3067 5557 3295 5625 ποίησον
3353 5551 3474 5632 μετ’
3547 5553 3684 5631 ἀμοῦ

2029 5661 2261 5726 σημεῖον
2318 5649 2391 5714 εἷς
2426 5646 2642 5729 ἀγαθόν’
2697 5648 2784 5706 καὶ
2837 5643 3091 5710 ἰδέτωσαν
3149 5646 3197 5708 οἱ
3241 5650 3521 5725 μισοῦντες
3583 5664 3680 5728 με,
