3906 6136
231 324 328 401 129
1115 316 1589 396 MARTYRIUM
1634 328 1698 394 s.
1740 316 2003 394 GUBI/E
2046 316 2144 391 ET
2188 317 2593 393 SOCIORUM.
3426 311 3542 398 130

224 477 301 534 νᾶς
325 457 670 528 διαϐάλλονται
730 475 807 542 τῷ
860 452 1147 542 δικᾶξονέι,
1176 468 1281 523 σῶν
1336 467 1364 522 ὁ
1413 466 1512 542 μὲν
1556 473 1810 545 Σαρκιγι-

2006 463 2155 527 icem
2186 476 2564 541 accusantur,
2600 483 2855 543 quorum
2886 458 2988 527 ille
3016 465 3257 547 quidem
3303 485 3376 531 ex
3406 470 3543 533 Sar-

223 566 352 638 τνᾶς,
418 562 445 616 δ
510 558 564 616 δὲ
630 556 859 621 Γάναδος
941 557 1193 634 ὥρμηντο
1265 556 1480 633 κώμης,
1551 555 1815 633 ἡμεδαποὶ

2001 554 2138 630 itua,
2175 555 2271 617 hic
2325 565 2520 618 autem
2565 574 2636 617 ex
2694 562 2822 616 vico
2881 555 3129 619 Ganade
3159 565 3287 619 erat
3343 569 3538 639 ortus,

219 648 445 716 Ἐδέσσης
474 648 627 728 ἄμφω
654 654 741 705 καὶ
771 649 1046 727 τρόφιμοι,
1095 646 1163 714 ἢν
1222 643 1288 714 δὴ
1344 647 1432 702 καὶ
1493 652 1813 703 Μεσοποτα-

2001 644 2773 726 boeducatiEdessa,quam
2796 654 3006 708 vocant
3034 649 3537 734 illesupotamiam,

219 740 324 813 μίαν
372 737 602 811 καλοῦσι,
648 736 733 796 διὰ
781 740 843 794 τὸ
877 738 1145 815 Εὐφράτου
1203 737 1290 793 καὶ
1347 735 1584 813 Τίγριδος
1642 737 1814 812 μέσην

2001 734 2055 796 id
2087 736 2165 796 sit
2211 736 2406 797 media
2436 736 2594 798 inter
2627 735 2988 817 Euphratem
3018 745 3075 798 et
3127 738 3453 818 Tigridem,
3484 748 3545 801 et

214 829 356 899 εἶναι,
386 828 466 884 καὶ
494 828 594 906 πρὸ
615 834 705 884 τοῦ
734 827 832 898 μὲν
864 826 1067 905 ὀλιγοις
1098 827 1202 883 ὑπὸ
1251 824 1346 893 τῆς
1404 824 1588 907 φήμης
1631 848 1810 906 παρα-

2001 842 2070 884 ea
2122 825 2361 905 quidam
2412 825 2545 905 ejus
2575 825 2730 885 fama
2780 826 2852 887 ad
2889 843 3105 905 paucos
3153 837 3539 908 pervaserat;

214 914 483 994 διδομένην,
537 917 672 992 μετὰ
725 914 780 972 δὲ
835 917 957 981 τοὺς
987 917 1094 972 τῶν
1147 917 1421 995 μαρτύρων
1454 914 1642 978 ἄθλους
1673 938 1812 972 παν-

2001 922 2359 995 ιωιιιειςιίιιη
2384 922 2583 977 autem
2613 917 2940 977 certamina
2971 923 3097 977 erat
3119 916 3389 978 omnium
3409 935 3542 980 ser-

213 1003 336 1084 τειχῆ
362 1002 736 1080 διαϐοωμὲνην.
769 1005 830 1064 Ol
861 1004 959 1082 μέν
1009 1005 1100 1062 οὖν
1156 1004 1299 1084 ἅγιοι
1356 1004 1453 1062 οὒκ
1481 1005 1535 1062 ἐν
1563 1011 1631 1083 τῇ
1661 1005 1812 1063 πόλει

2001 1020 2074 1065 ne
2103 1004 2424 1067 celebrata.
2458 1003 2652 1086 Atque
2678 1004 2866 1066 sancti
2891 1003 3135 1084 quidem
3167 1022 3542 1087 nequaquam

213 1097 293 1158 τὰς
339 1092 593 1175 διατριϐὰς
648 1095 947 1170 ἐποιοῦντο,
1004 1094 1184 1174 πόρρω
1230 1092 1284 1152 δὲ
1340 1096 1536 1162 ταύτης
1581 1097 1811 1174 γενόμε-

2001 1094 2290 1157 satiantur
2319 1094 2379 1155 in
2413 1094 2650 1154 civitate
2679 1114 2696 1171 ;
2727 1094 2829 1155 sed
2866 1094 3077 1174 procul
3106 1094 3178 1155 ab
3205 1112 3272 1156 ea
3301 1096 3542 1168 remoti.

212 1204 300 1260 νοι,
326 1182 409 1240 ἅτε
440 1183 543 1241 τῶν
571 1182 624 1250 ἐξ
651 1186 814 1252 acts;
861 1180 1092 1263 θορύϐων
1152 1185 1360 1263 μακρὰν
1418 1185 1562 1242 εἶναι
1618 1185 1812 1263 βουλό-ι

2011 1184 2113 1264 qui
2147 1183 2362 1246 vellent
2393 1183 2594 1263 procul
2645 1185 2855 1245 abesse
2883 1183 2958 1244 ab
2991 1182 3122 1262 ejus
3156 1184 3543 1267 tumultibus,

213 1294 362 1347 μονοις
386 1287 704 1353 καταφανεῖς
734 1274 997 1351 ὑπάργειν
1026 1281 1103 1350 τῷ
1134 1281 1250 1348 Θεῷ
1298 1275 1447 1350 μόνῳ
1501 1272 1587 1333 διὰ
1642 1298 1812 1334 σπουο

2001 1271 2220 1335 debant
2241 1290 2372 1335 esse
2392 1275 2516 1336 Deo
2534 1272 2643 1333 soli
2669 1270 3062 1333 manifesti.Et
3086 1273 3282 1335 Guria
3302 1274 3544 1356 quidem

212 1360 295 1430 δῆς
345 1362 523 1442 εἶχον.
584 1364 684 1421 Καὶ
742 1365 925 1442 Γουρίᾳ
982 1363 1081 1441 μὲν
1142 1363 1418 1444 ἐγκράτεια
1488 1366 1577 1422 καὶ
1629 1365 1814 1443 ἀγάπη

2001 1364 2265 1426 uinentia
2298 1373 2360 1427 et
2388 1365 2649 1426 charitas
2685 1371 2816 1425 erat
2844 1363 3001 1426 bona
3033 1371 3092 1425 et
3122 1364 3373 1429 honesta
3406 1382 3546 1448 pos-

211 1451 428 1509 καλόντε
456 1455 551 1509 καῖ
606 1452 802 1531 ἀγαθὸν
856 1453 1037 1528 κτῆμα
1088 1454 1175 1527 ἦν,
1232 1456 1319 1512 καὶ
1372 1456 1435 1511 τὸ
1490 1453 1817 1531 ἐπιτήδευμα

2002 1454 2115 1529 sio,
2140 1463 2199 1516 et
2228 1472 2297 1515 ex
2331 1453 2493 1515 illius
2524 1453 2721 1515 studio
2747 1471 3077 1532 cognomen
3103 1461 3192 1514 est
3220 1454 3275 1516 ei
3306 1454 3546 1536 imposi-

212 1536 378 1607 κλῆσις
430 1539 652 1619 ἐγίνετο,
714 1540 851 1599 ὥστε
900 1544 995 1599 οὒκ
1025 1541 1088 1598 ἂν
1119 1543 1407 1621 ἐγνώρισας
1440 1543 1533 1600 τὸν
1563 1541 1721 1614 ἄνδρα
1750 1550 1819 1620 τῇ

2001 1562 2025 1604 n
2077 1542 2224 1604 adeo
2279 1550 2341 1604 ut
2397 1562 2466 1604 ex
2507 1542 2751 1604 nomine
2808 1559 2945 1603 eum
3007 1560 3128 1603 non
3175 1545 3547 1627 cognoveris,

214 1626 402 1710 κλήσει,
457 1630 534 1706 μὴ
588 1630 681 1687 τὸν
737 1630 969 1712 ἐγκρατῆ
1020 1632 1274 1712 πρότερον
1320 1634 1545 1705 εἰρηκώς
1579 1653 1592 1667 ·
1627 1640 1819 1709 Σαμω-

2003 1633 2020 1693 i
2078 1633 2245 1712 prius
2299 1634 2518 1694 dixeris
2560 1632 2996 1694 continentem.
3033 1633 3302 1694 Samona
3350 1626 3547 1696 autem

215 1724 292 1782 νᾶς
316 1716 367 1774 δὲ
401 1719 497 1786 τὴν
520 1740 580 1777 τε
609 1720 796 1800 ψυχὴν
827 1723 913 1779 καὶ
941 1723 1003 1779 τὸ
1034 1729 1210 1797 *σῶμα
1257 1723 1477 1803 ἐσφρίγα
1537 1730 1673 1799 Θεῷ,
1733 1723 1823 1781 καὶ

2001 1730 2029 1782 ιι
2055 1723 2115 1783 in
2147 1724 2331 1784 Deum
2354 1740 2574 1801 corpus
2595 1729 2651 1782 ct
2679 1721 2914 1783 animus
2928 1721 3213 1801 juvenilis
3225 1730 3282 1782 et
3311 1723 3546 1799 alacris,

213 1814 277 1882 τῷ
320 1809 494 1887 Γωρίᾳ
547 1809 651 1876 τὴν
706 1810 903 1889 ἀρετὴν
929 1804 1263 1890 παρίμιλλος
1289 1800 1378 1881 ἦν,
1423 1800 1820 1871 ἽΔιαϐάλὶονται

2001 1830 2129 1873 cum
2164 1809 2346 1874 Guria
2378 1800 2597 1874 virtute
2645 1800 3068 1875 contendebat.
3101 1811 3148 1874 Ii
3193 1829 3333 1891 ergo
3363 1830 3547 1876 accu-

212 1900 357 1955 τοίνυν
407 1900 548 1956 οὗτοι
600 1906 681 1974 τῷ
737 1898 962 1977 δικαστῇ
1008 1905 1082 1967 ὡς
1132 1904 1211 1979 μὴ
1242 1903 1407 1978 μόνον
1432 1903 1534 1970 τὴν
1567 1900 1822 1970 Ἐδέσσης

2001 1913 2119 1964 itur
2137 1901 2522 1982 adjudicem,
2550 1902 2705 1979 quod
2742 1920 2860 1962 non
2891 1902 3083 1963 solum
3112 1920 3351 1963 omnem
3375 1899 3553 1964 ﬁniti-

211 1988 473 2066 πρόσοικον
514 1994 692 2046 πᾶσαν
744 2003 867 2055 ταῖς
921 1991 1122 2049 ἑαυτῶν
1179 1990 1540 2058 διδασκαλίαις
1593 1993 1822 2059 ἐπιστη-

2001 2010 2062 2052 λιῐι
2095 1992 2333 2054 Edessa
2352 1992 2659 2071 regionem
2673 2009 2781 2053 sua
2795 1990 3067 2053 doctrina
3098 1991 3545 2068 conﬁrmarent,

211 2077 432 2155 ρίζοντες,
493 2081 580 2135 καὶ
634 2082 737 2147 τῆς
793 2080 985 2145 οἰκείας
1044 2080 1266 2162 ἔχεσθαι
1322 2083 1550 2149 πίστεως
1599 2082 1820 2140 ὑπαλεί-

2001 2089 2047 2140 ιι
2067 2099 2189 2142 sua
2212 2082 2588 2143 adliarerent
2621 2081 2786 2158 ﬁdei,
2813 2082 3075 2143 animum
3108 2081 3419 2157 adherent,
3443 2080 3551 2146 sed

208 2186 393 2246 come,
445 2166 584 2225 ἀλλὰ
640 2170 731 2225 καὶ
782 2169 1042 2249 ὑπερορᾷν
1098 2173 1204 2228 τῶν
1273 2170 1574 2232 διωκόντων
1643 2194 1821 2250 παρα-

2001 2188 2086 2231 am
2139 2171 2466 2252 eﬁicerent,
2499 2179 2562 2232 ut
2591 2171 2973 2252 despicerent
3021 2179 3456 2251 persecutores,
3495 2177 3555 2235 et

210 2256 544 2332 ciu-ﬂown,
603 2259 696 2315 καὶ
754 2261 853 2326 τὴν
920 2260 1133 2318 ἐκείνων
1199 2260 1442 2319 ἀσέϐειαν
1514 2263 1569 2320 ἐν
1640 2261 1823 2337 μηδενὶ

2001 2260 2239 2321 illorum
2265 2261 2630 2341 impietatem
2663 2261 2906 2321 omnino
2938 2260 3088 2322 nihil
3117 2259 3403 2335 facerent,
3436 2261 3550 2322 do-

208 2345 410 2403 τίθεσθαι
461 2348 524 2404 τὸ
578 2348 833 2425 παράπαν
886 2346 1219 2417 διδάσκοντες
1279 2354 1417 2409 κατὰ
1469 2355 1530 2410 τὸ
1583 2374 1819 2432 γεγραμσ

2001 2351 2572 2425 'ent,convenienter
2594 2356 2646 2411 ei
2673 2351 2831 2426 quod
2854 2350 3141 2431 scriptum
3167 2358 3283 2413 est:
3324 2348 3555 2413 cNolite

212 2433 368 2509 μένον.
404 2458 431 2492 ε
463 2437 555 2505 Μὴ
588 2437 867 2495 πεποίθετε
926 2437 1013 2496 ἐπὶ
1066 2442 1203 2504 υἱοὺς
1264 2441 1553 2519 ἀνθρώπων
1592 2443 1685 2508 σῖς
1732 2447 1827 2501 οὐκ

2003 2438 2210 2500 iﬁdcre
2267 2439 2327 2500 in
2378 2439 2770 2520 principibus,
2817 2438 2879 2500 in
2937 2440 3074 2501 ﬁliis
3122 2440 3455 2515 hominum,
3488 2438 3554 2503 in

214 2523 307 2581 ἔστι
329 2526 579 2606 σωτηρία.
616 2546 651 2585 ι
687 2530 786 2591 Οἷς
816 2527 903 2586 ἐπὶ
931 2530 1068 2587 πολὺ
1113 2531 1213 2598 τὴν
1261 2534 1452 2607 μανέαν
1511 2530 1824 2610 ἀναφλεγεὶς

2001 2528 2126 2589 ibus
2159 2547 2280 2591 non
2325 2539 2413 2589 est
2441 2529 2624 2591 salus.
2651 2554 2678 2585 ι
2714 2528 2941 2601 Quibus
2963 2529 3154 2608 judex-
3170 2529 3244 2591 ad
3276 2547 3551 2609 magnam

213 2611 490 2689 δόικάζων,
518 2613 729 2673 κελεύει
784 2617 985 2682 πάντας
1042 2617 1158 2677 ὅσοι
1214 2621 1280 2678 τὰ
1337 2627 1667 2700 Χριστιανῶν
1714 2621 1824 2677 ἐτί-

2001 2637 2198 2680 :ensus
2245 2618 2559 2695 insaniam,
2587 2617 2761 2699 jubet
2809 2637 3040 2694 omnes,
3074 2619 3176 2700 qui
3219 2620 3440 2681 habent
3486 2619 3551 2681 in

214 2724 330 2779 μων,
361 2718 478 2768 ταῖς
516 2706 707 2781 Γουρία
761 2707 858 2763 καὶ
912 2715 1147 2785 Σαμωνᾶ
1197 2707 1557 2775 διδασκαλίαις
1618 2711 1824 2785 ἑπόμε-

2001 2727 2141 2770 nore
2169 2708 2518 2788 religionem
2540 2709 2954 2785 Christianam,
2979 2716 3298 2789 sequentes
3328 2708 3547 2770 doctri-

215 2815 305 2868 νοι,
350 2794 458 2869 ἅμα
513 2792 640 2860 τοῖς
697 2796 772 2861 εἷς
825 2804 981 2855 τοῦτο
1034 2800 1451 2879 προηγουγὲνοις
1486 2799 1826 2880 συλληφθέν-

2001 2818 2048 2859 m
2079 2798 2276 2861 Guria
2308 2809 2365 2860 et
2394 2798 2686 2871 Samona,
2719 2799 2895 2860 simul
2925 2817 3062 2859 cum
3094 2798 3170 2860 iis
3203 2798 3302 2877 qui
3334 2816 3437 2859 eos
3467 2797 3545 2859 ad

211 2903 289 2947 τας
342 2883 755 2950 κατακλείστοος
808 2888 869 2943 ἒν
924 2885 1154 2968 ἀσφαλεῖ
1202 2889 1443 2967 γενέσθαι
1476 2895 1694 2969 φρουρᾷ.
1730 2892 1827 2948 Καὶ

2003 2887 2386 2963 inducebant,
2422 2887 2910 2968 comprehensos,
2945 2888 3007 2947 in
3038 2895 3158 2948 tuta
3187 2886 3412 2949 includi
3443 2905 3543 2948 cu-

215 2976 240 3043 ii
282 2974 555 3052 πρόσταξις
617 2973 769 3054 ἔργον
820 2975 909 3044 ἧιο
962 2979 1050 3033 καὶ
1105 2975 1239 3045 δῆτα
1298 2982 1481 3056 καιροῦ
1508 2977 1824 3054 λαϐόμενος,

2001 2978 2124 3039 dia.
2160 2980 2364 3040 Iussus
2388 2984 2582 3039 autem
2617 2978 2689 3037 ad
2718 2977 2990 3038 elfectum
3021 2988 3113 3038 est
3141 2975 3453 3051 deductus,
3488 2983 3549 3037 et

210 3063 283 3121 ul
332 3078 443 3129 τοῖς
502 3063 606 3138 μὲν
659 3067 833 3124 αὐτῶν
889 3063 1099 3144 πληγὰς
1152 3066 1371 3142 ἐπιθεὶς,
1403 3070 1524 3135 τοὺς
1569 3066 1621 3124 δὲ
1653 3070 1828 3145 βασά-

2001 3075 2090 3145 pta
2136 3068 2476 3140 occasione,
2510 3083 2644 3127 cu'n
2679 3067 2810 3128 aliis
2856 3066 3094 3146 quidem
3127 3085 3197 3127 ex
3228 3066 3321 3126 his
3350 3065 3548 3145 plagas

208 3176 301 3217 νοις
352 3154 552 3234 ἑτέραις
621 3151 926 3229 ὑποϐαλὼν,
1000 3158 1086 3213 καὶ
1154 3164 1231 3233 τῷ
1284 3166 1379 3216 τοῦ
1431 3157 1692 3236 βασιλέως
1748 3155 1831 3214 δο-

2004 3158 2321 3237 posuisset,
2355 3157 2502 3219 alios
2529 3165 2723 3218 autem
2753 3156 2886 3218 aliis
2917 3156 3232 3218 tormentis
3262 3156 3554 3235 subjecis-

209 3264 356 3321 γματι
409 3243 681 3302 πείθεσθαι
734 3244 1080 3327 παραινέσας,
1133 3268 1219 3304 οια
1273 3247 1471 3328 ἥμερον
1537 3270 1589 3305 τι
1659 3253 1825 3305 ποιῶν

2007 3295 2023 3322 ,
2058 3255 2116 3308 et
2172 3257 2238 3310 ut
2279 3247 2652 3326 imperatoris
2703 3246 2942 3308 decreto
2993 3253 3290 3326 parerent,
3326 3246 3551 3307 suasis«

205 3334 280 3389 καὶ
304 3332 698 3415 οιλάνθρωπον,
756 3335 876 3399 τοὺς
935 3335 1031 3410 μὲν
1089 3334 1308 3402 λοιποὺς
1369 3337 1581 3395 ἀπιέναι
1641 3335 1827 3395 οἴκαδε

2001 3357 2044 3399 .:
2082 3345 2360 3413 tanquam
2393 3335 2495 3417 qui
2527 3337 2783 3416 benigne
2814 3342 2873 3397 et
2914 3336 3245 3397 clementer
3270 3352 3335 3397 se
3363 3352 3545 3414 gere-

205 3419 424 3501 ἀπολῦει,
481 3426 612 3488 τοὺς
671 3422 724 3480 δὲ
782 3425 961 3504 ἁγίους
1015 3425 1195 3506 ὥσπερ
1252 3430 1339 3485 καὶ
1368 3428 1610 3508 πρώτους
1641 3430 1701 3486 τὸ
1733 3428 1829 3495 τῆς

2001 3470 2025 3506 ν,
2076 3426 2225 3488 alios
2280 3428 2520 3508 quidem
2577 3426 2721 3487 sinit
2775 3426 3015 3487 domum
3075 3424 3262 3499 abire,
3307 3432 3547 3488 sanctos

207 3514 429 3585 ἀληθείας
483 3519 743 3597 κήρδγμα
798 3519 1134 3601 σπείροντας,
1195 3522 1282 3578 οιαὶ
1333 3535 1453 3586 τοτς
1503 3520 1686 3587 ἄλλοις
1730 3526 1830 3589 τῆς

208 3603 445 3672 ἀπεϐείας
531 3605 933 3688 μεταδιδόντας,
1018 3613 1097 3684 τῷ
1178 3608 1525 3689 δεσμωτηρίῳ
1596 3614 1685 3669 καὶ
1752 3610 1829 3669 ἔτι

207 3693 392 3755 ίκὲλευε
454 3696 988 3778 προσταλαιπωρεῖν,
1048 3705 1117 3777 τῇ
1176 3702 1424 3775 κοινωνίᾳ
1492 3706 1591 3768 τῆς
1635 3722 1830 3780 μαρτυ·

209 3785 305 3862 ρίας
333 3784 425 3842 καὶ
456 3785 650 3851 αὐτοὺς
704 3787 1016 3867 χαίροντας*
1068 3790 1376 3857 ἠκηκόεσαν
1431 3791 1531 3869 γὰρ
1579 3791 1674 3849 κὰν
1704 3803 1828 3856 ταῖς

211 3871 377 3942 ἄλλαις
443 3877 737 3956 ἔπαρχίαις
806 3875 1038 3940 πολλοὺς
1105 3881 1196 3935 τὸν
1258 3878 1378 3938 ἴσον
1448 3880 1634 3943 αὐτοῖς
1697 3879 1833 3937 θέειν

211 3966 370 4044 ἀγῶνα
401 3983 416 3999 ⁸
448 3970 526 4023 ὧν
560 3967 872 4047 Ἐπιφᾶνιός
904 3989 962 4025 τε
1011 3970 1100 4039 καὶ
1162 3969 1351 4049 Πέτρος
1403 3971 1494 4046 ἦν,
1559 3969 1834 4050 Παμφιλος

212 4058 236 4113 δ
281 4059 411 4137 ἱερὸς
469 4058 612 4130 μετᾶ
665 4056 880 4114 πολλῶν
930 4059 1020 4115 καὶ
1076 4057 1237 4116 ἄλλον
1297 4058 1351 4115 ἐν
1409 4060 1692 4133 Καισαρείᾳ
1733 4065 1832 4128 τῆς

211 4144 577 4228 Παλαιστίνης,
636 4149 887 4223 Τιμόθεος
947 4147 1011 4204 ἀν
1065 4149 1233 4230 Γάζῃ,
1279 4152 1334 4206 ἒν
1376 4146 1739 4226 Ἀλεξανδρείᾳ
1766 4155 1834 4227 τῇ

212 4236 401 4315 μεγάλῃ
458 4235 697 4317 Παῦλος,
754 4237 1060 4315 Ἀγαπητδς
1121 4237 1175 4295 ἐν
1225 4237 1608 4317 Θεσσαλονίκῃ,
1642 4239 1696 4294 ὲν
1730 4248 1830 4298 Νι-

210 4325 445 4403 κομηδείᾳ
471 4317 756 4407 Ἠσῦλιος,
799 4326 1066 4393 Φίλιππος
1125 4329 1180 4384 ἐν
1236 4326 1512 4407 Ἀδριανοῦ
1566 4329 1745 4404 πόλει,
1777 4329 1830 4385 ἐν

212 4415 464 4484 Πελιτηνῆ
493 4416 718 4493 Πέτρος,
765 4408 962 4497 Ἐρμῆς
1009 4419 1098 4474 καὶ
1155 4421 1203 4476 οἱ
1257 4420 1349 4476 σὺν
1401 4420 1547 4494 αὐτῷ
1602 4420 1656 4475 ἐν
1711 4432 1829 4483 τοῖς

1914 3527 2111 3577 autem
2147 3525 2208 3577 ut
2238 3516 2483 3597 primos,
2516 3524 2570 3576 et
2604 3516 2707 3593 qui
2741 3516 3017 3597 pietatem
3049 3515 3181 3577 aliis
3211 3514 3543 3596 impertiis-

1915 3616 2068 3679 sent,
2072 3605 2254 3683 jussit
2272 3605 2464 3667 adhuc
2486 3604 2667 3683 aiiligi
2690 3623 2747 3666 ιιι
2768 3605 3144 3685 carcere,qui
3164 3604 3275 3684 ipsi
3307 3620 3546 3684 quoque

1914 3695 2181 3774 martyrii
2209 3695 2546 3772 gaudebant
2573 3693 2876 3756 societate.
2910 3694 3249 3756 Audiebaut
3290 3693 3451 3754 enim
3482 3694 3547 3756 in

1913 3782 2047 3844 aliis
2076 3784 2392 3864 provinciis
2425 3783 2638 3843 multos
2669 3782 2852 3858 idem,
2886 3783 3042 3862 quod
3073 3782 3211 3862 ipsi,
3244 3792 3552 3845 certamen

1916 3874 2250 3954 suscepisse
2284 3891 2297 3936 :
2333 3892 2403 3936 ex
2432 3873 2647 3950 quibus
2674 3885 2799 3936 erat
2831 3872 3198 3954 Epiphanius
3227 3880 3286 3934 et
3316 3876 3549 3947 Petrus,

1917 3970 1976 4024 et
2030 3972 2442 4026 sacrosanctus
2489 3963 2839 4044 Pamphilus
2886 3981 3019 4025 cum
3054 3961 3253 4024 multis
3306 3961 3440 4025 aliis
3490 3963 3553 4026 in

1916 4054 2179 4116 Casarea
2226 4052 2562 4129 Palestina,
2594 4053 2982 4117 Thimotheus
3032 4053 3223 4136 Gasa,
3256 4052 3315 4115 in
3344 4071 3556 4133 magna

1916 4145 2278 4207 Alexandria
2332 4146 2746 4221 Thimotheus,
2781 4148 3086 4227 Agapetus
3135 4143 3552 4222 Tessalonica,

1913 4234 2242 4316 Hesychius
2257 4236 2641 4318 Nicomedia,
2666 4236 2973 4316 Philippus
3000 4233 3555 4314 Adrianopoli,Me-

1914 4323 2097 4386 litina
2144 4324 2377 4402 Petrus,
2408 4324 2681 4409 Hermes,
2714 4332 2773 4389 et
2820 4326 2950 4405 ejus
2980 4323 3126 4386 socii
3160 4324 3221 4384 in
3274 4322 3556 4388 conﬁniis

1918 4417 2361 4497 Martyropolis:
2396 4417 2497 4497 qui
2529 4416 2768 4479 fuerunt
2816 4416 2993 4477 etiam
3025 4412 3289 4475 redimiti
3337 4431 3558 4478 corona

210 4510 297 4573 τῆς
321 4503 775 4586 Ιαρτυροπόλεως
815 4507 1097 4588 μεθορίοις,
1160 4507 1214 4564 οἵ
1274 4508 1363 4565 καὶ
1416 4510 1509 4565 τὸν
1551 4516 1643 4565 τοῦ
1693 4531 1828 4588 μαρο

2001 4505 2224 4586 irtyriia
2245 4508 2394 4568 duce
2410 4505 2763 4569 Heracliano
2785 4523 2923 4568 cum
2937 4503 3070 4566 aliis
3082 4502 3551 4582 conlessoribus,

215 4594 366 4673 τνρίω
419 4595 684 4676 στέφανον
737 4594 840 4653 bard
894 4586 1272 4676 Ἠρακλειανοῦ
1326 4598 1419 4654 τοῦ
1474 4595 1660 4662 δουκός
1714 4586 1825 4674 μεθ’

217 4682 387 4763 Ripon
409 4683 766 4764 δμολογητῶν
793 4682 1138 4761 ἆνεδήσαντο,
1172 4687 1247 4743 ὧν
1305 4689 1333 4744 ὁ
1381 4687 1600 4765 ἀριθμὸς
1659 4689 1839 4767 κρείτ-ι

214 4791 311 4829 των
360 4775 398 4842 ἦ
444 4775 587 4832 κατὰ
631 4774 732 4843 τὴν
785 4774 1047 4853 ἡμετέραν
1097 4781 1297 4856 γνῶσιν
1353 4775 1519 4840 ἐστιν.
1551 4774 1703 4835 Ἀλλ’
1733 4778 1835 4835 ἑπ-

217 4863 404 4921 ανιτάον
430 4862 518 4921 επὶ
543 4864 613 4921 τὰ
640 4864 914 4944 πρότερον.

288 4951 369 5014 1".
398 4949 686 5017 Ἀντώνιος
739 4961 1020 5034 τοιγαροῦν
1071 4957 1102 5013 ὃ
1156 4960 1258 5025 τῆς
1313 4953 1569 5024 Ἐδέσσης
1622 4956 1835 5035 ἡγεμο-

218 5041 386 5123 νεᾶων,
416 5040 607 5109 tua.
628 5055 746 5107 τοῖς
776 5040 960 5107 ἄλλοις
988 5044 1091 5113 τὴν
1117 5045 1194 5110 εἰς
1250 5045 1316 5102 τὰ
1372 5046 1548 5103 οἰκεῖα
1579 5043 1836 5105 ὲπάνοδον

217 5129 511 5211 ἐχαρίσατο,
572 5129 812 5207 βήματος
865 5134 1010 5210 αὒτῷ
1061 5133 1327 5212 ἀρθέντος,
1376 5133 1682 5214 ἆγωγίμοος
1711 5136 1835 5202 τοὺς

217 5220 462 5301 μάρτυρας
516 5219 759 5301 γενέσθαι
812 5223 1151 5302 προστάττει.
1211 5224 1322 5283 Καί
1378 5229 1478 5292 τῆς
1524 5222 1723 5290 τάξεως
1773 5225 1835 5281 τὸ

213 5308 470 5393 Ms
496 5310 829 5393 ποιησάσης,
874 5315 1006 5392 φησι
1056 5315 1188 5392 πρὸς
1216 5312 1341 5379 τούς
1389 5314 1571 5392 ἁγίους
1622 5314 1652 5370 ὃ
1706 5314 1834 5392 ἡγε-

1919 4612 2170 4674 quorum
2224 4604 2316 4657 est
2347 4595 2538 4677 major
2586 4613 2894 4677 numerus,
2927 4612 3103 4676 quam
3161 4601 3225 4655 ut
3254 4593 3440 4674 possit
3480 4595 3556 4657 ad

1918 4692 2183 4747 nostram
2217 4684 2423 4747 venire
2450 4685 2878 4765 cognitionem.
2911 4684 3027 4748 Sed
3063 4682 3436 4747 redeundum
3466 4692 3559 4748 est

1918 4773 1994 4836 ad
2021 4791 2115 4856 ea,
2147 4773 2223 4837 de
2252 4774 2471 4857 quibus
2502 4776 2729 4856 primus
2758 4775 3129 4841 dicebamus.

2001 4954 2104 5018 IIl.
2139 4954 2428 5018 Antonius
2452 4972 2593 5036 ergo
2613 4974 2836 5037 prases
2850 4954 3108 5032 Edessa,
3135 4973 3271 5019 cum
3302 4972 3554 5020 conces-

1919 5049 2093 5107 sisset
2138 5044 2272 5107 aliis
2307 5053 2372 5106 ut
2402 5044 2643 5107 domum
2688 5053 3148 5118 reverterentur.
3182 5046 3239 5108 ei
3267 5046 3329 5108 in
3371 5044 3553 5109 altum

1918 5141 2119 5195 erecto
2131 5133 2429 5209 tribunali,
2431 5132 2604 5213 jubet
2615 5133 2688 5195 ad
2702 5151 2768 5195 se
2782 5132 2999 5196 adduci
3011 5142 3324 5215 martyres;
3346 5141 3554 5198 etcum

1917 5222 2223 5304 fecissent,
2255 5221 2414 5300 quod
2439 5220 2591 5296 jussi
2633 5221 2868 5284 fuerant
2907 5223 3299 5304 apparitores,
3331 5223 3556 5290 sanctis

1916 5312 2063 5375 dicit
2093 5328 2354 5393 prases:
2388 5309 2801 5374 Divinissimus
2833 5320 3036 5375 noster
3078 5312 3402 5397 imperator
3427 5316 3556 5379 hac

212 5398 336 5472 πιών·
388 5390 449 5459 Ὀ
515 5402 787 5467 θειότατος
812 5390 824 5393 ’
1088 5390 1339 5480 βασιλεὺς
1408 5390 1530 5465 τᾶδε
1599 5390 1827 5479 κελεύει,

2001 5390 2178 5482 iet,ut
2199 5413 2257 5463 et
2278 5397 2779 5463 aChristianismo
2797 5400 3109 5481 deﬁciatis,
3138 5390 3319 5484 quem
3342 5405 3556 5483 sequi-

209 5483 483 5560 ἆποστῆναί
538 5509 599 5548 τε
654 5493 716 5551 οὐ
768 5489 1085 5573 πρεσϐεύετε
1134 5497 1573 5574 Χριστιανισμοῠ,
1617 5493 1704 5551 καὶ
1758 5499 1829 5573 τῇ

2003 5491 2087 5567 ni,
2119 5497 2177 5553 et
2224 5488 2470 5573 imagini
2496 5489 2657 5556 Jovis
2685 5490 2913 5556 cultum
2940 5483 3209 5557 divinum
3255 5492 3554 5575 tribuatis,

283 5662 485 5735 ‘Pul.
518 5682 689 5750 cxcv,
712 5666 775 5732 Ξ.
