3932 6128
385 279 497 358 135
1684 278 1964 358 MENSIS
2005 292 2450 360 NOVEMBER.
3637 269 3755 355 1'36

381 439 502 494 toto
536 429 802 511 pondere
841 429 1110 512 corporis
1133 429 1401 504 divulsis,
1433 431 1626 494 adhuc
1657 449 1862 492 eorum
1907 450 2007 511 pe-

2187 456 2206 495 ς
2255 434 2545 510 ἀναρτῆσαι
2581 435 2784 514 χειρὸς,
2819 434 2906 491 καὶ
2957 432 3067 507 όλῳ
3115 439 3193 504 τῷ
3245 422 3332 490 τοῦ
3382 429 3571 490 λοιπου
3631 433 3753 490 σώ-

377 521 552 582 dibus
595 540 836 600 gravem
897 520 1264 601 suspendere
1315 521 1597 602 lapidem,
1645 522 1716 581 ad
1779 540 2019 582 sensum

2187 545 2273 587 τος
2323 524 2470 600 βάρει
2524 523 2907 600 διασπωμένωι
2960 527 3154 598 αὐτῶν,
3191 523 3266 578 ἔτι
3315 523 3401 578 καὶ
3457 536 3574 584 τοῖς
3625 522 3754 580 ποσὶ

375 611 620 673 acrioris
641 611 885 674 doloris.
920 613 1113 691 Atque
1137 611 1246 671 hoc
1270 611 1511 690 quidem
1536 611 1613 670 ita
1640 629 1704 671 se
1737 610 2017 686 habebat,

379 711 440 761 et
461 700 534 762 ab
567 701 709 762 hora
732 701 904 762 tertia
923 718 1112 780 usque
1133 701 1203 760 ad
1230 709 1492 760 octavam
1520 700 1633 760 tale
1652 707 2014 761 tormentum

377 790 511 851 forti
534 791 732 852 animo
754 789 1106 863 tolerabant,
1132 808 1248 850 non
1281 806 1476 849 vocem
1509 789 1872 861 emittentes,
1902 809 2017 850 non

377 881 683 958 gemitum,
737 899 854 941 non
899 878 1121 958 aliquid
1173 878 1332 938 aliud
1394 879 1800 952 ostendentes,
1859 880 2018 956 quod

379 980 535 1031 esset
572 969 768 1049 pusilli
799 978 859 1030 et
888 968 1100 1048 abjecti
1135 967 1342 1029 animi.
1380 967 1648 1029 Dixisses
1678 987 1782 1030 eos
1814 970 1930 1049 pati
1962 969 2018 1030 in

377 1057 572 1120 alieno
603 1077 878 1138 corpore,
911 1067 1011 1119 aut
1041 1057 1175 1118 aliis
1212 1057 1596 1138 patientibus,
1634 1058 1794 1138 ipsos
1825 1059 2020 1120 solum

2102 609 2243 669 λίθου
2299 614 2432 689 βαρύ
2466 636 2508 669 τι
2557 619 2916 691 προσχρτῆσαι
2963 619 3155 692 χρῆμα
3205 615 3278 675 εἰς
3310 610 3494 678 ὀδύνης
3541 612 3750 678 αἴσθη-

2101 723 2183 756 σιν
2233 700 2563 781 δριμυτέρας,
2624 709 2786 759 Τοῦτο
2837 706 2933 776 μὲν
2982 703 3046 768 δὴ
3078 701 3242 763 οὕτως
3299 703 3450 778 εἶχε,
3485 701 3577 758 καί·
3637 701 3752 757 ἀπὸ

2102 794 2280 870 τρίτης
2339 792 2479 870 ὥρας
2527 792 2721 871 μέχρις
2773 791 2965 869 ὄγόὀης
3017 798 3086 867 τῇ
3138 789 3308 862 τοιᾷδε
3360 791 3570 866 βασάνῳ
3616 813 3758 869 καρ-

2103 892 2370 957 τεροῦντες
2423 884 2585 954 ἦσαν,
2643 885 2702 940 οὗ
2758 882 2940 960 φωνὴν
2991 881 3253 960 ἀφιέντες,
3315 884 3372 938 οὗ
3429 883 3755 960 στεναγμὸν,

2104 972 2198 1028 οὒκ
2245 968 2376 1028 ἄλλο
2407 993 2456 1026 τι
2504 979 2610 1027 τῶν
2660 970 2897 1048 ἀγεννῶν
2950 969 3326 1033 ἐπιδεικνύντες
3373 968 3539 1028 οὐδέν·
3599 971 3760 1035 εἶπες

2105 1061 2168 1118 ἂν
2210 1063 2394 1125 αὐτοὺς
2449 1062 2501 1116 ἐν
2553 1061 2814 1140 ἀλλοτρίῳ
2873 1061 3105 1140 πάσχειν
3155 1065 3230 1132 τῷ
3279 1082 3510 1135 σωματι,
3558 1060 3593 1129 ἢ
3645 1060 3765 1116 ἐτέ-

379 1165 511 1209 esse
539 1156 903 1228 spectatores
931 1163 1137 1208 eorum
1169 1166 1300 1228 qum
1346 1146 1586 1208 ﬁebant.

2187 1176 2209 1208 ν
2260 1154 2581 1234 πασχόντων
2635 1153 2824 1217 αὖτοὺς
2875 1154 3065 1217 θεατὰς
3113 1155 3273 1226 μόνον
3329 1154 3606 1209 εἶνᾶιτῶν
3665 1176 3760 1231 γι-

2106 1245 2364 1318 νομένων,

459 1324 583 1388 VII.
610 1323 854 1387 Interim
874 1332 1097 1403 autem,
1125 1325 1266 1386 dum
1303 1325 1339 1385 ii
1366 1325 1694 1404 penderent
1726 1324 2021 1409 manibus,

2190 1333 2265 1392 Z'.
2331 1331 2421 1391 Ἐν
2453 1332 2560 1406 ὅσῳ
2603 1332 2658 1388 δὲ
2690 1340 2794 1390 τῶν
2848 1339 3046 1412 χειρῶν
3097 1333 3398 1408 τὶν-ἤρτηντο
3429 1333 3592 1414 οὗτοι,
3623 1335 3761 1405 πρὸς

376 1424 697 1494 occupatus
745 1424 873 1475 erat
903 1432 1120 1493 praeses
1151 1414 1210 1474 in
1264 1415 1394 1475 aliis
1423 1415 1762 1476 audiendis.
1800 1414 2023 1477 Deinde

2187 1423 2289 1499 ἱρας
2347 1425 2374 1478 ὁ
2425 1423 2646 1498 ἡγεμὼν
2695 1422 2973 1499 ἀκροάσεις
3017 1422 3319 1501 ἠσχόλητο.
3357 1423 3490 1480 Εἶτα
3546 1421 3764 1502 σχολὴν

375 1524 510 1567 cum
563 1503 636 1564 ab
687 1503 776 1565 eis
824 1504 1173 1583 quievisset,
1203 1503 1378 1582 jubet
1423 1505 2023 1566 commentarieusem

2187 1514 2213 1567 ὸ
2269 1515 2467 1569 τούτων
2513 1511 2629 1576 δοὺς
2687 1514 2865 1585 ἐαυτῷ
2920 1514 3233 1590 προστάττει
3291 1519 3367 1586 τῷ
3425 1535 3764 1590 κομενταρη-

374 1594 751 1672 interrogare
782 1601 1041 1666 sanctos,
1073 1612 1147 1652 an
1177 1593 1369 1671 jussui
1404 1594 1780 1672 imperatoris
1810 1595 2023 1655 vellent

2187 1626 2205 1672 ρ
2275 1602 2620 1658 πυνθάνεσθαι
2687 1609 2793 1657 τῶν
2853 1603 3014 1677 άγῖων
3088 1605 3130 1656 εἱ
3201 1606 3278 1673 τῷ
3334 1605 3426 1657 τοῦ
3493 1601 3762 1678 βασιλέως

378 1701 609 1765 parcre,
646 1692 707 1744 ut
755 1682 1150 1744 liberarentur
1181 1702 1213 1742 a
1260 1691 1592 1746 tormento:
1645 1692 1702 1744 et
1749 1702 1879 1744 cum
1927 1685 2023 1744 ille

2187 1692 2476 1768 προτάγματι
2536 1690 2793 1763 εἴκουσιν,
2827 1691 2965 1745 ὥστε
3010 1689 3256 1755 ἀνεθῆναι
3311 1693 3398 1746 καὶ
3438 1696 3534 1758 τῆς
3584 1691 3761 1768 βασά-

374 1773 613 1855 quidem
637 1772 1052 1850 interrogaret,
1089 1771 1149 1832 hi
1175 1791 1312 1834 vero
1339 1793 1453 1834 non
1482 1781 1744 1853 possent,
1771 1781 1874 1834 aut
1906 1791 2023 1834 non

2187 1804 2219 1839 ι.
2286 1786 2381 1838 Καὶ
2411 1789 2502 1837 τοῖο
2560 1781 2656 1856 μὲν
2710 1778 3207 1852 διαπυνθανομένου,
3241 1786 3346 1836 τῶν
3377 1779 3428 1836 δὲ
3485 1783 3562 1856 μὴ
3611 1782 3763 1839 ἀπο-

374 1863 603 1925 vellent
631 1862 1018 1942 respondere,
1050 1861 1222 1940 jubet
1257 1881 1360 1924 eos
1392 1863 1617 1924 includi
1647 1863 1706 1924 in
1738 1861 2023 1925 interiore

2187 1872 2373 1927 ἷνασθαι
2444 1869 2770 1945 δυναμένων,
2831 1869 2865 1936 ἢ
2924 1867 3058 1942 μηδὲ
3128 1867 3463 1943 βουλομένων
3532 1893 3762 1929 κατενεο

373 1952 731 2026 custodia,in
757 1951 887 2013 lacu
921 1953 1240 2012 tenebroso
1267 1961 1323 2012 et
1355 1952 1598 2014 nomine
1629 1960 1688 2013 et
1715 1955 1936 2031 reipsa,
1968 1961 2023 2013 et

2187 1960 2330 2026 έντας
2410 1966 2474 2035 τῇ
2545 1958 2789 2036 ἐνδοτέρᾳ
2861 1963 3072 2036 φυλακῇ
3145 1959 3589 2026 κατακλεισθῆναι
3661 1984 3762 2018 κε·-

375 2041 558 2122 pedes
577 2061 762 2122 usque
794 2043 863 2102 ad
885 2041 1043 2102 diem
1080 2051 1430 2122 sequentem
1447 2043 1651 2104 aﬂixos
1677 2061 1809 2104 esse
1836 2042 2017 2120 ligno.

371 2131 482 2194 Die
511 2140 705 2194 autem
733 2132 856 2211 jam
888 2141 1235 2212 apparente,
1262 2149 1296 2192 a
1329 2132 1470 2211 ligni
1495 2133 1733 2212 quidem
1766 2131 2020 2193 vinculis

375 2222 558 2301 pedes
602 2231 737 2282 sunt
785 2220 1074 2282 relaxati:
1127 2221 1385 2282 carceris
1423 2231 1617 2283 autem
1669 2220 1867 2283 aditus
1915 2221 2021 2283 fuit

374 2311 743 2386 obstructus,
780 2320 840 2371 ut
891 2328 999 2372 nec
1033 2310 1243 2371 solaris
1293 2309 1533 2390 quidem
1579 2311 1780 2372 radius
1831 2329 2032 2390 posset

375 2402 628 2476 subire;
677 2400 934 2462 edictum
983 2410 1176 2462 autem
1207 2399 1318 2461 fuit
1346 2400 1718 2475 cusmdibus,
1755 2419 1872 2462 non
1907 2402 2027 2461 fru.

360 2505 526 2556 stum
556 2491 746 2571 panis,
774 2509 885 2552 nec
907 2509 1144 2570 parvam
1178 2490 1417 2570 quidem
1451 2499 1670 2567 guttam
1706 2508 1870 2569 aquae
1907 2498 2024 2550 tres

363 2591 525 2644 totos
547 2581 678 2641 dies
701 2581 789 2641 eis
815 2578 1508 2660 praebereQuamolirem
1525 2579 1598 2639 de
1622 2587 1834 2638 caetero
1862 2589 2022 2639 tene-

364 2672 582 2734 brosus
632 2688 840 2731 carcer
869 2678 930 2730 et
977 2671 1152 2747 longa
1184 2667 1384 2727 inedia
1437 2675 1563 2728 erat
1603 2667 2020 2729 condemnatio

371 2758 749 2840 martyribus.
778 2760 924 2820 Cum
949 2767 1142 2818 autem
1173 2756 1412 2817 adesset
1448 2755 1658 2818 tertius
1688 2757 1838 2835 dies,
1864 2756 2020 2817 circa

374 2848 730 2930 principium
780 2847 1000 2908 mensis
1047 2847 1320 2924 Augusti,
1353 2859 1594 2926 apertus
1623 2845 1862 2922 quidem
1911 2846 2017 2905 fuit

369 2939 566 3000 aditus
597 2938 890 3012 carceris;
918 2937 999 2998 illi
1026 2945 1223 2996 autem
1248 2935 1307 2995 in
1335 2953 1405 2996 eo
1431 2936 1647 2996 retenti
1669 2944 1806 2996 sunt
1829 2953 2016 3015 usque
2042 2937 2076 2988 ’ἶ

367 3027 440 3090 ad
491 3026 786 3088 decimum
821 3024 1196 3088 Novembris.
1233 3024 1461 3088 Deinde
1495 3025 1680 3104 judex
1711 3044 1813 3086 eos
1853 3043 2021 3095 curat

371 3116 672 3178 sistendos
699 3134 803 3194 pro
823 3135 930 3176 suo
965 3115 1266 3190 tribunali,
1289 3124 1346 3175 et
1377 3116 1498 3176 Nec
1523 3125 1769 3190 tantum,
1800 3115 2015 3194 inquit,

368 3214 609 3286 tempus
640 3204 806 3264 vobis
838 3204 1109 3284 praebuit,
1151 3213 1216 3264 ut
1250 3205 1455 3266 mutati
1488 3204 1723 3282 aliquod
1767 3204 2022 3267 salutare

365 3297 657 3375 caperetis
693 3294 1053 3356 consilium?
1083 3293 1173 3355 Illi
1205 3303 1402 3356 autem
1435 3294 1818 3373 respondent:
1852 3295 2021 3368 Quod

368 3385 543 3450 nobis
587 3383 843 3464 videtur,
893 3382 996 3444 tibi
1041 3384 1163 3462 jam
1218 3383 1434 3462 saepius
1485 3382 1907 3458 ostendimus;
1957 3395 2021 3444 tu

366 3485 563 3539 autem
612 3475 702 3536 fac
735 3491 804 3535 ea
833 3491 967 3550 quae
998 3473 1102 3534 tibi
1155 3472 1394 3534 fuerunt
1427 3472 1735 3552 imperata.
1791 3475 2025 3536 Praeses

365 3576 561 3628 autem
599 3565 792 3625 statim
817 3563 993 3643 jubet
1017 3561 1336 3624 Samonam
1372 3561 1559 3622 altero
1593 3561 1744 3641 pede
1776 3561 1834 3622 in
1869 3582 2024 3639 genu

360 3656 663 3730 inclinari,
695 3662 755 3716 et
788 3655 1046 3715 ferreum
1109 3654 1404 3714 vinculum
1443 3652 1606 3730 iujici
1653 3652 1783 3730 ejus
1817 3655 2019 3731 genui.

363 3747 531 3818 Quod
587 3764 719 3807 cum
756 3744 972 3806 factum
1029 3753 1206 3818 esset,
1241 3761 1374 3806 cum
1436 3742 1679 3822 quidem
1712 3744 2023 3822 suspendit

364 3837 759 3917 praecipitem,
793 3855 826 3896 a
877 3836 1049 3915 pede,
1085 3853 1262 3914 quem
1321 3833 1731 3905 inclinaverat,
1766 3835 2019 3894 alterum

367 3926 646 3988 deorsum
701 3925 944 3986 trahens
976 3926 1240 4004 pondere
1272 3923 1437 3998 ferri,
1469 3923 1623 4002 quod
1680 3922 1871 3982 verbis
1901 3941 2020 3984 non

368 4023 563 4096 potest
591 4014 876 4095 explicari
910 4034 922 4076 :
963 4022 1022 4075 et
1071 4015 1156 4074 sic
1188 4014 1468 4074 athletam
1520 4011 1772 4071 moliens
1803 4011 2022 4072 discer-

366 4123 530 4188 pere.
571 4104 698 4178 Quo
722 4103 964 4184 quidem
1003 4111 1270 4183 tempore
1294 4121 1425 4164 cum
1461 4119 1621 4163 coxa:
1649 4099 2018 4162 acetabulum

369 4214 478 4276 per
507 4194 621 4256 vim
653 4195 857 4256 sedem
891 4212 1054 4255 suam
1097 4193 1460 4274 reliquisset,
1497 4192 1775 4252 effectum
1810 4199 1918 4265 est,
1960 4199 2024 4252 ut

2109 2048 2242 2122 λεύι,
2291 2055 2546 2123 σκοτεινῷ
2602 2047 2784 2120 λάκκῳ
2840 2049 2928 2104 καὶ
2978 2047 3076 2113 τὴν
3130 2048 3431 2121 ἒπωνυμίαν
3481 2047 3612 2126 οὔσῃ
3673 2057 3765 2112 καὶ

2103 2140 2202 2206 τὴν
2261 2139 2552 2216 ἐνέργειαν,
2605 2139 2692 2192 καὶ
2749 2139 2869 2201 τοὺς
2929 2135 3094 2199 πόδας
3153 2135 3251 2202 ἕως
3306 2142 3402 2204 τῆς
3446 2137 3766 2216 ἐπιγινομέ-

2105 2251 2200 2296 νης
2259 2226 2698 2308 διασφαλισθῆναι
2759 2233 2836 2300 τῷ
2887 2224 3043 2300 ξύλῳ.
3109 2227 3218 2291 Τῆς
3275 2223 3327 2281 δὲ
3385 2227 3588 2307 ἡμέρας
3645 2229 3764 2308 ἄρτι

2113 2317 2509 2398 διαφαινούσης,
2582 2323 2689 2374 τῶν
2759 2317 2864 2373 ἀπὸ
2936 2339 2995 2372 το
3066 2314 3216 2381 ξύλου
3286 2322 3381 2390 μέν
3427 2316 3634 2395 δεσμῶν
3717 2322 3766 2377 οἱ

2111 2407 2267 2472 πόδες
2299 2408 2537 2482 ἀνεῖντο,
2572 2413 2638 2483 τῇ
2667 2406 2720 2462 δὲ
2776 2407 2870 2473 τῆς
2902 2408 3111 2483 εἱρκτῆς
3143 2404 3327 2480 εἰσόδῳ
3369 2411 3606 2486 φραγμὸς
3637 2409 3766 2466 ἑπι-

2107 2497 2357 2568 τέθειτο,
2429 2499 2502 2559 ὡς
2574 2494 2710 2570 μηδὲ
2795 2496 2988 2552 ἀκτῖνα
3061 2494 3293 2561 ἡλιακὴν
3371 2497 3763 2561 ὑπεισδύεσθαι.

2108 2585 2456 2664 Παρήγγελτο
2516 2584 2572 2640 δὲ
2619 2586 2704 2641 καὶ
2750 2600 2866 2651 τοῖς
2911 2584 3094 2663 φύλαξι
3153 2583 3285 2660 μηδὲ
3321 2582 3478 2664 ἄρτου
3534 2610 3583 2643 τι
3635 2588 3765 2667 τρύ-

2106 2698 2226 2754 aeq,
2265 2676 2343 2750 μὴ
2395 2675 2626 2754 σταγόνα
2659 2678 2850 2754 μικρὰν
2893 2673 3080 2739 ὕδατος
3125 2675 3214 2730 ἐπι
3252 2688 3398 2752 τρεῖς
3436 2675 3560 2741 ὅλας
3614 2677 3765 2749 ἡμέ-

2104 2786 2197 2842 ρας
2246 2767 2430 2829 αὐτοῖς
2473 2761 2764 2844 ἐπιδοῦναι,
2797 2765 2935 2821 ὥστε
2983 2766 3042 2820 τὸ
3074 2764 3180 2820 ἀπὸ
3242 2763 3394 2820 τοῦδε
3440 2767 3620 2845 εἱρκτὴ
3676 2774 3763 2836 ζο.

2102 2851 2283 2932 φώδης
2333 2856 2422 2910 καὶ
2453 2854 2636 2910 ἀσιτία
2695 2856 2873 2932 μακρὰ
2932 2856 2961 2916 ἡ
3023 2853 3278 2920 καταδίκη
3310 2867 3426 2917 τοῖς
3477 2856 3760 2934 μάρτυσιν.

2101 2942 2252 3000 Ἐπεὶ
2305 2942 2358 2998 δὲ
2415 2946 2449 3011 ἡ
2508 2945 2661 3021 τρίτη
2722 2949 2920 3022 παρῆν,
2971 2945 3092 3021 περὶ
3142 2965 3243 3001 που
3299 2945 3393 3006 τὰς
3451 2955 3543 3003 τοῦ
3589 2948 3763 3020 μηνὸς

2104 3033 2405 3109 Αὐγούστου
2439 3035 2608 3112 ἀρχὰς
2663 3035 2696 3100 ἡ
2730 3033 2826 3107 μὲν
2859 3038 2958 3098 τῆς
3021 3031 3258 3111 φυλακῆς
3291 3032 3496 3096 εἴσοδος
3553 3033 3763 3102 διηνοί-

2104 3143 2252 3197 γετο,
2286 3124 2332 3179 οἱ
2384 3121 2438 3177 δὲ
2496 3123 2720 3200 εἴχοντο
2753 3122 2806 3177 ἐν
2859 3122 2989 3198 οὖτῇ
3041 3120 3140 3184 ἕως
3191 3121 3417 3189 δεκάτης
3449 3129 3540 3178 τοῦ
3588 3133 3767 3200 Neap.-

2105 3209 2273 3289 ϐρίου,
2331 3212 2467 3268 Εἶτα
2519 3219 2595 3285 τῷ
2644 3212 2832 3268 ἑαυτου
2875 3212 3076 3287 βήματι
3132 3219 3421 3290 παρίστησε
3478 3213 3692 3278 τούτους
3734 3218 3763 3272 ὁ

2106 3300 2382 3371 δικαστής·
2445 3303 2554 3375 καὶ,
2591 3299 2717 3359 Οὐδὲ
2777 3303 2804 3356 ὁ
2854 3309 3129 3381 τοσοῦτος,
3179 3303 3330 3380 φησὶ,
3381 3304 3570 3381 χρόνος
3626 3325 3766 3382 παρ-

2107 3391 2267 3470 έσχεν
2326 3393 2456 3467 ὑμῖν
2520 3388 3035 3466 μεταϐουλεύσασθαί
3084 3414 3132 3447 τι
3184 3393 3507 3470 σωτήριονς
3556 3394 3614 3450 Οἱ
3679 3391 3761 3468 δὲ,

2109 3483 2180 3538 Τὸ
2227 3481 2323 3556 μὲν
2383 3479 2566 3538 δοκοῦν
2620 3482 2782 3556 ἡμῖν,
2822 3479 3140 3558 εἶπον,ἣδη
3198 3479 3457 3545 πολλάκις
3487 3503 3569 3538 σοι
3625 3503 3764 3560 παρ-

2110 3573 2430 3647 εστήσαμεν⁹
2469 3573 2530 3627 σὺ
2586 3569 2641 3627 δέ
2691 3572 2756 3628 τὰ
2813 3571 3252 3650 προστεταγμένα
3311 3593 3394 3628 σοι
3438 3575 3600 3633 ποιει,
3665 3565 3764 3630 Καὶ

2111 3663 2140 3718 ὅ
2194 3663 2409 3739 ἡγεμὼν
2439 3661 2638 3738 θατέρῳ
2690 3673 2809 3718 τοτν
2863 3659 3051 3719 ποδοῖν
3106 3662 3249 3722 εὐθὺς
3301 3661 3438 3716 κατὰ
3482 3661 3606 3738 γόνυ
3664 3664 3760 3717 τὸν

2108 3757 2368 3824 Σαμωνᾶν
2426 3751 2667 3818 κλιθῆναι
2731 3752 3076 3830 προστάττει,
3133 3751 3218 3805 καὶ
3269 3747 3511 3828 σιδηροῦν
3565 3747 3761 3826 δεσμὸν

2106 3838 2433 3916 ἐμϐληθῆναι
2487 3844 2563 3912 τῷ
2622 3841 2831 3918 γόνατιο
2893 3848 2952 3898 οὐ
2995 3839 3050 3894 δὲ
3101 3840 3380 3918 γεγονότος
3428 3848 3610 3896 τοῦτον
3661 3841 3761 3915 μὲν

2107 3932 2244 3986 κατὰ
2303 3929 2541 4005 κεφαλῆς
2599 3933 2692 3986 τοῦ
2745 3929 3058 4005 κεκλιμένου
3114 3926 3274 3991 ποδὸς
3335 3929 3554 4006 ἀναρτᾷ,
3603 3929 3760 4009 ἄχθει

2105 4026 2195 4076 τὸν
2266 4020 2444 4099 ἕτερον
2503 4021 2774 4095 ἀμυθήτου
2845 4019 3058 4098 σιδήρου
3128 4017 3424 4094 καθέλκων,
3487 4021 3574 4076 καὶ
3643 4019 3759 4075 δια-

2105 4110 2363 4188 σπαράξαι
2416 4111 2581 4186 ταύτῃ
2633 4112 2724 4166 τὸν
2782 4110 3016 4179 ἀθλητὴν
3066 4109 3458 4190 μηχανώμεος⁶
3517 4108 3602 4166 ὅτε
3661 4111 3752 4166 καὶ

2104 4205 2201 4266 τῆς
2251 4201 2478 4266 κοτύνης
2534 4207 2602 4276 τῇ
2647 4201 2735 4276 βίᾳ
2779 4201 2971 4268 ἑαυτῆς
3021 4197 3174 4278 ’ἕδραν
3217 4199 3579 4266 ἀπολιπούσης
3634 4221 3753 4278 χοι.»-

370 4288 670 4350 Damonas
700 4283 1104 4346 claudicaret:
1137 4281 1376 4346 Guriam
1408 4293 1631 4354 autem,
1665 4280 1820 4360 quod
1865 4289 2021 4342 esset

2187 4294 2294 4364 isw,
2325 4287 2462 4345 οὕτω
2511 4295 2587 4363 τῷ
2636 4295 2850 4365 Σαμονᾷ
2897 4289 3223 4368 περιίστατο.
3281 4290 3383 4346 Τὸν
3433 4287 3488 4344 δὲ
3532 4289 3751 4368 Γουρεαν

371 4375 714 4437 imbecillus
737 4382 795 4436 et
815 4372 1189 4454 subpallidus
1242 4370 1470 4432 sinebat
1495 4370 1874 4450 impunitum,
1903 4388 2021 4431 non

371 4465 529 4546 quod
564 4483 700 4527 eum
733 4462 1008 4539 benignis
1053 4461 1382 4540 aspexisset
1435 4460 1644 4540 oculis,
1694 4478 1810 4520 non
1863 4461 2021 4541 quod

371 4563 534 4617 esset
585 4554 863 4614 misertus
914 4553 1042 4633 ejus
1092 4551 1574 4623 imbecillitatis;
1627 4552 1732 4612 sed
1777 4558 1844 4614 ut
1894 4552 2020 4630 qui,

371 4643 529 4726 quod
561 4661 698 4706 eum
730 4642 941 4722 punire
972 4650 1236 4721 cuperet,
1273 4641 1468 4721 potius
1499 4640 1886 4721 pepercisset.
1940 4640 2025 4704 Ne

369 4743 548 4812 forte,
578 4732 797 4809 aiebat,
833 4730 1008 4794 nobis
1038 4731 1520 4812 imprudentibus
1565 4739 2027 4794 consumeretur

367 4834 508 4890 ante
540 4824 844 4888 cruciatus
879 4823 983 4904 (2).

456 4915 610 4981 VIII.
666 4913 738 4977 Et
764 4917 885 4994 jam
918 4921 1087 4977 erant
1118 4913 1358 4994 quidem
1411 4913 1544 4976 duae
1573 4914 1735 4976 horae
1777 4913 1921 4990 diei,
1956 4932 2026 4976 ex

371 5025 488 5090 quo
521 5023 846 5088 suspensus
878 5013 1004 5066 erat
1033 5007 1366 5080 Samonas;
1411 5004 1562 5066 hora
1589 5012 1789 5066 autem
1821 5009 2027 5084 quinta

364 5097 488 5178 jam
521 5096 751 5172 aderat,
777 5104 837 5158 et
866 5094 917 5157 is
935 5095 1133 5157 adhuc
1167 5093 1465 5175 pendebat
1492 5093 1750 5159 sublime
1778 5114 1791 5156 :
1829 5102 1888 5155 et
1919 5093 2021 5175 qui

374 5183 895 5247 circumsistebant
909 5185 1154 5265 milites,
1171 5182 1566 5247 movebantur
1582 5183 2016 5260 misericordia,

373 5281 433 5337 et
443 5273 832 5336 hortabantur
849 5280 914 5335 ut
934 5273 1312 5353 imperatoris
1333 5282 1572 5354 pareret
1589 5273 1866 5354 imperio.
1902 5273 2021 5337 Sed

372 5370 752 5446 peccatorum
771 5362 1179 5424 misericrodia
1198 5373 1376 5444 caput
1412 5366 1601 5426 sancti
1625 5383 1746 5426 non
1767 5365 2018 5446 pingue-

455 5480 545 5560 (2)
569 5478 891 5542 Tormento
917 5479 1192 5542 occidere
1234 5482 1576 5561 quempiam
1621 5483 1752 5560 lege
1782 5484 2020 5548 vetitum

373 5561 566 5646 fuisse
594 5569 685 5622 est
712 5561 754 5625 l.
780 5565 902 5646 A_ut
929 5562 1254 5646 damnum,
1279 5565 1307 5646 ε
1335 5562 1458 5646 Nec
1481 5580 1582 5646 ea,
1605 5564 1651 5624 if
1674 5564 1760 5627 De
1791 5567 2017 5646 poenis:

372 5641 517 5711 hinc
550 5657 772 5728 priores
803 5641 1068 5718 Guriam,
1101 5659 1235 5705 cum
1281 5641 1693 5709 imbecilli‘oris
1722 5641 1878 5710 esset
1921 5665 2023 5711 na-

2105 4377 2189 4435 δια
2248 4383 2308 4435 τὸ
2369 4379 2642 4437 ἀσθενικὸν
2714 4384 2853 4436 εἶναι
2927 4381 3014 4436 καὶ
3083 4377 3362 4459 ὕπωχρον,
3414 4377 3753 4458 ἀτιμώρητον

2106 4469 2218 4548 εἴα,
2252 4469 2346 4526 οὐκ
2399 4471 2613 4546 εὖμενὲς
2660 4468 3025 4547 προσϐλέψας,
3061 4473 3157 4528 οὒκ
3216 4469 3406 4526 οἶκτον
3433 4473 3532 4535 τῆς
3587 4469 3750 4525 ἀσθε-

2105 4560 2245 4624 νείας
2303 4557 2502 4634 λαϐὼν,
2566 4559 2702 4618 ἀλλὰ
2754 4561 3008 4638 τιμωρίας
3083 4557 3288 4634 μᾶλλον
3347 4558 3592 4635 ἐπιθυμίᾴ
3650 4559 3753 4624 τὴν

2108 4648 2268 4731 φειδὼ
2309 4650 2692 4725 ποιησάμενος·
2753 4651 2830 4726 μὴ
2884 4649 3019 4726 λάθῃ
3079 4650 3201 4730 γὰρ,
3263 4649 3414 4727 φησὶ,
3447 4647 3753 4729 προαναλω-

2107 4742 2212 4806 θεὶς
2240 4745 2346 4798 τῶν
2372 4738 2661 4800 κολάσεων.

2187 4919 2286 4980 Η’.
2343 4903 2479 4994 ”Ωρα
2535 4919 2633 4995 μὲν
2690 4917 2755 4988 δὴ
2813 4924 2912 4988 τῆς
2968 4920 3173 5000 ἡμέρας
3221 4919 3576 4998 ἇναρτωμένῳ
3631 4918 3755 4980 δευ-

2104 5009 2228 5087 τέρα
2277 5013 2354 5084 eq.
2405 5016 2659 5086 Σαμωνᾷ·
2719 5008 2944 5085 πέμπτη
2991 5008 3046 5066 δὲ
3100 5009 3204 5077 ἤδη
3261 5015 3462 5091 παρῆν,
3507 5011 3596 5068 καί
3651 5031 3759 5085 με-

2103 5098 2300 5178 τέωρος
2362 5099 2513 5161 οὗτος
2572 5098 2662 5165 ἦν.
2723 5097 2791 5156 Οἵ
2863 5120 2922 5156 τε
2983 5099 3389 5178 περιεστηκότες
3437 5104 3756 5177 στρατιῶται

2105 5187 2399 5264 συμπαθείᾳ
2462 5187 2530 5244 τὰ
2600 5186 2890 5268 σπλάγχνα
2951 5185 3241 5246 ἐϐάλλοντο
3316 5188 3406 5246 καὶ
3475 5187 3752 5255 πεισθῆναι

2103 5283 2181 5352 τῷ
2250 5284 2342 5336 τοῦ
2412 5275 2674 5354 βασιλέως
2744 5278 3116 5357 προστάγματι
3178 5277 3535 5352 παρεκάλουν.
3602 5274 3754 5335 Ἀλλ’

2105 5371 2134 5424 ὁ
2187 5373 2294 5424 τῶν
2345 5366 2676 5446 ἁμαρτωλῶν
2735 5366 2884 5433 ἔλεος
2935 5369 3034 5436 τὴν
3084 5368 3323 5450 κεφαλὴν
3365 5371 3462 5426 οὐκ
3520 5366 3753 5425 ἰλίπαινε

2105 5491 2276 5566 iuras,
2322 5483 2694 5566 gravioribus
2742 5484 3053 5566 tormentis
3105 5483 3348 5566 aggredi
3405 5501 3587 5550 ausus
3634 5501 3754 5550 non

2102 5565 2238 5644 fuit,
2274 5583 2352 5628 ne
2381 5565 2445 5626 in
2489 5564 2800 5629 tormentis
2833 5565 3058 5630 eillaret
3087 5564 3369 5630 animam.
