3906 6136
162 255 261 323 137

1081 243 1553 323 MARTYRIUM
1598 255 1659 322 s.
1705 247 1968 320 GURI/E
2016 257 2108 318 ET
2151 247 2558 322 socronuM.

3405 251 3520 324 138

154 405 236 455 τοῦ
285 394 436 473 ἆγίου
470 414 484 428 ·
543 395 745 460 ὶκετνος
804 393 927 472 γὰρ,
987 395 1157 452 καίτοι
1213 401 1418 475 πικρῶς
1474 393 1919 472 πιεζόμενοςΑίε

1963 393 2007 456 it
2036 393 2088 455 8.
2146 390 2254 454 Ille
2283 391 2443 454 enim
2503 389 2614 454 etsi
2644 390 2862 454 acerbe
2896 398 3285 472 praemeretur
3334 411 3369 453 a
3399 402 3522 454 tor-

151 486 241 541 ὑπὸ
285 489 382 551 τῆς
430 483 683 559 βασάνου,
731 481 852 540 ἀλλ’
896 485 984 540 οὗν
1034 483 1222 548 αὺτούς
1282 485 1380 560 μὲν
1409 484 1525 543 οὐδὲ
1563 485 1786 564 ἀποκρί-

150 595 272 638 σεως
329 573 477 641 ἠξίου
531 575 696 655 τινὸς²
754 572 998 649 οἰμώζειν
1051 573 1174 654 ἐῶν³
1219 577 1304 632 καὶ
1335 575 1551 640 ἑαυτοὺς
1583 573 1787 650 μᾶλλον

147 662 336 743 ἐλέους,
370 664 466 719 οὒκ
516 663 724 720 ἐκεῖνον
777 664 1032 742 ἡγεῖσθαι
1092 662 1234 730 ἄξιον
1265 683 1283 700 ο
1346 666 1418 728 είς
1475 665 1694 743 οὐρανὸν
1731 664 1787 720 δὲ

145 754 199 810 16
263 750 410 828 ὄμμα
468 749 676 834 διάρας³
731 759 810 826 τῷ
866 756 982 828 Θεῷ
1038 752 1100 810 ὲκ
1153 753 1344 830 βάθους
1405 759 1504 821 τῆς
1572 752 1784 832 καρδίας

146 843 498 922 προσηύχετο,
559 845 652 898 καί
708 848 817 898 τῶν
875 841 927 908 ἐξ
999 842 1188 906 αἰῶνος
1262 844 1416 902 αὒτὸν
1490 843 1785 919 ἐμίμνησκε

144 933 456 1010 θαυμασίων,
528 932 680 1011 Κύριε
738 935 766 988 6
826 933 979 1006 Θεὸς⁹
1039 930 1238 1009 λέγων,
1285 932 1344 988 εὖ
1388 931 1601 1011 καρδίαν
1645 932 1785 990 πλα-

146 1023 283 1084 vim;
352 1021 434 1096 τῷ
511 1019 684 1077 Δαυ³ιδ
755 1019 810 1076 έν
877 1034 1000 1088 ταῖς
1040 1019 1302 1096 θλίψεσιν,
1349 1025 1377 1080 6
1420 1029 1498 1097 τῷ
1540 1021 1786 1103 προφήτῃ

151 1112 330 1179 Δανιὴλ
411 1110 557 1167 κατᾶ
645 1111 875 1166 λεόντων
955 1109 1464 1192 ἰσχὺνλςδεδωκὼς,
1505 1133 1512 1142 ·
1551 1114 1578 1168 6
1669 1113 1788 1170 τοὺς

149 1198 511 1280 Ἀὅραμιαίους
575 1197 776 1262 παῖδάς
838 1200 1084 1275 τυράννου
1145 1201 1364 1268 νικητὰς
1434 1201 1520 1256 καὶ
1593 1199 1788 1280 φλογὸς

151 1287 421 1363 ἀναδείξας,
500 1290 660 1354 αὐτὸς
731 1290 820 1346 καὶ
887 1297 997 1363 νῦν,
1069 1290 1246 1368 Κύριε,
1309 1291 1398 1346 τὸν
1462 1292 1578 1347 καθ’
1633 1292 1789 1364 ἡμῶν

149 1379 277 1435 ἔπιδε
332 1379 600 1457 πόλεμον,
665 1381 693 1435 6
741 1384 842 1447 τῆς
896 1379 1162 1458 ἡμετέρας
1222 1377 1370 1445 εἰδὼς
1431 1382 1634 1460 φύσεως
1690 1381 1792 1448 τὴν

152 1469 401 1526 ἀσθένειαν
436 1486 452 1501 ⁸
537 1475 787 1546 πειρᾶται
858 1470 957 1548 γὰρ
1030 1471 1057 1526 6
1127 1470 1319 1549 ἐχθρὸς
1389 1471 1449 1526 16
1521 1476 1618 1538 τῆς
1691 1476 1790 1538 σῆς

151 1559 354 1632 πλάσμα
425 1561 620 1638 χειρὸς
693 1556 848 1626 δόξης
925 1559 1222 1628 ἀποστῆσαι
1295 1559 1388 1627 τῆς
1459 1562 1600 1638 παρὰ
1684 1561 1788 1620 σοί.

152 1647 285 1704 Ἀλλ’
345 1649 530 1729 αὐτὸς,
577 1647 931 1727 φιλανθρώπῳ
986 1671 1079 1706 σο.)
1136 1647 1336 1724 ὄμματι
1388 1651 1603 1725 εὐμενὲς
1657 1651 1790 1724 ἡμῖν

1871 489 2092 562 mento,
2121 481 2281 561 ipsos
2302 499 2377 543 ne
2403 480 2520 543 ullo
2552 479 2791 562 quidem
2818 479 3177 560 dignabatur
3204 499 3517 562 responso,

1869 570 2074 632 sinens
2107 588 2212 632 eos
2243 570 2467 651 lugere,
2501 580 2566 632 et;
2595 588 2660 632 se
2688 574 2909 651 potius,
2934 587 3052 632 non
3083 569 3250 632 illum
3275 569 3520 648 dignum

1869 675 2118 721 censere
2149 657 2532 722 misecordia.
2563 659 2628 721 In
2660 659 2876 720 caelum
2901 669 3104 720 autem
3139 658 3354 720 tollens
3373 676 3520 719 ocu-

1869 749 1958 809 los
2007 748 2360 828 precabatur
2397 747 2586 810 Deum
2642 766 2712 810 ex
2761 747 3052 828 profundo
3102 746 3322 823 cordis,
3359 759 3419 808 et
3468 746 3525 809 ei

1869 835 2183 899 revocabat
2229 835 2290 897 in
2324 843 2672 900 memoriam
2721 837 3027 909 miracula,
3062 856 3196 918 quae
3225 855 3259 897 a
3305 835 3521 898 saeculo

1869 926 2019 990 facta
2049 934 2226 1007 sunt;
2293 927 2543 988 Domine
2577 925 2757 1001 Deus,
2792 925 3023 1000 dicens,
3054 927 3184 988 sine
3239 944 3358 1002 quo
3411 943 3524 988 nec

1872 1018 2247 1096 passerculus
2269 1015 2512 1096 quidem
2537 1015 2710 1078 cadet
2731 1015 2792 1076 in
2817 1016 3092 1096 laqueum
3113 1016 3166 1078 9:
3195 1015 3290 1095 qui
3315 1013 3525 1076 Uavidi

1874 1103 2130 1166 dilatasti
2178 1123 2280 1166 cor
2305 1106 2366 1167 in
2417 1104 2836 1166 afﬂictionibus
2868 1105 2975 1179 10;
3035 1105 3134 1186 qui
3188 1105 3517 1186 prophetae,

1871 1193 2100 1256 Danieli
2131 1194 2244 1255 vim
2297 1193 2513 1256 dedisti
2547 1195 2722 1256 etiam
2777 1202 2985 1256 contra
3039 1195 3244 1256 leones
3275 1193 3365 1254 H:
3420 1195 3524 1276 qui

1873 1303 2092 1364 pueros
2121 1283 2483 1346 Abramimos
2529 1292 2587 1345 et
2619 1283 2848 1364 tyranni
2898 1294 2955 1345 et
2986 1285 3239 1345 ﬂammae
3270 1284 3524 1346 victores

1875 1373 2126 1436 effecisti
2165 1374 2218 1424 ιε
2251 1391 2266 1448 ;
2314 1381 2376 1435 tu
2409 1392 2644 1454 quoque
2697 1393 2880 1448 nunc,
2913 1373 3187 1443 Domine,
3222 1373 3420 1453 aspice
3449 1372 3524 1434 ad

1877 1463 2123 1545 bellum,
2189 1464 2345 1544 quod
2399 1474 2605 1526 contra
2674 1483 2784 1525 nos
2841 1463 3090 1542 geritur,
3152 1465 3251 1542 qui
3308 1470 3526 1524 nostra)

1877 1562 2101 1616 naturae
2160 1554 2316 1614 nosti
2350 1553 2840 1615 imbecillitatem.
2891 1551 3154 1616 Conatur
3203 1551 3359 1612 enim
3403 1551 3524 1612 ini-

1877 1643 2067 1705 micus
2093 1645 2438 1724 ﬁgmentum
2476 1653 2586 1704 tuae
2616 1643 2872 1706 dexterae
2902 1651 3167 1704 avertere
3197 1639 3269 1702 ab
3293 1659 3362 1703 ea
3393 1658 3526 1718 quae

154 1736 451 1814 ίπιϐλέψας,
486 1735 749 1794 ἄσϐεστον
779 1739 880 1814 μὲν
911 1740 1002 1795 16v
1031 1737 1228 1816 λύχνον
1273 1745 1379 1794 τῶν
1424 1745 1530 1795 σῶν
1563 1739 1792 1795 ἐντολῶν
1817 1761 1852 1810 Β
1878 1753 1919 1796 e:

1959 1754 1967 1794 '.
2017 1736 2173 1817 apud
2209 1745 2268 1798 te
2297 1735 2504 1815 gloria.
2541 1735 2659 1798 Sed
2716 1742 2773 1795 tu
2806 1733 3082 1812 benignis
3131 1733 3242 1793 tuis
3273 1749 3382 1793 nos
3427 1730 3521 1791 in-

153 1828 197 1885 ίν
247 1830 377 1900 ἡμῖν
434 1825 792 1908 διατήρησον,
851 1831 927 1901 τῷ
981 1831 1058 1902 σῷ
1117 1825 1172 1882 δὲ
1240 1830 1373 1908 φωτὶ
1431 1828 1524 1891 τὰς
1582 1826 1786 1908 τρίϐους
1877 1835 1919 1886 lt

1959 1844 2050 1886 ens
2105 1825 2318 1904 oculis,
2374 1843 2666 1888 conserva
2719 1827 2782 1885 in
2842 1824 3038 1898 nobis,
3081 1841 3214 1899 quae
3269 1821 3526 1898 extingui

147 1921 281 1994 ἡμῶν
334 1918 682 1998 κατεύθυνον,
741 1919 828 1973 καὶ
870 1921 981 1986 τῆς
1039 1917 1093 1973 ἐν
1148 1918 1228 1973 σοί
1273 1916 1571 1974 ἀπολαυσαι
1602 1940 1784 1993 μακα-
1872 1935 1919 1976 ut

1959 1934 1990 1975 n
2053 1923 2243 1996 potest
2275 1915 2580 1977 lucernam
2643 1922 2882 1976 tuorum
2939 1912 3392 1975 mandatorum:
3430 1920 3530 1972 tua

144 2009 366 2083 ριότητος
425 2005 765 2072 καταξίιοσον
799 2027 811 2039 ·
889 2005 969 2063 ὅτι
1030 2005 1322 2084 εὐλογητὸς
1395 2011 1449 2062 εἴ
1518 2009 1592 2072 εἰς
1663 2009 1784 2070 τοὺς
1868 2023 1919 2066 al

1959 2013 2065 2066 lem
2101 2005 2232 2066 luce
2265 2004 2453 2084 dirige
2486 2012 2718 2066 uestras
2751 2003 3017 2082 semitas,
3044 2014 3105 2064 et
3137 2000 3385 2080 dignare
3415 2019 3526 2062 nos

145 2099 335 2162 αἰῶνας.
371 2097 592 2163 Ταύτην
624 2097 724 2171 μὲν
776 2096 861 2152 οὖν
919 2095 1123 2162 ἐκεῖνος
1177 2096 1256 2170 τῷ
1313 2095 1617 2174 ἀγωνοθέτη
1669 2099 1786 2172 Θεῷ
1869 2095 1919 2155 fr

1967 2094 1985 2154 i
2018 2113 2106 2168 ea,
2145 2113 2275 2176 quae
2329 2104 2421 2156 est
2453 2095 2514 2156 in
2575 2102 2653 2166 te,
2689 2091 3100 2154 beatitudine:
3153 2091 3432 2172 quoniam
3467 2108 3531 2152 es

145 2189 228 2254 τὴν
255 2187 603 2267 εὖχαριστίαν
660 2187 954 2262 ἀνέπεμπε,
1022 2192 1135 2244 Τῶν
1191 2185 1538 2266 ὑπο-γραφέων
1592 2185 1647 2243 δέ
1703 2209 1783 2253 τις
1868 2183 1919 2245 bi

1959 2184 2223 2246 netlictus
2244 2190 2301 2245 in
2323 2184 2542 2246 saecula
2564 2183 3139 2263 saeculorumAtque
3163 2180 3263 2242 ille
3285 2179 3529 2258 quidem

147 2279 400 2360 παρεστὼς
429 2275 762 2357 διεχάραττε
794 2277 858 2334 τὰ
889 2276 1174 2354 λεγόμενα,

222 2546 292 2609 ϐ’.
331 2549 428 2606 Καὶ
477 2549 508 2602 6
541 2546 768 2624 ἡγεμὼν
799 2545 1003 2602 ἁνετναι
1058 2551 1156 2614 τῆς
1186 2548 1444 2620 τιμωρίας
1503 2547 1662 2605 αὗτὸν
1717 2555 1792 2623 τῷ

154 2637 551 2715 κομενταρησίῳ
621 2634 882 2695 ἐκέλευεν.
962 2626 1019 2693 Ὀ
1090 2635 1143 2692 δὲ
1231 2637 1368 2694 οὕτω
1449 2640 1791 2719 πεποιηκὼς,

155 2731 227 2784 καὶ
288 2728 423 2802 μετὰ
495 2747 610 2782 των
684 2727 948 2782 συνόντων
1029 2723 1384 2792 διαϐαστάσας
1455 2727 1792 2807 ἀπειρηκότα

155 2816 239 2884 ἤδη
265 2831 381 2879 ταῖς
443 2812 767 2894 ἀλγηδόσιν,
829 2815 882 2871 ἐν
937 2817 1005 2891 τῇ
1061 2815 1290 2893 προτέρᾳ
1348 2816 1789 2897 φυλακῇξφὲρον-

156 2913 344 2980 τες,τῷ
370 2907 500 2980 ἱερῷ
557 2906 740 2983 Γουρίᾳ
793 2909 1151 2985 παρατιθεϊσι.
1217 2906 1325 2964 Καὶ
1381 2905 1445 2974 δὴ
1503 2929 1789 2964 πεντεκαι-

155 2994 354 3062 δεκάτην
411 2992 795 3059 ,ἱναόαίνοντος
854 3001 946 3052 τοῦ
1005 2993 1296 3074 Νοεμϐρίου
1368 2998 1553 3060 νυκτὸς
1628 2995 1788 3065 όῦσης

155 3089 252 3164 περὶ
279 3084 651 3160 ἀλεκτρυόνων
681 3083 846 3164 ᾠδὰς,
877 3084 1072 3151 ἀνέστη
1135 3088 1162 3142 6
1227 3087 1463 3164 ἡγεμώνο
1517 3086 1792 3163 λαμπάδες

153 3196 201 3229 τε
249 3177 329 3232 καὶ
386 3175 672 3252 δορυφόροι
732 3175 919 3231 τούτου
976 3175 1269 3252 προῄεσαν.
1332 3178 1429 3233 Καὶ
1486 3176 1584 3243 τὴν
1642 3177 1795 3253 βασι-

153 3262 288 3332 λικὴν
341 3263 654 3343 λεγομένην
716 3259 1032 3319 καταλαϐὼν
1093 3263 1316 3342 ὅποιπερ
1375 3265 1519 3338 αὖτῷ
1576 3267 1635 3322 16
1709 3263 1793 3321 δι-

1865 2273 2234 2352 agonothetae
2263 2273 2387 2336 Deo
2421 2274 2734 2335 emittebat
2776 2273 2934 2334 hanc
2983 2269 3302 2350 gratiarum
3348 2268 3530 2331 aetio-

1867 2381 2002 2426 nem
2039 2385 2051 2422 :
2105 2361 2343 2442 quidam
2405 2371 2604 2424 autem
2658 2361 2873 2442 scriba,
2908 2364 3006 2442 qui
3051 2359 3278 2434 aderat,
3313 2358 3530 2420 litteris

1879 2453 2176 2515 mandavit
2208 2473 2338 2534 qua:
2367 2452 2524 2515 dicta
2568 2461 2726 2514 sunt.

1959 2541 2057 2606 lX.
2102 2541 2288 2605 Jussit
2331 2554 2528 2604 autem
2563 2561 2785 2624 praeses
2814 2539 3337 2604 commentariensi
3392 2555 3528 2599 eum

1877 2633 2111 2696 solvere
2143 2651 2176 2693 a
2209 2632 2529 2713 supplicio.
2564 2631 2670 2694 Ille
2703 2651 2842 2693 vero
2873 2649 3008 2693 cum
3059 2630 3143 2690 sic
3173 2627 3436 2704 fecisset,
3469 2637 3532 2689 et

1881 2729 2172 2806 portasset
2221 2741 2353 2783 cum
2388 2721 2462 2782 iis
2492 2723 2592 2802 qui
2639 2721 2885 2784 aderant
2909 2720 3032 2799 jam
3066 2717 3374 2780 doloribus
3418 2716 3528 2778 de-

1874 2815 2093 2874 fessum
2133 2818 2190 2874 et
2221 2812 2587 2892 confectum,
2623 2811 2683 2872 in
2723 2812 2978 2890 priorem
3028 2809 3290 2870 ferentes
3321 2815 3528 2868 custo-

1875 2901 2546 2983 diam,deponuutjuxta
2570 2908 2836 2964 sanctum
2858 2899 3127 2964 Guriam.
3157 2898 3305 2960 Cum
3331 2906 3527 2959 autem

1877 2999 2036 3054 esset
2081 2991 2430 3053 Novembris
2461 2992 2726 3053 decimus
2770 2991 3032 3072 quintus,
3070 2995 3246 3050 noctu
3292 2986 3533 3049 circiter

1878 3081 2014 3159 galli
2047 3093 2283 3143 cantum
2317 3081 2572 3143 surrexit
2595 3081 2779 3160 judex
2809 3101 2822 3143 :
2859 3098 2994 3142 eum
3030 3096 3168 3141 vero
3223 3074 3529 3157 praecede-

1879 3171 2020 3234 bant
2068 3171 2371 3252 lampades
2405 3182 2464 3233 et
2492 3171 2778 3233 satellites
2813 3192 2826 3230 :
2864 3179 2919 3232 et
2952 3186 3086 3231 cum
3119 3166 3192 3229 ad
3224 3165 3528 3229 basilicam

1883 3267 2160 3341 venisset,
2194 3279 2325 3342 quae
2347 3259 2590 3335 dicitur,
2619 3259 2722 3321 ubi
2750 3257 3211 3338 et'atjutlicium,
3237 3275 3370 3316 cum
3400 3272 3529 3315 ma-

153 3356 416 3432 αλστήριον
491 3355 917 3430 συγκεκρότητο,
993 3352 1080 3410 ἐπὶ
1147 3361 1238 3410 τοῦ
1313 3354 1557 3430 βήματος
1627 3353 1914 3432 σοὸαοεε

1962 3372 1994 3412 ο
2028 3351 2179 3411 fastu
2227 3350 2393 3412 sedet
2428 3371 2532 3431 pro
2567 3349 2867 3425 tribunali,
2905 3358 2962 3410 et
2991 3346 3248 3410 accersit
3275 3344 3531 3407 athletas

156 3448 240 3518 ρῶς
295 3442 682 3522 προκαθέζεται
717 3459 733 3474 ’
797 3444 883 3498 καὶ
938 3443 1058 3506 τοὺς
1115 3443 1347 3511 ἀθλητὰς
1419 3450 1456 3499 Γ
1461 3444 1635 3524 ουρίαν
1705 3445 1794 3502 καὶ

158 3535 393 3607 Σιμωνᾶν
468 3529 914 3608 μεταστέλλεται.
995 3531 1098 3590 Καὶ
1173 3535 1200 3589 6
1269 3535 1368 3609 μὲν
1442 3532 1562 3600 ἥκει
1632 3534 1791 3610 μέσος

159 3617 280 3678 δυοῖν
309 3624 674 3698 πορευόμενος
705 3622 794 3677 καὶ
824 3634 946 3685 ταῖς
1002 3621 1250 3700 ἐκατέρου
1310 3624 1498 3702 χερσὶν
1550 3625 1794 3690 ὑποστη-

159 3712 403 3785 ριζάμενος
443 3729 459 3742 ⁸
501 3709 535 3776 ἥ
596 3731 651 3766 τε
706 3708 806 3788 γαρ
862 3709 1040 3767 ἀσιτία
1099 3710 1293 3786 ἐπίεζε,
1358 3713 1455 3769 καῖ
1512 3715 1573 3770 16
1623 3715 1793 3791 γῆρας

161 3795 370 3878 ἐϐάρυνε,
434 3803 613 3876 μόνης
669 3801 828 3855 αὐτὸν
884 3801 982 3866 τῆς
1041 3800 1244 3878 ἀγαθῆς
1305 3799 1514 3865 ἐλπίδος
1585 3801 1794 3876 ἀναψυ-

160 3889 365 3966 χοόσης.
431 3883 494 3947 Ὀ
560 3886 614 3944 δὲ
672 3889 887 3964 Γουρίας
957 3891 1045 3946 καὶ
1117 3888 1794 3969 αὖτὸςιδιαϐασταζόμενοι

162 3976 342 4056 ἄγεται,
376 3977 520 4055 μηδὲ
555 3975 781 4055 βαδίζειν
825 3977 963 4042 ὅλως
1015 3978 1326 4056 δυνάμενος,
1387 3980 1478 4037 ἅτε
1537 3979 1795 4060 χαλεπῶς

163 4067 283 4142 αὖτῷ
347 4075 442 4126 τοῦ
516 4067 683 4132 ποδός
743 4069 842 4125 ὑπὸ
889 4076 980 4124 τοῦ
1037 4066 1233 4145 δεσμοῦ
1302 4069 1622 4150 πληγέντος.
1664 4073 1798 4150 Πρὸς

157 4158 225 4221 οὒς
265 4160 291 4214 6
342 4164 443 4226 τῆς
511 4154 759 4222 ἀσεϐείας
815 4160 1179 4235 ὑπασπιστὴς,
1251 4158 1479 4235 Ἀδείας,
1534 4160 1661 4240 ἔφη,
1696 4160 1797 4216 λα-

158 4241 366 4324 ειῖμενοι,
431 4249 559 4327 περὶ
617 4247 708 4303 τοῦ
778 4245 1083 4314 λυσιτελοῦς
1154 4250 1284 4324 ὑμῖν
1356 4248 1796 4326 συνδιεσκέψασθε

159 4332 207 4388 ἰν
234 4353 249 4368 ⁸
305 4339 539 4418 φράσατε
599 4337 688 4394 οὖν
754 4336 805 4393 εἴ
861 4359 911 4393 τι
969 4338 1274 4418 καινότερον
1329 4341 1458 4415 ὑμῖν
1507 4338 1785 4414 ἔσκεπται,

159 4427 229 4482 καὶ
273 4429 314 4484 εἰ
369 4427 634 4504 μετάνοιά
689 4448 770 4490 τις
828 4426 1072 4494 εἰσῆλθεν
1133 4429 1270 4502 ὑμᾶς
1325 4428 1411 4486 ἐπὶ
1440 4443 1558 4494 τοῖς
1591 4429 1788 4508 προτέ-

161 4533 274 4589 ροις,
343 4519 430 4572 καὶ
502 4522 578 4592 τῇ
648 4525 742 4576 τοῦ
815 4517 1088 4573 θειοτάτου
1161 4517 1426 4593 βασιλέως
1512 4516 1790 4597 προστάξει

162 4605 363 4662 πείθεσθε
397 4621 413 4636 ⁸
474 4605 621 4664 οὕτω
676 4607 777 4684 γὰρ
840 4607 900 4662 ἂν
957 4611 1064 4662 τῶν
1120 4629 1177 4664 τε
1239 4608 1443 4664 οἰκείων
1500 4608 1794 4682 κτημάτων

1877 3441 2118 3506 Guriam
2153 3449 2210 3503 et
2241 3441 2582 3504 Samonatn.
2617 3439 2683 3501 Et
2715 3441 2811 3502 hic
2855 3439 3097 3518 quidem
3133 3439 3288 3498 venit
3317 3434 3530 3496 ambu-

1876 3532 2005 3594 lans
2036 3532 2095 3592 in
2122 3532 2315 3593 medio
2340 3531 2590 3592 duorum
2613 3538 2670 3591 et
2693 3530 2868 3591 fultus
2889 3528 3199 3608 utriusque
3223 3525 3524 3588 manibus.

1877 3623 2027 3685 Nam
2084 3630 2141 3681 et
2175 3621 2478 3701 premebat
2527 3619 2748 3695 inedia,
2786 3629 2844 3680 et
2893 3616 3178 3698 gravabat
3223 3621 3526 3692 senectus,

1879 3710 2032 3772 bona
2055 3728 2161 3790 Spe
2183 3709 2557 3770 solummodo
2577 3728 2712 3770 eum
2745 3707 3151 3784 refrigerante.
3177 3703 3388 3766 Gurias
3417 3721 3528 3763 au-

1879 3807 1998 3863 tem
2027 3799 2152 3879 ipse
2176 3816 2417 3876 quoque
2444 3808 2706 3878 portatus
2735 3796 3002 3867 ducitur,
3029 3803 3093 3856 ut
3115 3793 3215 3870 qui
3246 3811 3358 3852 nec
3389 3808 3529 3872 pos-

1880 3899 1970 3952 set
2021 3889 2263 3952 omnino
2303 3887 2558 3967 ingredi,
2592 3896 2800 3970 utpote
2857 3885 3016 3967 quod
3076 3901 3182 3965 pes
3213 3882 3265 3944 ei
3323 3881 3535 3943 fuisset

1879 3979 2132 4059 graviter
2159 3998 2191 4040 a
2216 3978 2452 4040 vinculo
2480 3978 2800 4041 sauciatus.
2822 3977 2910 4040 Ad
2945 3993 3092 4055 quos
3115 3971 3392 4036 defensor
3419 3971 3535 4031 im-

1881 4071 2117 4152 pietatis
2151 4088 2163 4131 :
2223 4072 2371 4131 Cum
2407 4069 2564 4143 data,
2600 4067 2813 4149 inquit,
2846 4066 3024 4128 fuerit
3053 4062 3529 4152 vobispotestas,

1880 4149 1954 4222 de
2007 4179 2076 4221 eo
2109 4161 2266 4240 quod
2311 4167 2398 4219 est
2431 4158 2594 4219 vobis
2642 4156 3041 4235 conducibile,
3073 4151 3251 4215 simul
3299 4149 3534 4212 delibe-

1877 4249 2076 4312 rastis.
2107 4247 2298 4310 Dicite
2321 4265 2483 4326 ergo,
2510 4265 2584 4308 an
2609 4247 2744 4309 novi
2768 4244 2994 4325 aliquid
3019 4243 3147 4304 sita
3175 4240 3343 4301 vobis
3379 4257 3528 4302 con-

1877 4338 2231 4412 sideratum,
2270 4349 2330 4400 et
2358 4357 2434 4400 an
2467 4338 2729 4418 priorum
2761 4354 2862 4398 vos
2883 4333 3079 4411 aliqua
3109 4329 3362 4392 subierit
3394 4347 3529 4418 pae-

1875 4428 2170 4491 nitentia:
2229 4436 2288 4488 et
2318 4417 2518 4508 parete
2545 4425 2739 4508 jussui
2793 4421 3171 4487 divinissimi.
3219 4419 3316 4480 Sic
3371 4417 3531 4508 enim

1877 4516 2092 4579 vestris
2125 4507 2338 4598 opibus
2371 4527 2430 4580 et
2485 4507 2988 4598 possessionibus,
3024 4510 3168 4593 quin
3211 4508 3389 4571 etiam
3423 4507 3534 4568 hac

1883 4607 2236 4670 suavissima
2289 4626 2532 4688 quoque
2563 4607 2696 4668 luce
2746 4602 3055 4666 fruemini.
3090 4599 3178 4666 Ad
3213 4600 3346 4688 haee
3385 4613 3538 4688 mar-

165 4693 276 4766 ὅμοῦ
302 4696 385 4752 καὶ
409 4695 742 4776 χρημάτων,
803 4693 944 4752 ἀλλὰ
1000 4701 1089 4753 καὶ
1143 4704 1236 4754 τοῦ
1288 4695 1614 4776 γλυκυτάτου
1650 4695 1857 4760 τοῠδει]
1883 4706 1919 4779 ι]

1959 4716 2085 4760 'es:
2141 4697 2358 4771 Nemo,
2393 4686 2692 4778 inquiunt,
2741 4695 2840 4776 qui
2888 4698 3062 4774 sapit,
3122 4686 3537 4779 magnifecerit

167 4784 314 4860 ρωτός
366 4785 735 4852 ἂπολαύσητε.
798 4786 935 4865 Πρὸς
965 4793 1129 4842 ταῦτα
1174 4787 1220 4842 οἱ
1263 4787 1541 4868 μάρτυρες,
1590 4785 1789 4863 Οὐδεὶς,

169 4872 326 4949 εἷπον,
397 4875 506 4932 τῶν
580 4875 967 4954 εὖφρονούντων
1033 4875 1337 4935 ἀσπάσαιτο
1405 4883 1510 4933 τῶν
1567 4877 1794 4956 ῥεόντων

170 4961 249 5027 τήν
301 4963 352 5021 ἰν
410 4964 582 5042 ὄλίγῳ
637 4965 977 5044 παραμονὴν.
1043 4956 1242 5030 ἰκανὸς
1301 4966 1400 5044 γὰρ
1457 4968 1595 5044 ἡμῖν
1651 4969 1736 5024 καὶ
1766 4969 1794 5024 6

170 5049 422 5127 προλαϐὼν
450 5052 651 5133 χρόνος
683 5055 813 5132 πρὸς
861 5056 960 5122 τὴν
1015 5060 1215 5134 χρῆσιν
1272 5054 1442 5112 αὒτῶν
1473 5056 1589 5136 ’καὶ
1644 5056 1790 5136 θέαν,

173 5141 243 5193 ιιι
294 5129 511 5206 0661.6;
558 5129 758 5199 τούτων
813 5144 973 5219 ἔσμὲν
1141 5146 1412 5220 ἱπιθομίᾳ,
1473 5129 1568 5203 τ’ον
1617 5143 1672 5201 δὲ
1705 5129 1791 5202 νῦν

176 5228 289 5304 ἡμῖν
361 5232 589 5289 θάνατον
675 5232 950 5311 ιπισείεις,
1051 5236 1180 5314 πρὸς
1266 5233 1555 5298 ἀθανάτους
1640 5237 1791 5300 οὗτος

179 5317 296 5392 ἡμᾶς
325 5319 615 5379 διαϐιϐάσει
651 5322 877 5400 σκηνὰς,
935 5324 1024 5380 καὶ
1075 5329 1174 5392 τῆς
1231 5322 1436 5383 ἰκεϊθεν
1491 5337 1793 5404 μετασχεῖν

181 5410 539 5490 περασκευάσει
563 5412 988 5494 μακαριότητος.

246 5570 275 5622 8
300 5573 448 5639 Psal.
481 5589 614 5638 cn.
647 5574 709 5638 5.
792 5573 828 5626 9
853 5571 1060 5639 Matth.
1093 5590 1155 5652 x,
1190 5572 1292 5640 29.

479 5700 741 5763 PATBOL.
787 5699 901 5763 Gn.
945 5698 1152 5764 CXVI.

1390 5575 1451 5631 ιο
1479 5576 1636 5642 Psal.
1670 5592 1753 5660 tv,
1783 5575 1845 5641 2.
1930 5575 1982 5624 ιι
2011 5574 2164 5642 Dan.
2189 5593 2246 5642 v1
2278 5584 2336 5642 et
2363 5592 2486 5644 xxv.

1877 4776 2082 4868 parum
2127 4804 2372 4849 manere
2403 4776 2492 4847 ini
2519 4785 2618 4862 iis,
2655 4803 2785 4866 quae
2835 4783 3049 4845 ﬂuunt.
3097 4777 3322 4844 SulIicit
3375 4776 3538 4838 enim

1875 4875 2050 4939 nobis
2111 4886 2367 4958 tempus,
2404 4876 2561 4958 quod
2597 4873 2926 4956 praecessit,
2961 4869 3034 4932 ad
3065 4887 3208 4932 usus
3241 4883 3446 4958 eorum
3482 4872 3540 4924 et

1877 4975 2210 5046 aspectum:
2236 4953 2348 5028 nec
2373 4953 2581 5027 eorum
2599 4953 2836 5044 aliquid
2869 4959 3308 5024 desideramus.
3345 4953 3532 5046 Quam

1877 5041 2077 5120 autem
2140 5062 2392 5118 mortem
2445 5073 2603 5115 nunc
2661 5041 2835 5113 nobis
2882 5049 3162 5123 intentas,
3198 5064 3269 5108 ea
3299 5061 3408 5106 nos
3459 5041 3536 5104 ad

1875 5147 2238 5209 immortalia
2269 5143 2628 5206 transmittet
2655 5140 3057 5214 tabernacula,
3092 5145 3150 5199 et
3201 5133 3436 5208 eﬂiciet,
3469 5143 3536 5195 ut

1874 5237 2062 5301 simus
2123 5233 2443 5315 participes
2508 5232 2663 5313 ejus,
2719 5247 2854 5309 quae
2902 5237 2992 5292 est
3061 5227 3205 5307 illic,
3271 5223 3537 5317 beatituo

1878 5325 2060 5390 diuis.

2575 5573 2627 5621 *3
2660 5575 2813 5639 Dan.
2838 5589 2928 5653 ιιι,
2961 5572 2987 5636 1
3027 5588 3204 5650 seqq.

3077 5693 3113 5760 5
