3906 6136
343 241 456 331 1'39

1633 246 1913 319 MENSIS
1953 240 2421 317 NOVEMBER.‘

3585 244 3703 320 140

422 402 494 466 Χ.
529 395 758 463 Ρταιεοε
785 401 982 459 autem
1017 415 1032 457 :
1088 391 1228 468 Quae
1260 413 1294 456 a
1356 391 1547 467 vobis,
1579 389 1793 470 inquit,
1824 386 1978 450 dicta

2161 385 2220 450 l'.
2282 379 2338 445 Ὀ
2384 388 2441 444 όὲ
2489 389 2732 466 ἡγεμὼν,
2765 386 2841 448 Τὰ
2887 381 3010 469 παρ’
3065 392 3237 466 ὑμῶν,
3285 385 3412 472 ἔφη,
3445 389 3706 472 λεχθέντα

340 505 502 567 sunt,
528 503 761 552 nostras
783 505 956 548 aures
979 503 1188 566 magna
1222 486 1549 547 affecerunt
1568 477 1828 542 tristitia.
1865 482 1982 556 Ego

342 590 536 646 autem
556 583 756 661 paucis
779 595 1065 658 exponam
1082 574 1166 651 id,
1194 575 1348 655 quod
1361 573 1609 661 videtur.
1633 571 1780 634 Nam
1796 567 1846 630 si
1867 586 1985 661 arae

341 657 584 752 quidem
638 669 773 729 thus
802 657 1130 745 imponitis,
1165 669 1225 726 et
1270 660 1511 752 imagini
1541 659 1705 722 Jovis
1751 657 1983 720 sacrm-

341 751 510 834 catis,
546 766 710 821 recte
742 775 804 817 se
838 753 1134 834 habuerit,
1167 760 1229 814 et
1257 751 1670 831 unusquisque
1725 758 1984 809 vestrum

343 851 584 913 domum
617 846 820 909 abibit.
857 843 958 906 Sin
997 860 1130 905 vero
1167 840 1361 903 adhuc
1395 838 1637 921 pergitis
1663 837 1984 919 imperato-

341 939 424 1002 ris
464 936 658 1018 jussui
708 953 825 997 non
878 949 1112 1013 parere,
1143 929 1606 1011 amputabuntur
1651 926 1820 1018 vobis
1851 944 1984 988 om-

343 1017 485 1091 nino
537 1027 771 1107 capita;
831 1025 944 1085 hoc
996 1020 1152 1085 enim
1203 1021 1329 1083 vult
1377 1027 1435 1081 et
1489 1017 1691 1080 statuit
1743 1033 1986 1107 magnus

341 1106 682 1198 imperator.
737 1114 829 1177 Ad
878 1131 1010 1194 qua:
1059 1109 1436 1192 respondens
1488 1106 1985 1198 generosissimus

339 1193 664 1271 Samonas:
725 1203 786 1266 Si
819 1193 948 1274 nos,
982 1199 1195 1280 inquit,
1247 1207 1405 1260 tanto
1435 1196 1706 1260 atl'eceris
1757 1193 1984 1256 beneﬁ-

336 1297 452 1377 cio,
481 1305 544 1356 ut
575 1295 899 1356 liberemur
929 1290 1174 1371 quidem
1205 1288 1278 1350 ab
1312 1289 1383 1350 iis
1406 1306 1539 1366 quae
1568 1285 1665 1348 hic
1685 1294 1819 1347 sunt
1851 1303 1985 1345 mo-

335 1374 549 1466 lestiis,
572 1381 1046 1446 transmittamur
1069 1387 1266 1441 autem
1286 1377 1357 1440 ad
1377 1394 1528 1452 eam,
1554 1395 1690 1457 quae
1710 1387 1811 1466 est
1837 1374 1983 1466 illic,

335 1463 791 1545 beatitudinem,
860 1477 1142 1548 quantum
1215 1469 1274 1529 in
1346 1465 1516 1528 nobis
1585 1465 1823 1546 quidem
1898 1463 1983 1525 si—

338 1577 460 1626 tum
515 1571 626 1636 est,
661 1559 768 1623 tibi
811 1559 1096 1621 reddetur
1147 1555 1481 1621 merces’ab
1536 1575 1604 1618 eo
1637 1556 1739 1637 qui
1786 1562 1988 1617 nostra

2066 474 2274 544 πολλὴν
2318 482 2416 545 τῆς
2479 478 2741 554 ἡμετέρας
2799 479 2967 546 ἀκοῆς
3023 480 3124 548 τὴν
3182 479 3369 549 ἆηδίαν
3421 481 3706 560 κατέχεεν,

2064 565 2211 644 Ἐγὼ
2257 564 2312 623 δὲ
2366 567 2427 624 τὸ
2487 564 2671 625 δοκοῦν
2728 569 2786 624 ἒν
2840 569 3042 649 βραχεῖ
3094 572 3444 648 παραστήσω.
3497 572 3556 628 Εἰ
3611 570 3711 643 μὲν

2066 655 2166 734 γὰρ
2216 655 2471 712 ἐπιτίθετε
2500 655 2577 730 τῷ
2631 657 2800 733 βωμῷ
2845 656 3160 732 λιϐανωτὸν,
3194 661 3290 717 καί
3329 659 3476 717 θύετε
3505 658 3574 735 τῇ
3619 665 3716 716 τοῦ

2072 744 2194 808 Atti:
2255 743 2439 818 εἰκόνι,
2501 744 2559 801 εὖ
2608 745 2672 801 ἂν
2722 746 2866 826 ἔχοι,
2925 752 3012 806 καὶ
3058 747 3277 815 ἕκαστος
3333 745 3534 805 οἴκαδε
3573 747 3714 804 ἄπε-

2069 833 2336 890 λεύσεται⁶
2391 835 2436 890 εἰ
2491 831 2547 890 δὲ
2617 835 2705 892 καί
2772 834 2847 892 ἕνι
2905 839 3031 914 περί
3088 838 3187 905 τὴν
3240 843 3332 894 τοῦ
3398 844 3719 915 κρατοῦντος

2069 921 2351 1000 πρόσταξιν
2403 924 2694 1004 ἀπειθεϊτε,
2755 926 2850 989 τὰς
2901 925 3134 1006 κεφαλὰς
3193 927 3404 992 πάντως
3458 926 3720 1001 ἀποτμη-

2069 1015 2309 1082 θήσεσθε·
2375 1021 2527 1072 τοῦτο
2557 1013 2656 1092 γὰρ
2714 1014 2802 1072 καὶ
2858 1015 3103 1091 βασιλεὺς
3167 1018 3195 1072 ὁ
3243 1015 3412 1096 μέγας
3468 1015 3718 1092 βούλεται

2065 1104 2160 1159 καί
2221 1107 2518 1179 νομοθετεῖ.
2555 1105 2694 1182 Πρὸς
2748 1104 2883 1182 ἅπερ
2937 1107 2965 1162 6
3020 1106 3390 1184 γειναιότατος
3433 1103 3719 1164 ὑπολαϐὼν

2069 1197 2353 1270 Σαμῶνας·
2431 1195 2488 1250 Ei
2561 1201 2802 1268 τοιαῦτα,
2865 1195 3047 1275 εἶπεν,
3105 1197 3470 1275 εὖεργετήσεις
3541 1197 3716 1271 ἡμᾶς,

2067 1285 2139 1345 ὡς
2198 1281 2576 1361 ἀπαλλαγῆναι
2647 1284 2743 1357 μὲν
2801 1291 2906 1342 τῶν
2977 1283 3194 1342 ἐνταῦθα
3252 1285 3528 1365 λυπηρῶν,
3586 1288 3719 1364 πρὸς

2069 1370 2122 1428 δὲ
2193 1372 2290 1439 τὴν
2362 1371 2564 1429 ἐκεῖθεν
2622 1370 2866 1441 διαϐῆναι
2937 1375 3328 1455 μακαριότητα,
3379 1375 3724 1433 ἀποκείσεται

2071 1485 2153 1518 σοι
2204 1462 2266 1518 τό
2297 1483 2357 1540 γε
2400 1461 2482 1541 ἐφ’
2513 1463 2649 1539 ἡμῖν
2697 1465 2782 1520 καὶ
2814 1467 2999 1539 μισθὸς
3055 1465 3196 1546 παρᾶ
3225 1472 3316 1523 τοῦ
3367 1467 3433 1523 τὰ
3484 1466 3725 1543 ἡμέτερα

2070 1553 2200 1630 πρὸς
2259 1553 2320 1608 τὸ
2379 1552 2641 1632 συμφέρον
2713 1554 3139 1630 οἰκονομοῦντος.
3198 1557 3334 1634 Πρὸς
3403 1562 3572 1613 ταῦτα
3629 1561 3728 1612 τοῦ

338 1655 643 1734 dispensat
672 1651 744 1713 ad
778 1649 858 1726 id,
893 1649 1046 1731 quod
1080 1655 1172 1710 est
1221 1647 1389 1710 utile.
1423 1645 1514 1708 Ad
1569 1643 1695 1707 haec
1727 1663 1862 1705 cum
1892 1662 1978 1734 re-

2161 1640 2334 1717 εμόνος
2386 1639 2882 1722 φιλανθρωπότερόν
2936 1666 2988 1700 τι
3043 1651 3120 1718 τῷ
3179 1642 3357 1702 δοκεῖν
3419 1643 3726 1724 ἀποκρινα-

338 1721 679 1827 ερόιιάἱεεοι
709 1721 951 1822 prteses,
988 1748 1052 1800 ut
1080 1738 1410 1818 videbatur,
1449 1735 1782 1827 benignius,
1818 1733 1978 1827 e_t_di-

2161 1752 2252 1799 μου,
2313 1733 2401 1786 καὶ
2457 1730 2756 1808 εἰρηκότος,
2793 1721 2888 1797 id);
2947 1731 3092 1810 Ἐγὼ
3153 1730 3235 1788 διὰ
3288 1741 3444 1791 10310
3515 1721 3729 1808 μᾶλλον

336 1824 517 1898 xisset
548 1854 560 1896 :
596 1831 714 1912 Ego
749 1831 1069 1893 toleranter
1117 1829 1426 1908 hucusque
1459 1825 1588 1902 tuli,
1623 1824 1826 1903 longas
1857 1824 1989 1885 illas

338 1923 642 1986 sustinens
696 1920 1022 1993 orationes,
1077 1927 1143 1981 ut
1194 1934 1358 1978 mora
1414 1914 1698 1995 temporis
1751 1914 1987 1994 mutati,

339 2009 805 2076 traduceremini
841 2009 916 2071 ad
959 2009 1016 2070 id
1049 2006 1206 2089 quod
1227 2014 1317 2068 est
1347 2006 1513 2080 utile,
1551 2012 1607 2066 et
1637 2003 1988 2084 supplicium

344 2103 554 2165 mortis
573 2121 693 2164 non
708 2097 1128 2170 subiretis.Qui
1151 2096 1488 2176 morti,quae
1508 2102 1596 2157 est
1628 2094 1700 2155 ad
1728 2105 1986 2174 tempus,

345 2192 535 2274 inquit
566 2189 948 2263 Samonas,se
979 2187 1218 2250 tradunt
1239 2193 1480 2266 propter
1510 2182 1829 2274 Christum,
1862 2181 1988 2274 cla-

349 2273 485 2345 ruin
517 2289 608 2342 est
636 2280 762 2341 fore
791 2285 855 2342 ut
885 2277 925 2339 ii
950 2275 1280 2340 liberentur
1304 2274 1377 2336 ab
1407 2281 1650 2337 aeterna.
1687 2273 1797 2347 Qui
1829 2273 1988 2333 enim

2072 1820 2428 1899 μακροθύμως
2499 1819 2700 1900 ἦνείκα
2772 1823 2935 1900 μέχρι
3005 1824 3093 1879 καὶ
3164 1825 3253 1879 νῦν
3322 1828 3428 1878 τῶν
3502 1830 3727 1903 μακρῶν

2070 1911 2285 1967 ἒκείνων
2343 1909 2670 1989 ἀνεχόμενος
2731 1911 2929 1988 λόγων,
2991 1915 3065 1977 ὡς
3137 1911 3198 1967 ἂν
3254 1919 3322 1989 τῇ
3379 1919 3470 1970 τοῦ
3523 1914 3731 1994 χρόνου

2072 1998 2364 2078 παρατάσει
2397 2002 2529 2079 πρὸς
2577 2002 2637 2056 τὸ
2668 1999 2937 2067 λυσιτελὲς
2985 2001 3345 2081 μεταόέλητε,
3379 2007 3464 2059 καὶ
3511 2005 3594 2078 μὴ
3626 2004 3730 2070 τὴν

2072 2095 2164 2146 τοὺ
2219 2088 2444 2147 θανάτου
2501 2091 2781 2170 ὑπόσχητε
2833 2093 3111 2167 τιμωρίαν,
3170 2093 3231 2150 Οἱ
3287 2099 3364 2168 τῷ
3427 2095 3734 2173 προσγαίρῳ

2071 2180 2301 2259 θανάτῳ,
2333 2181 2491 2259 φησὶν
2541 2181 2569 2235 6
2627 2186 2912 2260 Σαμωνᾶς,
2958 2183 3174 2246 ἑαυτοὺς
3228 2179 3598 2262 παραδιδόντες
3646 2182 3734 2240 διὰ

2075 2271 2322 2346 Χριστὸν,
2357 2267 2573 2336 εἴδηλον
2622 2271 2694 2331 ὡς
2726 2277 2819 2327 103
2869 2271 3078 2328 αἰωνίου
3128 2273 3495 2352 ῥυσθήσονταιο
3529 2277 3582 2331 οἱ
3626 2275 3733 2354 γὰρ

349 2369 570 2434 mundo
606 2369 966 2447 moriuntur,
991 2366 1195 2428 vivunt
1224 2365 1284 2426 in
1317 2363 1572 2426 Christo.
1607 2365 1752 2426 Nam
1782 2364 1978 2424 Petrus

2233 2357 2421 2432 κόσμῳ
2493 2357 2820 2437 θράσχοντες
2891 2359 2944 2417 ἐν
3028 2367 3236 2441 Χριστῷ
3304 2367 3486 2433 ζῶσιν.
3576 2361 3736 2428 Ἐπεὶ

344 2480 604 2542 quoque,
657 2460 756 2542 qui
805 2457 1154 2538 resplendet
1211 2455 1273 2516 in
1319 2454 1502 2515 choro
1559 2452 1978 2542 apostolorum,

2161 2465 2165 2504 ι
2225 2449 2420 2542 ῌέτρος
2491 2453 2519 2506 6
2565 2460 2668 2542 ,τοῦ
2722 2457 2828 2507 τῶν
2885 2453 3140 2526 μαθητῶν
3195 2451 3488 2528 ὶκλάμτ-ων
3557 2459 3737 2536 χοροῦ

345 2539 520 2614 cruce
548 2539 1114 2612 fuit'condemnatus
1149 2552 1206 2606 et
1248 2552 1437 2604 morte
1474 2563 1490 2619 ;
1537 2552 1598 2604 et
1629 2541 1784 2602 lilius
1831 2543 1978 2603 toni-

2161 2540 2299 2618 ιυρὸν
2357 2541 2638 2620 κατεκρίθη
2694 2542 2780 2597 καὶ
2829 2542 3075 2598 θάνατον’
3136 2539 3163 2598 ὅ
3232 2563 3290 2598 τε
3348 2546 3448 2610 τῆς
3501 2546 3737 2623 βροντῆς

345 2642 458 2704 trui
508 2638 786 2719 Jacobus,
820 2636 895 2698 ab
924 2634 1164 2698 Herode
1219 2632 1484 2712 Agrippa
1513 2630 1620 2692 fuit
1649 2631 1978 2692 interftctut

2161 2627 2519 2719 ςόΙάκωϐος,
2575 2631 2816 2710 μαχαίρᾳ
2883 2632 2986 2687 ὑπὸ
3027 2630 3280 2719 -Ἢρώδου
3351 2634 3584 2713 ἀνῃρέθη
3642 2642 3738 2693 τοῦ

343 2730 537 2810 gladio
562 2717 990 2800 linQuinetiam
1011 2721 1392 2802 Sthephanus
1422 2739 1657 2810 quoque
1680 2720 1790 2810 l‘nit
1813 2739 1978 2802 appet

2161 2718 2506 2810 ."Aypinmt'
2559 2721 2648 2776 καὶ
2700 2720 2962 2784 Στέφανος
3020 2717 3076 2776 δὲ
3137 2735 3250 2787 τοῖς
3299 2719 3738 2801 λὶθοις,πρῶτος

351 2805 493 2880 titus
518 2816 836 2896 lapidibus,
856 2812 956 2895 qui
989 2811 1217 2893 primus
1243 2809 1533 2892 percurrit
1564 2809 1819 2872 stadium
1845 2829 1971 2873 mar

2168 2805 2378 2887 δραμὼν
2463 2816 2554 2866 τοῦ
2624 2809 2907 2887 μαρτυρίου
2981 2811 3041 2866 16
3111 2808 3342 2875 στάδιον,
3420 2815 3480 2871 Τί
3549 2812 3599 2869 δ’
3671 2813 3740 2871 ἂν

353 2907 485 2989 tyrii
516 2906 590 2970 ιδ.
624 2904 986 2978 Quidautem
1026 2901 1248 2964 dixeris
1269 2900 1344 2962 de
1364 2902 1638 2964 Joanne?
1669 2918 1742 2961 an
1775 2919 1848 2962 ne
1868 2901 1978 2980 eju:

2161 2920 2257 2962 ιοις
2315 2899 2431 2978 περῖ
2508 2897 2804 2973 Ἰωσίννους
2863 2899 2897 2967 ἢ
2954 2898 3091 2975 μηδὲ
3161 2909 3345 2960 τοῦτον
3397 2901 3495 2970 τῆς
3551 2903 3737 2972 καλῆς

353 2987 593 3078 quidem
628 2994 903 3058 admittes
963 2991 1257 3072 egregiam
1291 2990 1451 3051 illam
1492 2989 1908 3072 constantiam,
1943 3009 1976 3053 e

2161 2988 2289 3055 είνης
2361 2987 2655 3052 ἐνστάσεως
2728 2990 2816 3045 καὶ
2904 2988 3194 3068 παῤῥησίας
3264 2988 3559 3072 ἀποδέχῃ,

353 3085 636 3167 loquendi
685 3083 1048 3156 libertatem,
1083 3080 1237 3160 quod
1288 3080 1438 3141 mori
1491 3079 1786 3152 maluerit,
1820 3102 1994 3163 quam

354 3169 1251 3252 cubilistacereimpudicitiam:
1282 3169 1550 3230 adultera
1580 3186 1718 3232 vero
1749 3171 1877 3251 ejus
1906 3192 1999 3237 ca-

358 3273 461 3344 put
489 3262 790 3344 acceperit
822 3261 1126 3342 praemium
1156 3258 1482 3322 saltationis
1510 3257 1563 3300 ¹⁵
1592 3265 1619 3321 ?

436 3354 538 3418 XI.
590 3359 818 3419 Rursus
864 3361 1060 3414 autem
1129 3368 1388 3432 praeses:
1439 3351 1571 3412 Non
1623 3356 1685 3411 ut
1739 3359 1995 3433 vestros,

355 3465 503 3527 quos
545 3445 768 3518 dicitis,
800 3451 1034 3504 sanctos
1085 3445 1475 3514 enumeratis,
1522 3457 1623 3500 vos
1665 3440 1790 3502 fere
1841 3442 1996 3503 tole-

351 3545 575 3617 ranter,
622 3534 726 3597 sed
779 3541 860 3608 ut,
898 3539 1116 3594 mutato
1169 3529 1448 3604 consilio,
1475 3529 1658 3609 jussis
1716 3531 1998 3594 cedentes

353 3625 754 3706 imperatoris,
793 3621 866 3684 ab
897 3620 1280 3684 acerbissima
1314 3629 1506 3682 morte
1535 3618 1899 3682 liberemini.
1934 3620 1998 3684 Si

353 3718 511 3777 enim
532 3713 662 3777 sitis
676 3713 923 3774 nimium
943 3709 1197 3772 audaces
1214 3718 1272 3773 et
1293 3708 1641 3780 insolentes.
1655 3709 1789 3790 quid
1809 3710 1991 3786 aliud,

353 3825 527 3888 quam
564 3823 666 3866 vos
709 3803 932 3882 tnajora
963 3801 1261 3882 excipient
1287 3799 1600 3880 supplicia,
1637 3799 1852 3880 quibus
1883 3819 1994 3882 op-

355 3895 567 3976 pressi,
607 3894 697 3954 vel
755 3891 923 3953 inviti
952 3891 1180 3952 facietis
1211 3889 1268 3949 id
1325 3888 1483 3969 quod
1515 3907 1625 3949 nos
1656 3888 1946 3966 exigimus
1967 3889 1998 3950 ?

353 4003 470 4066 quo
521 3992 788 4063 tempore
838 3999 949 4043 nec
996 3986 1239 4042 omnino
1290 3978 1854 4066 quidemipoteritis
1894 3997 1996 4040 re-

349 4065 572 4153 fugium
621 4071 843 4134 habere
873 4071 944 4134 ad
997 4066 1495 4132 misericordiam?
1546 4065 1690 4130 Nam
1724 4067 1880 4148 quod
1934 4067 2000 4130 [ιι

352 4181 459 4243 per
489 4163 630 4243 vim,
667 4181 742 4222 ne
774 4169 964 4243 potest
1004 4159 1240 4240 quidem
1276 4176 1598 4238 provocare
1645 4157 1715 4219 ad
1747 4157 1998 4219 commi-

351 4253 736 4333 serationem,
771 4251 1068 4332 quomodo
1099 4258 1303 4311 contra
1353 4246 1508 4329 quod
1542 4256 1754 4327 sponte
1787 4247 1872 4328 iit,
1908 4255 1997 4309 est

350 4343 590 4422 dignum
624 4339 1055 4404 misericordia.
1081 4338 1298 4402 Christi
1321 4347 1516 4398 autem
1541 4337 1916 4399 confessores
1938 4355 1978 4398 ei

2161 4335 2400 4415 Ιαίρετον,

348 4440 638 4512 martyres
690 4431 1009 4492 dixerunt:
1061 4426 1190 4490 Non
1221 4445 1370 4508 opus
1403 4434 1492 4488 est
1543 4426 1739 4488 multis
1769 4426 1990 4491 verbis.

348 4525 496 4584 Ecce
542 4521 700 4582 enim
736 4536 844 4582 nos
872 4535 1080 4580 sumus
1110 4516 1213 4578 tibi
1260 4523 1475 4598 praesto
1507 4515 1577 4578 ad
1613 4517 1811 4578 omnia
1855 4516 1994 4580 sub-

347 4610 542 4672 eunda
592 4607 905 4689 supplicia.
941 4606 1108 4680 Quod
1141 4625 1280 4686 ergo
1330 4604 1435 4667 tibi
1467 4604 1577 4666 fuit
1607 4605 1989 4686 imperatum,

347 4718 422 4760 ne
449 4698 690 4760 differas
723 4697 986 4779 exsequi.
1022 4696 1143 4758 Nos
1176 4695 1336 4758 enim
1363 4693 1582 4758 Christi
1611 4697 1734 4756 veri
1758 4693 1864 4757 Dei
1893 4714 1962 4757 su

345 4807 476 4849 mus
523 4788 890 4866 adoratores,
925 4793 982 4846 et
1010 4802 1218 4846 rursus
1260 4783 1558 4846 dicimus:
1591 4783 1771 4863 Cujus
1821 4783 1989 4862 regni

340 4897 458 4940 non
509 4876 622 4939 erit
670 4876 828 4938 ﬁnis.
877 4874 990 4948 Qui
1042 4873 1219 4936 eziam
1273 4882 1464 4955 potest
1521 4872 1682 4935 solus
1729 4872 1986 4936 vicissim

338 4967 670 5047 gloriﬁcare
693 4985 817 5043 eos,
845 4964 946 5046 qui
969 4965 1100 5046 ejus
1124 4982 1341 5025 nomen
1366 4963 1699 5043 gloriﬁcant
1725 4963 1800 5028 ‘6.
1835 4965 1988 5026 Inte-

335 5058 451 5120 rim
485 5065 684 5119 autem
718 5056 857 5118 dum
890 5055 1015 5117 haec
1046 5055 1393 5116 dicerentur
1421 5071 1455 5115 a
1485 5054 1726 5128 sanctis,
1763 5070 1984 5134 praises

337 5149 469 5210 tulit
510 5147 570 5208 in
605 5165 708 5208 eos
738 5145 1122 5221 sententiam,
1158 5154 1219 5206 ut
1255 5152 1507 5206 mortem
1551 5141 1826 5204 subirent
1849 5142 1981 5223 gla-

334 5239 458 5301 dio.
493 5236 579 5299 llli
615 5254 750 5297 vero
783 5234 1004 5311 latitia,
1039 5253 1168 5316 quae
1199 5232 1398 5296 verbis
1427 5252 1545 5295 non
1575 5240 1768 5312 potest
1799 5234 1984 5315 expli-

333 5327 478 5403 cari,
514 5323 713 5388 allecti
739 5347 750 5388 :
783 5323 867 5386 Te
899 5343 1036 5386 vere
1067 5326 1241 5386 decet
1270 5323 1458 5402 gloria
1486 5333 1543 5385 et
1570 5323 1854 5397 laudatio,
1878 5323 1982 5404 qui

331 5437 396 5481 es
430 5416 585 5479 Deus
638 5415 1078 5490 universorum,
1114 5413 1484 5476 clamabant:
1519 5413 1673 5493 quod
1712 5412 1816 5475 tibi
1858 5414 1981 5495 pla-

3651 2994 3737 3052 ὅτι

2077 3081 2258 3136 θανεῖν
2306 3076 2484 3134 εἵλετο
2514 3077 2718 3154 μᾶλλον
2761 3079 2797 3148 ἢ
2842 3086 3047 3152 σιωπᾷν
3096 3080 3182 3138 ἐπὶ
3209 3083 3390 3149 κοίτης
3443 3082 3732 3162 ἀκολασίᾳ,

2079 3167 2335 3248 μοιχαλὶς
2386 3166 2570 3237 δὲτὴν
2620 3173 2778 3228 αἰ)τοῦ
2825 3171 3061 3250 κεςναλὴν
3109 3170 3266 3229 ἆθλον
3297 3171 3393 3241 τῆς
3441 3174 3734 3254 ὀρχήσεως

2080 3257 2272 3337 εἴληφε
2305 3277 2320 3337 ;

2161 3347 2269 3411 1Α’.
2336 3349 2432 3406 Καὶ
2491 3351 2519 3404 6
2590 3349 2810 3428 ἡγεμὼν
2881 3351 3048 3426 αὖθις,
3104 3355 3222 3432 Οὐχ
3283 3351 3371 3410 ἵνα
3427 3357 3548 3420 τοὺς
3609 3354 3733 3414 καθ’

2078 3437 2238 3510 ὑμᾶς,
2311 3435 2384 3498 ὥς
2457 3457 2629 3517 φατε,
2705 3439 2881 3518 ἁγίους
2951 3442 3384 3520 ἀπαριθμήσησθε
3421 3490 3436 3516 ,
3505 3443 3564 3500 οὗ
3643 3443 3733 3503 διὰ

2079 3532 2233 3581 τοῦτο
2289 3526 2437 3600 ὑμῶν
2483 3526 2748 3607 ἀνέχομαι
2809 3531 3184 3608 μακροθύμως,
3234 3529 3354 3588 ἀλλ’
3409 3531 3555 3596 ὅπως
3618 3557 3728 3611 με-

2079 3612 2580 3696 ταϐουλευσάμενοι,
2637 3619 2725 3675 καὶ
2793 3625 2861 3696 τῇ
2931 3619 3184 3697 βασιλικά
3252 3621 3392 3700 ῥοπῇ
3458 3620 3730 3703 εἴξαντες,

2079 3714 2172 3764 τοῦ
2233 3705 2551 3784 πικροτάτου
2621 3705 2802 3772 τέλους
2861 3709 3230 3787 ἀπαλλαγῆτε.
3296 3713 3732 3790 Θρασυνομένους

2080 3796 2180 3874 γὰρ
2248 3797 2380 3872 ὑμᾶς
2461 3799 2512 3853 τί
2586 3819 2645 3876 γε
2717 3797 2848 3856 ἄλλο
2918 3800 2952 3869 ἢ
3009 3803 3244 3876 μείζονες
3314 3803 3731 3883 παραλήψονται

2078 3884 2329 3950 κολάσεις
2358 3934 2374 3965 ,
2450 3890 2540 3950 αἷς
2625 3887 2881 3958 δήπουθεν
2963 3892 3266 3966 πιεζόμενοι
3336 3894 3423 3949 καὶ
3505 3892 3732 3960 ἄκοντες

2079 3977 2140 4030 τὸ
2199 3974 2326 4055 παρ’
2354 3979 2509 4051 ἡμῶν
2562 3977 2952 4054 ἀπαιτούμενον
3008 3980 3185 4038 ἔσεσθε
3215 3989 3508 4060 ποιοῦντες,
3567 3985 3736 4054 ἡνίκα

2079 4065 2289 4130 πάντως
2339 4064 2452 4121 οὑδὲ
2483 4081 2808 4146 καταφυγεῖν
2866 4071 2996 4150 πρὸς
3040 4073 3224 4128 οἶκτον
3275 4070 3610 4150 δυνήσεσθες
3669 4076 3736 4132 τὸ

2077 4155 2178 4232 γὰρ
2229 4154 2284 4211 ἒν
2333 4155 2535 4220 τούτοις
2584 4157 2670 4233 βία
2729 4159 3010 4236 γινόμενον
3063 4157 3177 4218 οὖδὲ
3232 4162 3324 4218 τὸν
3353 4160 3502 4220 ἔλεον
3556 4161 3732 4222 ἔκκα-

2077 4241 2282 4301 λεῖσθαι
2332 4242 2566 4320 δύναται,
2624 4245 2803 4326 ὥσπερ
2855 4249 3152 4307 τούναντὲον
3210 4249 3390 4317 ἐλέους
3457 4251 3604 4319 ἄξιον
3663 4254 3731 4312 16

2493 4339 2553 4394 Οί
2628 4334 2683 4392 δὲ
2766 4344 2857 4395 τοῦ
2935 4346 3160 4417 Χριστοῦ
3230 4340 3561 4421 ὁμολογηταὶ
3635 4344 3729 4402 καὶ

2076 4423 2357 4505 μάρτυρες,
2412 4427 2484 4483 Οὔ
2533 4427 2688 4506 χρεία
2744 4425 2984 4508 πολλῶν,
3044 4428 3244 4509 ἔφησαν
3275 4479 3290 4504 ,
3348 4429 3546 4510 λόγων·
3611 4431 3728 4492 ἰδοὺ

2073 4513 2174 4591 γὰρ
2233 4537 2316 4570 σοι
2365 4515 2495 4594 πρὸς
2549 4505 2722 4572 πᾶσαν
2784 4505 2980 4572 αἰκίαν⁷
3011 4505 3176 4594 ἡμεῖς
3224 4505 3454 4595 ἕτοιμοι..
3509 4505 3571 4578 "0
3632 4523 3726 4580 οὗν

2073 4604 2406 4692 προσετάγης
2483 4605 2735 4681 πρέττειν
2815 4608 2893 4683 μὴ
2967 4607 3266 4686 ἀναϐάλλῃ.
3324 4617 3550 4690 Χριστοῦ
3621 4612 3728 4692 γάρ

2075 4691 2233 4769 ὶσμεν
2301 4695 2394 4750 τοῦ
2462 4693 2710 4762 ἀληθινοῦ
2768 4704 2898 4754 Θεοῦ
2967 4701 3343 4776 προσκυνηταὶ,
3401 4701 3491 4757 καὶ
3557 4691 3726 4764 πάλιν

2073 4783 2270 4870 φαμεν,
2324 4785 2384 4839 οὗ
2436 4787 2536 4853 τῆς
2594 4783 2866 4862 βασιλείας
2934 4789 3026 4845 οὒκ
3077 4787 3222 4846 ἔσται
3280 4788 3455 4870 τέλος,
3506 4791 3564 4855 ὃς
3624 4791 3727 4850 καέ

2071 4869 2420 4945 ἂντιδοξαζειν
2475 4872 2688 4932 δύναται
2747 4875 2907 4951 μόνος
2964 4878 3085 4944 τοὺς
3142 4879 3202 4936 τὸ
3260 4869 3728 4952 αὒτοῦίδοξὰζον-

2067 4982 2161 5024 τας
2244 4959 2436 5038 ὄνομα.
2499 4960 2588 5022 Ἐν
2669 4962 2780 5039 ὅσῳ
2837 4963 2890 5022 δὲ
2948 4975 3114 5024 ταῦτα
3184 4969 3326 5050 παρᾶ
3381 4974 3487 5026 τῶν
3555 4970 3729 5046 ἁγίων

2065 5051 2307 5134 ὶλέγετο,
2369 5054 2397 5109 6
2456 5054 2672 5132 ἡγεμὼν
2741 5056 2840 5124 τὴν
2905 5056 3025 5114 κατ’
3083 5062 3255 5118 αὐτῶν
3325 5058 3512 5139 ἐξῆγεν
3581 5058 3733 5119 ἆπό-

2065 5165 2246 5223 φασιν,
2305 5140 2442 5200 ὥστε
2499 5145 2590 5200 τὸν
2648 5145 2733 5202 διὰ
2776 5144 2948 5227 ξίφους
3003 5149 3226 5208 θάνατον
3281 5151 3603 5218 ὑποστῆναι,
3665 5150 3733 5210 Οἱ

2065 5231 2119 5289 δὲ
2171 5229 2337 5309 ἠδονῇ
2395 5233 2646 5314 ἀφράστῳ
2703 5235 3016 5317 ληφθέντες·
3070 5241 3164 5296 Σοὶ
3211 5237 3334 5308 δόξα
3385 5236 3574 5321 πρέπει
3626 5239 3727 5299 όν-

2063 5344 2170 5388 τως
2219 5325 2306 5380 καὶ
2357 5322 2559 5390 αἴνεσις
2616 5332 2693 5402 τῷ
2741 5333 2846 5388 τῶν
2901 5325 3065 5404 ὅλων,
3101 5326 3291 5407 ἐϐόων,
3328 5336 3463 5406 Θεῷ,
3499 5328 3580 5387 ὅτι
3629 5333 3726 5389 τὸν

2063 5413 2411 5492 προκείμενον
2477 5417 2619 5490 ἡμᾶς
2689 5417 2871 5497 ἀγῶνα
2957 5417 3167 5477 τελέσαι
3237 5418 3568 5502 ηύδόκησας,
3642 5423 3721 5490 ὡς

410 5580 466 5631 ¹5
495 5580 622 5644 Act.
659 5595 762 5659 xu,
795 5576 857 5641 ‘2.
945 5577 1003 5629 14
1033 5575 1161 5640 Act.
1198 5596 1296 5659 vn,
1340 5584 1359 5640 l
1400 5592 1565 5660 seqq.
1652 5579 1704 5622 ¹⁵
1733 5577 1938 5645 Matth.
1970 5593 1978 5644 ε

2169 5574 2294 5643 -12,
2379 5572 2435 5622 ¹⁶
2465 5578 2490 5642 Ι
2516 5576 2659 5666 Reg.
2694 5603 2759 5668 ιι,
2798 5575 2896 5652 30.
