3932 6128
443 291 554 361 147

1740 295 1903 360 ΜΕΝ
1909 293 2025 358 SIS
2065 290 2511 363 NOVEMBER.

3703 279 3827 355 148

433 415 643 496 xilium
678 428 1024 510 Edessenis,
1052 451 1125 496 ne
1149 431 1208 496 in
1231 449 1442 497 manus
1467 431 1820 497 Hunnorum
1844 431 2078 493 veniret

2178 431 2239 500 ιη
2268 433 2370 492 δπὺ
2401 433 2609 493 Οὔννων
2665 434 2988 516 χειρωθῆναι
3041 427 3143 501 τὴν
3197 427 3376 496 πόλιν,
3436 425 3590 490 Ἐπεὶ
3645 424 3710 487 δὶ
3775 425 3828 484 0i

441 521 667 585 civitas.
699 525 845 584 Cum
875 540 1042 599 vero,
1078 524 1178 606 qui
1207 525 1372 586 missi
1405 525 1644 587 fuerant
1686 541 1719 584 a
1772 521 2080 596 Romanis,

435 613 558 691 jam
584 611 888 674 venissent
909 612 1215 688 Edessam,
1247 613 1462 676 accidit
1482 611 1806 694 utquidam
1832 611 2087 675 Gotthus

441 703 597 764 inter
627 719 751 776 eos,
787 711 844 764 et
872 703 1137 764 moribus
1170 702 1480 783 barbarus,
1537 712 1594 764 et
1626 708 1824 764 mente
1879 701 2084 781 perni-

440 790 664 872 ciosus,
695 791 1094 853 diversaretur
1123 797 1182 852 in
1214 793 1391 853 domo
1424 791 1734 873 cujusdam
1792 789 2082 869 mulieris,

441 879 681 940 nomine
707 879 959 961 Sophim.
989 878 1052 941 Ei
1085 887 1281 942 autem
1314 891 1441 943 erat
1473 886 1644 942 unica
1673 880 1812 955 ﬁlia,
1844 881 2084 940 nomine

439 967 794 1048 Euphemia,
817 968 1027 1032 viventi
1055 970 1114 1030 in
1149 969 1456 1043 viduitate,
1487 981 1545 1032 et
1571 971 1646 1031 de
1673 970 1793 1032 sola
1819 969 1936 1030 ﬁlia
1958 966 2082 1030 sol-

444 1057 642 1119 licitze.
679 1058 1062 1120 Educabutur
1092 1079 1230 1141 ergo
1259 1061 1428 1122 matri
1454 1061 1596 1131 ﬁlia,
1633 1068 1908 1140 tanquam
1943 1077 2082 1137 ger-

447 1165 582 1208 men
614 1167 827 1210 recens
861 1149 1180 1230 pullulans,
1218 1151 1668 1229 temperantiam
1711 1166 1998 1212 exercens
2031 1156 2088 1210 et

440 1237 862 1318 virginitatem,
900 1247 956 1298 et
985 1239 1246 1300 studium
1279 1239 1596 1314 adhibens,
1633 1258 1708 1300 ne
1739 1245 2088 1301 cerneretur

445 1343 478 1387 a
511 1327 906 1388 masculorum
935 1327 1145 1391 oculis.
1177 1327 1313 1389 Erat
1337 1341 1536 1389 autem
1573 1328 1770 1408 puella
1805 1327 1949 1390 facie
1974 1327 2080 1388 de-

441 1433 606 1488 cora,
637 1423 694 1476 et
724 1416 942 1494 insigni
967 1415 1433 1496 pulchritudine.
1461 1415 1605 1480 Cum
1632 1435 1771 1496 ergo
1795 1417 1853 1477 in
1879 1434 1948 1477 ea
1973 1416 2082 1477 lia-

442 1503 728 1566 bitatione
759 1503 858 1566 diu
892 1516 1152 1566 versatus
1186 1515 1342 1568 esset
1372 1507 1646 1580 Gotthus,
1691 1506 1894 1568 nescio
1927 1525 2081 1582 quo-

445 1593 621 1655 modo
635 1593 864 1675 aspexit
879 1594 1228 1674 puellam,et
1251 1597 1327 1658 ita
1349 1605 1554 1678 captus
1577 1596 1683 1658 fuit
1707 1597 1838 1676 ejus
1854 1614 2080 1670 amore,

2166 524 2298 602 πρὸς
2361 524 2620 598 Ρωμαίων
2669 521 2973 604 σταλέντες,
3033 523 3132 591 τὴν
3189 519 3460 580 ’Ἔδεσσαν
3510 519 3612 590 ἤδη
3676 540 3828 577 κατ-

2169 611 2378 682 έλαϐον,
2439 612 2599 694 ἔτυχέ
2651 636 2771 671 τινα
2827 615 3020 671 Γὸτθον
3077 615 3132 668 Ιιν
3182 613 3388 684 αὐτοῖς,
3443 607 3714 690 βάρϐαρόν
3764 628 3828 663 τε

2169 704 2259 759 τὸν
2287 703 2482 783 τρόπον
2511 704 2597 760 καὶ
2626 704 2726 772 τὴν
2766 703 2988 779 γνώμην
3034 700 3292 783 ὀλέθριον,
3355 700 3412 757 ἔν
3473 723 3614 764 τινος
3680 697 3830 772 οἴκῳ

2171 791 2461 850 καταλῦσαι
2522 792 2718 872 Σοφίας
2781 790 2951 867 ὄνομα
3013 791 3280 870 γυναικός.
3341 797 3421 869 Τῇ
3467 788 3520 848 δέ
3550 791 3615 860 ἧν
3645 789 3830 867 θυγά-

2169 903 2270 959 τηρ
2327 882 2626 960 μονογενὴς
2690 881 2959 960 Εύφημία,
3027 882 3223 960 χηρείᾳ
3287 902 3345 938 τε
3413 880 3651 952 συζώση,
3736 879 3833 934 καὶ

2167 970 2253 1028 ἐπὶ
2305 971 2443 1048 μόνη
2494 977 2563 1048 τῇ
2608 973 2830 1050 θυγα-ρῖ
2891 967 3208 1047 σαλευούση.
3262 968 3523 1050 ’Λνήγετο
3573 968 3696 1048 οὗν,
3751 965 3832 1028 ὥς

2167 1083 2216 1117 τι
2243 1060 2488 1122 νεοθαλές
2535 1059 2678 1136 ἔρνος
2729 1061 2765 1128 ἡ
2816 1072 2950 1124 παῖς
3009 1065 3077 1136 τῇ
3135 1060 3319 1138 μητρὶ,
3379 1060 3735 1141 σωφροσύνην
3772 1075 3832 1112 τε

2170 1151 2401 1208 ἄσκοῦτα
2439 1150 2526 1208 καὶ
2570 1150 2871 1228 παρθενίαν,
2926 1150 3013 1208 καὶ
3069 1150 3130 1206 τὸ
3185 1149 3264 1220 μη
3321 1149 3545 1230 ἀρρένων
3604 1147 3828 1226 ὄμμασι

2167 1241 2414 1308 θεαθῆναι
2471 1235 2562 1296 διὰ
2619 1238 2852 1305 σπουδῆς
2911 1238 3131 1319 ἔχουσα.
3180 1231 3279 1298 Ἠν
3334 1238 3388 1297 δῖ
3443 1243 3472 1308 ἦ
3522 1251 3659 1302 παῖς
3719 1237 3828 1317 ἔρα

2166 1329 2264 1396 τὴν
2295 1329 2420 1405 ὄψιν
2451 1328 2717 1409 εύπρεπὴς
2748 1329 2832 1386 καὶ
2874 1330 2936 1386 τὸ
2987 1327 3184 1394 κάλλος
3220 1331 3528 1409 ἀμήχανος.
3585 1325 3825 1396 Ἐπειδὴ

2166 1420 2337 1478 τοίνυν
2396 1420 2590 1498 συχνὸς
2659 1417 2713 1474 έν
2783 1423 2850 1496 τῇ
2903 1426 3197 1498 καταγωγῇ
3248 1427 3326 1494 τῷ
3382 1420 3558 1495 Γότθῳ
3614 1419 3826 1499 χρόνος

2167 1505 2424 1588 ἐτρίϐετο,
2457 1511 2552 1566 οὐκ
2580 1504 2687 1564 οἷδ’
2721 1506 2867 1571 ὅπως
2897 1510 3077 1564 θεᾶται
3117 1509 3212 1577 τὴν
3258 1509 3444 1587 κόρην,
3504 1509 3590 1565 καὶ
3643 1506 3823 1572 οὕτως

2167 1601 2329 1666 αὐτῆς
2393 1595 2534 1653 ἑάλω
2589 1602 2667 1670 τῷ
2717 1595 2891 1675 ἔρωτι,
2941 1599 3015 1662 ὡς
3065 1595 3231 1674 μηδὲν
3281 1599 3418 1656 κατὰ
3464 1603 3583 1656 νοῦν
3631 1596 3825 1676 ἕτερον

442 1690 505 1744 ιιι
535 1702 831 1762 nusquam
865 1691 1121 1745 mentem
1171 1684 1284 1747 alio
1341 1693 1734 1759 converteret,
1789 1704 1964 1765 quam
2009 1685 2080 1746 ad

2178 1686 2410 1769 στρέφειν
2469 1685 2505 1754 ἦ
2573 1688 2673 1754 τὴν
2745 1686 3026 1766 παρθένον.
3113 1693 3462 1767 Προσωπεῖον
3532 1694 3827 1766 τοιγαροῦν

440 1772 751 1851 virginem.
789 1777 1114 1836 Personam
1150 1773 1349 1855 itaque
1404 1775 1659 1837 induens
1689 1773 1994 1848 bonitatis,
2031 1781 2088 1835 et

443 1881 509 1924 se
540 1863 794 1925 amicum
832 1881 962 1925 esse
994 1862 1302 1944 simulans,
1329 1863 1475 1926 abiit
1506 1865 1578 1926 ad
1613 1879 1885 1936 matrem,
1909 1873 1966 1926 et
1989 1882 2086 1925 as-

445 1950 882 2014 sentationibus
913 1971 1134 2014 conans
1165 1953 1221 2013 ei
1255 1953 1643 2034 persuadere,
1683 1963 1743 2014 et
1793 1952 2084 2014 bonorum

443 2041 778 2120 promissis,
813 2049 876 2102 ut
907 2042 962 2103 ei
995 2041 1161 2104 daret
1192 2042 1372 2104 ﬁliam
1408 2042 1467 2103 in
1504 2042 2082 2106 matrimonium.llla

440 2139 640 2194 autem
673 2131 922 2210 graviter
948 2131 1196 2205 ferebat,
1233 2139 1290 2193 et
1319 2131 1585 2194 animum
1617 2151 1734 2194 non
1759 2131 2083 2194 adhibebat

440 2219 515 2282 iis
546 2237 672 2300 qua)
703 2219 778 2282 ab
811 2219 939 2300 ipso
971 2219 1340 2282 dicebantur.
1379 2219 1461 2283 Eo
1495 2239 1632 2284 vero
1657 2239 1722 2284 se
1755 2222 2084 2284 insolenter

435 2310 731 2389 jactante,
764 2318 820 2370 et
849 2308 1017 2371 valde
1048 2309 1382 2390 minitante,
1413 2309 1514 2372 illa
1541 2331 1554 2373 :
1583 2309 2079 2392 Unicam,inquit,

447 2416 577 2478 qua;
603 2398 744 2459 mihi
769 2405 878 2472 est,
907 2397 1086 2461 ﬁliam
1111 2400 1239 2460 viro
1268 2399 1634 2480 conjungere
1659 2399 1909 2462 barbaro
1934 2419 2084 2461 nun-

443 2506 620 2568 quam
654 2488 1061 2552 sustinuerim.
1096 2486 1180 2550 Ne
1215 2507 1352 2568 ergo
1405 2490 1750 2562 assenteris,
1805 2507 1914 2550 nec
1969 2490 2082 2553 mi-

443 2577 630 2639 neris.
662 2579 810 2641 Nam
848 2597 955 2639 nec
979 2595 1074 2638 me
1097 2577 1368 2640 emollies
1391 2577 1853 2653 adulationibus,
1890 2595 2084 2658 neque

446 2665 626 2726 minis
660 2666 934 2728 terrebis.
972 2667 1076 2728 llle
1105 2675 1305 2727 autem
1359 2665 1648 2745 pergebat
1695 2665 1903 2728 eadem
1939 2684 2081 2728 rur-

440 2773 544 2815 sus
579 2755 805 2836 l‘accre,
841 2763 899 2818 et
930 2773 1138 2816 rursus
1169 2774 1332 2816 suam
1384 2755 1736 2818 ostendebat
1767 2755 2089 2838 impuden-

443 2845 614 2917 tiam,
648 2853 707 2905 et
737 2845 812 2906 de
843 2845 1053 2906 iisdem
1078 2843 1316 2907 assidue
1341 2864 1476 2906 cum
1505 2853 1696 2908 matre
1713 2845 2086 2926 loquebatur,

444 2931 676 2995 Deinde
702 2934 875 2996 etiam
904 2934 1455 3013 pretiosaaﬁ‘erebat
1473 2935 1545 2997 ad
1565 2953 1694 2998 eam
1711 2945 2083 3017 ornamenta,

2170 1776 2544 1858 χρηστότητος
2574 1774 2810 1834 ὑπελθὼν
2842 1778 2930 1833 καὶ
2984 1775 3135 1857 φίλος
3167 1779 3310 1835 εἶναι
3366 1779 3824 1854 ὑποκρινάμενος,

2171 1866 2348 1924 ἄπεισι
2437 1867 2576 1945 παρὰ
2643 1867 2743 1935 τὴν
2829 1865 3060 1942 μητέρα,
3148 1865 3448 1930 κολακείαις
3521 1889 3580 1924 τε
3653 1867 3827 1936 αὐτὴν

2171 1956 2461 2037 ἐπιχειρῶν
2545 1968 2755 2032 πεῖσαι,
2831 1957 2916 2013 καὶ
2988 1956 3196 2034 ἀγαθῶν
3266 1955 3611 2036 ἐπαγγελίαις
3685 1958 3826 2035 πρὸς

2171 2047 2345 2125 γάμον
2401 2047 2544 2121 αὒτῷ
2602 2044 2838 2103 ἐκδοῦναι
2895 2045 2995 2113 τὴν
3053 2046 3330 2126 θυγατέρα.
3388 2045 3454 2104 Ἥ
3510 2045 3564 2103 δὲ
3610 2045 3824 2124 βαρέως

2165 2157 2222 2192 τε
2281 2135 2452 2216 ἔφερε,
2513 2135 2602 2192 καὶ
2652 2147 2771 2198 τοῖς
2829 2133 2956 2213 παρ’
3012 2135 3170 2193 αὖτοῦ
3236 2134 3544 2212 λεγομένοις
3623 2134 3823 2203 ἥκιστα

2165 2238 2432 2306 προσεῖχε
2459 2226 2552 2282 τὸν
2607 2230 2752 2286 νοῦν.
2778 2231 2880 2282 Τοῦ
2919 2222 2973 2280 δὲ
3017 2224 3400 2303 θρασυνομένου
3452 2227 3542 2282 καὶ
3596 2224 3820 2303 μεγάλα

2166 2313 2592 2388 διαττειλοῦντος²
2653 2313 2855 2388 εκείνη,
2916 2316 3024 2380 Τὴν
3083 2314 3253 2389 μόνην
3319 2314 3436 2390 ἰμοὶ
3521 2313 3816 2393 θυγατέρα,

2167 2403 2296 2484 ἔφη,
2371 2401 2620 2482 βαρϐάρῳ
2685 2400 2922 2475 συζεῦξαι
2992 2401 3134 2482 ἀνδρὶ
3202 2403 3297 2460 οὒκ
3350 2403 3412 2461 ἂν
3466 2403 3818 2484 ἀνασχοίμην

2167 2493 2320 2550 πυτέ’
2366 2493 2445 2568 μὴ
2494 2491 2748 2548 κολάκευε
2805 2493 2998 2566 τοίνυν,
3058 2489 3196 2568 μηδέ
3252 2491 3476 2550 ἆπείλει’
3533 2493 3655 2550 οὔτε
3715 2493 3818 2572 γὰρ

2167 2580 2466 2663 χαυνώσεις
2538 2581 2663 2645 ταῖς
2739 2579 3069 2654 κολακείαις,
3151 2580 3267 2639 οὔτε
3349 2580 3603 2664 φοϐήσεις
3690 2594 3816 2646 ταῖς

2168 2669 2445 2732 ἀπειλαῖς.
2480 2665 2540 2728 Ὀ
2598 2667 2652 2726 δὲ
2703 2675 2810 2727 τῶν
2866 2671 3065 2746 ὁμοίων
3118 2675 3206 2730 καὶ
3262 2671 3418 2729 πάλιν
3477 2670 3665 2753 ἵχετο,
3727 2672 3818 2729 καὶ

2173 2759 2334 2817 πάλιν
2381 2760 2444 2816 τὸ
2492 2755 2706 2824 ἀναιδὲς
2755 2757 3109 2837 ἐπεδείκνυτο,
3169 2761 3258 2818 καὶ
3305 2763 3424 2842 περὶ
3478 2767 3585 2818 τῶν
3643 2761 3817 2818 αὐτῶν

2174 2849 2366 2908 ὁπόσαι
2419 2849 2550 2924 ὧραι
2601 2854 2669 2924 τῇ
2717 2849 2882 2926 μητρὶ
2932 2846 3216 2927 διελέγετο,
3277 2853 3398 2909 εἶτα
3444 2851 3530 2908 καὶ
3578 2849 3816 2922 κόσμους

2175 2944 2308 3015 αὖτῇ
2363 2935 2675 3000 πολυτελεῖς
2739 2938 3122 3016 προσεκόμτζε,
3197 2941 3284 2996 καὶ
3351 2938 3564 2997 πολλῶν
3633 2938 3816 2998 ἄλλων

442 3030 501 3084 et
529 3022 862 3085 amrmabat
893 3005 1022 3085 eam
1055 3023 1182 3086 fore
1211 3023 1512 3087 dominam
1568 3027 1888 3088 multorum
1941 3005 2086 3087 alio:

2178 3005 2376 3087 ἔσεσθαι
2408 3026 2585 3104 κυρίαν
2634 3005 2944 3088 διεϐεὲαίου.
2973 3005 3069 3085 "H—
3103 3005 3172 3086 ⁷δὲ
3229 3033 3329 3096 τῆς
3385 3027 3572 3094 παιδᾶς
3628 3027 3814 3106 μήτηρ

437 3113 799 3176 rum.Mater
825 3121 1022 3175 autem
1050 3113 1263 3194 puellae
1297 3131 1371 3176 ne
1403 3114 1489 3176 sic
1521 3115 1758 3196 quidem
1785 3114 2087 3197 praebebat

439 3218 644 3264 aurem
679 3203 752 3264 iis
783 3219 915 3279 qure
943 3201 1016 3264 ab
1047 3203 1176 3283 ipso
1207 3203 1580 3266 dicebantur.

521 3289 697 3354 XVII.
736 3291 963 3354 Deinde
994 3291 1096 3353 illo
1128 3301 1575 3374 perseverante,
1627 3311 1836 3355 rursus
1866 3293 2088 3375 Sophia

445 3382 605 3463 (cum
641 3380 844 3442 nescio
873 3380 1032 3442 unde
1065 3381 1396 3453 didicisset)
1427 3403 1439 3444 :
1489 3385 1639 3445 Sunt
1670 3383 1775 3445 tibi
1807 3391 1865 3445 et
1895 3383 1999 3446 ﬁlii
2029 3397 2086 3444 et

441 3489 616 3552 uxor,
646 3470 702 3532 ei
731 3471 1080 3552 respondit:
1146 3491 1258 3534 nec
1315 3491 1425 3551 ego
1483 3471 1589 3534 tibi
1644 3489 1839 3535 meam
1905 3473 2083 3535 ﬁliam

442 3560 789 3624 dederimin
817 3561 1286 3624 matrimonium.
1313 3561 1420 3626 llle
1441 3581 1581 3626 vero
1606 3563 1818 3645 partim
1843 3562 2085 3644 quidem

439 3667 645 3713 amore
679 3648 890 3732 puellte
918 3651 1131 3728 victus,
1167 3652 1383 3734 partim
1442 3660 1642 3714 autem
1697 3651 1928 3715 timoris
1981 3651 2090 3715 Dei

440 3739 663 3803 nullam
695 3739 922 3803 ducens
950 3741 1271 3817 rationem,
1306 3740 1494 3804 Deum
1529 3749 1778 3804 testatur
1833 3758 1899 3806 se
1930 3760 2088 3803 nun-

442 3849 620 3913 quam
653 3828 936 3894 habuisse
968 3850 1236 3907 uxorem,
1271 3849 1381 3892 nec
1437 3829 1615 3914 ﬁlios,
1673 3830 1777 3894 sed
1839 3849 1904 3894 se
1956 3834 2089 3912 ejus

441 3920 625 3982 ﬁliam
659 3919 812 3982 velle
844 3919 1066 3982 ducere
1095 3937 1370 4000 uxorem,
1405 3929 1464 3982 et
1521 3919 1787 3982 omnium
1845 3938 2085 3982 suorum

444 4008 739 4071 bonorum
773 4026 902 4069 eam
935 4007 1131 4072 facere
1185 4008 1517 4072 dominam.
1567 4009 1842 4073 Vincitur
1895 4009 2088 4090 itaque

445 4105 636 4161 mater
665 4095 940 4179 puellaea
996 4095 1198 4161 Gotthi
1257 4096 1474 4160 verbis.
1531 4097 1684 4171 Quid
1740 4097 1900 4161 enim
1963 4105 2089 4160 erat

444 4187 692 4260 factura,
721 4204 856 4247 cum
895 4195 1052 4248 esset
1081 4187 1323 4263 femina,
1359 4204 1490 4265 quae
1540 4185 1708 4248 facile
1761 4186 2083 4266 decipitur,

445 4287 503 4340 et
532 4283 1036 4340 sacramentorum
1069 4276 1302 4337 audiret
1348 4273 1640 4349 examina,
1702 4283 1761 4336 et
1813 4276 1870 4337 ei
1928 4285 2086 4337 metu

2169 3117 2285 3176 οὖδέ
2339 3116 2476 3174 οὕτω
2545 3129 2665 3180 τοῖς
2734 3114 2860 3194 παρ’
2943 3117 3101 3176 αὑτοῦ
3182 3117 3488 3195 λεγομένοις

2168 3209 2230 3265 τὸ
2259 3209 2373 3271 οὖς,

2251 3293 2354 3358 ιΖ⁹.
2430 3295 2592 3376 Εἶτα,
2662 3294 2858 3353 ἐκείνου
2939 3309 3057 3358 τοῖς
3129 3295 3405 3375 προτέροις
3465 3296 3808 3373 ἐμμένοντος,

2171 3387 2314 3451 αὖθις
2372 3387 2407 3454 ἦ
2470 3392 2664 3463 Σοφια,
2719 3383 2829 3444 οὐδ’
2884 3383 2994 3442 οἷδ’
3045 3383 3159 3443 ὅθεν
3209 3390 3468 3462 μαθοῦσα,
3504 3385 3668 3446 ’Ἐστι
3729 3407 3812 3441 σοι

2172 3477 2257 3534 καὶ
2311 3475 2469 3532 τέκνα
2524 3476 2611 3530 καὶ
2667 3475 2823 3554 γυνὴ,
2897 3477 3029 3555 πρὸς
3095 3476 3250 3534 αὐτὸν
3320 3475 3661 3556 ἀπεκρίνατο,
3722 3475 3811 3532 καὶ

3573 3131 3812 3198 παρεῖχε

2172 3565 2266 3623 οὒκ
2327 3565 2388 3620 ἃν
2444 3562 2552 3642 ἒγώ
2610 3584 2693 3620 σοι
2749 3564 2882 3644 πρὸς
2938 3564 3112 3644 γάμον
3152 3565 3249 3633 τὴν
3304 3565 3442 3641 ὶμὴν
3492 3563 3659 3623 παῖδα
3712 3565 3808 3622 έκ-

2171 3654 2344 3723 δοίην.
2404 3650 2465 3712 Ὀ
2515 3650 2570 3710 δὲ
2630 3662 2782 3714 τοῦτο
2841 3654 2939 3723 μὲν
2994 3661 3074 3726 τῷ
3117 3652 3272 3734 ἔρωτι
3313 3657 3414 3724 τῆς
3445 3655 3609 3731 κόρης
3640 3655 3808 3712 νικὼο

2172 3765 2356 3824 μενος,
2389 3749 2544 3801 τοῦτο
2573 3738 2629 3798 δὲ
2663 3743 2747 3799 καὶ
2795 3744 2934 3800 θείου
2967 3740 3131 3822 φόϐου
3185 3744 3266 3821 μὴ
3321 3743 3564 3824 φροντίδα
3617 3744 3808 3802 ποιού-

2172 3855 2356 3913 μενος,
2443 3831 2761 3912 ἐμαρτύρετο
2817 3832 2909 3889 τὸν
2979 3834 3110 3891 Θεὸν
3171 3831 3309 3908 μηδὲ
3381 3855 3510 3892 ποτε
3580 3845 3809 3914 γυναῖκα

2171 3921 2309 4000 μηδὲ
2365 3923 2522 3980 τέκνα
2579 3934 2766 4003 σχεῖν,
2826 3920 2964 3980 ἀλλὰ
3009 3923 3096 3980 καὶ
3143 3925 3218 3987 είς
3267 3923 3490 4002 σύζυγον
3519 3923 3808 4004 ἀγαγέσθαι

2170 4014 2269 4081 τὴν
2327 4013 2492 4092 κόρην
2545 4011 2845 4089 βούλεσθαι,
2905 4014 2992 4071 καὶ
3043 4017 3150 4069 τῶν
3209 4013 3367 4072 αὖτοῡ
3425 4015 3640 4072 πάντων
3711 4036 3807 4072 κυ-

2171 4103 2285 4180 ρίαν
2341 4103 2506 4170 αὒτην
2561 4120 2631 4159 πο
2644 4101 2912 4172 ιήσασθαι.
2971 4101 3223 4162 Ἠττᾶται
3279 4113 3560 4184 τοιγαροῦν
3616 4107 3653 4175 ἡ
3711 4109 3808 4172 τῆς

2171 4188 2358 4256 παιδὸς
2415 4191 2596 4270 μήτηρ
2659 4196 2766 4248 τῶν
2817 4201 2910 4251 τοῦ
2977 4191 3170 4252 Γότθου
3239 4191 3518 4273 ῥημάτων,
3595 4197 3694 4254 Καὶ
3760 4195 3810 4249 τί

2172 4280 2271 4358 γὰρ
2327 4277 2518 4355 ἔμελλε
2576 4278 2698 4359 δρᾷν
2765 4282 2850 4338 καὶ
2920 4282 3052 4361 γυνὴ
3123 4282 3252 4340 οὖσα
3320 4284 3381 4340 τὸ
3450 4281 3668 4342 εὔκολον
3735 4284 3805 4346 είς

449 4372 793 4448 quaterctur
821 4364 1099 4428 animus?
1133 4365 1334 4446 Itaque
1383 4381 1592 4454 manus
1633 4362 1695 4425 in
1725 4366 1940 4428 cmlum
1975 4365 2087 4427 tol-

2178 4367 2409 4446 ἀπάτην,
2483 4369 2570 4426 καὶ
2640 4367 2812 4448 ὅρκων
2878 4370 3071 4447 ἑσμοὺς
3145 4371 3433 4450 ἀκούουσα,
3506 4375 3595 4432 καὶ
3662 4371 3805 4454 φόϐῳ

445 4458 580 4520 lens
609 4477 623 4515 :
657 4459 827 4517 Pater
855 4455 1281 4534 orphanorum,
1339 4462 1396 4516 et
1447 4452 1724 4516 defensor
1753 4455 2084 4536 viduarum,

450 4545 704 4609 Domine
733 4552 789 4606 et
811 4545 994 4618 Deus,
1022 4544 1230 4623 inquit,
1258 4561 1332 4606 ne
1355 4542 1709 4625 dexpexeris
1737 4544 1889 4608 hanc
1913 4546 2085 4627 pucl-

451 4634 593 4707 lam,
631 4651 760 4713 quae
787 4633 912 4694 viro
943 4633 1143 4709 ignoto
1176 4632 1580 4713 conjungitur.
1613 4633 1696 4695 Te
1755 4634 1914 4696 enim
1961 4634 2089 4714 ejus

451 4723 881 4808 promissorum
928 4721 1153 4802 accipio
1202 4723 1598 4802 inspectorem
1639 4740 1654 4798 ;
1703 4733 1762 4785 et
1805 4731 1862 4786 te
1910 4724 2082 4799 freta,

451 4813 690 4876 unicam
724 4829 914 4873 meam
947 4812 1125 4873 ﬁliam
1161 4811 1326 4873 trado
1359 4811 1498 4872 huic
1531 4812 1866 4892 peregrino.
1906 4812 1975 4874 Et
2003 4813 2092 4875 in-

452 4903 628 4967 terim
680 4899 962 4964 scribitur
1017 4908 1348 4963 contractus
1394 4900 1778 4979 matrimonii,
1841 4911 1900 4964 et
1953 4923 2086 4964 cum

453 4992 815 5072 aliquantum
849 4990 1132 5070 temporis
1188 4988 1389 5051 Hunni
1436 4987 1717 5051 Edessam
1757 4991 2090 5055 circumse-

457 5083 707 5155 dissent,
739 5079 886 5141 socii
917 5089 1112 5142 autem
1133 5089 1195 5141 et
1223 5078 1526 5158 adjutores
1551 5077 1757 5140 urbem
1791 5080 2094 5142 defendis-

461 5180 616 5240 sent,
634 5169 1010 5248 hostiumque
1028 5170 1310 5246 impetum
1341 5168 1876 5248 propulsassent,ﬁt
1899 5170 2094 5252 puella

461 5275 773 5338 praegnans
805 5277 870 5318 ex
903 5259 1099 5319 Gotthi
1149 5259 1594 5338 conjunctione.
1645 5257 1916 5321 Nondqu
1951 5279 2090 5323 vero

455 5355 688 5423 tempus
711 5348 978 5422 pariendi
1005 5348 1346 5414 advenerat.
1373 5357 1432 5406 et
1460 5349 1652 5410 Hunni
1680 5350 2088 5428 quidem,cum

459 5434 606 5495 nihil
654 5435 984 5512 petuissent
1027 5437 1219 5496 facere
1262 5455 1468 5497 eorum
1514 5457 1645 5516 quae
1685 5449 2089 5517 speraverant,

456 5525 578 5602 jam
613 5525 669 5582 in
701 5523 900 5583 animo
935 5525 1233 5584 habebant
1253 5527 1541 5601 proﬁcissi
1574 5526 1632 5584 in
1667 5526 2092 5604 patriamsocii

462 5618 657 5678 autem
688 5618 745 5680 et
773 5611 1074 5694 adjutores
1106 5613 1380 5676 volebant
1409 5612 1605 5678 redire
1640 5613 1913 5677 Romam.
1944 5615 2090 5684 Cum

2172 4457 2270 4526 τήν
2301 4459 2484 4540 ψυχήν
2514 4455 2867 4538 βαλλομένη;
2915 4461 3020 4528 Τὰς
3046 4474 3241 4542 χεῖρας
3297 4461 3387 4519 οὖν
3438 4463 3512 4529 είς
3560 4462 3803 4542 οὺρανοὺς

2172 4547 2512 4608 ἀνατείνασα.
2547 4549 2605 4606 Ὀ
2637 4549 2817 4628 Πατὴρ
2870 4553 2977 4607 τῶν
3035 4551 3296 4631 ὀρφανῶν,
3359 4553 3446 4610 καὶ
3507 4556 3802 4632 προστάτης

2171 4638 2277 4696 τῶν
2309 4643 2522 4719 χηρῶν,
2560 4637 2805 4696 Δέσποτα
2832 4640 2922 4699 καὶ
2951 4640 3072 4714 Θεέ,
3115 4639 3238 4722 ἔφη,
3289 4643 3369 4718 μὴ
3417 4643 3516 4711 τὴν
3573 4641 3802 4722 ὀρφανὴν

2171 4725 2324 4796 τήνδε
2397 4726 2633 4804 περιίδῃς
2703 4727 2962 4808 ἀγνώστῳ
3030 4732 3442 4808 συζευθνυμένην
3507 4730 3670 4807 ἀνδρί,
3734 4730 3799 4786 Σὲ

2170 4817 2270 4894 γὰρ
2339 4822 2444 4874 τῶν
2511 4817 2669 4874 αὐτοῦ
2735 4819 3079 4900 ὑποσχέσεων
3151 4819 3338 4901 ἔφορον
3393 4819 3644 4903 δέχομαι,
3717 4819 3801 4876 καὶ

2171 4925 2254 4962 σοι
2315 4909 2622 4985 πεποιθυῖα,
2705 4906 2797 4974 την
2868 4910 3040 4984 μόνην
3109 4907 3227 4986 ἐμοὶ
3297 4908 3466 4968 παῖδα
3533 4911 3612 4986 τῷ
3679 4907 3802 4979 ξένῳ

2172 4997 2344 5069 τούτῳ
2412 4993 2682 5068 ἐκδίδωμι.
2747 4995 2927 5061 οὕτως
2989 4997 3116 5080 ἔφη,
3183 5001 3273 5057 καὶ
3342 4999 3535 5076 μεταξὺ
3604 4995 3801 5077 γαμικὰ

2173 5081 2468 5159 συμϐόλαια
2529 5084 2840 5171 γράφονται.
2916 5088 3020 5145 Καὶ
3093 5085 3160 5156 δὴ
3234 5110 3352 5146 τινα
3423 5089 3618 5171 χρόνον
3689 5097 3801 5146 τοῖς

2174 5175 2316 5253 παρα
2369 5175 2466 5242 τὴν
2524 5170 2797 5231 ’Ἔδεσσαν
2857 5175 3041 5242 τόποις
3093 5184 3200 5235 τῶν
3251 5170 3460 5237 Οὕννων
3512 5194 3801 5256 στρατοπιο

2173 5261 2527 5338 δευσαμένων,
2588 5264 2674 5318 καὶ
2730 5269 2837 5319 τῶν
2895 5268 3201 5347 συμμάχων
3273 5275 3340 5347 τῇ
3391 5267 3544 5327 πόλει
3610 5285 3800 5346 προσε-

2174 5350 2480 5429 δρευόντων,
2554 5353 2641 5408 καί
2711 5353 2808 5421 τὴν
2890 5363 2995 5414 τῶν
3062 5356 3332 5431 πολεμίων
3418 5356 3603 5435 ἔφοδον
3668 5357 3801 5411 ἀποο

2175 5442 2530 5518 κρουομένων,
2587 5442 2833 5519 ἒγκύμων
2895 5447 2924 5513 ἡ
2982 5449 3116 5524 κόρη
3174 5452 3242 5523 τῇ
3287 5455 3378 5506 τοῦ
3424 5448 3618 5505 Γότθου
3661 5445 3799 5521 γίνε-

2174 5551 2260 5584 ται
2313 5531 2584 5608 συναφεία.
2641 5530 2802 5588 Οὔπω
2858 5535 2946 5588 οὖν
3000 5537 3028 5591 ὁ
3085 5536 3267 5614 καιρὸς
3315 5540 3449 5613 αὸτῇ
3478 5541 3581 5592 τῶν
3607 5531 3796 5591 ὠδίνων

2175 5616 2398 5698 ἐπέστη,
2469 5620 2553 5677 καὶ
2625 5621 2685 5681 τδ
2755 5621 2853 5692 μὲν
2925 5625 3199 5704 Οὒννικὸν,
3260 5623 3404 5694 οὐδέν
3458 5628 3533 5684 ὧν
3584 5624 3797 5696 ἤλπισεν
3884 5643 3885 5648 ‘
