3918 6138
370 352 477 422 151

1666 352 1949 420 MENSIS
1989 349 2439 418 NOVEMBER.

3630 351 3741 420 152

366 493 520 568 quod
543 506 676 552 cum
699 505 809 551 nos
830 504 1030 566 posses
1052 487 1248 550 tollere
1269 490 1338 548 de
1359 488 1566 555 medio,
1583 489 1693 548 hoc
1713 492 1838 547 solo
1863 488 1913 546 t‘u

2192 489 2252 563 ri,
2309 488 2538 568 γένοιτο,
2571 485 2652 546 ὅτι
2700 483 2796 546 καί
2855 485 3142 564 δυνάμενος
3189 489 3333 566 ἡμᾶς
3377 487 3590 549 ἀνελεῖν
3638 491 3739 571 ἦρ-

365 591 693 646 contentus.
709 589 771 642 ut
791 598 881 641 me
896 596 1119 639 servam
1141 582 1354 639 faceres
1385 595 1488 652 pro
1509 580 1708 638 libera.
1735 578 2018 638 Promissa

369 676 572 756 reipsa
597 675 950 754 praestitisti;
973 671 1389 752 jusjurandum
1409 689 1614 733 revera
1629 669 2014 732 conﬁrmasti.

367 764 519 838 Quid
547 781 689 844 ergo
711 771 894 825 restat
915 762 1097 838 aliud,
1131 759 1580 822 nisiutomnino
1606 760 1872 822 invocem
1891 779 2012 841 eos,

368 854 468 935 qui
495 873 564 916 ea
585 872 716 934 quae
742 853 964 914 ﬁebant
987 851 1552 930 inspexerunt,quos
1576 858 1638 913 tu
1661 857 1801 911 tunc
1821 849 2016 910 addu-

366 943 508 1005 xisti
533 942 796 1004 testesiis
822 957 951 1022 quae
975 958 1006 1000 a
1032 947 1088 1002 te
1105 937 1489 1002 dicebantur?
1514 938 1613 1000 Eis
1632 939 1883 1010 enim,et
1903 957 2020 1000 non

365 1032 890 1109 aiii,conﬁsa,mea
909 1036 1118 1109 sponte
1132 1028 1686 1108 constituidisjungi
1701 1047 1730 1088 a
1748 1037 2018 1107 parente,

367 1140 495 1183 eam
519 1139 650 1203 qua)
673 1138 780 1181 nos
805 1119 1041 1192 tulerat,
1067 1121 1432 1198 relinquere.
1458 1125 1514 1178 et
1537 1127 1593 1179 te
1612 1117 1802 1178 solum
1825 1117 2017 1198 sequi,

364 1210 501 1274 Haec
516 1229 647 1271 cum
664 1209 1150 1288 dixisset,animm
1169 1207 1374 1268 oculos
1393 1207 1462 1268 ad
1484 1209 1697 1269 malum
1715 1207 1925 1268 tollens
1942 1206 2018 1266 si-

365 1300 486 1361 mul
510 1319 644 1360 cum
663 1297 1172 1360 sensilibuszDeus
1192 1305 1421 1376 patrum
1440 1313 1874 1371 meorum,cum
1896 1296 2022 1375 eju-

365 1389 486 1450 latu
508 1387 742 1450 dicebat
769 1396 827 1449 et
847 1386 1314 1468 lacrymis,adsis
1339 1386 1485 1447 mihi
1510 1386 1836 1447 miserm:et
1861 1385 2015 1466 vide,

363 1477 506 1549 quid
531 1481 636 1535 iste
658 1477 889 1549 quidem
925 1485 977 1533 te
1003 1485 1143 1534 teste
1173 1483 1228 1532 et
1250 1476 1362 1532 tuis
1393 1477 1609 1532 sanctis
1640 1484 1692 1532 et
1725 1475 2021 1532 confesso-

363 1569 530 1625 rlbus
546 1577 632 1624 est
665 1567 980 1638 pollicitus,
1002 1564 1140 1638 quid
1172 1572 1359 1622 autem
1395 1580 1545 1622 nunc
1569 1565 1752 1636 reipsa
1784 1565 1932 1629 facit.
1961 1573 2020 1622 ut

365 1677 476 1720 nos
506 1657 694 1719 libera
719 1657 791 1719 ab
808 1657 880 1719 iis
904 1657 1093 1731 malis,
1105 1676 1208 1737 pro
1232 1656 1406 1720 nobis
1431 1657 1866 1719 intercessores
1890 1667 2021 1718 tuos

367 1756 607 1810 sanctos
650 1748 953 1827 accipiens
987 1766 1000 1810 :
1038 1747 1317 1827 quoniam
1371 1747 1463 1808 his
1496 1755 1626 1827 post
1683 1754 1740 1807 te
1773 1747 2015 1817 conﬁsa,

2101 577 2296 646 κέσθης
2347 579 2518 653 τούτῳ
2548 575 2719 658 μόνῳ,
2749 585 2828 654 τῷ
2863 575 3056 646 δούλην
3099 579 3217 637 ἄντ’
3247 579 3520 660 ἐλευθέρας
3577 583 3743 652 ποιή-

2102 672 2313 732 σασθαι.
2375 670 2481 734 Τὰς
2539 667 2861 746 ἐπαγγελίας
2908 668 2993 726 ἐπὶ
3046 675 3151 727 τῶν
3209 669 3379 749 ἔργων
3435 669 3744 752 ἐξῇνεγκαςο

2099 759 2221 822 τοὺς
2269 759 2456 837 ὅρκους
2514 759 2801 816 ἐπιστώσω
2844 770 2964 824 τοῖς
3015 761 3314 840 πράγμασι.
3348 762 3408 820 Τί
3449 760 3584 829 δῆτα
3632 763 3751 820 λοι-

2105 849 2205 904 πὸν
2261 847 2401 928 ἐμοὶ,
2435 848 2471 917 ἢ
2531 849 2758 913 ἐκείνους
2810 848 3026 913 πάντως
3083 851 3301 930 ἐφόρους
3332 852 3454 914 τοῖς
3511 874 3748 928 πραττο-

2105 938 2285 1013 μένοις
2357 937 2658 1012 ἐπικαλεῖν,
2721 945 2809 1002 οῦς
2879 937 2998 996 τότε
3071 940 3335 1018 μάρτυρας
3404 942 3560 1006 αὐτὸς
3631 955 3749 1007 τοῖς

2104 1029 2245 1104 παρὰ
2277 1035 2372 1085 σοῦ
2424 1027 2731 1105 λεγομένοις
2789 1026 3020 1108 ἐπῇειςς
3082 1029 3281 1096 Αῦτοῖς
3340 1032 3464 1112 γὰρ,
3510 1033 3598 1090 καὶ
3656 1034 3751 1089 οῦκ

2106 1116 2274 1198 ἄλλῳ,
2349 1116 2653 1196 θαῤῥήσασα
2681 1167 2697 1198 ,
2767 1123 2867 1186 τῆς
2938 1118 3195 1186 τεκούσης
3269 1118 3578 1199 διαζυγῆναι
3649 1121 3750 1191 τήν

2103 1206 2465 1284 ἐνεγκαμένην
2521 1205 2835 1288 ἀπολιπεῖν,
2867 1207 2964 1265 καὶ
3019 1211 3100 1266 σοὶ
3151 1209 3298 1286 μόνῳ
3328 1209 3550 1287 εἱλόμην
3610 1212 3747 1270 ἀκο-

2101 1294 2336 1358 λουθεῖν.
2398 1297 2572 1355 Ταῦτα
2602 1298 2820 1353 εἰποῦσα
2877 1298 2996 1359 τοὺς
3054 1303 3154 1366 τῆς
3198 1303 3383 1380 ψυχῆς
3442 1299 3748 1379 ὀφθαλμοὺς

2101 1385 2214 1460 ἅμα
2273 1399 2390 1451 τοῖς
2423 1387 2724 1458 [αἰσθητοῖς
2775 1388 2906 1466 πρὸς
2963 1389 3180 1466 οὐρανὸν
3237 1387 3430 1467 ἄρασα,
3495 1389 3552 1450 Ὀ
3615 1393 3748 1456 Θεὸς

2102 1482 2206 1532 τῶν
2265 1474 2506 1554 πατέρων
2564 1497 2686 1552 μου,
2721 1477 2814 1531 σὺν
2865 1479 3128 1556 οἰμωγαῖς
3179 1477 3276 1535 καΐ
3319 1477 3565 1556 δάκρυσιν
3620 1479 3750 1536 ἕλε-

2102 1588 2188 1645 γε,
2235 1566 2530 1645 παράστηθί
2590 1589 2679 1642 μοι
2737 1572 2804 1643 τῇ
2865 1565 3052 1641 ἀθλίῳ,
3083 1570 3178 1625 καὶ
3221 1566 3304 1624 ῗδε
3356 1570 3404 1625 τὶ
3448 1569 3546 1644 μὲν
3599 1579 3753 1633 οὗτος

2103 1656 2202 1712 ὑπὸ
2231 1655 2320 1713 σοὶ
2369 1657 2590 1735 μάρτυρι
2645 1658 2731 1712 καὶ
2791 1669 2911 1721 τοῖς
2968 1670 3083 1723 σοτς
3127 1658 3298 1736 ἁγίοις
3353 1660 3439 1716 καὶ
3470 1657 3755 1738 ὁμολογηο

2100 1758 2222 1811 ταῖς
2281 1745 2663 1823 ἐπηγγείλατο,
2699 1747 2750 1802 τί
2804 1744 2858 1802 δὲ
2919 1754 3006 1803 νῦν
3057 1747 3141 1804 ἐπὶ
3201 1747 3308 1804 τῶν
3365 1747 3532 1827 ’ἔργων
3575 1763 3755 1807 ποιεῖ’

369 1838 684 1917 praesentia
708 1838 831 1899 haec
856 1837 1008 1898 mala
1030 1837 1316 1899 sustineo.
1343 1836 1490 1900 Cum
1516 1836 1602 1897 sic
1625 1836 1822 1916 puella
1848 1843 1916 1896 tat

2242 1837 2346 1892 τῶν
2399 1833 2582 1892 δεινῶν
2633 1835 2831 1893 τούτων
2889 1839 3034 1912 ἡμᾶς
3082 1836 3284 1911 ἐξελοῦ,
3335 1836 3582 1918 πρέσϐεις
3624 1839 3758 1918 ὑπὲρ

365 1927 557 1989 Deum
603 1935 892 2007 rogasset,
927 1927 987 1987 in
1021 1925 1222 1989 Gotthi
1252 1935 1448 1986 autem
1507 1925 1664 1986 sedes
1697 1932 1898 1986 essent
1933 1926 2020 1985 in-

364 2018 580 2096 gressi,
616 2017 945 2098 aspexisset
996 2034 1136 2078 vero
1184 2017 1311 2096 ejus
1370 2015 1589 2094 conjux
1641 2014 1926 2095 puellam,
1960 2022 2019 2075 et

364 2105 883 2170 animadvertisset
941 2107 1071 2186 ejus
1133 2105 1668 2186 pulchritudinem,
1731 2103 2017 2183 zelotypia

366 2205 425 2257 et
473 2197 812 2276 suspicione
864 2196 926 2256 in
980 2197 1180 2258 animo
1241 2195 1434 2255 statim
1485 2195 1772 2274 repletur.
1825 2195 2015 2272 Rogat

364 2286 565 2364 itaque
587 2287 884 2361 maritum,
913 2305 1185 2365 quaenam
1215 2287 1342 2364 ipsa
1374 2294 1553 2359 esset,
1594 2292 1651 2345 et
1682 2283 1840 2345 unde
1857 2290 2015 2344 esset

365 2381 581 2450 orta,et
605 2392 788 2456 quare
815 2393 943 2436 eam
977 2394 1177 2438 secum
1201 2393 1356 2436 nunc
1383 2374 1647 2436 duceret.
1687 2372 1790 2434 Ille
1813 2381 2008 2433 autem

365 2483 495 2526 eam
532 2483 662 2526 esse
691 2466 1004 2547 captivam,
1031 2465 1106 2526 ab
1137 2464 1361 2527 Edessa
1396 2464 1740 2542 abductam,
1774 2464 2009 2522 ductam

362 2573 501 2618 vero
553 2574 708 2629 esse,
746 2568 809 2616 ut
859 2555 915 2617 ei
962 2555 1231 2629 serviret,
1265 2554 1599 2633 respondit.
1659 2553 1766 2613 Illa
1815 2559 2010 2612 autem

363 2645 613 2707 formam
647 2644 831 2723 magis
860 2643 1199 2716 attendens,
1237 2661 1410 2722 quam
1444 2643 1572 2720 ejus
1601 2641 1800 2702 verba:
1841 2641 2008 2722 Ejus,

361 2733 579 2815 inquit,
612 2733 804 2794 vultus
835 2750 1206 2812 nequaquam
1254 2750 1383 2792 eam
1430 2731 1620 2811 arguit
1652 2748 1784 2793 esse
1815 2747 2008 2791 serva.

364 2823 617 2883 Gotthus
646 2827 840 2882 autem
868 2838 882 2882 :
944 2821 1017 2881 At
1047 2829 1108 2880 tu
1138 2838 1207 2880 ea
1237 2827 1405 2882 utere
1432 2827 1714 2900 tanquam
1773 2817 2010 2881 ancilla.

2101 1925 2256 2000 ἡμῶν
2314 1925 2434 1988 τοὺς
2507 1925 2772 2005 μάρτυράς
2847 1943 2940 1981 σου
3010 1925 3330 2007 δεχόμενος,
3390 1927 3470 1984 ὅτι
3545 1929 3758 1996 τούτοις

2099 2012 2400 2091 θαῤῥήσασα
2451 2015 2587 2089 μετὰ
2617 2015 2677 2069 σὲ
2734 2014 2799 2070 τὰ
2855 2017 3092 2093 παρόντα
3148 2018 3454 2095 ὑφίσταμαι.
3519 2021 3754 2077 Τοιαῦτα

2098 2101 2196 2169 τῆς
2251 2102 2416 2178 κόρης
2473 2104 2660 2181 ἡσυχῆ
2721 2109 2812 2158 τοῦ
2873 2110 3003 2160 Θεοῦ
3060 2101 3358 2177 δεηθείεῆς,
3415 2104 3599 2173 ἐπειδὴ
3655 2108 3755 2163 τὸν

2097 2192 2188 2248 τοῦ
2246 2190 2436 2247 Γότθου
2493 2191 2648 2248 οἶκον
2714 2193 2982 2272 εἶσῂεσαν,
3047 2195 3081 2262 ἡ
3141 2194 3233 2250 τοῦ
3280 2193 3468 2273 ἀνδρὸς
3526 2196 3756 2273 σύζυγος

2095 2281 2195 2349 τὴν
2251 2281 2418 2349 κόρην
2473 2281 2798 2362 θεασαμένη,
2831 2283 2918 2340 καὶ
2969 2283 3031 2338 τὸ
3061 2281 3255 2349 κάλλος
3301 2284 3423 2341 οἷον
3472 2283 3526 2340 ἐν
3565 2285 3741 2357 ταύτῃ

2095 2372 2493 2443 κατανοήσασα,
2567 2370 2731 2441 ζήλου
2801 2372 2888 2428 καὶ
2947 2373 3194 2436 ὑπονοίας
3265 2371 3565 2438 πίμπλαται
3635 2373 3740 2441 τήν

2095 2458 2299 2538 ψυχήν.
2363 2459 2518 2517 Ὅθεν
2587 2461 2676 2516 καὶ
2747 2459 3060 2518 ἐπυνθάνετο
3128 2467 3221 2519 τοῦ
3290 2461 3470 2541 ἂνδρὸς
3526 2486 3607 2528 τις
3685 2484 3743 2519 τε

2094 2549 2228 2616 αὕτη
2261 2549 2352 2614 εἴη
2409 2551 2497 2605 καὶ
2526 2547 2642 2605 ὅθεν
2693 2551 2942 2630 ὁρμᾶται,
2981 2553 3070 2608 καὶ
3111 2551 3194 2631 ἐφ’
3225 2550 3332 2625 ὅτῳ
3384 2552 3501 2627 μεθ’
3551 2553 3746 2611 ἑαυτοῦ

2099 2639 2294 2706 ταύτην
2352 2639 2570 2718 ἀγάγει.
2613 2639 2674 2698 Ὀ
2734 2639 2789 2696 δὲ
2820 2639 3168 2720 αἰχμάλωτόν
3222 2663 3281 2698 τε
3325 2654 3464 2699 εῖναι
3514 2644 3609 2698 καί
3637 2643 3743 2710 τῆς

2096 2726 2352 2795 Ἐδέσσης
2409 2729 2698 2809 ἀχθεῖσαν,
2761 2729 2997 2810 ἀχθῆναι
3055 2729 3110 2786 δὲ
3168 2729 3253 2811 ἐφ’
3314 2735 3360 2806 ᾧ
3416 2729 3748 2788 δουλεύσειεν

2098 2817 2252 2898 αῦνῇ,
2280 2818 2616 2898 ἀπεκρίνατο.
2680 2818 2745 2876 Ἠ
2803 2817 2879 2900 δὲ,
2912 2826 2980 2896 τῇ
3041 2827 3218 2901 μορφῇ
3277 2819 3479 2896 μᾶλλον
3527 2820 3563 2889 ἢ
3622 2825 3747 2885 τοῖς

365 2911 525 2970 αύτοῦ
578 2910 757 2987 λόγοις
813 2909 1174 2989 προσέχουσα,
1225 2911 1283 2968 Ὀ
1342 2912 1441 2977 τῆς
1500 2909 1700 2986 ὅψεως,
1763 2912 1916 2989 φησὶ,
1983 2909 2267 2988 χαρακτὴρ
2313 2911 2371 2966 οῦ
2431 2906 2667 2965 δουλείαν
2725 2910 3023 2990 κατηγορεῖ
3073 2912 3174 2977 τῆς
3225 2910 3494 2990 γυναικός.
3560 2912 3659 2969 Καὶ
3721 2913 3749 2968 ὁ

365 3004 575 3079 Γότθος,
609 3001 682 3056 Σὺ
709 3000 761 3054 δὲ
807 2998 942 3055 ἀλλὰ
972 3005 1174 3078 χρῆσαι
1219 3003 1352 3077 αὒτῇ
1383 3000 1482 3056 ὅσα
1518 3001 1601 3056 καὶ
1633 2997 1872 3058 οἷκέτιδι.

445 3087 562 3152 XX.
590 3088 820 3152 Exhinc
841 3088 1040 3169 itaque
1064 3088 1262 3169 puella
1282 3097 1440 3150 metu
1457 3087 1980 3168 agebatsilentium

2201 3087 2265 3152 ι’.
2325 3088 2595 3146 Ἐντεῦθεν
2643 3089 2677 3156 ἡ
2730 3087 2862 3167 κόρη
2912 3089 3122 3157 σιωπήν
3164 3111 3221 3146 τε
3267 3087 3421 3157 ἤσκει
3464 3095 3542 3164 τῷ
3593 3088 3748 3169 φόϐῳ

365 3187 424 3240 et
446 3197 578 3259 quae
598 3177 1072 3258 imperabantur,
1098 3177 1354 3241 faciebat
1376 3179 1670 3241 ocissime.
1697 3176 2016 3239 Nesciebat

365 3267 549 3349 enim,
583 3267 868 3350 quidnam
903 3276 1100 3348 posset
1127 3267 1345 3344 facere,
1383 3267 1539 3348 quod
1572 3287 1702 3330 eam
1735 3267 2016 3332 liberaret

361 3374 398 3419 δ
446 3355 616 3418 malis
648 3355 1059 3438 presentibus.
1116 3356 1348 3419 Sanctis
1400 3365 1595 3419 autem
1627 3358 1868 3418 assidue
1927 3357 2014 3418 di-

364 3445 538 3510 cebat
570 3447 628 3508 in
654 3445 836 3509 corde
858 3465 964 3507 suo
995 3467 1010 3507 :
1043 3445 1340 3508 Festinate
1369 3447 1441 3508 ad
1474 3446 1755 3508 auxilium
1783 3446 2012 3508 ancilla;

361 3545 581 3612 vestre,
615 3556 648 3598 υ
707 3537 916 3611 sancti,
952 3535 1250 3617 festinate,
1284 3554 1493 3616 nequa)
1556 3536 1826 3598 fraudem
1862 3535 2010 3598 mihi

360 3627 574 3688 factam
603 3624 1145 3706 despicite.Puellae
1165 3642 1304 3686 vero
1328 3625 1567 3686 domina
1582 3643 1699 3686 non
1723 3624 2005 3705 legitima,

360 3717 419 3777 in
451 3734 582 3777 eam
634 3725 792 3778 mota
821 3715 1133 3796 zelotypia,
1167 3714 1367 3795 puella
1414 3716 1672 3794 graviter
1706 3716 2005 3791 utebatur,

359 3815 420 3868 et
443 3805 498 3869 ei
519 3811 786 3886 gravlora
807 3823 988 3886 opera
1008 3803 1363 3886 imperabat,
1394 3805 1648 3885 perinde
1678 3823 1745 3867 ac
1769 3804 1819 3866 si
1849 3805 2011 3868 illius

357 3895 614 3972 labores,
649 3895 885 3957 invidiae
917 3914 1032 3974 qua
1062 3893 1365 3969 utebatur,
1405 3895 1536 3976 ipsa
1569 3895 1870 3975 preprium
1900 3895 2011 3956 ha-

357 3985 531 4047 beret
580 3985 877 4046 solatium.
911 3983 1079 4056 Quod
1124 3991 1317 4046 autem
1353 3993 1479 4046 erat
1528 3985 1794 4046 omnium
1829 3984 2011 4046 maxi-

359 4093 549 4150 mum,
584 4093 660 4136 ne
716 4091 843 4134 eam
877 4072 1118 4153 quidem
1154 4071 1388 4134 volebat
1417 4073 1658 4155 alloqui.
1695 4077 2009 4152 Postquam

359 4172 556 4226 autem
609 4161 974 4242 procedente
1008 4170 1274 4243 tempore
1323 4162 1578 4242 puellam
1609 4162 1851 4224 rescivit
1881 4180 2013 4223 esse

358 4251 988 4332 gravidam,zelotypiae
1010 4252 1143 4312 ﬁam
1155 4269 1247 4314 ma
1275 4252 1460 4328 magis
1482 4268 1754 4326 accensa,
1790 4250 2011 4330 gravis-

2096 3179 2184 3234 καὶ
2241 3178 2378 3235 κατὰ
2435 3179 2606 3257 τάχος
2662 3177 2826 3234 ἐποίει
2885 3179 2952 3234 τὰ
3006 3180 3460 3259 προσταττόμενα·
3521 3178 3583 3234 οῦ
3640 3181 3750 3259 γὰρ

2097 3269 2257 3347 εἶχεν
2313 3265 2341 3323 ὅ
2371 3289 2420 3323 τι
2481 3277 2567 3324 καί
2616 3264 2845 3345 δράσειε,
2878 3275 2985 3324 τῶν
3024 3269 3297 3348 παρόντων
3350 3269 3512 3337 αὐτὴν
3559 3270 3746 3325 κακῶν

2097 3352 2382 3431 δυνάμενον
2439 3353 2759 3421 ἀπαλλάξαι.
2815 3355 2950 3434 Πρὸς
3005 3353 3060 3412 δὲ
3118 3356 3239 3420 τοὺς
3283 3356 3462 3434 ἁγίους
3511 3354 3744 3412 διαπαν-

2095 3447 2188 3510 τὸς
2243 3445 2298 3501 ἐν
2346 3446 2414 3520 τῇ
2460 3442 2636 3523 κορδίᾳ
2687 3444 2847 3512 αῦτῆς
2896 3443 3066 3523 ἔλεγε⁹
3135 3445 3404 3502 Σπεύσατε
3451 3447 3583 3523 πρὸς
3635 3447 3742 3514 τὴν

2093 3535 2341 3611 βοήθειαν
2399 3534 2494 3602 τῆς
2552 3532 2746 3602 δούλης
2801 3536 2970 3610 ὑμὼν,
3021 3534 3189 3615 ἅγιοι,
3251 3535 3532 3593 σπεύσατε⁶
3593 3534 3743 3611 μῆδὲ

2093 3626 2184 3681 τὸν
2239 3622 2359 3680 κατ’
2391 3623 2520 3700 ἐμοῦ
2575 3622 2828 3702 παρίδητε
2872 3622 3048 3684 δόλον.
3109 3621 3175 3681 Ἠ
3203 3622 3258 3680 δὲ
3311 3629 3410 3692 τῆς
3441 3628 3606 3703 κόρης
3658 3627 3743 3694 μὴ

2092 3715 2228 3771 κατὰ
2284 3713 2477 3790 νόμους
2534 3713 2684 3793 κῦρία
2739 3712 3050 3785 ζηλοτύπως
3109 3713 3308 3794 ἔχουσα
3365 3715 3497 3795 πρδς
3566 3717 3741 3785 αῦτῆν

2091 3804 2294 3883 βαρέως
2340 3824 2397 3860 τε
2440 3809 2510 3876 τῇ
2565 3804 2698 3882 κόρῃ
2746 3805 2974 3882 ἐχρῆτο,
3007 3803 3102 3861 καῖ
3145 3804 3433 3882 βαρυτέρας
3463 3806 3598 3882 αὐτῇ
3639 3807 3744 3872 τὰς

2092 3895 2339 3973 ἐργασίας
2423 3892 2729 3967 ἐπέταττεν,
2794 3892 2975 3970 ὥσπερ
3055 3894 3175 3957 τοὺς
3260 3893 3470 3962 ἐκείνης
3545 3896 3746 3962 πόνους

2092 3991 2184 4040 τοῦ
2237 3984 2435 4051 ταύτην
2475 3981 2809 4046 διακαίοντος
2866 3984 3056 4062 φθόνου
3100 3980 3242 4039 ἴδιαν
3293 3987 3427 4061 αὐτῇ
3477 3987 3747 4063 ’παραμύ-

2093 4077 2204 4131 θιον
2255 4074 2481 4153 ἔχουσα.
2517 4073 2588 4130 Τὸ
2646 4070 2701 4127 δὲ
2731 4093 2792 4150 γε
2823 4075 3008 4148 μεῖζον
3069 4069 3242 4130 δεινὸν
3275 4071 3356 4130 ὅτι
3386 4073 3522 4150 μηδέ
3579 4074 3750 4154 λόγου

2095 4165 2228 4240 αὐτῇ
2288 4174 2564 4220 κοινωνεῖν
2619 4159 2789 4230 ἠξίου.
2839 4161 2991 4220 Ἐπεὶ
3045 4159 3101 4218 δὲ
3149 4163 3237 4220 καὶ
3292 4163 3608 4242 ἐγκυμονετν
3665 4172 3754 4240 τῷ

2095 4252 2280 4334 χρόνῳ
2349 4253 2446 4320 τὴν
2508 4251 2672 4328 κόρην
2729 4250 3009 4327 ἐμάνθανε,
3075 4252 3172 4319 τὴν
3242 4257 3342 4318 τῆς
3409 4252 3754 4325 ζηλοτυπίας

356 4342 575 4405 simum
635 4359 786 4421 opus
816 4343 888 4402 ab
923 4360 993 4403 ea
1047 4341 1346 4420 exigebat.
1380 4339 1496 4402 Cur
1545 4341 1658 4402 hoc
1683 4347 1711 4403 ?
1756 4339 1897 4404 Stud

2232 4360 2268 4397 ἀ
2351 4339 2605 4398 ἐπιπλὲον
2689 4337 2990 4397 ἐκκαύσασα
3071 4339 3368 4419 βαρυτάτην
3455 4340 3508 4408 ἐξ
3575 4343 3779 4417 αὖτῇς³

357 4430 558 4494 videre
590 4439 836 4494 mortem
874 4431 1114 4510 puellae,
1139 4431 1290 4491 fetus
1322 4430 1475 4491 facta
1524 4429 1854 4492 abortione.
1891 4429 1904 4491 ξ

2203 4453 2288 4500 ,τει
2337 4431 2433 4498 τὴν
2479 4429 2752 4509 ἐργασίαν.
2809 4431 2870 4486 Τί
2897 4436 3100 4506 τοῦτο;
3158 4428 3518 4503 σπουδάζουσα
3569 4431 3750 4491 θάνα-

354 4520 592 4583 invictae
620 4531 795 4583 erant
823 4519 1042 4582 Christi
1088 4519 1265 4600 vires,
1306 4528 1364 4582 et
1393 4537 1598 4582 eorum
1633 4524 1731 4601 qui
1766 4539 1901 4601 prop

2238 4521 2336 4589 τῆς
2410 4518 2572 4598 κόρης
2631 4516 2761 4576 ἱδεϊν
2833 4517 3181 4596 ἐκτρωθὲντος
3259 4523 3391 4596 αὐτῇ
3449 4519 3526 4596 μὴ
3601 4522 3750 4577 κατὰ

359 4609 651 4673 Christum
685 4609 840 4692 passi
867 4617 1006 4671 sunt
1037 4631 1050 4673 :
1087 4627 1196 4690 per
1225 4627 1373 4690 quas
1398 4609 1596 4690 puella
1625 4617 1682 4670 et
1705 4627 1906 4690 super:

2198 4619 2268 4668 δὸν
2321 4617 2412 4667 τοῦ
2456 4606 2702 4686 ἐμϐρύοῦ,
2765 4605 2918 4665 Ἀλλ’
2967 4609 2999 4676 ἦ
3051 4616 3143 4666 τοῦ
3200 4611 3449 4688 Χριστοῦ,
3489 4609 3577 4666 καὶ
3630 4615 3745 4667 τῶν

356 4698 680 4772 molestias,
715 4707 773 4761 et
804 4699 1017 4760 mansit
1075 4698 1323 4762 minime
1353 4699 1489 4761 laesa
1536 4718 1570 4760 a
1601 4699 1794 4760 malis.
1843 4701 1903 4762 Pl

2236 4699 2460 4778 Χριστὸν
2545 4697 2820 4755 παθόντων
2878 4697 3037 4776 ἰσχὺς
3112 4695 3330 4778 ἄμαχος
3400 4699 3492 4773 ἦν,
3549 4696 3611 4755 δι’
3665 4701 3743 4766 ἧς

352 4807 530 4868 quam
561 4795 760 4850 autem
790 4788 1043 4851 accessit
1074 4795 1310 4868 tempus
1361 4796 1590 4868 partus,
1626 4789 1784 4870 parit
1811 4788 2002 4850 ﬁlium

355 4878 708 4958 masculum,
740 4877 840 4958 qui
891 4876 1072 4958 patris
1103 4876 1359 4956 efﬁgiem
1412 4876 1474 4938 in
1506 4878 1701 4958 seipso
1748 4895 2002 4941 conser-

351 4967 526 5030 vabat
576 4974 634 5028 et
665 4975 791 5028 erat
817 4966 1037 5030 Gottho
1069 4965 1234 5027 omni
1284 4983 1353 5029 ex
1389 4971 1557 5047 parte
1586 4965 1824 5031 similis.
1879 4967 2003 5029 Hoc

353 5075 488 5119 cum
517 5056 849 5137 aspexisset
878 5054 1076 5118 Gotthi
1127 5055 1370 5137 conjux,
1402 5063 1460 5117 et
1490 5057 2005 5120 animadvertisset

353 5163 530 5224 quam
583 5154 741 5206 esset
771 5163 1050 5226 expressa
1078 5145 1430 5226 similitudo,
1467 5145 1614 5208 nihil
1674 5147 1834 5210 aliud
1867 5165 2002 5208 ver-

351 5233 517 5294 sabat
561 5234 622 5295 in
653 5234 878 5309 animo,
909 5253 1087 5314 quam
1130 5235 1432 5314 quomodo
1490 5254 1739 5317 puerum
1791 5236 2005 5298 interi-

351 5329 563 5397 meret;
593 5323 803 5384 marito
828 5332 1025 5384 autem
1059 5323 1317 5387 dicebat:
1349 5325 1475 5404 Ego
1510 5326 1620 5387 tibi
1653 5345 1768 5387 non
1799 5327 1998 5388 credi-

2085 4789 2336 4870 κρείττων
2392 4809 2450 4844 τε
2479 4789 2514 4857 ἡ
2568 4787 2701 4865 κόρη
2760 4787 2866 4845 τῶν
2924 4786 3207 4866 ἀλγεινῶν,
3241 4789 3330 4845 καὶ
3363 4787 3570 4855 ἂπαθὴς
3627 4811 3746 4846 κα-

2087 4883 2195 4937 κῶν
2249 4878 2458 4954 ἔμενεν.
2517 4874 2669 4934 Ἐπεὶ
2726 4874 2780 4932 δὲ
2835 4877 2863 4934 δ
2920 4882 3028 4933 τῶν
3073 4873 3272 4934 ὠδίνων
3339 4876 3473 4954 αὒτῇ
3528 4875 3752 4946 ἐπέστη

2085 4968 2285 5042 καιρὸς,
2339 4966 2505 5024 τίκτει
2559 4963 2763 5023 παιδίον
2820 4963 2999 5044 ipsa»,
3031 4965 3122 5022 τὸν
3174 4967 3488 5045 χαρακτῇρά
3528 4985 3586 5023 τε
3645 4976 3748 5026 τοῦ

2086 5058 2283 5135 πατρὸς
2329 5057 2413 5137 ἐφ’
2445 5057 2633 5114 ἑαυτοῦ
2687 5053 2943 5126 διασῶζον
3000 5055 3089 5112 καὶ
3118 5059 3196 5128 τῷ
3243 5055 3421 5130 Γότθῳ
3450 5055 3516 5112 τὰ
3563 5056 3750 5115 πάντα

2084 5147 2423 5225 προσεοικός.
2502 5147 2670 5204 Τοῦτο
2724 5145 2761 5212 ἡ
2811 5150 2906 5200 τοῦ
2980 5144 3174 5203 Γότθου
3252 5145 3468 5222 σύζυγος
3539 5147 3750 5203 θεασα-

2085 5237 2246 5316 μένη,
2301 5237 2390 5292 καὶ
2458 5234 2626 5304 αὒτὴν
2702 5232 3001 5302 ἐννοήσασα
3071 5237 3172 5300 τῆς
3241 5233 3564 5310 ὁμοιότητος
3643 5236 3754 5304 τὴν

2084 5324 2377 5406 ἀκρίϐειαν,
2426 5323 2572 5382 οὐδὲν
2627 5323 2695 5391 ’ἣν
2751 5321 2932 5401 ἕτερον
2990 5322 3284 5404 στρέφουσα
3336 5325 3472 5380 κατὰ
3529 5331 3650 5381 νοῦν
3707 5328 3753 5395 ἢ

350 5411 566 5485 derirn,
602 5413 756 5492 quod
785 5430 920 5472 cum
954 5413 1156 5492 puella
1187 5433 1305 5474 non
1337 5414 1609 5478 coiveris.
1644 5419 1793 5480 Nam
1838 5435 1897 5496 qi

2204 5439 2224 5482 ς
2269 5416 2329 5472 τὸ
2376 5411 2582 5472 παιδίον
2627 5410 2816 5490 ἀνέλῃ,
2871 5413 3008 5488 Πρδς
3056 5409 3111 5468 δὲ
3162 5415 3255 5469 τὸν
3298 5408 3476 5491 ἄνδρα,
3513 5418 3624 5472 Οὔκ
3680 5413 3751 5471 ἂν

348 5517 419 5560 ex
452 5516 521 5560 ea
552 5507 751 5560 natum
782 5509 892 5572 est,
920 5510 1145 5579 patrem
1181 5512 1386 5581 aperte
1430 5504 1768 5577 conlitetur,
1803 5504 1895 5564 for

2239 5527 2324 5562 σοι
2384 5504 2767 5577 πιστεύσαιμι,
2833 5499 2960 5582 ἔφη,
2994 5506 3062 5578 τῇ
3116 5501 3251 5580 κόρῃ
3299 5524 3379 5578 μη
3437 5502 3743 5561 συνελθεῖν

348 5587 599 5668 perinde
629 5597 823 5663 utens,
857 5608 929 5651 ac
953 5589 1174 5668 lingua.
1204 5590 1310 5653 Ille
1334 5609 1470 5652 vero
1499 5592 1829 5654 afﬁrmabat
1860 5613 1890 5653 e

2200 5596 2290 5674 γὰρ
2319 5593 2370 5660 ἐξ
2429 5593 2596 5660 αὐτῆς
2654 5590 2847 5672 τεχθὲν
2901 5591 3083 5670 σαφῶς
3141 5589 3447 5672 διομολογετ
3473 5594 3564 5650 τὸν
3624 5615 3747 5652 πα-

351 5695 471 5745 non
500 5695 700 5748 verum
724 5677 964 5759 dicere;
993 5679 1244 5770 jubebat
1273 5689 1468 5746 autem
1497 5698 1567 5751 ea
1601 5681 1685 5750 uti
1709 5689 1898 5767 tanqu;

2201 5728 2221 5763 ,
2285 5683 2520 5764 καθάπερ
2580 5679 2826 5764 γλώττῃ,
2879 5686 2948 5760 τῇ
3005 5688 3184 5765 μορφῇ
3229 5682 3534 5765 χρώμενον,
3579 5682 3644 5746 ὀ
3679 5681 3746 5748 δὲ
