3918 6138
225 319 328 393 153

1139 328 1613 399 MARTYRIUM
1657 329 1721 396 S.
1765 324 2028 396 GURLE
2071 327 2171 393 ET
2214 323 2620 394 SOCIORUM.

3451 314 3565 395 154

223 467 286 540 μὴ
331 465 516 534 ἆληθῆν
562 462 746 546 λέγειν
802 467 966 537 αὐτὴν
1014 468 1337 550 ἰσχυρίζετο·
1373 469 1728 551 προετρέπετο
1778 468 1834 527 δὲ

1985 465 2162 542 ncilla,
2223 465 2430 529 dicens
2465 487 2480 530 :
2536 464 2661 530 Hoc
2691 463 2870 530 ﬁdem
2903 463 3100 542 faciat,
3131 483 3229 530 me
3257 483 3560 551 nunquam

221 562 282 624 ὡς
328 557 475 639 δούλῃ
529 565 853 644 κεχρῆσθαι,
905 562 1068 622 Τοῦτό
1115 585 1176 619 σε
1225 563 1574 646 πιστώσεται,
1631 563 1826 646 λέγων,

218 649 460 727 μηδέποτε
526 652 695 728 ταύτῃ
755 651 1023 712 συνελθεῖν
1094 654 1214 728 ἐμέ.
1270 651 1400 714 Οὒδέ
1461 655 1562 733 γὰρ
1633 651 1696 709 ἄν
1745 676 1827 711 σοι.

217 741 405 804 πάντως
461 742 532 805 εἰς
591 741 828 807 ἐξουσίαν
897 743 1065 808 οὕτως
1133 741 1365 802 ὶδὲδοτο·
1438 751 1662 823 κιρδὼσι
1730 745 1830 824 γὰρ

217 829 388 910 φιλίας,
423 829 478 889 οὗ
507 829 785 888 δειστῶσιν
810 835 857 890 οἱ
886 832 1102 911 ἔρωτες.

288 919 411 983 KA'.
469 923 599 978 Τότε
628 922 801 979 τοίνυν
861 925 888 979 ὁ
920 923 978 979 ἐκ
1019 922 1223 982 πολλοῦ
1274 931 1351 999 τῷ
1381 924 1686 1002 ἀνθρωπείῳ
1734 924 1828 1002 γέ-

215 1032 279 1067 νει
325 1008 596 1085 πολέμιος,
634 1011 734 1078 τὴν
780 1019 873 1070 τοῦ
927 1013 1120 1071 Γότθου
1180 1014 1396 1092 σύζυγον
1449 1013 1708 1095 ὑπελθὼν,
1742 1013 1827 1079 EE-

215 1101 356 1174 έμηνε
402 1101 541 1156 κατὰ
569 1109 662 1158 τοῦ
707 1100 920 1177 παιδὸς,
953 1105 1040 1160 καὶ
1089 1103 1173 1160 διὰ
1220 1112 1374 1162 τοῦτο
1404 1104 1565 1161 πόνον
1615 1127 1671 1161 τε
1703 1124 1828 1162 συν-

213 1188 468 1266 ελάμϐανε,
501 1193 590 1248 καὶ
645 1192 868 1268 ἀνομίαν
924 1194 1194 1270 ἀπέτικτε,
1252 1197 1338 1252 καὶ
1390 1218 1440 1251 τι
1501 1193 1828 1272 δηλητήριον

211 1281 293 1336 δπὸ
340 1279 537 1336 κόλπον
568 1283 727 1352 αὐτῆς
779 1281 1030 1358 ἐνθεμένη
1059 1284 1160 1351 τὴν
1205 1285 1302 1357 μὲν
1353 1285 1445 1340 τοῦ
1476 1283 1656 1345 παιδὸς
1711 1307 1827 1359 μη-

208 1369 312 1446 τέρα
362 1369 494 1427 κατά
524 1392 644 1426 τινα
703 1370 856 1438 δῆθεν
913 1373 1096 1452 χρείαν
1157 1373 1254 1441 τῆς
1305 1373 1471 1436 οἰκίας
1529 1373 1800 1450 ἐμπέμπει

212 1461 293 1516 Καὶ
340 1461 371 1526 ἡ
415 1459 513 1532 μὲν
573 1457 758 1524 ἔξεισιν
807 1462 989 1518 ἀνῦσαι
1041 1465 1100 1519 τὸ
1160 1462 1516 1542 προσταχθέν
1576 1465 1609 1531 ἡ
1641 1461 1695 1518 δὲ
1752 1470 1828 1538 τῷ

207 1555 284 1604 τώ
333 1547 517 1614 παιδὸς
591 1550 817 1625 στόματι
888 1551 1138 1627 ἐμϐάλλει
1199 1555 1261 1610 τὸ
1332 1551 1680 1632 δηλητήριον,
1740 1556 1828 1611 καὶ

207 1646 271 1711 τῷ
321 1636 629 1718 δηλητηρίιρ
693 1641 913 1703 θάνατος
976 1645 1122 1707 εὖθυς
1196 1641 1492 1709 ἠκολούθει,
1559 1644 1826 1701 Ἐπανελ-

208 1732 344 1785 θοῦσα
387 1730 561 1786 τοίνυν
618 1729 737 1804 μετ’
797 1731 974 1807 ὀλίγον
1029 1734 1058 1800 ἦ
1108 1734 1311 1812 μήτηρ,
1345 1735 1435 1790 καὶ
1489 1735 1670 1813 νεκρὸν
1730 1734 1828 1808 μὲν

1914 574 2050 617 cum
2079 573 2151 620 ea
2181 573 2314 620 esse
2342 573 2752 636 congressum.
2805 558 3018 640 Neque
3047 559 3207 620 enim
3237 575 3271 620 a
3317 575 3413 620 me
3441 575 3561 620 un-

1914 664 2088 726 quam
2121 647 2370 707 omnino
2402 646 2462 707 in
2496 655 2654 708 tuam
2689 647 2902 709 tradita
2937 647 3149 709 fuisset
3177 654 3559 729 potestatem.

1913 734 2220 797 Amicitias
2251 735 2412 798 enim
2447 737 2817 817 conjungunt
2872 756 3129 811 amores,
3171 756 3291 800 non
3321 736 3562 818 disjun-

1912 834 2080 904 gunL

1985 915 2148 979 XXI.
2208 914 2376 978 Tunc
2407 924 2602 978 autem
2649 919 2747 998 qui
2796 918 2978 997 longe
3021 917 3241 982 abhinc
3287 925 3560 1001 tempore

1915 1003 2176 1066 humano
2206 1007 2410 1084 generi
2442 1014 2532 1066 est
2560 1007 2861 1088 inimicus,
2894 1006 3092 1072 Gottbi
3136 1027 3378 1072 uxorem
3409 1007 3560 1072 sub-

1914 1093 2067 1168 iens,
2093 1113 2222 1156 eam
2259 1094 2546 1156 adversus
2576 1095 2865 1160 infantem
2898 1097 3097 1160 furore
3127 1099 3468 1174 concitavit,
3501 1105 3561 1160 et

1914 1192 2226 1264 propterea
2246 1185 2522 1264 concepit
2543 1184 2896 1267 laborem,et
2924 1188 3558 1270 peperitiniquitatem,

1913 1281 1969 1332 et
2001 1292 2134 1334 cum
2187 1274 2486 1354 quoddam
2522 1293 2816 1337 venenum
2853 1277 2910 1337 in
2957 1278 3154 1339 sinum
3187 1277 3556 1354 immisisset,

1915 1364 2080 1442 pueri
2113 1363 2356 1439 quidem
2416 1374 2662 1427 matrem
2697 1367 2914 1428 emittit
2943 1369 3014 1430 ad
3051 1368 3383 1430 faciendum
3442 1369 3558 1431 ali-

1913 1453 2080 1534 quid,
2116 1453 2272 1533 quod
2324 1463 2449 1514 erat
2503 1474 2675 1534 opus.
2732 1459 2803 1516 Et
2853 1476 2924 1518 ea
2967 1458 3206 1538 quidem
3255 1458 3564 1536 egreditur

1911 1543 1984 1604 ad
2039 1544 2484 1624 exsequendum
2521 1545 2578 1605 id
2614 1545 2768 1625 quod
2803 1546 2992 1608 fuerat
3021 1547 3374 1628 imperatum
3410 1564 3429 1619 ;
3461 1547 3562 1610 illa

1913 1642 2106 1695 autem
2143 1641 2436 1695 venenum
2466 1635 2732 1697 immittit
2762 1637 2819 1698 in
2853 1656 2918 1698 os
2950 1637 3140 1718 pueri.
3175 1644 3235 1698 et
3263 1655 3559 1699 venenum

1917 1741 2074 1784 mors
2097 1723 2290 1784 statim
2308 1732 2397 1786 est
2427 1735 2774 1789 consecuta.
2804 1727 2983 1789 Paulo
3010 1736 3139 1808 post
3161 1745 3301 1805 ergo
3323 1744 3564 1790 reversa

206 1821 256 1876 τὸ
304 1817 500 1876 παιδίον
557 1823 796 1897 εῦροῦσα,
837 1823 1256 1902 περικεχυμένον
1311 1823 1364 1880 δὲ
1413 1837 1530 1888 τοϊς
1586 1823 1830 1905 χείλεσιν

1985 1821 2126 1886 ater,
2151 1832 2283 1874 cum
2309 1813 2597 1876 infantem
2627 1817 2868 1897 quidem
2895 1818 3218 1880 invenisset
3238 1824 3559 1891 mortuum,

205 1908 379 1966 ἐκείνου
423 1913 485 1966 τὸ
540 1909 893 1992 δηλητήριον,
925 1913 1221 1980 πλητλεται
1282 1915 1390 1988 μὴν
1441 1917 1539 1981 τὴν
1586 1913 1824 1991 καρδίαν,

205 2000 274 2054 καὶ
324 1999 523 2078 πάσχει
585 2001 685 2067 τὴν
745 2003 928 2081 ψυχὴν
988 2008 1245 2082 ίσχυρῶς’
1309 2004 1528 2082 κρύπτει
1587 2002 1642 2060 δέ
1681 2003 1826 2069 ὅμως

205 2089 254 2142 τὸ
295 2088 445 2151 πάθος
494 2091 558 2145 ὲν
616 2089 922 2167 ἀπορρήτῳ,
955 2092 1016 2148 το
1074 2093 1170 2166 μὲν
1221 2095 1292 2154 ὼς
1339 2094 1520 2168 μῄτηρ
1565 2097 1824 2173 παθοῦσα,

205 2178 254 2232 τὸ
301 2175 349 2232 δὲ
403 2179 473 2243 ὡς
535 2179 796 2258 νουνεχὴς
854 2179 1143 2258 φυλάξασα.
1222 2182 1356 2239 Εἶτα
1425 2181 1614 2239 κώδιον
1673 2181 1827 2262 ἐρέας

207 2261 430 2340 λαϐοῦσα,
465 2266 562 2322 καὶ
619 2267 676 2322 τὸ
729 2268 903 2342 στόμα
960 2275 1052 2326 τοῦ
1110 2268 1332 2348 βρέφους
1381 2269 1650 2345 ἐκμαξασα
1698 2261 1827 2348 παρ’

206 2354 344 2422 ἑαυτῆ
392 2367 629 2434 κατεῖχε
675 2357 734 2411 τὸ
781 2355 943 2438 ἔριον,
976 2364 1172 2436 γνῶναι
1217 2357 1300 2414 διὰ
1354 2365 1454 2426 τῆς
1488 2361 1670 2438 πείρας
1726 2361 1823 2415 τάν

205 2441 337 2507 ληθές
391 2443 728 2520 βουλαμὲνη.
804 2447 948 2502 Μετὰ
1007 2457 1130 2525 γοῦν
1197 2447 1402 2526 ἡμέρας
1468 2448 1649 2527 ὀλίγας
1721 2455 1827 2505 τῶν

206 2531 345 2610 eam
401 2535 488 2590 καὶ
555 2541 821 2611 συγγενῶν
878 2557 1024 2602 τινας
1080 2537 1164 2594 ἐπὶ
1221 2536 1436 2594 δεῖπνον
1488 2545 1576 2594 τοῦ
1636 2539 1829 2595 Γότθου

205 2621 606 2707 παραλαϐόντος,
669 2623 887 2702 ἁρπάζει
946 2629 1035 2682 τὸν
1094 2629 1276 2707 καιρὸν
1331 2631 1364 2696 ἡ
1427 2631 1560 2706 κόρη
1621 2631 1708 2685 καὶ
1765 2636 1830 2706 νῇ

205 2706 352 2765 κίιλικι
404 2709 763 2767 ἐναποπλύνει
795 2714 856 2768 τὸ
915 2712 1076 2790 ἔριον⁹
1123 2706 1216 2775 τοῦ
1256 2719 1449 2776 Γότθου
1494 2718 1556 2774 τὶ
1605 2725 1674 2786 τῆ
1728 2741 1826 2794 γυ-

206 2798 322 2852 ναικὶ
398 2798 683 2856 ἀναδίδωσι
716 2847 734 2870 ,
807 2801 1058 2878 τάληθὲς,
1132 2804 1312 2882 ὥσπερ
1383 2805 1559 2886 ἔφην,
1637 2808 1830 2880 μαθεῖν

206 2886 477 2964 βουλομένη
538 2889 659 2946 εἴτε
712 2893 976 2968 φαρμάκῳ
1028 2895 1119 2948 τὸν
1162 2893 1330 2950 παῖδα
1381 2894 1680 2970 ἐζημιώθη,
1716 2892 1830 2950 εἴτε

1911 1901 2072 1964 illius
2104 1921 2241 1964 vero
2274 1902 2456 1965 labris
2489 1905 2744 1967 infusum
2782 1925 3095 1982 venenum,
3132 1907 3192 1969 in
3222 1907 3401 1969 corde
3422 1906 3560 1987 qui-

1911 1993 2046 2054 dem
2080 1995 2464 2064 sauciatur,et
2490 1997 2853 2072 gravianimi
2876 1996 3082 2060 dolore
3108 1997 3384 2071 afficitur,
3420 2014 3556 2059 eum

1914 2091 2109 2144 tamen
2165 2083 2336 2158 celat,
2373 2093 2431 2146 et
2463 2094 2628 2147 tenet
2682 2086 2741 2147 in
2773 2086 2973 2148 abdito
3013 2106 3028 2148 :
3073 2087 3280 2149 dolore
3310 2087 3557 2166 quidem

1911 2173 2140 2249 affecta,
2175 2181 2240 2234 ut
2263 2181 2473 2238 mater.
2514 2183 2814 2236 secretum
2847 2187 3044 2237 autem
3078 2183 3379 2256 tenens,ut
3410 2193 3561 2256 pru-

1913 2260 2063 2323 dens
2097 2271 2155 2324 et
2183 2262 2449 2324 cordata.
2470 2263 2705 2327 Deinde
2721 2284 2852 2326 cum
2879 2265 3066 2328 vellus
3091 2265 3470 2346 sumpsisset,
3502 2271 3562 2326 et

1913 2369 1981 2411 os
2029 2349 2273 2412 infantis
2300 2351 2700 2426 abstersisset,
2737 2353 2929 2415 lanam
2975 2355 3128 2434 apud
3161 2372 3228 2417 se
3272 2353 3555 2430 detinuit,

1912 2441 2284 2520 experientia
2339 2442 2546 2504 volens
2577 2443 2734 2504 scire
2790 2445 3120 2505 veritatem.
3156 2443 3365 2506 Paucis
3395 2451 3563 2508 certe

1913 2538 2043 2608 post
2091 2531 2326 2604 diebus,
2359 2550 2492 2594 cum
2545 2551 2613 2595 ex
2647 2532 2857 2594 amicis
2908 2541 2966 2594 et
2995 2533 3258 2613 cognatis
3309 2533 3564 2598 Gottbus

1912 2618 2224 2682 invitasset
2264 2621 2518 2704 aliquos,
2560 2623 2754 2703 puella
2811 2622 3020 2704 arripit
3071 2622 3464 2697 occasionem,
3500 2634 3561 2689 et

1913 2708 2108 2770 lanam
2146 2711 2378 2791 intingit
2431 2711 2492 2773 in
2545 2711 2760 2791 calice,
2795 2721 2854 2773 et
2895 2712 3096 2778 Gotthi
3142 2711 3317 2774 tradit
3365 2713 3558 2785 uxori,

1915 2798 2138 2865 volens.
2175 2809 2239 2862 ut
2271 2801 2414 2874 dixi,
2451 2820 2654 2862 verum
2689 2801 2868 2882 scire,
2903 2819 3213 2863 venenone
3244 2801 3463 2880 privata
3485 2801 3562 2865 sit

1913 2887 2159 2958 infante.
2193 2909 2265 2952 an
2317 2891 2622 2952 communi
2657 2901 2847 2952 morte
2898 2909 3032 2952 eum
3064 2890 3356 2952 amiserit.
3409 2889 3556 2952 Nam

206 2978 279 3032 καὶ
319 2979 503 3058 καιρίῳ
531 2979 744 3052 θανάτῳ
797 2990 982 3040 τοῦτον
1033 2979 1321 3046 ἀπέϐαλεν,
1375 2973 1552 3064 ’ᾨετο
1585 2984 1681 3059 μὲν
1733 2985 1833 3062 γὰρ

1985 2978 2296 3040 λίετὶτηεώειι
2328 2980 2598 3062 quidem,
2635 2980 2792 3060 quod
2836 2979 2885 3042 si
2917 2988 3094 3061 epoto
3127 2979 3562 3042 medicamento

206 3068 288 3140 ὡς,
349 3069 389 3124 εὶ
457 3067 660 3126 πιοῦσα
725 3079 817 3129 τοῦ
874 3070 1151 3151 φαρμάκου
1221 3075 1398 3145 ζήσοι,
1460 3073 1681 3140 εὔδηλον
1753 3073 1834 3130 ὅτι

1985 3073 2176 3144 uisset,
2203 3069 2454 3132 evidens
2487 3069 2836 3150 esset,quod
2870 3089 2980 3132 nec
3013 3071 3164 3133 filius
3190 3069 3320 3149 ejus
3353 3069 3565 3132 fuisset

207 3156 324 3229 μηδὲ
353 3160 380 3213 δ
410 3171 543 3221 παῖς
601 3160 866 3237 φὰρμάκῳ
895 3161 1152 3238 ἆνήρητο’
1215 3163 1258 3220 εί
1315 3161 1487 3219 δὲκαὶ
1529 3171 1684 3220 τοῦτο
1735 3164 1832 3219 αὒ-

1985 3166 2168 3220 ιοδιιιε
2191 3177 2442 3220 veneno.
2475 3159 2643 3232 Quod
2669 3160 2718 3219 si
2741 3159 2800 3219 id
2828 3178 2960 3220 eam
2987 3157 3561 3231 interfecisset,illud

205 3247 288 3313 τὴν
336 3247 532 3320 ἀνέλοι,
586 3249 768 3306 ὶκεϊνο
815 3251 1050 3306 πείσεται
1099 3252 1336 3331 πάντως,
1369 3251 1498 3328 ὅπερ
1559 3253 1690 3320 αὒτὴ
1739 3251 1828 3308 δὲ-

1985 3247 2161 3309 nnino
2193 3267 2442 3330 passura
2474 3260 2651 3322 esset,
2685 3249 2842 3330 quod
2889 3249 3017 3329 ipsa
3045 3249 3208 3312 fecit.
3243 3249 3390 3312 Cum
3424 3265 3565 3327 ergo

206 3333 389 3412 δρακεν,
451 3334 607 3394 Ἐπεὶ
661 3337 748 3393 οῦν
793 3339 828 3406 ἡ
890 3347 981 3396 τοῦ
1021 3343 1216 3396 Γοτθου
1266 3341 1400 3418 φυνῆ
1457 3340 1624 3417 μηδὲν
1655 3365 1830 3408 πονη-

206 3425 281 3498 ρὸν
342 3426 547 3505 ὑφεώρα
623 3425 761 3501 μηδὲ
823 3429 1099 3485 ὑπώπτευε
1172 3428 1452 3504 δεξαμένη,
1526 3433 1662 3487 πίνει
1734 3435 1831 3498 τὴν

205 3513 393 3587 κύλικα,
422 3518 514 3572 καὶ
572 3517 718 3581 εὐθὺς
749 3516 1101 3596 ἐπέστηρειρεν
1154 3520 1181 3574 ὁ
1231 3521 1392 3583 πόνος
1447 3521 1520 3582 εἰς
1571 3520 1828 3598 κεφαλὴν,

203 3605 275 3658 καὶ
321 3604 401 3660 ἐπὶ
469 3607 710 3685 κορυφὴν
778 3609 814 3675 ἢ
884 3605 1056 3664 ἀδικία
1128 3608 1290 3676 αοότῆς
1364 3608 1695 3685 κατέϐαινεν,
1758 3612 1828 3676 εἷς

1917 3339 2118 3400 Gotthi
2182 3357 2330 3402 uxor
2382 3338 2530 3400 nihil
2591 3339 2728 3400 mali
2786 3346 3211 3420 suspicaretur,
3263 3337 3566 3420 accipiens

1917 3426 2101 3488 ebibit
2149 3429 2424 3509 calicem,
2458 3430 2774 3510 statimque
2805 3428 2974 3490 labor
3031 3447 3351 3491 conversus
3381 3438 3473 3490 est
3501 3427 3564 3488 in

1917 3528 2118 3598 caput,
2154 3528 2215 3580 et
2270 3519 2328 3579 in
2360 3521 2488 3600 ejus
2521 3519 2805 3580 verticem
2839 3518 3146 3580 descendit
3175 3517 3473 3598 iniquitas,
3507 3523 3568 3577 et

1915 3607 2135 3668 cecidit
2178 3608 2236 3668 in
2273 3609 2498 3670 foveam
2546 3627 2718 3688 quam
2753 3609 2893 3670 fecit
2929 3625 2942 3669 :
2994 3616 3054 3668 et
3079 3607 3238 3686 juste
3281 3622 3565 3685 compre-

203 3693 363 3770 βόθρον
417 3715 476 3750 τε
534 3695 818 3752 ἐνέπιπτεν
889 3697 950 3752 ’ὃν
1007 3697 1313 3778 εἰργάσατο,
1373 3701 1460 3755 καὶ
1521 3699 1576 3753 ἐν
1647 3698 1827 3778 παγίδι

1985 3716 2103 3758 ἠδε
2158 3697 2262 3759 fuit
2299 3699 2356 3758 in
2417 3701 2649 3774 laqueo,
2685 3716 2859 3777 quem
2895 3697 3314 3758 absconderat.
3368 3697 3567 3775 Atque

203 3781 232 3848 ἦ
281 3782 464 3860 ἔκρυψε
513 3783 735 3848 δικαίως
797 3785 1245 3861 συνελαμϐάνετο.
1306 3786 1538 3845 ’Ἒκειτο
1594 3791 1690 3863 μὲν
1743 3789 1830 3845 οῦν

1985 3807 2014 3846 a
2044 3786 2287 3866 quidem
2315 3785 2553 3865 jacebat
2587 3795 2840 3858 mortua,
2870 3797 3113 3848 extenso
3143 3785 3562 3864 corpore,fru-

207 3870 407 3940 ἐκτάδην
479 3874 669 3953 νεγρᾶ,
734 3876 853 3940 τοὺς
925 3878 1156 3952 καρποῖις
1226 3877 1396 3941 ἀξίους
1467 3878 1572 3934 τῶν
1657 3879 1834 3936 πόνων

1985 3894 2044 3937 us
2075 3875 2274 3937 ferens
2307 3876 2520 3955 dignos
2568 3876 2892 3936 laboribus.
2925 3874 3127 3937 Animi
3158 3883 3356 3935 autem
3389 3872 3563 3953 aegri-

206 3963 544 4036 κομισαμένη·
608 3963 800 4035 ἆθδμία
857 3961 910 4019 δὲ
959 3967 1051 4020 τὸν
1101 3966 1314 4036 Γότθον,
1349 3968 1469 4030 τοὺς
1527 3969 1834 4043 προσηκον-

1985 3964 2058 4024 do
2106 3965 2399 4026 invaserat
2448 3967 2753 4039 Gotthum,
2788 3968 3034 4045 ejusque
3080 3962 3467 4034 necessarios,
3497 3971 3560 4024 et

207 4071 308 4128 τας,
362 4053 484 4118 τοὺς
547 4051 880 4118 ἐπιτηδείοῦς
932 4067 1213 4133 κατεῖχεν*
1277 4053 1418 4111 ὅλων
1475 4055 1709 4136 ἐπλήρου
1743 4059 1832 4112 τὸν

1985 4055 2014 4114 ii
2073 4072 2293 4133 genere
2322 4054 2394 4116 ad
2449 4074 2582 4116 eum
2615 4055 2989 4116 attinebant:
3053 4062 3232 4116 totam
3277 4051 3562 4133 implebat

208 4141 340 4194 οἷκον
405 4139 606 4214 ἆηδία,
673 4141 988 4222 στυγνότης,
1059 4145 1323 4220 κατήφεια
1388 4144 1472 4200 ἐπὶ
1542 4152 1609 4221 τῇ
1678 4145 1835 4222 ἀώρῳ

1985 4161 2158 4204 »Πιυηῖ
2219 4162 2436 4206 mceror
2485 4154 2545 4206 et
2596 4145 2832 4205 tristitia
2887 4143 2962 4205 ob
2992 4144 3373 4205 immaturam
3432 4142 3564 4222 ejus

207 4226 350 4303 ταύτῃ
398 4233 494 4297 τῆς
541 4232 792 4308 γυναικὸς
848 4231 1090 4300 τελευτῇ.
1154 4231 1306 4288 Ἀλλ’
1350 4235 1496 4309 ὅμως
1553 4237 1642 4290 καὶ
1697 4238 1832 4312 θρη-

1985 4233 2117 4293 :oris
2170 4242 2444 4296 mortem.
2499 4233 2593 4296 Ab
2646 4233 2735 4294 eis
2782 4243 2979 4294 tamen
3029 4233 3286 4311 lugetur,
3319 4239 3382 4292 ut
3435 4240 3562 4293 erat

209 4330 357 4374 νεῖται
412 4319 536 4398 παρ’
615 4319 788 4376 αὐτῶν
850 4321 916 4380 τὰ
973 4321 1174 4402 εἰκότα,
1233 4329 1406 4402 ταφῆς
1477 4345 1532 4381 τε
1585 4323 1832 4402 λαμπρᾶς

1994 4332 2410 4396 nsentaneum,
2446 4332 2505 4384 et
2549 4322 2890 4404 praeclaram
2952 4321 3333 4403 consequitur
3361 4319 3560 4401 sepul-

209 4403 437 4482 ἀξιοῦται,
480 4412 571 4466 καὶ
601 4407 907 4473 πολυτελῶς
937 4412 1300 4473 κατατίθεται,

1985 4429 2133 4485 ram,
2165 4422 2222 4473 et
2255 4403 2565 4490 magnifice
2594 4412 2936 4492 deponitur.

278 4495 396 4558 KB'.
455 4498 612 4556 ἐπεὶ
669 4497 724 4554 δὲ
779 4501 914 4574 μετὰ
983 4501 1082 4566 τὴν
1137 4508 1310 4580 ταφὴν
1370 4502 1505 4558 ἑπτὰ
1561 4502 1831 4580 παρῆλθον

1999 4500 2340 4564 XXILCum
2363 4510 2559 4562 autem
2578 4508 2807 4580 septem
2828 4501 2957 4562 dies
2987 4500 3414 4582 praeteriissent
3432 4505 3564 4580 post

212 4584 400 4662 ἡμὲραι,
457 4591 548 4645 καὶ
600 4592 794 4656 ςκανῶς
848 4593 962 4667 περὶ
1020 4592 1080 4646 τὸ
1112 4592 1273 4655 πάθος
1345 4591 1680 4671 ἠσχόληντο,
1742 4591 1831 4646 ἕν-

1990 4591 2314 4671 pulturam,
2347 4599 2406 4651 et
2437 4591 2579 4651 satis
2639 4589 2926 4669 temporis
2956 4594 3472 4669 consumpstssent
3501 4588 3562 4651 in

211 4676 309 4761 νοιά
361 4699 436 4743 τις
492 4683 682 4742 αὐτοῖς
739 4680 936 4756 γίνεται
995 4686 1063 4756 τῇ
1109 4679 1204 4747 τῆς
1266 4679 1666 4761 αἰχμαλώτιδος
1719 4680 1828 4736 ἐπι’

1985 4679 2366 4752 mrore,vcnit
2399 4679 2486 4740 eis
2512 4679 2570 4740 in
2592 4679 3130 4759 mentem,captivaa
3147 4677 3384 4741 insidiis
3405 4695 3564 4738 mor-

211 4758 354 4840 6ουλῇ
423 4769 668 4825 τεθνάναι
747 4770 950 4832 τούτοις
1035 4770 1135 4837 τήν
1217 4773 1470 4848 συγγενῆ,
1563 4767 1831 4826 Ἐντεῦθεν

1985 4787 2075 4830 am
2109 4788 2241 4831 esse
2272 4787 2476 4832 eorum
2511 4779 2846 4848 cognatam.
2902 4758 3054 4831 Hinc
3083 4769 3300 4830 factum
3351 4778 3465 4841 est,
3501 4773 3563 4827 ut

210 4852 460 4912 ὶόοὗλοντο
516 4857 620 4930 μὲν
676 4857 843 4925 αὕτην
900 4856 1219 4936 παραδοῦναι
1253 4865 1330 4932 τῷ
1386 4859 1638 4936 ἡγεμόνι,
1684 4858 1830 4922 ὅπως

1985 4878 2046 4919 ιη
2096 4858 2341 4936 quidem
2373 4858 2598 4922 vellent
2651 4859 2887 4921 tradere
2933 4857 3192 4937 praesidi,
3226 4865 3287 4918 ut
3333 4855 3406 4917 ab
3456 4854 3560 4916 illo

211 4939 288 4995 ὑπ’
338 4943 532 5001 ἐκείνου
591 4946 910 5023 ἀναιρεθείη⁸
967 4946 1028 5002 οὗ
1079 4948 1178 5026 γὰρ
1237 4948 1357 5015 ὲξῆν
1387 4949 1571 5011 αὐτοῖς
1629 4947 1834 5026 ἀνθρώ.

1985 4949 2229 5010 lleretur
2274 4949 2352 5010 de
2384 4948 2590 5009 medio
2623 4971 2641 5022 ς
2697 4967 2816 5009 non
2847 4947 3008 5009 enim
3041 4944 3260 5008 licebat
3288 4945 3374 5006 eis
3402 4943 3560 5005 ferro

211 5050 284 5104 np
352 5031 562 5112 σίδηρον
635 5037 956 5113 ἱπιτρέπεινο
1013 5035 1128 5092 ἐπεὶ
1205 5035 1259 5092 δὲ
1328 5037 1622 5114 ἁποδημών
1681 5040 1832 5102 οὗτος

211 5115 396 5201 ἕτόχεν,
471 5126 621 5182 αὐτοὶ
686 5125 800 5182 καθ’
879 5126 1094 5189 ἑαυτοὺς
1168 5125 1700 5203 συνδιασκεψάμενοι,
1775 5131 1831 5184 ιν

211 5209 334 5286 ᾧπερ
387 5214 420 5280 ἡ
449 5223 545 5273 τοῦ
608 5213 796 5271 Γότθου
850 5215 1072 5292 σόζυγος
1131 5215 1418 5273 ἑντὲθαπτο
1477 5217 1713 5293 μνάμοτι
1769 5220 1832 5273 τό

212 5317 262 5370 γι
304 5306 386 5355 νῦν
452 5302 588 5382 ἕχον
649 5305 809 5370 αὐτὴν
864 5305 1256 5378 κατακλείουσι,
1317 5305 1446 5379 λίθῳ
1499 5327 1556 5363 τε
1633 5319 1832 5386 τραχεῖ

215 5386 291 5441 τὸν
339 5389 500 5469 τάφον
546 5390 999 5472 διασφαλίζονται,
1063 5395 1150 5449 καὶ
1204 5394 1444 5475 φύλακας
1515 5397 1656 5470 αὗτῷ
1705 5399 1830 5475 ἔφι-

216 5483 364 5564 ςτᾶσι.
427 5479 835 5558 Προσϐαλούσης
863 5481 918 5538 δὲ
967 5483 1102 5559 αῦτῇ
1147 5489 1246 5550 τῆς
1304 5492 1396 5541 τοῦ
1424 5493 1608 5564 νεκροῦ
1655 5483 1830 5542 δυσω-

218 5559 330 5638 ain,
388 5569 599 5636 πολλῆς
656 5570 1057 5638 ἆναπλησθεϊσα
1123 5575 1224 5639 τῆς
1295 5559 1528 5640 ἀηδίας(
1585 5575 1738 5652 Κύριε
1806 5577 1834 5632 ὁ

222 5654 331 5718 θιδς
379 5658 481 5715 τῶν
514 5657 809 5744 δυνάμεων,
842 5663 877 5731 ἡ
934 5675 1068 5727 παῖς
1127 5661 1332 5744 ἔλεγεν,
1377 5665 1406 5720 ὁ
1455 5664 1520 5721 τὰ
1566 5669 1674 5726 τῶν
1727 5671 1834 5723 σῶν

1913 5037 2072 5099 illam
2109 5037 2412 5099 invadere.
2472 5039 2616 5100 Cum
2650 5046 2847 5098 autem
2880 5037 2932 5098 is
2987 5037 3245 5106 abesset,
3279 5030 3394 5114 ipsi
3423 5051 3559 5094 cum

1913 5127 2074 5188 inter
2102 5145 2168 5187 se
2201 5126 2733 5204 consultassent,in
2757 5125 3226 5199 mouumento,in
3244 5121 3566 5203 quofuerat

1911 5215 2138 5294 sepulta
2171 5233 2316 5275 uxor
2347 5213 2572 5287 Gottlii,
2609 5232 2739 5275 eam
2773 5213 3087 5274 includunt
3126 5211 3189 5274 in
3222 5210 3558 5293 praesentia,

1912 5312 1969 5366 et
1991 5304 2329 5384 sepulcrum
2355 5303 2850 5384 muniuntaspero
2872 5303 3098 5384 lapide,
3121 5311 3177 5364 et
3194 5303 3249 5364 ei
3271 5300 3562 5370 adhibent

1912 5393 2209 5456 custodes.
2239 5394 2388 5454 Cum
2421 5409 2564 5454 vero
2605 5393 2676 5454 ad
2705 5411 2834 5455 eam
2857 5392 3084 5455 veniret
3110 5392 3264 5454 odor
3315 5390 3561 5452 cadave-

1916 5483 2019 5554 ris,
2059 5499 2274 5560 magna
2294 5481 2522 5562 repleta
2571 5483 2841 5544 molestia
2868 5504 2881 5546 :
2915 5482 3172 5548 Domine
3197 5484 3354 5546 Deus
3385 5482 3562 5542 virtu-

1921 5582 2068 5652 tum,
2119 5571 2364 5634 dicebat
2419 5572 2640 5654 puella,
2676 5573 2777 5653 qui
2832 5580 3064 5634 tuorum
3125 5580 3444 5653 martyrum
3503 5576 3563 5628 et

1919 5661 2328 5728 confessorum
2381 5680 2486 5744 pro
2521 5671 2579 5726 te
2625 5662 2819 5724 fusum
2867 5661 3241 5746 sanguinem,
3278 5670 3556 5745 tanquam
