3932 6128
370 291 486 390 :55.

1660 300 1940 372 MENSIS
1981 304 2424 374 NOVEMBER.

3612 306 3744 391 156

361 433 554 502 vivum
604 434 889 524 accepisti
917 435 1300 525 sccriﬁcium,
1333 437 1408 507 ad
1464 459 1560 507 me
1613 441 1836 525 aspice,
1869 461 1991 525 qua

2165 438 2361 521 ρτύρων
2413 440 2499 501 καὶ
2530 437 2882 522 ὁμολογητῶν
2931 439 3064 524 ὑπὲρ
3109 451 3204 505 σοῦ
3256 440 3462 521 α’ίματα
3491 441 3566 512 ὣς
3621 443 3735 514 ξῶ-

364 537 606 613 propter
635 539 800 596 tuum
830 541 887 597 et
912 550 1118 596 eorum
1149 531 1252 614 qui
1293 543 1538 614 propter
1566 540 1623 596 te
1653 533 1806 612 passi
1837 542 1999 607 sunt,

365 629 701 684 sanctorum
735 641 981 703 nomen,
1008 623 1130 685 viro
1173 623 1373 703 ignoto
1405 632 1461 684 et
1489 623 1840 702 alienigenas
1872 643 2003 686 me-

362 708 551 792 ipsam
583 711 837 786 credidi,
868 721 926 775 et
956 731 1086 774 sum
1121 722 1438 792 propterea
1483 713 1759 776 damnata
1788 712 1859 776 ad
1893 714 2004 775 hoc

364 809 819 875 tormentum;tu
846 802 986 863 mihi
1012 811 1175 863 tuum
1201 801 1274 866 da
1303 802 1680 874 auxilium,et
1703 822 1797 863 me
1819 803 2005 865 libera

361 909 396 954 ι
427 892 706 972 pmsenti
745 892 1033 974 periculo.
1068 894 1189 956 Vos
1241 910 1500 972 quoque,
1533 893 1717 955 sancti
1759 893 1998 969 Christi,

364 981 462 1062 qui
494 981 594 1043 illa
644 980 1107 1044 innumerabilia
1160 982 1488 1044 certamina
1517 991 1758 1064 propter
1805 983 1998 1062 ipsum

363 1070 745 1147 sustinuistis,
771 1079 828 1133 et
852 1089 985 1132 eum
1019 1089 1154 1134 esse
1178 1071 1366 1132 vivum
1403 1073 1590 1135 Deum
1614 1092 1810 1134 coram
1839 1073 1997 1153 regi-

364 1159 474 1224 bus
491 1158 749 1222 confessi
775 1160 1098 1242 estis,quos
1117 1161 1285 1221 matri
1314 1179 1461 1222 mea:
1484 1161 1734 1242 praebuit
1749 1162 2001 1226 Gotthus

362 1258 606 1334 pr0pter
637 1268 731 1313 me
763 1250 1167 1328 ﬁdejussores,
1202 1250 1314 1328 ipsi
1347 1270 1502 1312 nunc
1532 1252 1735 1314 adeste
1769 1251 1910 1313 mihi
1943 1253 1998 1313 in

360 1338 531 1402 melis
551 1339 888 1421 adjutores:
926 1357 1033 1400 nec
1054 1357 1184 1400 eam
1213 1339 1573 1420 despiciatis,
1604 1359 1735 1422 quae
1752 1359 1815 1402 se
1839 1341 2004 1404 vobis

359 1427 670 1491 dedicavit.
728 1429 874 1492 Cum
909 1430 986 1490 ita
1019 1438 1176 1490 esset
1226 1437 1502 1508 praecata,
1541 1449 1656 1491 non
1699 1429 2006 1494 tardarunt

360 1517 766 1598 ﬁdejussores.
804 1537 1002 1596 neque
1032 1518 1392 1580 distulerunt
1429 1519 1482 1580 ei
1516 1520 1668 1581 ferre
1694 1521 2000 1583 auxilium.

358 1607 476 1670 Sed
505 1608 661 1670 videt
679 1615 797 1671 tres
823 1609 977 1670 viros
1001 1607 1135 1671 luce
1150 1607 1560 1682 circumdatos,
1591 1609 1661 1670 ad
1688 1628 1860 1690 quam
1885 1630 2001 1672 non

361 1703 521 1776 patet
571 1698 785 1772 aditus,
821 1709 878 1760 et
915 1699 1090 1762 fartor
1119 1698 1218 1759 ille
1268 1717 1399 1760 mox
1429 1717 1750 1760 conversus
1781 1700 1885 1760 fuit
1943 1699 2002 1760 in
2031 1736 2063 1784 Β

2085 554 2184 588 σαν
2237 531 2654 611 προσδεξάμενος
2706 534 2910 612 θυσίαν,
2971 532 3254 611 ἒπίόλεψον
3310 532 3395 593 ἐπ’
3453 536 3571 616 ἐμὲ,
3627 537 3735 604 τὴν

2087 621 2170 678 ἐπὶ
2227 629 2303 697 τῷ
2361 627 2440 696 σῷ
2467 645 2522 678 τε
2579 624 2667 680 καὶ
2726 629 2803 696 τῷ
2858 623 2965 682 τῶν
3009 623 3091 681 διὰ
3120 623 3177 681 σὲ
3231 625 3505 696 παθέντῳν
3565 627 3735 705 ἁγίων

2089 711 2337 788 ὀνόματι,
2368 711 2624 790 ἂγθώστῳ
2681 712 2821 792 ἀνδρὶ
2869 712 2966 772 καὶ
3019 713 3291 794 ἀλλοφϋλῃ
3321 715 3509 784 ἑαυτὴν
3561 717 3734 792 ἐμπι-

2089 802 2406 874 στεύσασαν,
2486 804 2571 858 καὶ
2662 801 2746 859 διὰ
2829 811 2981 862 τοῦτο
3055 805 3253 872 ταύτην
3324 809 3736 884 κατακριθεῒσαν

2086 893 2183 959 τὴν
2244 891 2494 967 βάσανον,
2547 892 2703 956 αὒτός
2775 914 2865 968 μοι
2936 895 3035 961 τὴν
3093 894 3234 971 παρᾶ
3297 901 3389 952 σοῦ
3445 896 3736 978 παράσχου

2083 981 2354 1057 βοήθειαν,
2429 981 2517 1037 καὶ
2588 988 2680 1039 τοῦ
2749 984 3010 1060 παρόντος
3061 981 3236 1049 ἐξελοῦ
3311 981 3566 1044 κινδύνου.
3632 985 3738 1043 Καὶ

2086 1071 2242 1144 ὓμεϊς
2292 1067 2371 1143 δὲ,
2406 1072 2453 1126 οἱ
2504 1077 2595 1126 τοῦ
2626 1078 2854 1148 Χριστοῦ
2882 1070 3048 1152 ἇίγιοι,
3079 1075 3124 1130 οἱ
3181 1073 3302 1136 τοὺς
3332 1073 3543 1152 μυρίους
3587 1072 3737 1129 ἐκεί-

2083 1180 2200 1223 νους
2252 1157 2439 1222 ἄθλους
2469 1157 2534 1214 δι’
2594 1161 2752 1218 αὐτὸν
2799 1161 3124 1227 ὑποστάντες
3181 1163 3268 1219 καὶ
3320 1165 3501 1218 τοῦτον
3559 1169 3740 1234 ζῶντα

2086 1249 2214 1304 Θεὸν
2269 1247 2499 1304 ἐναντίοι
2555 1247 2818 1325 βασιλέων
2875 1249 3330 1329 ὁμολογήσαντες,
3378 1250 3466 1314 οὕς
3521 1273 3578 1308 τε
3625 1251 3740 1326 ἐμῇ

2087 1338 2247 1411 μητρὶ
2307 1337 2578 1418 παρέσχεν
2628 1340 2655 1393 ὁ
2705 1339 2895 1402 Γότθος
2954 1340 3219 1418 ἐγγυητὰς
3279 1339 3362 1396 ἐπ’
3409 1341 3550 1416 ἒμοὶ,
3587 1342 3741 1397 αὒτοί

2087 1449 2177 1500 μοι
2211 1434 2297 1482 νυν
2354 1428 2484 1504 μρὸς
2543 1429 2608 1482 τὰ
2665 1426 2808 1484 δεινὰ
2863 1430 3172 1506 παράστητε
3231 1431 3438 1508 βοηθοὶ,
3473 1428 3609 1506 μηδὲ
3667 1428 3740 1497 ταὶ

2087 1517 2210 1592 ὅμτε
2275 1516 2604 1590 ἀναθεμένην
2660 1518 2724 1573 τὰ
2779 1519 2898 1574 κατ’
2956 1520 3118 1587 αὐτὴν
3175 1521 3510 1597 περιόψεσθε.
3557 1526 3741 1578 Ταῦτα

2087 1603 2538 1677 προσευξαιαένης,
2575 1609 2670 1662 οὐκ
2719 1606 2944 1680 ἔμελλον
3001 1611 3048 1664 οἱ
3103 1611 3380 1686 ὲγγυηταὶ,
3430 1607 3544 1665 οὐδε
3601 1609 3741 1686 ’πρὸς

2086 1694 2183 1762 τὴν
2242 1697 2404 1758 αὖτῆς
2463 1695 2712 1772 βοήθειαν
2744 1695 3117 1779 ἇνεϐαλλοντο,
3150 1697 3287 1754 ἀλλὰ
3342 1712 3488 1775 τρεῖς
3547 1697 3740 1776 ἄνδρας

361 1784 581 1848 bonum
596 1789 865 1862 odorem,
888 1788 1036 1850 adeo
1070 1796 1135 1847 ut
1153 1785 1440 1848 mirabilis
1459 1787 1693 1868 quidam
1720 1794 1779 1849 et
1809 1789 1991 1849 suavi:

2164 1807 2197 1847 νς
2261 1784 2544 1844 ἀπρόσιτον
2595 1785 2994 1862 περικειμένους
3054 1790 3149 1862 ὁρᾷ
3205 1789 3292 1843 καὶ
3336 1788 3400 1843 τὰ
3447 1789 3544 1854 τῆς
3603 1783 3739 1842 δυσ-

360 1875 512 1938 odor
537 1876 608 1938 ad
662 1896 788 1939 eam
825 1876 1159 1941 accederet.
1194 1875 1286 1946 Et,
1321 1875 1485 1938 Bono
1534 1876 1734 1936 animo
1764 1886 1914 1951 esto,
1949 1877 1991 1937 ei

2165 1873 2240 1938 ίας
2297 1874 2442 1940 εὐθὺς
2501 1877 2572 1938 είς
2648 1874 2865 1933 εύωδίαν
2932 1875 3278 1956 μετέϐαλλεν,
3339 1877 3476 1932 ὥστε
3525 1880 3736 1950 θαυμα·

357 1963 626 2038 dicunt,0'
650 1966 1006 2041 mulier,nec
1033 1966 1205 2046 time;
1234 1964 1355 2027 cito
1378 1963 1536 2025 enim
1564 1965 1812 2026 salutem
1836 1983 1991 2026 asse-

2164 1965 2215 2034 ἦν
2275 1987 2388 2020 τινα
2440 1967 2528 2021 καὶ
2579 1963 2766 2032 ἡδεῖαν
2797 1965 3151 2043 προσϐάλλειν
3207 1969 3338 2043 αὖτῇ
3385 1967 3483 2035 τὴν
3531 1967 3738 2042 ὀσμήν.

361 2055 585 2134 queris,
619 2057 768 2118 nihil
804 2056 1046 2117 omnino
1077 2072 1252 2134 grave
1305 2072 1502 2135 passa,
1540 2072 1647 2116 nec
1678 2052 1995 2130 ingratum.

359 2144 568 2225 Neque
600 2146 758 2208 enim
789 2145 1062 2208 fallemus
1117 2144 1586 2226 ﬁdcjussionem,
1624 2161 1818 2225 neque
1847 2145 1999 2207 dila-

364 2233 522 2320 tione
551 2241 787 2298 utemur
813 2235 872 2298 in
905 2233 1116 2298 salute.

442 2503 650 2569 XXIII.
675 2504 818 2569 Cum
843 2505 965 2568 haec
993 2524 1133 2584 ergo
1159 2506 1346 2567 sancti
1373 2504 1425 2568 ei
1444 2505 1751 2573 dixissent,
1782 2523 1850 2567 ea
1879 2511 2001 2565 sta-

359 2592 463 2656 tim
488 2604 768 2675 tanquam
801 2613 832 2655 a
855 2612 922 2655 se
952 2593 1349 2660 discessisset.
1385 2593 1706 2655 resolvitur
1734 2594 1793 2654 in
1824 2611 2003 2672 sopo-

360 2682 749 2763 rem,Deique
772 2683 1011 2751 invicta,
1042 2701 1366 2760 eorumque
1391 2682 1490 2761 qui
1522 2683 1714 2761 ipsum
1749 2681 2005 2743 confessi

359 2771 928 2844 fuerant.virtute.(o
958 2771 1308 2834 miraculum
1334 2771 1582 2851 dignum
1608 2771 1711 2834 Dei
1739 2771 2006 2850 benigni-

356 2868 476 2924 tate
497 2869 556 2922 et
586 2861 912 2942 potentia!)
951 2861 1251 2942 quomodo
1287 2862 1439 2922 alius
1461 2861 1697 2941 quidam
1731 2861 2008 2923 Habacuc

358 2949 646 3031 propheta
665 2957 969 3012 momento
989 2950 1274 3029 temporis
1299 2949 1724 3030 Hierosolymis
1751 2950 2006 3012 transla-

2087 2056 2184 2112 Καὶ
2248 2055 2450 2134 θάρσει,
2511 2055 2686 2135 γύναι,
2749 2058 2875 2133 φασὶ
2928 2059 3058 2132 πρὸς
3136 2057 3298 2125 αὖτὴν
3364 2057 3588 2136 ἐκεῖνοι,
3650 2059 3744 2114 παὶ

2087 2144 2162 2220 μὴ
2196 2141 2377 2224 φοϐοὖ·
2436 2146 2658 2224 ταχείας
2719 2147 2818 2222 γὰρ
2877 2143 3041 2210 τεύξει
3100 2146 3196 2214 τῆς
3247 2149 3532 2226 σωτηρίας,
3565 2145 3744 2202 δεινὸν

2085 2231 2250 2306 οὐδὲν,
2287 2231 2402 2292 οὐδὲ
2453 2233 2616 2313 ἄχαρι
2666 2235 3018 2309 ὑπομείδασα·
3072 2235 3190 2292 οὕτε
3240 2235 3338 2312 γὰρ
3390 2236 3485 2303 τὴν
3537 2235 3743 2313 ἐγγύην

2085 2323 2408 2398 ψευσόμεθα,
2467 2323 2582 2380 οὔτε
2644 2323 2882 2400 ἀναϐολῇ
2943 2326 3057 2403 περὶ
3115 2325 3212 2392 τὴν
3272 2324 3536 2402 σωτηρίαν
3587 2348 3746 2406 χρη-

2085 2413 2303 2489 σόμεθα.

2171 2501 2294 2563 Kl".
2357 2513 2529 2563 Ταῦτα
2561 2505 2733 2560 τοίνυν
2780 2511 2886 2560 τῶν
2944 2505 3105 2582 ἁγίων
3134 2505 3265 2580 αὖτῇ
3320 2502 3738 2584 διαλεχθέντων,

2086 2592 2270 2648 αἰτίκᾶ
2329 2593 2509 2669 ὥσπερ
2566 2592 2620 2648 ἐν
2679 2593 2927 2649 ἐκστάσει
2982 2593 3244 2672 γενομένη
3300 2594 3462 2650 ὑπνοῖ
3525 2600 3592 2670 τῇ
3647 2600 3744 2650 τοῦ

2090 2689 2220 2739 Θεοῦ
2277 2703 2331 2737 τε
2381 2682 2583 2762 ἀμάχῳ
2633 2683 2718 2738 καὶ
2769 2688 2874 2737 τῶν
2921 2683 3074 2739 αὐτὸν
3135 2681 3585 2759 ὁμολογησάντων
3643 2680 3744 2737 δυ-

2090 2772 2268 2847 νάμει,
2301 2772 2345 2828 ὢ
2389 2775 2657 2845 θαύματος
2703 2770 2846 2837 ἀξίου
2900 2778 2998 2838 τῆς
3045 2781 3136 2830 τοῦ
3174 2774 3306 2828 Θεοῦ
3355 2773 3743 2852 χρηστότητός

2090 2883 2146 2917 τε
2218 2862 2302 2917 καὶ
2361 2860 2685 2935 δυνάμεωςί
2745 2863 2981 2940 καθάπερ
3057 2883 3135 2925 τις
3190 2859 3351 2924 ἄλλος
3425 2858 3746 2938 Ἀμϐακοὺμ

2093 2952 2368 3030 προφήτης
2434 2949 2488 3005 ἐν
2540 2957 2637 3025 μιᾷ
2693 2961 2878 3030 καιροῦ
2922 2952 3062 3028 ῥοπῇ
3118 2952 3226 3007 ἀπὸ
3280 2952 3384 3007 τῶν
3443 2949 3746 3030 Ἰεροσολύ-

359 3047 454 3102 tus
476 3038 582 3100 fuit
603 3037 964 3120 Babylonem
978 3039 1068 3100 i8:
1091 3048 1189 3100 aut
1211 3048 1272 3100 ut
1294 3039 1621 3120 discipulus
1636 3041 1944 3121 Philippus
1971 3058 1991 3100 ε

2164 3063 2202 3095 »ν
2249 3043 2379 3118 πρὸς
2432 3043 2529 3106 τὴν
2560 3037 2846 3098 Βαϐυλῶνα
2886 3041 3163 3114 μετε-έθη·
3197 3041 3233 3109 ἢ
3285 3043 3356 3104 ὡς
3414 3041 3442 3096 ὀ
3492 3041 3744 3116 μαθητὴς

359 3128 512 3193 facie
535 3128 794 3192 eunuchi
818 3130 1116 3206 Aitliiopis
1138 3139 1338 3210 raptus
1359 3148 1392 3191 ει
1411 3128 1633 3209 Spiritu
1663 3131 1719 3180 l9
1748 3152 1760 3192 :
1791 3129 2002 3192 eodem

361 3217 540 3280 modo
570 3217 698 3298 ipsa
727 3238 966 3298 quoque
996 3219 1301 3280 dormiens
1333 3219 1684 3281 transfertur
1735 3238 1764 3281 a
1801 3238 2006 3280 monu-

361 3316 562 3371 mento
587 3315 644 3369 et
665 3309 1070 3371 restituiturin
1095 3310 1380 3388 templum
1399 3309 1808 3370 confessorum
1830 3307 2005 3372 simul

361 3403 420 3460 et
445 3398 1055 3476 martyrumlieddita
1081 3417 1216 3477 ergo
1240 3398 1377 3460 huic
1408 3399 1628 3475 templo
1661 3405 2004 3477 martyrum,

357 3504 494 3558 cum
523 3503 696 3548 mane
719 3505 846 3548 eam
892 3506 1136 3550 somnus
1157 3487 1511 3555 remisisset,
1536 3487 1694 3548 videt
1717 3487 1773 3548 ei
1799 3505 2005 3548 rursus

358 3581 619 3640 astantes
640 3574 855 3637 Christi
896 3577 1293 3652 confessores,
1313 3585 1369 3636 et
1399 3576 1698 3637 dicentes:
1734 3574 2001 3637 Scisnam

359 3664 537 3728 modo
568 3663 667 3725 ubi
699 3663 781 3727 sis
812 3671 838 3727 ?
871 3666 1014 3728 Cum
1052 3666 1164 3726 huc
1197 3684 1340 3744 ergo
1375 3674 1433 3725 et
1464 3665 1606 3726 illuc
1640 3671 2005 3746 circumspe-

356 3753 629 3829 xisset,et
657 3753 833 3816 veluti
855 3754 927 3815 ad
951 3773 1017 3815 se
1048 3753 1351 3834 rediisset,
1379 3759 1439 3816 et
1456 3754 1642 3816 eadem
1669 3759 2005 3834 agnovisset

356 3843 699 3916 oratoriam,
733 3842 977 3923 impleta
1031 3843 1136 3904 fuit
1186 3843 1349 3905 omni
1392 3844 1630 3923 gaudio,
1669 3856 1730 3907 et
1791 3863 2002 3923 magna

353 3933 561 3995 aﬂ'ecta
581 3931 1108 3994 fuitadmiratione.
1138 3931 1470 3995 Laetabatur
1493 3933 2005 4012 videns,stupebat

353 4022 553 4082 animo
584 4020 864 4098 cogitans,
882 4019 1331 4092 sibidimdebat,
1357 4020 1663 4082 nesciebat
1683 4021 1822 4101 quid
1850 4041 1998 4100 age-

355 4115 471 4171 ret:
504 4118 805 4190 postremo
830 4108 1083 4188 procidit
1111 4112 1183 4170 ad
1215 4108 1397 4189 pedes
1429 4119 1794 4186 sanctorum,
1825 4119 1882 4171 et
1916 4110 2005 4172 eis

355 4197 474 4276 agit
503 4197 718 4277 gratias
770 4197 854 4260 Illi
889 4206 1084 4260 autem
1113 4205 1164 4260 ei
1192 4198 1488 4260 dixerunt:
1517 4197 1735 4260 Nostra
1759 4198 2006 4278 impleta

2088 3129 2351 3193 Φίλιππος
2412 3131 2518 3186 ἀπὸ
2573 3131 2858 3208 προσώπου
2913 3138 3005 3187 τοῦ
3061 3131 3314 3209 εὐνούχου
3360 3130 3579 3207 ἡρπάγη
3637 3131 3746 3186 ὑπὸ

2089 3225 2180 3273 τοῦ
2243 3219 2566 3293 Πνεύματος,
2620 3221 2712 3274 τὸν
2771 3221 2927 3275 αὐτὸν
2986 3217 3156 3289 δήπου
3213 3219 3301 3275 καὶ
3356 3222 3488 3294 αὐτῇ
3543 3239 3744 3296 τροπον

2089 3314 2182 3363 τοῦ
2242 3309 2522 3380 μνήματος
2588 3305 2904 3364 καθεύδουσα
2961 3308 3316 3388 μετατίθεται,
3357 3308 3446 3364 καὶ
3493 3312 3572 3380 τῷ
3630 3308 3747 3381 ναῷ

2090 3403 2196 3452 τῶν
2255 3396 2608 3474 ὁμολογητῶν
2683 3400 2816 3472 ὁμοῦ
2876 3400 2972 3453 καί
3046 3399 3320 3476 μαρτύρων
3380 3397 3744 3454 ἀποκαθίστα-

2089 3509 2198 3547 ται,
2258 3491 2344 3558 Τῷ
2413 3484 2598 3559 τοιῷδε
2657 3488 2743 3542 οὖν
2801 3487 3217 3544 ἀποκαταστᾶσα
3297 3488 3404 3544 τῶν
3463 3487 3742 3564 μαρτύρων

2091 3582 2214 3649 νεῷ,
2249 3577 2381 3631 κατὰ
2439 3577 2501 3630 τὸ
2559 3576 2857 3653 περίορθρον
2919 3576 3010 3632 τοῦ
3067 3575 3230 3632 ὕπνου
3298 3577 3457 3643 αὐτὴν
3507 3574 3745 3631 ὑπανέν-

2090 3686 2201 3735 τος,
2249 3671 2590 3742 παρεστῶτας
2649 3664 2782 3740 αὖτῇ
2841 3665 2961 3729 τοὺς
3032 3673 3122 3721 τοῦ
3188 3672 3420 3743 Χριστοῦ
3475 3664 3746 3743 μάρτυρας

2083 3757 2170 3812 καὶ
2232 3754 2374 3819 αὖθις
2425 3755 2541 3831 ὁρᾷ,
2579 3753 2692 3824 καὶ,
2732 3755 2905 3811 Οἶσθα
2961 3763 3063 3812 ποῦ
3121 3753 3234 3833 ἄρτι
3294 3755 3406 3828 εἷς
3460 3753 3740 3834 λέγοντας.

2085 3841 2522 3922 [Ιερὶϐλεψαμὲνη
2601 3847 2690 3900 οὗν
2777 3841 2903 3920 τῇδε
2989 3845 3209 3901 κάκεῖσε
3287 3846 3375 3900 καὶ
3433 3844 3611 3921 ὥσπερ
3686 3844 3742 3900 ἐν

2083 3934 2247 3998 ἑαυτῆ
2311 3931 2576 4011 γενομένη
2649 3934 2736 3989 καὶ
2793 3935 2884 3988 τὸν
2956 3935 3232 4012 εύκτήριον
3303 3939 3408 3989 τῶν
3467 3931 3742 4010 μαρτύρων

2084 4022 2240 4079 οἶκον
2303 4022 2733 4100 ἁναγνωρίσασα,
2792 4021 2967 4088 πόσης
3021 4044 3075 4079 τε
3146 4021 3341 4091 ἡδονῆς
3389 4021 3740 4099 πεπλήρωτο,

2084 4114 2170 4168 καὶ
2230 4110 2413 4185 πολλῷ
2477 4117 2546 4167 τῶ
2602 4111 2829 4186 θαύματι
2860 4111 3288 4189 κατεπλῇττετο,
3323 4111 3546 4192 ἔχαιρεν
3597 4113 3743 4183 ὁρῶ-

2086 4222 2176 4273 σα,
2238 4200 2472 4265 ἐξίστατο
2541 4200 2781 4276 ἐννοῧσα,
2845 4201 3006 4270 ἑαυτῆ
3079 4199 3369 4276 διηπίστει,
3430 4204 3525 4260 οὐκ
3579 4200 3744 4279 εἶχεν

357 4295 448 4349 est
477 4286 810 4366 ﬁdejussio.
873 4287 1033 4350 Vade
1067 4288 1126 4350 in
1159 4307 1304 4369 pace
1335 4287 1406 4349 ad
1441 4295 1688 4350 matrem
1725 4295 1903 4349 tuam.
1938 4287 1991 4350 El

2164 4312 2198 4345 τι
2231 4292 2317 4346 καὶ
2370 4291 2596 4368 γένοιτο,
2653 4290 2992 4370 Τέλος,τοῖς
3037 4292 3144 4349 τῶν
3196 4292 3361 4368 ἁγίων
3423 4290 3746 4368 προσπίπτει

357 4375 442 4437 illi
465 4375 706 4453 quidem
733 4395 800 4439 ex
825 4378 1013 4439 oculis
1036 4377 1234 4439 statim
1267 4386 1651 4439 evanuerunt.
1692 4375 1793 4439 Illa
1809 4386 2003 4439 autem

357 4465 428 4526 ad
448 4482 653 4528 eorum
673 4485 906 4548 capsain
919 4467 1293 4534 accedens.et
1307 4466 1991 4548 ardenteramplectens,

357 4554 724 4637 etqlacrymas
747 4555 1039 4636 voluptate
1059 4566 1116 4616 et
1140 4557 1353 4618 timore
1371 4556 1549 4618 simul
1577 4562 1782 4618 mistas
1812 4557 1997 4618 effun-

357 4643 546 4714 dens:
584 4645 740 4707 Deus
773 4655 998 4715 noster.
1033 4645 1288 4719 dicebat,
1327 4647 1384 4708 in
1411 4646 1560 4709 caelo
1611 4646 1758 4708 etin
1813 4655 1992 4721 terra,

357 4732 558 4796 omnia
587 4753 960 4816 quaecunque
989 4734 1194 4816 voluit,
1231 4735 1365 4797 fecit
1396 4757 1409 4795 :
1445 4736 1645 4798 emisit
1675 4755 1707 4797 e
1738 4737 1909 4812 coelo,
1940 4746 1996 4798 et

356 4841 455 4885 me
483 4823 1119 4888 servavitBenedictus
1154 4825 1632 4906 es,Domine,qui
1663 4843 1861 4888 servas
1893 4845 1996 4888 eos

355 4912 457 4995 qui
476 4925 719 4996 sperant
741 4913 801 4977 in
824 4927 900 4977 te.
929 4913 1194 4994 Vespere
1217 4913 1492 4976 habitavit
1518 4933 1748 4977 mecum
1777 4917 1992 4990 luctus,

357 5011 418 5068 et
450 5023 623 5068 mane
652 5004 962 5067 exsultatio
992 5003 1074 5061 90.

354 5093 452 5151 ὅσα
500 5095 758 5162 ἠθέλησεν
812 5095 1084 5167 ἐποίησεν,
1143 5094 1529 5161 ἒξαπέστειλειν

2090 4380 2234 4453 ποσὶ,
2288 4381 2372 4436 καὶ
2430 4381 2523 4442 τὰς
2572 4380 3014 4460 εὐχαριστηρίους
3066 4381 3231 4461 εὒχὰς
3284 4377 3619 4440 ἀποδίδωσιν.
3683 4381 3747 4437 Οἱ

2081 4467 2136 4524 δὲ
2192 4469 2319 4546 πρὸς
2375 4469 2560 4542 αὒτὴν,
2609 4470 2686 4526 Τὰ
2743 4469 2842 4536 τῆς
2898 4466 3166 4549 ἡμετέρας
3227 4467 3360 4544 ἰδοὺ,
3411 4467 3597 4550 φασίν,
3641 4466 3746 4546 ἐγ-

2078 4559 2210 4636 γύης
2269 4556 2636 4634 πεπλήρωται.
2715 4560 2944 4635 Πορεύου
2999 4562 3144 4638 παρᾶ
3219 4562 3317 4626 τὴν
3374 4557 3579 4636 μητέρα
3641 4560 3746 4626 τὴν

2078 4648 2177 4714 σὴν
2248 4646 2302 4702 ἒν
2361 4648 2564 4723 siprius}.
2631 4650 2726 4706 Καὶ
2783 4650 2830 4704 οἱ
2898 4650 2997 4724 μὲν
3071 4649 3216 4712 εὗθὺς
3277 4654 3381 4705 τῶν
3455 4649 3742 4722 ὀφθαλμῶν

2078 4738 2284 4803 ἐκείνης
2355 4733 2658 4804 διέστησαν·
2840 4736 2896 4794 δὲ
2953 4745 3019 4812 τῇ
3099 4738 3300 4794 τούτων
3370 4735 3742 4814 προσελθοῦσα

2078 4833 2242 4903 σορῷ,
2303 4827 2508 4902 θερμῶς
2566 4848 2622 4882 τε
2705 4827 3132 4905 περιπτυξαμένη
3192 4829 3278 4884 οιαὶ
3347 4825 3542 4904 δάκρυα
3603 4825 3741 4894 ἡδο-

2080 4921 2175 4981 νῆς
2231 4918 2365 4990 ὁμοῦ
2415 4915 2510 4973 καί
2573 4915 2734 4993 φόϐου
2791 4916 3035 4995 συμμιγῆ
3093 4915 3436 4996 καταχέασα,
3487 4906 3544 4974 ι0
3607 4916 3742 4977 Θεὸς

2082 5006 2260 5083 ἡμῶν,
2318 5003 2518 5082 ἔλεγεν,
2579 5009 2636 5062 εν
2691 5011 2768 5078 τῷ
2819 5010 3020 5081 οὖρανῴ
3064 5009 3150 5062 καὶ
3193 5006 3246 5062 ὲν
3303 5006 3370 5073 τῆ
3428 5011 3500 5082 γῇ
3555 5005 3735 5062 πάντα

1587 5095 1638 5161 ἐξ
1705 5098 1920 5173 οὒρανοῦ
1983 5096 2070 5151 καὶ
2129 5091 2297 5150 ’ἐσωσέ
2359 5115 2448 5168 με.
2529 5093 2831 5172 Εὒλογητός
2890 5095 2970 5168 εἶν
3042 5097 3222 5173 Iw?“-
3281 5098 3308 5150 δ
3376 5095 3562 5165 σώζων
3616 5096 3745 5153 τοὺς

356 5183 658 5254 ἰλπίζοντας
688 5183 772 5240 ἐπὶ
799 5206 902 5243 σοι.
941 5185 1008 5242 Τὸ
1041 5184 1263 5254 ἑσπέρας
1294 5185 1521 5259 μῦλισθη
1553 5209 1644 5259 μοι
1677 5185 1970 5258 κλατθμὸς,
2005 5185 2099 5239 καί
2134 5185 2207 5246 εἷς
2251 5202 2311 5239 το
2348 5187 2489 5259 πρωὶ
2526 5183 2865 5258 ἀγαλλίασις.

439 5271 808 5335 XXIV.Cum
830 5290 970 5350 ergo
985 5272 1314 5350 satislongo
1331 5281 1598 5353 tempore
1622 5291 1986 5354 praecescum

358 5359 633 5442 lacrymis
681 5361 1105 5441 producentem
1141 5364 1390 5443 puellam
1425 5363 1650 5426 videret
1684 5363 1986 5436 sacerdos,

353 5449 456 5533 qui
487 5457 614 5512 erat
633 5447 694 5511 in
719 5449 962 5531 templo,
987 5460 1046 5514 et
1076 5453 1304 5515 audiret
1330 5455 1650 5532 gratiarum
1667 5452 1987 5531 actionem,

2157 5272 2290 5333 ΚΥ.
2327 5273 2447 5351 Ἐφ’
2499 5275 2682 5329 ἱκανὸν
2736 5273 2824 5330 οὖν
2852 5279 2950 5340 τῆς
3001 5272 3141 5342 ὥρας
3186 5275 3282 5339 τὰς
3312 5274 3476 5348 τύψας
3533 5269 3735 5348 δάκρυ-

2074 5385 2155 5420 σιν
2213 5363 2600 5440 παρατείνασαν
2634 5365 2709 5435 ,ὁ
2764 5361 2818 5417 ἐν
2874 5369 2950 5435 τῷ
3016 5368 3128 5433 ναῷ
3185 5365 3356 5441 ἱερεὺς
3413 5363 3512 5427 τὴν
3565 5360 3734 5438 κόρην

2075 5455 2234 5532 δρῶν,
2305 5453 2391 5509 καὶ
2462 5454 2566 5508 τῶν
2651 5454 3072 5536 ενῦιαρίστηριων

3101 5501 3118 5534 ,
3190 5453 3384 5514 ἀκούον
3459 5449 3724 5533 διαπορῶν

439 5637 491 5686 ¹⁸
521 5636 669 5736 Dan.
703 5654 824 5720 xlv,
855 5638 958 5734 35”.
1042 5638 1094 5683 ¹⁹
1121 5643 1247 5711 Act.
1287 5657 1405 5717 vui,
1433 5639 1543 5737 39.
1616 5640 1674 5692 90
1706 5639 1859 5716 Psal.
1896 5654 2134 5722 cxxxnv,
2165 5637 2228 5705 6.
