3918 6138
1632 286 1913 361 MENSIS
1942 280 2384 364 NOVEMBER.
3583 294 3683 365 164

328 293 440 368 163

1309 631 1608 729 VITA
1690 635 1845 730 ΕΤ
1926 635 2681 736 MARTYRIUM

1566 801 1879 868 SANCTAﬂ
1921 802 2017 867 ET
2061 804 2459 873 GLORIOSE

914 992 1472 1102 CHRISTI
1590 993 2303 1105 MARTYRIS
2420 995 3084 1125 CxECIleE,

1608 1224 1683 1270 ET
1726 1224 1822 1277 QUI
1866 1224 1978 1272 cum
2021 1226 2143 1273 IPSA
2188 1226 2395 1294 eam,

1124 1339 1570 1406 SANCTORUM
1604 1339 2036 1418 VALERIANI,
2072 1341 2404 1406 TlBURTlI
2451 1341 2545 1406 ET
2586 1343 2873 1407 MAXIM].

779 1504 980 1575 (Latine
1019 1502 1146 1577 apud
1183 1502 1387 1560 Surium
1434 1501 1496 1559 ad
1534 1501 1664 1560 diem
1705 1502 1773 1559 22
1811 1501 2108 1560 Novembris
2128 1518 2148 1575 ;
2208 1504 2377 1561 Graece
2417 1520 2520 1563 non
2557 1513 2726 1562 exstat
2766 1506 2817 1562 in
2854 1521 2984 1565 ωδε.
3024 1505 3212 1577 Paris.)

392 1792 438 1854 Ι.
494 1789 829 1853 Servatoris
862 1790 1047 1851 nostri
1097 1797 1154 1851 et
1182 1788 1289 1851 Dei
1321 1807 1352 1850 e
1400 1789 1565 1851 caelis
1620 1789 1948 1852 descensus
1970 1801 2004 1848 Α
2032 1810 2179 1853 nans
2211 1801 2405 1855 autem
2440 1803 2500 1854 et
2545 1812 2743 1868 orans,
2777 1796 3034 1874 seipsam
3067 1791 3526 1857 commendabat
3553 1793 3681 1855 De.

315 1879 651 1942 conciliavit
699 1896 906 1958 magna
959 1877 1115 1940 bona
1155 1878 1367 1957 generi
1416 1877 1746 1941 hominum.
1803 1878 1950 1941 Nam

310 1988 445 2031 cum
473 1975 632 2031 esset
655 1969 812 2031 Deus
842 1985 911 2029 ex
937 1965 1081 2041 Deo,
1101 1976 1160 2029 et
1191 1978 1349 2031 esset
1374 1968 1430 2029 in
1461 1967 1650 2031 forma
1684 1969 1813 2049 Dei,
1849 1968 1949 2050 qui

310 2060 502 2139 ipsum
552 2058 759 2136 genuit
787 2056 1217 2138 impatibiliter,
1265 2082 1291 2113 ι
1320 2076 1435 2119 non
1468 2058 1737 2138 rapinam
1784 2058 1948 2121 arbi-

310 2156 494 2213 tratus
523 2156 612 2210 est
634 2165 699 2209 se
726 2164 857 2209 esse
885 2146 1002 2207 Deo
1032 2147 1316 2227 aequalem
1342 2165 1354 2210 :
1390 2148 1494 2209 sed
1527 2149 1787 2230 seipsum
1821 2149 1948 2211 exi-

308 2237 562 2317 nanivit,
599 2236 755 2299 servi
785 2237 1035 2298 formam
1092 2236 1416 2316 accipiens,
1447 2237 1508 2298 in
1564 2237 1950 2301 similitudine

308 2328 611 2390 hominum
634 2327 843 2403 factus,
872 2333 929 2387 et
959 2324 1161 2388 habitu
1184 2326 1460 2388 inventus
1490 2335 1553 2388 ut
1575 2328 1752 2389 homo
1782 2345 1798 2402 ;
1834 2328 1948 2390 bu-

310 2414 561 2479 miliavit
592 2416 881 2496 seipsum.
912 2414 1101 2477 factus
1129 2413 1419 2478 obediens
1458 2434 1648 2497 usque
1677 2416 1749 2477 ad
1783 2434 1947 2479 mor-

306 2512 449 2581 tem,
479 2514 733 2569 mortem
766 2514 963 2567 autem
997 2505 1194 2566 crucis
1226 2508 1273 2580 1,
1302 2513 1367 2566 ιιι
1389 2523 1525 2567 eum
1557 2506 1808 2586 deleret,
1844 2507 1945 2587 qui

306 2594 510 2657 mortis
540 2593 798 2656 habebat
826 2593 1171 2673 imperium,
1206 2594 1317 2655 hoc
1347 2602 1461 2672 est,
1486 2593 1871 2675 diabolumi;
1919 2620 1941 2651 υ

304 2691 361 2744 et
384 2699 618 2745 omnem
647 2682 1052 2744 mauuducens
1081 2682 1534 2757 humanitatem,
1562 2683 1843 2745 eveheret
1869 2684 1943 2745 ad

304 2772 486 2834 ctelos
517 2788 628 2852 per
653 2769 989 2852 pretiosam
1022 2778 1082 2833 et
1104 2769 1364 2832 divinam
1397 2790 1562 2832 suam
1586 2771 1940 2837 doctrinam.

301 2860 491 2924 Primi
548 2861 748 2939 itaque
803 2860 1069 2923 omnium
1125 2879 1262 2922 eum
1319 2860 1509 2923 secuti
1565 2871 1703 2923 sunt
1755 2862 1947 2925 sancti

2035 1883 2195 1943 mino
2226 1882 2561 1962 praecibus:
2594 1886 2836 1961 angelos
2858 1884 3090 1947 Domini
3123 1883 3458 1959 invocabat,
3490 1883 3684 1962 lacry-

2036 1972 2146 2033 mis
2174 1972 2529 2053 precabatur
2576 1973 2897 2053 apostolos,
2932 1982 2990 2035 et
3018 1974 3223 2036 orabat
3250 1990 3459 2035 omnes
3503 1988 3683 2034 sanc-

2034 2071 2121 2124 tas
2169 2060 2386 2124 Christi
2442 2062 2711 2137 ancillas,
2773 2070 2837 2124 ut
2892 2078 3024 2125 eam
3076 2062 3499 2125 conﬁrmarent
3551 2063 3683 2127 suis

2034 2152 2591 2234 supplicationibus,
2648 2151 2974 2215 castitatem
3024 2170 3190 2216 suam
3242 2153 3683 2217 commendans

2032 2239 2303 2303 Domino.

2114 2329 2213 2393 ΙΙΙ.
2249 2334 2563 2413 Postquam
2590 2340 2784 2393 autem
2810 2331 2937 2395 haec
2965 2332 3115 2394 facta
3140 2341 3301 2407 sunt,
3329 2350 3441 2395 nox
3472 2334 3680 2400 venit:

2034 2420 2091 2480 in
2123 2437 2239 2501 qua
2267 2439 2403 2482 cum
2434 2440 2540 2483 suo
2570 2438 2788 2500 sponso
2822 2422 2881 2482 in
2905 2432 3179 2502 separato
3210 2420 3488 2484 cubiculo
3512 2431 3684 2505 quie-

2035 2518 2150 2571 tem
2184 2518 2354 2572 nacta
2377 2520 2434 2572 et
2456 2510 2790 2586 silentium,
2815 2511 2901 2573 sic
2932 2528 3067 2572 eum
3088 2521 3179 2573 est
3198 2511 3453 2573 allocuta
3480 2533 3497 2575 :
3531 2513 3684 2577 Dul-

2030 2597 2269 2661 cissime
2316 2599 2687 2680 adolescens,
2718 2608 2810 2661 est
2856 2600 2999 2661 mihi
3027 2618 3333 2681 arcanum,
3362 2600 3521 2683 quod
3567 2601 3686 2665 tibi

2029 2687 2312 2768 aperiam,
2350 2690 2400 2750 si
2449 2698 2507 2751 tu
2553 2690 2948 2770 jurejurando
3005 2689 3149 2752 mihi
3181 2689 3593 2773 afﬁrmaveris,
3626 2701 3685 2755 te

2027 2777 2226 2839 omnia
2274 2778 2627 2841 celaturum.
2664 2778 2730 2840 Ei
2772 2792 2971 2841 autem
2996 2778 3219 2859 juravit
3247 2780 3377 2860 ejus
3419 2797 3685 2862 sponsus

2030 2864 2399 2949 Valerianus,
2431 2886 2497 2929 se
2523 2869 2604 2942 id,
2642 2868 2800 2949 quod
2848 2867 3181 2945 dicebatur,
3219 2869 3399 2931 nullis
3426 2869 3681 2932 omnino

295 2949 549 3030 apostoli
586 2969 602 3027 ς
632 2960 762 3031 post
796 2949 1440 3031 apostolos,martyres;
1474 2960 1603 3031 post
1633 2961 1939 3034 martyres,
2029 2945 2262 3009 insidiis
2320 2945 2718 3029 proditurum,
2755 2966 2950 3030 neque
3004 2949 3060 3009 id
3118 2966 3252 3011 esse
3300 2958 3678 3030 aperturum,

295 3040 695 3111 confessores;
724 3049 855 3121 post
883 3040 1651 3117 confessores,sacerdotes;
1685 3053 1816 3123 post
1844 3062 1943 3105 sa-
1971 3094 2003 3123 η
2029 3054 2379 3118 quacunque
2395 3047 2709 3117 cogeretur
2731 3036 3281 3100 necessitate-Tunc
3301 3039 3398 3102 illa
3416 3056 3681 3119 respon-

295 3129 592 3196 cerdotes.
623 3130 883 3209 virgines
911 3150 927 3207 ;
960 3139 1090 3210 post
1122 3130 1400 3208 virgines,
1434 3130 1669 3209 viduze;
1705 3142 1833 3212 post
1866 3133 1946 3193 vi-
1970 3124 2005 3143 ”
2029 3126 2137 3199 dit,
2164 3126 2405 3189 dicens:
2435 3124 2584 3191 Volo
2614 3136 2670 3189 te
2697 3128 2877 3202 scire,
2906 3145 3003 3188 me
3021 3126 3294 3205 angelum
3323 3128 3426 3190 Dei
3448 3127 3683 3191 habere

296 3218 467 3299 duas,
501 3218 945 3283 misericordes.
978 3218 1051 3280 Et
1080 3229 1143 3280 ut
1189 3223 1376 3282 semel
1409 3220 1631 3296 dicam,
1662 3221 1943 3283 omnibus
2025 3217 2307 3297 amicum,
2342 3216 2446 3297 qui
2476 3234 2711 3277 summo
2738 3216 2867 3279 zelo
2904 3234 3123 3297 corpus
3152 3234 3351 3278 meum
3382 3217 3678 3280 custodit.

292 3307 716 3372 accedentibus
744 3318 948 3390 aperta
966 3309 1071 3370 fuit
1092 3309 1306 3372 Christi
1335 3310 1649 3372 medicinae
1676 3312 1936 3372 ofﬁcina.
2024 3301 2105 3384 18,
2154 3304 2204 3364 si
2234 3306 2326 3367 vel
2355 3305 2669 3367 minimum
2700 3303 2881 3368 luerit
2909 3305 3267 3387 suspicatus,
3296 3305 3458 3383 quod
3490 3314 3551 3366 tu
3584 3306 3684 3368 ins

293 3397 614 3479 Propterea
639 3399 906 3480 quotidie
936 3400 1150 3461 clamat
1180 3416 1288 3479 per
1318 3408 1555 3461 sanctos
1588 3418 1726 3462 suos
1757 3419 1939 3463 evan-
2027 3402 2187 3455 cestu
2220 3411 2315 3456 me
2338 3411 2544 3457 amore
2577 3394 2828 3475 polluas,
2866 3395 3014 3456 iram
3038 3412 3203 3456 suam
3234 3394 3506 3476 protinus
3526 3394 3591 3456 in
3617 3404 3683 3458 te

292 3486 574 3567 gelistas:
615 3513 638 3545 α
668 3487 884 3551 Venite
911 3488 982 3550 ad
1042 3506 1157 3563 me,
1194 3507 1405 3551 omnes
1433 3490 1535 3570 qni
1566 3488 1846 3553 laboratis
1877 3498 1936 3553 et
2019 3483 2330 3560 accendet,
2365 3493 2422 3544 et
2452 3483 2739 3563 elegantis
2771 3495 2884 3546 tute
2904 3484 3232 3565 juventutis
3282 3483 3489 3547 ﬂorem
3524 3502 3679 3565 per-

292 3579 518 3640 onerati
551 3576 715 3659 estis,
752 3584 813 3639 et
841 3596 950 3657 ego
981 3577 1245 3639 reﬁciam
1276 3597 1380 3640 vos
1407 3578 1459 3638 3.
1499 3604 1525 3635 ι
2019 3571 2143 3637 det.
2172 3570 2277 3636 Sin
2297 3579 2499 3635 autem
2528 3574 2898 3653 cognoverit,
2920 3573 3078 3654 quod
3101 3584 3163 3637 tu
3193 3573 3451 3654 simplici
3472 3574 3682 3637 etim-

306 3710 309 3713 .
371 3664 448 3730 Π,
508 3666 703 3747 Hujus
734 3668 1133 3729 venerandam
1181 3681 1235 3729 ei
1265 3669 1675 3731 suavissimam
1729 3688 1932 3733 vocem
2020 3662 2312 3725 maculato
2336 3662 3678 3744 meiamoretenearis,etvirgiuitatemmeatn

293 3773 427 3817 cum
481 3757 767 3821 audiisset
797 3758 972 3819 etiam
1023 3757 1254 3819 Caecilia
1286 3759 1615 3821 clarissima
1665 3761 1825 3840 virgo
1876 3769 1936 3824 et
2020 3751 2309 3831 integram
2362 3762 2422 3815 et
2462 3753 2831 3834 impollutam
2885 3752 3211 3833 custodiat»,
3250 3760 3306 3814 te
3353 3753 3511 3840 sicut
3567 3770 3681 3817 me

288 3843 632 3927 gloriosa,et
660 3846 722 3909 in
755 3865 891 3909 eum
917 3847 1292 3922 credidisset,
1325 3849 1681 3911 absconsum
1714 3839 1933 3913 Christi
2019 3840 2242 3921 diliget,
2277 3841 2625 3905 etostemiet
2647 3843 2751 3904 tibi
2781 3860 2949 3904 suam
2979 3842 3247 3922 gratiam.
3285 3840 3455 3904 Tunc
3482 3839 3682 3905 Vale-

288 3935 672 4015 Evangelium
708 3953 947 4017 semper
1004 3936 1459 4000 circumferebat
1488 3940 1548 3999 in
1577 3948 1838 4019 pectore,
1874 3949 1933 4002 et
2015 3929 2242 4011 Γὶίωυε,
2275 3931 2385 3994 Dei
2416 3940 2586 4013 nutu,
2621 3931 2835 3994 timore
2887 3931 3161 4014 affectUS,
3192 3931 3358 3995 dicit:
3389 3933 3455 3995 Si
3482 3930 3597 4014 Vix,
3636 3950 3679 3995 ο

288 4041 400 4086 nec
416 4033 616 4100 noctu,
643 4042 756 4087 nec
776 4024 1036 4087 interdiu
1067 4026 1493 4089 intermittebat
1519 4028 1712 4090 divina
1732 4028 1930 4108 legere
2014 4020 2389 4108 ρῒιδτὶεείωδ,
2422 4032 2485 4083 ιιι
2511 4022 2752 4084 credam
2782 4023 2858 4083 iis
2881 4040 3017 4102 quae
3045 4021 3218 4102 ditiis,
3239 4023 3489 4085 οδίθιιάθ
3517 4022 3682 4085 mihi

286 4111 548 4195 eloquia,
580 4122 640 4176 et
666 4113 851 4177 Deum
884 4132 1080 4177 orare.
1127 4115 1263 4178 Haec
1295 4135 1434 4196 ergo
1470 4116 1639 4180 beata
1695 4107 1833 4182 Caeci

2130 4129 2207 4171 tm
2236 4110 2555 4190 angelum;
2618 4121 2678 4173 et
2706 4112 2754 4173 si
2784 4111 3137 4174 intellexero
3169 4129 3309 4174 eum
3344 4130 3477 4175 esse
3521 4130 3677 4176 vere

287 4202 673 4268 Valerianum
692 4204 1008 4285 quemdam
1034 4204 1290 4268 habebat
1302 4206 1587 4286 juvenem
1614 4226 1923 4288 sponsum:
2010 4200 2309 4279 angelum,
2344 4201 2554 4263 iaciam
2587 4219 2720 4282 quae
2746 4201 3003 4264 hortaris
3037 4224 3053 4280 ;
3108 4201 3203 4262 sin
3232 4210 3434 4263 autem
3476 4201 3679 4265 alium

285 4292 388 4373 qui
407 4292 647 4374 quidem
664 4294 906 4374 juvenis
923 4313 1211 4358 accensus
1239 4315 1447 4358 amore
1469 4296 1735 4377 virginis,
1764 4297 1924 4361 diem
2009 4290 2199 4351 Virum
2248 4308 2438 4366 80188,
2470 4297 2532 4353 ct
2578 4298 2634 4353 te
2666 4298 2726 4354 et
2769 4290 2937 4354 illum
2967 4308 3112 4353 ense
3167 4290 3462 4356 OCCidam.
3495 4288 3683 4356 Tunc

286 4392 574 4476 statuerat
601 4384 969 4465 nuptiarum.
1004 4384 1236 4447 Caecilia
1272 4395 1468 4446 autem
1527 4386 1586 4447 in
1618 4405 1796 4449 carne
1826 4389 1920 4449 in-
1944 4424 1985 4476 ε
2010 4377 2156 4476 dicit
2185 4380 2237 4442 ei
2269 4381 2440 4476 beata
2469 4380 2773 4476 Caecilia:
2804 4382 2870 4442 Si
2901 4381 2989 4444 vis
3026 4379 3416 4476 meis‘parere
3456 4383 3677 4445 consi-

283 4472 427 4535 duta
456 4473 678 4550 cilicio,
712 4474 1081 4536 extrinsecus
1123 4475 1323 4537 aureis
1352 4475 1556 4537 induta
1586 4486 1711 4539 erat
1739 4478 1925 4540 vesti-
1948 4467 1984 4476 ’
2013 4467 2133 4545 iiiS,
2167 4488 2202 4531 0
2232 4469 2584 4533 εὶὶθΐίδδίῐηθ
2613 4470 2989 4547 δάοιεεεθιιεν
3015 4477 3077 4532 ει
3102 4470 3407 4551 Ροηίοθΐίε
3442 4478 3499 4534 ιο
3526 4489 3680 4535 esse

284 4560 420 4626 bus.
452 4560 599 4625 Nam
631 4580 765 4634 cum
797 4572 1077 4645 parentes
1107 4573 1166 4627 et
1195 4582 1451 4645 sponsus
1479 4566 1612 4646 ejus
1656 4566 1781 4629 haec
1811 4568 1925 4629 vel.
2012 4559 2385 4639 expiaturum
2409 4569 2636 4623 aeterno
2660 4562 2890 4624 lavacro
2915 4563 3408 4639 regenerationis,
3432 4569 3490 4624 et
3517 4580 3677 4625 cre-

284 4649 429 4720 lent,
460 4657 586 4733 ipsa
613 4670 863 4733 corpore
888 4653 1038 4716 adeo
1070 4662 1197 4716 erat
1226 4655 1506 4736 eliquata,
1538 4664 1600 4715 ut
1632 4675 1749 4718 non
1781 4676 1925 4738 pos-
2012 4648 2104 4711 dis
2121 4650 2183 4711 in
2201 4668 2383 4711 unum
2407 4669 2611 4712 verum
2643 4650 2858 4729 Deum,
2884 4652 2987 4732 qui
3019 4650 3155 4713 vivit
3183 4651 3246 4712 in
3278 4651 3469 4732 ouilia,
3491 4662 3679 4733 potes

282 4749 373 4802 set
422 4740 621 4804 celare
650 4742 847 4805 cordis
895 4742 991 4806 sui
1020 4743 1410 4821 desiderium,
1446 4754 1505 4806 et
1534 4746 1692 4826 quod
1743 4746 1925 4809 solius
2011 4756 2147 4801 eum
2193 4740 2611 4821 contemplari.
2643 4738 2800 4803 Dicit
2848 4741 2905 4803 ei
2952 4739 3353 4805 Valerianus:
3407 4740 3479 4802 Et
3525 4743 3679 4823 quis

281 4830 501 4894 Christi
549 4831 883 4895 Servatoris
915 4842 1082 4915 capta
1114 4843 1244 4897 erat
1289 4852 1516 4909 amore,
1548 4833 1924 4915 signiﬁcabat
2006 4837 2122 4905 est,
2154 4830 2257 4910 qui
2293 4847 2391 4891 me
2443 4829 2729 4912 expiabit,
2772 4838 2833 4892 ut
2890 4847 2999 4910 ego
3031 4830 3265 4893 videam
3323 4829 3607 4912 angelum
3648 4832 3680 4896 2

278 4921 520 5004 proprie
550 4922 984 5001 aanigmatibus.
1009 4925 1143 4988 Non
1169 4922 1350 4986 multo
1375 4936 1508 5003 post
1534 4932 1733 4986 autem
1762 4926 1923 4987 venit
2004 4915 2336 5001 Respondit
2364 4920 2626 5003 Caecilia,
2657 4930 2716 4984 et
2747 4920 2929 4984 dixit:
2962 4918 3066 4982 Est
3095 4938 3275 4983 senex
3309 4920 3370 4983 in
3398 4920 3678 5003 quodam

279 5010 433 5088 dies,
467 5014 524 5076 in
558 5031 678 5091 quo
710 5021 949 5095 paratus
972 5024 1103 5076 erat
1129 5013 1420 5076 thalamus
1457 5035 1471 5072 :
1510 5021 1569 5075 et
1598 5031 1729 5076 cum
1764 5024 1921 5078 esset
2004 5008 2161 5090 loco,
2198 5014 2296 5090 qui
2344 5010 2589 5090 pulchre
2620 5009 2733 5073 scit
2769 5027 3021 5091 purgare
3067 5009 3367 5088 homines,
3405 5019 3471 5073 ut
3518 5010 3676 5075 em-

277 5102 629 5183 symphonia
647 5102 1205 5180 instrumentorum,
1232 5104 1335 5164 illa
1365 5103 1424 5164 in
1456 5101 1636 5166 corde
1666 5122 1774 5165 suo
1806 5105 1917 5167 soli
2002 5099 2232 5162 ciantut‘
2281 5099 2469 5179 digni,
2502 5101 2604 5183 qui
2660 5101 3008 5162 intueantur
3065 5100 3332 5182 angelos.
3385 5100 3544 5164 Dixit
3606 5102 3680 5166 ei

274 5187 399 5254 Deo
432 5190 738 5271 psallebat,
773 5191 1015 5256 dicens:
1056 5218 1081 5250 «ι
1116 5194 1263 5269 Fiat,
1298 5192 1687 5267 Domine,cor
1718 5212 1916 5257 meum
2000 5188 2395 5252 Valerianus:
2445 5189 2516 5251 Et
2572 5190 2676 5252 ubi
2729 5208 2992 5272 quaeram
3049 5207 3159 5271 ego
3214 5208 3352 5255 eum
3395 5209 3612 5257 senem
3647 5191 3680 5257 ἳ

275 5290 337 5341 et
365 5295 587 5359 corpus
618 5298 817 5343 meum
848 5281 1284 5344 immaculatum
1321 5283 1381 5343 in
1407 5281 1919 5362 tuisjustiﬁcatio-
1999 5273 2332 5359 Respondit
2386 5276 2622 5342 Caecilia
2656 5298 2670 5343 :
2703 5279 2868 5341 Vade
2916 5278 2991 5339 ad
3039 5279 3279 5353 tertium
3334 5280 3591 5364 lapidem
3632 5300 3680 5345 ι

273 5365 473 5448 nibus,
508 5377 570 5430 ιιι
600 5387 719 5429 non
772 5370 999 5450 pudore
1042 5370 1266 5433 afﬁciar
1291 5372 1340 5430 ι,
1379 5395 1407 5428 υ
1442 5373 1690 5434 Manens
1718 5383 1916 5437 autem
2001 5367 2236 5432 civitate
2268 5371 2383 5448 via,
2406 5387 2538 5452 quae
2578 5367 2795 5432 dicitur
2819 5369 3047 5452 Appia:
3083 5368 3168 5431 ibi
3198 5370 3469 5435 invenies
3497 5388 3673 5453 pau-

271 5456 501 5539 jejuna,
535 5457 684 5520 duos
714 5470 815 5521 aut
855 5467 974 5523 tres
1006 5460 1135 5524 dies
1160 5479 1194 5522 a
1223 5459 1354 5524 cibo
1384 5460 1669 5525 abstinuit
1706 5482 1719 5522 :
1751 5463 1916 5544 jeju-
2002 5478 2200 5544 peres,
2236 5459 2341 5539 qui
2387 5469 2604 5523 victum
2639 5471 2854 5540 petunt
2898 5477 2933 5522 a
2960 5460 3437 5547 transeuntibus,
3465 5463 3539 5527 ab
3581 5460 3681 5534 iis

351 5617 373 5663 ¹
406 5616 669 5704 Philipp.
702 5636 765 5703 ιι,
798 5620 859 5704 6,
889 5624 950 5689 7.
1037 5623 1064 5666 ει
1094 5620 1243 5689 Heb.
1282 5639 1342 5701 ιι,
1384 5622 1479 5685 14.
1568 5623 1600 5673 5
1626 5623 1835 5693 Matth.
1873 5641 1898 5687 ιι

1210 5643 1243 5687 ι.
1282 5639 1342 5701 ιι,
1384 5622 1479 5685 14.
1568 5623 1600 5673 5
1626 5623 1835 5693 Matth.
1873 5640 1958 5705 XI,
1990 5621 2090 5689 28.
2180 5624 2209 5674 6
2242 5620 2399 5689 Psal.
2432 5638 2632 5701 cxvm,
2660 5622 2757 5688 80.
