3932 6128
212 304 309 380 165
1367 308 1553 382 VITA
1598 310 1656 380 s.
1704 300 2045 380 C/ECILI/E
2086 317 2183 382 ET
2243 304 2395 380 sec.
3451 298 3565 383 ted

211 450 352 513 enim
386 471 513 516 sum
543 461 772 532 curata,
795 455 912 538 qui
948 456 1191 538 quidem
1231 460 1367 516 sunt
1394 454 1571 533 hujus
1604 454 1721 516 mei
1752 472 1843 515 ar.
1866 464 1901 512 A
1925 462 2154 531 gentes,
2188 450 2463 538 rosisque
2518 453 2576 538 et
2633 442 3233 538 liliisusplendentes.
3297 454 3559 526 Quarum

210 542 329 602 cani
355 545 694 625 participes.
724 535 848 609 Eos
885 535 1221 628 tri—quando
1248 543 1491 617 videris,
1541 543 1711 606 dabis
1764 545 1848 605 eis
1932 561 2105 603 unam
2140 542 2380 622 quidem
2428 535 2594 628 dedit
2625 535 2899 618 Caeciliae,
2930 538 3180 628 alteram
3213 558 3351 604 vero
3382 541 3563 609 Vale-

211 648 390 692 meam
414 631 935 710 benedictionem,
959 625 1190 698 dicens:
1212 633 1444 698 Caecilia
1473 651 1567 695 me
1594 632 1751 695 misit
1776 633 1848 693 ad
1930 636 2121 713 riano,
2155 630 2363 692 dicens
2395 647 2408 691 :
2446 625 2561 689 Has
2590 643 2839 687 coronas
2870 627 3053 690 corde
3095 628 3475 697 immaculato
3508 644 3567 698 et

208 738 326 802 vos,
352 729 419 782 ut
447 724 779 789 ostendatis
814 726 969 787 mihi
993 732 1256 788 sanctum
1287 741 1492 786 senem
1517 722 1846 799 Urbanum,
1935 738 2079 798 puro
2110 736 2361 799 corpore
2392 713 2682 778 custodite
2711 735 2726 791 ;
2759 732 2857 776 eas
2888 716 3047 777 enim
3072 735 3140 779 ex
3166 721 3437 799 paradiso
3459 722 3568 789 Dei

211 810 485 890 quoniam
519 814 593 875 ad
625 815 818 895 ipsum
849 814 1051 876 habeo
1080 820 1303 876 secreta
1332 812 1406 874 ab
1437 832 1508 875 ea
1534 831 1847 894 responsa,
1928 809 2003 871 ad
2040 828 2142 873 vos
2172 808 2361 870 attuli.
2400 805 2521 868 Hoc
2550 813 2746 895 autem
2783 807 2894 868 erit
2915 804 3082 868 vobis
3102 806 3334 888 signum
3360 814 3566 876 :Nun-

210 917 331 978 qua:
362 899 416 962 ei
448 893 725 965 reddam.
765 904 919 966 Eum
947 903 1188 984 quando
1219 902 1458 980 videris,
1483 893 1661 964 narra
1695 921 1851 982 quae-
1933 917 2105 981 quam
2132 903 2496 960 marcessent
2516 914 2550 956 a
2576 893 2762 965 vobis,
2788 913 2983 976 neque
3009 916 3265 978 unquam
3295 905 3570 967 amittent

209 1006 435 1070 cunque
470 992 578 1053 tibi
611 992 754 1075 dixi,
784 1002 843 1055 et
874 993 1112 1076 quando
1144 1002 1197 1054 te
1241 992 1598 1066 lustraverit,
1643 992 1850 1053 induet
1931 990 2277 1051 suavitatem
2325 985 2554 1076 odoris,
2583 1003 2821 1076 neque
2859 1004 3120 1066 unquam
3182 997 3457 1067 poterunt
3492 994 3565 1057 ab

211 1084 263 1138 te
292 1078 667 1142 indumentis
711 1074 986 1145 novis‘et
1029 1081 1381 1161 splendidis,
1442 1099 1576 1143 cum
1631 1081 1849 1162 quibus
1931 1078 2061 1141 aliis
2091 1078 2300 1152 aSpiCi,
2334 1076 2444 1137 nisi
2475 1075 2547 1136 ab
2578 1074 2695 1136 illis
2728 1074 2941 1154 quibus
2973 1075 3060 1138 sic
3106 1077 3356 1158 placebit
3384 1084 3568 1145 casti-

208 1166 360 1230 illico
387 1170 645 1233 veniens
668 1170 730 1232 in
764 1172 877 1235 hoc
909 1170 1273 1251 cubiculum,
1307 1170 1536 1233 videbis
1574 1176 1846 1232 sanctum
1933 1180 2041 1241 tas,
2068 1166 2365 1250 quomodo
2398 1166 2709 1247 probatum
2742 1174 2830 1226 est
2859 1183 2991 1227 eam
3023 1167 3188 1229 vobis
3212 1170 3470 1249 placere.
3498 1172 3570 1237 Et

206 1257 506 1337 angelum,
541 1259 646 1341 qui
679 1269 816 1323 tuus
846 1260 1055 1323 evadet
1084 1263 1334 1342 amicus,
1370 1268 1427 1323 et
1481 1277 1850 1341 quaecunque
1933 1259 2212 1337 quoniam
2246 1267 2331 1336 tu,
2388 1275 2422 1317 ο
2472 1253 2810 1335 Valeriane,
2864 1272 3143 1318 assensus
3197 1277 3260 1320 es
3317 1263 3568 1326 consilio

206 1357 365 1437 petes
394 1345 474 1410 ab
506 1349 668 1430 ipso,
700 1350 993 1412 invenies.
1933 1346 2240 1418 castitatis,
2277 1363 2371 1437 me
2392 1344 2463 1406 ad
2492 1353 2545 1405 te
2577 1342 2737 1404 misit
2760 1342 3046 1437 Dominus
3073 1345 3246 1409 Jesus
3275 1350 3567 1437 Christus,

278 1434 447 1498 Tunc
476 1439 784 1518 profectus
815 1450 903 1502 est
931 1438 1303 1517 Valerianus,
1337 1448 1396 1502 et
1423 1440 1851 1503 convenienter
1935 1443 1995 1499 ut
2025 1453 2153 1498 eam
2182 1435 2439 1517 accipias
2473 1451 2651 1510 quam
2710 1432 2870 1493 voles
2915 1433 3281 1514 petitionem.
3316 1436 3423 1503 Ille
3457 1432 3568 1504 au;

204 1525 405 1605 signis,
442 1546 586 1605 quae
608 1531 841 1610 accepit
864 1529 942 1594 ab
973 1530 1102 1611 ipsa
1121 1536 1325 1593 sancta
1345 1528 1600 1604 Caecilia,
1627 1528 1852 1591 invenit
1937 1535 2052 1588 tem
2086 1543 2221 1587 cum
2251 1524 2557 1599 audiisset,
2588 1522 2850 1586 adoravit
2893 1532 2952 1584 et
3002 1522 3149 1586 dixit
3179 1543 3194 1588 :
3229 1525 3390 1593 Nihil
3424 1532 3571 1595 mihi

202 1622 467 1678 sanctum
501 1616 811 1681 Urbanum
844 1620 1185 1700 episcopum
1228 1619 1351 1700 qui,
1404 1637 1537 1682 cum
1588 1616 1851 1680 secundo
1935 1623 2025 1679 est
2052 1616 2111 1677 in
2145 1617 2253 1677 hac
2284 1615 2399 1675 vita
2428 1613 2685 1693 dulcius,
2718 1631 2892 1694 quam
2928 1614 3265 1678 charissimi
3306 1626 3363 1681 et
3413 1620 3571 1684 unici

202 1706 404 1767 fuisset
433 1706 775 1783 confessor,
808 1706 1030 1771 latebat
1058 1708 1327 1770 occultus
1385 1707 1447 1769 in
1510 1714 1847 1770 sanctorum
1877 1760 1912 1811 Β
1936 1706 2138 1806 fratris
2169 1703 2504 1811 praesentia:
2538 1701 2935 1811 Quamobrem
2970 1712 3184 1804 merito
3212 1723 3424 1787 arguar
3450 1711 3568 1772 im-

204 1803 533 1876 martyrum
549 1796 1354 1878 monumentis.Cuiquidem
1371 1807 1681 1878 postquam
1708 1795 1852 1857 dixit
1878 1789 1912 1811 "
1937 1794 2191 1875 pietatis,
2226 1800 2274 1855 si
2309 1811 2402 1854 me
2432 1790 2687 1854 liberato
2730 1789 2804 1852 ab
2836 1810 3039 1854 errore
3086 1793 3568 1882 simulacrorum,

202 1883 420 1966 omnia,
488 1903 630 1964 quae
688 1886 921 1948 dixerat
961 1887 1219 1961 Caecilia,
1276 1906 1485 1966 magno
1513 1886 1729 1965 gaudio
1760 1893 1855 1947 est
1934 1884 2176 1946 fratrem
2199 1902 2393 1943 meum
2426 1882 2711 1961 majorem
2742 1882 3072 1961 despexero
3101 1885 3161 1945 in
3193 1889 3461 1967 periculo
3488 1890 3576 1952 in-

200 1974 473 2049 affectus,
504 1982 570 2038 et
591 1974 849 2055 genibus
871 1977 1038 2039 humi
1062 1976 1258 2057 ﬂexis,
1282 1983 1339 2037 et
1362 1974 1712 2037 manibusin
1734 1991 1853 2035 coe-
1941 1978 2170 2037 teritus.
2227 1968 2391 2033 Hanc
2426 1989 2600 2033 unam
2634 1989 2702 2032 ex
2738 1971 3016 2059 omnibus
3049 1993 3312 2056 propono
3343 1979 3575 2059 petitio-

200 2063 313 2125 lnm
344 2065 649 2140 extensis,
683 2064 833 2127 dixit
862 2084 995 2127 cum
1047 2064 1360 2146 lacrymis:
1415 2064 1665 2127 Domine
1711 2062 1854 2128 Jesu
1940 2080 2101 2143 nem,
2136 2071 2196 2125 et
2230 2062 2479 2141 supplex
2510 2058 2837 2141 contendo,
2872 2070 2935 2120 ut
2962 2061 3207 2124 fratrem
3240 2058 3437 2130 meum
3474 2067 3571 2131 Ti-

201 2153 464 2236 Cbriste,
491 2163 919 2236 pastorsancte
938 2164 996 2218 et
1016 2155 1195 2236 boue,
1230 2155 1465 2218 Caicilia
1490 2164 1585 2217 tua
1613 2152 1850 2233 ancilla,
1939 2151 2223 2224 burtium,
2249 2151 2399 2211 sicut
2427 2169 2543 2230 me,
2573 2148 2850 2229 dignetur
2879 2149 3156 2225 liberare,
3186 2160 3245 2215 et
3272 2156 3443 2219 faciat
3466 2177 3573 2223 nos

204 2253 480 2324 tanquam
518 2244 727 2306 multis
762 2244 1064 2307 laboribus
1094 2244 1356 2307 exercita
1402 2264 1575 2326 agna,
1629 2244 1734 2305 tibi
1766 2253 1857 2306 est
1938 2240 2148 2302 ambos
2172 2240 2467 2320 perfectos
2490 2241 2550 2299 in
2572 2238 2947 2301 confessione
2979 2240 3106 2320 ejus
3136 2244 3572 2313 nominis.Cum

202 2333 507 2409 dedicata,
533 2333 1025 2414 quandoquidem
1046 2353 1333 2415 sponsum
1364 2354 1561 2410 suum,
1584 2334 1685 2416 qui
1714 2352 1854 2414 per—
1939 2332 2063 2394 haec
2094 2340 2294 2391 autem
2328 2329 2612 2392 au.liisset
2642 2329 2910 2406 angelus,
2945 2330 3077 2391 laeto
3109 2333 3271 2397 vultu
3302 2335 3360 2399 ei
3388 2335 3570 2405 dixit:

198 2422 335 2486 inde
362 2442 440 2485 ac
473 2425 576 2486 leo
608 2423 882 2486 cohiberi
912 2443 1030 2485 non
1065 2432 1315 2506 poterat,
1349 2424 1606 2504 accepit,
1642 2432 1698 2485 et
1719 2441 1857 2501 erga
1940 2420 2432 2497 Quandoquidem
2464 2437 2497 2481 a
2527 2417 2758 2480 Christo
2791 2420 3034 2500 petiisti,
3073 2425 3229 2502 quod
3260 2434 3350 2486 est
3381 2426 3575 2492 hone-

204 2522 255 2573 te
282 2522 579 2595 tanquam
612 2532 830 2593 agnum
884 2515 1147 2577 reddidit
1196 2514 1771 2577 mansuetissimum.
1806 2511 1860 2574 [s
1941 2510 2116 2584 stius,
2146 2510 2197 2570 is
2229 2508 2437 2584 Deum,
2472 2512 2623 2569 sicut
2655 2519 2740 2581 tu,
2778 2508 2954 2569 colet.
2988 2511 3293 2583 Quomodo
3325 2516 3484 2578 enim
3516 2508 3574 2582 te

203 2605 354 2665 enim
389 2602 518 2664 nisi
549 2602 929 2679 credidisset,
962 2603 1035 2665 ad
1064 2622 1173 2665 nos
1200 2623 1319 2666 non
1337 2603 1621 2665 venisset.
1654 2602 1857 2683 Aperi,
1944 2619 2050 2683 per
2077 2599 2351 2660 ancillam
2377 2597 2673 2659 Caeciliam
2694 2597 2984 2659 lucrifecit
3012 2601 3321 2679 Dominus,
3356 2606 3436 2668 ita
3467 2624 3574 2687 per

201 2690 481 2768 Domine,
520 2691 746 2754 ostium
779 2692 978 2755 cordis
1008 2694 1139 2774 ejus
1169 2693 1365 2756 verbis
1398 2693 1606 2768 tuis,ut
1635 2711 1768 2754 cum
1793 2699 1849 2755 te
1933 2700 1990 2752 te
2014 2689 2255 2751 fratrem
2287 2706 2523 2769 quoque
2558 2694 2719 2748 tuum
2752 2687 3098 2770 lucrifaciat,
3133 2699 3192 2752 et
3246 2711 3381 2755 cum
3439 2694 3571 2778 ipso

202 2786 554 2862 cognoverit
584 2800 721 2844 esse
750 2784 877 2862 ejus
908 2782 1248 2846 effectorem
1281 2794 1340 2846 et
1378 2782 1726 2863 Dominum,
1751 2800 1854 2845 re-
1936 2782 2139 2842 venies
2166 2779 2237 2840 ad
2271 2787 2573 2840 certamen
2616 2778 2896 2859 martyrii.

203 2881 424 2938 nuntiet
444 2881 689 2939 diabolo
712 2890 769 2939 et
788 2883 1059 2952 operibus
1077 2882 1221 2952 ejus.
1244 2890 1300 2941 et
1321 2881 1466 2940 dolis
1490 2881 1633 2953 ejus.
1658 2881 1784 2937 Haec
1806 2897 1864 2948 et
2025 2868 2123 2933 Vl.
2148 2869 2254 2931 His
2284 2885 2423 2948 ergo
2456 2868 2639 2929 finitis
2668 2868 3067 2944 sermonibus,
3114 2870 3303 2933 forma
3332 2873 3576 2940 visionis

203 2962 289 3022 bis
316 2962 554 3024 similia
588 2971 799 3023 orante
826 2972 1028 3024 sancto
1069 2960 1307 3026 Urbano
1336 2961 1641 3043 episcopo,
1675 2980 1855 3025 senex
1878 2976 1916 3026 c
1941 2962 2221 3036 angelicae
2240 2970 2544 3039 assumpta
2567 2966 2653 3020 est
2685 2958 2742 3019 in
2776 2958 2964 3040 cretis,
2999 2961 3232 3042 illisque
3252 2962 3314 3024 in
3341 2965 3573 3030 Christo

204 3062 334 3114 ante
350 3070 497 3114 eum
531 3060 785 3134 repente
804 3052 1098 3133 apparuit,
1125 3051 1367 3114 indutus
1389 3052 1657 3113 candidis
1674 3056 1854 3115 vesti-
1940 3049 2303 3140 laetantibus,
2334 3056 2393 3108 et
2422 3049 2480 3140 in
2511 3048 2898 3140 aedificatione
2927 3059 3133 3112 sancta
3165 3052 3571 3140 loquentibus,

206 3143 420 3203 mentis
452 3140 613 3203 sicut
642 3140 767 3214 nix,
830 3150 1042 3203 tenens
1096 3141 1159 3202 in
1220 3140 1494 3204 manibus
1552 3142 1853 3218 tabellam,
1936 3138 2191 3201 accessit
2220 3136 2523 3199 Tiburtius
2551 3137 2732 3199 frater
2765 3136 3089 3218 Valeriani,
3138 3150 3197 3202 et
3243 3136 3571 3227 ingressus,

206 3230 403 3292 aureis
433 3229 792 3311 inscriptam
816 3229 1045 3293 litteris.
1078 3230 1262 3304 Quem
1292 3249 1425 3295 cum
1461 3229 1706 3294 vidisset
1732 3229 1855 3293 Va—

207 3318 505 3400 lerianus,
536 3318 907 3399 stupefactus
934 3328 995 3381 et
1032 3319 1253 3382 cadens
1302 3320 1363 3382 in
1398 3328 1635 3391 terram,
1670 3319 1856 3382 factus

207 3416 292 3471 est
321 3417 613 3489 tanquam
648 3417 937 3469 mortuus.
973 3408 1138 3471 Tunc
1164 3426 1347 3471 senex
1379 3428 1512 3471 eum
1538 3409 1748 3484 erexit,
1770 3410 1858 3472 di-

206 3516 379 3561 cens:
420 3498 610 3578 Lege,
645 3516 678 3559 ο
711 3497 817 3573 fili,
854 3506 1195 3560 contextum
1230 3498 1409 3578 hujus
1465 3498 1621 3574 libri,
1662 3508 1727 3563 ut
1757 3500 1854 3560 di-

209 3606 356 3668 gnus
388 3588 699 3664 habeatis,
734 3588 836 3668 qui
873 3586 1146 3669 purgeris
1177 3595 1236 3649 et
1290 3589 1493 3650 videas
1550 3590 1853 3671 angelum,

211 3680 377 3759 cujus
407 3685 807 3759 conspectum
840 3677 945 3738 tibi
974 3677 1135 3757 virgo
1161 3677 1392 3740 Caecilia
1420 3696 1553 3739 cum
1583 3688 1855 3759 prompto

210 3769 392 3829 animi
425 3767 632 3830 studio
661 3775 754 3829 est
775 3767 1059 3847 pollicita.
1084 3768 1250 3830 Tunc
1267 3765 1855 3842 Valerianus,deﬁxis

211 3857 428 3935 oculis,
462 3863 648 3939 ccepit
675 3857 738 3918 in
767 3874 839 3920 eo
874 3858 1095 3936 legere.
1129 3854 1267 3918 Erat
1294 3866 1490 3919 autem
1524 3857 1651 3920 haec
1697 3857 1853 3919 scri-

209 3956 405 4027 ptura,
443 3963 583 4028 quae
619 3958 747 4009 erat
794 3945 855 4007 in
908 3945 1165 4009 tabella:
1219 3970 1247 4003 ι
1295 3945 1461 4009 Unus
1508 3945 1688 4023 Deus,
1740 3966 1856 4009 una

209 4038 378 4111 ﬁdes,
412 4054 611 4098 unum
641 4034 971 4116 baptisma;
1004 4055 1157 4097 unus
1200 4037 1358 4099 Deus
1406 4045 1464 4097 et
1514 4038 1692 4100 Pater
1721 4055 1853 4098 om-

207 4125 396 4201 nium,
413 4130 524 4207 qui
547 4133 636 4188 est
655 4143 840 4206 super
854 4125 1077 4203 omnia,
1103 4134 1163 4187 et
1184 4125 1243 4186 in
1265 4124 1542 4187 omnibus
1560 4127 1849 4188 Amen5.»

1941 3238 2218 3308 tanquam
2287 3245 2448 3288 suam
2518 3228 3170 3317 sponsamﬁoswlatus
3240 3243 3332 3294 est
3395 3247 3577 3317 caput

1939 3326 2160 3380 sanctas
2188 3317 2459 3392 Caeciliae,
2495 3326 2552 3378 et
2583 3317 2729 3378 dixit
2758 3336 2771 3381 :
2806 3316 2989 3382 Valde
3021 3319 3227 3397 miror,
3286 3322 3399 3386 hoc
3431 3316 3574 3388 tem-

1941 3425 2081 3488 pure.
2113 3406 2208 3468 hic
2238 3424 2403 3467 rosas
2434 3415 2493 3468 et
2521 3406 2644 3468 lilia
2674 3407 2980 3471 olfaciens.
3014 3408 3158 3470 Nam
3190 3410 3241 3472 si
3279 3410 3437 3492 ipsas
3467 3434 3571 3478 ro-

1939 3517 2033 3560 sas
2064 3508 2121 3560 et
2155 3498 2274 3559 lilia
2307 3505 2572 3559 tenerem
2619 3502 2674 3559 in
2725 3500 3019 3574 manibus,
3063 3519 3138 3561 ne
3196 3501 3282 3563 sic
3331 3504 3574 3585 quidem

1941 3588 2083 3650 milii
2110 3586 2631 3668 possentpraebere
2654 3596 2769 3649 tam
2789 3607 3027 3650 suavem
3062 3590 3331 3656 odorem.
3362 3595 3576 3658 Fateor

1939 3678 2128 3752 vobis,
2151 3696 2183 3737 ο
2217 3676 2577 3752 charissimi,
2607 3678 2686 3738 ita
2714 3696 2820 3755 ego
2849 3678 2921 3738 ad
2958 3697 3049 3739 me
3078 3678 3252 3751 redii,
3281 3688 3344 3743 ut
3369 3693 3572 3763 putem

1941 3786 2035 3828 me
2069 3775 2252 3828 totum
2288 3773 2531 3846 repente
2562 3785 2693 3828 esse
2724 3775 3094 3831 renovatum.
3128 3768 3281 3831 Dicit
3316 3772 3371 3833 ei
3404 3770 3575 3837 Vale-

1938 3857 2186 3919 rianus:
2225 3858 2449 3918 Bonum
2484 3854 2727 3918 odorem
2772 3856 3075 3939 accepisti,
3128 3877 3161 3919 ο
3191 3858 3400 3938 frater,
3434 3881 3572 3927 cum

1937 3965 2045 4024 ego
2074 3946 2328 4026 r0garim
2361 3944 2575 4020 Deum,
2608 3952 2673 4007 ut
2718 3946 3045 4027 acciperes.
3080 3947 3165 4011 Te
3207 3959 3404 4014 autem
3432 3954 3570 4035 {jam

1939 4039 2248 4118 credente,
2279 4037 2535 4117 accipies
2565 4038 2741 4099 etiam
2773 4039 3247 4103 amaranthinam
3291 4059 3571 4108 coronam

1938 4125 2423 4207 incorruptionis,
2460 4134 2518 4188 et
2548 4127 2731 4188 laetari
2762 4127 2822 4189 in
2877 4129 3010 4207 ipsa
3060 4148 3253 4203 rosea,
3287 4141 3344 4194 et
3376 4139 3575 4198 mente

283 4214 356 4277 V.
390 4215 731 4305 Postquam,
753 4233 893 4305 ergo
1104 4215 1259 4296 apud
1304 4233 1368 4276 se
1412 4214 1575 4295 legit.
1625 4214 1767 4277 dixit
1799 4217 1855 4280 ei
1882 4300 1907 4305 _
1940 4236 2075 4279 eum
2110 4216 2440 4297 percipere,
2476 4216 2647 4295 cujus
2671 4217 2729 4277 in
2754 4218 2905 4278 rosis
2936 4221 3176 4299 sanguis
3204 4219 3491 4305 ﬂorescit,
3515 4232 3575 4286 et

209 4305 530 4369 sacerdos:
562 4303 793 4379 Credis,
818 4303 925 4379 fili,
958 4304 1088 4366 haec
1110 4304 1190 4365 ita
1221 4322 1373 4379 esse,
1406 4324 1480 4365 an
1514 4305 1708 4367 adhuc
1739 4307 1852 4367 du-
1879 4300 1917 4352 ο
1939 4308 1997 4367 in
2029 4306 2167 4368 liliis
2197 4307 2364 4386 cujus
2394 4324 2610 4385 corpus
2652 4306 2899 4368 albescit
2929 4315 2988 4369 et
3021 4312 3237 4372 anima.
3270 4300 3574 4377 Habemus

209 4394 405 4458 bitas?
432 4393 611 4457 Tunc
660 4391 1010 4457 Valerianus
1065 4393 1339 4456 clamavit
1398 4412 1607 4474 magna
1669 4414 1849 4458 voce:

204 4485 338 4549 Non
368 4493 466 4548 est
496 4500 709 4546 revera
737 4482 896 4544 aliud
927 4482 1037 4544 sub
1071 4481 1243 4556 ccelo,
1278 4482 1374 4544 cui
1433 4486 1630 4545 verius
1690 4484 1855 4546 credi
1888 4490 1897 4493 ”

206 4581 410 4656 possit.
445 4575 771 4653 Postquam
824 4590 966 4652 ergo
1015 4572 1140 4634 haec
1172 4571 1318 4634 dixit
1351 4572 1722 4647 Valerianus,
1756 4573 1858 4637 ille

204 4683 384 4726 senex
414 4682 491 4726 ex
524 4663 659 4743 ejus
688 4662 875 4725 oculis
904 4662 1163 4726 evanuit.
1197 4660 1365 4724 Tunc
1394 4671 1633 4725 sanctus
1661 4662 1856 4727 Urba-

207 4770 347 4828 nus,
378 4770 518 4815 cum
551 4769 689 4815 eum
722 4750 1149 4827 admonuisset,
1184 4758 1242 4813 et
1288 4751 1651 4813 catechismo
1684 4753 1854 4815 insti-

207 4850 441 4915 tuisset,
475 4841 791 4923 baptizavit
820 4859 957 4904 eum
987 4847 1047 4902 tn
1080 4840 1326 4904 nomine
1376 4841 1565 4903 Patris
1613 4850 1671 4904 et
1722 4841 1858 4904 Filii

207 4944 261 4995 et
290 4934 563 5016 Spiritus
592 4932 805 5005 sancti,
840 4941 898 4994 et
953 4949 1084 4993 cum
1120 4950 1255 4994 eum
1288 4931 1585 4993 docuisset
1614 4951 1852 4995 omnem

205 5026 474 5104 regulam
513 5022 685 5100 fidei,
716 5020 943 5085 dimisit
971 5022 1043 5083 ad
1075 5020 1398 5098 Caeciliam,
1419 5022 1475 5083 ei
1498 5021 1676 5101 jactis
1708 5022 1853 5103 opti-

208 5131 301 5176 me
333 5111 769 5176 fundamentis.
804 5112 953 5175 Cum
985 5120 1184 5174 autem
1212 5112 1472 5174 venisset
1503 5109 1854 5176 Valerianus

208 5203 265 5265 in
286 5202 669 5267 indumentis
693 5201 984 5276 candidis,
1008 5201 1237 5265 invenit
1259 5200 1555 5265 Caeciliam
1579 5208 1848 5265 orantem

208 5292 603 5370 incubiculo,
635 5300 695 5354 et
722 5291 999 5372 angelum
1059 5290 1300 5354 Domini
1357 5299 1610 5353 stantem
1667 5309 1856 5373 prope

208 5400 359 5460 eam,
393 5382 723 5463 fulgentem
755 5380 975 5464 pennis
1022 5380 1333 5456 ﬂammeis,
1391 5388 1448 5443 et
1508 5378 1858 5445 scintillanti

209 5476 429 5554 specie,
462 5474 615 5536 duas
642 5488 896 5537 coronas
926 5468 1242 5533 habentem
1274 5473 1334 5534 tn
1384 5468 1653 5533 manibus
1681 5471 1859 5537 reful-

282 5660 315 5716 5
341 5659 571 5747 Ephes.
610 5674 667 5742 v,
705 5660 764 5725 6.

1940 4395 2098 4458 enim
2129 4414 2402 4470 coronas,
2438 4414 2586 4476 quas
2620 4396 2705 4458 tui
2729 4397 2884 4458 oculi
2915 4417 3033 4458 non
3086 4410 3335 4479 possunt
3374 4403 3572 4484 percio

1942 4504 2103 4567 pere,
2139 4487 2311 4565 igneo
2361 4504 2513 4547 rosae
2542 4487 2759 4547 rubore
2792 4495 2850 4547 et
2906 4489 3055 4550 nivis
3092 4490 3349 4554 candore
3379 4492 3571 4557 reful-

1940 4584 2169 4653 gentes.
2218 4576 2372 4637 Dicit
2402 4576 2457 4637 ei
2488 4577 2820 4639 Tiburtius:
2856 4579 2920 4639 ln
2951 4581 3176 4642 somnis
3207 4581 3331 4643 haec
3364 4582 3569 4661 audio,

1943 4684 2016 4726 an
2043 4664 2284 4754 veritate
2312 4666 2435 4727 haec
2463 4665 2633 4737 dicis,
2661 4686 2694 4725 ο
2722 4667 2903 4728 frater
2924 4666 3237 4732 Valeriane
3261 4672 3284 4731 ἴ
3311 4669 3576 4754 Respon-

1940 4754 2028 4817 dit
2056 4753 2448 4819 Valerianus:
2504 4755 2568 4817 In
2602 4756 2845 4817 somnis
2874 4758 3178 4840 hucusque
3230 4753 3503 4841 viximus,
3538 4783 3573 4827 ο

1937 4843 2120 4907 frater
2147 4845 2520 4907 charissima.
2574 4844 2720 4908 Nam
2749 4846 2870 4925 jam
2905 4847 3010 4909 Dei
3040 4849 3227 4928 gratia
3273 4858 3334 4913 et
3371 4852 3580 4914 volun.

1938 4942 2082 5011 tate,
2116 4951 2322 4996 sumus
2353 4934 2414 4996 in
2444 4941 2606 4997 omni
2636 4938 2906 5011 veritate,
2940 4947 2999 4999 et
3032 4956 3148 4998 non
3181 4946 3271 5001 est
3296 4939 3357 4999 in
3405 4940 3577 5005 nobis

1938 5024 2333 5088 mendacium.
2386 5024 2475 5087 Dii
2520 5028 2702 5102 enim,
2738 5046 2887 5106 quos
2915 5027 3225 5105 hucusque
3255 5029 3573 5111 coluimus,

1935 5134 2142 5177 revera
2174 5125 2309 5177 sunt
2341 5116 2477 5176 mali
2523 5116 2824 5178 daemones
2856 5125 2914 5178 et
2957 5115 3274 5181 immundi.
3329 5118 3487 5183 Dicit
3515 5123 3579 5187 ei

1934 5203 2278 5267 Tiburtius:
2347 5203 2653 5276 Quomodo
2699 5205 2811 5269 hoc
2857 5207 3201 5287 cognovisti,
3250 5229 3284 5272 ο
3341 5210 3578 5277 frater?

1938 5293 2268 5375 Respondit
2297 5294 2685 5358 Valerianus:
2733 5297 2996 5376 Angelus
3029 5297 3135 5362 Dei
3191 5318 3286 5363 me
3343 5301 3572 5382 docuit,

1940 5403 2116 5466 quem
2152 5394 2209 5445 tu
2242 5403 2477 5465 quoque
2509 5386 2730 5465 poteris
2752 5387 2992 5465 intue:i,
3026 5389 3077 5450 si
3110 5389 3294 5453 fueris
3321 5394 3576 5458 mundus

1940 5475 2013 5539 ab
2037 5473 2313 5541 omnibus
2336 5474 2615 5542 sordibus
2638 5478 2953 5549 idolorum.
2990 5480 3149 5550 Dicit
3167 5483 3223 5548 ei
3243 5480 3570 5556 Tiburtius:
