3918 6138
333 270 445 348 167

1636 269 1915 337 MENSIS
1958 262 2406 338 NOVEMBER.

3590 273 3695 346 168

330 414 389 479 Si
425 409 555 476 ﬁeri
579 416 877 493 potest,ut
898 428 1005 489 ego
1019 418 1257 493 quoque
1281 398 1557 489 angelum
1584 406 1692 469 Dei
1715 407 1971 486 intuear,
1997 416 2033 465 Α
2060 416 2119 470 et
2146 407 2288 471 dum
2318 405 2685 470 divinitatem
2711 406 3050 492 quaerimus,
3079 428 3211 491 quae
3241 408 3382 476 latet
3414 412 3477 474 in
3504 412 3688 485 ccelis,

333 520 603 586 quasnam
637 509 727 563 est
759 518 925 562 mora
951 498 1384 580 puriﬁcationis
1406 501 1434 556 ?
1458 496 1789 577 ReSpondit
1811 499 1974 560 vale-

335 599 577 657 rianus:
614 589 787 653 Nulla
823 610 839 664 ;
872 590 984 651 hoc
1017 600 1211 651 autem
1247 587 1437 649 solum
1488 586 1633 648 mihi
1666 586 1973 667 pollicere,

336 681 492 764 quod
521 680 721 743 omnia
750 678 1112 743 exsecranda
1139 690 1197 739 et
1227 675 1627 739 abominanda
1654 675 1975 739 simulacra

332 773 663 850 abnegans,
695 769 914 845 credis,
950 787 1133 830 unum
1167 784 1300 829 esse
1323 766 1509 828 Deum
1538 765 1598 827 in
1624 766 1978 830 cmlis.Dicit

338 860 683 924 Tiburtius:
712 860 842 922 Non
868 856 1158 937 intelligo,
1182 874 1438 938 quonam
1471 873 1650 936 scopo
1684 856 1809 917 haec
1832 856 1977 918 mihi

338 951 649 1035 proponis.

417 1039 543 1102 VII.
604 1038 759 1102 Dicit
811 1044 1014 1098 sancta
1062 1034 1343 1098 Caecilia:
1395 1034 1471 1096 Ut
1519 1033 1815 1113 intelligas
1846 1054 1977 1097 esse

335 1131 557 1193 formas
587 1134 896 1205 testaceas,
926 1133 985 1187 et
1015 1142 1280 1205 gypseas,
1316 1134 1378 1184 et
1401 1122 1650 1199 ligneas,
1680 1132 1736 1185 et
1755 1142 1974 1204 aeneas,

332 1228 393 1283 et
420 1219 677 1299 cujusvis
708 1216 966 1291 metalli;
997 1224 1056 1275 et
1086 1232 1204 1274 non
1235 1212 1399 1273 dicas
1430 1230 1535 1273 eos
1566 1231 1697 1273 esse
1717 1214 1884 1285 deos,
1916 1216 1976 1275 in

330 1307 550 1386 quibus
581 1306 778 1368 vivunt
822 1321 1079 1382 araneae,
1113 1310 1172 1364 et
1202 1302 1475 1363 volucres
1518 1312 1791 1363 stercora
1833 1322 1975 1382 ege-

329 1408 509 1461 runt:
536 1398 597 1458 in
629 1412 881 1477 quorum
905 1392 1198 1473 capitibus
1240 1390 1436 1452 solent
1460 1391 1767 1453 nidiﬁcare
1810 1391 1976 1453 cico-

332 1489 467 1564 niae,
500 1503 649 1565 quos
678 1483 901 1545 faciunt
952 1481 1356 1554 condemnati,
1418 1481 1653 1560 quando
1714 1480 1976 1542 damnati

330 1585 577 1659 propter
610 1572 899 1635 maleﬁcia
952 1570 1266 1631 mittuntur
1317 1572 1377 1659 in
1436 1570 1763 1659 metallum.
1828 1571 1974 1633 Cum

332 1658 477 1747 ergo
508 1664 739 1725 initium
771 1660 1067 1740 accipiant
1096 1677 1167 1719 ex
1196 1658 1629 1735 condemnatis,
1677 1660 1974 1741 quomodo

2058 497 2391 560 incidemus
2420 496 2480 558 in
2518 495 2693 577 iram,
2714 516 2844 578 quae
2864 499 3213 562 accenditur
3244 502 3301 562 in
3335 510 3513 565 terra.
3546 502 3693 565 Dicit

2057 586 2113 649 ei
2144 595 2346 648 sancta
2379 585 2611 649 Caecilia
2640 604 2654 649 :
2686 587 2746 649 Si
2781 587 2907 650 haec
2949 588 3064 650 vita
3093 598 3250 652 esset
3293 591 3440 668 sola,
3474 599 3535 653 et
3580 611 3695 653 non

2061 685 2218 738 esset
2246 674 2384 751 alia,
2411 675 2554 755 jure
2585 694 2716 756 quae
2738 675 2833 737 hic
2857 686 3016 751 sunt,
3047 678 3391 741 timeremus
3420 681 3694 760 perdere.

2059 766 2203 826 Cum
2237 774 2434 827 autem
2462 764 2541 826 sit
2568 766 2683 826 alia
2710 765 2847 846 vita,
2871 785 3003 846 quae
3029 777 3117 828 est
3143 768 3252 830 hac
3275 770 3459 833 multo
3486 770 3699 833 melior

2061 863 2120 915 et
2149 853 2485 934 sublimior,
2514 861 2571 916 et
2599 873 2898 936 nunquam
2936 866 3129 936 potest
3163 858 3346 939 ﬁniri,
3381 878 3490 921 cur
3520 859 3700 922 time-

2064 961 2195 1004 mus
2224 945 2376 1005 lianc
2400 944 2672 1023 perdere,
2709 944 2945 1024 quando
2977 964 3082 1026 per
3109 947 3288 1027 hujus
3317 948 3697 1011 amissionem

2059 1033 2132 1095 ad
2166 1033 2325 1095 illam
2358 1033 2754 1097 accedimus?
2785 1033 3117 1116 Respondit
3145 1035 3485 1100 Tiburtius:
3532 1041 3703 1101 Nun-

2061 1141 2235 1201 quam
2272 1132 2448 1185 antea
2476 1123 2671 1184 audivi
2704 1143 2835 1185 esse
2858 1125 3031 1185 aliam
3062 1126 3263 1198 vitam,
3289 1138 3502 1207 praeter
3523 1129 3702 1194 hanc.

2061 1212 2216 1275 Dicit
2248 1213 2302 1274 ei
2334 1211 2567 1274 Caecilia
2593 1232 2606 1271 :
2643 1210 2812 1274 Nunc
2837 1214 2951 1275 hoc
2976 1229 3140 1276 certo
3164 1223 3336 1291 scias,
3364 1237 3397 1277 o
3424 1218 3707 1281 charissi-

2062 1320 2178 1389 me,
2213 1301 2372 1381 quod
2405 1300 2666 1382 quandiu
2698 1301 2759 1363 in
2791 1302 2903 1365 hoc
2951 1305 3170 1366 mundo
3206 1307 3474 1389 vivimus,
3523 1308 3705 1371 vitam

2062 1388 2417 1452 laboriosam
2453 1401 2514 1452 et
2544 1391 2749 1454 dolore
2782 1393 3016 1472 plenam
3048 1396 3301 1475 agimus,
3340 1400 3398 1458 in
3417 1388 3708 1477 angustiis

2062 1479 2583 1541 etaftlictionibus:
2608 1483 3089 1564 quandoquidem
3112 1486 3712 1551 inﬂammantbumo-

2062 1587 2180 1660 res,
2243 1570 2517 1660 minuunt
2575 1569 2832 1660 labores,
2890 1573 3063 1635 valde
3121 1576 3421 1638 exsiccant
3478 1577 3707 1660 febres,

2058 1659 2309 1720 rheuma
2337 1658 2577 1722 assidue
2604 1659 2830 1721 inducit
2860 1680 2985 1738 aer,
3020 1663 3135 1724 cibi
3169 1664 3400 1743 inﬂant,
3454 1658 3711 1731 molesta

331 1753 658 1819 existimari
694 1766 940 1831 possunt
968 1757 1069 1810 aut
1113 1748 1278 1810 credi
1323 1748 1457 1811 dii?
1502 1747 1668 1838 Inter
1709 1759 1975 1812 mortuos
1999 1748 2036 1798 Β
2060 1756 2196 1838 sunt
2220 1748 2609 1827 jejunia,ludi
2633 1749 3153 1826 dissolvunt,curae
3171 1756 3707 1838 contrahunt,per-

332 1846 491 1910 enim
524 1852 583 1907 et
611 1840 934 1904 simulacra
962 1838 1124 1900 nulla
1145 1846 1234 1899 est
1260 1838 1613 1899 differentia.
1639 1837 1973 1920 Quomodo,

330 1936 493 2000 enim
526 1940 797 1995 mortuus
814 1929 994 1991 habet
1021 1928 1263 2010 quidem
1304 1928 1503 1988 omnia
1535 1928 1824 2003 membra,
1851 1929 1977 2008 Spi-

327 2031 509 2085 ritum
537 2028 731 2083 autem
766 2027 824 2079 et
869 2035 1072 2079 vocem
1131 2034 1250 2077 non
1314 2024 1510 2096 potest
1563 2016 1815 2097 habere,
1865 2035 1977 2079 nec

331 2129 598 2187 sensum,
632 2109 713 2170 ita
744 2108 919 2169 etiam
978 2107 1105 2168 haec
1159 2124 1307 2167 vana
1336 2103 1679 2180 simulacra,
1726 2106 1972 2168 deorum

332 2202 572 2285 quidem
598 2198 819 2262 habent
850 2197 1115 2270 nomina,
1143 2203 1583 2285 cognoscuntur
1611 2204 1807 2258 autem
1841 2213 1974 2257 esse

329 2283 615 2367 infelicia,
672 2288 946 2366 malaque
1000 2294 1059 2347 et
1112 2284 1442 2348 terrestria.
1517 2283 1661 2356 Quae
1728 2284 1969 2365 quidem

326 2381 720 2445 ostenduntur
749 2395 881 2441 esse
910 2375 1186 2440 homines
1243 2374 1482 2452 mortui,
1519 2378 1799 2456 quoniam
1833 2384 1974 2438 sunt

325 2474 415 2547 eis
441 2471 615 2534 etiam
641 2467 932 2548 membra,
956 2466 1111 2528 sicut
1132 2465 1468 2526 hominum.
1505 2464 1779 2537 Quandiu
1810 2464 1972 2525 enim

327 2563 624 2642 vixerunt,
656 2558 845 2621 oculis
877 2564 1260 2636 aspexerunt,
1314 2562 1375 2614 et
1422 2553 1671 2616 auribus
1727 2553 1961 2616 audive

324 2664 488 2727 runt,
515 2660 575 2712 et
606 2649 857 2730 pedibus
887 2644 1290 2718 ambularunt,
1318 2651 1377 2703 et
1405 2661 1509 2703 ore
1542 2642 1721 2704 locuti
1753 2650 1977 2722 sunt,et

327 2738 607 2804 manibus
645 2740 1053 2817 palpaverunt,
1088 2739 1147 2793 et
1176 2732 1424 2793 naribus
1455 2731 1787 2795 olfecerunt
1814 2753 1826 2793 :
1858 2750 1972 2793 coe-

328 2844 542 2917 perunt
572 2832 1077 2903 tamenamorte,
1136 2833 1199 2917 et
1254 2823 1315 2886 in
1375 2830 1627 2885 mortem
1689 2834 1969 2917 aeternam

325 2914 698 3006 permanent,
735 2917 896 2994 quod
939 2914 1329 3006 ostendantur
1375 2933 1699 3006 nunquau‘r
1725 2914 1968 2992 vixisse,

325 3002 416 3075 vel
461 3009 723 3090 potuisse
767 3007 983 3067 vivere.
1043 3004 1209 3067 Tunc
1266 3005 1412 3066 dixit
1473 3002 1777 3066 Tiburtius
1832 3017 1970 3064 cum

326 3080 489 3166 omni
520 3101 1015 3181 compunctione:
1052 3096 1165 3170 Qui
1197 3098 1284 3159 sic
1317 3116 1436 3158 non
1465 3098 1679 3175 credit,
1713 3105 1804 3156 est
1835 3080 2031 3155 bru-c

325 3202 477 3268 tum,
511 3201 571 3253 et
598 3209 716 3252 non
761 3187 922 3250 venit
960 3189 1021 3250 in
1058 3187 1379 3268 judicium.
1429 3187 1834 3260 Quamobrem
1864 3203 1970 3263 ego

325 3298 565 3365 quoque
596 3281 729 3341 dico
762 3297 895 3340 cum
928 3278 1090 3340 omni
1124 3287 1391 3358 veritate,
1431 3295 1550 3337 non
1602 3293 1735 3337 esse
1791 3274 1969 3335 alium

326 3364 543 3452 Deum,
577 3371 691 3433 nisi
724 3372 911 3433 Deum
943 3368 1448 3442 Christianorum,
1478 3376 1537 3429 et
1560 3384 1653 3427 me
1683 3364 1971 3443 deinceps

323 3482 459 3524 eum
492 3461 682 3524 solum
722 3459 918 3521 colere
950 3468 1007 3520 et
1036 3458 1311 3521 adorare.
1347 3456 1486 3518 Haec
1547 3474 1680 3517 cum
1742 3454 1973 3516 diceret

323 3550 652 3627 Tiburtius,
682 3559 883 3613 sancta
914 3548 1150 3613 Caecilia
1180 3547 1521 3610 deosculata
1567 3554 1655 3607 est
1700 3545 1829 3624 ejus
1861 3562 1970 3625 pe-

323 3651 477 3719 ctus,
522 3650 578 3704 et
628 3641 814 3703 dixit:
879 3641 1108 3703 Revera
1154 3638 1331 3699 hodie
1378 3637 1667 3699 conﬁteor
1720 3645 1776 3695 te
1839 3651 1972 3695 esse

324 3734 499 3815 plane
529 3750 727 3793 meum
756 3730 1025 3792 fratrem.
1064 3728 1372 3800 Quomodo
1423 3728 1579 3788 enim
1643 3724 1749 3786 Dei
1801 3741 1970 3785 amor

324 3834 488 3885 tuum
551 3821 796 3883 fratrem
854 3820 993 3882 fecit
1053 3837 1185 3880 esse
1234 3836 1434 3879 meum
1484 3816 1844 3894 conjugem:
1890 3816 1968 3873 ita

325 3910 504 3973 etiam
534 3911 987 3972 simulacrorum
1033 3908 1402 3987 contemptio
1457 3906 1594 3966 fecit
1652 3914 1708 3966 te
1766 3921 1966 3963 meum

322 4018 459 4063 esse
488 4000 758 4062 fratrem.
820 3996 1223 4070 Quamobrem
1272 3993 1553 4077 quoniam
1605 4011 1672 4053 es
1731 4001 1967 4072 paratus

319 4089 574 4153 credere
602 4088 665 4149 in
691 4090 1014 4149 Dominum
1046 4095 1319 4149 nostrum
1378 4086 1577 4147 Jesum
1637 4082 1958 4158 Christum,

323 4178 473 4241 vade
501 4178 618 4240 cito
650 4196 786 4239 cum
821 4186 918 4238 tuo
946 4177 1149 4253 fratre,
1187 4188 1251 4239 ut
1284 4177 1471 4256 ipsam
1508 4171 1766 4252 accipias
1798 4172 1965 4250 puri-

322 4269 659 4332 ﬁcationem
691 4284 798 4349 per
828 4278 1104 4331 sanctum
1154 4268 1562 4347 baptismum:
1622 4280 1730 4342 per
1790 4279 1965 4341 quem

323 4367 500 4420 etiam
520 4358 734 4436 dignus
752 4356 1069 4419 habeberis
1089 4355 1389 4434 angelicas
1405 4369 1696 4433 personas
1722 4350 1963 4427 intueri,

2062 1836 2148 1897 dit
2180 1838 2563 1927 negligentia,
2590 1839 2807 1900 divitia:
2835 1840 3143 1919 abjiciunt,
3179 1844 3418 1923 expellit
3440 1836 3709 1927 pauper-

2064 1936 2171 2007 tas,
2225 1926 2412 1988 elatos
2468 1926 2667 1988 reddit
2715 1928 3022 2008 juventus,
3077 1932 3344 1995 incurvat
3391 1926 3706 2012 senectus,

2062 2017 2344 2098 deprimit
2377 2018 2774 2092 imbecillitas,
2805 2020 3105 2099 perturbat
3134 2022 3249 2101 ira,
3299 2035 3357 2086 et
3390 2031 3545 2088 inter
3575 2027 3709 2090 haec

2061 2107 2260 2196 omnia
2291 2124 2449 2196 mors
2481 2107 2772 2168 exscindit
2804 2127 2937 2169 cum
2973 2110 3171 2186 minis,
3204 2123 3262 2173 et
3315 2115 3401 2175 sic
3447 2115 3707 2196 imponit

2061 2195 2237 2256 linem
2271 2195 2549 2286 omnibus
2585 2198 2892 2277 corporeis
2918 2199 3158 2269 laetitiis,
3208 2211 3272 2264 ut
3302 2203 3376 2264 ab
3408 2222 3502 2279 eo,
3538 2195 3707 2286 quod

2060 2293 2149 2345 est
2180 2303 2337 2364 esse,
2364 2285 2677 2359 recedens,
2712 2306 2787 2348 ne
2817 2286 2999 2350 fuisse
3024 2291 3262 2369 quidem
3299 2285 3706 2373 puteturfPro

2058 2373 2244 2435 nihilo
2271 2376 2431 2437 enim
2468 2374 2542 2436 de
2572 2387 2788 2437 caetero
2822 2378 3098 2461 habetur,
3122 2380 3414 2461 quidquid
3438 2404 3560 2447 non
3583 2394 3703 2451 est.

2058 2463 2165 2525 llla
2191 2465 2540 2526 autem'vita
2569 2468 2973 2541 zeterna,lianc
3004 2470 3176 2531 vitam
3211 2472 3494 2535 caducam
3528 2476 3709 2538 mise-

2056 2570 2304 2629 ramque
2327 2562 2384 2614 et
2408 2553 2650 2614 brevem
2677 2556 3144 2638 excipiens,cum
3172 2561 3411 2622 aeternis
3434 2563 3707 2627 aﬂlictio-

2059 2640 2235 2703 nibus
2266 2652 2323 2703 et
2354 2642 2665 2704 tormentis
2695 2645 2871 2705 datur
2903 2647 3075 2707 malis
3098 2656 3158 2709 et
3185 2650 3458 2728 injustis:
3493 2653 3707 2718 laetitia

2057 2746 2201 2793 vero
2232 2741 2452 2793 aeterna
2484 2743 2542 2795 et
2567 2733 2878 2797 exsultatio
2912 2736 3206 2816 praebetur
3229 2741 3432 2818 justis.

2135 2819 2233 2883 IX.
2269 2822 2359 2883 Ad
2392 2823 2518 2883 haec
2548 2825 2857 2903 respondit
2883 2824 3213 2909 Tiburtius,
3275 2841 3333 2891 et
3387 2831 3576 2897 dixit:
3630 2834 3709 2897 Et

2057 2913 2191 2994 quis
2208 2922 2333 3004 est,
2362 2913 2465 2988 qui
2496 2913 2776 2991 illic__fuit,
2812 2923 2871 2976 et
2901 2916 3068 2979 illinc
3118 2918 3234 2980 huc
3267 2921 3535 3004 veniens,
3572 2925 3705 2989 haec

2057 3002 2248 3083 potuit
2278 3004 2453 3063 nobis
2482 3006 2861 3080 annuntiare,
2924 3016 2985 3066 ut
3044 3007 3167 3069 haec
3218 3002 3529 3090 possimus
3561 3033 3706 3077 vera

2057 3110 2189 3153 esse
2220 3092 2517 3153 credere?
2543 3090 2709 3153 Tunc
2732 3113 2981 3173 surgens
3005 3095 3173 3160 beata
3194 3100 3448 3178 Caecilia,
3464 3105 3705 3166 consti-

2057 3183 2242 3258 tit,_et
2272 3200 2405 3242 cum
2439 3200 2648 3261 magna
2673 3183 2760 3243 sic
2778 3186 2923 3245 dixit
2944 3187 3196 3249 audacia
3227 3210 3240 3252 :
3275 3189 3418 3253 Caeli
3441 3198 3500 3251 et
3523 3199 3704 3255 terra:

2058 3280 2117 3334 et
2147 3271 2327 3332 maris
2351 3281 2410 3362 et
2435 3273 2702 3333 omnium
2728 3274 3059 3351 volucrum,
3080 3296 3209 3357 quae
3234 3281 3430 3341 volant
3451 3283 3511 3343 in
3531 3301 3699 3362 aere,

2056 3361 2632 3454 quadrupedumque
2672 3368 2743 3454 et
2798 3365 3099 3443 reptilium
3150 3369 3413 3449 Creator,
3476 3388 3547 3432 ex
3606 3361 3701 3454 se,

2058 3451 2403 3532 priusquam
2435 3453 2634 3511 omnia
2663 3450 2907 3542 faceret,
2940 3459 3147 3533 genuit
3176 3456 3415 3535 Filium,
3450 3471 3507 3521 et
3549 3450 3706 3542 pro;

2055 3546 2222 3601 duXIt
2249 3559 2321 3601 ex
2352 3557 2459 3601 sua
2490 3540 2756 3621 potentia
2786 3542 3072 3622 Spiritum
3102 3558 3374 3609 sanctum
3402 3567 3416 3612 :
3456 3540 3701 3628 Filium,

2056 3641 2121 3693 ut
2152 3632 2374 3691 faceret
2397 3633 2627 3711 omnia;
2660 3633 2949 3712 Spiritum
2974 3646 3264 3712 sanctum,
3291 3648 3352 3700 ut
3373 3640 3707 3706 viviﬁcaret

2053 3722 2370 3808 universa.
2392 3719 2610 3782 Omnia
2637 3729 2832 3783 autem
2866 3742 2997 3804 quae
3029 3724 3177 3787 facta
3201 3732 3707 3808 sunt,construxit

2052 3811 2235 3872 Filius
2257 3828 2327 3869 ex
2358 3807 2532 3870 Patre
2562 3810 2887 3891 genitus,et
2917 3814 3117 3875 omnia
3146 3834 3281 3893 qua:
3309 3807 3712 3882 l‘uerantcon-

2052 3908 2302 3974 structa,
2333 3915 2403 3959 ex
2440 3902 2608 3960 Patre
2641 3904 2975 3979 procedens
3006 3903 3261 3984 Spiritus
3290 3920 3529 3970 sanctus
3557 3911 3704 3972 ani-

2054 3987 2252 4051 mavit.
2285 3987 2440 4049 Dicit
2471 3988 2526 4050 ei
2558 3986 2864 4051 Tiburtius
2892 4011 2904 4052 :
2949 3990 3271 4075 llucusque
3320 3997 3545 4060 dictum
3580 4008 3703 4078 est,

2053 4078 2513 4158 credioportere
2531 4098 2713 4141 unum
2730 4081 2918 4142 Deum
2941 4101 3074 4145 esse
3094 4087 3154 4145 in
3169 4086 3359 4149 caelis.
3384 4088 3707 4160 Quomodo

2048 4178 2247 4231 autem
2284 4187 2474 4260 nunc“
2500 4180 2621 4232 tres
2684 4177 2923 4260 testaris
2973 4191 3107 4235 esse
3138 4176 3283 4237 deos
3308 4178 3336 4238 i
3363 4176 3710 4260 Respondit

2050 4268 2253 4321 sancta
2283 4257 2539 4337 Caecilia,
2576 4267 2636 4321 et
2666 4259 2812 4321 dixit
2840 4278 2853 4323 :
2879 4259 3042 4325 Unus
3066 4272 3158 4325 est
3186 4267 3347 4329 Deus
3370 4268 3431 4331 in
3455 4257 3562 4332 sua
3582 4271 3714 4332 vir-

2052 4358 2198 4441 tute,
2234 4367 2412 4430 quem
2443 4351 2623 4411 sicin
2654 4365 2863 4413 sancta
2890 4352 3179 4417 Trinitate
3209 4357 3523 4438 partimur,
3555 4379 3715 4441 quo-

321 4456 382 4509 et
411 4449 677 4509 omnium
710 4446 1061 4508 delictorum
1098 4454 1334 4506 tuorum
1364 4443 1594 4503 veniam
1628 4441 1920 4504 invenire.
1981 4445 2031 4501 D
2052 4440 2226 4500 modo
2256 4444 2317 4501 in
2351 4458 2468 4500 uno
2493 4441 2733 4502 bcmiue
2754 4442 2955 4503 inesse
2971 4440 3706 4528 dicimusartem,memo-

403 4535 558 4600 Vlll.
594 4535 762 4597 Tunc
791 4536 939 4597 dicit
967 4535 1136 4597 fratri
1169 4554 1277 4596 suo
1310 4532 1648 4595 Tiburtius:
1688 4533 1851 4610 Rogo
1884 4542 1962 4611 te,

321 4627 533 4701 frater,
566 4633 632 4687 ut
666 4623 813 4686 mihi
843 4622 1030 4701 dicas,
1065 4625 1138 4687 ad
1164 4642 1343 4706 quem
1372 4641 1467 4685 me
1491 4641 1554 4685 es
1576 4622 1965 4687 deducturus.

319 4716 678 4779 Valerianus
706 4714 1057 4796 respondit:
1112 4716 1206 4777 Ad
1237 4714 1427 4776 virum
1460 4716 1815 4794 perfectum,
1852 4731 1965 4775 no-

321 4806 487 4870 mine
519 4804 852 4882 Urbanum,
877 4804 942 4866 in
964 4824 1082 4886 quo
1106 4813 1196 4867 est
1216 4804 1448 4887 species
1463 4803 1969 4885 angelica,ornata

320 4896 564 4975 canitie,
598 4913 772 4959 verus
802 4912 1027 4970 sermo,
1061 4903 1121 4957 et
1149 4895 1397 4973 insignis
1438 4895 1776 4975 prudentia.
1812 4892 1972 4955 Dicit

317 4987 377 5051 ei
420 4986 771 5051 Tiburtius:
810 4983 903 5047 Tu
955 4985 1121 5049 illum
1183 4984 1336 5046 dicis
1393 4981 1724 5065 Urbanum,
1785 5001 1966 5060 quem

319 5076 643 5142 Christiani
669 5075 882 5139 dicunt
903 5093 1036 5139 esse
1047 5093 1221 5139 suum
1241 5072 1494 5156 papam?
1510 5072 1660 5135 Eum
1679 5071 1855 5135 audio
1879 5071 1969 5134 bis

307 5168 436 5248 jam
466 5167 658 5232 fuisse
689 5165 1181 5242 condemnatum,
1217 5175 1274 5227 et
1303 5182 1520 5226 rursus
1550 5171 1794 5246 propter
1840 5179 1970 5224 eam

318 5259 512 5339 ipsum
545 5258 872 5335 actionem,
906 5264 1151 5337 propter
1172 5272 1349 5336 quam
1373 5256 1484 5315 fuit
1513 5260 1965 5332 condemnatus,

317 5364 487 5409 suam
517 5346 873 5426 religionem
906 5363 1045 5408 cum
1102 5356 1264 5407 metu
1311 5344 1568 5407 latenter
1616 5342 1963 5425 praedicare.

314 5434 467 5502 Eum
500 5436 552 5499 si
611 5436 929 5515 contigerit
984 5436 1259 5514 inveniri,
1325 5434 1473 5497 citra
1529 5433 1964 5499 dubitationem

316 5526 501 5591 ullam
533 5526 658 5608 igni
688 5526 1093 5604 mandabitur,
1152 5534 1212 5591 et
1264 5544 1373 5588 nos
1428 5544 1668 5608 quoque
1728 5544 1861 5588 cum
1894 5546 1965 5593 eo

316 5616 725 5709 puniemur,si
744 5616 973 5684 inventi
986 5617 1276 5682 fuerimus
1296 5615 1372 5679 ad
1393 5632 1530 5678 eum
1549 5616 1963 5699 ambulantes;

2048 4532 2223 4613 riam,
2260 4542 2319 4594 et
2349 4531 2844 4615 intelligentiam;
2870 4537 3152 4615 quoniam
3183 4548 3309 4601 arte
3330 4539 3709 4618 invenimus,

2047 4623 2109 4683 id
2140 4622 2299 4702 quod
2353 4640 2475 4683 non
2508 4621 2829 4684 didicimus
2857 4670 2872 4699 ,
2926 4644 3216 4689 memoria
3236 4629 3717 4710 etintelligentia

2049 4710 2863 4793 comprehendimus,siquid
2888 4733 2996 4775 nos
3019 4735 3280 4797 unquam
3308 4721 3716 4801 contemplari

2050 4801 2368 4881 contigerit
2396 4809 2498 4863 aut
2528 4802 2763 4865 audire.
2819 4804 3113 4876 Quidnam
3170 4825 3311 4886 ergo
3364 4808 3719 4874 faciemus?

2049 4888 2201 4953 Num
2221 4892 2347 4953 haec
2370 4892 2480 4952 tria
2503 4892 2563 4953 in
2588 4892 2832 4955 homine
2856 4913 2973 4956 una
2995 4896 3257 4977 possidet
3270 4898 3719 4980 intelligentia?

2054 4982 2115 5042 Si
2148 5000 2292 5061 ergo
2324 4982 2503 5045 homo
2534 4981 2597 5043 in
2628 5000 2748 5044 una
2764 4982 3157 5065 intelligentia
3189 4989 3454 5069 possidet
3482 5008 3718 5055 nomen

2059 5072 3083 5158 trium.signiﬁcatorum,quomodo
3106 5096 3226 5142 non
3247 5078 3406 5142 Deus
3434 5082 3721 5162 omnipo-

2055 5170 2219 5239 tens,
2277 5167 2339 5223 in
2397 5181 2515 5225 una
2572 5172 2632 5225 et
2690 5168 2899 5229 eadem
2958 5167 3267 5231 divinitate
3324 5169 3443 5232 vim
3474 5168 3723 5234 obtinet

2057 5252 2362 5317 Trinitatis
2386 5258 2414 5316 ?
2448 5251 2614 5315 Tunc
2644 5253 2974 5332 Tiburtius,
3007 5276 3141 5320 cum
3171 5259 3234 5321 in
3271 5266 3492 5322 terram
3539 5260 3720 5323 ceci-

2054 5345 2265 5422 disset,
2301 5345 2482 5426 cmpit
2505 5343 2768 5409 clamare
2798 5356 2857 5409 et
2886 5347 3130 5413 dicere:
3165 5349 3417 5426 Revera,
3446 5368 3481 5412 o
3503 5349 3722 5413 chari-

2052 5437 2230 5518 sima,
2287 5454 2411 5500 non
2475 5438 2621 5500 mihi
2676 5438 2911 5501 videtur
2977 5438 3179 5520 lingua
3237 5444 3495 5503 humana
3562 5442 3724 5506 dare

2049 5544 2436 5609 responsum,
2470 5530 2576 5590 sed
2607 5530 2870 5610 conjicio
2892 5528 3004 5594 Dei
3022 5530 3300 5612 angelum
3323 5550 3430 5615 per
3450 5549 3519 5595 os
3542 5539 3720 5599 tuum

2047 5637 2184 5687 esse
2213 5619 2475 5683 locutum
2511 5640 2525 5689 :
2560 5632 2620 5688 et
2648 5639 2892 5710 magnas
2936 5625 3063 5711 egit
3115 5627 3360 5713 gratias,
3394 5626 3554 5711 quod
3588 5629 3721 5695 cito
