3932 6128
168 225 248 290 169
1351 235 1535 298 νΙΤΑ
1586 232 1647 294 S.
1695 232 1848 296 CEC

2095 233 2192 294 ET
2237 233 2390 296 SOC.
3449 241 3558 306 I70

149 378 282 462 unum
330 379 464 462 esse
521 363 736 428 Deum
797 369 870 430 in
930 370 1151 434 tribus
1195 368 1482 450 personis,
1518 368 1574 430 ei
1621 366 2145 448 aperteAderunt,
2183 375 2460 429 vocantes
2510 386 2650 430 eum
2683 387 2920 450 magum
2961 379 3020 434 et
3047 372 3296 454 impium
3329 393 3341 437 :
3379 384 3437 437 et
3467 395 3560 440 se-

136 449 446 541 prebaverit.
1204 449 1209 450 ί
1913 457 2198 520 ditionem
2233 459 2558 519 excitarunt
2590 458 2648 520 in
2683 449 2902 541 popqu
2961 470 3021 522 ut
3067 449 3200 525 eum
3233 465 3398 528 cruci
3425 467 3559 528 alli-

186 538 238 602 Χ.
283 540 645 633 conversus
716 546 959 631 itaque
993 549 1077 612 ad
1123 551 1355 612 fratrem
1404 567 1574 609 suum
1622 546 1821 610 dixit:
1913 558 2141 624 gerent.
2210 547 2338 611 Hoc
2395 555 2592 611 autem
2642 549 2739 610 ille
2765 538 3124 630 'praesciens,
3187 571 3293 633 pro
3354 557 3562 619 mundi

129 631 309 692 Denuo
343 631 473 692 Deo
507 633 681 696 mihi
723 635 951 700 fuisse
989 640 1355 700 satisfactum
1389 637 1698 713 confiteor,
1720 638 1825 700 sed
1910 638 2105 700 salute
2156 639 2420 719 permisit
2473 655 2537 700 se
2591 640 2962 720 apprehendi
2993 650 3052 704 et
3099 631 3292 719 illudi,
3327 643 3563 724 injuriis

125 737 264 818 ineam
304 728 802 818 quaestionem,
850 728 1028 791 sicut
1077 731 1243 810 prius
1294 728 1660 808 inceperam,
1703 727 1825 789 vel-
1911 728 2088 802 afﬁci,
2116 729 2314 806 flagris
2342 728 2488 790 caedi
2512 736 2570 791 et
2591 729 2805 792 occidi.
2841 729 3079 794 Sciebat
3104 733 3560 816 enimntDeus,

118 808 201 900 lem
239 809 411 872 scire.
452 810 643 875 Dixit
703 828 960 880 sancta
996 808 1234 882 Caecilia
1269 837 1283 894 ;
1341 821 1424 880 De
1467 837 1536 880 ea
1589 836 1826 880 mecum
1912 818 2071 895 quod
2107 818 2414 881 nonaliter
2436 818 2548 880 nisi
2581 837 2687 896 per
2717 821 3041 900 pretiosam
3063 828 3121 882 et
3151 808 3561 885 intemeratarn

117 898 335 1000 loquere,
371 903 715 981 quoniam
759 903 1069 1000 brevitas
1105 907 1387 1000 temporis
1417 915 1506 969 est
1535 907 1698 968 fratri
1731 917 1828 967 tua
1913 925 2078 968 suam
2130 909 2488 987 passionem,
2523 917 2682 971 esset
2710 898 3002 990 captivum
3056 911 3399 974 redditurus
3427 913 3565 975 dia-

116 987 549 1068 impedimento,
594 996 995 1073 quominus
1046 996 1254 1058 reddat
1300 1014 1677 1075 responsum.
1740 995 1830 1057 Me
1914 997 2143 1070 bolum,
2200 997 2485 1078 malisque
2533 1009 2592 1060 et
2646 987 2972 1062 immundis
3024 999 3334 1079 Spiritibus
3380 1003 3568 1065 malas

119 1088 285 1179 autern,
320 1099 526 1179 quam
598 1082 889 1147 Christi
945 1087 1244 1167 sapientia
1295 1086 1833 1179 docuita-teneris
1915 1087 2165 1148 inferret
2199 1106 2424 1168 ptenas.

120 1170 444 1248 unguiculis,
480 1170 575 1232 de
621 1193 1046 1256 quacunque
1075 1196 1142 1238 re
1173 1195 1269 1238 me
1297 1176 1552 1238 volueris
1583 1174 1834 1236 interro-
1996 1175 2122 1236 XII.
2157 1175 2476 1255 Propterea
2509 1193 2650 1256 ergo
2677 1175 2782 1239 ille
2813 1177 2920 1239 fuit
2949 1180 3441 1259 comprehensus,
3463 1181 3568 1262 qui

125 1276 238 1358 gare,
263 1278 386 1358 non
453 1265 748 1358 poteris
807 1265 1104 1329 invenire
1156 1266 1527 1344 imparatam.
1590 1265 1742 1328 Dicit
1781 1265 1834 1326 ei
1920 1275 2228 1346 peccatum
2285 1284 2403 1325 non
2436 1265 2598 1340 fecit,
2633 1274 2698 1326 ut
2728 1266 3086 1329 liberaretur
3132 1287 3318 1347 genus
3349 1270 3567 1333 huma-

129 1347 383 1411 Tiburtius
417 1371 437 1412 :
479 1351 640 1414 Hoc
704 1373 938 1434 nuper
975 1356 1240 1438 quaesivi,
1274 1365 1333 1417 et
1390 1374 1551 1417 nunc
1599 1373 1836 1436 quoque
1921 1355 2250 1436 nuin,quod
2275 1354 2649 1417 detinebatur
2667 1355 2927 1419 vinctum
2955 1356 3016 1416 in
3051 1356 3280 1420 vinculo
3315 1359 3567 1439 peccati.

135 1457 300 1520 quem:
330 1439 676 1512 Quisnam
721 1463 806 1506 ex
836 1445 918 1506 iis
950 1447 1051 1525 qui
1087 1447 1202 1508 illic
1233 1454 1394 1526 sunt,
1419 1447 1532 1506 huc
1564 1446 1831 1518 veniens,
1921 1445 2029 1516 Qui
2084 1453 2172 1505 est
2205 1444 2580 1520 benedictus,
2612 1445 2721 1507 fuit
2770 1444 2878 1506 sub
2934 1444 3248 1509 maledicto
3287 1457 3352 1509 ut
3399 1466 3508 1510 nos
3537 1465 3572 1510 α

141 1530 346 1593 ostendit
378 1531 592 1594 nobis
633 1534 850 1596 aliam
880 1536 1084 1616 vitam,
1119 1554 1292 1616 quam
1326 1554 1427 1595 vos
1459 1534 1838 1614 praedicatis?
1925 1534 2239 1595 maledicto
2273 1534 2561 1596 eximeret
2591 1557 2613 1605 ,-
2663 1533 2948 1595 sustinuit
2977 1533 3311 1612 illusiones,
3343 1545 3407 1598 ut
3463 1555 3572 1598 nos

143 1617 305 1682 Sancta
361 1621 539 1682 dixit
573 1621 865 1686 Caecilia
905 1642 918 1686 :
978 1625 1358 1704 Unigenitum
1391 1643 1567 1685 suum
1626 1623 1836 1685 Filium
1925 1623 2294 1684 liheraretah
2331 1623 2608 1684 illusione
2639 1622 3002 1696 daemonum,
3035 1624 3138 1704 qui
3167 1634 3481 1688 versantur
3510 1626 3573 1687 in

147 1711 276 1774 Pater
330 1729 455 1790 per
514 1720 839 1774 sanctam
903 1712 1214 1793 Virginem
1263 1713 1502 1774 Mariam
1558 1712 1718 1773 misit
1780 1713 1838 1774 in
1867 1713 2036 1784 BllOC
2072 1713 2318 1774 mundo.
2355 1714 2636 1793 Spineam
2669 1731 2949 1775 coronam
2984 1714 3212 1795 accepit
3261 1715 3323 1776 in
3353 1715 3572 1796 capite,

152 1810 354 1878 terram,
390 1802 510 1882 qui
555 1813 759 1864 stans
810 1803 874 1864 in
925 1813 1132 1865 sancto
1183 1812 1404 1878 monte,
1438 1821 1649 1882 magna
1698 1821 1840 1863 voce
1930 1812 1990 1863 ut
2041 1802 2349 1882 capitalem
2400 1802 2636 1864 tolleret
2683 1801 3065 1884 sententiam,
3098 1822 3230 1883 quae
3259 1820 3335 1864 ex
3382 1803 3573 1884 spinis

157 1891 427 1966 tlatnavit,
467 1892 750 1955 dicens:
790 1890 1017 1954 Venite
1048 1892 1120 1954 ad
1155 1911 1487 1966 me,onrnes
1521 1892 1746 1972 populi,
1785 1901 1841 1952 et

161 2000 239 2062 ego
266 1982 419 2043 dabo
455 1980 659 2044 vobis
696 1985 890 2043 vitam
923 1991 1216 2046 eternam.
1244 2008 1269 2038 π
1301 1981 1614 2045 Concurrit
1643 1991 1838 2042 autem

161 2072 213 2132 ad
256 2089 388 2133 eum
459 2072 696 2133 omnis
764 2090 931 2147 caro,
981 2072 1176 2133 omnis
1231 2081 1391 2145 aetas,
1428 2089 1606 2131 omne
1656 2089 1844 2146 genus

163 2161 453 2224 hominum
516 2169 689 2223 tunc
752 2161 906 2222 dixit
963 2161 1285 2223 omnibus:
1358 2186 1384 2216 α
1423 2159 1841 2222 Pcenitentiam

58 2329 60 2338 Ι
169 2252 292 2329 agite
363 2260 653 2333 propter
711 2261 974 2313 vestram
1056 2251 1498 2332 ignorantiam:
1564 2249 1842 2329 quoniam

173 2340 678 2422 appropinquavit
715 2359 966 2420 regnum
1021 2339 1150 2416 Dei,
1185 2339 1338 2419 quod
1375 2338 1540 2400 tollet
1596 2356 1842 2417 regnum

175 2431 469 2492 hominum
509 2433 614 2490 ὃ.»
663 2429 850 2492 Suum
882 2437 1076 2492 autem
1109 2448 1358 2508 regnum
1412 2429 1526 2488 vult
1559 2429 1716 2490 Deus
1749 2428 1844 2487 di-

176 2523 354 2583 videre
379 2521 457 2583 iis
471 2521 590 2604 qui
619 2520 974 2593 credunt,in
997 2539 1110 2600 quo
1135 2520 1234 2581 ille
1259 2519 1485 2582 exsistit
1507 2517 1840 2579 sublimior.

179 2611 288 2673 Illic
332 2630 483 2691 ergo
555 2620 914 2690 peccatores
970 2610 1208 2690 quidem
1275 2608 1848 2672 consuuimabuntur

178 2702 404 2762 aeternis
440 2700 802 2770 doloribus,
828 2710 886 2760 et
915 2703 1076 2778 igne,
1103 2699 1202 2780 qui
1233 2715 1536 2779 nunquam
1572 2697 1849 2757 termina-

176 2790 326 2852 bitur
352 2813 366 2852 :
397 2790 566 2870 justi
593 2799 798 2850 autem
829 2789 1123 2869 accipient
1155 2789 1347 2849 lucem
1381 2795 1618 2848 aeternae
1647 2787 1850 2864 gloriae

172 2891 226 2940 et
257 2881 493 2959 gaudii,
530 2899 674 2960 quae
709 2879 933 2940 nullum
977 2897 1234 2958 unquam
1269 2879 1445 2939 linem
1478 2877 1712 2955 accipit.
1767 2876 1849 2938 De

172 2982 387 3032 cetero
423 2969 650 3048 nolite,
679 2989 714 3030 o
745 2969 849 3030 ﬁlii
877 2969 1209 3042 hominum,
1245 2967 1422 3046 hujus
1452 2967 1581 3027 vita:
1613 2966 1844 3044 fugien-

172 3069 292 3122 tem
354 3079 648 3141 quaarere
708 3059 993 3136 laetitiam,
1059 3068 1120 3118 ut
1176 3058 1434 3118 laetitiam
1507 3055 1662 3116 illius
1721 3065 1908 3144 vitaac

172 3159 467 3213 atemam
526 3147 910 3231 possideatis,
948 3167 1081 3228 quae
1112 3148 1262 3208 hanc
1294 3146 1466 3206 vitam
1501 3145 1737 3224 excipit.
1781 3147 1846 3207 In

170 3239 281 3302 hac
318 3242 488 3301 enim
529 3239 649 3299 vita
698 3236 876 3299 breve
909 3247 1144 3318 tempus
1175 3235 1368 3297 vivitis
1402 3255 1417 3311 ;
1452 3235 1510 3294 in
1546 3234 1647 3294 illa
1678 3253 1841 3314 vero,

166 3329 222 3390 in
254 3347 450 3389 omne
484 3346 707 3390 aevum.

242 3416 350 3479 XI.
411 3416 570 3480 Cum
609 3417 738 3477 haec
789 3424 992 3478 autem
1023 3413 1354 3477 audiissent
1401 3431 1612 3473 omnes
1642 3413 1848 3494 populi

167 3508 489 3582 inﬁdeles,
523 3525 647 3569 una
681 3524 831 3568 voce
883 3507 1183 3566 dixerunt:
1216 3503 1282 3565 Et
1315 3503 1448 3584 quis
1479 3503 1598 3563 illic
1630 3502 1756 3577 fuit,
1795 3512 1854 3565 et

171 3616 312 3659 cum
349 3598 532 3659 illine
561 3597 682 3657 huc
721 3597 1004 3668 venisset,
1043 3596 1232 3675 potuit
1261 3592 1480 3654 docere
1529 3610 1664 3654 vera
1695 3611 1848 3666 esse,

174 3707 310 3768 qua
335 3685 534 3750 dicis?
566 3685 739 3747 Tunc
760 3684 865 3748 Dei
898 3685 1081 3746 Filius
1108 3684 1252 3744 dixit
1281 3683 1367 3743 eis
1400 3703 1410 3740 :
1446 3682 1507 3745 Si
1535 3685 1853 3742 ostendero

174 3778 349 3839 vobis
375 3775 730 3839 surrexisse
756 3785 1044 3855 mortuos,
1066 3793 1182 3834 non
1208 3771 1448 3834 creditis
1479 3771 1706 3832 veritati
1732 3770 1756 3832 Υ
1785 3771 1856 3839 Ut

172 3877 383 3932 autem
415 3865 820 3928 dubitationis
848 3874 906 3926 et
927 3863 1286 3943 suspicionis
1315 3861 1541 3922 nullum
1577 3880 1853 3922 remane-

171 3967 270 4020 ret
326 3957 681 4035 vestigium,
714 3974 848 4017 cum
881 3954 1120 4036 populis
1178 3953 1476 4034 profectus
1509 3962 1597 4012 est
1630 3953 1700 4013 ad
1755 3971 1853 4014 se-

169 4048 416 4128 pulcra,
441 4056 508 4108 et
541 4044 840 4107 triduanis
865 4055 922 4108 et
953 4043 1366 4126 quatriduanis
1397 4052 1457 4103 et
1483 4042 1605 4122 jam
1640 4047 1854 4102 laeten-

171 4135 346 4200 tibus
399 4137 666 4200 mortuis
721 4153 896 4214 quam
951 4135 1276 4195 amiserant
1326 4133 1528 4203 vitam,
1581 4141 1644 4192 ut
1700 4131 1856 4192 Deus

170 4226 476 4289 reddidit.
513 4223 879 4288 Transmisit
909 4241 1073 4286 mare
1100 4240 1282 4302 super
1303 4223 1517 4283 fluctus
1547 4219 1856 4281 ambulans

172 4334 295 4378 non
336 4313 701 4377 madefactis
733 4312 1011 4394 pedibus.
1050 4311 1392 4391 Imperabat
1423 4309 1634 4383 ventis,
1670 4311 1854 4370 casti-

1928 1903 2300 1972 peccatorum
2337 1891 2397 1952 in
2435 1910 2541 1953 nos
2590 1892 2710 1955 lata
2738 1893 2953 1955 fuerat.
2988 1892 3088 1954 Fel
3121 1893 3182 1954 in
3234 1892 3369 1954 cibo
3399 1911 3543 1957 accc
3565 1929 3580 1942 -

1929 1982 2034 2062 pit,
2073 1987 2135 2041 ut
2165 1981 2396 2043 dulcem
2430 1981 2605 2060 primi
2637 1982 2898 2044 hominis
2927 1988 3187 2061 gustum,
3224 1982 3385 2044 unde
3416 1999 3579 2044 mors

1927 2072 1983 2131 in
2036 2071 2325 2133 mundum
2363 2072 2472 2131 fuit
2530 2070 2821 2149 ingressa,
2855 2079 3272 2134 commutaret.
3335 2073 3581 2135 Potatus

1928 2171 2019 2223 est
2073 2170 2261 2234 aceto,
2329 2170 2393 2224 ut
2449 2161 2861 2234 acrimoniam,
2925 2180 3040 2241 qua
3091 2169 3292 2224 noster
3342 2162 3582 2240 sanguis

1929 2251 2183 2325 ebulliit,
2221 2253 2280 2311 in
2319 2269 2382 2312 se
2438 2251 2793 2330 susciperet,
2827 2259 2887 2311 et
2937 2252 3096 2312 hunc
3142 2249 3292 2313 bibit
3335 2251 3583 2314 calicem

1929 2341 2243 2420 passionis,
2279 2339 2380 2421 qui
2431 2339 2650 2400 nostris
2703 2338 3034 2401 debebatur
3084 2338 3266 2399 vitiis.
3318 2338 3584 2402 Nudatos

1931 2438 2044 2505 est,
2101 2438 2161 2490 ut
2219 2441 2554 2491 nostrorum
2617 2436 2925 2509 parentum
2987 2428 3339 2505 nuditatem,
3403 2446 3583 2505 quam

1931 2521 2085 2600 passi
2119 2529 2255 2579 sunt
2287 2520 2532 2581 consiiio
2565 2517 2884 2598 serpentis,
2923 2517 3115 2580 niveis
3144 2525 3372 2597 tegeret
3401 2517 3581 2580 indu-

1932 2610 2173 2671 mentis.
2201 2609 2263 2670 lti
2291 2610 2447 2688 ligno
2477 2609 2585 2668 fuit
2613 2625 2963 2687 suspensus,
2986 2616 3050 2668 ut
3080 2605 3224 2686 ligni
3249 2615 3576 2686 transgres-

1931 2698 2191 2775 sionem,
2217 2717 2322 2778 per
2357 2700 2686 2778 passionem
2723 2696 2869 2776 ligni
2903 2696 3094 2758 crucis
3125 2714 3246 2757 suae
3276 2695 3573 2760 aboleret.

1931 2787 2176 2850 Mortem
2211 2790 2281 2849 ad
2316 2807 2380 2848 se
2403 2790 2604 2849 venire
2636 2787 2896 2861 admisit,
2926 2795 2988 2847 ut
3017 2804 3220 2848 secum
3253 2785 3576 2848 luctantem

1931 2879 2245 2958 sauciaret,
2283 2887 2339 2938 et
2372 2897 2616 2956 regnum
2653 2877 2808 2958 quod
2835 2877 3059 2938 invenit
3083 2883 3574 2957 perserpentem,

1932 2969 2257 3042 amitteret,
2315 2975 2370 3028 et
2426 2986 2558 3027 cum
2621 2968 2748 3046 ipso
2805 2973 3083 3046 serpente
3135 2965 3416 3041 sauciata,
3468 2983 3578 3046 per

1931 3058 2230 3118 Christum
2262 3057 2433 3118 fieret
2478 3056 2728 3136 captiva.
2763 3054 3160 3126 Quamobrem
3221 3057 3419 3117 omnia
3449 3056 3578 3116 ele-

1933 3156 2132 3207 menta
2184 3165 2317 3206 cum
2349 3145 2637 3206 vidissent
2683 3164 2857 3205 suum
2904 3144 3244 3205 effectorem
3297 3143 3575 3218 sublime,

1932 3247 2124 3297 actum
2181 3236 2242 3296 in
2289 3254 2526 3296 crucem
2589 3253 2800 3314 magno
2855 3242 3016 3295 metu
3065 3244 3576 3299 contremuerunt.

1932 3328 2081 3389 Nam
2134 3345 2203 3387 ex
2233 3344 2351 3386 una
2403 3333 2567 3406 parte
2602 3334 2763 3386 mota
2811 3335 2904 3384 est
2953 3333 3132 3398 terra,
3169 3332 3225 3384 et
3278 3342 3347 3385 ex
3398 3325 3584 3386 altera

1935 3406 2120 3478 fracta
2169 3423 2305 3476 sunt
2340 3414 2557 3495 templa
2606 3423 2663 3474 et
2697 3423 2899 3494 petra),
2937 3413 3080 3492 fugit
3130 3412 3300 3484 dies;
3337 3413 3423 3473 sol
3473 3413 3581 3474 fuit

1939 3506 2316 3585 conterritus,
2354 3513 2411 3565 et
2443 3504 2791 3564 obscuratus
2847 3505 2994 3564 texit
3025 3501 3287 3563 tenebris
3335 3503 3580 3563 univer-

1937 3615 2067 3657 sum
2103 3598 2384 3655 mundum
2423 3615 2437 3665 ;
2491 3594 2629 3653 luna
2667 3612 2787 3653 suae
2820 3592 2968 3652 lucis
3011 3590 3394 3670 splendorem
3426 3591 3582 3652 nube

1940 3693 2187 3747 cruenta
2231 3684 2507 3763 operuit;
2559 3690 2715 3742 astra
2771 3681 2903 3741 εαξιί
2950 3681 3082 3740 luce
3113 3679 3580 3759 resplendentia,

1940 3774 2139 3838 omnia
2169 3773 2344 3834 simul
2390 3779 2524 3832 sunt
2556 3777 2794 3831 mutata.
2830 3769 3055 3832 Stridet
3099 3777 3281 3844 terra,
3318 3776 3375 3829 et
3405 3768 3585 3830 veluti

1941 3873 2200 3946 pariens,
2235 3863 2408 3940 caepit
2460 3861 2674 3921 multos
2704 3869 2939 3922 sanctos
2967 3857 3220 3919 reddere
3276 3876 3346 3920 ex
3377 3857 3584 3938 sepul-

1939 3957 2096 4017 cris:
2133 3952 2230 4034 qui
2276 3952 2513 4032 quidem
2549 3951 2660 4011 hoc
2693 3948 2911 4010 dabant
2963 3947 3390 4021 testimonium,
3426 3946 3585 4027 quod

1939 4043 2266 4108 Servatoris
2298 4043 2622 4102 descensus
2652 4039 2725 4100 ad
2785 4040 3006 4100 inferos
3041 4037 3308 4099 dissolvit
3337 4054 3584 4116 regnum

1940 4125 2185 4198 diaboli,
2222 4131 2280 4184 et
2331 4129 2599 4183 mortuus
2632 4129 2882 4180 mortem
2927 4119 3122 4180 affecit
3151 4117 3496 4197 ignominia,
3529 4125 3588 4177 et

1940 4231 2284 4296 percussam
2346 4211 2560 4290 vinxit,
2597 4219 2656 4271 et
2696 4209 2952 4287 subjecit
2981 4208 3232 4288 pedibus
3279 4224 3587 4267 servorum

1941 4323 2208 4366 suorum.
2245 4302 2412 4364 Illinc
2443 4301 2667 4364 clarum
2700 4307 2810 4379 est,
2847 4301 3003 4379 quod
3049 4316 3154 4377 pro
3186 4297 3429 4357 nomine
3459 4297 3590 4375 ejus

175 4405 358 4484 gabat
406 4405 657 4484 ﬂuctus,
696 4384 755 4464 et
783 4421 913 4483 qua
944 4384 1356 4499 excitabantur
1387 4407 1772 4499 tempestates
1801 4407 1860 4460 et
1883 4445 1920 4499 ο
1944 4393 2490 4499 puni'ti‘gaudemus
2521 4399 2578 4450 et
2601 4389 2930 4489 gloriamur
2961 4387 3020 4447 in
3047 4384 3588 4499 pjersecutionibus,

177 4475 484 4556 tumultus
531 4475 1025 4555 sedabatICaeciS
1069 4489 1258 4552 visum
1312 4475 1622 4564 reddebat,
1657 4489 1860 4550 aridas
1883 4475 1920 4499 ⁵
1946 4475 2104 4565 quod
2141 4484 2292 4543 hanc
2325 4490 2584 4542 nostram
2635 4479 2836 4553 vitam,
2870 4495 3001 4558 quae
3028 4475 3102 4538 ad
3157 4483 3393 4556 tempus
3422 4485 3483 4538 et
3530 4475 3591 4536 in

180 4602 406 4647 manus
454 4581 755 4645 reddebat
786 4598 980 4655 sanas,
1018 4579 1244 4642 claudis
1287 4579 1646 4658 ingressum,
1683 4580 1862 4640 mutis
1947 4593 2124 4652 quam
2173 4568 2329 4632 cadit
2383 4568 2682 4644 interitus,
2729 4577 2979 4658 aeterna
3011 4575 3077 4658 et
3106 4584 3254 4658 quae
3292 4583 3593 4646 nunquam

181 4689 406 4736 vocem
453 4670 779 4748 reddebat,
811 4681 870 4732 et
918 4669 1119 4731 surdis
1167 4655 1457 4730 auditum.
1511 4666 1866 4748 Paralyticos
1950 4663 2168 4725 desinit
2214 4662 2334 4722 vita
2365 4660 2630 4748 excipit:
2669 4676 2843 4748 quam
2881 4656 2986 4748 Dei
3033 4655 3240 4736 Filius,
3260 4673 3408 4748 cum
3456 4672 3594 4748 sur-

181 4762 386 4826 verbo
435 4743 709 4834 curabat,
746 4759 980 4840 leproso
1025 4758 1183 4819 dicto
1233 4756 1574 4831 mundabat,
1611 4743 1866 4818 infirmis
1955 4753 2212 4816 rexisset
2238 4770 2273 4812 a
2303 4747 2576 4826 mortuis,
2607 4747 2731 4808 suis
2760 4745 3017 4840 ostendit
3047 4744 3351 4840 apostolis,
3381 4743 3597 4824 quibus

181 4845 580 4928 medebatur,
620 4835 916 4910 Iunaticos
949 4845 1329 4924 restituebat,
1363 4855 1422 4907 et
1448 4847 1755 4908 daemones
1778 4847 1872 4908 fu-
1957 4841 2404 4924 aspicientibus,
2436 4847 2770 4928 assumptus
2800 4835 2908 4928 fuit
2936 4835 2996 4897 in
3029 4835 3232 4896 caelos.

181 4941 390 5018 gebat.
432 4939 556 5002 Sed
588 4957 723 5001 cum
760 4947 959 5000 mente
991 4937 1146 5018 capti
1196 4947 1250 4998 et
1283 4934 1449 5016 impii
1485 4935 1762 4997 Pharisaei
1819 4955 1875 5006 et

189 5030 528 5095 Pontiﬁces
577 5028 636 5091 ei
670 5027 1045 5103 invidissent,
1090 5035 1420 5108 prapterea
1449 5025 1606 5104 quod
1654 5027 1876 5109 populi,

187 5121 280 5184 eis
301 5119 566 5195 relictis,
604 5120 740 5197 ejus
771 5118 1185 5198 sequebantur
1239 5115 1504 5193 vestigia,
1540 5124 1874 5177 sternentes

191 5220 389 5272 restes
415 5226 560 5272 suas
592 5213 731 5269 ante
763 5207 947 5288 pedes
979 5207 1129 5286 ejus,
1165 5213 1226 5267 et
1254 5205 1585 5266 clamantes
1623 5225 1635 5261 :
1675 5205 1875 5266 Bene—

191 5299 390 5364 dictus
421 5295 528 5382 qui
559 5296 724 5358 venit
755 5298 817 5358 in
871 5295 1117 5357 nomine
1147 5293 1393 5356 Domini
1415 5293 1446 5342 ϐ
1475 5314 1488 5355 :
1524 5293 1586 5355 in
1619 5312 1754 5356 eum
1789 5295 1880 5355 ira

185 5391 411 5476 perciti
430 5387 747 5466 Pharisaei,
771 5385 1014 5451 cuidam
1047 5385 1231 5447 Pilato
1254 5384 1495 5466 praesidi
1519 5402 1655 5447 eum
1690 5386 1874 5447 tradi-

265 5556 302 5606 3
337 5551 550 5618 Matth.
581 5567 665 5628 tv,
696 5551 796 5615 I7.
888 5547 922 5598 6
953 5546 1165 5612 Matth.
1197 5563 1326 5627 xxx,
1359 5546 1419 5611 9.

529 5662 794 5725 ΡΔἸἨΟΙ..
847 5660 967 5724 Gn.
1018 5655 1229 5722 CXVI.

2040 4930 2190 4994 XIII.
2226 4928 2350 4990 Hoc
2399 4945 2538 5006 ergo
2570 4926 2619 4987 si
2651 4928 2710 4986 in
2766 4927 2942 4986 trium
2976 4932 3266 4985 conventu
3299 4921 3600 4984 ostendis-

1967 5031 2080 5102 set,
2113 5019 2573 5098 intelligentium
2625 5015 3008 5093 cogitationes
3035 5031 3155 5072 non
3181 5023 3443 5102 possent
3480 5011 3600 5102 du-

1965 5099 2180 5174 bitare.
2243 5111 2470 5180 Quanto
2529 5115 2728 5166 autem
2785 5103 2992 5182 magis,
3041 5101 3197 5181 quod
3246 5119 3365 5162 non
3407 5099 3601 5162 solum

1963 5199 2281 5264 duodecim
2340 5195 2672 5276 discipulis,
2703 5191 2810 5254 sed
2862 5194 2994 5274 plus
3051 5209 3228 5272 quam
3285 5191 3607 5273 quingintis

1963 5290 2144 5354 simul
2199 5287 2462 5367 seipsum
2494 5285 2770 5363 dignatus
2798 5291 2889 5344 est
2915 5281 3256 5358 ostendere,
3292 5299 3368 5344 ne
3428 5281 3607 5342 vesti-

1964 5383 2124 5463 gium
2157 5376 2404 5455 quidem
2433 5374 2778 5454 relinquens
2807 5371 2986 5436 ullius
3043 5371 3431 5436 dubitationis
3464 5377 3490 5436 ἵ
3521 5369 3612 5432 Illi

3174 5642 3212 5709 6
3309 5653 3315 5659 .
