3932 6128
387 260 489 325 1-71
1696 256 1981 323 MENSIS
2024 257 2290 322 NOVEM
2300 254 2465 319 BER.
3646 256 3758 321 172

379 401 602 469 autem,
628 392 729 473 qui
751 392 812 454 in
832 391 925 454 his
944 391 1122 455 rebus
1147 400 1317 454 erant
1346 388 1587 466 initiati,
1618 398 1677 454 et
1708 392 1766 452 in
1792 409 2028 453 omnem
2050 398 2089 448 Α
2116 407 2255 465 ergo
2313 387 2374 450 in
2425 390 2512 451 eis
2558 394 2958 463 versarentur,
3020 386 3315 470 quomodo
3374 388 3562 451 solent
3613 388 3755 451 boni

382 481 672 545 mundum
701 482 864 544 missi
897 481 968 544 ad
1004 481 1474 564 praedicandum,
1502 480 1684 560 signis
1715 489 1773 543 et
1804 482 2033 559 magnis
2115 479 2251 541 odio
2310 478 2519 540 haberi
2549 478 2622 541 ab
2672 476 2986 559 improbis,
3021 496 3122 540 eos
3175 478 3313 540 mali
3361 479 3756 542 criminantur

385 571 671 653 prodigiis
691 571 1121 633 conﬁrmabant
1143 590 1311 633 suam
1346 570 1849 652 praedicationem.
1884 568 2028 631 Nam
2115 568 2268 649 apud
2314 567 2717 644 Almachinm,
2756 569 3099 651 praefectum
3148 566 3333 649 urbis,
3369 568 3565 631 omnia
3597 569 3753 631 refe-

385 670 443 722 et
466 678 675 723 omnes
722 661 1101 723 inﬁrmitates
1159 668 1443 722 curarunt
1491 658 1552 719 in
1582 660 1711 739 ejus
1764 659 2028 735 nomine,
2116 665 2336 733 rentes,
2370 675 2500 739 quae
2555 676 2662 738 per
2692 657 2852 738 ipsos
2902 656 3188 720 Dominus
3220 657 3473 719 faciebat
3503 659 3559 720 in
3614 676 3759 737 ege-

382 749 660 829 fugarunt
691 750 1011 829 dmmones,
1042 757 1097 811 et
1126 753 1299 809 vitam
1333 747 1728 811 reddiderunt
1760 747 2026 809 mortuis.
2116 764 2260 809 nos:
2318 755 2377 809 et
2432 747 2593 824 quod
2647 746 2922 827 improbe
2977 763 3046 808 ac
3100 746 3415 823 malitiose,
3449 766 3598 829 quos
3658 748 3758 810 ille

382 839 618 902 Nullam
640 838 747 900 tibi
772 838 1035 900 arbitror
1056 855 1368 899 remanere
1402 836 1940 919 quaestionem,nisi
1972 844 2035 898 ut
2108 838 2358 918 jubebat
2386 837 2602 917 occidi,
2636 837 2732 899 isti
2767 836 3127 900 mandabant
3181 837 3523 919 sepulturas.
3556 836 3759 920 Itaque

385 929 540 991 hanc
595 929 771 990 vitam
805 929 1001 989 animo
1034 936 1093 988 et
1122 945 1374 1007 corpore
1425 927 1746 1007 despicias,
1784 934 1840 987 et
1872 926 2030 988 illam
2114 946 2147 989 a
2198 927 2441 991 militari
2486 928 2731 989 cohorte
2781 927 3224 1008 comprehensi,
3259 926 3635 990 adducuntur
3689 927 3761 988 ad

384 1019 777 1080 vehementer
799 1026 856 1079 et
879 1026 1223 1079 constanter
1238 1016 1686 1096 inquiras.Nam
1712 1018 1813 1096 qui
1844 1016 2034 1078 credit
2115 1016 2492 1079 Almachium
2535 1016 2903 1096 praefectum.
2938 1016 3096 1090 Quos
3126 1016 3368 1099 quidem
3418 1016 3765 1080 Almachius

384 1108 443 1168 in
479 1107 582 1170 Dei
618 1106 857 1183 Filium,
885 1115 943 1169 et
975 1107 1106 1186 ejus
1136 1106 1398 1167 adhaeret
1430 1105 1763 1185 przeceptis,
1792 1104 2034 1186 quando
2121 1106 2213 1168 his
2243 1105 2439 1168 verbis
2470 1113 2559 1167 est
2583 1106 2915 1169 allocutus:
2949 1108 3091 1169 Cum
3118 1125 3219 1168 vos
3254 1107 3566 1169 character
3598 1105 3767 1167 nobi-

386 1197 697 1275 morietur,
730 1195 859 1274 ejus
890 1211 1162 1273 corpusa
1194 1200 1385 1256 morte
1417 1194 1576 1255 nulla
1606 1195 1901 1257 afﬁcietur
1938 1196 2031 1256 in-
2120 1195 2302 1257 litatis
2357 1195 2544 1272 gloria
2601 1194 2866 1274 insignes
2927 1195 3277 1270 reddiderit,
3332 1214 3439 1257 cur
3526 1204 3772 1277 propter

376 1285 560 1365 juria,
594 1285 698 1346 sed
731 1303 765 1345 a
795 1285 1014 1345 sanctis
1041 1282 1268 1363 angelis
1310 1284 1370 1344 in
1403 1283 1562 1345 ulnis
1594 1284 1941 1364 excipietur,
1978 1292 2035 1346 et
2120 1285 2323 1347 nescio
2354 1303 2526 1366 quam
2560 1284 2936 1361 religionem,
2970 1303 3075 1347 vos
3106 1283 3399 1364 ignobiles
3427 1284 3682 1347 redditis
3709 1293 3770 1347 et

384 1374 446 1434 in
468 1374 663 1436 locum
686 1372 944 1453 paradisi
974 1371 1324 1435 abducetur.
1359 1372 1510 1435 Hinc
1536 1392 1694 1435 mors
1732 1393 1867 1435 cum
1901 1373 2033 1435 dia-
2118 1374 2434 1438 infelices?
2476 1376 2623 1438 Nam
2660 1385 2882 1436 vestras
2929 1374 3238 1437 facultates
3279 1375 3340 1436 in
3372 1377 3573 1437 nescio
3626 1392 3770 1455 quas

384 1463 523 1525 bolo
555 1464 765 1543 efﬁcit,
786 1470 847 1524 ut
878 1462 1127 1524 diversis
1156 1462 1539 1543 pravitatibus
1571 1474 1802 1526 mentes
1833 1463 2032 1525 homi-
2117 1463 2379 1544 abjectas
2426 1482 2710 1544 personas
2763 1464 2940 1527 audio
2992 1482 3094 1526 vos
3126 1472 3435 1542 erogantes
3491 1481 3769 1526 consum-

387 1570 527 1613 num
585 1552 869 1633 colliget,
933 1559 992 1613 et
1052 1551 1113 1613 in
1170 1553 1346 1615 variis
1421 1573 1537 1614 non
1609 1554 2036 1616 animadversis
2120 1555 2331 1635 psisse,
2368 1562 2426 1614 et
2471 1572 2574 1615 eos
2623 1554 2723 1634 qui
2772 1553 3039 1632 castigati
3082 1553 3324 1615 fuerunt
3368 1561 3611 1635 propter
3667 1570 3769 1616 sua

387 1641 838 1704 necessitatibus
899 1650 1149 1723 occupet
1182 1659 1195 1703 :
1233 1652 1290 1704 et
1347 1662 1505 1704 nunc
1536 1644 1773 1724 quidem
1833 1642 2036 1705 damni
2117 1643 2509 1718 scelera,cum
2532 1643 2905 1723 omnigloria
2924 1644 3209 1706 mandare
3229 1642 3567 1724 sepulturas.
3606 1641 3769 1715 Quo-

386 1740 615 1793 terrore
667 1732 865 1812 afﬁcit,
902 1751 1061 1795 nunc
1111 1741 1308 1793 autem
1342 1732 1414 1794 ad
1448 1733 1641 1811 gulam
1692 1732 1926 1807 excitat,
1965 1752 2035 1794 ex
2063 1732 2279 1810 gcirca
2329 1732 2467 1795 licet
2518 1733 2831 1815 suspicari,
2883 1751 2991 1795 vos
3047 1752 3186 1795 esse
3242 1732 3501 1794 initiatos
3555 1731 3768 1793 iisdem

385 1820 636 1882 diversis
667 1819 1018 1884 abstrahens
1050 1821 1288 1901 studiis,
1322 1821 1397 1883 de
1428 1822 1538 1882 hac
1598 1820 1726 1883 sola
1759 1822 1873 1883 vita
1901 1821 2038 1883 facit
2121 1823 2444 1903 mysteriis,
2480 1822 2698 1905 quibus
2731 1823 2793 1898 ii,
2829 1842 2978 1905 quos
3021 1830 3261 1904 propter
3294 1822 3769 1902 conjurationem

386 1911 637 1972 miseros
686 1911 959 1973 homines
1009 1929 1141 1973 esse
1188 1910 1497 1986 sollicitos,
1552 1920 1615 1972 ut
1662 1930 1732 1973 ex
1783 1928 2038 1991 corpore
2121 1912 2414 1975 mandatis
2433 1913 2776 1994 sepulturae.
2806 1914 3144 1995 Respondit
3172 1912 3501 1987 Tiburtius,
3536 1921 3597 1974 et
3628 1910 3775 1973 dicit

386 1999 764 2078 egredientes
819 2000 1082 2063 inveniat
1143 2006 1395 2063 miseros
1427 2009 1485 2062 et
1529 2000 1744 2079 nudos,
1782 2012 1839 2063 et
1890 2001 2037 2064 nihil

384 2106 588 2151 secum
645 2098 947 2170 portantes
978 2099 1191 2171 praeter
1222 2099 1484 2169 peccata.
1520 2089 1643 2152 Hoc
1697 2090 1803 2152 tibi
1838 2090 2036 2169 paucis

384 2178 651 2260 exposui,
685 2198 720 2240 ο
752 2179 1130 2243 charissime.
1171 2178 1231 2242 Si
1272 2178 1414 2260 quid
1443 2189 1641 2242 autem
1687 2179 1791 2243 tibi
1824 2182 2037 2243 deesse

385 2269 702 2344 existimas,
736 2287 943 2333 rursus
983 2287 1207 2346 quaere.

463 2398 619 2462 XIV.
652 2402 819 2462 Tunc
842 2399 1149 2461 Tiburtius
1179 2400 1250 2461 ad
1285 2399 1413 2480 ejus
1448 2401 1629 2482 pedes
1662 2402 2028 2480 provolutus,

383 2487 530 2551 dixit
557 2508 692 2552 cum
724 2489 1048 2570 gemitibus
1078 2491 1339 2571 ﬂetuque
1375 2502 1437 2552 et
1466 2490 1737 2570 lacrymis
1764 2508 1779 2552 :
1818 2495 1903 2554 De
1922 2492 2034 2553 hac

383 2578 498 2641 vita
544 2579 619 2641 de
648 2589 863 2641 caetero
915 2584 962 2641 si
996 2580 1085 2640 vel
1133 2581 1482 2658 cogitatione
1536 2581 1906 2657 exquisiero,
1942 2581 2032 2644 vel

380 2669 582 2729 animo
630 2672 948 2747 agitavere.
986 2669 1046 2729 in
1104 2668 1204 2729 illa
1235 2668 1348 2728 vita
1391 2687 1693 2749 nunquam
1740 2671 2029 2732 inveniar.

382 2754 648 2818 Habeant
673 2757 1176 2837 ergoinsipientes
1201 2757 1433 2818 lucrum
1454 2759 1761 2837 praesentis
1796 2769 2029 2840 tempo-

382 2845 485 2906 ris.
516 2844 636 2925 Ego
669 2849 1008 2927 autem,qui
1044 2846 1105 2907 in
1133 2846 1491 2908 hodiernum
1515 2866 1705 2929 usque
1734 2849 1890 2910 diem
1920 2850 2033 2912 vixi

384 2934 514 2995 sine
540 2936 793 3011 ratione,
828 2935 982 2996 absit
1002 2945 1069 2998 ut
1100 2939 1231 2999 sine
1253 2936 1485 2998 ratione
1516 2938 1591 2998 de
1614 2946 1827 2999 caatero
1855 2939 2032 3001 vitam

384 3024 574 3103 agam!
605 3026 674 3089 Et
707 3026 832 3086 haec
855 3044 987 3087 cum
1020 3026 1288 3100 dixisset,
1317 3027 1387 3087 ad
1413 3044 1583 3087 suum
1618 3026 1856 3090 fratrem
1888 3045 2033 3090 cono
2117 3024 2133 3103 ζ

386 3131 614 3193 versus,
679 3114 869 3177 dixit:
928 3114 1213 3179 Miserere
1272 3116 1411 3190 mei,
1471 3114 1653 3177 frater
1704 3116 1942 3194 dilecte,
1977 3117 2092 3179 etC

386 3201 673 3283 abrumpe
698 3204 1053 3284 tarditatem,
1082 3222 1259 3282 quam
1293 3204 1552 3282 transegi
1582 3204 1641 3264 in
1673 3204 2031 3283 ignorantia.

389 3292 681 3364 Quocirca
704 3310 912 3353 vereor
942 3312 1161 3369 moras;
1189 3292 1418 3373 pondus
1444 3293 1729 3355 ferrenon
1764 3314 2033 3374 possum;

384 3399 527 3460 rogo
561 3390 640 3457 te,
674 3382 788 3444 duc
821 3400 916 3443 me
944 3382 1017 3443 ad
1049 3383 1350 3444 hominem
1383 3382 1514 3458 Dei,
1553 3392 1616 3443 ut
1646 3402 1743 3445 me
1774 3384 2035 3465 perfecte

386 3471 784 3551 puriﬁcatum,
820 3473 978 3533 illius
1028 3474 1160 3535 vitas
1199 3472 1378 3534 faciat
1435 3472 1808 3553 participem.
1863 3473 2032 3537 Tunc

384 3559 737 3623 Valerianus
754 3561 1000 3623 deduxit
1025 3562 1269 3624 fratrem
1294 3581 1466 3624 suum
1489 3562 1564 3623 ad
1587 3565 2028 3627 sanctissimum

385 3667 593 3731 papam
630 3648 959 3712 Urbanum.
996 3652 1102 3712 Cui
1154 3659 1459 3733 postquam
1494 3653 1750 3714 narravit
1806 3654 2029 3737 omnia,

384 3759 515 3821 quae
543 3740 701 3802 dicta
730 3750 788 3802 et
816 3741 967 3803 facta
1000 3740 1254 3813 fuerant,
1290 3741 1546 3821 benigno
1595 3745 1716 3805 Deo
1748 3745 1864 3821 egit
1892 3762 2031 3823 gra-

386 3831 520 3891 tias.
548 3830 874 3909 Acceptum
908 3838 1104 3892 autem
1133 3850 1266 3893 cum
1307 3833 1469 3893 omni
1500 3832 1712 3911 gaudio
1738 3841 1797 3894 et
1826 3835 2028 3896 exsul-

387 3917 604 3979 tatione
634 3917 994 3994 Tiburtium,
1029 3936 1160 3980 cum
1197 3920 1629 3995 admonuisset,
1668 3923 2030 3986 catecbismo

385 4004 756 4079 instituisset,
792 4005 1146 4087 baptizasset
1176 4010 1234 4069 in
1284 4010 1526 4070 nomine
1560 4010 1750 4072 Patris
1796 4021 1853 4073 et
1898 4012 2033 4076 Filii

386 4102 444 4154 et
488 4092 741 4174 Spiritus
786 4097 993 4170 sancti,
1043 4096 1223 4174 jussit
1275 4115 1480 4159 secum
1529 4117 1683 4173 esse,
1718 4101 1911 4162 donec
1962 4118 2033 4163 ea

386 4183 736 4265 deponeret,
766 4204 897 4266 quae
925 4187 1188 4247 recentis
1218 4195 1354 4248 sunt
1375 4188 1851 4251 illuminationis.
1890 4191 2033 4263 Quae

386 4275 627 4355 quidem
671 4294 803 4337 cum
838 4277 1101 4355 perfecta
1156 4276 1363 4339 fuisset
1395 4278 1528 4356 ejus
1576 4277 1866 4354 doctrina,
1904 4290 2033 4361 post

386 4373 613 4443 septem
646 4364 774 4426 dies
798 4365 1016 4429 Christi
1056 4366 1303 4427 militem
1336 4366 1613 4427 restituit.
1649 4365 1894 4431 Tantam
1930 4390 2035 4432 au-

389 4460 504 4512 tem
558 4454 809 4530 gratium
839 4472 873 4514 a
925 4454 1156 4517 Christo
1189 4462 1277 4516 est
1325 4467 1705 4537 consecutus,
1742 4467 1804 4519 ut
1855 4462 2030 4521 etiam

386 4540 752 4620 Deiangelos
772 4541 999 4604 videret
1021 4543 1286 4623 quotidie
1317 4565 1332 4625 ;
1364 4554 1420 4606 et
1449 4564 1818 4627 quaecunque
1846 4567 1880 4609 a
1909 4551 2033 4612 Deo

390 4630 647 4711 petebat,
681 4632 853 4693 facile
888 4633 1266 4710 impetrabat.
1301 4633 1418 4697 Sed
1477 4637 1756 4714 quoniam
1790 4642 2034 4718 longum

390 4726 548 4781 esset
596 4721 797 4783 omnia
869 4721 1081 4784 ordine
1133 4742 1457 4805 exponere,
1513 4726 1705 4805 qualia
1749 4736 1807 4789 et
1856 4748 2032 4809 quam

390 4809 575 4871 multa
634 4810 776 4872 fecit
833 4812 1119 4875 Dominus
1163 4831 1271 4893 per
1301 4831 1403 4874 eos
1454 4813 1848 4898 admirabilia,
1882 4837 2028 4881 con-

389 4906 688 4963 vertamur
706 4900 779 4963 ad
804 4900 1092 4981 gloriosas
1121 4919 1329 4965 eorum
1362 4903 1798 4984 perpessiones.

466 5040 598 5105 XV.
629 5039 907 5123 Turcius,
944 5042 1047 5121 qui
1089 5043 1265 5104 etiam
1302 5043 1664 5118 Almachius,
1702 5063 1837 5107 cum
1887 5055 2045 5111 esset

387 5131 703 5211 prmfectus
726 5131 917 5207 urbis,
944 5142 1254 5195 etsanctos
1284 5131 1392 5195 Dei
1418 5142 1705 5214 martyres
1739 5138 2040 5213 occideret

387 5218 674 5299 quotidie,
710 5220 961 5300 jubebat
1011 5240 1217 5283 eorum
1268 5239 1518 5303 corpora
1575 5224 1836 5307 relinqui
1888 5229 2049 5293 inse-

388 5312 577 5388 pulta.
610 5310 913 5371 Tiburtius
943 5319 1146 5371 autem
1181 5320 1241 5372 et
1272 5312 1633 5375 Valerianus
1664 5317 1735 5377 ad
1769 5317 1879 5380 hoc
1909 5338 2049 5401 ope-

382 5419 510 5495 ram
564 5401 829 5495 quotidie
852 5401 1236 5478 adhibebant,
1273 5412 1337 5465 ut
1386 5414 1731 5470 sanctorum
1800 5430 2051 5495 corpora

382 5493 459 5555 ad
492 5491 913 5572 sepeliendum
943 5500 1375 5572 componerent
1395 5502 1452 5554 et
1472 5495 1641 5557 humi
1668 5491 2045 5574 mandarent.

2118 2001 2395 2083 praefecto
2424 2024 2436 2067 :
2474 2002 2707 2066 Utinam
2737 2022 2847 2065 nos
2872 2003 3191 2081 dignentur
3222 2003 3450 2065 referre
3472 2002 3530 2062 in
3565 2018 3771 2063 nume.

2119 2110 2252 2154 rum
2286 2111 2528 2154 suorum
2579 2111 2907 2168 servorum,
2943 2110 3194 2173 quorum
3242 2101 3302 2153 tu
3359 2109 3466 2153 nos
3518 2090 3771 2171 conjicis

2120 2200 2250 2245 esse
2280 2182 2500 2263 socios,
2534 2183 2634 2264 qui
2677 2182 2917 2263 quidem
2949 2190 3311 2262 respuerunt
3352 2181 3411 2243 id
3444 2199 3577 2243 esse
3609 2180 3769 2263 quod

2117 2272 2349 2334 videtur
2403 2281 2462 2335 et
2521 2292 2637 2333 non
2697 2280 2807 2353 est,
2860 2280 2917 2333 et
2973 2271 3329 2334 invenerunt
3383 2270 3557 2347 illud,
3610 2269 3767 2351 quod

2121 2363 2353 2427 videtur
2379 2381 2494 2424 non
2527 2381 2657 2424 esse
2692 2372 2752 2425 et
2782 2372 2895 2424 est.

2196 2450 2357 2515 XVI.
2394 2450 2749 2514 Almachius
2791 2451 3111 2533 praefectus
3140 2452 3289 2514 dixit
3326 2472 3339 2514 :
3372 2450 3443 2514 Et
3473 2450 3616 2532 quid
3652 2458 3763 2525 est,

2118 2541 2273 2622 quod
2333 2540 2561 2602 videtur
2591 2559 2724 2602 esse
2759 2554 2852 2603 est
2905 2559 3024 2603 non
3058 2549 3115 2602 et
3144 2541 3169 2604 ?
3204 2541 3358 2603 Dixit
3412 2538 3719 2602 Tiburtius
3750 2559 3761 2600 :

2117 2628 2332 2693 Omnia
2362 2649 2493 2710 quae
2509 2630 2727 2693 suntin
2752 2630 3001 2706 mundo,
3035 2649 3165 2711 quae
3186 2630 3418 2692 animas
3449 2638 3665 2691 vocant
3694 2627 3764 2691 ad

2120 2728 2373 2781 mortem
2432 2726 2717 2781 aeternam
2752 2738 2860 2800 per
2914 2719 3110 2780 brevis
3142 2718 3431 2800 temporis
3469 2718 3759 2781 laetitiam.

2115 2808 2272 2872 Dixit
2322 2809 2667 2873 Almachius
2724 2808 3076 2891 praefectus:
3141 2808 3213 2871 Et
3259 2808 3402 2890 quid
3462 2817 3572 2883 est,
3610 2804 3764 2888 quod

2116 2920 2235 2962 non
2292 2900 2523 2961 videtur
2568 2919 2700 2962 esse
2767 2909 2856 2961 est
2908 2905 3010 2962 et?
3053 2898 3358 2961 Tiburtius
3394 2896 3570 2960 dixit:
3609 2896 3762 2976 Vita,

2117 3009 2248 3070 quae
2277 2990 2472 3052 futura
2502 3000 2593 3053 est
2604 2988 2808 3070 justis,
2836 2998 2893 3051 et
2922 2989 3307 3071 supplicium,
3339 2987 3495 3070 quod
3527 2986 3766 3049 dabitur

2117 3080 2356 3160 injustis
2391 3100 2408 3157 ;
2458 3099 2525 3142 ex
2566 3087 2815 3160 utraque
2848 3078 3007 3140 enim
3062 3086 3227 3159 parte
3257 3077 3639 3157 cognovimus
3671 3094 3765 3138 ve-

2116 3189 2246 3231 rum
2310 3189 2443 3233 esse
2473 3188 2542 3232 ea
2572 3176 2820 3232 ventura
2854 3189 2867 3231 :
2905 3178 2962 3230 et
2992 3168 3051 3230 in
3083 3168 3270 3230 fausta
3320 3166 3759 3241 distributione,

2118 3258 2276 3341 quod
2308 3259 2495 3322 oculis
2542 3258 2741 3320 cordis
2793 3257 2984 3320 nostri
3050 3258 3482 3336 cognoscimus,
3514 3255 3571 3317 id
3626 3272 3762 3317 cor-

2119 3349 2280 3429 poris
2325 3353 2513 3411 nostri
2542 3347 2727 3409 oculis
2778 3347 3169 3428 spectandum
3215 3344 3555 3420 referimus,
3591 3353 3658 3407 ut
3703 3343 3764 3404 in

2120 3446 2320 3500 nostra
2376 3437 2744 3500 conscientia
2774 3455 2906 3517 quas
2936 3444 3072 3498 sunt
3119 3435 3296 3512 bona,
3331 3435 3502 3497 malis
3557 3433 3763 3496 obum-

2115 3526 2359 3589 bremus
2409 3526 2765 3589 rationibus.
2802 3524 2960 3586 Dixit
2992 3523 3319 3606 praefectus
3368 3520 3760 3587 Almachius:

2114 3615 2243 3678 Non
2277 3622 2417 3697 puto
2458 3624 2515 3677 te
2560 3625 2760 3677 mente
2793 3620 2894 3676 tua
2943 3612 3133 3694 loqui.
3197 3611 3356 3675 Dixit
3406 3608 3759 3673 Tiburtius:

2114 3705 2242 3768 Non
2264 3705 2476 3787 loquor
2498 3718 2695 3767 mente
2728 3722 2883 3784 mea,
2908 3703 3013 3765 sed
3048 3702 3229 3778 illius,
3262 3719 3441 3781 quem
3472 3703 3676 3781 accept
3705 3697 3765 3759 in

2114 3796 2443 3859 visceribus
2465 3796 2681 3859 mentis
2700 3791 3040 3856 meze.Dixit
3063 3791 3408 3857 Almachius
3431 3788 3761 3870 praefectus.

2113 3885 2411 3968 Numquid
2473 3884 2627 3947 nos1i
2710 3882 2870 3965 quod
2934 3881 3141 3945 dicis?
3197 3881 3356 3945 Dixit
3410 3879 3761 3941 Tiburtius:

2112 3975 2187 4037 Et
2233 3977 2390 4052 novi,
2428 3983 2486 4037 et
2534 3974 2740 4047 didici,
2775 3981 2834 4036 et
2864 3972 3068 4048 credo,
3103 3971 3264 4052 quod
3313 3970 3533 4047 omnia,
3569 3986 3704 4050 quae
3730 3984 3764 4029 a

2116 4084 2211 4128 me
2242 4066 2399 4127 dicta
2427 4072 2585 4140 sunt,
2622 4069 2999 4146 permanent.
3060 4059 3404 4125 Almachius
3461 4060 3770 4142 praefectus

2114 4156 2264 4218 dixit
2298 4174 2312 4218 :
2375 4153 2447 4215 Et
2476 4173 2585 4233 ego
2617 4171 2724 4216 cur
2753 4172 2872 4214 non
2904 4151 3193 4232 intelligo,
3224 4149 3381 4232 quod
3415 4168 3547 4229 ago,
3579 4166 3613 4210 a
3646 4165 3759 4230 quo

2116 4245 2242 4306 haec
2274 4251 2415 4307 sunt
2442 4244 2706 4305 condita?
2735 4240 3042 4304 Tiburtius
3070 4240 3235 4303 dixit:
3264 4239 3553 4312 Quoniam
3586 4239 3763 4300 homo

2116 4333 2414 4396 belluinus
2445 4352 2564 4395 non
2595 4334 2797 4408 sentit,
2833 4350 2965 4413 quae
2995 4338 3132 4393 sunt
3162 4328 3427 4413 spiritus.
3462 4326 3762 4410 Spiritalis

2059 4444 2094 4492 ι)
2117 4431 2311 4487 autem
2343 4423 2629 4503 dijudicat
2659 4421 2863 4485 omnia
2900 4443 2913 4481 :
2950 4420 3082 4502 ipse
3108 4437 3247 4482 vero
3281 4437 3315 4482 a
3346 4417 3509 4481 nullo
3550 4414 3766 4497 dijudi-

2118 4522 2306 4576 catur.
2341 4512 2509 4575 Tunc
2536 4511 2743 4574 ridens
2794 4511 3133 4593 praefectus,
3159 4509 3340 4591 jussit
3370 4507 3590 4569 auferri
3640 4505 3768 4588 qui-

2119 4603 2254 4664 dem
2282 4601 2641 4679 Tiburtium;
2673 4620 2871 4663 coram
2899 4619 2969 4662 eo
2988 4606 3185 4662 autem
3216 4597 3343 4660 sisti
3366 4596 3764 4659 Valerianum.

2119 4691 2224 4755 Cui
2251 4693 2424 4755 etiam
2462 4690 2643 4754 dixit:
2670 4691 2964 4765 Quoniam
2994 4708 3113 4751 non
3144 4696 3235 4750 est
3276 4687 3459 4749 frater
3484 4694 3616 4748 tuus
3642 4680 3769 4747 sani

2120 4781 2377 4858 cerebri,
2415 4792 2473 4843 tu
2508 4781 2731 4862 poteris
2752 4779 3125 4861 respondere
3155 4777 3518 4859 sapientius?
3538 4775 3688 4839 Dicit
3715 4768 3771 4835 ei

2127 4870 2475 4934 Valerianus
2502 4890 2515 4933 :
2542 4870 2851 4932 Falluntur
2871 4886 3045 4931 aures
3078 4866 3502 4946 tum,quoniam
3528 4879 3768 4945 scopum

2129 4968 2347 5023 nostras
2374 4960 2659 5023 orationis
2690 4978 2810 5021 non
2843 4968 3010 5041 potes
3038 4956 3406 5037 intelligere.
3431 4954 3589 5017 Dixit
3620 4970 3771 5036 prte-

2128 5052 2356 5115 fectus:
2392 5048 2578 5112 Nemo
2611 5050 2691 5111 ita
2723 5058 2904 5125 errat,
2931 5057 2994 5111 ut
3016 5066 3120 5110 vos
3150 5047 3387 5119 erratis,
3413 5045 3515 5127 qui
3546 5041 3771 5106 relictis

2131 5140 2482 5206 necessariis
2513 5142 2780 5204 numeris
2805 5139 3403 5221 etresponsis,malos
3426 5133 3768 5218 sequimini:

2131 5254 2262 5318 quae
2308 5241 2443 5295 sunt
2465 5231 2735 5312 jucunda
2794 5240 3171 5313 respuentes,
3205 5226 3466 5291 laetitiam
3498 5225 3665 5318 nihili
3684 5224 3772 5318 fa-

2131 5315 2383 5402 cientes,
2414 5333 2476 5388 et
2501 5341 2571 5387 ea
2600 5321 3023 5403 despicientes,
3057 5337 3191 5398 quas
3219 5319 3353 5382 data
3390 5328 3529 5381 sunt
3558 5316 3631 5380 ad
3649 5315 3775 5377 vitae

2132 5415 2503 5493 alimentum,
2540 5412 2795 5476 maxima
2819 5410 3241 5475 benevolentia
3270 5406 3417 5471 illud
3441 5403 3778 5488 complecti-

2134 5505 2305 5584 mini,
2333 5504 2492 5587 quod
2522 5502 2706 5566 saluti
2733 5500 3016 5566 invenitis
3046 5498 3436 5582 contrarium,
3469 5504 3527 5564 et
3547 5497 3620 5561 iis
3648 5510 3775 5581 qua

384 5581 790 5663 eleemosynis
852 5590 1129 5648 vacantes
1187 5589 1244 5646 et
1306 5580 1506 5647 divino
1549 5589 1756 5655 cultui.
1819 5590 1965 5658 Cum
2009 5593 2053 5657 ii
2137 5580 2592 5682 sunt’jucunda,
2621 5590 2958 5659 inimicum.
