3932 6128
183 258 274 325 173
1377 269 1563 334 VITA
1606 269 1666 331 S.
1714 269 1790 331 Cf.

1974 264 2053 330 'IE
2113 263 2209 330 ET
2254 266 2407 331 SOC.
3469 270 3579 339 174

240 393 508 459 XVll.Ad
534 395 671 457 haec
694 402 1058 479 respondit
1081 401 1450 466 Valerianus:
1476 401 1774 464 Ludentes
1794 408 1907 462 etA
1933 411 2150 464 nostra;
2197 401 2551 477 afﬂictionis,
2617 410 2675 463 et
2726 401 2900 464 nobis
2954 401 3291 464 laetantibus
3350 403 3587 469 ﬂebunt

179 484 431 559 ridentes,
484 490 544 547 et
605 484 674 546 in
738 491 945 550 variis
1009 491 1248 555 deliciis
1305 491 1610 554 luxuriose
1670 491 1848 552 vitam
1935 491 2042 565 illi,
2077 491 2177 573 qui
2228 509 2385 553 nunc
2420 490 3000 554 eli‘erunturlaatitiis
3032 514 3048 568 ς
3084 498 3175 553 est
3229 491 3387 554 enim
3426 512 3584 557 nunc

180 584 411 653 agentes,
441 574 569 636 vidi
602 576 848 639 hiemis
880 586 1179 661 tempore
1224 599 1329 663 per
1378 600 1620 662 campos
1654 590 1847 643 trans-
1932 588 2168 660 tempus
2184 580 2542 642 seminandi.
2572 580 2684 653 Qui
2707 598 2851 659 ergo
2883 581 2940 641 in
2964 580 3074 641 hac
3102 580 3218 641 vita
3254 582 3581 657 seminant,

178 674 379 727 euntes.
413 666 476 727 ln
510 665 761 745 quibus
795 676 1049 750 campis
1083 671 1313 734 stabant
1353 670 1629 750 agricolae
1681 672 1845 751 plan-
1931 687 2060 750 quae
2119 676 2258 730 sunt
2302 667 2375 730 ad
2406 677 2669 749 tempus,
2725 669 3050 748 lacrymas,
3097 668 3159 731 in
3187 669 3287 731 illa
3320 668 3495 732 beata
3524 679 3583 733 et

175 765 365 831 tantes,
398 754 698 841 palmites
756 756 1126 841 inﬁgentes,
1185 770 1243 824 et
1273 761 1546 841 spinosos
1574 779 1844 823 rosarum
1930 768 2150 820 aeterna
2180 758 2294 820 vita
2326 766 2552 821 metent
2580 758 2853 837 gaudium
2880 759 3312 839 sempiternum
3336 762 3390 823 8.
3423 761 3581 823 Dixit

167 862 337 905 ramos
362 840 707 923 ingeniose
732 854 869 908 toto
895 849 1104 911 animo
1130 840 1577 930 compellantes.
1607 851 1725 911 Alii
1746 870 1849 912 au-
1930 848 2283 929 praefectus:
2320 849 2474 926 Ergo
2526 857 2586 909 et
2637 866 2770 924 nos,
2828 857 2888 911 et
2942 848 3147 911 invicti
3186 848 3580 930 imperatores

162 944 260 995 tem
290 932 515 997 oliveta
551 936 983 1002 inserentes:
1020 940 1120 1002 alii
1150 959 1285 1003 vero
1329 941 1617 1003 radicitus
1647 940 1843 1002 imbe-
1930 937 2153 998 luctum
2185 945 2473 998 aeternum
2498 936 2890 1012 habebimus;
2924 956 3029 1000 vos
3056 946 3255 1000 autem
3287 948 3575 1002 aeternum

156 1022 275 1085 eilia
293 1024 861 1109 exscindentes,et
883 1050 1023 1111 quae
1044 1037 1179 1092 sunt
1201 1050 1382 1111 opera
1403 1031 1839 1104 convenientia,
1927 1026 2208 1104 gaudium
2237 1025 3003 1107 possidebitis?Respondit
3022 1025 3394 1091 Valerianus:
3421 1029 3576 1103 Quid

152 1132 343 1193 magno
373 1114 609 1177 labore
648 1132 1055 1199 peragentes.
1094 1119 1261 1183 Tunc
1293 1120 1404 1195 illi,
1457 1121 1558 1201 qui
1605 1120 1839 1182 deliciis
1923 1116 2083 1178 enim
2119 1117 2263 1177 estis
2293 1134 2414 1194 vos,
2450 1126 2553 1177 aut
2608 1117 2789 1177 vestri
2847 1116 3293 1196 imperatores?
3322 1117 3575 1199 Impleto

142 1202 487 1265 fruebantur
518 1214 588 1266 et
626 1206 1038 1286 laetabantur,
1074 1219 1380 1291 coeperunt
1411 1228 1513 1272 eos
1544 1212 1644 1290 qui
1674 1209 1837 1272 labo.
1924 1206 2082 1267 enim
2120 1214 2315 1267 vestro
2349 1214 2618 1286 tempore
2656 1204 3002 1280 morientes,
3032 1223 3104 1266 eo
3136 1206 3424 1285 majorem
3449 1206 3572 1270 Deo

139 1293 349 1373 rabent,
388 1294 737 1359 ludiﬁcari
769 1307 836 1360 et
856 1300 1096 1363 dicere:
1127 1298 1325 1361 Miseri
1349 1309 1409 1362 et
1431 1300 1833 1375 miserabiles,
1923 1300 2066 1356 estis
2097 1294 2390 1356 reddituri
2426 1295 2739 1366 rationem,
2791 1313 2908 1375 quo
2959 1294 3127 1356 vobis
3172 1295 3245 1356 ab
3280 1314 3351 1357 eo
3382 1298 3575 1377 major

137 1385 274 1446 hunc
302 1388 405 1466 qui
445 1405 571 1448 vos
641 1389 880 1470 afﬂigit
938 1390 1202 1453 laborem
1256 1390 1560 1470 deponite,
1613 1400 1673 1453 et
1723 1411 1833 1453 ne-
1923 1384 2055 1445 data
2113 1384 2222 1445 fuit
2282 1391 2560 1464 potestas.
2615 1383 2772 1446 Dixit
2819 1384 3129 1464 praefectus
3178 1385 3567 1448 Almachius:

137 1472 341 1536 hiscum
372 1476 859 1559 laetantes,vos
880 1479 1115 1541 deliciis
1137 1480 1832 1562 expleteetlibidinibus,
1920 1472 2070 1545 Quid
2104 1473 2163 1534 in
2197 1472 2400 1534 verbis
2430 1473 2735 1534 volvendis
2786 1472 3231 1535 immoramur?
3279 1476 3398 1537 Aut
3457 1476 3571 1538 diis

138 1573 181 1624 et
204 1584 307 1626 cur
333 1574 673 1648 tanquam
708 1570 1083 1649 insipientes
1113 1570 1261 1631 dum
1307 1570 1514 1633 labore
1564 1571 1837 1633 dissolvi-
1921 1563 2056 1624 thus
2093 1564 2322 1637 oti‘erte,
2360 1570 2418 1624 et
2447 1562 2618 1624 illaesi
2649 1562 2953 1624 recedite:
3009 1570 3113 1623 aut
3151 1563 3306 1624 male
3336 1564 3483 1626 estis
3512 1572 3571 1626 et

138 1654 280 1729 mini,
318 1665 384 1717 et
417 1668 679 1720 vestrm
712 1657 856 1720 vita;
888 1670 1160 1739 tempora
1181 1661 1239 1720 in
1266 1660 1543 1737 negotiis,
1579 1680 1714 1738 quae
1734 1680 1833 1725 vos
1916 1652 2134 1715 acerbe
2163 1651 2458 1713 morituri.
2490 1653 2680 1713 Ambo
2710 1651 3229 1731 responderuntet
3249 1652 3564 1719 dixerunt:

137 1745 411 1823 afﬂigunt,
450 1750 866 1811 consumitis
886 1748 919 1809 ?
960 1748 1098 1811 Hac
1129 1749 1419 1823 dicentes,
1452 1749 1833 1812 solvebantur
1858 1776 1895 1827 Β
1917 1743 2039 1803 Nos
2062 1760 2178 1802 non
2198 1740 2449 1822 diis,sed
2478 1743 2597 1804 Deo
2622 1741 2890 1822 quotidie
2913 1742 3229 1803 offerimus
3252 1743 3567 1806 sacriﬁcia.

139 1834 184 1893 in
211 1835 429 1909 risum,
466 1845 536 1897 et
573 1837 838 1900 dabant
866 1838 1139 1918 plausum
1164 1837 1461 1911 manibus,
1494 1858 1830 1917 magnoque
1915 1830 2073 1894 Dixit
2104 1831 2453 1911 prafectus:
2488 1830 2635 1903 Quis
2694 1842 2786 1892 est
2842 1830 3021 1911 Deus,
3085 1831 3179 1893 cui
3214 1830 3412 1894 dicitis
3465 1852 3566 1895 vos

139 1941 259 1984 sono
290 1943 399 1987 eos
432 1927 925 1989 cachinnantes
951 1928 1303 1990 irridebant.
1340 1931 1472 1989 Haec
1491 1937 1688 1989 autem
1713 1930 1831 1991 illis
1912 1930 2181 1982 vestrum
2207 1922 2429 1984 oﬂ'et're
2459 1921 2815 1984 sacriﬁcium
2840 1927 2867 1983 ?
2893 1920 3097 1983 Sancti
3125 1922 3570 2001 responderunt

140 2012 798 2094 facientibus,pluvios
812 2017 1033 2079 hiemis
1060 2036 1319 2089 menses,
1343 2016 1830 2097 tranquillissima
1914 2020 1970 2071 et
2000 2010 2276 2073 dixerunt
2303 2030 2315 2073 ε
2342 2013 2420 2074 Ει
2444 2011 2579 2092 quis
2602 2021 2691 2073 est
2712 2011 2866 2073 alius
2899 2014 3059 2074 Deus
3090 2020 3308 2092 praeter
3329 2019 3521 2093 ipsum
3540 2020 3568 2076 ’ἶ

141 2111 390 2183 tempora
422 2120 896 2184 exceperunt:
933 2116 993 2167 et
1021 2124 1164 2169 ecce
1208 2107 1597 2186 pulchrorum
1635 2117 1690 2168 et
1724 2126 1826 2168 va-
1913 2098 2030 2161 Cur
2059 2100 2134 2161 de
2168 2100 2286 2164 Deo
2319 2120 2428 2164 nos
2459 2100 2836 2181 interrogas?
2866 2100 2967 2161 Est
3006 2103 3163 2162 enim
3197 2102 3346 2163 alius
3379 2100 3559 2176 Deus,

144 2192 339 2254 rioram
374 2194 623 2256 ﬂorum
665 2195 1060 2275 fragautibus
1118 2215 1295 2258 omne
1323 2214 1512 2276 genus
1541 2197 1830 2261 Odm-ibus
1913 2196 2127 2268 praeter
2147 2209 2331 2252 unum
2362 2190 2387 2252 ?
2415 2190 2575 2252 Dixit
2611 2190 2962 2270 praefectus:
2997 2190 3185 2263 Quem
3215 2210 3399 2252 unum
3433 2211 3567 2255 esse

148 2291 288 2360 prata
316 2285 855 2360 exornabantur,
906 2294 966 2347 et
1015 2287 1225 2348 molles
1274 2285 1581 2348 boirorum
1642 2289 1830 2349 series
1913 2278 2130 2352 dicitis,
2192 2281 2322 2358 ejus
2371 2298 2590 2341 nomen
2645 2286 2910 2360 requiro.
2972 2278 3135 2341 Dixit
3163 2280 3561 2343 Valerianus:

147 2373 562 2448 producebant
611 2376 943 2455 palmites;
991 2377 1286 2437 etevario
1309 2395 1528 2456 genere
1550 2377 1827 2440 arborum
1911 2367 2017 2430 Dei
2049 2387 2269 2429 nomen
2304 2387 2423 2430 non
2454 2369 2779 2451 inveneriS,
2829 2369 3063 2431 BliamBi
3123 2369 3316 2448 possis
3364 2371 3564 2432 volare

145 2466 275 2523 rami
300 2465 640 2527 stillantes
675 2465 867 2527 melle
898 2468 1127 2527 fructus
1150 2468 1586 2546 producebant,
1621 2470 1681 2529 in
1701 2471 1790 2549 qui

1974 2458 2143 2519 annis.
2192 2459 2347 2521 Dixit
2377 2458 2735 2539 praefectus:
2792 2458 2952 2522 Jovis
3003 2476 3145 2537 ergo
3192 2477 3410 2519 nomen
3443 2478 3564 2523 non

148 2549 241 2612 bus
286 2553 873 2616 animadvertimus
922 2574 1110 2635 usque
1158 2559 1216 2616 in
1263 2558 1616 2619 hodiernum
1663 2547 1821 2622 diem
1911 2557 1996 2608 est
2028 2550 2183 2610 Deus
2209 2554 2238 2613 ?
2270 2547 2797 2611 DixitValerianus
2828 2569 2841 2608 :
2872 2550 2979 2610 Est
3008 2564 3225 2609 nomen
3252 2557 3560 2629 corrupto-

152 2642 441 2706 ihuudare
467 2645 679 2705 simul
703 2652 767 2705 ei
789 2644 1494 2724 graiiam,eifmcmm,et
1515 2648 1818 2715 decorem.
1906 2636 1988 2698 ris
2019 2648 2078 2697 et
2105 2637 2383 2711 adulteri,
2418 2657 2598 2715 quem
2636 2638 2821 2700 fuisse
2852 2638 3216 2700 occcisorem
3243 2638 3424 2699 vestri
3446 2656 3557 2701 auo

153 2731 297 2793 Tunc
324 2750 471 2793 cum
506 2734 883 2795 laetarentur
911 2734 1020 2810 illi,
1051 2736 1155 2811 qui
1179 2735 1668 2799 existimabantur
1691 2757 1822 2801 esse
1907 2736 2102 2788 οίοτθε
2134 2736 2490 2809 memora“:
2544 2738 2603 2791 θῑ
2648 2737 3052 2791 accusatorem
3097 2736 3320 2789 “05‘”?
3351 2738 3557 2791 οείθη·

152 2818 1301 2905 insipientes,cazperuntlugereii,qui
1332 2825 1823 2890 existimabantur
1903 2813 2051 2905 βαίη
2096 2815 2444 2905 Ξενίριιιτω-
2507 2816 2679 2879 Hunc
2743 2825 2804 2880 ιιι
2866 2820 3055 2880 Deum
3092 2819 3276 2877 miror
3298 2836 3556 2897 quanam

156 2917 268 2962 esse
296 2904 464 2964 cives
496 2924 513 2965 :
553 2914 619 2965 et
653 2902 761 2983 qui
784 2914 953 2965 erant
973 2902 1307 2984 gloriosiin
1337 2923 1442 2967 sua
1468 2907 1816 2987 intelligen-
1903 2903 2277 2986 impudentia
2309 2907 2656 2983 nominasti,
2683 2926 2818 2969 cum
2851 2906 3009 2969 Deus
3041 2906 3161 2968 dici
3195 2924 3313 2968 non
3347 2908 3553 2987 possit,

155 2990 243 3078 tia,
276 2993 613 3071 perierunt
648 2993 714 3054 in
746 2994 870 3055 acri
919 2994 1413 3057 ratiocinatione:
1472 3004 1530 3057 et
1580 3000 1817 3059 tandem
1902 2994 2016 3055 nisi
2051 2997 2152 3075 qui
2183 2996 2361 3057 estab
2386 2998 2550 3059 omni
2582 3005 2825 3078 peccato
2859 2997 3112 3071 alienus,
3139 2995 3240 3077 qui
3270 2999 3553 3059 estetiam

153 3077 301 3140 ducti
321 3083 731 3161 paenitentia,
751 3084 909 3145 inter
929 3102 996 3145 se
1016 3094 1454 3147 murmurantes
1478 3096 1535 3147 et
1575 3103 1876 3167 gemen-n
1905 3082 2118 3164 plenus
2148 3077 2607 3166 omnipotentis.
2640 3086 2792 3149 Dixit
2831 3086 3138 3165 praefectus
3167 3103 3178 3147 :
3216 3091 3368 3165 Ergo
3401 3096 3557 3150 errat

154 3175 231 3229 tes
258 3170 561 3235 dicebant
591 3194 607 3229 :
637 3172 734 3235 llli
767 3181 928 3247 sunt,
979 3192 1127 3254 quos
1159 3174 1481 3236 habuimus
1512 3176 1771 3238 ludibrio
1800 3200 1816 3255 ;

154 3274 351 3320 eorum
384 3261 675 3323 laborem
710 3264 996 3342 probrum
1049 3262 1571 3325 existimabamus:
1609 3285 1816 3328 eorum

156 3348 315 3411 vitam
350 3352 542 3414 nihili
575 3352 974 3431 faciebamus,
1032 3362 1311 3433 tanquam
1361 3355 1813 3432 miserabilem;

158 3455 349 3501 eorum
384 3442 652 3520 ﬁguram
672 3442 1095 3522 judicabamus
1119 3461 1248 3505 esse
1277 3443 1606 3523 indignam,
1640 3455 1697 3505 et
1719 3445 1815 3506 in-

158 3528 558 3609 telligentiam
596 3550 804 3594 eorum
844 3535 975 3594 sine
1003 3534 1255 3595 honore.
1289 3531 1336 3593 Ii
1364 3542 1561 3595 autem
1593 3535 1813 3597 inventi

160 3628 283 3679 mut
308 3621 744 3701 intelligentes
774 3640 786 3684 :
827 3632 883 3683 et
915 3640 1021 3686 nos
1050 3622 1293 3703 quidem
1320 3622 1642 3702 probamur
1674 3634 1812 3689 tunc

161 3704 329 3771 tuisse
359 3711 777 3787 miserabiles,
822 3711 1179 3792 insipientes
1223 3722 1282 3773 et
1325 3712 1512 3787 stulti,
1575 3715 1810 3794 quando

160 3814 343 3875 neque
370 3802 717 3882 nobisipsis
741 3802 1372 3883 operabamur,neque
1390 3802 1466 3865 iis
1481 3805 1581 3885 qui
1605 3824 1809 3885 opera-

163 3886 383 3966 batur,
418 3890 710 3954 dedimus
738 3892 800 3952 in
829 3909 1013 3971 opere
1053 3891 1331 3954 auxilium
1362 3909 1377 3954 :
1433 3892 1534 3973 qui
1564 3895 1807 3975 quidem

160 3993 278 4039 tum
311 3999 597 4043 essemus
627 3982 688 4042 in
719 3981 976 4056 deliciis,
1023 4000 1124 4043 eos
1180 3983 1350 4044 valde
1396 3982 1719 4060 irrisimus,
1752 3995 1811 4047 et

1900 3175 2096 3235 omnis
2127 3176 2407 3256 mundus,
2433 3187 2493 3239 et
2526 3186 2586 3238 tu
2618 3196 2754 3239 cum
2777 3185 2880 3239 tuo
2912 3177 3094 3239 fratre
3122 3178 3313 3240 Deum
3342 3194 3550 3239 verum

1902 3264 2454 3342 cognovisti?Dixit
2475 3264 2866 3330 Valerianus:
2903 3265 3366 3328 Innumerabilis
3400 3267 3553 3328 mul-

1901 3352 2089 3415 titudo
2115 3356 2553 3418 Christianismi
2579 3356 2813 3437 accepit
2836 3357 3233 3419 sanctitatem.
3264 3357 3386 3418 lmo
3416 3375 3549 3418 vero

1902 3460 2002 3504 vos
2034 3444 2204 3523 pauci
2236 3446 2401 3516 estis,
2436 3445 2536 3527 qui
2567 3446 2946 3508 remansistis
2978 3453 3255 3525 tanquam
3288 3443 3490 3507 scissa;
3516 3464 3549 3507 e

1898 3534 2202 3610 naufragio
2236 3534 2470 3609 tabulae,
2506 3536 2578 3595 ad
2615 3536 2759 3596 nihil
2807 3535 2964 3597 aliud
3000 3536 3399 3614 proﬁcientes,
3435 3534 3549 3596 nisi

1896 3630 1962 3685 ut
1991 3623 2052 3683 in
2087 3623 2221 3702 igne
2246 3624 2580 3702 jaciamini.

1974 3711 2129 3776 XIX.
2165 3712 2333 3775 Tunc
2366 3714 2548 3775 iratus
2580 3713 2922 3795 praefectus,
2972 3712 3154 3791 jussit
3206 3731 3341 3772 eum
3395 3712 3543 3774 caedi

1892 3801 2098 3879 virgis.
2160 3801 2270 3864 Ille
2319 3812 2514 3864 autem
2552 3803 2861 3866 confestim
2895 3802 3037 3863 dum
3094 3800 3539 3877 verberaretur,

1893 3890 2064 3952 laetus
2093 3894 2270 3972 coepit
2300 3892 2506 3954 dicere
2535 3915 2548 3956 :
2580 3894 2733 3955 Ecce
2768 3894 2933 3967 hora,
2969 3909 3144 3974 quam
3180 3891 3349 3953 valde
3379 3892 3541 3953 desi-

1894 3980 2203 4057 derabam,
2239 3989 2298 4043 et
2329 3999 2472 4043 ecce
2493 3982 2622 4044 dies
2651 3981 2815 4043 omni
2847 3981 2997 4043 festo
3022 3981 3167 4042 mihi
3187 3980 3541 4061 jucundior.

159 4066 312 4142 ipsos
338 4070 726 4132 credidimus
758 4088 892 4133 esse
940 4071 1313 4152 insipientes,
1367 4091 1514 4152 quos
1564 4075 1806 4153 quidem
1890 4068 2043 4131 Dum
2102 4069 2312 4132 beatus
2369 4072 2812 4145 verberaretur,
2875 4090 3067 4152 praeco
3127 4089 3336 4151 magna
3391 4088 3539 4134 voce

162 4172 305 4219 nunc
331 4160 806 4239 resplendentes
826 4160 1355 4224 animadvertimus
1378 4172 1438 4223 et
1467 4162 1802 4228 ﬂorentes7.

228 4247 436 4311 XVIII.
466 4250 561 4311 Ad
587 4251 717 4311 haec
739 4250 886 4311 dixit
903 4251 1245 4331 praefectus:
1272 4250 1357 4313 Te
1372 4252 1616 4329 quidem
1638 4254 1805 4317 video

1893 4159 2228 4222 clamabat:
2264 4160 2420 4223 Deos
2446 4171 2505 4223 et
2537 4160 2679 4222 deas
2703 4160 2823 4221 noli
2850 4160 3188 4222 maledictis
3212 4162 3534 4222 incessere.

1894 4249 1998 4311 Ille
2023 4262 2224 4312 autem
2250 4251 2320 4311 ad
2348 4252 2628 4331 populum
2650 4249 2963 4325 clamabat,
2980 4249 3211 4311 dicens:
3230 4247 3355 4311 Viri
3377 4250 3537 4312 cives

162 4352 281 4397 esse
323 4339 645 4417 sapienter
690 4340 818 4401 haec
870 4352 1245 4420 persecutum
1277 4364 1289 4400 :
1342 4343 1448 4403 sed
1493 4341 1568 4403 ad
1603 4362 1803 4406 meum
1889 4339 2320 4421 Romanorum,
2354 4339 2570 4415 videte,
2607 4358 2684 4401 ne
2714 4340 2840 4401 haec
2874 4338 3042 4419 plaga
3071 4357 3174 4399 vos
3204 4356 3236 4398 a
3291 4339 3537 4402 veritate

159 4442 504 4506 responsum
551 4447 676 4490 non
725 4430 950 4492 videris
1003 4432 1391 4511 respondere.
1452 4432 2134 4511 Valerianus_avertat,
2169 4432 2273 4493 sed
2306 4438 2455 4493 state
2475 4430 2727 4505 fortiter,
2763 4439 2822 4491 et
2851 4430 2994 4490 deos
3045 4428 3310 4509 lapideos
3342 4437 3399 4490 et
3453 4430 3533 4491 li-

160 4499 330 4577 dixit:
362 4517 589 4580 Dixisti
618 4536 731 4580 nos
758 4536 893 4580 esse
921 4499 1132 4581 stultos
1183 4530 1242 4581 et
1292 4520 1668 4603 insipientes,
1702 4524 1804 4604 qui
1825 4499 2095 4602 l)gneos,
2120 4499 2276 4602 quos
2298 4519 2437 4582 colit
2460 4499 2807 4585 Almachius
2835 4499 3169 4600 praefectus,
3201 4518 3262 4579 in
3305 4521 3530 4581 calcem

158 4603 458 4670 bonitate:
476 4617 717 4670 nostras
738 4609 948 4671 damus
973 4609 1306 4691 egentibus,
1334 4612 1665 4692 proselytos
1695 4603 1799 4675 ex-
1885 4614 2233 4674 convertite.
2271 4609 2415 4672 Nam
2448 4627 2681 4683 omnes,
2716 4609 2819 4690 qui
2850 4628 2952 4671 eos
2984 4608 3209 4683 colunt,
3269 4610 3530 4672 eruntin

158 4694 635 4778 cipimus,viduis
654 4699 1107 4780 suppeditamus
1126 4719 1260 4781 quae
1279 4713 1420 4762 sunt
1442 4703 1796 4781 nesessaria,
1884 4701 2205 4763 afflictione
2226 4707 2285 4762 et
2304 4699 2597 4781 supplicio
2620 4708 2867 4761 aeterno.
2893 4697 3060 4762 Tunc
3083 4698 3190 4776 qui
3220 4718 3352 4760 cum
3385 4717 3530 4782 prie-

156 4787 437 4865 orphanis
466 4788 880 4861 subvenimus,
909 4806 1160 4870 corpora
1197 4791 1495 4872 insepulta
1523 4794 1794 4871 tegimus,
1882 4791 2035 4854 fecto
2063 4790 2412 4853 considebat
2440 4789 2820 4871 Tarquinius,
2857 4791 2958 4870 qui
2985 4789 3162 4852 etiam
3214 4788 3407 4849 dictus
3437 4798 3529 4851 est

156 4880 213 4937 et
233 4893 371 4940 cum
394 4880 663 4940 maxime
690 4882 922 4941 honore
945 4879 1322 4943 celebramus
1345 4891 1668 4962 martyrum
1698 4885 1801 4948 de-
1880 4882 2119 4957 Laccas,
2153 4881 2427 4963 praefecto
2458 4880 2605 4942 dicit
2642 4879 2701 4940 in
2733 4888 2968 4941 secreto
2996 4900 3008 4940 :
3044 4878 3326 4939 Invenisti
3356 4896 3528 4939 occa-

158 4966 498 5043 poeitiones.
533 4967 657 5030 Nos
680 4979 878 5033 autem
906 4969 1263 5050 insipientes
1288 4972 1572 5051 judicasti
1595 4982 1654 5034 et
1684 4975 1797 5036 de-
1878 4971 2135 5051 sionem,
2195 4971 2434 5031 domine
2491 4969 2596 5043 mi,
2653 4967 2794 5031 tolle
2851 4986 2955 5029 eos
3005 4966 3445 5048 quamprimum
3490 4986 3526 5029 a

157 5055 412 5132 ﬂantes,
450 5057 558 5139 qui
586 5076 724 5120 cum
759 5059 834 5122 iis
861 5061 963 5141 qui
992 5061 1292 5135 laetantur,
1325 5080 1449 5124 non
1497 5063 1790 5143 laetamur,

158 5162 253 5233 nec
271 5147 335 5210 in
353 5149 902 5225 deliciisvivimus;
927 5170 1040 5213 nec
1062 5161 1295 5215 nostras
1316 5154 1625 5233 explemus
1644 5154 1788 5217 libi-

158 5231 331 5318 dines,
355 5255 479 5301 nec
497 5237 879 5302 illiberaliter
898 5258 1105 5303 sumus
1125 5241 1363 5304 lascivis
1386 5231 1445 5304 et
1465 5244 1787 5326 impudicis

160 5326 350 5413 gentis,
385 5328 787 5391 ostendentes
813 5348 922 5393 nos
951 5349 1088 5394 esse
1125 5331 1352 5395 liberos
1380 5341 1439 5394 et
1464 5333 1783 5413 ingenuos.

162 5396 351 5471 Vatini
364 5417 760 5492 tempus,quo
777 5413 1142 5495 accipiemus
1154 5413 1320 5477 mille
1337 5396 1787 5498 cuplosfructus

224 5571 249 5623 ⁷
272 5572 409 5657 Sep.
446 5589 507 5657 v,
542 5580 571 5637 t
608 5590 779 5656 seqq.
864 5577 898 5628 8
922 5575 1082 5643 Psal.
1109 5593 1283 5657 cxxv,
1316 5580 1375 5644 ὅ.

1878 5069 2059 5122 terra.
2090 5058 2236 5121 Nam
2257 5059 2308 5120 si
2330 5058 2679 5131 tardaveris,
2714 5067 2773 5118 et
2802 5056 2878 5118 de
2911 5056 3009 5117 die
3041 5056 3101 5116 in
3133 5055 3290 5117 diem
3320 5063 3521 5119 traxe-

1876 5151 1983 5227 ris,
2014 5167 2222 5211 omnes
2246 5167 2384 5209 suas
2413 5148 2721 5208 facultates
2743 5145 3103 5207 distribuerit
3128 5145 3516 5225 pauperibus,

1870 5248 1928 5301 et
1955 5245 2044 5302 eis
2076 5237 2365 5319 supplicio
2396 5235 2644 5311 affectis,
2677 5247 2743 5296 tu
2792 5234 2941 5298 nihil
2999 5233 3288 5297 invenies.
3352 5234 3519 5299 Tunc

1869 5328 2206 5410 praefectus,
2237 5346 2372 5389 cum
2404 5327 2457 5388 ei
2491 5324 2810 5407 placuisset
2839 5325 3007 5388 illius
3034 5324 3514 5405 consilium,jus-

1866 5424 1943 5481 sit
1970 5417 2307 5499 lictoribus,
2338 5424 2401 5479 ut
2428 5433 2535 5479 eos
2563 5414 2956 5495 abducerent,
3022 5415 3128 5478 ubi
3180 5423 3306 5479 erat
3354 5416 3518 5480 lovis
