3918 6138
396 295 518 360 ’175

1696 290 1858 358 ΜΕΝ
1864 293 1975 356 SlS
2019 292 2460 359 NOVEMBER.

3656 288 3779 354 176

386 440 604 506 statua,
666 438 728 495 et
776 428 957 511 jussit
1013 435 1096 506 ut,
1157 429 1271 490 nisi
1321 428 1498 491 ambo
1550 426 1766 491 vellent
1793 428 2100 509 imaginiA
2125 428 2573 510 proﬁciscimini
2602 429 2678 493 ad
2739 445 3027 491 coronam
3051 425 3322 508 justitiaa,
3361 442 3535 504 quam
3564 423 3786 487 reddet

393 521 557 586 Jovis
616 520 976 595 sacriﬁcare,
1012 518 1190 581 simul
1241 517 1513 580 subirent
1550 517 1909 599 supplicium
1941 537 2042 581 ca-

391 613 552 692 pitis.
586 612 754 673 Tunc
786 608 1111 671 venerandi
1142 615 1205 670 et
1234 606 1478 686 gloriosi
1509 605 1731 671 Christi
1766 615 2049 689 martyres

387 700 748 764 Valerianus
778 709 838 761 et
866 698 1169 761 Tiburtius
1213 696 1455 761 abducti
1505 704 1646 759 sunt
1700 714 1732 758 a
1789 697 2045 759 Maximo

391 791 666 873 praefecti
699 789 1065 853 cubiculario
1096 788 1157 849 in
1191 788 1412 868 locum,
1440 786 1543 868 qui
1572 784 1794 848 dicitur
1828 789 2047 867 Pagus.

394 881 510 955 Qui
545 881 785 961 quidem
810 879 1105 943 Maximus
1134 883 1315 957 ccepit
1339 894 1442 939 eos
1467 876 1782 953 deﬂere,et
1802 876 2042 941 dicere:

390 970 440 1033 Ο
475 970 733 1051 pretiosa
754 976 815 1029 et
837 969 1059 1030 ﬂorens
1076 967 1359 1048 juventus
1384 966 1396 1029 !
1423 966 1471 1030 Ο
1494 966 1792 1029 vinculum
1818 986 2051 1047 magna;

391 1057 782 1120 fraternitatis
808 1057 821 1116 l
850 1054 896 1119 Ο
929 1073 1035 1136 par
1058 1054 1530 1137 pulcherrimum
1561 1060 1619 1115 et
1648 1070 2001 1132 generosum
2030 1052 2045 1112 ι

390 1148 509 1212 Cur
541 1165 640 1208 vos
672 1148 732 1207 in
763 1146 983 1208 malum
1021 1153 1079 1206 et
1139 1144 1390 1225 impium
1422 1143 1602 1205 ﬁnem
1650 1145 1916 1206 volentes
1950 1162 2049 1206 vos

390 1238 553 1315 ipsos
584 1237 905 1318 projicere,
941 1244 1000 1297 et
1028 1234 1105 1296 ad
1141 1234 1469 1296 maximum
1506 1232 1750 1296 tendere
1775 1234 2043 1311 exitium,

390 1326 472 1388 ita
497 1327 792 1389 festinatis
824 1333 1102 1406 tanquam
1134 1324 1238 1405 qui
1270 1323 1343 1385 ad
1375 1323 1663 1401 laetitiam,
1724 1333 1784 1386 et
1816 1329 2046 1404 magni-

394 1416 567 1478 ﬁcam
603 1424 665 1477 et
693 1416 911 1477 lautam
935 1431 1164 1476 cuinam
1194 1413 1536 1477 vocemini‘!
1566 1412 1735 1476 Tunc
1765 1412 1911 1476 dixit
1940 1413 2045 1476 Ti-

396 1504 674 1567 burtius:
709 1503 828 1565 Nos
859 1504 907 1565 si
940 1523 1059 1565 non
1095 1521 1234 1566 vere
1264 1502 1688 1567 didicissemus
1708 1504 1881 1567 aliam
1919 1522 2050 1567 esse

394 1595 573 1655 vitam
606 1603 914 1667 aeternam,
951 1612 1084 1675 quae
1113 1595 1291 1658 vitam
1355 1600 1707 1675 praesentem
1757 1595 2049 1675 sequitur,

396 1703 519 1746 non
538 1684 937 1764 gauderemus
961 1703 1090 1747 eam
1114 1684 1571 1747 amittere.Dicit
1601 1684 1690 1744 eis
1720 1684 2047 1748 Maximus:

2129 517 2299 580 vobis
2317 519 2518 599 justus
2547 518 2774 582 Judex:
2811 536 2929 581 non
2960 517 3156 579 solum
3202 523 3401 579 autem
3446 513 3632 589 vobis,
3664 512 3783 576 sed

2131 608 2311 671 etiam
2371 607 2670 686 omnibus,
2732 607 2833 689 qui
2886 606 3144 686 diligunt
3191 606 3508 668 adventum
3541 602 3781 685 ejus“).

2134 699 2321 760 Locus
2351 706 2572 773 autem,
2608 698 2709 780 qui
2741 697 2961 760 dicitur
2988 695 3201 776 Pagus,
3236 703 3362 758 erat
3394 693 3539 757 situs
3567 700 3785 773 quarto

2132 786 2331 867 lapide
2362 786 2435 849 ab
2467 787 2615 850 urbe
2645 789 2857 868 Roma,
2888 786 2962 849 ad
2990 804 3168 868 quem
3190 793 3318 849 erat
3349 783 3786 848 transeundum

2134 895 2320 958 prope
2351 883 2578 958 portam
2617 877 2919 957 templi,ut
2943 882 3284 957 quicunque
3308 874 3449 939 illac
3472 872 3785 945 transibat,

2134 966 2250 1028 nisi
2278 967 2435 1030 lovis
2468 967 2787 1030 simulacro
2820 967 2955 1029 thus
2986 964 3594 1049 oﬂ‘erret,puniretur.
3631 963 3787 1026 Cum

2133 1056 2194 1118 in
2227 1075 2363 1119 eum
2396 1065 2595 1121 autem
2629 1059 2826 1121 locum
2853 1057 3156 1120 venissent
3179 1056 3369 1118 sancti
3396 1052 3710 1117 Tiburtius
3733 1061 3795 1114 et

2133 1147 2507 1224 Valerianus,
2546 1148 2869 1229 pretiosum
2916 1148 3055 1208 thus
3102 1144 3614 1219 obtulerunt,Deo
3645 1143 3791 1205 offe-

2130 1246 2331 1298 rentes
2388 1254 2529 1298 suos
2586 1243 3001 1299 accusatores:
3052 1245 3111 1299 et
3161 1235 3248 1296 sic
3291 1236 3458 1296 ﬂexis
3500 1232 3784 1311 genibus,

2131 1325 2297 1387 fuere
2328 1325 2464 1387 caesi
2497 1326 2716 1405 gladio,
2745 1333 2805 1387 et
2827 1324 3051 1387 amisso
3081 1325 3192 1386 hoc
3214 1324 3436 1387 caduco
3460 1331 3517 1385 et
3538 1322 3789 1385 mortali

2133 1432 2409 1495 corpore,
2443 1429 2725 1477 aeternam
2759 1424 2820 1477 et
2849 1432 2981 1495 quae
3010 1433 3129 1476 non
3156 1421 3352 1496 potest
3382 1429 3785 1488 marcescere,

2140 1503 2406 1584 martyrii
2440 1522 2727 1566 coronam
2758 1520 3070 1584 accepere.

2216 1591 2375 1656 XXI.
2397 1594 2565 1656 Tunc
2593 1592 2879 1655 Maximus
2896 1592 3108 1672 jurans
3130 1590 3368 1654 dicebat
3395 1613 3407 1655 :
3440 1590 3575 1654 Vidi
3595 1608 3793 1670 ange-

2134 1683 2227 1746 los
2253 1682 2362 1745 Dei
2391 1691 2673 1764 tanquam
2699 1683 2887 1745 solem
2914 1682 3474 1764 resplendentes,ea
3496 1681 3648 1744 hora
3678 1700 3801 1762 qua

400 1774 475 1867 _Et
528 1782 1033 1867 quaenampotest
1065 1793 1196 1838 esse
1229 1774 1344 1867 alia
1396 1774 1561 1836 vita?
1589 1771 1920 1867 Respondit
1949 1775 2050 1867 '_I‘i-
2076 1814 2115 1867 Β
2137 1773 2331 1853 gladio
2364 1781 2502 1867 sunt
2532 1772 2824 1854 percussi.
2870 1779 2931 1833 ct
2960 1781 3245 1867 exeuntes
3302 1790 3507 1867 eorum
3558 1771 3797 1867 animas

399 1864 651 1946 burtius,
687 1873 747 1927 et
775 1865 960 1928 dixit:
999 1864 1318 1946 Quomodo
1336 1882 1556 1946 corpus
1585 1863 2054 1946 induiturindu-
2077 1860 2112 1867 ”
2140 1881 2173 1925 e
2203 1863 2581 1945 corporibus,
2619 1876 2897 1944 tanquam
2931 1861 3193 1942 virgines
3225 1880 3257 1924 e
3305 1862 3583 1925 thalamo.
3630 1860 3797 1935 Quas

401 1944 645 2020 mentis,
680 1952 760 2007 ita
789 1947 969 2007 etiam
1004 1947 1202 2008 anima
1225 1945 1495 2007 induitur
1516 1961 1789 2026 corpore.
1820 1944 1891 2007 Et
1912 1965 2051 2009 cor-

398 2054 512 2118 pus
544 2035 786 2116 quidem
819 2044 1104 2115 tanquam
1158 2053 1367 2097 semen
1416 2042 1724 2114 terrestre,
1772 2053 1877 2115 per
1911 2036 2050 2097 libi-

402 2127 601 2190 dinem
627 2129 690 2190 in
714 2137 1009 2192 terrenam
1036 2128 1348 2191 matricem
1374 2128 1757 2193 immittitur:
1786 2130 2050 2210 genitum

399 2229 595 2282 autem
624 2227 684 2282 et
711 2221 1021 2295 nutritum,
1047 2228 1107 2281 et
1133 2219 1365 2300 lapsum
1394 2221 1455 2281 in
1482 2222 1696 2284 mortis
1720 2222 2048 2303 interitum,

403 2318 463 2373 et
491 2309 552 2371 in
585 2311 886 2390 pulverem
919 2326 1297 2384 conversum,
1345 2318 1624 2392 tanquam
1684 2312 1923 2394 phmnix
1954 2312 2049 2374 fu-

403 2400 728 2463 turaalucis
754 2399 956 2480 specie
1002 2399 1376 2463 excitabitur.
1440 2402 1658 2466 Anima
1713 2422 1851 2466 vero
1897 2409 1947 2464 si
1978 2403 2054 2465 sit

403 2497 626 2567 sancta,
663 2490 891 2552 feretur
920 2489 981 2550 in
1014 2489 1276 2570 paradisi
1329 2490 1595 2572 delicias,
1647 2500 1711 2554 ut
1738 2494 1959 2554 ﬂorens
1990 2493 2052 2554 in

402 2579 654 2660 deliciis,
716 2588 1025 2661 exspectet
1082 2589 1320 2659 tempus
1388 2600 1511 2642 suae
1567 2583 2048 2646 resurrectionis.

401 2668 557 2731 Dicit
584 2669 671 2731 eis
695 2670 991 2731 Maximus
1009 2690 1022 2728 :
1042 2668 1152 2729 Vel
1165 2668 1279 2730 lem
1308 2688 1417 2749 ego
1443 2689 1680 2751 quoque
1700 2673 1852 2734 banc
1875 2672 2050 2735 vitam

406 2776 721 2839 respuere,
752 2758 803 2820 si
835 2758 910 2819 de
941 2758 1017 2819 iis
1047 2776 1181 2839 qua;
1210 2758 1361 2820 dicis
1393 2778 1629 2839 possem
1651 2762 1781 2825 ﬁeri
1805 2763 2046 2826 certior.

406 2847 561 2909 Dicit
589 2848 646 2910 ei
675 2845 1026 2910 Valerianus
1060 2869 1072 2911 :
1106 2846 1399 2921 Quoniam
1434 2849 1587 2914 dicis
1632 2852 1736 2914 tibi
1767 2853 1917 2916 nihil
1949 2872 2054 2916 su-

407 2955 676 3019 pcresse,
712 2937 829 2999 nisi
862 2946 925 2998 ut
956 2936 1174 3018 probes
1208 2956 1344 3000 vera
1369 2957 1525 3021 esse,
1580 2961 1711 3023 quae
1746 2942 1852 3007 tibi
1899 2944 2056 3007 dixi-

404 3045 573 3088 mus:
609 3045 679 3088 ea
712 3027 882 3105 hora,
915 3045 1030 3107 qua
1057 3025 1232 3089 faciet
1292 3029 1581 3092 Dominus
1629 3051 1736 3095 nos
1787 3034 2057 3113 corporis

406 3116 668 3179 tunicam
698 3134 915 3180 exuero
945 3118 1006 3178 in
1056 3116 1314 3196 gloriosa
1358 3120 1619 3183 nominis
1649 3121 1784 3201 ejus
1815 3125 2055 3185 confes-

404 3207 597 3287 sione,
631 3213 859 3288 aperiet
885 3206 1169 3269 dominus
1219 3208 1425 3272 oculos
1478 3219 1631 3287 tuos,
1666 3220 1728 3274 et
1780 3212 1957 3275 faciet
2004 3221 2059 3275 te

406 3296 702 3379 aspicere,
735 3316 872 3359 cum
908 3305 1130 3374 quanta
1159 3298 1346 3377 gloria
1376 3298 1480 3363 illa
1510 3301 1630 3364 vita
1678 3302 1974 3381 redditur,
2008 3306 2056 3364 si

408 3396 607 3449 tamen
666 3389 975 3469 promittas
1032 3386 1227 3463 nobis,
1302 3389 1461 3469 quod
1521 3410 1591 3453 ex
1665 3400 1786 3454 toto
1857 3393 2057 3456 animo

404 3476 610 3539 venies
639 3478 711 3539 ad
748 3476 828 3538 tui
861 3477 1085 3539 erroris
1116 3476 1550 3557 paenitentiam.

486 3564 790 3630 XX.Tunc
804 3567 1097 3630 Maximus
1110 3568 1494 3631 anathemate
1514 3570 1599 3632 sei
1608 3573 2052 3652 psumdevovit,

406 3655 614 3718 dicens
644 3678 656 3714 :
687 3657 974 3719 Flammis
1003 3657 1156 3736 ignis
1181 3675 1524 3735 consumar,
1551 3661 1664 3723 nisi
1685 3660 1758 3724 ab
1784 3662 1890 3726 hac
1913 3664 2058 3726 hora

404 3745 571 3807 illum
602 3748 797 3809 solum
829 3746 1019 3809 Deum
1053 3747 1417 3823 conﬁtebor,
1452 3756 1553 3830 qui
1586 3751 1749 3833 facit,
1809 3762 1873 3815 ut
1927 3765 2057 3835 post

406 3835 559 3897 hanc
577 3834 752 3897 vitam
778 3836 894 3897 alia
919 3836 1035 3898 vita
1063 3846 1370 3919 sequatur,
1407 3840 1520 3902 hoc
1554 3841 1702 3903 mihi
1731 3834 1935 3905 solum
1954 3863 2056 3906 vos

404 3924 720 3999 ostendite,
784 3925 946 4002 quod
1005 3932 1149 3988 estis
1208 3927 1482 4007 polliciti.
1519 3928 1590 3992 Ei
1631 3931 1839 3993 dicunt
1869 3933 2058 3999 sancti

406 4022 696 4093 martyres
718 4012 1029 4077 Tiburtius
1056 4025 1115 4078 et
1138 4014 1522 4080 Valerianus:
1547 4022 1701 4083 Jube
1719 4020 2053 4103 lictoribus,

405 4111 471 4194 ut
500 4120 608 4163 nos
643 4108 705 4194 in
735 4103 981 4167 domum
1017 4114 1177 4168 tuam
1209 4105 1532 4185 abducant,
1564 4118 1621 4171 et
1651 4110 1959 4194 faciemus,
1994 4120 2058 4175 ut

406 4191 549 4254 illuc
606 4193 679 4255 ad
746 4202 803 4256 te
861 4196 1056 4258 veniat
1109 4197 1477 4278 puriﬁcator,
1538 4199 1642 4279 qui
1692 4201 1802 4262 hac
1853 4191 2051 4281 nocte,

408 4290 723 4363 postquam
754 4284 942 4347 fueris
975 4285 1345 4366 puriﬁcatus,
1383 4287 1560 4350 faciet
1588 4297 1652 4352 ut
1714 4290 1914 4354 videas
1968 4293 2054 4370 id,

407 4372 564 4463 quod
599 4372 707 4463 tibi
738 4376 1145 4454 promisimus.
1178 4374 1323 4438 Cum
1359 4385 1557 4439 autem
1604 4380 1896 4444 Maximus
1921 4383 2057 4463 jus-

2137 1972 2274 2016 cum
2304 1953 2464 2014 ulnis
2516 1953 2891 2033 excepissent
2947 1953 3165 2031 angeli,
3225 1954 3635 2034 strepentibus
3681 1951 3795 2015 alis

2138 2041 2485 2105 ferebantur
2516 2042 2576 2104 in
2608 2043 2848 2104 caelum.
2884 2041 3021 2104 Haec
3049 2042 3301 2105 Maximo
3346 2050 3631 2106 narrante
3650 2060 3794 2105 cum

2136 2131 2437 2212 lacrymis,
2474 2132 2642 2192 multi
2676 2130 3061 2194 crediderunt
3088 2134 3146 2194 in
3178 2131 3495 2195 Dominum
3514 2141 3791 2195 nostrum

2136 2223 2338 2286 Jesum
2360 2221 2686 2296 Christum,
2716 2232 2772 2283 et
2794 2222 3073 2284 conversi
3095 2221 3168 2284 ab
3193 2240 3397 2285 errore
3426 2222 3791 2286 simulacro-

2135 2329 2293 2389 rum,
2331 2312 2560 2391 seipsos
2591 2311 2965 2374 tradiderunt
2998 2318 3203 2373 sancto
3235 2311 3463 2375 Vibano
3494 2330 3605 2374 suo
3659 2331 3790 2375 ma-

2136 2404 2349 2481 gistro.
2369 2402 2516 2465 Cum
2541 2408 2737 2462 autem
2752 2402 2825 2463 ad
2851 2400 3222 2463 Almachium
3247 2401 3413 2463 urbis
3437 2401 3790 2483 przefectum

2136 2491 2398 2555 venisset
2429 2491 2608 2569 fama,
2647 2490 2809 2569 quod
2863 2492 3149 2554 Maximus
3200 2491 3603 2555 cubicularius
3652 2510 3789 2556 cum

2136 2580 2418 2643 omnibus
2448 2581 2575 2642 suis
2605 2580 2792 2643 factus
2825 2589 2984 2643 esset
3012 2581 3411 2658 Christianus,
3439 2582 3619 2661 jussit
3652 2599 3792 2645 eum

2139 2671 2345 2736 tandiu
2375 2671 2679 2734 verberari
2709 2671 2899 2749 globis
2932 2670 3254 2751 plumbeis,
3289 2671 3481 2734 donec
3510 2672 3791 2752 spiritum

2138 2762 2458 2825 emitteret.
2510 2760 2695 2834 Quem
2748 2768 2953 2823 sancta
3004 2760 3219 2825 Christi
3281 2770 3505 2844 martyr
3557 2761 3797 2826 Caecilia

2142 2870 2277 2915 cum
2312 2852 2616 2933 posuisset
2645 2848 2913 2931 proxime
2941 2860 3181 2916 sanctos
3207 2851 3315 2915 Dei
3365 2859 3663 2934 martyres
3690 2852 3791 2913 Ti-

2142 2941 2406 3003 burtium
2429 2948 2488 3004 et
2512 2939 2925 3015 Valerianum,
2956 2938 3238 3021 deposuit
3265 2942 3327 3004 in
3351 2960 3513 3020 arca,
3533 2951 3593 3004 et
3614 2942 3797 3022 jussit

2141 3038 2206 3092 ut
2234 3030 2296 3092 in
2325 3048 2465 3093 arca
2497 3029 2627 3109 ejus
2655 3028 3095 3110 insculperetur
3142 3030 3406 3111 phoenix,
3457 3030 3533 3092 ad
3581 3041 3795 3094 osten-

2143 3120 2403 3183 dendam
2433 3121 2569 3200 ejus
2592 3118 2794 3195 ﬁdem,
2823 3117 2920 3197 qui
2946 3137 3010 3183 se
3035 3119 3417 3189 inventurum
3440 3138 3576 3184 esse
3599 3138 3798 3183 resur-

2142 3209 2480 3273 rectionem
2506 3208 2798 3290 phmnicis
2819 3208 3093 3289 exemplo
3128 3208 3478 3273 admiserat.
3510 3208 3697 3275 Facta
3714 3219 3801 3273 est

2143 3307 2341 3363 autem
2378 3306 2514 3379 post
2537 3300 2662 3361 haec
2682 3295 3015 3376 inquisitio.
3051 3297 3243 3380 Coepit
3265 3300 3425 3362 enim
3445 3299 3799 3364 Almachius

2143 3392 2460 3473 praefectus
2494 3388 2807 3453 amborum
2839 3388 3087 3451 fratrum
3143 3408 3413 3471 quaerere
3462 3388 3795 3465 facultates,

2144 3488 2389 3562 propter
2419 3499 2564 3562 quas
2598 3479 2829 3542 volebat
2861 3480 3039 3541 etiam
3074 3498 3347 3558 quaerere
3376 3488 3647 3545 sanctam
3672 3482 3792 3545 Ca-

2143 3570 2363 3647 ciliam,
2403 3578 2469 3634 ut
2501 3567 2797 3633 Valeriani
2826 3569 3170 3649 conjugem,
3202 3580 3265 3634 et
3282 3571 3461 3651 jussit
3482 3588 3615 3632 eam
3632 3567 3793 3652 apud

2141 3678 2207 3724 se
2236 3660 2389 3725 sisti.
2424 3659 2566 3733 Quae
2595 3661 2836 3742 quidem
2893 3669 3204 3739 postquam
3254 3662 3476 3741 omnia,
3526 3679 3663 3742 qua)
3691 3679 3793 3723 su-

2141 3752 2484 3831 perfuerant
2514 3770 2589 3815 ex
2623 3767 2832 3814 eorum
2862 3748 3265 3828 facultatibus,
3310 3752 3571 3815 ﬁdeliter
3597 3748 3794 3815 distri-

2142 3840 2368 3905 buisset
2396 3840 2784 3923 pauperibus,
2816 3842 2995 3919 ccepit
3026 3840 3126 3907 ille
3182 3858 3420 3921 urgere,
3456 3848 3517 3903 ut
3559 3858 3632 3903 ea
3662 3841 3797 3903 thus

2142 3931 2405 3995 offerret.
2443 3933 2608 3997 Tunc
2638 3931 2785 3994 dixit
2818 3931 3135 4013 ministris,
3173 3933 3271 4013 qui
3301 3949 3432 3995 eam
3476 3929 3793 4012 urgebant,

2140 4031 2207 4085 ut
2234 4023 2348 4085 hoc
2378 4024 2641 4087 faceret:

2222 4110 2401 4176 XXII.
2471 4112 2689 4176 Audite
2749 4133 2868 4193 me,
2920 4116 3083 4179 cives
3128 4121 3187 4178 et
3215 4113 3469 4177 fratres:
3507 4110 3627 4175 Vos
3655 4109 3799 4175 estis

2148 4203 2403 4266 ministri
2466 4205 2648 4268 vestri
2702 4206 2997 4287 praesidis,
3052 4215 3113 4269 et
3153 4204 3386 4268 videtur
3414 4201 3607 4283 vobis,
3642 4200 3799 4284 quod

2146 4292 2505 4358 desideratis
2533 4314 2666 4359 esse
2696 4298 2879 4361 alieni
2899 4296 2972 4358 ab
3003 4296 3134 4378 ejus
3166 4294 3495 4376 impietate.
3524 4291 3672 4356 Mihi
3691 4310 3799 4361 au-

2144 4392 2268 4446 tem
2302 4392 2393 4447 est
2422 4384 2751 4464 gloriosum
2785 4394 2842 4448 et
2872 4384 3042 4447 valde
3071 4382 3563 4459 desideraudum,
3596 4381 3799 4443 omnia

405 4461 582 4574 sisset
615 4462 945 4574 lictoribus,
973 4463 1493 4574 abduxerunt'eos
1523 4467 1585 4530 in
1616 4469 1861 4533 domum
1897 4461 2053 4554 ejus.
2081 4474 2267 4574 Dpati
2296 4461 2494 4553 gravia
2528 4494 2635 4557 pro
2667 4475 2890 4574 Christi
2917 4474 3315 4574 confessione.
3340 4470 3487 4574 Nam
3515 4489 3659 4572 cum
3681 4470 3797 4574 hac

405 4549 671 4622 Quorum
704 4553 1133 4633 praedicatione
1156 4555 1286 4636 ipse
1317 4556 1609 4621 Maximus
1633 4578 1769 4623 cum
1804 4549 2059 4629 totavsua

402 4644 630 4706 familia
651 4655 709 4707 et
736 4648 881 4727 ipsis
913 4647 1224 4712 lictoribus
1247 4652 1638 4718 crediderunt
1661 4654 1720 4717 in
1743 4659 2058 4722 Dominum

405 4742 676 4796 nostrum
710 4734 913 4799 Jesum
952 4737 1274 4804 Christum.
1338 4745 1502 4806 Tunc
1557 4756 1768 4809 sancta
1828 4746 2063 4812 Caecilia

403 4824 566 4884 venit
590 4824 663 4885 ad
695 4824 862 4905 ipsos
895 4838 1074 4892 noctu
1103 4849 1240 4892 cum
1269 4834 1712 4908 sacerdotibus,
1745 4845 1802 4897 et
1826 4838 2069 4909 fuerunt

403 4932 616 5009 omnes
644 4913 922 5009 baptizati
955 4921 1010 4981 in
1044 4920 1286 4983 nomine
1332 4921 1527 4987 Patris
1556 4934 1616 4989 et
1657 4925 1795 4988 Filii
1848 4936 1907 4989 et
1936 4927 2067 5009 Spi-

407 5003 563 5099 litus
603 5005 1019 5099 sancti._C_u_m
1078 5020 1277 5074 autem
1342 5014 1620 5077 exoriens
1680 5003 2059 5099 matutinum,

402 5094 566 5155 nocti
601 5094 781 5156 tinem
818 5095 1105 5174 dedisset,
1142 5120 1355 5181 magno
1408 5104 1651 5166 silentio
1703 5106 1883 5182 facto,
1920 5094 2067 5171 dixit

400 5190 609 5278 sancta
632 5184 895 5278 Caecilia
922 5207 962 5278 :7,
1002 5190 1206 5251 Estote
1234 5191 1369 5254 forti
1431 5203 1490 5255 et
1523 5214 1734 5275 magno
1764 5199 1990 5278 animo,
2025 5220 2061 5262 ο

395 5272 505 5361 Dei
532 5272 763 5361 milites
800 5294 817 5350 ;
844 5275 1088 5356 abjicite
1121 5299 1305 5361 opera
1331 5272 1737 5361 tenebrarum,
1764 5298 1823 5351 et
1851 5272 2058 5352 indui-

396 5360 545 5423 mini
571 5379 736 5425 arma
766 5364 990 5459 locis}.
1015 5366 1343 5459 ljulchrum
1372 5381 1676 5459 certamen
1698 5380 2052 5459 certavistis,

396 5458 637 5511 cursum
662 5448 996 5530 peregistis,
1016 5448 1198 5513 ﬁdem
1226 5455 1710 5522 conservavistis.
1729 5457 1816 5523 De
1836 5448 2054 5525 calere

470 5603 503 5654 9
532 5603 706 5670 Rom.
739 5623 866 5685 xm,
897 5609 992 5673 t2.
1083 5610 1141 5663 i0
1176 5609 1226 5676 Il
1260 5610 1414 5674 Tim.
1467 5632 1544 5693 ιν,
1593 5619 1646 5679 7.

2146 4563 2262 4625 vita
2291 4556 2593 4646 nunquam
2622 4566 2804 4628 statui
2834 4565 3016 4627 ullam
3054 4564 3277 4627 habere
3305 4562 3657 4627 amicitiam.
3679 4556 3795 4625 Sed

2148 4671 2225 4715 ne
2254 4652 2383 4715 sitis
2414 4654 2490 4718 de
2520 4664 2723 4719 nostra
2753 4655 2996 4718 solliciti
3018 4655 3360 4735 juventute,
3391 4670 3568 4733 quam
3600 4651 3795 4713 omnis

2150 4759 2306 4805 curae
2336 4745 2479 4807 estis
2521 4757 2829 4827 expertem
2861 4744 3180 4807 reddituri.
3212 4742 3409 4806 Facite
3438 4760 3607 4822 ergo,
3640 4738 3797 4821 quod

2154 4829 2227 4893 ab
2261 4834 2466 4911 iniquo
2500 4835 2762 4915 praeside
2788 4842 2876 4899 est
2907 4833 3078 4897 vobis
3106 4839 3491 4914 imperatum.
3525 4829 3699 4895 Tunc
3714 4828 3800 4892 illi

2155 4937 2470 5008 cceperunt
2497 4930 2817 4993 lamentari
2849 4936 2909 4991 et
2936 4928 3225 5010 conqueri
3254 4926 3567 5009 quod‘tam
3613 4924 3801 4989 electa

2157 5016 2446 5100 puella,et
2469 5027 2587 5082 tam
2610 5020 2959 5099 intelligens
2984 5027 3043 5081 et
3071 5017 3316 5096 nobilis,
3345 5022 3590 5097 cuperet
3610 5015 3798 5079 inter-

2152 5105 2253 5168 fici
2281 5128 2295 5169 :
2323 5119 2382 5169 et
2402 5128 2539 5171 eam
2562 5109 2880 5192 rogabant,
2908 5109 3199 5183 dicentes,
3223 5126 3299 5171 ne
3322 5107 3499 5171 talem
3522 5106 3799 5192 decorem

2154 5196 2474 5275 amitteret,
2512 5219 2710 5281 neque
2740 5201 2922 5264 talem
2980 5199 3246 5281 speciem
3295 5204 3681 5261 converteret
3732 5191 3801 5257 ad

2150 5296 2429 5351 mortem.
2465 5288 2689 5362 Quibus
2720 5289 3008 5353 ﬂentibus
3063 5298 3123 5352 et
3176 5287 3388 5351 dolore
3449 5288 3671 5353 vexatis
3718 5288 3800 5348 sic

2145 5387 2350 5441 sancta
2379 5380 2694 5462 respondit
2722 5381 2963 5446 Caecilia
2991 5402 3004 5445 :
3045 5381 3193 5455 Hoc,
3227 5398 3262 5442 ο
3292 5378 3527 5454 fratres,
3563 5395 3691 5442 non
3710 5392 3775 5440 es

2142 5467 2400 5547 perdere
2414 5470 2828 5554 juventuetem,
2853 5470 2961 5536 sed
2983 5476 3390 5551 commutare;
3408 5468 3560 5543 dare
3586 5470 3720 5531 lata
3736 5482 3788 5528 ω
