  <div class='ocr_page' id='page_1' title='image "/cluster/home/n/w/nwhite01/storage/ocr_20150623/116/mdp.39015008903554/096.png"; bbox 0 0 3918 6138; ppageno 0'>
   <div class='ocr_carea' id='block_1_1' title="bbox 172 244 1719 323">
    <p class='ocr_par' dir='ltr' id='par_1_1' title="bbox 172 244 1719 311">
     <span class='ocr_line' id='line_1_1' title="bbox 172 244 1719 311; baseline -0.002 -2"><span class='ocrx_word' id='word_1_1' title='bbox 172 246 259 311; x_wconf 77' lang='grc'><strong>177</strong></span> <span class='ocrx_word' id='word_1_2' title='bbox 1281 246 1466 310; x_wconf 79' lang='lat' dir='ltr'><strong>VITA</strong></span> <span class='ocrx_word' id='word_1_3' title='bbox 1511 245 1570 307; x_wconf 92' lang='lat' dir='ltr'><strong>S.</strong></span> <span class='ocrx_word' id='word_1_4' title='bbox 1618 244 1719 307; x_wconf 62' lang='lat' dir='ltr'><strong>C1!</strong></span> 
     </span>
    </p>
   </div>
   <div class='ocr_carea' id='block_1_2' title="bbox 1954 244 3501 323">
    <p class='ocr_par' dir='ltr' id='par_1_2' title="bbox 1954 248 3501 323">
     <span class='ocr_line' id='line_1_2' title="bbox 1954 248 3501 323; baseline 0.008 -14"><span class='ocrx_word' id='word_1_5' title='bbox 1954 248 1966 308; x_wconf 74' lang='grc' dir='ltr'><strong>Ξ</strong></span> <span class='ocrx_word' id='word_1_6' title='bbox 2032 249 2129 311; x_wconf 89' lang='grc' dir='ltr'>ΕΤ</span> <span class='ocrx_word' id='word_1_7' title='bbox 2176 249 2332 313; x_wconf 87' lang='lat' dir='ltr'><strong>SOC.</strong></span> <span class='ocrx_word' id='word_1_8' title='bbox 3389 257 3501 323; x_wconf 86' lang='grc'>178</span> 
     </span>
    </p>
   </div>
   <div class='ocr_carea' id='block_1_3' title="bbox 165 380 3501 466">
    <p class='ocr_par' dir='ltr' id='par_1_3' title="bbox 165 380 3501 466">
     <span class='ocr_line' id='line_1_3' title="bbox 165 380 3501 466; baseline 0.001 -17"><span class='ocrx_word' id='word_1_9' title='bbox 165 393 209 449; x_wconf 86' lang='lat' dir='ltr'><strong>et</strong></span> <span class='ocrx_word' id='word_1_10' title='bbox 230 402 416 448; x_wconf 88' lang='lat' dir='ltr'><strong>aurum</strong></span> <span class='ocrx_word' id='word_1_11' title='bbox 458 380 759 466; x_wconf 83' lang='lat' dir='ltr'><strong>accipere;</strong></span> <span class='ocrx_word' id='word_1_12' title='bbox 794 382 942 446; x_wconf 87' lang='lat' dir='ltr'><strong>dare</strong></span> <span class='ocrx_word' id='word_1_13' title='bbox 994 381 1444 445; x_wconf 74' lang='lat' dir='ltr'><strong>tabernaculum</strong></span> <span class='ocrx_word' id='word_1_14' title='bbox 1479 382 1661 445; x_wconf 82' lang='lat' dir='ltr'><strong>breve</strong></span> <span class='ocrx_word' id='word_1_15' title='bbox 1696 388 1823 445; x_wconf 78' lang='lat' dir='ltr'><strong>etA</strong></span> <span class='ocrx_word' id='word_1_16' title='bbox 1845 402 2113 465; x_wconf 63' lang='lat' dir='ltr'><strong>quasnam</strong></span> <span class='ocrx_word' id='word_1_17' title='bbox 2148 384 2223 446; x_wconf 91' lang='lat' dir='ltr'><strong>sit</strong></span> <span class='ocrx_word' id='word_1_18' title='bbox 2256 383 2399 445; x_wconf 91' lang='lat' dir='ltr'><strong>mihi</strong></span> <span class='ocrx_word' id='word_1_19' title='bbox 2431 383 2740 465; x_wconf 72' lang='lat' dir='ltr'><strong>potestas?</strong></span> <span class='ocrx_word' id='word_1_20' title='bbox 2793 383 2958 449; x_wconf 82' lang='lat' dir='ltr'><strong>Dixit</strong></span> <span class='ocrx_word' id='word_1_21' title='bbox 2988 394 3193 450; x_wconf 86' lang='lat' dir='ltr'><strong>sancta</strong></span> <span class='ocrx_word' id='word_1_22' title='bbox 3220 388 3501 453; x_wconf 62' lang='lat' dir='ltr'><strong>Caecilia:</strong></span> 
     </span>
    </p>
   </div>
   <div class='ocr_carea' id='block_1_4' title="bbox 165 471 3501 555">
    <p class='ocr_par' dir='ltr' id='par_1_4' title="bbox 165 471 3501 555">
     <span class='ocr_line' id='line_1_4' title="bbox 165 471 3501 555; baseline 0.002 -18"><span class='ocrx_word' id='word_1_23' title='bbox 165 473 487 549; x_wconf 77' lang='lat' dir='ltr'><strong>miserabile,</strong></span> <span class='ocrx_word' id='word_1_24' title='bbox 520 482 575 535; x_wconf 86' lang='lat' dir='ltr'><strong>et</strong></span> <span class='ocrx_word' id='word_1_25' title='bbox 622 491 893 554; x_wconf 85' lang='lat' dir='ltr'><strong>magnam</strong></span> <span class='ocrx_word' id='word_1_26' title='bbox 926 474 1382 555; x_wconf 89' lang='lat' dir='ltr'><strong>speciosamque</strong></span> <span class='ocrx_word' id='word_1_27' title='bbox 1416 481 1474 534; x_wconf 95' lang='lat' dir='ltr'><strong>et</strong></span> <span class='ocrx_word' id='word_1_28' title='bbox 1499 472 1758 554; x_wconf 78' lang='lat' dir='ltr'><strong>amplam</strong></span> <span class='ocrx_word' id='word_1_29' title='bbox 1844 471 2088 552; x_wconf 88' lang='lat' dir='ltr'><strong>Ignoras</strong></span> <span class='ocrx_word' id='word_1_30' title='bbox 2119 482 2203 549; x_wconf 91' lang='lat' dir='ltr'><strong>tu,</strong></span> <span class='ocrx_word' id='word_1_31' title='bbox 2241 490 2512 554; x_wconf 62' lang='lat' dir='ltr'><strong>quasnam</strong></span> <span class='ocrx_word' id='word_1_32' title='bbox 2547 474 2623 536; x_wconf 90' lang='lat' dir='ltr'><strong>sit</strong></span> <span class='ocrx_word' id='word_1_33' title='bbox 2664 474 2813 536; x_wconf 89' lang='lat' dir='ltr'><strong>mihi</strong></span> <span class='ocrx_word' id='word_1_34' title='bbox 2838 477 3145 555; x_wconf 84' lang='lat' dir='ltr'><strong>potestas?</strong></span> <span class='ocrx_word' id='word_1_35' title='bbox 3175 476 3319 539; x_wconf 85' lang='lat' dir='ltr'><strong>Nam</strong></span> <span class='ocrx_word' id='word_1_36' title='bbox 3353 480 3406 541; x_wconf 92' lang='lat' dir='ltr'><strong>si</strong></span> <span class='ocrx_word' id='word_1_37' title='bbox 3439 489 3501 544; x_wconf 91' lang='lat' dir='ltr'><strong>tu</strong></span> 
     </span>
    </p>
   </div>
   <div class='ocr_carea' id='block_1_5' title="bbox 163 562 3502 645">
    <p class='ocr_par' dir='ltr' id='par_1_5' title="bbox 163 562 3502 645">
     <span class='ocr_line' id='line_1_5' title="bbox 163 562 3502 645; baseline 0.001 -16"><span class='ocrx_word' id='word_1_38' title='bbox 163 568 366 629; x_wconf 88' lang='lat' dir='ltr'><strong>domum</strong></span> <span class='ocrx_word' id='word_1_39' title='bbox 414 564 703 643; x_wconf 89' lang='lat' dir='ltr'><strong>accipere,</strong></span> <span class='ocrx_word' id='word_1_40' title='bbox 737 582 809 625; x_wconf 90' lang='lat' dir='ltr'><strong>ex</strong></span> <span class='ocrx_word' id='word_1_41' title='bbox 862 562 1162 645; x_wconf 85' lang='lat' dir='ltr'><strong>lapidibus</strong></span> <span class='ocrx_word' id='word_1_42' title='bbox 1191 564 1471 644; x_wconf 82' lang='lat' dir='ltr'><strong>pretiosis</strong></span> <span class='ocrx_word' id='word_1_43' title='bbox 1506 573 1565 626; x_wconf 91' lang='lat' dir='ltr'><strong>et</strong></span> <span class='ocrx_word' id='word_1_44' title='bbox 1613 582 1760 626; x_wconf 89' lang='lat' dir='ltr'><strong>auro</strong></span> <span class='ocrx_word' id='word_1_45' title='bbox 1847 582 1942 626; x_wconf 92' lang='lat' dir='ltr'><strong>me</strong></span> <span class='ocrx_word' id='word_1_46' title='bbox 1994 563 2296 643; x_wconf 79' lang='lat' dir='ltr'><strong>rogaveris</strong></span> <span class='ocrx_word' id='word_1_47' title='bbox 2327 562 2401 626; x_wconf 90' lang='lat' dir='ltr'><strong>de</strong></span> <span class='ocrx_word' id='word_1_48' title='bbox 2459 572 2557 625; x_wconf 91' lang='lat' dir='ltr'><strong>tua</strong></span> <span class='ocrx_word' id='word_1_49' title='bbox 2612 570 2925 645; x_wconf 78' lang='lat' dir='ltr'><strong>potestate,</strong></span> <span class='ocrx_word' id='word_1_50' title='bbox 2961 567 3118 628; x_wconf 90' lang='lat' dir='ltr'><strong>veris</strong></span> <span class='ocrx_word' id='word_1_51' title='bbox 3146 567 3348 630; x_wconf 83' lang='lat' dir='ltr'><strong>verbis</strong></span> <span class='ocrx_word' id='word_1_52' title='bbox 3394 569 3502 631; x_wconf 89' lang='lat' dir='ltr'><strong>tibi</strong></span> 
     </span>
    </p>
   </div>
   <div class='ocr_carea' id='block_1_6' title="bbox 162 652 3499 734">
    <p class='ocr_par' dir='ltr' id='par_1_6' title="bbox 162 652 3499 734">
     <span class='ocr_line' id='line_1_6' title="bbox 162 652 3499 734; baseline 0.001 -17"><span class='ocrx_word' id='word_1_53' title='bbox 162 656 471 717; x_wconf 68' lang='lat' dir='ltr'><strong>aedificatam</strong></span> <span class='ocrx_word' id='word_1_54' title='bbox 500 675 513 710; x_wconf 85' lang='lat'><strong>:</strong></span> <span class='ocrx_word' id='word_1_55' title='bbox 547 654 690 715; x_wconf 87' lang='lat' dir='ltr'><strong>dare</strong></span> <span class='ocrx_word' id='word_1_56' title='bbox 720 654 997 732; x_wconf 78' lang='lat' dir='ltr'><strong>angulum</strong></span> <span class='ocrx_word' id='word_1_57' title='bbox 1024 653 1433 734; x_wconf 89' lang='lat' dir='ltr'><strong>tenebrosum,</strong></span> <span class='ocrx_word' id='word_1_58' title='bbox 1469 664 1531 716; x_wconf 94' lang='lat' dir='ltr'><strong>et</strong></span> <span class='ocrx_word' id='word_1_59' title='bbox 1561 653 1758 715; x_wconf 90' lang='lat' dir='ltr'><strong>locum</strong></span> <span class='ocrx_word' id='word_1_60' title='bbox 1842 653 2132 734; x_wconf 84' lang='lat' dir='ltr'><strong>aperiam.</strong></span> <span class='ocrx_word' id='word_1_61' title='bbox 2184 652 2338 715; x_wconf 86' lang='lat' dir='ltr'><strong>Dicit</strong></span> <span class='ocrx_word' id='word_1_62' title='bbox 2368 653 2421 715; x_wconf 91' lang='lat' dir='ltr'><strong>ei</strong></span> <span class='ocrx_word' id='word_1_63' title='bbox 2461 654 2776 732; x_wconf 70' lang='lat' dir='ltr'><strong>praefectus</strong></span> <span class='ocrx_word' id='word_1_64' title='bbox 2811 675 2824 712; x_wconf 91' lang='lat'><strong>:</strong></span> <span class='ocrx_word' id='word_1_65' title='bbox 2882 655 3013 731; x_wconf 89' lang='lat' dir='ltr'><strong>Dic,</strong></span> <span class='ocrx_word' id='word_1_66' title='bbox 3049 656 3098 717; x_wconf 88' lang='lat' dir='ltr'><strong>si</strong></span> <span class='ocrx_word' id='word_1_67' title='bbox 3129 656 3272 734; x_wconf 89' lang='lat' dir='ltr'><strong>quid</strong></span> <span class='ocrx_word' id='word_1_68' title='bbox 3322 660 3499 721; x_wconf 91' lang='lat' dir='ltr'><strong>nosti.</strong></span> 
     </span>
    </p>
   </div>
   <div class='ocr_carea' id='block_1_7' title="bbox 160 740 3505 826">
    <p class='ocr_par' dir='ltr' id='par_1_7' title="bbox 160 740 3505 826">
     <span class='ocr_line' id='line_1_7' title="bbox 160 740 3505 826; baseline 0.001 -20"><span class='ocrx_word' id='word_1_69' title='bbox 160 748 392 824; x_wconf 83' lang='lat' dir='ltr'><strong>accipere</strong></span> <span class='ocrx_word' id='word_1_70' title='bbox 418 742 704 817; x_wconf 85' lang='lat' dir='ltr'><strong>lucidum,</strong></span> <span class='ocrx_word' id='word_1_71' title='bbox 740 742 1077 823; x_wconf 73' lang='lat' dir='ltr'><strong>margaritis</strong></span> <span class='ocrx_word' id='word_1_72' title='bbox 1127 742 1615 824; x_wconf 88' lang='lat' dir='ltr'><strong>resplendentem</strong></span> <span class='ocrx_word' id='word_1_73' title='bbox 1652 761 1768 804; x_wconf 71' lang='grc' dir='ltr'><strong>σω·</strong></span> <span class='ocrx_word' id='word_1_74' title='bbox 1852 746 2067 807; x_wconf 89' lang='lat' dir='ltr'><strong>Sancta</strong></span> <span class='ocrx_word' id='word_1_75' title='bbox 2098 742 2248 805; x_wconf 83' lang='lat' dir='ltr'><strong>dixit</strong></span> <span class='ocrx_word' id='word_1_76' title='bbox 2277 742 2552 807; x_wconf 64' lang='lat' dir='ltr'><strong>Caecilia:</strong></span> <span class='ocrx_word' id='word_1_77' title='bbox 2587 740 2799 807; x_wconf 81' lang='lat' dir='ltr'><strong>Omnis</strong></span> <span class='ocrx_word' id='word_1_78' title='bbox 2830 743 3090 806; x_wconf 84' lang='lat' dir='ltr'><strong>hominis</strong></span> <span class='ocrx_word' id='word_1_79' title='bbox 3125 754 3384 826; x_wconf 88' lang='lat' dir='ltr'><strong>potestas</strong></span> <span class='ocrx_word' id='word_1_80' title='bbox 3414 757 3505 811; x_wconf 91' lang='lat' dir='ltr'><strong>est</strong></span> 
     </span>
    </p>
   </div>
   <div class='ocr_carea' id='block_1_8' title="bbox 158 832 3502 915">
    <p class='ocr_par' dir='ltr' id='par_1_8' title="bbox 158 832 3502 915">
     <span class='ocr_line' id='line_1_8' title="bbox 158 832 3502 915; baseline 0.001 -19"><span class='ocrx_word' id='word_1_81' title='bbox 158 833 372 897; x_wconf 85' lang='lat' dir='ltr'><strong>testibus</strong></span> <span class='ocrx_word' id='word_1_82' title='bbox 406 853 419 896; x_wconf 90' lang='lat'><strong>:</strong></span> <span class='ocrx_word' id='word_1_83' title='bbox 472 832 614 894; x_wconf 88' lang='lat' dir='ltr'><strong>dare</strong></span> <span class='ocrx_word' id='word_1_84' title='bbox 646 832 1083 913; x_wconf 84' lang='lat' dir='ltr'><strong>possessionem</strong></span> <span class='ocrx_word' id='word_1_85' title='bbox 1116 850 1248 913; x_wconf 61' lang='lat' dir='ltr'><strong>quas</strong></span> <span class='ocrx_word' id='word_1_86' title='bbox 1291 833 1471 913; x_wconf 85' lang='lat' dir='ltr'><strong>perit,</strong></span> <span class='ocrx_word' id='word_1_87' title='bbox 1511 841 1569 894; x_wconf 88' lang='lat' dir='ltr'><strong>et</strong></span> <span class='ocrx_word' id='word_1_88' title='bbox 1599 833 1765 894; x_wconf 83' lang='lat' dir='ltr'><strong>acci-</strong></span> <span class='ocrx_word' id='word_1_89' title='bbox 1852 832 2102 912; x_wconf 88' lang='lat' dir='ltr'><strong>perinde</strong></span> <span class='ocrx_word' id='word_1_90' title='bbox 2150 850 2218 893; x_wconf 86' lang='lat' dir='ltr'><strong>ac</strong></span> <span class='ocrx_word' id='word_1_91' title='bbox 2251 842 2386 893; x_wconf 91' lang='lat' dir='ltr'><strong>uter</strong></span> <span class='ocrx_word' id='word_1_92' title='bbox 2435 840 2611 894; x_wconf 85' lang='lat' dir='ltr'><strong>vento</strong></span> <span class='ocrx_word' id='word_1_93' title='bbox 2642 832 2896 912; x_wconf 90' lang='lat' dir='ltr'><strong>plenus:</strong></span> <span class='ocrx_word' id='word_1_94' title='bbox 2951 846 3129 915; x_wconf 85' lang='lat' dir='ltr'><strong>quem</strong></span> <span class='ocrx_word' id='word_1_95' title='bbox 3166 835 3215 896; x_wconf 88' lang='lat' dir='ltr'><strong>si</strong></span> <span class='ocrx_word' id='word_1_96' title='bbox 3246 855 3363 898; x_wconf 90' lang='lat' dir='ltr'><strong>una</strong></span> <span class='ocrx_word' id='word_1_97' title='bbox 3392 856 3502 900; x_wconf 91' lang='lat' dir='ltr'><strong>acu</strong></span> 
     </span>
    </p>
   </div>
   <div class='ocr_carea' id='block_1_9' title="bbox 159 921 3501 1006">
    <p class='ocr_par' dir='ltr' id='par_1_9' title="bbox 159 921 3501 1006">
     <span class='ocr_line' id='line_1_9' title="bbox 159 921 3501 1006; baseline 0.001 -20"><span class='ocrx_word' id='word_1_98' title='bbox 159 942 275 1006; x_wconf 82' lang='lat' dir='ltr'><strong>pere</strong></span> <span class='ocrx_word' id='word_1_99' title='bbox 325 921 751 1002; x_wconf 87' lang='lat' dir='ltr'><strong>possessionem</strong></span> <span class='ocrx_word' id='word_1_100' title='bbox 790 939 921 1003; x_wconf 66' lang='lat' dir='ltr'><strong>quae</strong></span> <span class='ocrx_word' id='word_1_101' title='bbox 952 940 1070 983; x_wconf 93' lang='lat' dir='ltr'><strong>non</strong></span> <span class='ocrx_word' id='word_1_102' title='bbox 1122 922 1431 1000; x_wconf 84' lang='lat' dir='ltr'><strong>cognoscit</strong></span> <span class='ocrx_word' id='word_1_103' title='bbox 1463 922 1666 1003; x_wconf 84' lang='lat' dir='ltr'><strong>finem,</strong></span> <span class='ocrx_word' id='word_1_104' title='bbox 1705 929 1764 984; x_wconf 91' lang='lat' dir='ltr'><strong>et</strong></span> <span class='ocrx_word' id='word_1_105' title='bbox 1850 921 2411 1002; x_wconf 87' lang='lat' dir='ltr'><strong>pupugeris,omnis</strong></span> <span class='ocrx_word' id='word_1_106' title='bbox 2443 931 2639 985; x_wconf 88' lang='lat' dir='ltr'><strong>tumor</strong></span> <span class='ocrx_word' id='word_1_107' title='bbox 2660 922 2792 1001; x_wconf 92' lang='lat' dir='ltr'><strong>ejus</strong></span> <span class='ocrx_word' id='word_1_108' title='bbox 2819 922 2959 984; x_wconf 90' lang='lat' dir='ltr'><strong>colli</strong></span> <span class='ocrx_word' id='word_1_109' title='bbox 2992 925 3306 987; x_wconf 80' lang='lat' dir='ltr'><strong>ﬂaccescit.</strong></span> <span class='ocrx_word' id='word_1_110' title='bbox 3342 928 3501 1000; x_wconf 86' lang='lat' dir='ltr'><strong>Quin</strong></span> 
     </span>
    </p>
   </div>
   <div class='ocr_carea' id='block_1_10' title="bbox 157 1011 3499 1097">
    <p class='ocr_par' dir='ltr' id='par_1_10' title="bbox 157 1011 3499 1097">
     <span class='ocr_line' id='line_1_10' title="bbox 157 1011 3499 1097; baseline 0.001 -23"><span class='ocrx_word' id='word_1_111' title='bbox 157 1016 351 1087; x_wconf 76' lang='lat' dir='ltr'><strong>ignorat</strong></span> <span class='ocrx_word' id='word_1_112' title='bbox 373 1025 620 1074; x_wconf 89' lang='lat' dir='ltr'><strong>mortem</strong></span> <span class='ocrx_word' id='word_1_113' title='bbox 653 1032 668 1087; x_wconf 84' lang='lat'><strong>;</strong></span> <span class='ocrx_word' id='word_1_114' title='bbox 696 1012 839 1073; x_wconf 90' lang='lat' dir='ltr'><strong>dare</strong></span> <span class='ocrx_word' id='word_1_115' title='bbox 861 1011 1120 1092; x_wconf 90' lang='lat' dir='ltr'><strong>lapidem</strong></span> <span class='ocrx_word' id='word_1_116' title='bbox 1146 1011 1759 1092; x_wconf 89' lang='lat' dir='ltr'><strong>miserabilem,quem</strong></span> <span class='ocrx_word' id='word_1_117' title='bbox 1854 1012 2029 1073; x_wconf 91' lang='lat' dir='ltr'><strong>etiam</strong></span> <span class='ocrx_word' id='word_1_118' title='bbox 2063 1012 2113 1073; x_wconf 91' lang='lat' dir='ltr'><strong>si</strong></span> <span class='ocrx_word' id='word_1_119' title='bbox 2150 1012 2489 1073; x_wconf 78' lang='lat' dir='ltr'><strong>invenietur</strong></span> <span class='ocrx_word' id='word_1_120' title='bbox 2517 1012 2579 1072; x_wconf 94' lang='lat' dir='ltr'><strong>in</strong></span> <span class='ocrx_word' id='word_1_121' title='bbox 2611 1012 2741 1091; x_wconf 88' lang='lat' dir='ltr'><strong>ipso</strong></span> <span class='ocrx_word' id='word_1_122' title='bbox 2772 1011 2994 1093; x_wconf 89' lang='lat' dir='ltr'><strong>aliquid</strong></span> <span class='ocrx_word' id='word_1_123' title='bbox 3028 1023 3286 1097; x_wconf 88' lang='lat' dir='ltr'><strong>portare,</strong></span> <span class='ocrx_word' id='word_1_124' title='bbox 3320 1016 3499 1079; x_wconf 86' lang='lat' dir='ltr'><strong>infle-</strong></span> 
     </span>
    </p>
   </div>
   <div class='ocr_carea' id='block_1_11' title="bbox 158 1099 3501 1186">
    <p class='ocr_par' dir='ltr' id='par_1_11' title="bbox 158 1099 3501 1186">
     <span class='ocr_line' id='line_1_11' title="bbox 158 1099 3501 1186; baseline 0.001 -21"><span class='ocrx_word' id='word_1_125' title='bbox 158 1102 366 1185; x_wconf 87' lang='lat' dir='ltr'><strong>pedibus</strong></span> <span class='ocrx_word' id='word_1_126' title='bbox 414 1100 803 1181; x_wconf 83' lang='lat' dir='ltr'><strong>conculcatis,</strong></span> <span class='ocrx_word' id='word_1_127' title='bbox 837 1109 898 1163; x_wconf 91' lang='lat' dir='ltr'><strong>et</strong></span> <span class='ocrx_word' id='word_1_128' title='bbox 917 1100 1193 1181; x_wconf 89' lang='lat' dir='ltr'><strong>accipere</strong></span> <span class='ocrx_word' id='word_1_129' title='bbox 1234 1101 1493 1182; x_wconf 86' lang='lat' dir='ltr'><strong>lapidem</strong></span> <span class='ocrx_word' id='word_1_130' title='bbox 1538 1102 1765 1181; x_wconf 91' lang='lat' dir='ltr'><strong>pretio-</strong></span> <span class='ocrx_word' id='word_1_131' title='bbox 1853 1100 2055 1165; x_wconf 89' lang='lat' dir='ltr'><strong>ctitur.</strong></span> <span class='ocrx_word' id='word_1_132' title='bbox 2089 1099 2246 1162; x_wconf 79' lang='lat' dir='ltr'><strong>Dixit</strong></span> <span class='ocrx_word' id='word_1_133' title='bbox 2278 1101 2587 1181; x_wconf 66' lang='lat' dir='ltr'><strong>praefectus</strong></span> <span class='ocrx_word' id='word_1_134' title='bbox 2622 1121 2635 1163; x_wconf 91' lang='lat'>:</span> <span class='ocrx_word' id='word_1_135' title='bbox 2685 1100 2926 1181; x_wconf 65' lang='lat' dir='ltr'><strong>Coepisti</strong></span> <span class='ocrx_word' id='word_1_136' title='bbox 2956 1121 2991 1163; x_wconf 89' lang='lat' dir='ltr'><strong>a</strong></span> <span class='ocrx_word' id='word_1_137' title='bbox 3020 1105 3407 1186; x_wconf 85' lang='lat' dir='ltr'><strong>contumelia,</strong></span> <span class='ocrx_word' id='word_1_138' title='bbox 3439 1116 3501 1170; x_wconf 86' lang='lat' dir='ltr'><strong>et</strong></span> 
     </span>
    </p>
   </div>
   <div class='ocr_carea' id='block_1_12' title="bbox 159 1189 3494 1272">
    <p class='ocr_par' dir='ltr' id='par_1_12' title="bbox 159 1189 3494 1272">
     <span class='ocr_line' id='line_1_12' title="bbox 159 1189 3494 1272; baseline 0.002 -19"><span class='ocrx_word' id='word_1_139' title='bbox 159 1211 283 1265; x_wconf 79' lang='lat' dir='ltr'><strong>sum,</strong></span> <span class='ocrx_word' id='word_1_140' title='bbox 314 1191 401 1272; x_wconf 87' lang='lat' dir='ltr'><strong>qui</strong></span> <span class='ocrx_word' id='word_1_141' title='bbox 454 1190 649 1252; x_wconf 89' lang='lat' dir='ltr'><strong>forma</strong></span> <span class='ocrx_word' id='word_1_142' title='bbox 698 1189 1047 1270; x_wconf 88' lang='lat' dir='ltr'><strong>resplendet</strong></span> <span class='ocrx_word' id='word_1_143' title='bbox 1094 1191 1156 1251; x_wconf 94' lang='lat' dir='ltr'><strong>in</strong></span> <span class='ocrx_word' id='word_1_144' title='bbox 1188 1190 1352 1269; x_wconf 87' lang='lat' dir='ltr'><strong>regio</strong></span> <span class='ocrx_word' id='word_1_145' title='bbox 1404 1191 1760 1253; x_wconf 86' lang='lat' dir='ltr'><strong>diademate.</strong></span> <span class='ocrx_word' id='word_1_146' title='bbox 1852 1208 2199 1272; x_wconf 85' lang='lat' dir='ltr'><strong>perseveras</strong></span> <span class='ocrx_word' id='word_1_147' title='bbox 2250 1192 2312 1251; x_wconf 92' lang='lat' dir='ltr'><strong>in</strong></span> <span class='ocrx_word' id='word_1_148' title='bbox 2344 1190 2743 1253; x_wconf 84' lang='lat' dir='ltr'><strong>contumeliis.</strong></span> <span class='ocrx_word' id='word_1_149' title='bbox 2798 1190 2951 1253; x_wconf 87' lang='lat' dir='ltr'><strong>Dixit</strong></span> <span class='ocrx_word' id='word_1_150' title='bbox 2982 1201 3186 1255; x_wconf 88' lang='lat' dir='ltr'><strong>sancta</strong></span> <span class='ocrx_word' id='word_1_151' title='bbox 3215 1194 3494 1261; x_wconf 69' lang='lat' dir='ltr'><strong>Caecilia:</strong></span> 
     </span>
    </p>
   </div>
   <div class='ocr_carea' id='block_1_13' title="bbox 159 1280 3499 1366">
    <p class='ocr_par' dir='ltr' id='par_1_13' title="bbox 159 1280 3499 1366">
     <span class='ocr_line' id='line_1_13' title="bbox 159 1280 3499 1366; baseline 0.001 -23"><span class='ocrx_word' id='word_1_152' title='bbox 159 1281 310 1343; x_wconf 84' lang='lat' dir='ltr'><strong>Hodie</strong></span> <span class='ocrx_word' id='word_1_153' title='bbox 328 1280 373 1341; x_wconf 91' lang='lat' dir='ltr'><strong>si</strong></span> <span class='ocrx_word' id='word_1_154' title='bbox 392 1281 521 1358; x_wconf 88' lang='lat' dir='ltr'><strong>quis</strong></span> <span class='ocrx_word' id='word_1_155' title='bbox 542 1280 629 1341; x_wconf 90' lang='lat' dir='ltr'><strong>sic</strong></span> <span class='ocrx_word' id='word_1_156' title='bbox 662 1281 869 1342; x_wconf 77' lang='lat' dir='ltr'><strong>offerat</strong></span> <span class='ocrx_word' id='word_1_157' title='bbox 890 1298 1129 1353; x_wconf 89' lang='lat' dir='ltr'><strong>aureos,</strong></span> <span class='ocrx_word' id='word_1_158' title='bbox 1157 1287 1222 1341; x_wconf 89' lang='lat' dir='ltr'><strong>ut</strong></span> <span class='ocrx_word' id='word_1_159' title='bbox 1252 1280 1557 1343; x_wconf 87' lang='lat' dir='ltr'><strong>minimam</strong></span> <span class='ocrx_word' id='word_1_160' title='bbox 1584 1298 1765 1342; x_wconf 91' lang='lat' dir='ltr'><strong>num-</strong></span> <span class='ocrx_word' id='word_1_161' title='bbox 1850 1282 1983 1343; x_wconf 89' lang='lat' dir='ltr'><strong>Non</strong></span> <span class='ocrx_word' id='word_1_162' title='bbox 2017 1281 2235 1343; x_wconf 90' lang='lat' dir='ltr'><strong>dicitur</strong></span> <span class='ocrx_word' id='word_1_163' title='bbox 2263 1280 2649 1351; x_wconf 88' lang='lat' dir='ltr'><strong>contumelia,</strong></span> <span class='ocrx_word' id='word_1_164' title='bbox 2679 1280 2792 1341; x_wconf 89' lang='lat' dir='ltr'><strong>nisi</strong></span> <span class='ocrx_word' id='word_1_165' title='bbox 2817 1280 2878 1342; x_wconf 90' lang='lat' dir='ltr'><strong>in</strong></span> <span class='ocrx_word' id='word_1_166' title='bbox 2898 1299 3000 1342; x_wconf 92' lang='lat' dir='ltr'><strong>eos</strong></span> <span class='ocrx_word' id='word_1_167' title='bbox 3023 1284 3124 1363; x_wconf 90' lang='lat' dir='ltr'><strong>qui</strong></span> <span class='ocrx_word' id='word_1_168' title='bbox 3156 1302 3340 1363; x_wconf 87' lang='lat' dir='ltr'><strong>pauca</strong></span> <span class='ocrx_word' id='word_1_169' title='bbox 3360 1305 3499 1366; x_wconf 86' lang='lat' dir='ltr'><strong>pec-</strong></span> 
     </span>
    </p>
   </div>
   <div class='ocr_carea' id='block_1_14' title="bbox 162 1369 3496 1451">
    <p class='ocr_par' dir='ltr' id='par_1_14' title="bbox 162 1369 3496 1451">
     <span class='ocr_line' id='line_1_14' title="bbox 162 1369 3496 1451; baseline 0.001 -19"><span class='ocrx_word' id='word_1_170' title='bbox 162 1389 348 1433; x_wconf 90' lang='lat' dir='ltr'><strong>morum</strong></span> <span class='ocrx_word' id='word_1_171' title='bbox 372 1370 757 1451; x_wconf 83' lang='lat' dir='ltr'><strong>quantitatem</strong></span> <span class='ocrx_word' id='word_1_172' title='bbox 782 1369 948 1432; x_wconf 90' lang='lat' dir='ltr'><strong>exiis</strong></span> <span class='ocrx_word' id='word_1_173' title='bbox 969 1369 1152 1431; x_wconf 89' lang='lat' dir='ltr'><strong>alacri</strong></span> <span class='ocrx_word' id='word_1_174' title='bbox 1185 1369 1384 1431; x_wconf 88' lang='lat' dir='ltr'><strong>animo</strong></span> <span class='ocrx_word' id='word_1_175' title='bbox 1411 1382 1763 1450; x_wconf 85' lang='lat' dir='ltr'><strong>proventum</strong></span> <span class='ocrx_word' id='word_1_176' title='bbox 1851 1379 2009 1445; x_wconf 89' lang='lat' dir='ltr'><strong>cant,</strong></span> <span class='ocrx_word' id='word_1_177' title='bbox 2046 1389 2164 1433; x_wconf 91' lang='lat' dir='ltr'><strong>non</strong></span> <span class='ocrx_word' id='word_1_178' title='bbox 2218 1378 2487 1433; x_wconf 90' lang='lat' dir='ltr'><strong>teneatur</strong></span> <span class='ocrx_word' id='word_1_179' title='bbox 2537 1369 2887 1432; x_wconf 87' lang='lat' dir='ltr'><strong>moderatio.</strong></span> <span class='ocrx_word' id='word_1_180' title='bbox 2954 1370 3349 1443; x_wconf 88' lang='lat' dir='ltr'><strong>Quamobrem</strong></span> <span class='ocrx_word' id='word_1_181' title='bbox 3404 1377 3496 1438; x_wconf 88' lang='lat' dir='ltr'><strong>vel</strong></span> 
     </span>
    </p>
   </div>
   <div class='ocr_carea' id='block_1_15' title="bbox 160 1458 3493 1544">
    <p class='ocr_par' dir='ltr' id='par_1_15' title="bbox 160 1458 3493 1544">
     <span class='ocr_line' id='line_1_15' title="bbox 160 1458 3493 1544; baseline 0.002 -22"><span class='ocrx_word' id='word_1_182' title='bbox 160 1462 403 1540; x_wconf 80' lang='lat' dir='ltr'><strong>accipiat:</strong></span> <span class='ocrx_word' id='word_1_183' title='bbox 438 1478 579 1522; x_wconf 91' lang='lat' dir='ltr'><strong>num</strong></span> <span class='ocrx_word' id='word_1_184' title='bbox 614 1477 715 1521; x_wconf 85' lang='lat' dir='ltr'><strong>vos</strong></span> <span class='ocrx_word' id='word_1_185' title='bbox 756 1476 996 1540; x_wconf 91' lang='lat' dir='ltr'><strong>quoque</strong></span> <span class='ocrx_word' id='word_1_186' title='bbox 1036 1458 1314 1521; x_wconf 87' lang='lat' dir='ltr'><strong>lubenter</strong></span> <span class='ocrx_word' id='word_1_187' title='bbox 1341 1460 1664 1521; x_wconf 86' lang='lat' dir='ltr'><strong>curreretis</strong></span> <span class='ocrx_word' id='word_1_188' title='bbox 1690 1459 1763 1522; x_wconf 91' lang='lat' dir='ltr'><strong>ad</strong></span> <span class='ocrx_word' id='word_1_189' title='bbox 1849 1461 1999 1523; x_wconf 90' lang='lat' dir='ltr'><strong>doce</strong></span> <span class='ocrx_word' id='word_1_190' title='bbox 2049 1461 2500 1534; x_wconf 87' lang='lat' dir='ltr'><strong>contumeliam,</strong></span> <span class='ocrx_word' id='word_1_191' title='bbox 2553 1459 2606 1521; x_wconf 88' lang='lat' dir='ltr'><strong>si</strong></span> <span class='ocrx_word' id='word_1_192' title='bbox 2654 1459 2867 1522; x_wconf 86' lang='lat' dir='ltr'><strong>falsum</strong></span> <span class='ocrx_word' id='word_1_193' title='bbox 2914 1479 3043 1522; x_wconf 93' lang='lat' dir='ltr'><strong>sum</strong></span> <span class='ocrx_word' id='word_1_194' title='bbox 3100 1460 3341 1544; x_wconf 89' lang='lat' dir='ltr'><strong>locuta;</strong></span> <span class='ocrx_word' id='word_1_195' title='bbox 3399 1467 3493 1528; x_wconf 90' lang='lat' dir='ltr'><strong>vel</strong></span> 
     </span>
    </p>
   </div>
   <div class='ocr_carea' id='block_1_16' title="bbox 161 1549 3497 1630">
    <p class='ocr_par' dir='ltr' id='par_1_16' title="bbox 161 1549 3497 1630">
     <span class='ocr_line' id='line_1_16' title="bbox 161 1549 3497 1630; baseline 0.001 -19"><span class='ocrx_word' id='word_1_196' title='bbox 161 1551 299 1611; x_wconf 80' lang='lat' dir='ltr'><strong>talem</strong></span> <span class='ocrx_word' id='word_1_197' title='bbox 331 1549 817 1627; x_wconf 84' lang='lat' dir='ltr'><strong>negotiationem,</strong></span> <span class='ocrx_word' id='word_1_198' title='bbox 844 1558 900 1610; x_wconf 94' lang='lat' dir='ltr'><strong>et</strong></span> <span class='ocrx_word' id='word_1_199' title='bbox 919 1567 1131 1611; x_wconf 88' lang='lat' dir='ltr'><strong>omnes</strong></span> <span class='ocrx_word' id='word_1_200' title='bbox 1163 1555 1537 1629; x_wconf 90' lang='lat' dir='ltr'><strong>parentes,et</strong></span> <span class='ocrx_word' id='word_1_201' title='bbox 1565 1555 1760 1623; x_wconf 89' lang='lat' dir='ltr'><strong>notos,</strong></span> <span class='ocrx_word' id='word_1_202' title='bbox 1850 1551 2103 1630; x_wconf 90' lang='lat' dir='ltr'><strong>teipsum</strong></span> <span class='ocrx_word' id='word_1_203' title='bbox 2128 1550 2369 1630; x_wconf 82' lang='lat' dir='ltr'><strong>castiga,</strong></span> <span class='ocrx_word' id='word_1_204' title='bbox 2395 1549 2744 1612; x_wconf 88' lang='lat' dir='ltr'><strong>subeuntem</strong></span> <span class='ocrx_word' id='word_1_205' title='bbox 2759 1550 3080 1629; x_wconf 90' lang='lat' dir='ltr'><strong>judicium.</strong></span> <span class='ocrx_word' id='word_1_206' title='bbox 3107 1551 3267 1615; x_wconf 83' lang='lat' dir='ltr'><strong>Dixit</strong></span> <span class='ocrx_word' id='word_1_207' title='bbox 3286 1555 3497 1617; x_wconf 89' lang='lat' dir='ltr'><strong>Alma-</strong></span> 
     </span>
    </p>
   </div>
   <div class='ocr_carea' id='block_1_17' title="bbox 162 1637 3499 1720">
    <p class='ocr_par' dir='ltr' id='par_1_17' title="bbox 162 1637 3499 1720">
     <span class='ocr_line' id='line_1_17' title="bbox 162 1637 3499 1720; baseline 0.002 -21"><span class='ocrx_word' id='word_1_208' title='bbox 162 1650 202 1700; x_wconf 82' lang='lat' dir='ltr'><strong>et</strong></span> <span class='ocrx_word' id='word_1_209' title='bbox 219 1638 908 1719; x_wconf 86' lang='lat' dir='ltr'><strong>cognatos,dilectosque,</strong></span> <span class='ocrx_word' id='word_1_210' title='bbox 933 1650 991 1700; x_wconf 88' lang='lat' dir='ltr'><strong>et</strong></span> <span class='ocrx_word' id='word_1_211' title='bbox 1024 1638 1412 1719; x_wconf 87' lang='lat' dir='ltr'><strong>propinquos,</strong></span> <span class='ocrx_word' id='word_1_212' title='bbox 1447 1646 1505 1700; x_wconf 91' lang='lat' dir='ltr'><strong>et</strong></span> <span class='ocrx_word' id='word_1_213' title='bbox 1538 1637 1817 1720; x_wconf 90' lang='lat' dir='ltr'><strong>amicos_</strong></span> <span class='ocrx_word' id='word_1_214' title='bbox 1847 1640 2018 1701; x_wconf 87' lang='lat' dir='ltr'><strong>chius</strong></span> <span class='ocrx_word' id='word_1_215' title='bbox 2067 1640 2379 1720; x_wconf 66' lang='lat' dir='ltr'><strong>praefectus</strong></span> <span class='ocrx_word' id='word_1_216' title='bbox 2414 1661 2426 1702; x_wconf 90' lang='lat'><strong>:</strong></span> <span class='ocrx_word' id='word_1_217' title='bbox 2488 1643 2750 1718; x_wconf 90' lang='lat' dir='ltr'><strong>Ignoras,</strong></span> <span class='ocrx_word' id='word_1_218' title='bbox 2806 1640 2961 1719; x_wconf 91' lang='lat' dir='ltr'><strong>quod</strong></span> <span class='ocrx_word' id='word_1_219' title='bbox 3022 1640 3247 1703; x_wconf 91' lang='lat' dir='ltr'><strong>domini</strong></span> <span class='ocrx_word' id='word_1_220' title='bbox 3294 1642 3499 1706; x_wconf 88' lang='lat' dir='ltr'><strong>invicti</strong></span> 
     </span>
    </p>
   </div>
   <div class='ocr_carea' id='block_1_18' title="bbox 165 1714 3497 1810">
    <p class='ocr_par' dir='ltr' id='par_1_18' title="bbox 165 1714 3497 1810">
     <span class='ocr_line' id='line_1_18' title="bbox 165 1714 3497 1810; baseline 0.004 -26"><span class='ocrx_word' id='word_1_221' title='bbox 165 1714 425 1789; x_wconf 72' lang='lat' dir='ltr'><strong>vobiscum</strong></span> <span class='ocrx_word' id='word_1_222' title='bbox 478 1727 763 1789; x_wconf 79' lang='lat' dir='ltr'><strong>faceretis</strong></span> <span class='ocrx_word' id='word_1_223' title='bbox 789 1714 1040 1790; x_wconf 79' lang='lat' dir='ltr'><strong>currere</strong></span> <span class='ocrx_word' id='word_1_224' title='bbox 1071 1734 1099 1789; x_wconf 84' lang='lat'><strong>?</strong></span> <span class='ocrx_word' id='word_1_225' title='bbox 1137 1714 1209 1789; x_wconf 83' lang='lat' dir='ltr'><strong>Si</strong></span> <span class='ocrx_word' id='word_1_226' title='bbox 1246 1714 1379 1806; x_wconf 82' lang='lat' dir='ltr'><strong>quis</strong></span> <span class='ocrx_word' id='word_1_227' title='bbox 1432 1735 1628 1787; x_wconf 88' lang='lat' dir='ltr'><strong>autem</strong></span> <span class='ocrx_word' id='word_1_228' title='bbox 1661 1714 1822 1787; x_wconf 77' lang='lat' dir='ltr'><strong>vosB</strong></span> <span class='ocrx_word' id='word_1_229' title='bbox 1848 1714 2240 1810; x_wconf 75' lang='lat' dir='ltr'><strong>imperatores</strong></span> <span class='ocrx_word' id='word_1_230' title='bbox 2263 1714 2578 1810; x_wconf 81' lang='lat' dir='ltr'><strong>jusserunt</strong></span> <span class='ocrx_word' id='word_1_231' title='bbox 2622 1741 2686 1790; x_wconf 89' lang='lat' dir='ltr'><strong>ut</strong></span> <span class='ocrx_word' id='word_1_232' title='bbox 2739 1714 2840 1809; x_wconf 84' lang='lat' dir='ltr'><strong>qui</strong></span> <span class='ocrx_word' id='word_1_233' title='bbox 2872 1747 2989 1789; x_wconf 93' lang='lat' dir='ltr'><strong>non</strong></span> <span class='ocrx_word' id='word_1_234' title='bbox 3040 1737 3383 1809; x_wconf 81' lang='lat' dir='ltr'><strong>negaverint</strong></span> <span class='ocrx_word' id='word_1_235' title='bbox 3430 1752 3497 1797; x_wconf 87' lang='lat' dir='ltr'><strong>se</strong></span> 
     </span>
    </p>
   </div>
   <div class='ocr_carea' id='block_1_19' title="bbox 160 1814 3493 1905">
    <p class='ocr_par' dir='ltr' id='par_1_19' title="bbox 160 1814 3493 1905">
     <span class='ocr_line' id='line_1_19' title="bbox 160 1814 3493 1905; baseline 0.002 -26"><span class='ocrx_word' id='word_1_236' title='bbox 160 1826 421 1879; x_wconf 86' lang='lat' dir='ltr'><strong>currentes</strong></span> <span class='ocrx_word' id='word_1_237' title='bbox 450 1826 771 1891; x_wconf 82' lang='lat' dir='ltr'><strong>averteret,</strong></span> <span class='ocrx_word' id='word_1_238' title='bbox 806 1816 1065 1879; x_wconf 88' lang='lat' dir='ltr'><strong>dicendo</strong></span> <span class='ocrx_word' id='word_1_239' title='bbox 1096 1834 1198 1878; x_wconf 92' lang='lat' dir='ltr'><strong>vos</strong></span> <span class='ocrx_word' id='word_1_240' title='bbox 1231 1814 1522 1877; x_wconf 88' lang='lat' dir='ltr'><strong>inutiliter</strong></span> <span class='ocrx_word' id='word_1_241' title='bbox 1550 1833 1761 1877; x_wconf 88' lang='lat' dir='ltr'><strong>omnes</strong></span> <span class='ocrx_word' id='word_1_242' title='bbox 1846 1835 1980 1881; x_wconf 89' lang='lat' dir='ltr'><strong>esse</strong></span> <span class='ocrx_word' id='word_1_243' title='bbox 1997 1818 2746 1899; x_wconf 85' lang='lat' dir='ltr'><strong>Christianos,puniantur:</strong></span> <span class='ocrx_word' id='word_1_244' title='bbox 2776 1819 3097 1897; x_wconf 89' lang='lat' dir='ltr'><strong>quiautem</strong></span> <span class='ocrx_word' id='word_1_245' title='bbox 3123 1823 3493 1905; x_wconf 86' lang='lat' dir='ltr'><strong>negaverint,</strong></span> 
     </span>
    </p>
   </div>
   <div class='ocr_carea' id='block_1_20' title="bbox 158 1904 3493 1983">
    <p class='ocr_par' dir='ltr' id='par_1_20' title="bbox 158 1904 3493 1983">
     <span class='ocr_line' id='line_1_20' title="bbox 158 1904 3493 1983; baseline 0.003 -16"><span class='ocrx_word' id='word_1_246' title='bbox 158 1917 339 1968; x_wconf 76' lang='lat' dir='ltr'><strong>vestros</strong></span> <span class='ocrx_word' id='word_1_247' title='bbox 391 1925 673 1969; x_wconf 89' lang='lat' dir='ltr'><strong>nummos</strong></span> <span class='ocrx_word' id='word_1_248' title='bbox 705 1925 838 1968; x_wconf 89' lang='lat' dir='ltr'><strong>esse</strong></span> <span class='ocrx_word' id='word_1_249' title='bbox 889 1907 1156 1983; x_wconf 88' lang='lat' dir='ltr'><strong>daturos,</strong></span> <span class='ocrx_word' id='word_1_250' title='bbox 1192 1923 1332 1966; x_wconf 93' lang='lat' dir='ltr'><strong>num</strong></span> <span class='ocrx_word' id='word_1_251' title='bbox 1397 1923 1499 1966; x_wconf 91' lang='lat' dir='ltr'><strong>eos</strong></span> <span class='ocrx_word' id='word_1_252' title='bbox 1547 1904 1763 1967; x_wconf 87' lang='lat' dir='ltr'><strong>essetis</strong></span> <span class='ocrx_word' id='word_1_253' title='bbox 1846 1908 2241 1970; x_wconf 91' lang='lat' dir='ltr'><strong>dimittantur.</strong></span> <span class='ocrx_word' id='word_1_254' title='bbox 2280 1908 2434 1972; x_wconf 88' lang='lat' dir='ltr'><strong>Dixit</strong></span> <span class='ocrx_word' id='word_1_255' title='bbox 2464 1915 2671 1972; x_wconf 86' lang='lat' dir='ltr'><strong>sancta</strong></span> <span class='ocrx_word' id='word_1_256' title='bbox 2702 1908 2955 1971; x_wconf 61' lang='lat' dir='ltr'><strong>Caecilia:</strong></span> <span class='ocrx_word' id='word_1_257' title='bbox 2992 1907 3088 1971; x_wconf 91' lang='lat' dir='ltr'><strong>Sic</strong></span> <span class='ocrx_word' id='word_1_258' title='bbox 3118 1912 3296 1974; x_wconf 90' lang='lat' dir='ltr'><strong>vestri</strong></span> <span class='ocrx_word' id='word_1_259' title='bbox 3329 1904 3493 1975; x_wconf 50' lang='lat' dir='ltr'><strong>sem?</strong></span> 
     </span>
    </p>
   </div>
   <div class='ocr_carea' id='block_1_21' title="bbox 158 1994 3493 2078">
    <p class='ocr_par' dir='ltr' id='par_1_21' title="bbox 158 1994 3493 2078">
     <span class='ocr_line' id='line_1_21' title="bbox 158 1994 3493 2078; baseline 0.003 -21"><span class='ocrx_word' id='word_1_260' title='bbox 158 1996 342 2057; x_wconf 83' lang='lat' dir='ltr'><strong>irrisuri</strong></span> <span class='ocrx_word' id='word_1_261' title='bbox 366 2006 430 2057; x_wconf 92' lang='lat' dir='ltr'><strong>ut</strong></span> <span class='ocrx_word' id='word_1_262' title='bbox 474 1999 845 2073; x_wconf 87' lang='lat' dir='ltr'><strong>ignorantes,</strong></span> <span class='ocrx_word' id='word_1_263' title='bbox 880 2004 939 2057; x_wconf 93' lang='lat' dir='ltr'><strong>et</strong></span> <span class='ocrx_word' id='word_1_264' title='bbox 966 1996 1066 2077; x_wconf 93' lang='lat' dir='ltr'><strong>qui</strong></span> <span class='ocrx_word' id='word_1_265' title='bbox 1098 1994 1243 2056; x_wconf 92' lang='lat' dir='ltr'><strong>nihil</strong></span> <span class='ocrx_word' id='word_1_266' title='bbox 1277 2003 1709 2073; x_wconf 85' lang='lat' dir='ltr'><strong>cognoscerent</strong></span> <span class='ocrx_word' id='word_1_267' title='bbox 1743 2012 1757 2057; x_wconf 88' lang='lat'>:</span> <span class='ocrx_word' id='word_1_268' title='bbox 1849 2016 1953 2077; x_wconf 91' lang='lat' dir='ltr'><strong>per</strong></span> <span class='ocrx_word' id='word_1_269' title='bbox 1969 1997 2565 2078; x_wconf 88' lang='lat' dir='ltr'><strong>erantimperatores,</strong></span> <span class='ocrx_word' id='word_1_270' title='bbox 2590 1998 2745 2060; x_wconf 89' lang='lat' dir='ltr'><strong>sicut</strong></span> <span class='ocrx_word' id='word_1_271' title='bbox 2767 2000 2941 2059; x_wconf 87' lang='lat' dir='ltr'><strong>etiam</strong></span> <span class='ocrx_word' id='word_1_272' title='bbox 2964 2008 3156 2061; x_wconf 89' lang='lat' dir='ltr'><strong>vestra</strong></span> <span class='ocrx_word' id='word_1_273' title='bbox 3173 2000 3493 2067; x_wconf 90' lang='lat' dir='ltr'><strong>celsitudo.</strong></span> 
     </span>
    </p>
   </div>
   <div class='ocr_carea' id='block_1_22' title="bbox 155 2083 3493 2172">
    <p class='ocr_par' dir='ltr' id='par_1_22' title="bbox 155 2083 3493 2172">
     <span class='ocr_line' id='line_1_22' title="bbox 155 2083 3493 2172; baseline 0.004 -29"><span class='ocrx_word' id='word_1_274' title='bbox 155 2103 231 2147; x_wconf 85' lang='lat' dir='ltr'><strong>vos</strong></span> <span class='ocrx_word' id='word_1_275' title='bbox 254 2092 432 2149; x_wconf 87' lang='lat' dir='ltr'><strong>autem</strong></span> <span class='ocrx_word' id='word_1_276' title='bbox 466 2086 585 2146; x_wconf 64' lang='lat' dir='ltr'><strong>laeti</strong></span> <span class='ocrx_word' id='word_1_277' title='bbox 618 2086 959 2160; x_wconf 91' lang='lat' dir='ltr'><strong>curreretis,</strong></span> <span class='ocrx_word' id='word_1_278' title='bbox 987 2086 1143 2165; x_wconf 90' lang='lat' dir='ltr'><strong>quod</strong></span> <span class='ocrx_word' id='word_1_279' title='bbox 1164 2102 1297 2146; x_wconf 91' lang='lat' dir='ltr'><strong>cum</strong></span> <span class='ocrx_word' id='word_1_280' title='bbox 1326 2083 1585 2164; x_wconf 88' lang='lat' dir='ltr'><strong>pretioso</strong></span> <span class='ocrx_word' id='word_1_281' title='bbox 1615 2101 1759 2145; x_wconf 81' lang='lat' dir='ltr'><strong>auro</strong></span> <span class='ocrx_word' id='word_1_282' title='bbox 1848 2089 1997 2151; x_wconf 88' lang='lat' dir='ltr'><strong>Nam</strong></span> <span class='ocrx_word' id='word_1_283' title='bbox 2025 2106 2155 2167; x_wconf 70' lang='lat' dir='ltr'><strong>quae</strong></span> <span class='ocrx_word' id='word_1_284' title='bbox 2184 2086 2257 2150; x_wconf 88' lang='lat' dir='ltr'><strong>ab</strong></span> <span class='ocrx_word' id='word_1_285' title='bbox 2288 2087 2430 2169; x_wconf 88' lang='lat' dir='ltr'><strong>ipsis</strong></span> <span class='ocrx_word' id='word_1_286' title='bbox 2464 2089 2750 2169; x_wconf 87' lang='lat' dir='ltr'><strong>processit</strong></span> <span class='ocrx_word' id='word_1_287' title='bbox 2776 2090 3093 2164; x_wconf 87' lang='lat' dir='ltr'><strong>sententia,</strong></span> <span class='ocrx_word' id='word_1_288' title='bbox 3120 2108 3223 2151; x_wconf 92' lang='lat' dir='ltr'><strong>vos</strong></span> <span class='ocrx_word' id='word_1_289' title='bbox 3252 2092 3493 2172; x_wconf 89' lang='lat' dir='ltr'><strong>quidem</strong></span> 
     </span>
    </p>
   </div>
   <div class='ocr_carea' id='block_1_23' title="bbox 157 2173 3500 2261">
    <p class='ocr_par' dir='ltr' id='par_1_23' title="bbox 157 2173 3500 2261">
     <span class='ocr_line' id='line_1_23' title="bbox 157 2173 3500 2261; baseline 0.002 -25"><span class='ocrx_word' id='word_1_290' title='bbox 157 2177 325 2237; x_wconf 85' lang='lat' dir='ltr'><strong>essetis</strong></span> <span class='ocrx_word' id='word_1_291' title='bbox 354 2177 751 2256; x_wconf 88' lang='lat' dir='ltr'><strong>permutaturi</strong></span> <span class='ocrx_word' id='word_1_292' title='bbox 783 2192 862 2237; x_wconf 66' lang='lat' dir='ltr'><strong>aes</strong></span> <span class='ocrx_word' id='word_1_293' title='bbox 919 2173 1285 2247; x_wconf 85' lang='lat' dir='ltr'><strong>miserabile,</strong></span> <span class='ocrx_word' id='word_1_294' title='bbox 1320 2183 1381 2234; x_wconf 92' lang='lat' dir='ltr'><strong>et</strong></span> <span class='ocrx_word' id='word_1_295' title='bbox 1410 2189 1528 2234; x_wconf 92' lang='lat' dir='ltr'><strong>non</strong></span> <span class='ocrx_word' id='word_1_296' title='bbox 1560 2173 1760 2252; x_wconf 82' lang='lat' dir='ltr'><strong>magni</strong></span> <span class='ocrx_word' id='word_1_297' title='bbox 1844 2186 2062 2240; x_wconf 90' lang='lat' dir='ltr'><strong>testata</strong></span> <span class='ocrx_word' id='word_1_298' title='bbox 2104 2190 2195 2240; x_wconf 91' lang='lat' dir='ltr'><strong>est</strong></span> <span class='ocrx_word' id='word_1_299' title='bbox 2229 2197 2358 2241; x_wconf 89' lang='lat' dir='ltr'><strong>esse</strong></span> <span class='ocrx_word' id='word_1_300' title='bbox 2389 2181 2630 2261; x_wconf 89' lang='lat' dir='ltr'><strong>impios,</strong></span> <span class='ocrx_word' id='word_1_301' title='bbox 2670 2197 2778 2241; x_wconf 89' lang='lat' dir='ltr'><strong>nos</strong></span> <span class='ocrx_word' id='word_1_302' title='bbox 2826 2193 3021 2241; x_wconf 86' lang='lat' dir='ltr'><strong>autem</strong></span> <span class='ocrx_word' id='word_1_303' title='bbox 3053 2198 3187 2241; x_wconf 85' lang='lat' dir='ltr'><strong>esse</strong></span> <span class='ocrx_word' id='word_1_304' title='bbox 3236 2184 3500 2244; x_wconf 90' lang='lat' dir='ltr'><strong>ostendit</strong></span> 
     </span>
    </p>
   </div>
   <div class='ocr_carea' id='block_1_24' title="bbox 157 2262 3497 2349">
    <p class='ocr_par' dir='ltr' id='par_1_24' title="bbox 157 2262 3497 2349">
     <span class='ocr_line' id='line_1_24' title="bbox 157 2262 3497 2349; baseline 0.003 -24"><span class='ocrx_word' id='word_1_305' title='bbox 157 2266 296 2346; x_wconf 81' lang='lat' dir='ltr'><strong>pretii</strong></span> <span class='ocrx_word' id='word_1_306' title='bbox 321 2268 347 2327; x_wconf 83' lang='lat'><strong>?</strong></span> <span class='ocrx_word' id='word_1_307' title='bbox 370 2265 437 2327; x_wconf 85' lang='lat' dir='ltr'><strong>Et</strong></span> <span class='ocrx_word' id='word_1_308' title='bbox 463 2283 567 2327; x_wconf 88' lang='lat' dir='ltr'><strong>vos</strong></span> <span class='ocrx_word' id='word_1_309' title='bbox 620 2264 858 2345; x_wconf 86' lang='lat' dir='ltr'><strong>quidem</strong></span> <span class='ocrx_word' id='word_1_310' title='bbox 892 2265 1127 2345; x_wconf 90' lang='lat' dir='ltr'><strong>pondus</strong></span> <span class='ocrx_word' id='word_1_311' title='bbox 1182 2282 1286 2344; x_wconf 93' lang='lat' dir='ltr'><strong>pro</strong></span> <span class='ocrx_word' id='word_1_312' title='bbox 1321 2262 1585 2343; x_wconf 89' lang='lat' dir='ltr'><strong>pondere</strong></span> <span class='ocrx_word' id='word_1_313' title='bbox 1612 2283 1761 2343; x_wconf 83' lang='lat' dir='ltr'><strong>gau-</strong></span> <span class='ocrx_word' id='word_1_314' title='bbox 1844 2269 2215 2337; x_wconf 85' lang='lat' dir='ltr'><strong>innocentes.</strong></span> <span class='ocrx_word' id='word_1_315' title='bbox 2253 2269 2313 2331; x_wconf 92' lang='lat' dir='ltr'><strong>Si</strong></span> <span class='ocrx_word' id='word_1_316' title='bbox 2347 2269 2506 2330; x_wconf 90' lang='lat' dir='ltr'><strong>enim</strong></span> <span class='ocrx_word' id='word_1_317' title='bbox 2541 2268 2761 2331; x_wconf 91' lang='lat' dir='ltr'><strong>malum</strong></span> <span class='ocrx_word' id='word_1_318' title='bbox 2796 2276 2958 2330; x_wconf 91' lang='lat' dir='ltr'><strong>esset</strong></span> <span class='ocrx_word' id='word_1_319' title='bbox 2988 2270 3102 2331; x_wconf 90' lang='lat' dir='ltr'><strong>hoc</strong></span> <span class='ocrx_word' id='word_1_320' title='bbox 3119 2288 3360 2349; x_wconf 86' lang='lat' dir='ltr'><strong>nomen,</strong></span> <span class='ocrx_word' id='word_1_321' title='bbox 3387 2292 3497 2336; x_wconf 91' lang='lat' dir='ltr'><strong>nos</strong></span> 
     </span>
    </p>
   </div>
   <div class='ocr_carea' id='block_1_25' title="bbox 157 2353 3495 2437">
    <p class='ocr_par' dir='ltr' id='par_1_25' title="bbox 157 2353 3495 2437">
     <span class='ocr_line' id='line_1_25' title="bbox 157 2353 3495 2437; baseline 0.003 -22"><span class='ocrx_word' id='word_1_322' title='bbox 157 2356 277 2417; x_wconf 87' lang='lat' dir='ltr'><strong>detis</strong></span> <span class='ocrx_word' id='word_1_323' title='bbox 303 2356 572 2436; x_wconf 85' lang='lat' dir='ltr'><strong>accipere</strong></span> <span class='ocrx_word' id='word_1_324' title='bbox 602 2373 617 2430; x_wconf 89' lang='lat'><strong>;</strong></span> <span class='ocrx_word' id='word_1_325' title='bbox 666 2357 826 2418; x_wconf 88' lang='lat' dir='ltr'><strong>Dens</strong></span> <span class='ocrx_word' id='word_1_326' title='bbox 857 2364 1050 2417; x_wconf 89' lang='lat' dir='ltr'><strong>autem</strong></span> <span class='ocrx_word' id='word_1_327' title='bbox 1086 2373 1205 2415; x_wconf 93' lang='lat' dir='ltr'><strong>non</strong></span> <span class='ocrx_word' id='word_1_328' title='bbox 1236 2353 1335 2416; x_wconf 89' lang='lat' dir='ltr'><strong>dat</strong></span> <span class='ocrx_word' id='word_1_329' title='bbox 1364 2354 1598 2434; x_wconf 84' lang='lat' dir='ltr'><strong>pondus</strong></span> <span class='ocrx_word' id='word_1_330' title='bbox 1651 2373 1760 2434; x_wconf 90' lang='lat' dir='ltr'><strong>pro</strong></span> <span class='ocrx_word' id='word_1_331' title='bbox 1845 2356 2093 2434; x_wconf 88' lang='lat' dir='ltr'><strong>quidem</strong></span> <span class='ocrx_word' id='word_1_332' title='bbox 2128 2358 2595 2436; x_wconf 86' lang='lat' dir='ltr'><strong>negavissemus.</strong></span> <span class='ocrx_word' id='word_1_333' title='bbox 2636 2359 2745 2418; x_wconf 90' lang='lat' dir='ltr'><strong>Vos</strong></span> <span class='ocrx_word' id='word_1_334' title='bbox 2790 2366 3011 2437; x_wconf 89' lang='lat' dir='ltr'><strong>autem,</strong></span> <span class='ocrx_word' id='word_1_335' title='bbox 3045 2366 3109 2419; x_wconf 89' lang='lat' dir='ltr'><strong>ut</strong></span> <span class='ocrx_word' id='word_1_336' title='bbox 3158 2377 3267 2421; x_wconf 90' lang='lat' dir='ltr'><strong>nos</strong></span> <span class='ocrx_word' id='word_1_337' title='bbox 3299 2363 3495 2424; x_wconf 83' lang='lat' dir='ltr'><strong>confi-</strong></span> 
     </span>
    </p>
   </div>
   <div class='ocr_carea' id='block_1_26' title="bbox 158 2443 3498 2528">
    <p class='ocr_par' dir='ltr' id='par_1_26' title="bbox 158 2443 3498 2528">
     <span class='ocr_line' id='line_1_26' title="bbox 158 2443 3498 2528; baseline 0.003 -23"><span class='ocrx_word' id='word_1_338' title='bbox 158 2447 399 2526; x_wconf 85' lang='lat' dir='ltr'><strong>pondere,</strong></span> <span class='ocrx_word' id='word_1_339' title='bbox 442 2446 547 2508; x_wconf 88' lang='lat' dir='ltr'><strong>sed</strong></span> <span class='ocrx_word' id='word_1_340' title='bbox 585 2446 801 2525; x_wconf 89' lang='lat' dir='ltr'><strong>accipit</strong></span> <span class='ocrx_word' id='word_1_341' title='bbox 845 2444 1152 2526; x_wconf 90' lang='lat' dir='ltr'><strong>simplum,</strong></span> <span class='ocrx_word' id='word_1_342' title='bbox 1195 2451 1254 2506; x_wconf 92' lang='lat' dir='ltr'><strong>et</strong></span> <span class='ocrx_word' id='word_1_343' title='bbox 1300 2443 1497 2506; x_wconf 90' lang='lat' dir='ltr'><strong>reddit</strong></span> <span class='ocrx_word' id='word_1_344' title='bbox 1550 2453 1763 2506; x_wconf 80' lang='lat' dir='ltr'><strong>centu-</strong></span> <span class='ocrx_word' id='word_1_345' title='bbox 1851 2455 2068 2517; x_wconf 91' lang='lat' dir='ltr'><strong>temur,</strong></span> <span class='ocrx_word' id='word_1_346' title='bbox 2108 2447 2351 2509; x_wconf 90' lang='lat' dir='ltr'><strong>omnino</strong></span> <span class='ocrx_word' id='word_1_347' title='bbox 2385 2448 2755 2527; x_wconf 84' lang='lat' dir='ltr'><strong>coegissetis.</strong></span> <span class='ocrx_word' id='word_1_348' title='bbox 2787 2445 2944 2509; x_wconf 87' lang='lat' dir='ltr'><strong>Dixit</strong></span> <span class='ocrx_word' id='word_1_349' title='bbox 2975 2448 3283 2528; x_wconf 65' lang='lat' dir='ltr'><strong>praefectus</strong></span> <span class='ocrx_word' id='word_1_350' title='bbox 3320 2468 3332 2513; x_wconf 93' lang='lat'><strong>:</strong></span> <span class='ocrx_word' id='word_1_351' title='bbox 3383 2452 3498 2513; x_wconf 91' lang='lat' dir='ltr'><strong>Pro</strong></span> 
     </span>
    </p>
   </div>
   <div class='ocr_carea' id='block_1_27' title="bbox 158 2533 3500 2618">
    <p class='ocr_par' dir='ltr' id='par_1_27' title="bbox 158 2533 3500 2618">
     <span class='ocr_line' id='line_1_27' title="bbox 158 2533 3500 2618; baseline 0.002 -24"><span class='ocrx_word' id='word_1_352' title='bbox 158 2534 286 2612; x_wconf 88' lang='lat' dir='ltr'><strong>plum</strong></span> <span class='ocrx_word' id='word_1_353' title='bbox 314 2556 329 2609; x_wconf 88' lang='lat'><strong>;</strong></span> <span class='ocrx_word' id='word_1_354' title='bbox 367 2544 656 2614; x_wconf 67' lang='lat' dir='ltr'><strong>prmterea</strong></span> <span class='ocrx_word' id='word_1_355' title='bbox 690 2552 828 2595; x_wconf 90' lang='lat' dir='ltr'><strong>vero</strong></span> <span class='ocrx_word' id='word_1_356' title='bbox 860 2533 1041 2595; x_wconf 89' lang='lat' dir='ltr'><strong>vitam</strong></span> <span class='ocrx_word' id='word_1_357' title='bbox 1072 2551 1313 2615; x_wconf 92' lang='lat' dir='ltr'><strong>quoque</strong></span> <span class='ocrx_word' id='word_1_358' title='bbox 1343 2541 1651 2595; x_wconf 71' lang='lat' dir='ltr'><strong>aaternam.</strong></span> <span class='ocrx_word' id='word_1_359' title='bbox 1850 2537 2068 2618; x_wconf 87' lang='lat' dir='ltr'><strong>pietate</strong></span> <span class='ocrx_word' id='word_1_360' title='bbox 2126 2554 2232 2599; x_wconf 82' lang='lat' dir='ltr'><strong>sua</strong></span> <span class='ocrx_word' id='word_1_361' title='bbox 2264 2537 2375 2597; x_wconf 91' lang='lat' dir='ltr'><strong>hoc</strong></span> <span class='ocrx_word' id='word_1_362' title='bbox 2409 2536 2719 2598; x_wconf 90' lang='lat' dir='ltr'><strong>valuerunt</strong></span> <span class='ocrx_word' id='word_1_363' title='bbox 2762 2543 3045 2610; x_wconf 88' lang='lat' dir='ltr'><strong>statuere,</strong></span> <span class='ocrx_word' id='word_1_364' title='bbox 3079 2544 3143 2598; x_wconf 93' lang='lat' dir='ltr'><strong>ut</strong></span> <span class='ocrx_word' id='word_1_365' title='bbox 3172 2556 3279 2599; x_wconf 89' lang='lat' dir='ltr'><strong>sua</strong></span> <span class='ocrx_word' id='word_1_366' title='bbox 3320 2538 3500 2602; x_wconf 87' lang='lat' dir='ltr'><strong>beni-</strong></span> 
     </span>
    </p>
   </div>
   <div class='ocr_carea' id='block_1_28' title="bbox 221 2622 3501 2707">
    <p class='ocr_par' dir='ltr' id='par_1_28' title="bbox 221 2622 3501 2707">
     <span class='ocr_line' id='line_1_28' title="bbox 221 2622 3501 2707; baseline 0.001 -19"><span class='ocrx_word' id='word_1_367' title='bbox 221 2624 564 2689; x_wconf 74' lang='lat' dir='ltr'><strong>XXlll.Cum</strong></span> <span class='ocrx_word' id='word_1_368' title='bbox 592 2625 718 2686; x_wconf 61' lang='lat' dir='ltr'><strong>hinc</strong></span> <span class='ocrx_word' id='word_1_369' title='bbox 740 2629 940 2687; x_wconf 82' lang='lat' dir='ltr'><strong>autem</strong></span> <span class='ocrx_word' id='word_1_370' title='bbox 968 2623 1127 2685; x_wconf 89' lang='lat' dir='ltr'><strong>dicta</strong></span> <span class='ocrx_word' id='word_1_371' title='bbox 1148 2635 1408 2685; x_wconf 85' lang='lat' dir='ltr'><strong>essenta</strong></span> <span class='ocrx_word' id='word_1_372' title='bbox 1428 2622 1605 2707; x_wconf 80' lang='lat' dir='ltr'><strong>beata</strong></span> <span class='ocrx_word' id='word_1_373' title='bbox 1629 2625 1758 2687; x_wconf 60' lang='lat' dir='ltr'><strong>Cre-</strong></span> <span class='ocrx_word' id='word_1_374' title='bbox 1848 2627 2073 2705; x_wconf 90' lang='lat' dir='ltr'><strong>gnitate</strong></span> <span class='ocrx_word' id='word_1_375' title='bbox 2105 2626 2283 2687; x_wconf 87' lang='lat' dir='ltr'><strong>vitam</strong></span> <span class='ocrx_word' id='word_1_376' title='bbox 2320 2626 2623 2700; x_wconf 90' lang='lat' dir='ltr'><strong>donando,</strong></span> <span class='ocrx_word' id='word_1_377' title='bbox 2657 2624 2825 2687; x_wconf 88' lang='lat' dir='ltr'><strong>vobis</strong></span> <span class='ocrx_word' id='word_1_378' title='bbox 2879 2627 3311 2704; x_wconf 89' lang='lat' dir='ltr'><strong>gratificentur.</strong></span> <span class='ocrx_word' id='word_1_379' title='bbox 3347 2629 3501 2692; x_wconf 91' lang='lat' dir='ltr'><strong>Dixit</strong></span> 
     </span>
    </p>
   </div>
   <div class='ocr_carea' id='block_1_29' title="bbox 158 2714 3499 2797">
    <p class='ocr_par' dir='ltr' id='par_1_29' title="bbox 158 2714 3499 2797">
     <span class='ocr_line' id='line_1_29' title="bbox 158 2714 3499 2797; baseline 0.002 -23"><span class='ocrx_word' id='word_1_380' title='bbox 158 2715 280 2782; x_wconf 88' lang='lat' dir='ltr'><strong>cilia,</strong></span> <span class='ocrx_word' id='word_1_381' title='bbox 301 2714 563 2777; x_wconf 87' lang='lat' dir='ltr'><strong>ascendit</strong></span> <span class='ocrx_word' id='word_1_382' title='bbox 586 2732 767 2795; x_wconf 86' lang='lat' dir='ltr'><strong>supra</strong></span> <span class='ocrx_word' id='word_1_383' title='bbox 793 2722 1043 2793; x_wconf 87' lang='lat' dir='ltr'><strong>petram,</strong></span> <span class='ocrx_word' id='word_1_384' title='bbox 1070 2731 1202 2793; x_wconf 61' lang='lat' dir='ltr'><strong>qua;</strong></span> <span class='ocrx_word' id='word_1_385' title='bbox 1223 2725 1352 2776; x_wconf 89' lang='lat' dir='ltr'><strong>erat</strong></span> <span class='ocrx_word' id='word_1_386' title='bbox 1374 2731 1557 2795; x_wconf 85' lang='lat' dir='ltr'><strong>prope</strong></span> <span class='ocrx_word' id='word_1_387' title='bbox 1584 2714 1767 2795; x_wconf 90' lang='lat' dir='ltr'><strong>pedes</strong></span> <span class='ocrx_word' id='word_1_388' title='bbox 1851 2725 2055 2779; x_wconf 88' lang='lat' dir='ltr'><strong>sancta</strong></span> <span class='ocrx_word' id='word_1_389' title='bbox 2080 2717 2325 2779; x_wconf 79' lang='lat' dir='ltr'><strong>Caecilia</strong></span> <span class='ocrx_word' id='word_1_390' title='bbox 2356 2739 2369 2776; x_wconf 91' lang='lat'><strong>:</strong></span> <span class='ocrx_word' id='word_1_391' title='bbox 2398 2714 2555 2778; x_wconf 89' lang='lat' dir='ltr'><strong>Nihil</strong></span> <span class='ocrx_word' id='word_1_392' title='bbox 2577 2726 2669 2777; x_wconf 89' lang='lat' dir='ltr'><strong>est</strong></span> <span class='ocrx_word' id='word_1_393' title='bbox 2692 2734 2859 2797; x_wconf 63' lang='lat' dir='ltr'><strong>teque</strong></span> <span class='ocrx_word' id='word_1_394' title='bbox 2882 2715 3154 2796; x_wconf 92' lang='lat' dir='ltr'><strong>impium,</strong></span> <span class='ocrx_word' id='word_1_395' title='bbox 3179 2718 3330 2780; x_wconf 91' lang='lat' dir='ltr'><strong>nihil</strong></span> <span class='ocrx_word' id='word_1_396' title='bbox 3360 2737 3499 2781; x_wconf 92' lang='lat' dir='ltr'><strong>vero</strong></span> 
     </span>
    </p>
   </div>
   <div class='ocr_carea' id='block_1_30' title="bbox 158 2802 3499 2887">
    <p class='ocr_par' dir='ltr' id='par_1_30' title="bbox 158 2802 3499 2887">
     <span class='ocr_line' id='line_1_30' title="bbox 158 2802 3499 2887; baseline 0.003 -25"><span class='ocrx_word' id='word_1_397' title='bbox 158 2804 275 2884; x_wconf 82' lang='lat' dir='ltr'><strong>ejus,</strong></span> <span class='ocrx_word' id='word_1_398' title='bbox 321 2814 374 2865; x_wconf 91' lang='lat' dir='ltr'><strong>et</strong></span> <span class='ocrx_word' id='word_1_399' title='bbox 427 2804 578 2866; x_wconf 86' lang='lat' dir='ltr'><strong>dicit</strong></span> <span class='ocrx_word' id='word_1_400' title='bbox 629 2802 958 2864; x_wconf 87' lang='lat' dir='ltr'><strong>omnibus:</strong></span> <span class='ocrx_word' id='word_1_401' title='bbox 1023 2802 1278 2865; x_wconf 88' lang='lat' dir='ltr'><strong>Creditis</strong></span> <span class='ocrx_word' id='word_1_402' title='bbox 1332 2822 1422 2880; x_wconf 86' lang='lat' dir='ltr'><strong>ea,</strong></span> <span class='ocrx_word' id='word_1_403' title='bbox 1465 2822 1597 2883; x_wconf 69' lang='lat' dir='ltr'><strong>qua;</strong></span> <span class='ocrx_word' id='word_1_404' title='bbox 1646 2804 1767 2866; x_wconf 82' lang='lat' dir='ltr'><strong>dixi</strong></span> <span class='ocrx_word' id='word_1_405' title='bbox 1851 2814 1968 2867; x_wconf 89' lang='lat' dir='ltr'><strong>tam</strong></span> <span class='ocrx_word' id='word_1_406' title='bbox 1997 2804 3254 2887; x_wconf 66' lang='lat' dir='ltr'><strong>innocentia“:inimicum,quamreisomnia</strong></span> <span class='ocrx_word' id='word_1_407' title='bbox 3276 2808 3499 2872; x_wconf 91' lang='lat' dir='ltr'><strong>inferre</strong></span> 
     </span>
    </p>
   </div>
   <div class='ocr_carea' id='block_1_31' title="bbox 156 2892 3502 2979">
    <p class='ocr_par' dir='ltr' id='par_1_31' title="bbox 156 2892 3502 2979">
     <span class='ocr_line' id='line_1_31' title="bbox 156 2892 3502 2979; baseline 0.002 -27"><span class='ocrx_word' id='word_1_408' title='bbox 156 2893 315 2957; x_wconf 78' lang='lat' dir='ltr'><strong>vobis?</strong></span> <span class='ocrx_word' id='word_1_409' title='bbox 340 2892 646 2956; x_wconf 91' lang='lat' dir='ltr'><strong>llliautem</strong></span> <span class='ocrx_word' id='word_1_410' title='bbox 682 2911 797 2953; x_wconf 90' lang='lat' dir='ltr'><strong>una</strong></span> <span class='ocrx_word' id='word_1_411' title='bbox 820 2910 965 2954; x_wconf 91' lang='lat' dir='ltr'><strong>voce</strong></span> <span class='ocrx_word' id='word_1_412' title='bbox 996 2892 1285 2955; x_wconf 67' lang='lat' dir='ltr'><strong>dixerunt</strong></span> <span class='ocrx_word' id='word_1_413' title='bbox 1317 2911 1561 2955; x_wconf 87' lang='lat' dir='ltr'><strong>omnes:</strong></span> <span class='ocrx_word' id='word_1_414' title='bbox 1593 2892 1768 2955; x_wconf 90' lang='lat' dir='ltr'><strong>Certe</strong></span> <span class='ocrx_word' id='word_1_415' title='bbox 1850 2895 2144 2973; x_wconf 86' lang='lat' dir='ltr'><strong>supplicia</strong></span> <span class='ocrx_word' id='word_1_416' title='bbox 2163 2896 2235 2957; x_wconf 84' lang='lat' dir='ltr'><strong>ad</strong></span> <span class='ocrx_word' id='word_1_417' title='bbox 2274 2896 2410 2971; x_wconf 89' lang='lat' dir='ltr'><strong>hoc,</strong></span> <span class='ocrx_word' id='word_1_418' title='bbox 2440 2902 2505 2956; x_wconf 92' lang='lat' dir='ltr'><strong>ut</strong></span> <span class='ocrx_word' id='word_1_419' title='bbox 2533 2914 2699 2956; x_wconf 85' lang='lat' dir='ltr'><strong>suam</strong></span> <span class='ocrx_word' id='word_1_420' title='bbox 2735 2895 2999 2973; x_wconf 86' lang='lat' dir='ltr'><strong>iniquam</strong></span> <span class='ocrx_word' id='word_1_421' title='bbox 3037 2903 3329 2959; x_wconf 89' lang='lat' dir='ltr'><strong>testentur</strong></span> <span class='ocrx_word' id='word_1_422' title='bbox 3360 2918 3502 2979; x_wconf 86' lang='lat' dir='ltr'><strong>qua-</strong></span> 
     </span>
    </p>
   </div>
   <div class='ocr_carea' id='block_1_32' title="bbox 157 2980 3501 3065">
    <p class='ocr_par' dir='ltr' id='par_1_32' title="bbox 157 2980 3501 3065">
     <span class='ocr_line' id='line_1_32' title="bbox 157 2980 3501 3065; baseline 0.003 -24"><span class='ocrx_word' id='word_1_423' title='bbox 157 2983 409 3045; x_wconf 85' lang='lat' dir='ltr'><strong>credimus</strong></span> <span class='ocrx_word' id='word_1_424' title='bbox 426 2984 483 3045; x_wconf 88' lang='lat' dir='ltr'><strong>in</strong></span> <span class='ocrx_word' id='word_1_425' title='bbox 498 2982 804 3045; x_wconf 89' lang='lat' dir='ltr'><strong>Christum</strong></span> <span class='ocrx_word' id='word_1_426' title='bbox 836 2980 1052 3043; x_wconf 87' lang='lat' dir='ltr'><strong>Filium</strong></span> <span class='ocrx_word' id='word_1_427' title='bbox 1071 2981 1205 3058; x_wconf 85' lang='lat' dir='ltr'><strong>Dei,</strong></span> <span class='ocrx_word' id='word_1_428' title='bbox 1229 3001 1363 3044; x_wconf 88' lang='lat' dir='ltr'><strong>eum</strong></span> <span class='ocrx_word' id='word_1_429' title='bbox 1394 3000 1531 3043; x_wconf 89' lang='lat' dir='ltr'><strong>esse</strong></span> <span class='ocrx_word' id='word_1_430' title='bbox 1562 3000 1766 3044; x_wconf 89' lang='lat' dir='ltr'><strong>verum</strong></span> <span class='ocrx_word' id='word_1_431' title='bbox 1789 3043 1827 3065; x_wconf 59' lang='grc' dir='ltr'>η</span> <span class='ocrx_word' id='word_1_432' title='bbox 1852 2986 2101 3062; x_wconf 90' lang='lat' dir='ltr'><strong>litatem,</strong></span> <span class='ocrx_word' id='word_1_433' title='bbox 2136 2995 2193 3046; x_wconf 90' lang='lat' dir='ltr'><strong>et</strong></span> <span class='ocrx_word' id='word_1_434' title='bbox 2243 2985 2318 3047; x_wconf 89' lang='lat' dir='ltr'><strong>de</strong></span> <span class='ocrx_word' id='word_1_435' title='bbox 2347 3003 2551 3047; x_wconf 92' lang='lat' dir='ltr'><strong>eorum</strong></span> <span class='ocrx_word' id='word_1_436' title='bbox 2585 2987 2646 3046; x_wconf 93' lang='lat' dir='ltr'><strong>in</strong></span> <span class='ocrx_word' id='word_1_437' title='bbox 2679 2984 2957 3065; x_wconf 69' lang='lat' dir='ltr'><strong>mysterio</strong></span> <span class='ocrx_word' id='word_1_438' title='bbox 3008 2984 3191 3047; x_wconf 89' lang='lat' dir='ltr'><strong>sociis</strong></span> <span class='ocrx_word' id='word_1_439' title='bbox 3216 2989 3501 3065; x_wconf 89' lang='lat' dir='ltr'><strong>gravissi-</strong></span> 
     </span>
    </p>
   </div>
   <div class='ocr_carea' id='block_1_33' title="bbox 157 3043 3500 3157">
    <p class='ocr_par' dir='ltr' id='par_1_33' title="bbox 157 3043 3500 3157">
     <span class='ocr_line' id='line_1_33' title="bbox 157 3043 3500 3157; baseline 0.002 -26"><span class='ocrx_word' id='word_1_440' title='bbox 157 3043 713 3150; x_wconf 38' lang='lat' dir='ltr'><strong>Deumquite&#39;talem</strong></span> <span class='ocrx_word' id='word_1_441' title='bbox 740 3072 921 3133; x_wconf 91' lang='lat' dir='ltr'><strong>habet</strong></span> <span class='ocrx_word' id='word_1_442' title='bbox 951 3043 1254 3134; x_wconf 78' lang='lat' dir='ltr'><strong>ancillam.</strong></span> <span class='ocrx_word' id='word_1_443' title='bbox 1273 3071 1427 3134; x_wconf 87' lang='lat' dir='ltr'><strong>Dicit</strong></span> <span class='ocrx_word' id='word_1_444' title='bbox 1457 3071 1544 3133; x_wconf 88' lang='lat' dir='ltr'><strong>eis</strong></span> <span class='ocrx_word' id='word_1_445' title='bbox 1566 3043 1771 3134; x_wconf 84' lang='lat' dir='ltr'><strong>sancta</strong></span> <span class='ocrx_word' id='word_1_446' title='bbox 1788 3043 1828 3095; x_wconf 64' lang='grc' dir='ltr'><strong>ο</strong></span> <span class='ocrx_word' id='word_1_447' title='bbox 2293 3043 3500 3157; x_wconf 32' lang='lat' dir='ltr'><strong>Eudami-afuit}-</strong></span> 
     </span>
    </p>
   </div>
   <div class='ocr_carea' id='block_1_34' title="bbox 153 3161 3506 3243">
    <p class='ocr_par' dir='ltr' id='par_1_34' title="bbox 153 3161 3506 3243">
     <span class='ocr_line' id='line_1_34' title="bbox 153 3161 3506 3243; baseline 0.003 -22"><span class='ocrx_word' id='word_1_448' title='bbox 153 3162 393 3223; x_wconf 69' lang='lat' dir='ltr'><strong>Caecilia:</strong></span> <span class='ocrx_word' id='word_1_449' title='bbox 439 3165 526 3226; x_wconf 87' lang='lat' dir='ltr'><strong>Ite</strong></span> <span class='ocrx_word' id='word_1_450' title='bbox 578 3162 655 3223; x_wconf 89' lang='lat' dir='ltr'><strong>de</strong></span> <span class='ocrx_word' id='word_1_451' title='bbox 708 3174 950 3243; x_wconf 55' lang='lat' dir='ltr'><strong>caetero,</strong></span> <span class='ocrx_word' id='word_1_452' title='bbox 1009 3171 1067 3224; x_wconf 90' lang='lat' dir='ltr'><strong>et</strong></span> <span class='ocrx_word' id='word_1_453' title='bbox 1116 3162 1298 3224; x_wconf 89' lang='lat' dir='ltr'><strong>dicite</strong></span> <span class='ocrx_word' id='word_1_454' title='bbox 1355 3161 1767 3224; x_wconf 89' lang='lat' dir='ltr'><strong>infelicissimo</strong></span> <span class='ocrx_word' id='word_1_455' title='bbox 1853 3176 2059 3228; x_wconf 89' lang='lat' dir='ltr'><strong>centes</strong></span> <span class='ocrx_word' id='word_1_456' title='bbox 2087 3165 2468 3243; x_wconf 85' lang='lat' dir='ltr'><strong>cognoscitis,</strong></span> <span class='ocrx_word' id='word_1_457' title='bbox 2505 3164 2767 3226; x_wconf 87' lang='lat' dir='ltr'><strong>nominis</strong></span> <span class='ocrx_word' id='word_1_458' title='bbox 2795 3163 2990 3225; x_wconf 90' lang='lat' dir='ltr'><strong>solum</strong></span> <span class='ocrx_word' id='word_1_459' title='bbox 3040 3165 3353 3229; x_wconf 89' lang='lat' dir='ltr'><strong>accusatis.</strong></span> <span class='ocrx_word' id='word_1_460' title='bbox 3387 3166 3506 3230; x_wconf 90' lang='lat' dir='ltr'><strong>Sed</strong></span> 
     </span>
    </p>
   </div>
   <div class='ocr_carea' id='block_1_35' title="bbox 152 3250 3505 3337">
    <p class='ocr_par' dir='ltr' id='par_1_35' title="bbox 152 3250 3505 3337">
     <span class='ocr_line' id='line_1_35' title="bbox 152 3250 3505 3337; baseline 0.001 -24"><span class='ocrx_word' id='word_1_461' title='bbox 152 3250 438 3325; x_wconf 76' lang='lat' dir='ltr'><strong>Almachio,</strong></span> <span class='ocrx_word' id='word_1_462' title='bbox 475 3252 639 3334; x_wconf 91' lang='lat' dir='ltr'><strong>quod</strong></span> <span class='ocrx_word' id='word_1_463' title='bbox 670 3270 778 3330; x_wconf 89' lang='lat' dir='ltr'><strong>ego</strong></span> <span class='ocrx_word' id='word_1_464' title='bbox 810 3271 989 3313; x_wconf 91' lang='lat' dir='ltr'><strong>unum</strong></span> <span class='ocrx_word' id='word_1_465' title='bbox 1022 3252 1242 3313; x_wconf 90' lang='lat' dir='ltr'><strong>donum</strong></span> <span class='ocrx_word' id='word_1_466' title='bbox 1280 3262 1437 3332; x_wconf 87' lang='lat' dir='ltr'><strong>peto,</strong></span> <span class='ocrx_word' id='word_1_467' title='bbox 1474 3270 1549 3313; x_wconf 92' lang='lat' dir='ltr'><strong>ne</strong></span> <span class='ocrx_word' id='word_1_468' title='bbox 1588 3251 1769 3313; x_wconf 89' lang='lat' dir='ltr'><strong>nimis</strong></span> <span class='ocrx_word' id='word_1_469' title='bbox 1852 3274 1983 3331; x_wconf 76' lang='lat' dir='ltr'><strong>nos,</strong></span> <span class='ocrx_word' id='word_1_470' title='bbox 2024 3257 2126 3337; x_wconf 92' lang='lat' dir='ltr'><strong>qui</strong></span> <span class='ocrx_word' id='word_1_471' title='bbox 2157 3263 2429 3316; x_wconf 89' lang='lat' dir='ltr'><strong>sanctum</strong></span> <span class='ocrx_word' id='word_1_472' title='bbox 2465 3272 2685 3315; x_wconf 91' lang='lat' dir='ltr'><strong>nomen</strong></span> <span class='ocrx_word' id='word_1_473' title='bbox 2717 3254 2935 3316; x_wconf 89' lang='lat' dir='ltr'><strong>Christi</strong></span> <span class='ocrx_word' id='word_1_474' title='bbox 2974 3256 3411 3333; x_wconf 86' lang='lat' dir='ltr'><strong>cognoscimus,</strong></span> <span class='ocrx_word' id='word_1_475' title='bbox 3444 3258 3505 3318; x_wconf 87' lang='lat' dir='ltr'><strong>id</strong></span> 
     </span>
    </p>
   </div>
   <div class='ocr_carea' id='block_1_36' title="bbox 154 3342 3507 3424">
    <p class='ocr_par' dir='ltr' id='par_1_36' title="bbox 154 3342 3507 3424">
     <span class='ocr_line' id='line_1_36' title="bbox 154 3342 3507 3424; baseline 0.003 -25"><span class='ocrx_word' id='word_1_476' title='bbox 154 3342 410 3404; x_wconf 84' lang='lat' dir='ltr'><strong>acceleret</strong></span> <span class='ocrx_word' id='word_1_477' title='bbox 438 3343 489 3404; x_wconf 90' lang='lat' dir='ltr'><strong>is</strong></span> <span class='ocrx_word' id='word_1_478' title='bbox 520 3360 717 3405; x_wconf 83' lang='lat' dir='ltr'><strong>meam</strong></span> <span class='ocrx_word' id='word_1_479' title='bbox 751 3342 1252 3404; x_wconf 89' lang='lat' dir='ltr'><strong>decertationem.</strong></span> <span class='ocrx_word' id='word_1_480' title='bbox 1287 3342 1415 3418; x_wconf 86' lang='lat' dir='ltr'><strong>Ego</strong></span> <span class='ocrx_word' id='word_1_481' title='bbox 1446 3347 1646 3404; x_wconf 89' lang='lat' dir='ltr'><strong>autem</strong></span> <span class='ocrx_word' id='word_1_482' title='bbox 1681 3343 1769 3403; x_wconf 88' lang='lat' dir='ltr'><strong>fa-</strong></span> <span class='ocrx_word' id='word_1_483' title='bbox 1853 3346 2095 3407; x_wconf 90' lang='lat' dir='ltr'><strong>omnino</strong></span> <span class='ocrx_word' id='word_1_484' title='bbox 2155 3363 2373 3422; x_wconf 88' lang='lat' dir='ltr'><strong>negare</strong></span> <span class='ocrx_word' id='word_1_485' title='bbox 2407 3362 2526 3405; x_wconf 91' lang='lat' dir='ltr'><strong>non</strong></span> <span class='ocrx_word' id='word_1_486' title='bbox 2580 3362 2917 3424; x_wconf 87' lang='lat' dir='ltr'><strong>possumus.</strong></span> <span class='ocrx_word' id='word_1_487' title='bbox 2953 3345 3056 3407; x_wconf 89' lang='lat' dir='ltr'><strong>Est</strong></span> <span class='ocrx_word' id='word_1_488' title='bbox 3099 3345 3259 3405; x_wconf 91' lang='lat' dir='ltr'><strong>enim</strong></span> <span class='ocrx_word' id='word_1_489' title='bbox 3291 3346 3507 3409; x_wconf 88' lang='lat' dir='ltr'><strong>melius</strong></span> 
     </span>
    </p>
   </div>
   <div class='ocr_carea' id='block_1_37' title="bbox 153 3430 3502 3513">
    <p class='ocr_par' dir='ltr' id='par_1_37' title="bbox 153 3430 3502 3513">
     <span class='ocr_line' id='line_1_37' title="bbox 153 3430 3502 3513; baseline 0.002 -23"><span class='ocrx_word' id='word_1_490' title='bbox 153 3431 429 3509; x_wconf 75' lang='lat' dir='ltr'><strong>riam,utin</strong></span> <span class='ocrx_word' id='word_1_491' title='bbox 451 3433 700 3494; x_wconf 86' lang='lat' dir='ltr'><strong>domum</strong></span> <span class='ocrx_word' id='word_1_492' title='bbox 731 3449 921 3493; x_wconf 91' lang='lat' dir='ltr'><strong>meam</strong></span> <span class='ocrx_word' id='word_1_493' title='bbox 946 3432 1141 3492; x_wconf 89' lang='lat' dir='ltr'><strong>veniat</strong></span> <span class='ocrx_word' id='word_1_494' title='bbox 1171 3430 1584 3492; x_wconf 87' lang='lat' dir='ltr'><strong>sanctissimus</strong></span> <span class='ocrx_word' id='word_1_495' title='bbox 1614 3449 1766 3512; x_wconf 89' lang='lat' dir='ltr'><strong>papa</strong></span> <span class='ocrx_word' id='word_1_496' title='bbox 1846 3434 1999 3496; x_wconf 89' lang='lat' dir='ltr'><strong>mori</strong></span> <span class='ocrx_word' id='word_1_497' title='bbox 2034 3434 2311 3508; x_wconf 80' lang='lat' dir='ltr'><strong>feliciter,</strong></span> <span class='ocrx_word' id='word_1_498' title='bbox 2348 3451 2523 3513; x_wconf 87' lang='lat' dir='ltr'><strong>quam</strong></span> <span class='ocrx_word' id='word_1_499' title='bbox 2561 3434 2755 3494; x_wconf 86' lang='lat' dir='ltr'><strong>vivere</strong></span> <span class='ocrx_word' id='word_1_500' title='bbox 2808 3433 3151 3496; x_wconf 85' lang='lat' dir='ltr'><strong>infeliciter.</strong></span> <span class='ocrx_word' id='word_1_501' title='bbox 3184 3434 3308 3496; x_wconf 89' lang='lat' dir='ltr'><strong>Nos</strong></span> <span class='ocrx_word' id='word_1_502' title='bbox 3341 3435 3502 3496; x_wconf 90' lang='lat' dir='ltr'><strong>enim</strong></span> 
     </span>
    </p>
   </div>
   <div class='ocr_carea' id='block_1_38' title="bbox 153 3520 3497 3604">
    <p class='ocr_par' dir='ltr' id='par_1_38' title="bbox 153 3520 3497 3604">
     <span class='ocr_line' id='line_1_38' title="bbox 153 3520 3497 3604; baseline 0 -20"><span class='ocrx_word' id='word_1_503' title='bbox 153 3520 409 3599; x_wconf 64' lang='lat' dir='ltr'><strong>Urbanus,</strong></span> <span class='ocrx_word' id='word_1_504' title='bbox 431 3538 493 3585; x_wconf 85' lang='lat' dir='ltr'><strong>ut</strong></span> <span class='ocrx_word' id='word_1_505' title='bbox 529 3526 710 3587; x_wconf 82' lang='lat' dir='ltr'><strong>faciat</strong></span> <span class='ocrx_word' id='word_1_506' title='bbox 730 3542 830 3586; x_wconf 75' lang='lat' dir='ltr'><strong>vos</strong></span> <span class='ocrx_word' id='word_1_507' title='bbox 860 3541 1070 3585; x_wconf 91' lang='lat' dir='ltr'><strong>omnes</strong></span> <span class='ocrx_word' id='word_1_508' title='bbox 1092 3523 1226 3585; x_wconf 74' lang='lat' dir='ltr'><strong>vitm</strong></span> <span class='ocrx_word' id='word_1_509' title='bbox 1250 3532 1487 3586; x_wconf 61' lang='lat' dir='ltr'><strong>aeternae</strong></span> <span class='ocrx_word' id='word_1_510' title='bbox 1518 3524 1767 3604; x_wconf 88' lang='lat' dir='ltr'><strong>partici-</strong></span> <span class='ocrx_word' id='word_1_511' title='bbox 1846 3541 1982 3585; x_wconf 90' lang='lat' dir='ltr'><strong>vera</strong></span> <span class='ocrx_word' id='word_1_512' title='bbox 2013 3524 2306 3602; x_wconf 87' lang='lat' dir='ltr'><strong>dicentes,</strong></span> <span class='ocrx_word' id='word_1_513' title='bbox 2333 3540 2433 3583; x_wconf 90' lang='lat' dir='ltr'><strong>vos</strong></span> <span class='ocrx_word' id='word_1_514' title='bbox 2450 3524 2744 3603; x_wconf 91' lang='lat' dir='ltr'><strong>punimus,</strong></span> <span class='ocrx_word' id='word_1_515' title='bbox 2764 3522 2980 3604; x_wconf 87' lang='lat' dir='ltr'><strong>quibus</strong></span> <span class='ocrx_word' id='word_1_516' title='bbox 3005 3534 3095 3585; x_wconf 90' lang='lat' dir='ltr'><strong>est</strong></span> <span class='ocrx_word' id='word_1_517' title='bbox 3118 3541 3497 3602; x_wconf 81' lang='lat' dir='ltr'><strong>persuasum,</strong></span> 
     </span>
    </p>
   </div>
   <div class='ocr_carea' id='block_1_39' title="bbox 156 3611 2455 3694">
    <p class='ocr_par' dir='ltr' id='par_1_39' title="bbox 156 3611 2455 3694">
     <span class='ocr_line' id='line_1_39' title="bbox 156 3611 2455 3694; baseline 0 -21"><span class='ocrx_word' id='word_1_518' title='bbox 156 3630 250 3689; x_wconf 80' lang='lat' dir='ltr'><strong>pes,</strong></span> <span class='ocrx_word' id='word_1_519' title='bbox 277 3624 327 3675; x_wconf 90' lang='lat' dir='ltr'><strong>et</strong></span> <span class='ocrx_word' id='word_1_520' title='bbox 349 3615 431 3677; x_wconf 91' lang='lat' dir='ltr'><strong>sic</strong></span> <span class='ocrx_word' id='word_1_521' title='bbox 458 3614 563 3677; x_wconf 89' lang='lat' dir='ltr'><strong>Dei</strong></span> <span class='ocrx_word' id='word_1_522' title='bbox 594 3613 964 3693; x_wconf 88' lang='lat' dir='ltr'><strong>providentia</strong></span> <span class='ocrx_word' id='word_1_523' title='bbox 989 3630 1096 3692; x_wconf 88' lang='lat' dir='ltr'><strong>ego</strong></span> <span class='ocrx_word' id='word_1_524' title='bbox 1120 3631 1356 3694; x_wconf 88' lang='lat' dir='ltr'><strong>quoque</strong></span> <span class='ocrx_word' id='word_1_525' title='bbox 1387 3632 1768 3675; x_wconf 58' lang='lat' dir='ltr'><strong>consumma.</strong></span> <span class='ocrx_word' id='word_1_526' title='bbox 1845 3622 1913 3674; x_wconf 94' lang='lat' dir='ltr'><strong>ut</strong></span> <span class='ocrx_word' id='word_1_527' title='bbox 1940 3613 2148 3674; x_wconf 76' lang='lat' dir='ltr'><strong>falsum</strong></span> <span class='ocrx_word' id='word_1_528' title='bbox 2181 3611 2455 3673; x_wconf 89' lang='lat' dir='ltr'><strong>audiatis.</strong></span> 
     </span>
    </p>
   </div>
   <div class='ocr_carea' id='block_1_40' title="bbox 159 3700 3501 3783">
    <p class='ocr_par' dir='ltr' id='par_1_40' title="bbox 159 3700 3501 3783">
     <span class='ocr_line' id='line_1_40' title="bbox 159 3700 3501 3783; baseline 0.001 -22"><span class='ocrx_word' id='word_1_529' title='bbox 159 3702 415 3767; x_wconf 85' lang='lat' dir='ltr'><strong>bor.Tunc</strong></span> <span class='ocrx_word' id='word_1_530' title='bbox 429 3724 566 3767; x_wconf 91' lang='lat' dir='ltr'><strong>cum</strong></span> <span class='ocrx_word' id='word_1_531' title='bbox 594 3704 653 3765; x_wconf 93' lang='lat' dir='ltr'><strong>in</strong></span> <span class='ocrx_word' id='word_1_532' title='bbox 669 3705 799 3783; x_wconf 82' lang='lat' dir='ltr'><strong>ejus</strong></span> <span class='ocrx_word' id='word_1_533' title='bbox 820 3704 1059 3765; x_wconf 74' lang='lat' dir='ltr'><strong>demum</strong></span> <span class='ocrx_word' id='word_1_534' title='bbox 1079 3702 1338 3765; x_wconf 88' lang='lat' dir='ltr'><strong>venisset</strong></span> <span class='ocrx_word' id='word_1_535' title='bbox 1353 3703 1768 3765; x_wconf 89' lang='lat' dir='ltr'><strong>sanctissimus</strong></span> <span class='ocrx_word' id='word_1_536' title='bbox 1935 3700 2107 3764; x_wconf 81' lang='lat' dir='ltr'><strong>XXV.</strong></span> <span class='ocrx_word' id='word_1_537' title='bbox 2139 3702 2296 3765; x_wconf 87' lang='lat' dir='ltr'><strong>Dixit</strong></span> <span class='ocrx_word' id='word_1_538' title='bbox 2316 3702 2661 3763; x_wconf 87' lang='lat' dir='ltr'><strong>Almachius</strong></span> <span class='ocrx_word' id='word_1_539' title='bbox 2680 3701 3009 3781; x_wconf 79' lang='lat' dir='ltr'><strong>praefectus:</strong></span> <span class='ocrx_word' id='word_1_540' title='bbox 3038 3700 3201 3778; x_wconf 86' lang='lat' dir='ltr'><strong>Elige</strong></span> <span class='ocrx_word' id='word_1_541' title='bbox 3228 3710 3287 3761; x_wconf 91' lang='lat' dir='ltr'><strong>tu</strong></span> <span class='ocrx_word' id='word_1_542' title='bbox 3318 3720 3501 3763; x_wconf 90' lang='lat' dir='ltr'><strong>unum</strong></span> 
     </span>
    </p>
   </div>
   <div class='ocr_carea' id='block_1_41' title="bbox 158 3790 3497 3875">
    <p class='ocr_par' dir='ltr' id='par_1_41' title="bbox 158 3790 3497 3875">
     <span class='ocr_line' id='line_1_41' title="bbox 158 3790 3497 3875; baseline 0 -24"><span class='ocrx_word' id='word_1_543' title='bbox 158 3810 273 3875; x_wconf 80' lang='lat' dir='ltr'><strong>papa</strong></span> <span class='ocrx_word' id='word_1_544' title='bbox 309 3793 600 3874; x_wconf 86' lang='lat' dir='ltr'><strong>Urbanus,</strong></span> <span class='ocrx_word' id='word_1_545' title='bbox 636 3792 950 3872; x_wconf 82' lang='lat' dir='ltr'><strong>baptizavit</strong></span> <span class='ocrx_word' id='word_1_546' title='bbox 987 3792 1299 3873; x_wconf 83' lang='lat' dir='ltr'><strong>plusquam</strong></span> <span class='ocrx_word' id='word_1_547' title='bbox 1358 3792 1768 3871; x_wconf 41' lang='lat' dir='ltr'><strong>quadringen‘</strong></span> <span class='ocrx_word' id='word_1_548' title='bbox 1852 3811 1921 3855; x_wconf 86' lang='lat' dir='ltr'><strong>ex</strong></span> <span class='ocrx_word' id='word_1_549' title='bbox 1958 3792 2209 3854; x_wconf 87' lang='lat' dir='ltr'><strong>duobus:</strong></span> <span class='ocrx_word' id='word_1_550' title='bbox 2235 3792 2639 3863; x_wconf 85' lang='lat' dir='ltr'><strong>autsacrifica,</strong></span> <span class='ocrx_word' id='word_1_551' title='bbox 2666 3802 2763 3851; x_wconf 87' lang='lat' dir='ltr'><strong>aut</strong></span> <span class='ocrx_word' id='word_1_552' title='bbox 2789 3809 2938 3869; x_wconf 89' lang='lat' dir='ltr'><strong>nega</strong></span> <span class='ocrx_word' id='word_1_553' title='bbox 2972 3798 3028 3851; x_wconf 83' lang='lat' dir='ltr'><strong>te</strong></span> <span class='ocrx_word' id='word_1_554' title='bbox 3051 3807 3182 3851; x_wconf 90' lang='lat' dir='ltr'><strong>esse</strong></span> <span class='ocrx_word' id='word_1_555' title='bbox 3205 3790 3497 3853; x_wconf 85' lang='lat' dir='ltr'><strong>Christia-</strong></span> 
     </span>
    </p>
   </div>
   <div class='ocr_carea' id='block_1_42' title="bbox 161 3878 3499 3963">
    <p class='ocr_par' dir='ltr' id='par_1_42' title="bbox 161 3878 3499 3963">
     <span class='ocr_line' id='line_1_42' title="bbox 161 3878 3499 3963; baseline 0.001 -24"><span class='ocrx_word' id='word_1_556' title='bbox 161 3890 247 3961; x_wconf 85' lang='lat' dir='ltr'><strong>tos,</strong></span> <span class='ocrx_word' id='word_1_557' title='bbox 271 3884 473 3946; x_wconf 81' lang='lat' dir='ltr'><strong>diversi</strong></span> <span class='ocrx_word' id='word_1_558' title='bbox 498 3883 961 3957; x_wconf 76' lang='lat' dir='ltr'><strong>sexus,furtun33</strong></span> <span class='ocrx_word' id='word_1_559' title='bbox 981 3890 1039 3944; x_wconf 93' lang='lat' dir='ltr'><strong>et</strong></span> <span class='ocrx_word' id='word_1_560' title='bbox 1060 3886 1271 3944; x_wconf 64' lang='lat' dir='ltr'><strong>astatis.</strong></span> <span class='ocrx_word' id='word_1_561' title='bbox 1294 3880 1455 3943; x_wconf 86' lang='lat' dir='ltr'><strong>Inter</strong></span> <span class='ocrx_word' id='word_1_562' title='bbox 1474 3901 1623 3963; x_wconf 89' lang='lat' dir='ltr'><strong>quos</strong></span> <span class='ocrx_word' id='word_1_563' title='bbox 1642 3892 1770 3944; x_wconf 89' lang='lat' dir='ltr'><strong>erat</strong></span> <span class='ocrx_word' id='word_1_564' title='bbox 1852 3900 2017 3963; x_wconf 90' lang='lat' dir='ltr'><strong>nam,</strong></span> <span class='ocrx_word' id='word_1_565' title='bbox 2053 3890 2113 3944; x_wconf 84' lang='lat' dir='ltr'><strong>ut</strong></span> <span class='ocrx_word' id='word_1_566' title='bbox 2138 3882 2341 3944; x_wconf 90' lang='lat' dir='ltr'><strong>delicti</strong></span> <span class='ocrx_word' id='word_1_567' title='bbox 2374 3881 2477 3941; x_wconf 86' lang='lat' dir='ltr'><strong>tibi</strong></span> <span class='ocrx_word' id='word_1_568' title='bbox 2499 3881 2672 3941; x_wconf 84' lang='lat' dir='ltr'><strong>detur</strong></span> <span class='ocrx_word' id='word_1_569' title='bbox 2696 3880 2886 3943; x_wconf 86' lang='lat' dir='ltr'><strong>venia.</strong></span> <span class='ocrx_word' id='word_1_570' title='bbox 2922 3878 3091 3941; x_wconf 90' lang='lat' dir='ltr'><strong>Tunc</strong></span> <span class='ocrx_word' id='word_1_571' title='bbox 3117 3879 3263 3941; x_wconf 83' lang='lat' dir='ltr'><strong>dixit</strong></span> <span class='ocrx_word' id='word_1_572' title='bbox 3290 3880 3499 3942; x_wconf 85' lang='lat' dir='ltr'><strong>ridens</strong></span> 
     </span>
    </p>
   </div>
   <div class='ocr_carea' id='block_1_43' title="bbox 157 3968 3499 4054">
    <p class='ocr_par' dir='ltr' id='par_1_43' title="bbox 157 3968 3499 4054">
     <span class='ocr_line' id='line_1_43' title="bbox 157 3968 3499 4054; baseline 0 -24"><span class='ocrx_word' id='word_1_573' title='bbox 157 3970 223 4031; x_wconf 78' lang='lat' dir='ltr'><strong>vir</strong></span> <span class='ocrx_word' id='word_1_574' title='bbox 245 3973 621 4047; x_wconf 84' lang='lat' dir='ltr'><strong>clarissimus,</strong></span> <span class='ocrx_word' id='word_1_575' title='bbox 660 3980 902 4034; x_wconf 90' lang='lat' dir='ltr'><strong>nomine</strong></span> <span class='ocrx_word' id='word_1_576' title='bbox 935 3971 1292 4034; x_wconf 88' lang='lat' dir='ltr'><strong>Gordianus.</strong></span> <span class='ocrx_word' id='word_1_577' title='bbox 1340 3974 1394 4032; x_wconf 88' lang='lat' dir='ltr'><strong>is</strong></span> <span class='ocrx_word' id='word_1_578' title='bbox 1424 3990 1558 4033; x_wconf 92' lang='lat' dir='ltr'><strong>cum</strong></span> <span class='ocrx_word' id='word_1_579' title='bbox 1596 3990 1763 4054; x_wconf 71' lang='lat' dir='ltr'><strong>papae</strong></span> <span class='ocrx_word' id='word_1_580' title='bbox 1854 3979 2061 4034; x_wconf 84' lang='lat' dir='ltr'><strong>sancta</strong></span> <span class='ocrx_word' id='word_1_581' title='bbox 2091 3970 2325 4033; x_wconf 65' lang='lat' dir='ltr'><strong>Caecilia</strong></span> <span class='ocrx_word' id='word_1_582' title='bbox 2363 3992 2375 4031; x_wconf 92' lang='lat'><strong>:</strong></span> <span class='ocrx_word' id='word_1_583' title='bbox 2407 3968 2454 4034; x_wconf 93' lang='grc' dir='ltr'><strong>Ο</strong></span> <span class='ocrx_word' id='word_1_584' title='bbox 2481 3968 2744 4047; x_wconf 87' lang='lat' dir='ltr'><strong>judicem</strong></span> <span class='ocrx_word' id='word_1_585' title='bbox 2780 3970 3005 4047; x_wconf 84' lang='lat' dir='ltr'><strong>pudore</strong></span> <span class='ocrx_word' id='word_1_586' title='bbox 3038 3970 3375 4033; x_wconf 85' lang='lat' dir='ltr'><strong>necessario</strong></span> <span class='ocrx_word' id='word_1_587' title='bbox 3409 3973 3499 4031; x_wconf 88' lang='lat' dir='ltr'><strong>af-</strong></span> 
     </span>
    </p>
   </div>
   <div class='ocr_carea' id='block_1_44' title="bbox 158 4059 3496 4141">
    <p class='ocr_par' dir='ltr' id='par_1_44' title="bbox 158 4059 3496 4141">
     <span class='ocr_line' id='line_1_44' title="bbox 158 4059 3496 4141; baseline -0.002 -13"><span class='ocrx_word' id='word_1_588' title='bbox 158 4061 378 4128; x_wconf 76' lang='lat' dir='ltr'><strong>Dl’etihus</strong></span> <span class='ocrx_word' id='word_1_589' title='bbox 406 4064 643 4122; x_wconf 85' lang='lat' dir='ltr'><strong>domum</strong></span> <span class='ocrx_word' id='word_1_590' title='bbox 678 4071 886 4120; x_wconf 82' lang='lat' dir='ltr'><strong>sanctae</strong></span> <span class='ocrx_word' id='word_1_591' title='bbox 915 4061 1154 4119; x_wconf 51' lang='lat' dir='ltr'><strong>Ceciliae</strong></span> <span class='ocrx_word' id='word_1_592' title='bbox 1188 4066 1502 4119; x_wconf 80' lang='lat' dir='ltr'><strong>vocavitex</strong></span> <span class='ocrx_word' id='word_1_593' title='bbox 1528 4076 1632 4118; x_wconf 90' lang='lat' dir='ltr'><strong>suo</strong></span> <span class='ocrx_word' id='word_1_594' title='bbox 1658 4074 1763 4118; x_wconf 87' lang='lat' dir='ltr'><strong>no-</strong></span> <span class='ocrx_word' id='word_1_595' title='bbox 1845 4062 2066 4124; x_wconf 81' lang='lat' dir='ltr'><strong>factum</strong></span> <span class='ocrx_word' id='word_1_596' title='bbox 2095 4067 2122 4123; x_wconf 85' lang='lat'><strong>?</strong></span> <span class='ocrx_word' id='word_1_597' title='bbox 2152 4060 2287 4121; x_wconf 90' lang='lat' dir='ltr'><strong>Vult</strong></span> <span class='ocrx_word' id='word_1_598' title='bbox 2320 4079 2412 4121; x_wconf 88' lang='lat' dir='ltr'><strong>me</strong></span> <span class='ocrx_word' id='word_1_599' title='bbox 2445 4078 2690 4138; x_wconf 86' lang='lat' dir='ltr'><strong>negare,</strong></span> <span class='ocrx_word' id='word_1_600' title='bbox 2718 4067 2778 4120; x_wconf 89' lang='lat' dir='ltr'><strong>et</strong></span> <span class='ocrx_word' id='word_1_601' title='bbox 2804 4077 2935 4119; x_wconf 91' lang='lat' dir='ltr'><strong>esse</strong></span> <span class='ocrx_word' id='word_1_602' title='bbox 2965 4077 3058 4120; x_wconf 90' lang='lat' dir='ltr'><strong>me</strong></span> <span class='ocrx_word' id='word_1_603' title='bbox 3090 4059 3496 4141; x_wconf 87' lang='lat' dir='ltr'><strong>innocentem,</strong></span> 
     </span>
    </p>
   </div>
   <div class='ocr_carea' id='block_1_45' title="bbox 159 4146 3500 4230">
    <p class='ocr_par' dir='ltr' id='par_1_45' title="bbox 159 4146 3500 4230">
     <span class='ocr_line' id='line_1_45' title="bbox 159 4146 3500 4230; baseline 0.002 -27"><span class='ocrx_word' id='word_1_604' title='bbox 159 4150 420 4219; x_wconf 72' lang='lat' dir='ltr'><strong>mine,utin</strong></span> <span class='ocrx_word' id='word_1_605' title='bbox 444 4150 676 4211; x_wconf 94' lang='lat' dir='ltr'><strong>occulto</strong></span> <span class='ocrx_word' id='word_1_606' title='bbox 703 4166 771 4209; x_wconf 87' lang='lat' dir='ltr'><strong>ex</strong></span> <span class='ocrx_word' id='word_1_607' title='bbox 800 4151 895 4209; x_wconf 88' lang='lat' dir='ltr'><strong>illo</strong></span> <span class='ocrx_word' id='word_1_608' title='bbox 921 4151 1107 4217; x_wconf 86' lang='lat' dir='ltr'><strong>die,ex</strong></span> <span class='ocrx_word' id='word_1_609' title='bbox 1132 4165 1248 4223; x_wconf 92' lang='lat' dir='ltr'><strong>quo</strong></span> <span class='ocrx_word' id='word_1_610' title='bbox 1272 4150 1389 4207; x_wconf 89' lang='lat' dir='ltr'><strong>illic</strong></span> <span class='ocrx_word' id='word_1_611' title='bbox 1412 4150 1620 4208; x_wconf 89' lang='lat' dir='ltr'><strong>Christi</strong></span> <span class='ocrx_word' id='word_1_612' title='bbox 1640 4165 1763 4222; x_wconf 85' lang='lat' dir='ltr'><strong>per-</strong></span> <span class='ocrx_word' id='word_1_613' title='bbox 1855 4159 1918 4212; x_wconf 92' lang='lat' dir='ltr'><strong>ut</strong></span> <span class='ocrx_word' id='word_1_614' title='bbox 1949 4150 2079 4230; x_wconf 86' lang='lat' dir='ltr'><strong>ipse</strong></span> <span class='ocrx_word' id='word_1_615' title='bbox 2111 4167 2207 4210; x_wconf 88' lang='lat' dir='ltr'><strong>mc</strong></span> <span class='ocrx_word' id='word_1_616' title='bbox 2238 4149 2415 4209; x_wconf 83' lang='lat' dir='ltr'><strong>faciat</strong></span> <span class='ocrx_word' id='word_1_617' title='bbox 2444 4148 2683 4209; x_wconf 89' lang='lat' dir='ltr'><strong>crimini</strong></span> <span class='ocrx_word' id='word_1_618' title='bbox 2715 4148 3057 4209; x_wconf 84' lang='lat' dir='ltr'><strong>obnoxiam.</strong></span> <span class='ocrx_word' id='word_1_619' title='bbox 3089 4146 3149 4208; x_wconf 90' lang='lat' dir='ltr'><strong>Si</strong></span> <span class='ocrx_word' id='word_1_620' title='bbox 3206 4150 3290 4208; x_wconf 91' lang='lat' dir='ltr'><strong>vis</strong></span> <span class='ocrx_word' id='word_1_621' title='bbox 3319 4166 3500 4209; x_wconf 86' lang='lat' dir='ltr'><strong>accu-</strong></span> 
     </span>
    </p>
   </div>
   <div class='ocr_carea' id='block_1_46' title="bbox 159 4234 3501 4315">
    <p class='ocr_par' dir='ltr' id='par_1_46' title="bbox 159 4234 3501 4315">
     <span class='ocr_line' id='line_1_46' title="bbox 159 4234 3501 4315; baseline 0.001 -22"><span class='ocrx_word' id='word_1_622' title='bbox 159 4252 306 4298; x_wconf 80' lang='lat' dir='ltr'><strong>actum</strong></span> <span class='ocrx_word' id='word_1_623' title='bbox 334 4252 413 4301; x_wconf 79' lang='lat' dir='ltr'><strong>est</strong></span> <span class='ocrx_word' id='word_1_624' title='bbox 442 4243 748 4315; x_wconf 82' lang='lat' dir='ltr'><strong>baptisma.</strong></span> <span class='ocrx_word' id='word_1_625' title='bbox 775 4241 935 4298; x_wconf 84' lang='lat' dir='ltr'><strong>ﬁeret</strong></span> <span class='ocrx_word' id='word_1_626' title='bbox 965 4240 1218 4297; x_wconf 86' lang='lat' dir='ltr'><strong>Ecclesia</strong></span> <span class='ocrx_word' id='word_1_627' title='bbox 1248 4240 1545 4297; x_wconf 88' lang='lat' dir='ltr'><strong>Dominica</strong></span> <span class='ocrx_word' id='word_1_628' title='bbox 1573 4261 1585 4299; x_wconf 83' lang='lat'><strong>;</strong></span> <span class='ocrx_word' id='word_1_629' title='bbox 1619 4240 1760 4297; x_wconf 85' lang='lat' dir='ltr'><strong>adeo</strong></span> <span class='ocrx_word' id='word_1_630' title='bbox 1846 4256 2006 4313; x_wconf 88' lang='lat' dir='ltr'><strong>sare,</strong></span> <span class='ocrx_word' id='word_1_631' title='bbox 2043 4257 2149 4299; x_wconf 88' lang='lat' dir='ltr'><strong>cur</strong></span> <span class='ocrx_word' id='word_1_632' title='bbox 2181 4256 2276 4299; x_wconf 91' lang='lat' dir='ltr'><strong>me</strong></span> <span class='ocrx_word' id='word_1_633' title='bbox 2297 4236 2645 4312; x_wconf 87' lang='lat' dir='ltr'><strong>adhortatis,</strong></span> <span class='ocrx_word' id='word_1_634' title='bbox 2681 4245 2741 4296; x_wconf 92' lang='lat' dir='ltr'><strong>ut</strong></span> <span class='ocrx_word' id='word_1_635' title='bbox 2766 4243 3021 4314; x_wconf 76' lang='lat' dir='ltr'><strong>negem“?</strong></span> <span class='ocrx_word' id='word_1_636' title='bbox 3054 4234 3160 4297; x_wconf 91' lang='lat' dir='ltr'><strong>Sin</strong></span> <span class='ocrx_word' id='word_1_637' title='bbox 3182 4246 3382 4297; x_wconf 89' lang='lat' dir='ltr'><strong>autem</strong></span> <span class='ocrx_word' id='word_1_638' title='bbox 3418 4236 3501 4299; x_wconf 89' lang='lat' dir='ltr'><strong>vis</strong></span> 
     </span>
    </p>
   </div>
   <div class='ocr_carea' id='block_1_47' title="bbox 160 4324 3502 4404">
    <p class='ocr_par' dir='ltr' id='par_1_47' title="bbox 160 4324 3502 4404">
     <span class='ocr_line' id='line_1_47' title="bbox 160 4324 3502 4404; baseline 0.001 -21"><span class='ocrx_word' id='word_1_639' title='bbox 160 4336 203 4384; x_wconf 83' lang='lat' dir='ltr'><strong>ut</strong></span> <span class='ocrx_word' id='word_1_640' title='bbox 218 4332 594 4390; x_wconf 82' lang='lat' dir='ltr'><strong>sanctissimus</strong></span> <span class='ocrx_word' id='word_1_641' title='bbox 606 4345 834 4404; x_wconf 87' lang='lat' dir='ltr'><strong>quoque</strong></span> <span class='ocrx_word' id='word_1_642' title='bbox 855 4327 1639 4403; x_wconf 85' lang='lat' dir='ltr'><strong>paanrbanusillicocculte</strong></span> <span class='ocrx_word' id='word_1_643' title='bbox 1666 4331 1762 4387; x_wconf 84' lang='lat' dir='ltr'><strong>ha-</strong></span> <span class='ocrx_word' id='word_1_644' title='bbox 1781 4350 1826 4403; x_wconf 83' lang='grc' dir='ltr'><strong>ι)</strong></span> <span class='ocrx_word' id='word_1_645' title='bbox 1845 4328 2188 4401; x_wconf 88' lang='lat' dir='ltr'><strong>absolvere,</strong></span> <span class='ocrx_word' id='word_1_646' title='bbox 2223 4345 2330 4387; x_wconf 91' lang='lat' dir='ltr'><strong>cur</strong></span> <span class='ocrx_word' id='word_1_647' title='bbox 2362 4345 2477 4388; x_wconf 94' lang='lat' dir='ltr'><strong>non</strong></span> <span class='ocrx_word' id='word_1_648' title='bbox 2510 4325 2925 4402; x_wconf 88' lang='lat' dir='ltr'><strong>visinquirere</strong></span> <span class='ocrx_word' id='word_1_649' title='bbox 2946 4330 2973 4384; x_wconf 87' lang='lat'><strong>?</strong></span> <span class='ocrx_word' id='word_1_650' title='bbox 2994 4324 3149 4385; x_wconf 81' lang='lat' dir='ltr'><strong>Dixit</strong></span> <span class='ocrx_word' id='word_1_651' title='bbox 3179 4325 3502 4404; x_wconf 78' lang='lat' dir='ltr'><strong>praefectus</strong></span> 
     </span>
    </p>
   </div>
   <div class='ocr_carea' id='block_1_48' title="bbox 163 4412 3502 4492">
    <p class='ocr_par' dir='ltr' id='par_1_48' title="bbox 163 4412 3502 4492">
     <span class='ocr_line' id='line_1_48' title="bbox 163 4412 3502 4492; baseline 0.001 -19"><span class='ocrx_word' id='word_1_652' title='bbox 163 4418 403 4489; x_wconf 68' lang='lat' dir='ltr'><strong>bitereuin</strong></span> <span class='ocrx_word' id='word_1_653' title='bbox 426 4422 546 4479; x_wconf 87' lang='lat' dir='ltr'><strong>dies</strong></span> <span class='ocrx_word' id='word_1_654' title='bbox 571 4430 761 4479; x_wconf 88' lang='lat' dir='ltr'><strong>autem</strong></span> <span class='ocrx_word' id='word_1_655' title='bbox 793 4421 996 4478; x_wconf 86' lang='lat' dir='ltr'><strong>Christi</strong></span> <span class='ocrx_word' id='word_1_656' title='bbox 1022 4418 1429 4491; x_wconf 87' lang='lat' dir='ltr'><strong>redemptionis</strong></span> <span class='ocrx_word' id='word_1_657' title='bbox 1458 4419 1615 4478; x_wconf 86' lang='lat' dir='ltr'><strong>lucra</strong></span> <span class='ocrx_word' id='word_1_658' title='bbox 1641 4420 1761 4477; x_wconf 90' lang='lat' dir='ltr'><strong>illic</strong></span> <span class='ocrx_word' id='word_1_659' title='bbox 1848 4418 2197 4479; x_wconf 83' lang='lat' dir='ltr'><strong>Almachius</strong></span> <span class='ocrx_word' id='word_1_660' title='bbox 2232 4435 2244 4479; x_wconf 90' lang='lat'><strong>:</strong></span> <span class='ocrx_word' id='word_1_661' title='bbox 2283 4418 2520 4478; x_wconf 85' lang='lat' dir='ltr'><strong>Adsunt</strong></span> <span class='ocrx_word' id='word_1_662' title='bbox 2551 4423 2952 4485; x_wconf 90' lang='lat' dir='ltr'><strong>accusatores,</strong></span> <span class='ocrx_word' id='word_1_663' title='bbox 2990 4412 3088 4492; x_wconf 84' lang='lat' dir='ltr'><strong>qui</strong></span> <span class='ocrx_word' id='word_1_664' title='bbox 3122 4422 3413 4475; x_wconf 81' lang='lat' dir='ltr'><strong>testantur</strong></span> <span class='ocrx_word' id='word_1_665' title='bbox 3444 4423 3502 4477; x_wconf 86' lang='lat' dir='ltr'><strong>te</strong></span> 
     </span>
    </p>
   </div>
   <div class='ocr_carea' id='block_1_49' title="bbox 162 4503 3499 4587">
    <p class='ocr_par' dir='ltr' id='par_1_49' title="bbox 162 4503 3499 4587">
     <span class='ocr_line' id='line_1_49' title="bbox 162 4503 3499 4587; baseline -0.001 -19"><span class='ocrx_word' id='word_1_666' title='bbox 162 4521 535 4587; x_wconf 81' lang='lat' dir='ltr'><strong>crescerent,et</strong></span> <span class='ocrx_word' id='word_1_667' title='bbox 557 4512 775 4575; x_wconf 90' lang='lat' dir='ltr'><strong>diaboli</strong></span> <span class='ocrx_word' id='word_1_668' title='bbox 802 4520 1008 4575; x_wconf 89' lang='lat' dir='ltr'><strong>essent</strong></span> <span class='ocrx_word' id='word_1_669' title='bbox 1036 4510 1247 4572; x_wconf 89' lang='lat' dir='ltr'><strong>damna</strong></span> <span class='ocrx_word' id='word_1_670' title='bbox 1279 4510 1761 4574; x_wconf 90' lang='lat' dir='ltr'><strong>innumerabilia.</strong></span> <span class='ocrx_word' id='word_1_671' title='bbox 1850 4526 1983 4569; x_wconf 86' lang='lat' dir='ltr'><strong>esse</strong></span> <span class='ocrx_word' id='word_1_672' title='bbox 2035 4506 2453 4569; x_wconf 89' lang='lat' dir='ltr'><strong>Christianam.</strong></span> <span class='ocrx_word' id='word_1_673' title='bbox 2487 4506 2546 4565; x_wconf 82' lang='lat' dir='ltr'><strong>Si</strong></span> <span class='ocrx_word' id='word_1_674' title='bbox 2580 4524 2720 4583; x_wconf 86' lang='lat' dir='ltr'><strong>ergo</strong></span> <span class='ocrx_word' id='word_1_675' title='bbox 2772 4503 3210 4584; x_wconf 86' lang='lat' dir='ltr'><strong>quamprimum</strong></span> <span class='ocrx_word' id='word_1_676' title='bbox 3244 4523 3499 4583; x_wconf 88' lang='lat' dir='ltr'><strong>negave-</strong></span> 
     </span>
    </p>
   </div>
   <div class='ocr_carea' id='block_1_50' title="bbox 220 4592 3497 4676">
    <p class='ocr_par' dir='ltr' id='par_1_50' title="bbox 220 4592 3497 4676">
     <span class='ocr_line' id='line_1_50' title="bbox 220 4592 3497 4676; baseline -0.002 -17"><span class='ocrx_word' id='word_1_677' title='bbox 220 4598 569 4666; x_wconf 73' lang='lat' dir='ltr'><strong>XXIV.Cum</strong></span> <span class='ocrx_word' id='word_1_678' title='bbox 598 4603 721 4664; x_wconf 62' lang='lat' dir='ltr'><strong>haec</strong></span> <span class='ocrx_word' id='word_1_679' title='bbox 742 4609 937 4663; x_wconf 88' lang='lat' dir='ltr'><strong>autem</strong></span> <span class='ocrx_word' id='word_1_680' title='bbox 964 4600 1574 4673; x_wconf 85' lang='lat' dir='ltr'><strong>ﬁerent,Almachius</strong></span> <span class='ocrx_word' id='word_1_681' title='bbox 1598 4601 1767 4663; x_wconf 91' lang='lat' dir='ltr'><strong>urbis</strong></span> <span class='ocrx_word' id='word_1_682' title='bbox 1850 4597 1958 4671; x_wconf 90' lang='lat' dir='ltr'><strong>ris,</strong></span> <span class='ocrx_word' id='word_1_683' title='bbox 2010 4596 2284 4676; x_wconf 89' lang='lat' dir='ltr'><strong>impones</strong></span> <span class='ocrx_word' id='word_1_684' title='bbox 2339 4597 2512 4656; x_wconf 88' lang='lat' dir='ltr'><strong>tinem</strong></span> <span class='ocrx_word' id='word_1_685' title='bbox 2575 4612 2780 4655; x_wconf 87' lang='lat' dir='ltr'><strong>eorum</strong></span> <span class='ocrx_word' id='word_1_686' title='bbox 2839 4592 3335 4654; x_wconf 87' lang='lat' dir='ltr'><strong>accusationibus.</strong></span> <span class='ocrx_word' id='word_1_687' title='bbox 3394 4592 3497 4656; x_wconf 89' lang='lat' dir='ltr'><strong>Sin</strong></span> 
     </span>
    </p>
   </div>
   <div class='ocr_carea' id='block_1_51' title="bbox 167 4682 3498 4773">
    <p class='ocr_par' dir='ltr' id='par_1_51' title="bbox 167 4682 3498 4773">
     <span class='ocr_line' id='line_1_51' title="bbox 167 4682 3498 4773; baseline -0.002 -25"><span class='ocrx_word' id='word_1_688' title='bbox 167 4690 433 4763; x_wconf 63' lang='lat' dir='ltr'><strong>prafectus</strong></span> <span class='ocrx_word' id='word_1_689' title='bbox 467 4692 644 4773; x_wconf 87' lang='lat' dir='ltr'><strong>jubet</strong></span> <span class='ocrx_word' id='word_1_690' title='bbox 673 4708 874 4753; x_wconf 87' lang='lat' dir='ltr'><strong>coram</strong></span> <span class='ocrx_word' id='word_1_691' title='bbox 908 4708 975 4753; x_wconf 87' lang='lat' dir='ltr'><strong>se</strong></span> <span class='ocrx_word' id='word_1_692' title='bbox 1026 4690 1154 4753; x_wconf 88' lang='lat' dir='ltr'><strong>sisti</strong></span> <span class='ocrx_word' id='word_1_693' title='bbox 1190 4689 1482 4753; x_wconf 70' lang='lat' dir='ltr'><strong>Cteciliam</strong></span> <span class='ocrx_word' id='word_1_694' title='bbox 1522 4711 1538 4766; x_wconf 92' lang='lat'><strong>;</strong></span> <span class='ocrx_word' id='word_1_695' title='bbox 1580 4708 1762 4768; x_wconf 85' lang='lat' dir='ltr'><strong>quam</strong></span> <span class='ocrx_word' id='word_1_696' title='bbox 1851 4696 2052 4748; x_wconf 81' lang='lat' dir='ltr'><strong>autem</strong></span> <span class='ocrx_word' id='word_1_697' title='bbox 2141 4686 2404 4747; x_wconf 89' lang='lat' dir='ltr'><strong>nolueris</strong></span> <span class='ocrx_word' id='word_1_698' title='bbox 2490 4701 2732 4773; x_wconf 78' lang='lat' dir='ltr'><strong>negare,</strong></span> <span class='ocrx_word' id='word_1_699' title='bbox 2808 4684 2921 4773; x_wconf 89' lang='lat' dir='ltr'><strong>hoc</strong></span> <span class='ocrx_word' id='word_1_700' title='bbox 2991 4695 3105 4743; x_wconf 79' lang='lat' dir='ltr'><strong>tuac</strong></span> <span class='ocrx_word' id='word_1_701' title='bbox 3176 4682 3498 4773; x_wconf 72' lang='lat' dir='ltr'><strong>imputabis</strong></span> 
     </span>
    </p>
   </div>
   <div class='ocr_carea' id='block_1_52' title="bbox 168 4770 3502 4860">
    <p class='ocr_par' dir='ltr' id='par_1_52' title="bbox 168 4770 3502 4860">
     <span class='ocr_line' id='line_1_52' title="bbox 168 4770 3502 4860; baseline -0.003 -19"><span class='ocrx_word' id='word_1_702' title='bbox 168 4770 512 4860; x_wconf 76' lang='lat' dir='ltr'><strong>interrogans,</strong></span> <span class='ocrx_word' id='word_1_703' title='bbox 545 4782 603 4843; x_wconf 91' lang='lat' dir='ltr'><strong>ci</strong></span> <span class='ocrx_word' id='word_1_704' title='bbox 642 4780 788 4842; x_wconf 88' lang='lat' dir='ltr'><strong>dicit</strong></span> <span class='ocrx_word' id='word_1_705' title='bbox 823 4801 836 4843; x_wconf 91' lang='lat'><strong>:</strong></span> <span class='ocrx_word' id='word_1_706' title='bbox 890 4778 1055 4853; x_wconf 89' lang='lat' dir='ltr'><strong>Quod</strong></span> <span class='ocrx_word' id='word_1_707' title='bbox 1104 4787 1192 4841; x_wconf 85' lang='lat' dir='ltr'><strong>est</strong></span> <span class='ocrx_word' id='word_1_708' title='bbox 1237 4796 1455 4841; x_wconf 91' lang='lat' dir='ltr'><strong>nomen</strong></span> <span class='ocrx_word' id='word_1_709' title='bbox 1505 4786 1696 4859; x_wconf 88' lang='lat' dir='ltr'><strong>tuum,</strong></span> <span class='ocrx_word' id='word_1_710' title='bbox 1732 4798 1769 4840; x_wconf 93' lang='lat' dir='ltr'><strong>o</strong></span> <span class='ocrx_word' id='word_1_711' title='bbox 1853 4774 2131 4836; x_wconf 71' lang='lat' dir='ltr'><strong>amentiae</strong></span> <span class='ocrx_word' id='word_1_712' title='bbox 2175 4775 2409 4856; x_wconf 90' lang='lat' dir='ltr'><strong>quando</strong></span> <span class='ocrx_word' id='word_1_713' title='bbox 2441 4774 2501 4835; x_wconf 90' lang='lat' dir='ltr'><strong>in</strong></span> <span class='ocrx_word' id='word_1_714' title='bbox 2535 4782 2590 4835; x_wconf 93' lang='lat' dir='ltr'><strong>te</strong></span> <span class='ocrx_word' id='word_1_715' title='bbox 2621 4772 2735 4834; x_wconf 87' lang='lat' dir='ltr'><strong>lata</strong></span> <span class='ocrx_word' id='word_1_716' title='bbox 2775 4772 2948 4833; x_wconf 91' lang='lat' dir='ltr'><strong>fuerit</strong></span> <span class='ocrx_word' id='word_1_717' title='bbox 2976 4772 3296 4835; x_wconf 89' lang='lat' dir='ltr'><strong>sententia.</strong></span> <span class='ocrx_word' id='word_1_718' title='bbox 3349 4770 3502 4835; x_wconf 83' lang='lat' dir='ltr'><strong>Dixit</strong></span> 
     </span>
    </p>
   </div>
   <div class='ocr_carea' id='block_1_53' title="bbox 166 4860 3497 4952">
    <p class='ocr_par' dir='ltr' id='par_1_53' title="bbox 166 4860 3497 4952">
     <span class='ocr_line' id='line_1_53' title="bbox 166 4860 3497 4952; baseline -0.002 -24"><span class='ocrx_word' id='word_1_719' title='bbox 166 4869 370 4943; x_wconf 81' lang='lat' dir='ltr'><strong>puella?</strong></span> <span class='ocrx_word' id='word_1_720' title='bbox 393 4870 713 4952; x_wconf 82' lang='lat' dir='ltr'><strong>Respondit</strong></span> <span class='ocrx_word' id='word_1_721' title='bbox 736 4879 960 4932; x_wconf 89' lang='lat' dir='ltr'><strong>sancta:</strong></span> <span class='ocrx_word' id='word_1_722' title='bbox 988 4869 1245 4932; x_wconf 72' lang='lat' dir='ltr'><strong>Czecilia.</strong></span> <span class='ocrx_word' id='word_1_723' title='bbox 1271 4868 1425 4929; x_wconf 89' lang='lat' dir='ltr'><strong>Dixit</strong></span> <span class='ocrx_word' id='word_1_724' title='bbox 1458 4870 1769 4949; x_wconf 66' lang='lat' dir='ltr'><strong>praefectus</strong></span> <span class='ocrx_word' id='word_1_725' title='bbox 1850 4872 2053 4925; x_wconf 88' lang='lat' dir='ltr'><strong>sancta</strong></span> <span class='ocrx_word' id='word_1_726' title='bbox 2084 4864 2356 4927; x_wconf 65' lang='lat' dir='ltr'><strong>Caecilia:</strong></span> <span class='ocrx_word' id='word_1_727' title='bbox 2389 4863 2605 4926; x_wconf 88' lang='lat' dir='ltr'><strong>Eorum</strong></span> <span class='ocrx_word' id='word_1_728' title='bbox 2639 4861 2946 4952; x_wconf 88' lang='lat' dir='ltr'><strong>accusatio</strong></span> <span class='ocrx_word' id='word_1_729' title='bbox 2964 4869 3053 4921; x_wconf 90' lang='lat' dir='ltr'><strong>est</strong></span> <span class='ocrx_word' id='word_1_730' title='bbox 3084 4860 3228 4952; x_wconf 81' lang='lat' dir='ltr'><strong>mihi</strong></span> <span class='ocrx_word' id='word_1_731' title='bbox 3254 4860 3497 4922; x_wconf 88' lang='lat' dir='ltr'><strong>deside-</strong></span> 
     </span>
    </p>
   </div>
   <div class='ocr_carea' id='block_1_54' title="bbox 165 4949 3493 5040">
    <p class='ocr_par' dir='ltr' id='par_1_54' title="bbox 165 4949 3493 5040">
     <span class='ocr_line' id='line_1_54' title="bbox 165 4949 3493 5040; baseline -0.002 -23"><span class='ocrx_word' id='word_1_732' title='bbox 165 4955 462 5022; x_wconf 79' lang='lat' dir='ltr'><strong>Almachius</strong></span> <span class='ocrx_word' id='word_1_733' title='bbox 487 4949 728 5040; x_wconf 59' lang='lat' dir='ltr'><strong>{Cujus</strong></span> <span class='ocrx_word' id='word_1_734' title='bbox 757 4977 821 5020; x_wconf 90' lang='lat' dir='ltr'><strong>es</strong></span> <span class='ocrx_word' id='word_1_735' title='bbox 851 4956 1267 5020; x_wconf 85' lang='lat' dir='ltr'><strong>conditionis?</strong></span> <span class='ocrx_word' id='word_1_736' title='bbox 1296 4955 1456 5020; x_wconf 88' lang='lat' dir='ltr'><strong>Dixit</strong></span> <span class='ocrx_word' id='word_1_737' title='bbox 1484 4956 1759 5020; x_wconf 66' lang='lat' dir='ltr'><strong>Caecilia:</strong></span> <span class='ocrx_word' id='word_1_738' title='bbox 1853 4954 2063 5035; x_wconf 85' lang='lat' dir='ltr'><strong>randa,</strong></span> <span class='ocrx_word' id='word_1_739' title='bbox 2098 4964 2160 5016; x_wconf 92' lang='lat' dir='ltr'><strong>et</strong></span> <span class='ocrx_word' id='word_1_740' title='bbox 2210 4954 2437 5035; x_wconf 87' lang='lat' dir='ltr'><strong>punitio</strong></span> <span class='ocrx_word' id='word_1_741' title='bbox 2467 4963 2566 5015; x_wconf 88' lang='lat' dir='ltr'><strong>tua</strong></span> <span class='ocrx_word' id='word_1_742' title='bbox 2596 4962 2686 5014; x_wconf 90' lang='lat' dir='ltr'><strong>est</strong></span> <span class='ocrx_word' id='word_1_743' title='bbox 2743 4951 3010 5040; x_wconf 55' lang='lat' dir='ltr'><strong>victoria.</strong></span> <span class='ocrx_word' id='word_1_744' title='bbox 3048 4949 3180 5011; x_wconf 85' lang='lat' dir='ltr'><strong>Noli</strong></span> <span class='ocrx_word' id='word_1_745' title='bbox 3214 4967 3309 5040; x_wconf 82' lang='lat' dir='ltr'><strong>rue</strong></span> <span class='ocrx_word' id='word_1_746' title='bbox 3354 4967 3493 5025; x_wconf 80' lang='lat' dir='ltr'><strong>ergo</strong></span> 
     </span>
    </p>
   </div>
   <div class='ocr_carea' id='block_1_55' title="bbox 167 5038 3487 5127">
    <p class='ocr_par' dir='ltr' id='par_1_55' title="bbox 167 5038 3487 5127">
     <span class='ocr_line' id='line_1_55' title="bbox 167 5038 3487 5127; baseline -0.002 -21"><span class='ocrx_word' id='word_1_747' title='bbox 167 5042 386 5123; x_wconf 78' lang='lat' dir='ltr'><strong>laganus</strong></span> <span class='ocrx_word' id='word_1_748' title='bbox 409 5068 477 5112; x_wconf 89' lang='lat' dir='ltr'><strong>ex</strong></span> <span class='ocrx_word' id='word_1_749' title='bbox 532 5038 903 5111; x_wconf 80' lang='lat' dir='ltr'><strong>clarissimis.</strong></span> <span class='ocrx_word' id='word_1_750' title='bbox 939 5046 1098 5109; x_wconf 89' lang='lat' dir='ltr'><strong>Dixit</strong></span> <span class='ocrx_word' id='word_1_751' title='bbox 1124 5047 1437 5127; x_wconf 63' lang='lat' dir='ltr'><strong>praefectus</strong></span> <span class='ocrx_word' id='word_1_752' title='bbox 1477 5068 1490 5110; x_wconf 94' lang='lat'>:</span> <span class='ocrx_word' id='word_1_753' title='bbox 1546 5046 1668 5126; x_wconf 87' lang='lat' dir='ltr'><strong>Ego</strong></span> <span class='ocrx_word' id='word_1_754' title='bbox 1703 5056 1759 5110; x_wconf 91' lang='lat' dir='ltr'><strong>te</strong></span> <span class='ocrx_word' id='word_1_755' title='bbox 1848 5044 2155 5123; x_wconf 82' lang='lat' dir='ltr'><strong>corrigere</strong></span> <span class='ocrx_word' id='word_1_756' title='bbox 2173 5054 2449 5123; x_wconf 89' lang='lat' dir='ltr'><strong>tanquam</strong></span> <span class='ocrx_word' id='word_1_757' title='bbox 2474 5039 2911 5104; x_wconf 78' lang='lat' dir='ltr'><strong>errantemzsed</strong></span> <span class='ocrx_word' id='word_1_758' title='bbox 2933 5038 3186 5117; x_wconf 90' lang='lat' dir='ltr'><strong>teipsum</strong></span> <span class='ocrx_word' id='word_1_759' title='bbox 3221 5038 3487 5127; x_wconf 83' lang='lat' dir='ltr'><strong>incr_epa,</strong></span> 
     </span>
    </p>
   </div>
   <div class='ocr_carea' id='block_1_56' title="bbox 168 5125 3495 5226">
    <p class='ocr_par' dir='ltr' id='par_1_56' title="bbox 168 5125 3495 5226">
     <span class='ocr_line' id='line_1_56' title="bbox 168 5125 3495 5226; baseline -0.003 -29"><span class='ocrx_word' id='word_1_760' title='bbox 168 5150 277 5226; x_wconf 67' lang='lat' dir='ltr'><strong>tngo</strong></span> <span class='ocrx_word' id='word_1_761' title='bbox 316 5139 384 5200; x_wconf 93' lang='lat' dir='ltr'><strong>de</strong></span> <span class='ocrx_word' id='word_1_762' title='bbox 413 5139 723 5219; x_wconf 88' lang='lat' dir='ltr'><strong>religione,</strong></span> <span class='ocrx_word' id='word_1_763' title='bbox 756 5156 871 5199; x_wconf 90' lang='lat' dir='ltr'><strong>non</strong></span> <span class='ocrx_word' id='word_1_764' title='bbox 922 5125 1227 5200; x_wconf 11' lang='lat' dir='ltr'><strong>autemﬁde</strong></span> <span class='ocrx_word' id='word_1_765' title='bbox 1257 5154 1522 5226; x_wconf 72' lang='lat' dir='ltr'><strong>genere.</strong></span> <span class='ocrx_word' id='word_1_766' title='bbox 1547 5125 1761 5199; x_wconf 73' lang='lat' dir='ltr'><strong>sancta</strong></span> <span class='ocrx_word' id='word_1_767' title='bbox 1850 5133 1954 5213; x_wconf 87' lang='lat' dir='ltr'><strong>qui</strong></span> <span class='ocrx_word' id='word_1_768' title='bbox 1984 5133 2316 5226; x_wconf 60' lang='lat' dir='ltr'><strong>existimas</strong></span> <span class='ocrx_word' id='word_1_769' title='bbox 2369 5133 2497 5193; x_wconf 89' lang='lat' dir='ltr'><strong>fore</strong></span> <span class='ocrx_word' id='word_1_770' title='bbox 2553 5139 2616 5191; x_wconf 87' lang='lat' dir='ltr'><strong>ut</strong></span> <span class='ocrx_word' id='word_1_771' title='bbox 2647 5129 2964 5226; x_wconf 73' lang='lat' dir='ltr'><strong>Christum</strong></span> <span class='ocrx_word' id='word_1_772' title='bbox 3041 5145 3277 5226; x_wconf 76' lang='lat' dir='ltr'><strong>negem.</strong></span> <span class='ocrx_word' id='word_1_773' title='bbox 3316 5125 3495 5226; x_wconf 84' lang='lat' dir='ltr'><strong>Dixit</strong></span> 
     </span>
    </p>
   </div>
   <div class='ocr_carea' id='block_1_57' title="bbox 168 5217 3495 5307">
    <p class='ocr_par' dir='ltr' id='par_1_57' title="bbox 168 5217 3495 5307">
     <span class='ocr_line' id='line_1_57' title="bbox 168 5217 3495 5307; baseline -0.003 -23"><span class='ocrx_word' id='word_1_774' title='bbox 168 5222 278 5287; x_wconf 80' lang='lat' dir='ltr'><strong>dixit</strong></span> <span class='ocrx_word' id='word_1_775' title='bbox 296 5217 550 5293; x_wconf 53' lang='lat' dir='ltr'><strong>Caecilia}</strong></span> <span class='ocrx_word' id='word_1_776' title='bbox 588 5217 979 5306; x_wconf 84' lang='lat' dir='ltr'><strong>Interrogatio</strong></span> <span class='ocrx_word' id='word_1_777' title='bbox 1003 5235 1102 5289; x_wconf 86' lang='lat' dir='ltr'><strong>tua</strong></span> <span class='ocrx_word' id='word_1_778' title='bbox 1120 5225 1362 5287; x_wconf 91' lang='lat' dir='ltr'><strong>stultum</strong></span> <span class='ocrx_word' id='word_1_779' title='bbox 1394 5225 1554 5305; x_wconf 92' lang='lat' dir='ltr'><strong>cepit</strong></span> <span class='ocrx_word' id='word_1_780' title='bbox 1592 5226 1760 5307; x_wconf 89' lang='lat' dir='ltr'><strong>prin-</strong></span> <span class='ocrx_word' id='word_1_781' title='bbox 1850 5222 2197 5304; x_wconf 67' lang='lat' dir='ltr'><strong>praefectus:</strong></span> <span class='ocrx_word' id='word_1_782' title='bbox 2234 5220 2470 5292; x_wconf 88' lang='lat' dir='ltr'><strong>Misera,</strong></span> <span class='ocrx_word' id='word_1_783' title='bbox 2500 5219 2695 5280; x_wconf 92' lang='lat' dir='ltr'><strong>nescis</strong></span> <span class='ocrx_word' id='word_1_784' title='bbox 2718 5217 2847 5278; x_wconf 64' lang='lat' dir='ltr'><strong>vitae</strong></span> <span class='ocrx_word' id='word_1_785' title='bbox 2869 5224 2926 5307; x_wconf 85' lang='lat' dir='ltr'><strong>et</strong></span> <span class='ocrx_word' id='word_1_786' title='bbox 2956 5217 3120 5307; x_wconf 86' lang='lat' dir='ltr'><strong>necis</strong></span> <span class='ocrx_word' id='word_1_787' title='bbox 3144 5223 3495 5307; x_wconf 84' lang='lat' dir='ltr'><strong>potestatem</strong></span> 
     </span>
    </p>
   </div>
   <div class='ocr_carea' id='block_1_58' title="bbox 170 5305 3495 5397">
    <p class='ocr_par' dir='ltr' id='par_1_58' title="bbox 170 5305 3495 5397">
     <span class='ocr_line' id='line_1_58' title="bbox 170 5305 3495 5397; baseline -0.002 -23"><span class='ocrx_word' id='word_1_788' title='bbox 170 5310 365 5393; x_wconf 74' lang='lat' dir='ltr'><strong>ripium,</strong></span> <span class='ocrx_word' id='word_1_789' title='bbox 398 5336 522 5397; x_wconf 72' lang='lat' dir='ltr'><strong>qua:</strong></span> <span class='ocrx_word' id='word_1_790' title='bbox 553 5318 674 5379; x_wconf 91' lang='lat' dir='ltr'><strong>duo</strong></span> <span class='ocrx_word' id='word_1_791' title='bbox 705 5305 992 5396; x_wconf 82' lang='lat' dir='ltr'><strong>responsa</strong></span> <span class='ocrx_word' id='word_1_792' title='bbox 1031 5314 1265 5377; x_wconf 90' lang='lat' dir='ltr'><strong>videtur</strong></span> <span class='ocrx_word' id='word_1_793' title='bbox 1288 5314 1510 5376; x_wconf 89' lang='lat' dir='ltr'><strong>elicere</strong></span> <span class='ocrx_word' id='word_1_794' title='bbox 1541 5305 1609 5377; x_wconf 80' lang='lat' dir='ltr'><strong>ex</strong></span> <span class='ocrx_word' id='word_1_795' title='bbox 1644 5334 1761 5377; x_wconf 89' lang='lat' dir='ltr'><strong>una</strong></span> <span class='ocrx_word' id='word_1_796' title='bbox 1852 5310 1998 5374; x_wconf 91' lang='lat' dir='ltr'><strong>mihi</strong></span> <span class='ocrx_word' id='word_1_797' title='bbox 2029 5310 2221 5372; x_wconf 88' lang='lat' dir='ltr'><strong>datam</strong></span> <span class='ocrx_word' id='word_1_798' title='bbox 2255 5327 2387 5371; x_wconf 89' lang='lat' dir='ltr'><strong>esse</strong></span> <span class='ocrx_word' id='word_1_799' title='bbox 2415 5308 2488 5370; x_wconf 86' lang='lat' dir='ltr'><strong>ab</strong></span> <span class='ocrx_word' id='word_1_800' title='bbox 2522 5305 2983 5388; x_wconf 87' lang='lat' dir='ltr'><strong>imperatoribus</strong></span> <span class='ocrx_word' id='word_1_801' title='bbox 3004 5311 3031 5367; x_wconf 84' lang='lat'>?</span> <span class='ocrx_word' id='word_1_802' title='bbox 3084 5305 3495 5397; x_wconf 73' lang='lat' dir='ltr'><strong>Curloqueris</strong></span> 
     </span>
    </p>
   </div>
   <div class='ocr_carea' id='block_1_59' title="bbox 171 5395 3484 5487">
    <p class='ocr_par' dir='ltr' id='par_1_59' title="bbox 171 5395 3484 5487">
     <span class='ocr_line' id='line_1_59' title="bbox 171 5395 3484 5487; baseline -0.001 -27"><span class='ocrx_word' id='word_1_803' title='bbox 171 5395 989 5487; x_wconf 63' lang='lat' dir='ltr'><strong>quaestiuneDixitprzefectus:</strong></span> <span class='ocrx_word' id='word_1_804' title='bbox 1025 5403 1353 5467; x_wconf 88' lang='lat' dir='ltr'><strong>Undemam</strong></span> <span class='ocrx_word' id='word_1_805' title='bbox 1374 5414 1466 5467; x_wconf 88' lang='lat' dir='ltr'><strong>est</strong></span> <span class='ocrx_word' id='word_1_806' title='bbox 1497 5405 1604 5466; x_wconf 84' lang='lat' dir='ltr'><strong>tibi</strong></span> <span class='ocrx_word' id='word_1_807' title='bbox 1636 5407 1763 5467; x_wconf 63' lang='lat' dir='ltr'><strong>hinc</strong></span> <span class='ocrx_word' id='word_1_808' title='bbox 1849 5420 1985 5465; x_wconf 89' lang='lat' dir='ltr'><strong>cum</strong></span> <span class='ocrx_word' id='word_1_809' title='bbox 2040 5409 2197 5462; x_wconf 88' lang='lat' dir='ltr'><strong>tanta</strong></span> <span class='ocrx_word' id='word_1_810' title='bbox 2248 5400 2573 5481; x_wconf 80' lang='lat' dir='ltr'><strong>superbia?</strong></span> <span class='ocrx_word' id='word_1_811' title='bbox 2624 5395 3259 5487; x_wconf 40' lang='lat' dir='ltr'><strong>DixitsanctasAlio</strong></span> <span class='ocrx_word' id='word_1_812' title='bbox 3310 5396 3484 5487; x_wconf 65' lang='lat' dir='ltr'><strong>modo</strong></span> 
     </span>
    </p>
   </div>
   <div class='ocr_carea' id='block_1_60' title="bbox 171 5482 3492 5581">
    <p class='ocr_par' dir='ltr' id='par_1_60' title="bbox 171 5482 3492 5581">
     <span class='ocr_line' id='line_1_60' title="bbox 171 5482 3492 5581; baseline -0.001 -34"><span class='ocrx_word' id='word_1_813' title='bbox 171 5489 368 5581; x_wconf 79' lang='lat' dir='ltr'><strong>ﬁducia?</strong></span> <span class='ocrx_word' id='word_1_814' title='bbox 393 5482 715 5577; x_wconf 69' lang='lat' dir='ltr'><strong>Respondit</strong></span> <span class='ocrx_word' id='word_1_815' title='bbox 745 5505 948 5557; x_wconf 82' lang='lat' dir='ltr'><strong>sancta</strong></span> <span class='ocrx_word' id='word_1_816' title='bbox 983 5512 997 5559; x_wconf 90' lang='lat'><strong>:</strong></span> <span class='ocrx_word' id='word_1_817' title='bbox 1048 5492 1131 5556; x_wconf 89' lang='lat' dir='ltr'><strong>Ex</strong></span> <span class='ocrx_word' id='word_1_818' title='bbox 1162 5492 1319 5556; x_wconf 85' lang='lat' dir='ltr'><strong>bona</strong></span> <span class='ocrx_word' id='word_1_819' title='bbox 1369 5496 1757 5571; x_wconf 89' lang='lat' dir='ltr'><strong>conscientia,</strong></span> <span class='ocrx_word' id='word_1_820' title='bbox 1848 5492 1990 5555; x_wconf 90' lang='lat' dir='ltr'><strong>licet</strong></span> <span class='ocrx_word' id='word_1_821' title='bbox 2019 5489 2221 5552; x_wconf 89' lang='lat' dir='ltr'><strong>dicere</strong></span> <span class='ocrx_word' id='word_1_822' title='bbox 2269 5489 2614 5571; x_wconf 90' lang='lat' dir='ltr'><strong>superbum,</strong></span> <span class='ocrx_word' id='word_1_823' title='bbox 2652 5496 2709 5549; x_wconf 90' lang='lat' dir='ltr'><strong>et</strong></span> <span class='ocrx_word' id='word_1_824' title='bbox 2752 5486 2866 5581; x_wconf 68' lang='lat' dir='ltr'><strong>alie</strong></span> <span class='ocrx_word' id='word_1_825' title='bbox 2910 5482 3492 5581; x_wconf 52' lang='lat' dir='ltr'><strong>conﬁdentem._h}go</strong></span> 
     </span>
    </p>
   </div>
   <div class='ocr_carea' id='block_1_61' title="bbox 174 5572 3491 5666">
    <p class='ocr_par' dir='ltr' id='par_1_61' title="bbox 174 5572 3491 5666">
     <span class='ocr_line' id='line_1_61' title="bbox 174 5572 3491 5666; baseline -0.002 -24"><span class='ocrx_word' id='word_1_826' title='bbox 174 5590 216 5637; x_wconf 85' lang='lat' dir='ltr'><strong>et</strong></span> <span class='ocrx_word' id='word_1_827' title='bbox 251 5580 348 5645; x_wconf 84' lang='lat' dir='ltr'><strong>fide</strong></span> <span class='ocrx_word' id='word_1_828' title='bbox 389 5572 833 5651; x_wconf 35' lang='lat' dir='ltr'><strong>non—simulata.</strong></span> <span class='ocrx_word' id='word_1_829' title='bbox 895 5585 1053 5649; x_wconf 84' lang='lat' dir='ltr'><strong>Dixit</strong></span> <span class='ocrx_word' id='word_1_830' title='bbox 1103 5586 1416 5666; x_wconf 67' lang='lat' dir='ltr'><strong>praefectus</strong></span> <span class='ocrx_word' id='word_1_831' title='bbox 1452 5605 1465 5645; x_wconf 92' lang='lat'><strong>:</strong></span> <span class='ocrx_word' id='word_1_832' title='bbox 1523 5584 1766 5666; x_wconf 85' lang='lat' dir='ltr'><strong>Ignoras</strong></span> <span class='ocrx_word' id='word_1_833' title='bbox 1850 5582 2242 5658; x_wconf 86' lang='lat' dir='ltr'><strong>confidenter,</strong></span> <span class='ocrx_word' id='word_1_834' title='bbox 2277 5599 2397 5643; x_wconf 88' lang='lat' dir='ltr'><strong>non</strong></span> <span class='ocrx_word' id='word_1_835' title='bbox 2428 5588 2623 5642; x_wconf 91' lang='lat' dir='ltr'><strong>autem</strong></span> <span class='ocrx_word' id='word_1_836' title='bbox 2653 5575 2931 5663; x_wconf 89' lang='lat' dir='ltr'><strong>superbe,</strong></span> <span class='ocrx_word' id='word_1_837' title='bbox 2959 5592 3087 5638; x_wconf 89' lang='lat' dir='ltr'><strong>sum</strong></span> <span class='ocrx_word' id='word_1_838' title='bbox 3115 5572 3491 5637; x_wconf 88' lang='lat' dir='ltr'><strong>locuta.Nam</strong></span> 
     </span>
    </p>
   </div>
  </div>
