3918 6138
384 276 501 345 179

1682 270 1967 334 MENSIS
2008 268 2452 333 NOVEMBER.

3644 256 3758 322 180

377 430 490 474 nos
518 428 758 491 quoque
771 407 945 472 valde
975 406 1286 487 rejicimus
1307 402 1675 486 superbiam.
1710 402 1797 464 Tu
1827 409 2024 465 autem
2048 410 2089 461 Δ
2190 403 2403 467 XXVI.
2439 404 2607 467 Tunc
2625 402 2795 466 valde
2814 403 2999 463 iratus
3027 399 3395 491 Almachius,
3417 396 3602 491 jussit
3628 414 3755 459 eam

378 503 433 564 si
475 521 593 563 non
633 488 808 562 times
838 497 1046 561 audire
1091 495 1422 575 veritatem,
1454 511 1663 555 rursus
1694 491 1921 554 docebo
1975 500 2029 552 te
2111 493 2317 556 reduci
2370 495 2430 557 in
2483 495 2725 557 domum
2776 511 2971 573 suam,
3001 498 3060 553 et
3106 490 3227 551 illis
3276 488 3474 551 balnei
3523 489 3762 550 ﬂamma

381 611 545 654 nunc
574 592 718 653 falsa
749 608 883 652 esse
917 589 1206 649 locutum.
1244 586 1401 649 Dixit
1430 582 1777 646 Almachius
1816 583 2028 662 praefe-

2114 585 2325 645 torreri
2372 588 2470 659 (1).
2506 584 2651 647 Cum
2682 590 2878 645 autem
2930 589 3095 643 esset
3130 580 3188 641 in
3245 598 3386 642 aere
3425 577 3621 640 balnei
3670 582 3759 641 sui

380 689 512 743 ctus
542 701 554 744 :
612 680 904 754 Quidnam
938 676 1068 739 falsi
1101 694 1165 738 es
1196 675 1258 736 in
1290 673 1463 734 nobis
1500 681 1769 734 assecuta
1791 678 1819 735 ’ἐ
1874 670 2030 733 Dixit
2110 672 2359 747 inclusa,
2395 684 2454 736 et
2483 673 2693 736 subtus
2724 680 2844 735 toto
2891 671 2988 733 die
3017 678 3076 732 et
3107 678 3276 731 nocte
3309 687 3520 748 magna
3547 668 3635 729 vis
3659 687 3762 730 ar-

381 779 586 834 sancta
606 768 877 833 Caecilia:
912 767 1059 846 Hoc,
1097 765 1253 845 quod
1286 762 1548 825 alﬁrmas
1597 774 1730 822 tuos
1760 761 2025 842 impera-

380 870 539 923 tores
589 860 694 921 tibi
728 858 965 921 dedisse
996 856 1128 916 vitm
1172 864 1228 916 et
1258 854 1424 914 necis
1473 858 1845 931 potestatem.
1879 853 2037 915 Dixit

381 951 743 1032 praefectus:
805 946 961 1025 Ergo
1021 963 1151 1005 sum
1217 941 1559 1032 mentitus?
1618 941 2034 1032 Sanctaydixit

381 1030 663 1103 Caecilia:
720 1037 975 1109 Revera,
1024 1034 1076 1095 si
1135 1032 1370 1113 jubeas,
1426 1031 1641 1093 falsum
1697 1039 1752 1091 te
1814 1030 2033 1092 dixisse

379 1128 721 1194 ostendem.
788 1125 947 1188 Dixit
994 1123 1358 1204 praefectus:
1421 1121 1550 1184 Dic.
1621 1122 1834 1184 Sancta
1889 1120 2033 1181 dixit

379 1217 635 1282 Caecilia:
662 1215 1023 1278 Dixistituos
1043 1215 1433 1293 imperatores
1452 1210 1555 1273 tibi
1579 1209 1815 1273 dedisse
1840 1218 2031 1290 potes-

379 1316 557 1369 tatem
587 1306 726 1367 vitae
757 1313 813 1366 et
845 1303 1035 1365 necis.
1086 1301 1391 1380 Cognosce
1421 1300 1642 1380 itaque,
1679 1298 1786 1361 tibi
1836 1300 2029 1361 solum

378 1415 512 1460 esse
536 1396 732 1458 datam
765 1393 974 1455 mortis
1004 1400 1381 1472 potestatem.
1405 1388 1550 1452 Nam
1578 1391 1753 1451 vitam
1785 1389 2029 1469 quidem

378 1492 545 1567 potes
603 1504 638 1547 a
665 1483 814 1545 vivis
864 1482 1071 1543 tollere
1110 1500 1125 1557 ;
1162 1480 1414 1543 mortuis
1457 1488 1654 1542 autem
1690 1499 1810 1541 non
1869 1487 2035 1560 potes

379 1576 523 1637 dare
565 1575 765 1636 vitam.
791 1571 900 1635 Dic
932 1589 1093 1651 ergo,
1129 1571 1285 1651 quod
1320 1573 1710 1648 imperatores
1742 1578 1797 1632 te
1827 1569 2030 1631 volue-

377 1673 518 1726 runt
550 1681 684 1725 esse
730 1660 1071 1723 ministrum
1123 1658 1355 1722 mortis.
1405 1658 1551 1721 Nam
1582 1659 1633 1721 si
1678 1668 1739 1722 tu
1783 1660 2038 1739 amplius

2116 762 2314 825 dentis
2336 763 2479 842 ligni
2508 763 2916 837 adhiberetur,
2946 770 3222 840 tanquam
3255 760 3316 821 in
3347 760 3475 821 loco
3510 758 3764 836 refrige-

2116 860 2243 914 rato
2268 853 2453 915 illaesa
2478 853 2804 934 permansit
2826 860 2885 914 et
2905 849 3559 929 salva,Dominigratia:
3585 849 3765 926 adeo,

2117 950 2181 1004 ut
2203 943 2367 1006 nulla
2397 962 2532 1024 pars
2554 944 2798 1004 omnino
2820 961 2895 1003 ex
2932 941 3063 1021 ejus
3088 940 3371 1001 membris
3403 939 3496 1003 vel
3521 940 3769 1000 minimo

2117 1034 2355 1096 sudoris
2398 1034 2567 1112 signo
2597 1031 2774 1095 fuerit
2805 1032 3165 1092 humectata.
3202 1030 3371 1103 Quod
3417 1049 3554 1091 cum
3589 1029 3769 1091 andi-

2116 1122 2295 1184 visset
2325 1123 2667 1186 Almachius
2708 1122 3047 1203 prmfectus,
3083 1120 3222 1182 illuc
3254 1120 3413 1182 misit
3442 1119 3513 1181 ad
3547 1121 3767 1199 ipsam,

2117 1222 2179 1274 ut
2212 1214 2273 1275 in
2305 1213 2451 1293 ipsis
2492 1212 2720 1275 balneis
2766 1213 2817 1274 ei
2856 1220 3033 1291 caput
3091 1216 3519 1291 amputaretur.
3574 1209 3767 1282 Quam

2116 1303 2445 1383 spiculator
2479 1302 2666 1364 tribus
2692 1302 2985 1382 percussit
3011 1300 3319 1375 ictibus,et
3338 1318 3456 1361 non
3491 1299 3684 1381 potuit
3708 1294 3771 1361 ei

2115 1402 2640 1474 caputamputare.
2676 1392 2776 1454 Sic
2800 1400 2996 1453 autem
3031 1409 3161 1453 eam
3186 1390 3540 1470 semiputato
3570 1389 3775 1471 capite

2119 1482 2277 1544 ferus
2305 1492 2363 1544 et
2383 1482 2646 1546 crudelis
2670 1482 2770 1544 ille
2791 1480 2969 1543 lictor
2997 1480 3262 1561 reliquit;
3288 1479 3438 1542 adeo
3468 1488 3533 1541 ut
3555 1497 3775 1541 omnes

2121 1572 2472 1653 turbze,quaa
2493 1591 2598 1653 per
2617 1572 2774 1633 illam
2791 1569 3550 1648 crediderant,sanguinem
3569 1570 3774 1631 linteis

2122 1671 2399 1743 tanquam
2428 1662 2689 1743 spongiis
2711 1660 3039 1725 hauserint.
3065 1658 3280 1720 Tribus
3303 1668 3525 1734 autem,
3550 1659 3777 1740 quibus

383 1752 632 1833 dixeris,
667 1750 1141 1833 deprehenderis
1170 1749 1315 1812 falsa
1367 1749 1595 1825 dicere,
1629 1759 1687 1810 et
1734 1767 1866 1830 quae
1919 1766 2035 1811 non
2061 1771 2100 1825 Β
2121 1753 2447 1832 supervixit
2473 1752 2708 1826 diebus,
2741 1770 2857 1812 non
2890 1751 3145 1812 cessavit
3175 1768 3406 1831 omnes,
3441 1768 3595 1826 quos
3623 1750 3782 1812 aluit

382 1852 634 1925 possunt
684 1843 1037 1904 consistere.
1074 1839 1233 1905 Dixit
1291 1838 1605 1920 praefectus
1635 1838 1980 1901 Almachius
2017 1860 2030 1902 :

379 1932 468 1995 Ne
498 1933 580 1993 sis
612 1930 890 2005 verbosa,
919 1948 954 1991 ο
987 1929 1343 2000 mulier,sed
1375 1928 1451 1989 de
1483 1936 1700 1990 caetero
1731 1936 1889 1990 tuam
1922 1928 2034 1990 de-

385 2042 539 2103 pone
589 2020 922 2095 audaciam,
955 2028 1015 2082 et
1060 2017 1220 2094 veni,
1253 2027 1311 2079 et
1365 2018 1482 2080 diis
1529 2018 1820 2081 sacrifica.
1881 2016 2041 2083 Dixit

379 2120 585 2177 sancta
639 2110 908 2175 Caecilia:
944 2108 1182 2182 Nescio,
1217 2108 1456 2170 ubinam
1490 2115 1622 2169 tuos
1650 2109 1857 2169 oculos
1882 2108 2038 2170 ami-

380 2204 559 2266 seris.
596 2200 740 2264 Nam
791 2217 939 2282 quos
967 2210 1028 2261 tu
1060 2198 1209 2261 dicis
1239 2197 1411 2278 deos,
1445 2215 1552 2276 ego
1586 2205 1644 2259 et
1674 2216 1903 2272 omnes,
1939 2197 2040 2279 qui

382 2292 707 2355 suntsanis
746 2289 964 2360 oculis,
999 2287 1270 2350 videmus
1302 2305 1437 2348 esse
1470 2287 1717 2367 lapides,
1752 2296 1812 2351 et
1844 2306 1947 2368 aes,
1982 2297 2041 2350 et

381 2381 714 2464 plumbum.
772 2379 931 2444 Dixit
997 2378 1350 2459 praifectus:
1413 2378 1788 2440 Contumelia
1846 2378 2037 2441 efﬁcis

378 2471 757 2550 religionem,
790 2469 1095 2549 despectis
1119 2467 1512 2548 philosophis,
1537 2486 1655 2528 non
1682 2486 1918 2548 possum
1937 2485 2037 2528 au-

379 2570 499 2623 tem
518 2561 679 2623 ferre
717 2559 969 2621 deorum
996 2558 1410 2619 contumelias.
1443 2556 1602 2618 Dixit
1617 2565 1819 2618 sancta
1848 2556 2035 2618 Caeci-

378 2651 500 2714 lia:
536 2649 618 2711 Ex
651 2668 770 2726 quo
828 2666 895 2709 os
928 2646 1239 2728 aperuisti,
1277 2646 1505 2707 nullum
1536 2644 1781 2707 verbum
1816 2646 2034 2726 fecisti,

380 2740 541 2817 quod
576 2758 695 2801 non
728 2747 785 2799 te
815 2736 1163 2798 ostenderet
1196 2735 1507 2815 injustam,
1544 2734 1934 2815 insipientem
1978 2744 2037 2797 et

385 2827 778 2892 stultum.Sed
805 2826 964 2888 enim
992 2823 1277 2906 quidnam
1303 2826 1418 2886 hoc
1452 2833 1564 2905 est,
1591 2825 1748 2905 quod
1776 2826 2041 2888 externis

385 2917 575 2995 oculis
604 2934 740 2979 esse
770 2934 995 2978 caecum
1049 2914 1336 2994 ostendis,
1373 2917 1607 2994 quando
1640 2915 1797 2995 quod
1832 2934 2040 2978 omnes

386 2994 645 3087 lapidem
680 3024 812 3067 esse
862 3003 1212 3083 aspicimus,
1251 3013 1307 3065 et
1337 3002 1594 3083 lapidem
1647 2994 1940 3085 inutilem,
1979 3014 2038 3067 tu

384 3099 566 3161 deum
599 3114 734 3158 esse
753 3093 1027 3198 testaris?
1055 3096 1141 3155 Do
1169 3093 1294 3198 tibi,
1321 3093 1590 3198 jubes,
1611 3093 1953 3196 consilium,
1981 3105 2040 3198 et
2057 3148 2097 3198 α

386 3206 527 3250 eum
563 3195 834 3265 tangens,
860 3183 1025 3247 disce
1057 3202 1190 3247 esse
1218 3182 1474 3263 lapidem
1505 3184 1594 3259 ;si
1619 3203 1738 3245 non
1771 3186 1949 3260 nosti,
1978 3185 2037 3247 id

383 3276 685 3357 aspiciens
713 3298 728 3356 ;
764 3284 856 3338 est
899 3274 1061 3336 enim
1095 3273 1380 3350 dedecus,
1414 3281 1588 3338 atoto
1620 3287 1677 3337 te
1706 3275 1906 3337 redire
1941 3295 2039 3355 po-

2120 1852 2177 1905 et
2209 1861 2359 1925 qnos
2387 1841 2618 1923 docuit,
2654 1842 3007 1903 conﬁrmare
3040 1849 3103 1903 et
3134 1838 3524 1902 corroborare
3556 1840 3621 1901 in
3652 1840 3779 1901 ﬁde

2120 1932 2386 1996 Domini.
2408 1930 2635 2003 Quibus
2657 1931 2832 1992 etiam
2852 1930 3157 1992 distribuit
3177 1932 3395 2004 omnia,
3425 1949 3557 2010 quas
3576 1928 3776 1993 habe-

2123 2022 2241 2093 bat,
2280 2030 2339 2084 et
2385 2021 2762 2083 sanctissimo
2796 2038 2960 2100 papae
3009 2019 3248 2083 Urbano
3298 2020 3773 2083 commendavit.

2124 2111 2229 2174 Cui
2261 2111 2438 2173 etiam
2494 2112 2640 2174 dixit
2674 2131 2686 2172 :
2741 2110 2945 2171 Trium
2976 2110 3212 2173 dierum
3246 2109 3392 2171 mihi
3429 2110 3554 2189 jam
3590 2110 3780 2190 petivi

2125 2201 2470 2274 terminum,
2499 2208 2563 2262 ut
2596 2200 2820 2262 tradam
2855 2201 2976 2262 haec
3026 2208 3140 2261 tum
3170 2199 3494 2281 sanctitati,
3527 2208 3586 2262 et
3617 2201 3781 2264 hanc

2120 2291 2366 2351 domum
2396 2309 2588 2353 meam
2624 2290 2684 2350 in
2715 2289 2994 2352 smeulum
3035 2288 3318 2352 Ecclesiae
3347 2291 3597 2352 nomine
3628 2309 3785 2352 con-

2119 2398 2344 2443 secres.
2380 2379 2649 2461 Impletis
2677 2388 2875 2441 autem
2910 2379 3121 2453 tribus,
3155 2388 3214 2441 et
3243 2378 3428 2442 Deum
3481 2392 3781 2457 precante

2119 2469 2295 2533 beata
2311 2469 2712 2551 Camilia,cum
2736 2477 2940 2531 essent
2963 2469 3159 2531 adhuc
3173 2486 3383 2550 preces
3400 2468 3459 2530 in
3484 2487 3591 2532 ore
3611 2470 3777 2551 ejus,

2120 2559 2362 2621 tradidit
2414 2561 2732 2640 pretiosam
2767 2568 2824 2622 et
2869 2566 3131 2621 sanctam
3181 2577 3348 2621 suam
3399 2560 3659 2621 animam
3716 2562 3778 2623 in

2120 2668 2329 2711 manus
2360 2650 2467 2712 Dei
2518 2652 2792 2723 viventis,
2826 2652 3050 2711 mensis
3084 2648 3428 2713 Novembris
3467 2648 3569 2709 2‘2.
3601 2648 3780 2713 Tunc

2124 2739 2539 2802 sanctissimus
2587 2758 2736 2820 papa
2766 2737 3060 2816 Urbanus,
3096 2757 3230 2801 cum
3270 2739 3773 2817 gloriosissimum

2125 2831 2257 2909 ejus
2307 2847 2526 2909 corpus
2555 2829 2901 2891 subtulisset
2952 2836 3127 2890 noctu
3159 2847 3294 2890 cum
3343 2828 3641 2910 diaconis,
3670 2848 3775 2893 se-
3808 2842 3819 2857 ‘

2123 2919 2293 3001 pellit
2332 2919 2528 3000 ipsum
2563 2920 2721 2980 inter
2750 2918 2895 2981 alios
2945 2918 3202 2997 collegas
3229 2936 3368 2980 suos
3418 2918 3771 3001 episcopos,

2122 3010 2221 3071 ubi
2253 3018 2390 3070 sunt
2418 3027 2627 3070 omnes
2661 3009 3032 3071 confessores
3063 3017 3120 3069 et
3148 3016 3436 3090 martyres
3486 3009 3775 3089 depositi.

2121 3098 2264 3179 Ejus
2309 3109 2507 3161 autem
2540 3098 2780 3160 domum
2826 3097 2888 3159 in
2918 3107 3204 3160 aeternum
3257 3100 3629 3163 consecravit
3660 3120 3777 3163 no-

2124 3189 2286 3251 mine
2300 3187 2837 3262 sanctaal‘lcclesiae,
2867 3197 2925 3249 et
2954 3188 3077 3250 illic
3100 3198 3385 3269 perpetuo
3409 3199 3782 3270 peraguntur

2124 3287 2325 3342 sancta
2352 3278 2591 3340 Domini
2626 3279 2901 3358 mysteria
2927 3279 3191 3358 usquein
3222 3278 3581 3342 hodiernum
3608 3281 3776 3344 diem

385 3367 552 3448 pulo.
576 3364 803 3428 Omnes
821 3363 980 3426 enim
1007 3362 1206 3425 sciunt
1226 3361 1414 3424 Deum
1441 3381 1572 3425 esse
1601 3363 1661 3424 in
1692 3364 1883 3445 cmlis,
1918 3366 2044 3427 haec
2123 3371 2184 3431 in
2221 3370 2568 3431 memoriam
2599 3367 2841 3448 quidem
2880 3369 3170 3449 martyris,
3200 3367 3445 3446 gloriam
3477 3378 3682 3433 autem
3717 3383 3782 3436 et

383 3464 680 3537 autem,ut
698 3473 829 3536 qum
845 3454 967 3516 sint
986 3453 1195 3515 formae
1223 3453 1491 3532 lapideae,
1503 3472 1609 3533 per
1638 3453 1839 3532 ignem
1867 3473 2041 3534 posse

385 3546 605 3608 melius
639 3544 855 3606 mutari
886 3544 949 3605 in
1005 3544 1230 3606 calcem
1272 3564 1285 3606 :
1319 3543 1598 3624 quoniam
1626 3544 1750 3623 jam
1783 3563 1891 3605 suo
1923 3544 2041 3605 otio

386 3644 668 3717 pereunt,
705 3642 762 3696 et
793 3650 989 3714 neque
1020 3630 1149 3706 tibi,
1182 3632 1227 3692 si
1282 3632 1457 3693 simul
1494 3650 1723 3713 pereas,
1758 3651 1953 3714 neque
1990 3633 2040 3695 si

383 3734 446 3796 in
463 3727 662 3806 ignem
677 3725 987 3805 conjecta},
1012 3721 1260 3796 fuerint,
1281 3720 1394 3783 sibi
1410 3722 2039 3802 poteruntsubvenire.

2124 3458 2364 3522 laudem
2399 3460 2595 3537 magni
2623 3457 2731 3521 Dei
2758 3466 2815 3521 et
2844 3457 3178 3522 Servatoris
3202 3459 3388 3520 nostri
3415 3461 3556 3523 Jesu
3590 3462 3775 3525 Chri-

2126 3549 2201 3611 sti
2237 3570 2250 3612 :
2299 3548 2394 3610 cui
2424 3548 2612 3627 gloria
2644 3559 2701 3610 et
2732 3550 2993 3631 potentia
3022 3567 3180 3611 nunc
3210 3557 3268 3611 et
3317 3566 3578 3631 semper,
3618 3561 3680 3615 et
3713 3554 3778 3616 in

2124 3638 2337 3701 saecula
2358 3638 2739 3704 saeculorum.
2774 3640 2988 3702 Amen.

465 3851 559 3931 (1)
593 3851 752 3913 Nihil
785 3852 1021 3915 laeditur
1065 3850 1138 3912 ab
1172 3851 1329 3929 igne.
1363 3851 1449 3914 De
1478 3854 1587 3915 hoc
1624 3853 1898 3934 supplicii
1947 3872 2166 3935 genere
2198 3855 2590 3918 nobilioribus
2620 3856 2831 3920 inferri
2859 3860 3031 3922 solito
3062 3858 3305 3921 consule
3349 3860 3481 3922 Bar.
3520 3860 3581 3923 in
3618 3861 3780 3924 notis

385 3941 687 4019 Martyrol.
714 3940 786 4001 ‘21
824 3940 1143 4004 Novembr.
1182 3942 1265 4004 lit.
1302 3943 1378 4005 A.

491 4313 950 4464 VITA
1094 4319 1229 4461 S-
1391 4315 2464 4466 CLEMENTIS
2612 4325 3657 4507 MARTYRIS,

1715 4576 2055 4641 EPISCOPI
2100 4577 2395 4645 ROMANI

500 4726 1556 4886 DISCIPULI
1662 4729 1820 4889 S.
1909 4732 2540 4889 PETRI
2646 4735 3674 4898 APOSTOLI

391 4970 606 5035 Habes
659 4968 850 5051 hujus
897 4970 1184 5036 historiae
1236 4976 1615 5036 assertorem
1645 4974 2015 5052 Gregorium
2070 4978 2503 5043 Turonensem
2548 4979 2663 5044 lib.
2713 4982 2798 5044 De

2890 4983 3009 5047 lor.
3056 4989 3260 5046 mart.
3299 5000 3355 5050 c.
3412 4982 3488 5049 35
3535 4989 3605 5049 et
3667 4985 3783 5051 36!

1198 5052 1309 5133 qui
1339 5058 1489 5116 ante
1527 5052 1678 5117 1000
1707 5055 2163 5135 propemodum
2195 5072 2393 5121 annos
2422 5075 2496 5123 ex
2529 5076 2603 5123 ea
2630 5052 2973 5126 scribebat.

920 5184 1118 5254 (Latine
1163 5185 1292 5258 apud
1350 5184 1555 5242 Surium
1614 5186 1673 5242 ad
1724 5186 1855 5242 diem
1906 5187 1973 5243 23
2028 5189 2374 5258 Novembris;
2432 5192 2605 5249 Grzace
2663 5210 2761 5249 non
2818 5202 2984 5250 exstat
3033 5196 3231 5265 Paris.)

465 5379 506 5435 Ι.
530 5381 757 5454 Trajanl
782 5383 1141 5453 imperatoris
1163 5389 1825 5458 tempore,Torcutianus
1846 5404 2040 5448 comes

395 5470 741 5540 ofﬁciorum,
766 5487 896 5530 eum
920 5476 1403 5534 innumerabilem
1425 5477 1849 5536 multitudinem
1873 5479 2039 5537 Chri-

397 5565 488 5627 sto
511 5559 754 5623 vidisset
775 5564 1043 5643 credere,
1059 5565 1338 5633 accersiit
1370 5566 1675 5657 praefectos
1697 5569 2034 5650 regionum,

2124 5400 2203 5466 et,
2220 5393 2371 5456 datis
2394 5395 2480 5456 eis
2502 5396 2787 5475 pecuniis,
2817 5400 3188 5479 persuasitut
3209 5397 3439 5464 turbam
3462 5413 3783 5465 moverent

2122 5482 2404 5575 adversus
2434 5505 2652 5549 nomen
2685 5487 3105 5550 Christianum.
3162 5487 3335 5554 Urbis
3365 5499 3563 5554 autem
3610 5511 3781 5575 prse—

2121 5570 2405 5636 fecturam
2434 5575 2748 5642 obtinente
2770 5575 3145 5656 Mamertino,
3172 5578 3421 5651 excitata
3442 5590 3532 5645 est
3562 5570 3782 5664 populi
