3932 6128
428 315 540 382 183

1707 317 1984 380 MENSIS
2043 315 2486 378 NOVEMBER.

3679 316 3794 379 184

424 449 524 532 qui
557 449 844 531 plurimos
874 447 1242 513 Christianos
1293 449 1543 512 diversis
1595 450 1902 511 tormentis
1957 466 2061 509 su-
2085 451 2124 502 A
2148 445 2361 524 quibus
2392 446 2570 505 etiam
2600 445 2711 506 hoc
2743 445 2848 506 fuit
2895 461 3277 524 responsum,
3329 445 3487 527 quod
3544 445 3798 528 singulis

427 538 870 602 stulit.Videns
903 549 1098 602 autem
1155 560 1360 602 omnes
1414 541 1486 602 ad
1539 540 1878 620 martyrium
1932 557 2065 600 cum

425 629 639 710 gaudio
665 629 1044 704 accedentes,
1080 632 1261 692 cessit
1291 629 1693 710 multitudini;
1748 629 1936 690 solum
1968 646 2069 689 au-

426 730 546 780 tem
579 727 847 781 sanctum
907 719 1278 780 Clementem
1332 736 1552 797 cogens
1602 719 1960 792 sacriﬁcare,
2012 725 2071 778 et

427 808 636 870 videns
659 826 792 869 eum
816 807 902 869 sic
935 825 1068 870 esse
1088 809 1322 870 ﬁrmum
1349 808 1688 871 etstabilem
1711 809 1771 869 in
1795 808 2067 880 Domino,

427 905 484 958 et
518 898 678 958 nolle
709 899 953 959 omnino
1003 917 1037 960 a
1079 917 1186 959 sua
1221 899 1505 960 dimoveri
1553 899 1868 978 sententia,
1930 897 2074 958 dicit

425 987 776 1048 lictoribus:
814 987 1086 1066 Accipite
1120 1007 1278 1062 eum,
1318 997 1377 1050 et
1426 987 1626 1049 ducite
1685 989 1741 1047 in
1807 987 2067 1048 medium

425 1076 696 1150 maris,et
721 1077 995 1157 projicite
1029 1095 1165 1139 eum
1198 1079 1260 1138 in
1299 1077 1683 1158 profundum,
1736 1096 1809 1138 ne
1848 1079 2074 1154 possint

425 1164 744 1226 Christiani
779 1165 994 1228 tollere
1024 1166 1156 1245 ejus
1186 1184 1425 1245 corpus,
1463 1176 1520 1226 et
1550 1184 1653 1247 pro
1685 1166 1793 1227 deo
1815 1184 1947 1225 eum
1975 1184 2068 1226 co-

422 1253 569 1314 lere.
605 1256 754 1315 Cum
787 1255 900 1317 hoc
933 1272 1077 1335 ergo
1105 1256 1322 1316 factum
1366 1264 1547 1337 esset,
1593 1257 1864 1316 universa
1912 1256 2065 1316 mul-

422 1342 608 1404 titudo
641 1341 1116 1406 Christianorum
1139 1353 1336 1405 astans
1366 1344 1545 1406 ﬁebat
1585 1346 1643 1405 in
1678 1346 1903 1406 littore.

504 1431 599 1496 Vl.
634 1432 776 1495 Post
804 1434 929 1494 haec
952 1442 1147 1494 autem
1175 1433 1453 1495 dixerunt
1478 1434 1788 1496 Cornelius
1819 1445 1875 1494 et
1903 1433 2070 1495 th-

422 1522 535 1584 bus
567 1524 696 1602 ejus
723 1523 1038 1603 discipuli:
1089 1521 1310 1585 Omnes
1355 1542 1594 1585 oremus
1637 1524 1970 1597 unanimes,
2008 1532 2071 1585 ut

423 1613 700 1675 ostendat
756 1613 930 1675 nobis
982 1613 1269 1674 Dominus
1321 1614 1594 1694 martyris
1638 1616 1729 1675 sui
1763 1614 2064 1694 reliquias.

2151 537 2323 596 annis
2357 536 2414 594 in
2440 535 2534 595 die
2567 553 2687 595 suae
2711 533 3153 610 decertationis,
3186 553 3494 596 cessurum
3527 536 3602 599 sit
3629 555 3800 600 mare

2152 625 2547 695 venientibus,
2571 637 2800 701 septem
2835 623 2963 684 dies
2990 629 3214 684 siccum
3251 624 3364 685 iter
3385 624 3471 686 eis
3497 625 3799 706 praebens.

2156 715 2322 788 Quod
2343 714 2588 794 quidem
2623 713 2747 775 Deo
2773 713 2989 792 placuit
3022 713 3152 774 ﬁeri
3177 713 3246 773 ad
3275 713 3507 776 laudem
3538 717 3666 795 ejus
3690 735 3806 777 uo-

2158 803 2336 864 miuis
2368 821 2555 884 usque
2579 803 2638 862 in
2663 801 3015 864 hodiernum
3036 803 3224 865 diem.
3257 801 3381 864 Hoc
3403 813 3597 866 autem
3621 806 3807 887 facta,

2157 894 2310 973 quod
2344 902 2472 955 erat
2524 903 2736 972 praeter
2785 892 3154 971 opinionem,
3223 892 3534 969 miraculo,
3597 914 3814 957 omnes

2157 993 2366 1061 gentes
2397 983 2789 1043 circumcirca
2821 982 3134 1042 credidere
3157 981 3558 1057 Christo.Quo
3580 985 3638 1046 in
3675 985 3812 1047 loco

2159 1076 2357 1136 nullus
2389 1071 2685 1133 invenitur
2715 1073 2973 1150 gentilis,
3033 1073 3230 1133 nullus
3260 1071 3567 1151 Hebraeus,
3602 1075 3813 1135 nullus

2154 1165 2396 1224 omnino
2431 1161 2769 1223 haereticus.
2807 1162 2934 1223 Illic
2966 1162 3125 1220 enim
3163 1161 3416 1242 plurima
3441 1162 3807 1226 ﬁuntbene-

2154 1255 2306 1315 ﬁcia.
2349 1257 2409 1314 In
2444 1254 2572 1331 ejus
2631 1251 2778 1312 festo
2813 1251 2954 1312 caeci
3005 1251 3443 1332 illuminantur,
3500 1254 3810 1315 daemones

2154 1344 2553 1424 CXpelluntur,
2589 1341 2914 1402 febrientes
2963 1342 3090 1402 sani
3135 1342 3283 1402 ﬁunt
3315 1363 3329 1422 ;
3370 1342 3714 1420 nephritici,
3753 1351 3811 1404 et

2155 1433 2254 1515 qui
2285 1433 2513 1494 calculo
2548 1432 2842 1504 laborant,
2877 1431 3002 1491 solo
3032 1441 3306 1493 contactu
3353 1433 3481 1512 ejus
3513 1433 3808 1511 reliquia-

2153 1543 2309 1593 rum,
2370 1531 2427 1583 et
2468 1539 2632 1600 aquae
2688 1520 3070 1582 sanctiﬁcatae
3127 1520 3472 1600 aspersione
3525 1529 3584 1582 et
3635 1529 3806 1601 potu,

2154 1633 2186 1674 a
2219 1613 2424 1672 morbo
2458 1611 2792 1672 liberantur
2833 1631 2848 1682 ;
2885 1621 2940 1671 et
2971 1613 3066 1690 qui
3102 1610 3308 1690 quovis
3343 1609 3551 1671 morbo
3583 1611 3804 1685 aﬁ'ecti,

421 1699 644 1764 Orante
679 1720 819 1779 ergo
852 1702 1093 1782 populo,
1132 1703 1477 1764 retrocessit
1509 1721 1671 1764 mare
1696 1704 1755 1764 in
1790 1723 1958 1764 suum
1996 1705 2069 1764 si-
2095 1729 2129 1780 Β
2155 1702 2565 1780 confugientes
2595 1699 2667 1759 ad
2701 1699 2854 1760 sacri
2916 1701 3184 1779 martyris
3243 1699 3551 1780 auxilium,
3586 1700 3806 1760 fruun-

421 1809 563 1852 num
583 1791 657 1852 ad
682 1792 794 1853 tria
827 1792 949 1853 lere
975 1792 1180 1866 millia,
1208 1811 1315 1872 per
1336 1795 1560 1854 siccum
1588 1804 1786 1855 autem
1815 1795 2066 1874 ingressi
2157 1801 2250 1852 tur
2276 1791 2586 1851 curatione
2621 1809 2635 1864 ;
2673 1798 2730 1848 et
2785 1799 3093 1867 permanet
3155 1789 3340 1868 gloria
3399 1791 3532 1866 ejus
3586 1797 3642 1850 et
3679 1790 3810 1850 laus

423 1881 650 1962 populi,
689 1881 1126 1944 inveneruntin
1160 1883 1343 1961 ﬁgura
1374 1883 1578 1964 templi
1608 1887 1924 1946 marmorei
1962 1904 2067 1964 pa-
2154 1883 2212 1942 in
2247 1890 2560 1953 mternum,
2605 1897 2710 1958 per
2741 1879 3053 1939 hominum
3091 1887 3359 1940 nostrum
3397 1878 3598 1942 Jesum
3633 1877 3810 1942 Chri-

421 1981 617 2034 ratum
659 1991 693 2031 a
725 1970 847 2033 Deo
883 1971 1308 2050 habitaculum,
1345 1982 1402 2033 et
1450 1973 1569 2035 illic
1619 1974 1797 2034 situm
1857 1992 2071 2053 corpus
2156 1981 2308 2032 stum
2346 1989 2359 2045 ;
2394 1988 2500 2050 per
2528 1987 2702 2048 quem
2737 1977 2793 2028 et
2842 1986 2975 2028 cum
3011 1988 3149 2048 quo,
3213 1969 3374 2029 Patri
3429 1967 3615 2046 gloria
3670 1986 3807 2028 cum

421 2062 610 2124 sancti
641 2063 990 2138 Clementis,
1030 2072 1087 2123 et
1117 2080 1426 2136 ancoram,
1461 2082 1593 2124 cum
1631 2081 1744 2142 qua
1787 2063 1896 2124 fuit
1928 2083 2068 2143 pro-
2156 2059 2534 2122 sanctissimo
2568 2068 2624 2118 et
2654 2058 2878 2118 viviﬁco
2909 2059 3040 2136 ejus
3072 2057 3314 2138 Spiritu,
3355 2077 3510 2119 nunc
3551 2066 3607 2119 et
3633 2075 3806 2120 sem-

411 2153 634 2234 jectus,
670 2171 857 2233 prope
889 2153 1083 2233 ipsum
1134 2154 1462 2232 jaceutem.
1521 2152 1865 2214 Revelatum
1931 2172 2072 2232 ergo
2159 2172 2262 2233 per
2297 2160 2356 2212 et
2385 2150 2447 2210 in
2479 2149 2694 2210 saecula
2723 2146 3104 2210 saeculorum.
3139 2147 3354 2210 Amen.

416 2243 526 2306 fuit
557 2241 688 2320 ejus
716 2241 1050 2323 discipulis,
1080 2262 1153 2304 ne
1187 2241 1471 2322 reliquias
1498 2261 1529 2303 e
1561 2243 1688 2304 loco
1726 2243 2018 2322 ejicerent
2056 2261 2068 2305 :

497 2369 788 2435 Narratio
813 2373 1016 2436 sancti
1070 2378 1369 2454 martyris
1399 2374 1694 2453 Eli/mem
1754 2375 2020 2453 episcopi
2054 2374 2364 2454 Gersonis,
2400 2373 2474 2433 de
2523 2369 2819 2434 miraculo
2847 2372 3009 2448 facta
3042 2371 3106 2432 in
3131 2387 3393 2450 puerum
3422 2389 3461 2434 ιι
3507 2378 3724 2434 sancto

1597 2460 1867 2534 martyre
1896 2462 1951 2516 ct
1985 2453 2252 2534 apostolo
2292 2453 2614 2515 Clemente.

493 2593 544 2657 Ι.
582 2615 609 2656 ι
639 2595 924 2660 Mirabilis
955 2595 1112 2657 Deus
1164 2595 1222 2656 in
1283 2594 1505 2655 sanctis
1539 2595 1660 2654 suis
1689 2594 1738 2668 ί,
1781 2615 1808 2652 ι
1842 2612 2062 2674 oppor-
2150 2595 2288 2668 dite,
2353 2601 2414 2656 et
2471 2594 2542 2654 ad
2605 2593 2959 2655 audiendam
3015 2593 3302 2654 exsultate
3358 2591 3717 2666 oralionem,
3749 2602 3805 2654 et

416 2694 622 2747 tunum
647 2695 734 2748 est
758 2685 934 2747 hodie
959 2685 1159 2746 dicere
1184 2703 1319 2744 cum
1348 2683 1663 2762 Propheta,
1692 2691 1786 2744 et:
1823 2707 1842 2738 ει
1877 2683 2060 2755 Quam
2148 2703 2319 2744 aures
2379 2685 2682 2755 inclinate,
2744 2691 2802 2744 et
2859 2691 3117 2744 nostram
3174 2684 3400 2760 arguite
3436 2682 3800 2744 tarditatem.

415 2773 788 2836 admirabilia
809 2785 1146 2854 suntopera
1172 2773 1628 2847 tua,Domine9!
1673 2796 1694 2830 η
1735 2780 1834 2835 et:
1876 2796 1894 2827 ο
1921 2772 2063 2844 Quis
2147 2773 2230 2834 De
2265 2775 2374 2834 hoc
2409 2774 2567 2835 enim
2605 2773 2858 2851 gaudeo,
2895 2773 3086 2833 solum
3123 2791 3225 2833 vos
3277 2790 3446 2852 rogo,
3497 2783 3560 2834 nt
3613 2791 3805 2853 usque

414 2865 575 2926 Deus
595 2865 1027 2942 magnus,sicut
1049 2862 1206 2924 Deus
1234 2866 1473 2923 noster?
1501 2885 1523 2919 ι)
1557 2870 1643 2925 et:
1678 2887 1702 2917 α
1725 2861 1811 2923 Tu
1828 2881 1890 2924 es
1911 2861 2062 2924 Deus
2147 2864 2218 2924 ad
2256 2864 2434 2925 ﬁnem
2471 2863 2617 2924 mihi
2651 2872 2941 2924 attentum
2999 2862 3262 2923 animum
3319 2861 3678 2941 adhibeatis,
3747 2875 3806 2922 et

417 2951 645 3015 faciens
675 2951 969 3014 mirabilia
987 2953 1166 3012 solus.
1198 2972 1226 3010 »
1258 2951 1424 3023 Quod
1449 2953 1605 3012 enim
1632 2953 1904 3028 praesenti
1929 2969 2064 3013 ora-
2087 3023 2120 3034 Α
2151 2954 2312 3014 nulla
2344 2953 2646 3034 cogitatio,
2683 2971 2814 3033 qum
2834 2951 2902 3012 ad
2927 2950 3103 3030 hujus
3133 2954 3263 3013 vitae
3285 2969 3492 3013 curam
3516 2952 3796 3031 pertinet,

416 3042 565 3104 tioni
627 3041 788 3104 aliud
843 3042 1083 3102 afferam
1146 3043 1592 3122 proceminum?
1660 3041 2122 3103 Artiﬁciosam“
2150 3053 2407 3104 mentem
2443 3055 2693 3103 vestram
2729 3041 2958 3111 subeat,
2993 3059 3102 3102 nec
3139 3049 3477 3120 promptum
3535 3050 3799 3102 vestrum

418 3132 578 3194 enim
607 3131 847 3194 dicendi
877 3140 1066 3193 artem
1101 3149 1366 3210 praesens
1393 3140 1635 3210 superat
1681 3132 2057 3200 miraculum,
2149 3133 2334 3194 animi
2367 3133 2621 3195 studium
2675 3132 2902 3192 sinatur
2962 3130 3291 3205 retardare,
3347 3130 3453 3191 sed
3499 3130 3614 3193 hoc
3643 3132 3802 3210 vigi-

417 3241 553 3285 cum
585 3220 941 3284 miraculum
975 3221 1160 3282 multa
1189 3219 1440 3281 excellat
1485 3220 1792 3294 miracula,
1843 3229 1900 3282 et
1935 3221 2066 3301 ipsa
2151 3221 2291 3282 lanti
2339 3223 2538 3283 animo
2569 3229 2626 3283 et
2671 3228 2896 3284 attento
2933 3219 3188 3281 ﬁdeliter
3219 3219 3493 3300 excipite.
3529 3223 3652 3283 Res
3685 3238 3799 3280 au-

2083 3023 2122 3072 C

415 3313 594 3374 etiam
628 3309 971 3392 prophetica
999 3311 1284 3372 miracula
1309 3317 1626 3389 exsuperet
1649 3321 1714 3369 ut
1747 3319 1835 3372 est
1859 3320 2065 3372 osten-

418 3419 559 3463 sura
582 3402 795 3464 oratio.

498 3490 573 3554 ΙΙ.
606 3490 741 3554 Scio
767 3509 869 3552 vos
901 3507 1122 3571 cupere
1152 3489 1326 3563 scire,
1386 3489 1682 3569 quodnam
1745 3499 1801 3552 et
1857 3493 2061 3571 cujus-

417 3597 553 3643 nam
588 3579 665 3644 sit
692 3579 1066 3651 miraculum,
1130 3587 1186 3640 et
1238 3579 1464 3657 urgetis
1518 3587 1579 3638 ut
1622 3578 1890 3640 dicamus
1909 3583 1961 3644 '5.
1999 3583 2062 3643 ld

415 3679 613 3734 autem
647 3680 738 3732 est
771 3669 1029 3751 primum
1057 3668 1299 3749 quidem
1330 3668 1459 3742 Dei,
1493 3687 1524 3728 a
1555 3688 1668 3749 qua
1695 3671 1886 3732 omnis
1906 3671 2062 3733 datio

417 3764 574 3824 bona
595 3767 650 3823 et
671 3778 850 3822 omne
873 3760 1094 3820 donum
1118 3757 1445 3838 perfectum
1471 3759 1520 3819 4.
1549 3760 1844 3822 Praeterea
1868 3769 2063 3822 autem

417 3851 738 3913 Clementis
771 3848 1043 3921 Romani,
1081 3847 1181 3927 qui
1231 3856 1363 3927 post
1411 3846 1650 3908 Petrum
1709 3847 1816 3908 fuit
1873 3869 2064 3928 praeco

419 3940 710 4014 veritatis,
743 3947 804 3998 et
835 3937 964 4016 ejus
1002 3936 1281 3996 Romanae
1302 3936 1462 3996 sedis
1491 3955 1804 3997 successor
1827 3938 2018 3998 ﬁdelis
2048 3961 2064 4014 ;

419 4028 608 4108 illius,
639 4027 906 4107 inquam,
945 4025 1289 4101 Clementis,
1327 4029 1493 4101 cujus
1527 4045 1714 4104 usque
1737 4027 1794 4086 in
1823 4027 2066 4088 hodier—

418 4137 561 4180 num
591 4116 748 4180 diem
781 4115 1060 4176 universa
1115 4122 1275 4175 terra
1333 4114 1420 4176 vel
1475 4123 1675 4175 tacens
1729 4116 2065 4178 salutiferas

417 4208 627 4270 clamat
682 4206 865 4267 fuisse
922 4204 1245 4266 doctrinas.
1327 4203 1650 4274 Clementis
1712 4205 1896 4274 illius,
1966 4209 2063 4286 qui

417 4297 522 4358 fuit
553 4314 706 4357 vera;
735 4295 961 4376 palmes
1011 4294 1145 4354 vitis
1204 4293 1444 4365 Christi,
1507 4311 1612 4371 per
1661 4311 1836 4372 quem
1894 4297 2065 4357 nobis

2151 3322 2265 3372 tem
2301 3313 2380 3373 ita
2406 3331 2470 3373 se
2500 3311 2678 3372 habet
2709 3328 2722 3372 ς

2229 3400 2326 3463 lll.
2354 3403 2497 3463 Cum
2525 3399 3018 3480 praeclarissimus
3040 3406 3099 3462 et
3123 3398 3500 3461 beatissimus
3518 3399 3794 3462 Clemens

2150 3490 2495 3570 perfecisset
2526 3491 2811 3551 doctrina:
2841 3503 3077 3550 cursum
3106 3497 3164 3550 et
3187 3489 3572 3569 apostolatus,
3609 3497 3669 3551 et
3693 3509 3797 3568 per

2147 3581 2724 3642 consummationem
2757 3579 3022 3659 martyrii
3051 3579 3185 3639 hinc
3202 3578 3560 3640 excessisset
3590 3587 3652 3640 ut
3676 3579 3796 3657 glo-

2148 3670 2292 3731 riosi
2325 3671 2452 3749 ejus
2486 3670 2743 3748 martyrii
2771 3668 2925 3729 liber
2958 3667 3281 3729 declaravit
3317 3668 3518 3749 (quem
3553 3683 3654 3730 vos
3677 3687 3796 3730 non

2150 3761 2420 3837 ignorare
2448 3767 2536 3820 est
2569 3760 2709 3819 mihi
2746 3759 3144 3839 persuasum),
3200 3776 3319 3819 non
3364 3758 3594 3838 justum
3624 3757 3795 3837 judi-

2149 3850 2300 3910 cavit
2330 3850 2379 3909 is
2402 3849 2505 3926 qui
2539 3866 2664 3922 eos,
2702 3847 2797 3928 qui
2831 3848 3020 3925 ipsum
3054 3846 3712 3926 gloriﬁcant,gloriﬁcat
3744 3848 3794 3920 5,

2150 3959 2267 3999 non
2303 3939 2492 4018 ipsum
2531 3938 2788 3998 vicissim
2827 3937 3190 4013 gloriﬁcare,
3233 3937 3334 4016 qui
3365 3954 3472 4015 pro
3504 3953 3708 3997 amore
3741 3937 3798 3996 in

2150 4048 2283 4091 eum
2317 4030 2402 4090 sic
2433 4029 2800 4091 decertavit:
2869 4029 2970 4090 sed
3033 4046 3167 4090 eum
3227 4027 3398 4089 valde
3455 4027 3800 4106 gloriﬁcare

2147 4129 2205 4180 et
2242 4118 2553 4196 magniﬁce
2587 4120 2896 4192 extollere,
2929 4126 2986 4180 et
3020 4127 3080 4179 ut
3127 4118 3188 4178 in
3241 4117 3393 4179 ccelo
3425 4117 3692 4196 angelis,
3722 4116 3802 4177 ita

2150 4210 2329 4269 etiam
2368 4207 2463 4268 hic
2485 4207 2827 4269 hominibus
2861 4225 2993 4268 eum
3027 4207 3281 4268 reddere
3311 4206 3714 4268 clarissimum
3744 4213 3801 4266 et

2153 4299 2404 4358 maxime
2436 4297 2841 4358 venerandum
2874 4316 2981 4377 per
3014 4296 3316 4376 miracula,
3357 4295 3666 4377 miracula,
3701 4295 3795 4355 in-

421 4403 741 4465 expressus
773 4385 975 4445 botrus
1007 4381 1313 4456 doctrinas,
1352 4381 1585 4459 pietatis
1612 4390 1667 4441 et
1690 4382 1896 4444 salutis
1929 4404 2062 4446 mu-
2090 4380 2130 4431 ο
2150 4405 2612 4467 quam,quorum
2632 4386 3097 4464 magnitudinem
3117 4403 3288 4447 mens
3305 4403 3420 4446 non
3439 4393 3793 4464 potestcom-

419 4483 575 4537 stum
610 4471 780 4534 nobis
807 4472 1036 4533 ell'udit.
1064 4471 1515 4549 Clementis,qui
1552 4470 1657 4530 fuit
1685 4489 1834 4534 verm
1865 4475 2058 4549 scalae,

417 4582 550 4644 quae
607 4581 716 4623 nos
769 4580 883 4622 non
947 4560 1254 4621 deducunt
1310 4558 1381 4620 ad
1433 4559 1750 4621 sublimem
1805 4563 2060 4642 aliquam

420 4663 594 4715 terra;
647 4651 1049 4728 altitudinem,
1109 4649 1213 4710 sed
1271 4650 1548 4712 virtutum
1610 4653 2065 4714 ascensionibus

417 4754 694 4822 tanquam
727 4739 1026 4820 aliquibus
1056 4739 1339 4818 gradibus
1371 4757 1479 4800 nos
1519 4738 1590 4800 ad
1627 4741 1838 4801 cmlum
1875 4751 2063 4803 trans-

419 4833 659 4893 mittunt
688 4838 748 4891 et
777 4828 1066 4901 ccelestia,
1127 4828 1299 4889 scalae
1330 4846 1465 4904 qua:
1497 4828 1569 4890 iis
1621 4849 1753 4910 quze
1801 4850 1832 4890 a
1880 4833 2060 4893 .lacob

416 4922 558 4986 visae
586 4927 748 4995 sunt,
784 4918 932 4980 nihil
965 4926 1102 4979 sunt
1135 4917 1473 4992 inferiores,
1533 4937 1647 4978 non
1682 4920 2062 4981 ostendentes

417 5011 591 5073 nobis
615 5009 858 5089 angelos
883 5027 986 5090 per
1005 5027 1103 5070 eas
1117 5007 1505 5070 ascendentes
1530 5016 1585 5068 et
1607 5009 2058 5084 descendentes,

413 5101 519 5162 sed
550 5100 861 5162 hominum
897 5099 1129 5160 animas
1160 5098 1376 5160 divinis
1427 5097 1960 5170 adnmniticnibus,
2003 5110 2065 5161 ut

412 5207 542 5268 quae
571 5207 606 5248 a
633 5189 914 5268 gradibus
944 5190 1002 5250 in
1051 5189 1275 5267 gradus
1307 5205 1414 5268 per
1443 5187 1692 5248 virtutes
1747 5189 1819 5248 ad
1877 5193 2060 5252 Deum

411 5278 731 5338 deducant.
766 5279 950 5357 Cujus
982 5278 1223 5357 quidem
1257 5275 1608 5338 miraculu‘n
1645 5297 1781 5339 cum
1817 5298 1932 5338 non
1969 5279 2057 5338 di-

408 5366 698 5438 diceritis,
762 5387 796 5426 o
856 5367 1261 5442 pulcherrime
1323 5377 1381 5426 et
1436 5366 1787 5428 ﬁdelissime
1848 5378 2056 5449 cmtus,

407 5453 580 5533 quale
610 5455 686 5514 sit
717 5460 775 5517 et
805 5465 1112 5534 quantum,
1159 5453 1387 5528 audire,
1427 5465 1491 5517 ut
1531 5457 1633 5517 viri
1671 5457 1777 5537 pii,
1813 5470 2059 5521 conten-

2150 4476 2553 4556 prehendere,
2593 4495 2702 4536 nec
2731 4476 2918 4536 oratio
2951 4474 3154 4537 dicere
3179 4474 3646 4547 multitudinem,
3683 4491 3793 4533 ne-

2148 4584 2263 4646 que
2295 4583 2505 4626 manus
2539 4563 2877 4646 exprimere
2900 4562 3358 4628 inﬁnitatem.Ut
3387 4581 3525 4642 ergo
3554 4581 3624 4624 ex
3655 4563 3790 4624 ﬁm-

2147 4655 2298 4728 bria,
2339 4665 2399 4715 ut
2427 4660 2518 4717 est
2555 4655 2610 4714 in
2649 4655 2986 4734 proverbio,
3017 4663 3238 4715 textum
3273 4672 3534 4734 pannum
3555 4651 3792 4732 possitis

2148 4762 2529 4823 cognoscere,
2565 4743 2622 4802 id
2661 4741 2827 4803 vobis
2880 4742 3158 4817 narrabo,
3221 4743 3376 4823 quod
3435 4741 3598 4822 prius
3654 4759 3783 4802 sum

2150 4833 2476 4909 pollicitus.
2507 4834 2651 4894 Cum
2701 4833 3054 4894 venerandze
3102 4830 3464 4893 sanctissimi
3522 4829 3788 4910 martyris

2147 4923 2470 4985 Clementis
2505 4921 2776 5002 reliquiae
2807 4921 2867 4981 in
2925 4922 3104 4983 maris
3136 4920 3493 4996 profundum
3539 4920 3790 4980 fuissent

2146 5013 2427 5092 projectze
2453 5010 2524 5071 ab
2548 5010 2746 5090 impiis
2766 5010 2887 5072 illis
2908 5011 3237 5072 cultoribus
3256 5011 3709 5072 simulacrorum
3731 5015 3790 5070 et

2148 5121 2245 5161 cas
2277 5100 2609 5178 excepisset
2655 5101 2938 5181 templum
2976 5102 3033 5161 in
3070 5099 3362 5179 profundo
3397 5119 3429 5161 a
3463 5099 3585 5161 Deo
3617 5096 3792 5160 aediﬁ-

2147 5189 2474 5258 catum,hic
2497 5207 2732 5268 quoque
2769 5192 3088 5252 maximum
3108 5191 3248 5250 fecit
3266 5189 3618 5250 miraculum
3639 5189 3792 5251 Deus

2145 5278 2611 5339 admirabilium.
2673 5282 2816 5341 Cum
2879 5282 3035 5339 enim
3090 5279 3203 5339 hoc
3260 5278 3477 5339 factum
3521 5285 3699 5351 esset,
3736 5284 3791 5337 et

2146 5372 2272 5444 ejus
2309 5367 2584 5445 discipuli
2619 5369 2832 5429 ﬁerent
2863 5387 2995 5429 cum
3060 5368 3130 5428 iis
3183 5367 3286 5443 qui
3349 5367 3471 5428 illic
3519 5373 3685 5428 erant
3716 5366 3788 5426 ﬁ-

2144 5457 2400 5532 delibus,
2437 5467 2494 5518 et
2529 5467 2590 5518 ut
2641 5467 3047 5520 sacrosanctas
3077 5457 3322 5535 gloriosi
3384 5455 3654 5538 martyris
3685 5472 3787 5515 re-

490 5633 508 5681 i
548 5629 702 5692 Psal.
736 5647 910 5707 vau,
946 5631 1046 5695 36.
1127 5633 1154 5675 ε
1177 5631 1330 5694 Psal.
1367 5649 1490 5708 χοι,
1523 5634 1583 5696 6.
1668 5633 1876 5696 5Psal.
1909 5653 2011 5697 sz

2231 5683 2243 5698 .
2331 5636 2509 5701 ‘Jac.
2548 5653 2592 5712 ι,
2631 5639 2726 5700 17.
2812 5637 2844 5687 5
2873 5634 2895 5696 Ι
2924 5634 3068 5714 Reg.
3110 5651 3174 5717 II,
3209 5633 3308 5698 30.
