3932 6128
220 224 322 291 185

1344 233 1532 297 VITA
1578 233 1637 297 s.
1685 219 2126 299 CLEMENTIS
2169 236 2494 302 ROMANI.

3500 247 3613 316 186

210 363 408 462 liqutas
457 362 544 425 eis
593 363 994 462 ostenderet,
1058 366 1214 449 quod
1273 367 1446 462 etiam
1501 368 1719 462 factum
1771 370 2148 462 est,Ai'undo
2190 369 2558 462 mandatum,
2589 369 2733 450 quid
2765 391 2915 452 opus
2952 380 3042 437 est
3088 375 3291 441 dicere
3322 387 3380 442 et
3429 383 3612 462 patris

207 451 381 515 Deum
438 452 758 533 supplices
811 465 1137 537 rogarent,
1197 457 1464 539 protinus
1519 451 1877 522 immensum

204 543 341 607 illud
373 543 623 622 pelagus
675 544 997 610 desistens
1031 559 1096 610 et
1149 548 1559 629 retrocedens,
1592 549 1789 614 eﬂ'ecit
1819 557 1883 612 ut

205 633 554 713 profondum
618 634 784 698 adiri
816 646 1027 718 posset
1059 656 1093 698 a
1122 636 1395 699 ﬁdelibus
1429 656 1616 717 usque
1669 637 1741 698 ad
1772 644 1881 700 tria

206 721 498 785 milliaria.
558 725 840 803 Ingressi
873 733 1099 802 autem,
1155 727 1510 789 invenerunt
1566 726 1878 789 habitacu-

203 811 317 874 lum
347 812 542 876 instar
575 814 800 894 templi
844 817 1190 891 marmorei,
1228 825 1286 878 et
1314 815 1435 877 illic
1468 817 1527 877 in
1577 836 1755 898 capsa
1786 817 1864 878 la-

204 904 370 987 pidea
446 903 892 972 sanctissimas
953 913 1012 966 et
1081 906 1535 983 gloriosissimas
1608 907 1878 988 martyris

207 993 412 1056 Christi
445 993 763 1074 repositas
817 994 1128 1076 reliquias.
1187 995 1296 1068 Qui
1349 1015 1482 1057 cum
1534 996 1879 1059 statuissent

205 1082 619 1146 sanctissimas
654 1104 730 1151 ex
791 1084 1086 1166 profundo
1119 1085 1332 1148 tollere
1364 1085 1648 1166 reliquias
1696 1096 1875 1148 noctu

202 1173 495 1235 accedens
539 1183 826 1254 sanctus,
853 1194 955 1235 eos
998 1176 1084 1237 sic
1105 1185 1194 1237 est
1225 1175 1536 1239 allocutus:
1568 1174 1874 1253 Reliquias

205 1263 435 1343 quidem
473 1263 681 1326 nolite
716 1264 974 1342 tollere;
1009 1265 1158 1326 hanc
1188 1274 1385 1326 autem
1420 1265 1582 1327 vobis
1605 1267 1870 1329 concedo

205 1353 833 1433 gratiam,utsingulis
856 1355 1027 1415 annis
1049 1353 1144 1417 die
1165 1374 1310 1418 meae
1331 1357 1747 1418 decertationis
1768 1376 1868 1419 sev

1966 460 2507 532 lamentationes,et
2530 464 2732 524 matris
2757 465 3044 544 ejulatus?
3063 460 3608 533 Przeclarumenim

1963 549 2109 612 illud
2133 549 2344 612 festum
2369 559 2791 616 converterunt
2828 555 2884 612 in
2917 555 3424 622 lamentationem.
3457 559 3610 634 Quid

1964 640 2124 701 enim
2149 658 2266 701 non
2291 639 2621 702 dicebant?
2641 642 2792 733 Quid
2820 662 2937 733 non
2960 645 3256 710 faciebant
3283 649 3446 712 exiis
3477 670 3610 733 quas

1963 736 2428 821 consentaneum
2508 737 2618 804 est,
2653 729 2766 821 vel
2839 732 3033 812 ipsum
3102 735 3362 816 lapidem
3435 729 3608 821 posse

1963 835 2202 878 movere
2234 817 2305 878 ad
2339 817 2624 898 lacrymas
2644 820 2674 879 ?
2705 818 2886 883 Mater
2915 822 3073 884 enim
3107 827 3311 890 oculos
3337 827 3410 890 ad
3437 817 3608 895 mare

1961 906 2308 999 extendens,
2343 916 2399 969 et
2447 927 2658 999 manus
2701 909 2760 970 in
2815 911 2998 973 altum
3058 915 3370 999 extollens,
3404 930 3605 984 sancto

1963 995 2109 1057 tales
2133 1015 2307 1058 voces
2339 998 2643 1060 emittebat
2676 1021 2688 1062 :
2723 999 2826 1063 Hae
2857 1010 3018 1077 sunt,
3048 1023 3080 1064 ο
3106 1014 3332 1080 sancte,
3356 995 3472 1071 tum
3500 1030 3604 1073 re-

1963 1087 2405 1178 munerationes
2426 1087 2456 1147 ?
2481 1089 2709 1150 hancne
2734 1091 2935 1152 reddis
2952 1092 3196 1170 gratiam
3222 1095 3293 1158 iis
3316 1099 3417 1178 qui
3443 1109 3602 1164 tanto

1960 1173 2042 1235 tui
2073 1175 2372 1238 desiderio
2424 1178 2495 1239 ad
2531 1186 2585 1239 te
2617 1185 3059 1246 accurrerunt?
3105 1173 3350 1248 Hancne
3393 1189 3602 1251 reddi-

1956 1263 2091 1325 disti
2126 1265 2461 1328 mercedem
2521 1285 2624 1347 pro
2657 1267 2881 1336 labore.
2917 1292 3094 1348 quem
3131 1293 3297 1354 passa
3335 1295 3492 1353 sum,
3529 1298 3602 1341 ex

1955 1371 2069 1433 quo
2095 1355 2367 1416 accessi?
2397 1355 2508 1417 Ubi
2539 1366 2628 1417 est
2660 1359 2802 1419 mihi
2836 1360 3035 1421 ﬁlius?
3063 1361 3175 1426 Ubi
3208 1363 3330 1424 nati
3361 1367 3477 1428 mei
3509 1368 3601 1428 vi-

202 1453 343 1514 ptem
369 1444 505 1500 dies
533 1460 701 1500 mare
729 1443 1518 1516 retrocedens,przebeatiter
1543 1446 1873 1515 persiccum
1957 1459 2122 1502 scera
2173 1445 2398 1505 marina
2450 1445 2646 1508 bellua
2697 1450 3019 1514 laceravit?
3067 1453 3354 1527 Quisnam
3401 1465 3598 1518 autem

208 1532 666 1604 ingrediendum
702 1535 1027 1606 hucusque.
1050 1533 1212 1604 Quod
1236 1544 1422 1594 autem
1447 1535 1876 1607 dixerat,dedu—
1954 1532 2278 1594 vehemens
2309 1533 2622 1613 insurgens
2653 1538 2888 1615 lluctus,
2914 1560 3047 1602 eum
3083 1541 3279 1603 vivum
3321 1551 3596 1625 tanquam

206 1633 344 1681 ctum
378 1632 473 1683 est
503 1624 581 1682 ad
616 1625 914 1683 effectum.
958 1626 1036 1683 Ab
1066 1642 1132 1683 eo
1157 1629 1584 1698 enimtempore
1614 1643 1793 1699 usque
1816 1629 1872 1684 in
1958 1622 2297 1713 sepulcrum
2355 1624 2648 1705 operuit?
2693 1626 3021 1698 Quemnam
3084 1632 3258 1693 modo
3316 1622 3599 1713 aspiciam

207 1716 570 1778 hodiernum
602 1716 768 1778 diem
795 1717 1046 1797 singulis
1075 1718 1244 1778 annis
1266 1717 1330 1778 ﬁt
1353 1719 1465 1780 hoc
1491 1718 1866 1780 miraculum.

209 1805 347 1880 Quid
379 1815 482 1867 est
533 1806 658 1868 ltoc
695 1807 892 1868 minus
922 1807 1278 1880 faciendum,
1315 1827 1491 1889 quam
1546 1807 1721 1870 Mosis
1752 1809 1863 1869 mi-

207 1896 468 1957 raculum
498 1895 534 1956 ?
571 1896 732 1970 Qu‘d
762 1914 900 1957 vero
934 1897 1119 1958 Elisei
1151 1896 1342 1971 vilius,
1378 1906 1476 1958 aut
1511 1903 1704 1957 minus
1736 1898 1868 1976 glo-

207 1986 415 2047 riosum
443 1983 472 2047 ?
509 1983 650 2046 Imo
685 2002 826 2046 vero
859 1995 948 2046 est
996 1986 1166 2064 longe
1199 1987 1387 2065 majus
1435 1997 1494 2048 et
1525 1986 1866 2064 gloriosius.

206 2075 302 2137 llle
331 2075 505 2137 enim
547 2079 717 2154 virga
758 2083 817 2136 et
845 2076 1005 2136 vivus
1038 2083 1094 2137 et
1136 2076 1322 2138 semel
1358 2094 1520 2137 mare
1561 2077 1860 2148 scindens,

210 2167 372 2227 maris
413 2165 802 2246 profundum
849 2173 916 2226 ut
945 2164 1059 2226 iter
1090 2175 1268 2245 esset,
1304 2164 1540 2227 effecit:
1578 2167 1675 2232 hic
1721 2183 1866 2228 vero

207 2256 480 2318 similiter
517 2254 686 2336 pelle
707 2255 884 2317 ovilla
904 2274 1116 2317 secans
1139 2253 1487 2330 Iordanem,
1509 2257 1696 2318 semel
1721 2276 1864 2338 quo-

207 2364 311 2423 que
365 2345 490 2407 hoc
525 2345 674 2406 fecit
729 2345 1135 2407 miraculum:
1189 2344 1481 2406 ambabus
1511 2346 1677 2426 aquis
1733 2355 1864 2425 post

207 2436 520 2496 transitum
557 2434 820 2497 redactis
852 2434 925 2495 ad
975 2453 1139 2496 suam
1176 2443 1467 2508 naturam,
1501 2435 1717 2517 quibus
1749 2437 1860 2498 hoc

204 2543 508 2607 nunquam
557 2524 780 2586 factum
814 2534 903 2586 est
929 2521 1268 2604 postea.llic
1298 2533 1494 2587 autem
1520 2532 1652 2605 post
1694 2544 1858 2588 mor-

206 2623 334 2695 tem,
363 2623 426 2676 et
449 2632 584 2676 non
607 2613 825 2684 semel,
857 2614 960 2673 sed
984 2612 1059 2674 ab
1084 2631 1154 2674 eo
1180 2622 1446 2694 tempore
1467 2633 1658 2695 usque
1682 2615 1740 2676 in
1761 2615 1862 2676 ho-

201 2705 474 2766 diernum
500 2704 700 2767 diem.
734 2701 782 2766 Ο
805 2704 1157 2765 miraculum
1194 2713 1250 2764 et
1282 2704 1532 2780 gloriam
1566 2707 1858 2786 martyris,

201 2795 366 2874 quale
396 2794 642 2855 donum
671 2803 760 2854 est
791 2801 1096 2854 assecutus
1125 2793 1372 2869 singulis
1402 2793 1574 2854 annis
1597 2793 1697 2856 die
1728 2796 1861 2874 glo-

197 2890 363 2946 riosas
383 2902 520 2945 suae
555 2883 986 2944 decertationis
1011 2882 1036 2944 Υ
1066 2881 1304 2962 Septem
1339 2882 1496 2944 enim
1532 2883 1684 2964 dies,
1711 2886 1864 2947 sicut

199 2973 355 3052 prius
414 2973 722 3049 diximus,
771 2973 1064 3035 recedens
1113 2991 1276 3034 mare
1333 2972 1478 3034 illud
1535 2973 1859 3050 inﬁnitum,

196 3062 302 3142 piis
335 3062 582 3144 praebet
609 3062 728 3124 iter
757 3059 950 3123 facile.

1959 1711 2206 1773 oculis?
2262 1711 2374 1774 Pro
2406 1733 2525 1790 quo
2576 1735 2716 1776 vero
2769 1717 2954 1779 orabo
2985 1719 3016 1778 ‘3
3071 1722 3210 1794 Quis
3239 1711 3434 1783 autem
3487 1726 3601 1786 erit

1896 1780 1932 1830 Β
1957 1818 2104 1862 mea:
2135 1805 2462 1865 senectutis
2494 1804 2741 1866 baculus
2763 1815 2789 1868 ’ἰ
2820 1807 2958 1887 Cur,
2995 1828 3029 1870 ο
3067 1780 3292 1886 sancte,
3329 1831 3446 1874 non
3497 1814 3595 1876 fe-

1953 1889 2084 1951 cisti
2121 1911 2216 1953 me
2260 1911 2392 1956 esse
2423 1895 2642 1956 sociam
2677 1897 2883 1958 mortis
2905 1897 3006 1960 ﬁlii
3045 1900 3183 1981 mei,
3210 1912 3275 1963 ut
3296 1904 3595 1982 quomodo

1951 1981 2021 2040 ad
2069 1989 2126 2043 te
2157 1984 2390 2045 accessi
2443 2004 2578 2046 eum
2617 2005 2790 2047 manu
2842 1999 3080 2062 tenens,
3116 1989 3192 2051 ita
3224 1981 3401 2052 etiam
3456 2012 3590 2054 eum

1951 2069 2106 2130 ulnis
2138 2071 2356 2147 ferens,
2388 2073 2592 2137 infelix
2642 2076 2710 2136 ad
2747 2077 2972 2139 inferos
3027 2078 3456 2142 descenderem
3496 2104 3508 2144 :
3543 2082 3590 2146 Ο

1951 2177 2112 2221 mare
2136 2168 2192 2221 et
2228 2163 2608 2241 profundum.
2636 2185 2891 2245 quonam
2927 2168 3007 2228 tui
3032 2169 3164 2229 sinu
3198 2189 3391 2231 meum
3422 2179 3592 2233 tene-

1949 2248 2071 2338 bris
2103 2251 2286 2312 ﬁlium
2316 2251 2346 2312 ?
2377 2252 2684 2324 Quomodo
2717 2265 2913 2316 autem
2970 2275 3101 2317 eum
3133 2278 3365 2338 quoque
3412 2260 3535 2322 ales
3565 2269 3593 2326 ?

1944 2335 2053 2428 Hei
2088 2338 2254 2415 mihi,
2297 2342 2636 2403 miserande
2668 2343 2750 2404 ﬁli
2788 2365 2803 2419 ;
2839 2345 3129 2427 ﬁli,rapte
3152 2335 3289 2408 ante
3317 2357 3590 2428 tempus;

1945 2427 2048 2491 ﬁli.
2087 2432 2386 2509 quomodo
2442 2448 2474 2491 a
2533 2434 2678 2492 meis
2739 2433 2928 2494 oculis
2979 2434 3248 2496 recesisti
3281 2442 3308 2498 ‘?
3367 2427 3592 2509 Quibus

1944 2516 2194 2595 pedibus
2224 2537 2288 2580 es
2331 2521 2698 2582 conversus?
2727 2521 3049 2594 Quemnam
3081 2533 3272 2586 autem
3307 2535 3588 2603 tanquam

1944 2625 2156 2686 agnum
2213 2609 2494 2686 aSpiciam
2526 2610 2898 2672 exsilientem
2928 2612 2954 2673 ?
3011 2612 3180 2675 Pater
3210 2632 3346 2676 vero
3383 2633 3594 2680 rursus

1947 2705 2004 2756 et
2050 2717 2256 2758 manus
2288 2711 2345 2759 et
2397 2701 2597 2761 oculos
2629 2700 2871 2775 feriens,
2909 2702 2992 2762 sic
3054 2703 3538 2780 conquerebatur
3572 2726 3586 2768 :

1948 2786 2085 2857 Cur,
2125 2808 2157 2848 ο
2192 2797 2420 2868 sancte,
2456 2808 2550 2850 me
2581 2801 2826 2872 repente
2857 2790 3066 2853 orbum
3103 2794 3290 2854 fecisti
3337 2795 3589 2873 liberis;

1949 2873 2066 2937 Cur
2104 2878 2446 2958 permisisti,
2483 2888 2545 2940 ut
2599 2900 2764 2942 meus
2807 2882 2963 2942 ﬁlius
3016 2894 3349 2945 moreretur
3401 2892 3590 2946 morte

1951 2975 2068 3028 tam
2117 2966 2438 3030 miserabili
2477 2970 2501 3031 ?
2549 2970 2666 3031 Cur
2715 2971 2856 3031 mihi
2902 2971 3241 3052 obtigerunt
3291 2974 3591 3036 contraria

1948 3055 2021 3114 iis
2069 3074 2200 3135 quae.
2227 3059 2514 3138 speravi?
2551 3061 2751 3122 Ilacne
2803 3060 2920 3122 ﬁde
2965 3063 3034 3124 ad
3070 3071 3127 3123 te
3171 3062 3531 3124 accessimus
3559 3063 3590 3124 ?

267 3139 370 3217 IV.
407 3153 570 3216 Cum
595 3154 715 3214 hoc
742 3170 881 3231 ergo
903 3149 993 3215 sic
1026 3151 1236 3213 factum
1260 3153 1352 3231 (t)
1377 3170 1586 3214 omnes
1608 3152 1712 3233 pii,
1743 3163 1856 3240 tam
1879 3139 1920 3190 ο
1944 3143 2189 3208 Taliane
2237 3158 2373 3209 sunt
2401 3149 2557 3240 dona
2589 3157 2904 3240 martyrum
2958 3151 3018 3211 in
3051 3169 3154 3212 eos
3184 3151 3282 3233 qui
3316 3152 3388 3213 ad
3425 3152 3588 3232 ipsos

195 3245 288 3326 qui
318 3253 506 3306 erant
533 3242 600 3304 in
633 3241 913 3320 regione,
940 3260 1120 3318 quam
1153 3241 1310 3303 cives
1337 3243 1658 3305 Chersonis
1683 3239 1857 3308 audi;
1945 3254 2154 3314 magno
2202 3240 2493 3301 accedunt
2522 3239 2872 3302 desiderio?
2918 3243 3146 3302 Revera
3191 3261 3308 3301 non
3361 3250 3444 3316 tu,
3477 3241 3584 3304 sed

193 3335 440 3409 vissent,
476 3339 883 3414 perrexerunt
911 3333 984 3392 ad
1036 3332 1555 3412 contemplandum
1590 3335 1856 3395 miracu-
1944 3326 2220 3404 procellae
2257 3347 2522 3390 meorum
2577 3339 2954 3408 peccatorum
3019 3331 3164 3391 mari
3213 3330 3584 3392 tradiderunt

192 3423 330 3485 lum.
370 3424 534 3486 Cum
571 3420 788 3499 quibus
809 3420 1052 3501 quidam
1075 3432 1315 3502 quoque
1336 3421 1423 3483 vir
1446 3423 1576 3504 pius
1607 3443 1738 3485 cum
1762 3425 1858 3505 pia
1941 3415 2152 3505 ﬁliuni.
2209 3419 2256 3482 Ο
2289 3419 2368 3481 ﬁli
2405 3419 2504 3494 mi,
2535 3421 2670 3501 quis
2690 3419 2775 3482 tui
2810 3421 3027 3481 mortui
3053 3419 3287 3481 claudet
3316 3419 3521 3481 oculos
3551 3420 3582 3480 ‘2

190 3533 379 3576 uxore
430 3521 492 3575 et
543 3511 669 3572 ﬁlio
725 3510 1010 3588 masculo,
1045 3511 1116 3573 ad
1167 3513 1532 3574 sacrosancti
1583 3515 1857 3595 martyris

190 3605 481 3684 templum
561 3601 717 3663 viam
792 3608 1113 3680 pergerunt
1169 3611 1446 3681 prompto
1528 3611 1585 3663 et
1673 3603 1855 3666 alacri

191 3693 412 3754 animo.
450 3688 606 3754 Cum
629 3699 827 3753 autem
858 3689 932 3751 ad
969 3689 1163 3751 locum
1197 3691 1624 3772 pervenissent,
1657 3703 1718 3754 et
1751 3693 1858 3754 mi-

187 3783 464 3846 raculum
497 3780 662 3864 quod
694 3779 884 3842 adhuc
937 3778 1138 3852 ﬁebat,
1171 3781 1563 3861 aspexissent,
1602 3782 1856 3861 ingressi

191 3883 318 3933 sunt
348 3869 512 3934 illud
551 3867 839 3948 templum
874 3867 1031 3948 quod
1079 3869 1153 3930 ad
1185 3865 1305 3930 Deo
1336 3868 1688 3931 mdiﬁcatum
1723 3869 1855 3932 fue-

192 3971 268 4022 rat
291 3961 358 4022 in
394 3956 709 4040 profundo
740 3977 757 4032 ;
793 3966 853 4018 et
883 3975 1018 4017 cum
1050 3957 1120 4017 ad
1153 3975 1393 4038 capsam
1429 3959 1847 4035 accessissent,

191 4047 498 4132 supplices
557 4053 823 4108 sanctum
861 4044 1166 4124 rogabant,
1205 4055 1474 4126 petentes
1523 4057 1585 4110 ut
1614 4067 1722 4129 per
1751 4055 1846 4130 ip-

190 4157 304 4200 sum
338 4136 467 4199 sibi
501 4137 751 4200 daretur
779 4135 1009 4196 veniam
1046 4145 1466 4216 peccatorum;
1500 4144 1559 4198 et
1586 4157 1843 4218 precane

195 4236 290 4302 tur,
323 4235 394 4288 ut
447 4225 579 4288 ﬁlio
609 4224 846 4288 daretur
883 4223 998 4284 vita
1049 4223 1246 4302 longa,
1284 4234 1341 4286 et
1373 4225 1554 4287 nullis
1596 4226 1849 4290 obnoxia

194 4314 656 4386 calamitatibus,
689 4321 751 4374 et
800 4331 980 4393 opum
1015 4315 1208 4395 cepia,
1240 4322 1300 4378 et
1337 4334 1468 4394 quae
1525 4327 1844 4379 consenta—

195 4424 361 4469 neum
411 4413 507 4466 est
542 4411 749 4484 petere
798 4412 1074 4480 parentes
1124 4403 1246 4464 ﬁlio
1279 4404 1476 4466 unico.
1527 4407 1845 4487 Postquam

1939 3502 2081 3576 Quis
2102 3514 2159 3567 te
2191 3516 2386 3569 autem
2422 3519 2741 3590 componet
2772 3510 2843 3569 ad
2877 3511 3216 3589 sepulcrum
3247 3507 3272 3570 Ὺ
3303 3507 3583 3580 Quaenam

1937 3612 2076 3654 vero
2109 3597 2278 3658 theca
2313 3599 2627 3676 pulchrum
2665 3608 2830 3658 tuum
2867 3607 2926 3658 et
2951 3596 3282 3676 jucundum
3319 3605 3472 3674 teget
3503 3605 3585 3657 ta-

1937 3682 2321 3745 bernaculum
2352 3686 2377 3748 ?
2403 3688 2493 3748 An
2525 3688 2766 3748 omnino
2794 3687 3034 3767 quidem
3062 3696 3191 3746 tuos
3212 3684 3414 3746 oculos
3437 3686 3580 3748 texit

1938 3790 2122 3852 mare,
2160 3784 2216 3835 et
2268 3775 2503 3856 sepeliit
2560 3775 2942 3857 profundum,
2978 3783 3038 3837 et
3094 3774 3198 3836 tibi
3253 3775 3424 3837 theca
3469 3774 3578 3837 fuit

1938 3870 2142 3923 venter
2169 3864 2420 3944 piscium
2459 3873 2470 3928 l

2013 4049 2108 4112 Vl.
2133 4053 2281 4114 Cum
2315 4053 2400 4114 sic
2421 4062 2618 4115 autem
2653 4055 3000 4133 plangerent
3029 4063 3086 4115 et
3114 4054 3582 4116 lamentarentur

1932 4149 2232 4218 parentes,
2258 4143 2498 4218 quidam
2536 4144 2700 4205 exiis
2731 4144 2831 4223 qui
2855 4145 2992 4205 illuc
3025 4153 3446 4215 convenerant,
3482 4143 3576 4204 vix

1934 4229 2170 4291 tandem
2207 4231 2295 4292 eis
2329 4243 2769 4311 persuaserunt,
2796 4241 2856 4292 ut
2886 4241 3188 4293 cessarent
3218 4251 3252 4292 λ
3284 4231 3571 4293 lamenta-

1934 4317 2118 4383 tione.
2150 4323 2294 4382 Cum
2328 4340 2362 4382 a
2395 4323 2554 4384 luctu
2598 4332 2793 4384 autem
2829 4339 3033 4402 parum
3067 4330 3426 4394 cessassent,
3461 4319 3574 4382 do-

1935 4425 2093 4470 mum
2127 4410 2421 4472 abierunt.
2453 4411 2596 4473 Cum
2633 4431 2770 4488 ergo
2805 4421 3038 4491 tempus
3068 4408 3482 4490 processisset,
3514 4418 3575 4472 et

196 4513 322 4575 ergo
345 4511 574 4577 preces
599 4491 994 4572 peregissent,
1018 4499 1077 4554 et
1105 4493 1296 4556 sancti
1322 4493 1565 4556 osculati
1599 4495 1852 4558 fuissent
1875 4491 1920 4544 Β
1937 4499 2242 4560 memoriae
2263 4500 2452 4561 sancti
2477 4501 2742 4580 martyris
2774 4501 2904 4562 dies
2923 4500 3241 4574 venissent,
3272 4497 3396 4561 haec
3417 4497 3576 4560 inter

196 4583 504 4664 reliquias,
527 4583 861 4645 redierunt.
885 4581 992 4654 Qui
1024 4601 1156 4642 cum
1192 4583 1415 4660 egressi
1448 4594 1667 4666 essent,
1695 4605 1848 4667 aqua

202 4691 400 4736 rursus
429 4674 492 4734 in
529 4691 702 4734 suum
737 4671 930 4732 locum
963 4671 1160 4732 rediit.
1196 4671 1285 4733 llli
1315 4681 1513 4734 autem
1549 4676 1840 4748 conversi,

199 4773 247 4824 et
286 4763 458 4840 quod
495 4761 662 4843 prius
695 4771 821 4822 erat
850 4759 986 4839 iter,
1021 4761 1266 4841 pelagus
1314 4762 1694 4842 aspicientes,
1731 4764 1846 4827 huc

199 4853 422 4914 etilluc
470 4850 1054 4928 circumspicientes,
1089 4848 1274 4910 ﬁlium
1320 4869 1588 4932 querere
1635 4872 1842 4931 aggre-

199 4939 535 5004 diebantur.
565 4940 619 5002 ls
640 4948 838 5001 autem
871 4937 930 4998 in
967 4957 1100 5000 arca
1119 4940 1302 5000 sancti
1335 4953 1705 5002 remanserat
1737 4964 1752 5013 ;
1783 4951 1840 5004 et

201 5029 296 5093 hoc
347 5049 474 5092 non
508 5027 806 5091 oblivione
857 5035 1193 5107 parentum,
1227 5028 1334 5089 sed
1383 5027 1492 5090 Dei
1540 5031 1837 5094 voluntate

201 5118 402 5182 factum
455 5127 569 5193 est,
603 5127 666 5178 ut
716 5117 776 5178 in
829 5117 942 5180 hoc
992 5136 1230 5197 quoque
1263 5127 1576 5198 martyrem
1621 5120 1840 5183 faceret

204 5210 370 5288 magis
399 5207 848 5271 admirabilem.

268 5299 332 5360 ιτ.
368 5297 520 5363 Cum
552 5317 693 5377 ergo
726 5305 1006 5378 parentes
1037 5314 1154 5358 non
1181 5295 1519 5358 invenirent
1545 5298 1754 5375 ﬁlium,
1780 5307 1839 5362 et

205 5388 539 5466 cogitassent
586 5405 842 5468 puerum
875 5385 1062 5446 fuisse
1106 5405 1140 5446 a
1170 5402 1234 5446 se
1276 5383 1560 5448 oblivioni
1593 5389 1652 5449 in
1703 5409 1834 5470 pro-

1929 4605 1995 4648 se
2053 4588 2347 4669 dicebant,
2384 4591 2678 4651 recordati
2728 4591 2819 4651 sui
2871 4591 3016 4652 ﬁlii:
3068 4588 3334 4667 Agedum
3386 4587 3571 4668 proﬁ-

1929 4675 2224 4740 ciscamur
2254 4677 2327 4737 ab
2377 4686 2672 4751 sanctum,
2709 4689 2793 4751 ut,
2829 4679 2878 4738 si
2931 4678 3063 4739 ulla:
3093 4676 3382 4755 reliquiae,
3414 4675 3572 4755 quod

1930 4766 2054 4826 ﬁeri
2083 4784 2198 4826 non
2234 4775 2450 4845 potest,
2477 4768 2873 4828 remanserint
2906 4767 3092 4827 nostri
3119 4765 3249 4841 ﬁlii,
3281 4782 3381 4825 eas
3410 4762 3572 4825 acci-

1929 4861 2182 4937 piamus,
2205 4867 2262 4917 et
2293 4876 2424 4916 cum
2454 4866 2679 4924 S-‘tnClO,
2701 4856 2933 4936 judicio
2965 4854 3392 4916 contendamus
3423 4873 3438 4926 ;
3481 4861 3564 4926 ut,

1926 4945 1974 5006 si
2018 4947 2143 5009 ﬁeri
2181 4949 2388 5025 possit,
2422 4947 2545 5008 illic
2590 4949 2934 5019 moriamur,
2970 4943 3180 5005 mortis
3220 4941 3567 5003 societatem

1923 5039 2194 5096 ineuntes
2220 5054 2355 5098 cum
2391 5037 2534 5097 ﬁlio.
2572 5037 2716 5096 Cum
2744 5035 2867 5095 haec
2898 5051 3038 5112 ergo
3064 5031 3381 5110 dixissent,
3411 5048 3566 5092 non-

1919 5124 2059 5184 dum
2111 5123 2182 5184 iis
2215 5143 2348 5203 quae
2400 5123 2771 5201 dicebantur,
2805 5122 2984 5183 ﬁnem
3047 5121 3478 5200 imposuerant,
3509 5127 3567 5180 et

1919 5221 2228 5294 coeperunt
2261 5213 2373 5274 iter
2403 5210 2659 5290 ingredi.
2693 5212 2839 5274 Cum
2875 5229 3012 5272 vero
3057 5209 3472 5284 accessissent,
3509 5216 3566 5270 et

1917 5303 1988 5362 ad
2053 5303 2246 5362 locum
2302 5301 2733 5381 pervenissent,
2767 5310 2827 5364 et
2882 5318 3043 5362 mare
3099 5295 3563 5378 retrocessisset,

1917 5390 2037 5453 Deo
2055 5391 2150 5452 hic
2169 5410 2405 5473 quoque
2429 5391 2620 5454 honor
2636 5401 2773 5456 ante
2800 5400 3112 5480 martyrem
3146 5388 3252 5455 ﬁlii
3274 5387 3368 5451 sui
3400 5386 3564 5449 desi-

271 5564 342 5641 (l)
368 5563 728 5630 lluml‘erc.
761 5563 867 5643 35,
901 5564 1086 5643 Greg.
1119 5562 1294 5628 Turc.
1336 5562 1449 5626 lib.
1479 5579 1522 5629 ι.
1561 5566 1646 5627 De
1672 5565 1874 5647 gloria
1908 5579 2272 5658 martyrum.
