3932 6128
370 219 483 287 187
1665 219 1923 285 ΜΕΝΒΙΕ

2213 220 2437 285 MBER.
3639 225 3766 295 188

366 356 2313 442 deriosttmulati.primiprofunduminsilierunt,eosqueArabilia
2362 363 2420 420 et
2448 357 2625 438 longe
2655 354 3033 422 clarlssima:
3080 377 3349 442 prmsens
3396 368 3593 426 autem
3648 364 3774 426 mi-

367 471 626 530 sequens
656 452 905 515 vadebat
937 450 1273 513 multitudo.
1303 451 1448 513 Cum
1485 460 1683 512 autem
1709 451 2013 531 pervenis-
2096 449 2364 509 raculum
2404 456 2688 530 quantum
2724 467 2794 510 ea
2828 452 3193 531 exsuperat?
3220 452 3519 515 Attentius
3550 460 3777 514 autem

368 553 499 605 sent
520 542 588 603 ad
624 542 921 623 imprimis
950 540 1349 603 venerandum
1386 540 1672 621 templum
1710 541 2010 621 martyris,
2100 537 2241 599 mihi
2268 538 2585 599 considera
2617 537 2893 600 miraculi
2935 540 3371 603 excellentiam.
3407 541 3566 604 Elias
3625 541 3781 623 qui-

367 636 424 712 (ο
459 631 859 705 miraculum!)
889 630 1091 692 vident
1122 648 1291 691 suum
1339 629 1524 691 ﬁlium
1562 630 1779 709 vivum,
1818 630 2014 692 laetum
2098 627 2234 689 dem
2269 634 2333 688 ut
2363 626 2529 708 prius
2562 628 2841 700 dixtmus,
2867 647 3056 710 nuper
3081 641 3383 692 mortuum
3412 638 3784 711 puerum,et

371 730 429 786 et
458 723 855 786 exsilientem.
891 722 1034 785 Cum
1069 726 1153 781 sic
1179 727 1377 781 autem
1409 738 1442 780 a
1475 719 1775 780 miraculis
1807 720 1864 780 in
1899 720 2014 780 mi-
2101 718 2202 797 qui
2260 716 2523 777 nondum
2576 718 2917 794 refrixerat,
2953 719 3058 780 sed
3110 720 3304 784 adhuc
3355 722 3641 784 servabat
3674 739 3785 781 na-

367 813 634 876 raculum
689 811 1063 882 incidissent,
1100 827 1291 888 reque
1323 808 1537 888 insigni
1596 818 1653 869 et
1684 808 2017 871 admirabili
2104 813 2253 867 tura;
2305 806 2585 879 calorem,
2628 807 2960 871 suscitavit.
3005 809 3193 871 Elisci
3219 827 3363 871 vero
3391 809 3579 871 virtus
3625 809 3784 871 dua-

372 910 573 964 essent
620 900 1037 981 obstupefacti,
1073 900 1327 980 primum
1382 898 1623 979 quidem
1657 897 1844 959 Deum
1885 898 2019 959 lau-
2105 895 2214 957 bus
2234 896 2307 958 de
2330 897 2527 958 causis
2550 897 2690 958 fecit
2716 897 3089 961 miraculum:
3125 917 3242 961 una
3281 899 3519 975 quidem
3548 908 3779 961 osten-

372 992 587 1053 darunt
623 1013 637 1067 ;
683 989 900 1052 deinde
933 988 1174 1069 martyri
1211 1005 1451 1067 quoque
1497 996 1748 1066 egerunt
1778 989 2015 1067 gratias.
2106 985 2255 1048 dens
2282 986 2657 1066 prophetam,
2701 986 3246 1065 quiignorabatur:
3280 988 3527 1051 alteram
3561 997 3780 1050 autem

370 1081 667 1160 Deinceps
695 1098 829 1141 vero
866 1077 1312 1143 adolescentem
1367 1078 1829 1157 interrogarunt,
1864 1096 2020 1158 quo-
2106 1094 2223 1137 non
2250 1075 2586 1137 concedens
2619 1075 2840 1138 caedem
2869 1077 3042 1139 etiam
3069 1088 3199 1158 post
3234 1088 3509 1142 mortem.
3543 1080 3781 1142 Petrus

374 1171 548 1232 modo
578 1177 735 1231 esset
765 1178 1051 1244 servatus,
1090 1186 1346 1248 quonam
1381 1166 1739 1247 viviﬁcante,
1761 1185 2019 1247 quonam
2108 1182 2247 1226 vero
2280 1182 2384 1226 sua
2410 1164 2647 1245 virtute,
2668 1173 2723 1226 et
2756 1165 2994 1246 adjutus
3014 1167 3188 1227 etiam
3222 1185 3428 1229 eorum
3452 1167 3777 1248 precibus,

371 1269 667 1333 servante,
730 1266 790 1319 et
845 1276 1101 1339 quonam
1176 1255 1529 1319 nutriente?
1609 1258 1765 1319 Puer
1821 1265 2019 1318 autem
2112 1254 2279 1333 quia
2308 1253 2479 1316 vidua
2518 1254 2752 1316 fuerant
2781 1255 2977 1318 aﬁ'ecti
3009 1256 3323 1331 beneﬁcio,
3357 1259 3487 1339 ipse
3521 1275 3782 1338 quoque

372 1368 488 1412 una
537 1349 777 1431 quidem
826 1366 1004 1408 manu
1068 1355 1280 1409 tenens
1332 1364 1556 1420 arcam,
1592 1346 1776 1407 altera
1827 1354 2021 1407 autem
2109 1343 2383 1431 excitavit
2434 1361 2561 1404 eam
2623 1344 2798 1405 modo
2859 1358 3178 1410 mortuam.
3253 1346 3506 1409 Sanctus
3560 1355 3780 1409 autem

372 1429 767 1517 manuvdigito
798 1437 1071 1498 indicans
1106 1455 1241 1498 eum
1303 1435 1403 1516 qui
1434 1435 1595 1496 intus
1622 1435 1881 1515 jarebat,
1918 1454 2023 1497 re-
2108 1439 2328 1513 martyr
2356 1429 2633 1494 Clemens
2662 1433 2725 1512 (ο
2766 1434 3116 1496 miraculum
3145 1436 3182 1513 !)
3232 1454 3350 1497 non
3384 1453 3629 1511 recens,
3666 1434 3780 1497 sed

370 1528 614 1610 spondit
666 1524 1166 1606 interrogantibus
1204 1546 1218 1585 :
1265 1523 1373 1587 Hic
1436 1533 1567 1605 post
1616 1524 1801 1586 Deum
1856 1543 2024 1586 meus
2100 1523 2223 1602 jam
2271 1539 2426 1582 anno
2460 1541 2577 1582 uno
2612 1532 2937 1599 mortuum,
2973 1525 3064 1586 vel
3116 1535 3181 1586 ut
3212 1526 3422 1588 melius
3453 1525 3683 1605 dicam,
3720 1524 3787 1585 in

371 1627 571 1682 custos
622 1626 681 1680 et
711 1618 826 1679 vita
871 1625 933 1680 et
978 1617 1326 1678 alimentum
1386 1615 1517 1696 fuit,
1552 1624 1609 1676 et
1652 1615 2026 1695 propulsator
2106 1630 2224 1672 uno
2260 1630 2499 1692 quoque
2532 1622 2779 1692 puncto,
2811 1622 2868 1674 et
2898 1616 3029 1693 ejus
3061 1617 3411 1677 tenuissima
3441 1622 3609 1695 parte
3644 1633 3783 1674 mo-

369 1709 703 1771 belluarum
765 1707 1156 1770 marinarum.
1204 1705 1313 1767 Hic
1370 1723 1467 1765 me
1521 1704 1788 1784 quotidie
1832 1704 2384 1785 alebatBrientem,
2442 1705 2801 1779 conseravit,
2860 1704 3037 1768 Scitis
3106 1717 3300 1768 autem
3369 1724 3612 1773 omnes.
3678 1705 3785 1786 qui

370 1796 793 1881 splendidisse.
2104 1794 2238 1873 ejus
2285 1793 2533 1871 fecistis,
2570 1794 2930 1874 periculum,
2965 1804 3183 1878 quanto
3232 1804 3501 1876 tempore
3548 1794 3780 1857 verisi-

448 1886 575 1951 VII.
613 1889 894 1950 Parentes
922 1896 1121 1949 autem
1158 1885 1557 1947 admiratione
1599 1893 1659 1947 et
1690 1884 1892 1946 laetitia
1922 1883 2017 1944 af-
2106 1882 2245 1945 mile
2296 1890 2420 1944 erat
2470 1884 2813 1945 conservari
2865 1903 3115 1964 puerum
3176 1887 3237 1948 in
3286 1884 3582 1966 profundo
3646 1893 3775 1945 tam

371 1978 530 2057 fecti,
558 1984 616 2038 et
643 1976 914 2057 martyris
947 1976 1063 2037 ﬁde
1096 1978 1281 2055 magis
1311 1975 1670 2047 conﬁrmati,
1703 1992 1811 2055 per
1838 1992 2017 2053 quem
2105 1980 2285 2033 vasto.
2319 1972 2437 2035 Sed
2471 1973 2615 2034 mihi
2652 1972 2971 2051 diligenter
2992 1975 3396 2037 consideranti
3428 1994 3547 2036 non
3581 1992 3780 2036 unum

371 2065 583 2144 ﬁlium,
616 2084 790 2146 quem
817 2065 1100 2147 putabant
1130 2064 1752 2144 mortuum,viventem
1774 2081 2018 2143 accepe-
2108 2071 2429 2139 mortuum,
2488 2062 2591 2124 sed
2648 2072 2870 2143 quanto
2930 2065 3221 2145 temporis
3288 2065 3478 2146 spatio
3538 2064 3780 2126 scimus

362 2168 528 2227 runt,
583 2156 812 2235 priores
862 2154 1056 2216 luctus
1104 2160 1523 2216 cenverterunt
1572 2153 1642 2215 ad
1693 2152 2017 2231 gratiarum

359 2244 683 2325 actionem,
720 2252 923 2306 sancto
954 2244 1039 2305 sic
1071 2245 1504 2305 acclamantes:
1544 2244 1702 2306 Vere
1731 2263 1871 2322 ergo
1905 2244 2015 2305 ad-

369 2333 657 2396 mirabilis
689 2342 781 2396 est
808 2336 971 2397 Dens
1000 2333 1061 2394 in
1087 2334 1308 2395 sanctis
1337 2333 1465 2394 suis
1489 2332 1541 2408 6,
1574 2340 1634 2393 et
1664 2352 1870 2395 eorum
1917 2332 2017 2413 qui

364 2416 558 2505 ipsum
615 2425 847 2494 timent,
902 2423 1126 2484 faciens
1180 2423 1546 2485 voluntatem
1578 2424 1629 2495 7,
1665 2432 1722 2483 et
1769 2422 2018 2485 audiens

369 2531 577 2576 eorum
613 2513 1045 2593 precationem.
1083 2511 1366 2585 Servasti,
1403 2533 1434 2573 ο
1489 2521 1715 2587 sancte,
1749 2521 2015 2573 nostrum

369 2603 593 2679 ﬁlium;
626 2601 938 2664 reddidisti
974 2602 1146 2661 nobis
1179 2620 1314 2662 eum
1354 2603 1451 2682 qui
1491 2621 1608 2662 non
1643 2601 2013 2680 sperabatur.

368 2693 416 2755 Ο
450 2692 665 2755 caelum
692 2698 750 2752 et
773 2700 1023 2770 terra,et
1048 2696 1104 2751 tu
1135 2689 1518 2770 profundum,
1541 2689 1695 2769 quod
1725 2707 1831 2749 nos
1855 2689 2018 2769 prius

366 2780 828 2842 exsecrabamur
858 2779 1155 2840 admirare
1188 2798 1461 2856 magnum
1514 2779 1627 2840 hoc
1659 2796 1830 2860 opus,
1863 2780 2018 2859 quod

365 2877 636 2932 naturam
670 2867 1084 2949 superatEsto
1118 2876 1316 2929 autem
1363 2880 1424 2930 tu
1457 2886 1759 2949 quoque,o
1792 2877 2018 2949 sancte,

366 2957 540 3020 nobis
572 2958 885 3039 propitius,
923 2966 981 3019 et
1030 2977 1097 3019 ea
1129 2957 1301 3019 nobis
1332 2958 1606 3020 condnna
1635 2976 1768 3038 quae
1823 2960 2019 3018 animo

2105 2172 2352 2237 puerum
2397 2152 2458 2212 in
2491 2171 2640 2233 aqua
2689 2152 2992 2235 suffocari,
3026 2154 3086 2215 id
3137 2162 3372 2235 tempus
3411 2162 3767 2234 repetentes

2104 2252 2163 2303 et
2194 2242 2601 2317 remetieutes,
2628 2242 3003 2305 inveniemus
3033 2254 3299 2307 sanctum
3329 2252 3411 2306 tot
3429 2245 3765 2305 suﬂ'ocasse

2106 2344 2395 2395 mortuos.
2441 2331 2610 2404 Quod
2643 2341 2837 2394 autem
2889 2341 2980 2394 est
3023 2333 3464 2406 admirabilius,
3498 2351 3623 2394 non
3686 2332 3763 2394 ab

2102 2439 2393 2497 aquarum
2442 2421 2631 2483 solum
2693 2423 3102 2497 suffocatione,
3166 2423 3268 2485 sed
3331 2442 3364 2483 a
3429 2423 3762 2484 bestiarum

2103 2511 2279 2570 etiam
2315 2510 2559 2572 lzesione
2598 2512 2978 2575 conservavit
3008 2530 3282 2592 puerum.
3327 2513 3376 2576 Ο
3408 2511 3686 2589 gratiam,
3730 2529 3766 2572 ο

2104 2600 2408 2673 virtutem,
2446 2620 2577 2681 qua:
2622 2610 2943 2681 utrumque
2969 2603 3188 2665 efﬁcit:
3225 2621 3442 2683 nempe
3482 2610 3543 2661 et
3574 2619 3765 2682 aquas

2104 2689 2322 2767 alligat.
2353 2699 2409 2751 et
2436 2692 2751 2772 propulsat
2782 2691 3030 2755 belluas.
3063 2692 3149 2755 Ad
3182 2693 3311 2753 haec
3345 2691 3488 2771 quid
3527 2688 3770 2752 dicitis?

2104 2777 2231 2839 Non
2264 2778 2377 2839 alia
2408 2788 2649 2858 superat
2682 2782 3030 2842 miraculum
3058 2780 3083 2842 Υ
3134 2779 3261 2842 Nisi
3293 2779 3426 2862 quis
3453 2796 3562 2842 nos
3612 2779 3767 2841 male

2107 2869 2533 2949 reprehendat,
2571 2871 2726 2945 quod
2775 2871 2833 2931 id
2869 2871 3219 2933 extollamus
3250 2888 3431 2951 supra
3475 2870 3768 2932 miracula

2109 2958 2480 3039 prophetica.
2538 2960 2714 3021 Nulla
2747 2978 2815 3021 ea
2865 2960 2939 3022 de
2986 2977 3160 3022 causa
3190 2961 3248 3021 in
3302 2977 3410 3020 nos
3436 2959 3615 3021 cadet
3661 2977 3762 3021 re-

366 3048 613 3112 cruciati
673 3046 1092 3109 interdiximus
1121 3054 1181 3110 et
1239 3048 1513 3109 fecimus.
1548 3046 1633 3107 Ne
1668 3066 1771 3127 pro
1805 3048 2081 3131 nostrisc
2108 3049 2450 3127 prehensio.
2488 3054 2711 3128 Aperte
2751 3049 2911 3110 enim
2944 3050 3109 3111 scitis
3138 3058 3409 3112 sanctum
3442 3058 3761 3130 martyrem

364 3140 425 3200 in
481 3145 537 3199 te
568 3136 902 3198 maledictis
953 3156 1153 3218 parem
1212 3137 1436 3198 referas
1482 3137 1751 3213 gratiam.
1806 3136 2019 3199 Filium

367 3227 749 3308 recepimus;
790 3245 950 3300 eum,
986 3226 1086 3306 qui
1137 3236 1262 3287 erat
1296 3235 1583 3295 mortuus.
1621 3245 1726 3306 per
1774 3234 1831 3287 te
1864 3244 2023 3287 nunc

367 3318 427 3380 in
465 3317 644 3377 vitam
679 3324 1019 3377 revocatum
1054 3315 1417 3395 accepimus,
1446 3314 1772 3377 senectutis
1804 3323 2019 3376 nostrae

368 3406 641 3468 baculum
675 3424 882 3466 rursus
906 3405 1194 3465 habemus
1228 3413 1326 3464 tuo
1362 3404 1598 3467 auxilio.
1638 3405 1789 3477 Quid
1825 3404 2013 3484 pluri-

368 3495 476 3557 bus
508 3515 653 3574 opus
684 3494 824 3557 est?
855 3498 986 3559 Non
1021 3495 1195 3554 trium
1231 3493 1490 3573 dierum,
1523 3494 1630 3555 sed
1666 3500 1843 3555 unius
1874 3492 2018 3554 anni

368 3595 690 3661 mortuum,
726 3592 783 3645 et
835 3604 950 3644 non
980 3583 1202 3664 lapide,
1238 3584 1341 3645 sed
1376 3603 1525 3664 aqua
1566 3584 1870 3645 conditum
1910 3603 1922 3646 :
1960 3593 2016 3646 et

369 3694 485 3737 non
515 3695 547 3736 a
591 3673 915 3754 vermibus,
952 3674 1112 3755 quod
1167 3682 1255 3734 est
1305 3683 1529 3735 natura;
1559 3675 1832 3735 humanm
1886 3692 2017 3752 pro-

369 3764 585 3845 prium,
623 3773 1063 3843 consumptum,
1099 3762 1201 3823 sed
1236 3783 1268 3822 a
1300 3763 1586 3843 piscibus,
1617 3771 1677 3822 ut
1709 3763 2018 3824 existima-

369 3851 601 3932 bamus,
630 3853 1001 3926 devoratum,
1040 3851 1263 3912 salvum
1316 3870 1422 3931 per
1471 3862 1525 3913 te
1557 3852 1919 3931 accepimus.
1973 3849 2021 3914 Ο

365 3942 635 4019 gratiam.
696 3960 730 4000 ο
794 3940 1073 4018 gloriam,
1120 3961 1153 4000 ο
1213 3940 1489 4001 virtutem
1555 3949 1612 4002 et
1674 3941 2021 4001 beneﬁcen-

367 4028 556 4091 tiam!
606 4049 638 4086 υ
683 4036 910 4088 sancte.
958 4029 1102 4090 Cum
1164 4028 1250 4089 sic
1339 4046 1481 4107 ergo
1553 4037 1818 4089 sanctum
1891 4048 2027 4089 cum

370 4116 640 4198 lacrymis
668 4126 866 4177 essent
901 4124 958 4177 et
988 4115 1264 4177 laudibus
1297 4116 1613 4197 prosecuti,
1649 4118 2018 4197 accipientes

370 4207 583 4286 ﬁlium,
618 4224 835 4267 venere
890 4209 1158 4282 domum,
1207 4215 1520 4269 narrantes
1571 4206 1850 4269 omnibus
1902 4206 2017 4268 mi-

368 4297 658 4359 raculum.

449 4384 600 4486 ῩΙΙΙ.
626 4385 922 4486 Quidnam
944 4404 1084 4486 ergo
1104 4405 1237 4447 cum
1272 4385 1363 4486 his
1387 4387 1760 4447 conferemus
1781 4393 1809 4449 ἲ
1834 4387 2016 4486 Aiunt
2042 4436 2082 4486 ο

368 4474 557 4537 Eliam
595 4475 911 4555 aliquando
964 4476 1174 4550 ﬁlium,
1209 4474 1311 4553 qui
1345 4484 1471 4536 erat
1502 4485 1787 4551 mortuus,
1819 4477 2012 4539 vivum

369 4563 545 4627 matri
592 4563 929 4625 reddidisse
964 4587 979 4635 ;
1014 4563 1170 4644 quod
1215 4564 1454 4644 quidem
1512 4573 1570 4627 et
1620 4585 1920 4645 magnum,
1960 4575 2019 4628 et

369 4652 536 4715 valde
565 4652 918 4715 admirabile
942 4652 1156 4725 8.Quin
1179 4657 1353 4716 etiam
1375 4655 1447 4715 ad
1470 4654 1649 4719 Elisei
1674 4656 2015 4737 aliquando,

368 4752 429 4805 ut
453 4740 688 4803 Litteris
722 4750 811 4804 est
848 4743 1165 4823 proditum.
1202 4754 1677 4821 monumentum,
1704 4746 2016 4823 quemdam

367 4853 400 4895 a
425 4833 777 4914 quibusdam
811 4833 1128 4894 homicidis
1159 4834 1561 4906 interfectum,
1592 4843 1650 4896 et
1682 4836 1738 4896 in
1775 4855 1843 4897 eo
1877 4856 2019 4918 pro-

362 4924 610 5001 jectum,
641 4923 973 4984 surrexisse
1004 4931 1062 4983 et
1092 4923 1303 4984 vixisse
1335 4924 1368 4973 9
1400 4943 1414 4983 :
1455 4925 1607 5004 quod
1661 4926 1902 5006 quidem
1934 4936 2020 4988 est

368 5031 676 5091 magnum,
698 5019 760 5073 et
790 5012 962 5073 valde
988 5012 1431 5075 admirandum.
1486 5012 1667 5076 Porro
1691 5025 1884 5077 autem
1912 5016 1991 5078 Pe
2016 5054 2019 5057 -

368 5111 498 5164 trus
521 5120 758 5182 quoque
774 5101 833 5163 in
850 5101 1070 5164 nostris
1091 5102 1284 5178 libris,
1305 5105 1535 5178 Petrus,
1557 5104 1827 5187 inquam,
1849 5107 2020 5186 prin-

366 5207 507 5267 ceps
561 5192 990 5270 apostolorum,
1025 5192 1212 5274 illam,
1267 5211 1398 5273 quia
1452 5212 1751 5274 pauperes
1800 5196 2021 5271 alebat,

364 5277 599 5340 viduam
649 5280 916 5341 Tabitam
958 5290 1278 5357 mortuam,
1311 5285 1519 5344 eadem
1571 5285 1717 5346 hora
1743 5284 1814 5346 ad
1848 5286 2023 5347 vitam

365 5366 669 5429 suscitavit
700 5368 1050 5447 precibus‘o
1102 5369 1169 5431 Et
1213 5380 1349 5431 sunt
1388 5372 1512 5433 haec
1538 5375 1777 5453 quidem
1828 5375 2026 5438 admi-

2108 3155 2241 3197 esse
2280 3138 2342 3197 in
2394 3138 2601 3198 eadem
2653 3138 2841 3216 gloria
2882 3147 2942 3202 et
2970 3138 3183 3201 iisdem
3236 3137 3667 3210 tabernaculis,
3701 3141 3761 3199 in

2107 3226 2325 3306 quibus
2378 3230 2567 3287 sancti
2607 3236 2913 3308 martyres,
2950 3227 3201 3309 apostoli
3232 3237 3290 3291 et
3337 3229 3668 3310 prophetae,
3702 3234 3761 3289 et

2106 3316 2217 3397 ipsi
2249 3316 2469 3394 angeli.

2186 3407 2290 3469 1X.
2326 3407 2443 3467 Sed
2476 3424 2509 3466 ο
2544 3414 2862 3487 martyrum
2896 3408 3183 3489 splendor
3212 3417 3271 3472 et
3302 3407 3485 3469 decus
3513 3416 3756 3472 sancto-

2100 3514 2256 3569 rum,
2284 3494 2559 3575 primitiae
2592 3497 2946 3571 antistitum,
2974 3498 3110 3559 vide
3153 3517 3312 3560 nunc
3334 3517 3570 3580 quoque
3594 3499 3756 3561 hunc

2103 3594 2464 3665 praesentum
2488 3595 2705 3647 emtum
2740 3586 2903 3666 pium
2939 3594 2998 3649 et
3027 3587 3396 3666 religiosum,
3431 3588 3530 3668 qui
3559 3605 3596 3649 ι
3628 3588 3757 3649 vita

2104 3674 2381 3736 ﬂuctibus
2406 3675 2671 3756 quotidie
2693 3676 3146 3739 obruitur.Eum
3174 3684 3287 3739 tuis
3304 3677 3585 3759 precibus
3612 3678 3755 3739 illa-

2105 3782 2232 3824 sum
2284 3765 2602 3827 custodiet
2653 3783 2988 3830 conserva:
3037 3775 3095 3828 et
3144 3767 3246 3849 qui
3298 3776 3576 3849 tanquam
3634 3767 3758 3830 fere

2106 3854 2397 3915 immanes
2436 3854 2706 3916 insiliunt
2745 3855 3063 3934 daemones,
3100 3865 3157 3918 et
3190 3856 3496 3918 minantur
3525 3874 3590 3919 se
3630 3874 3761 3919 esse

2108 3943 2494 4005 devoraturos
2525 3944 2739 4005 animae
2771 3944 3166 4027 n'ibilitatem,
3203 3955 3435 4007 tuarum
3468 3945 3757 4008 interces-

2111 4033 2342 4095 sionum
2369 4032 2566 4112 jaculo
2590 4035 2838 4115 repelle,
2862 4054 2896 4096 ο
2919 4035 3320 4098 sanctissime.
3348 4035 3465 4097 Sed
3493 4054 3602 4096 nos
3618 4054 3761 4115 quo-

2104 4140 2243 4201 que,
2280 4142 2312 4181 ο
2346 4120 2694 4184 ﬁdelissime
2726 4132 2939 4199 cretus,
2975 4143 3143 4202 rogo,
3168 4133 3233 4185 ut
3266 4142 3375 4205 per
3394 4124 3759 4187 bonaetDeo

2102 4220 2264 4291 grata
2296 4229 2480 4292 Opera
2507 4212 2834 4275 efﬁciamus
2868 4232 2975 4274 nos
3005 4213 3217 4292 dignos
3246 4214 3431 4276 sancti
3462 4213 3672 4293 gratiis
3698 4223 3757 4275 et

2102 4300 2297 4361 donis.
2328 4298 2396 4361 Et
2427 4301 2683 4381 primum
2716 4301 2955 4383 quidem
2990 4302 3049 4363 in
3102 4301 3289 4365 Deum
3327 4310 3386 4364 et
3416 4303 3574 4365 inter
3624 4321 3732 4365 nos

2105 4391 2264 4470 ipsos
2306 4396 2599 4452 sinceram
2637 4401 2699 4453 et
2729 4411 2845 4453 non
2897 4391 3298 4473 perturbatam
3335 4409 3755 4456 conservemus

2102 4481 2477 4543 charitatem.
2531 4481 2758 4543 Deinde
2784 4481 2856 4541 ab
2889 4481 3053 4542 omni
3103 4481 3452 4563 maledicto,
3486 4492 3543 4544 et
3593 4478 3756 4544 omni

2103 4568 2438 4650 mendacio,
2476 4577 2533 4630 et
2555 4571 2716 4631 omni
2747 4569 3010 4649 perjurio
3044 4571 3317 4651 nosipsos
3339 4587 3750 4651 repurgemus.

2101 4659 2253 4720 Ante
2286 4660 2409 4720 hac
2440 4669 2635 4720 autem
2669 4668 2726 4721 et
2760 4667 2889 4737 post
2934 4659 3083 4733 haec,
3120 4659 3405 4721 faciamus
3435 4660 3756 4739 eleemosy-

2104 4768 2263 4824 nam,
2300 4768 2429 4831 quae
2463 4750 2577 4810 scit
2608 4752 2797 4812 Deum
2831 4748 3016 4827 magis
3053 4748 3315 4829 placare,
3343 4759 3403 4811 et
3436 4748 3752 4830 propitium

2104 4838 2358 4900 reddere
2391 4838 2613 4901 nostris
2646 4838 2927 4918 peccatis.
2962 4836 3106 4910 Quis
3156 4838 3315 4900 enim
3348 4838 3480 4918 ejus
3511 4838 3750 4910 oblitus,

2103 4945 2359 5008 regnum
2394 4929 2503 4990 Dei
2539 4926 2910 5008 possederit?
2938 4928 3127 4989 Nemo
3157 4936 3425 4991 nostrum
3482 4933 3756 5010 praetexat

2106 5024 2535 5099 paupertatem,
2561 5035 2736 5078 nemo
2757 5016 3103 5079 viduitatem
3138 5017 3541 5080 etliberorum
3574 5018 3755 5078 nutri-

2105 5112 2423 5169 cationem.
2454 5107 2606 5168 Sunt
2637 5105 2696 5167 hi
2728 5105 2931 5183 frigidi
2977 5114 3034 5168 et
3069 5104 3387 5186 perniciosi
3413 5113 3751 5189 praetextas.

2106 5195 2290 5257 Nemo
2319 5204 2580 5257 vestrum
2614 5204 2703 5257 est
2736 5195 2838 5256 illa
2871 5194 3041 5257 vidua
3071 5195 3416 5276 pauperior,
3442 5214 3573 5276 qua
3604 5191 3755 5257 nihil

2108 5285 2266 5346 aliud
2301 5283 2581 5358 habebat,
2614 5302 2787 5364 quam
2833 5283 3118 5364 pugillum
3150 5285 3378 5346 larium:
3413 5284 3593 5366 idque
3625 5298 3750 5345 cum

2111 5374 2309 5436 alendi
2349 5375 2421 5437 'ei
2455 5383 2653 5436 essent
2701 5372 2871 5435 liberi
2912 5397 2924 5433 :
2975 5391 3172 5451 neque
3229 5382 3424 5436 tamen
3457 5392 3622 5435 suam
3662 5376 3753 5434 aut

441 5527 475 5579 ϐ
504 5527 661 5590 Psal.
698 5545 874 5603 vau,
909 5530 1005 5592 36.
1054 5530 1082 5581 7
1111 5530 1269 5592 Psal.
1297 5546 1498 5612 cxuv,
1536 5533 1628 5593 t2.
1681 5535 1712 5585 8
1742 5533 1819 5597 ΙΙΙ
1854 5537 2000 5616 Reg.
2034 5552 2141 5610 vn,
2172 5537 2192 5598 l
2231 5552 2397 5618 seqq.
2439 5534 2470 5585 9
2500 5536 2580 5599 IV
2615 5536 2760 5619 Reg.
2795 5549 2921 5609 xm,
2951 5534 3021 5597 21
3056 5552 3225 5621 seqq.
3276 5536 3334 5587 10
3365 5537 3498 5599 Act.
3536 5552 3612 5619 Ix,
3648 5530 3741 5597 39.
