3932 6128
243 241 344 308 189

1300 252 1485 317 νΙΤΑ
1531 253 1614 316 S.‘
1639 252 2010 318 GREGORII
2053 254 2596 322 AGRIGENTINI.

3527 249 3640 322 190

225 377 317 442 ﬁlii
336 379 1478 472 vitampratulit-misericordire“.Ne
1501 389 1915 452 excusationes
1935 399 1972 450 A
2000 392 2193 453 solum
2227 389 2361 452 cibo
2393 396 2452 452 et
2481 395 2620 470 potu
2652 389 2900 472 repleta,
2935 387 3040 454 sed
3073 391 3245 452 etiam
3275 407 3422 452 auro
3454 397 3512 451 et
3539 407 3640 454 ar-

209 485 524 560 gueremus
554 470 622 532 in
674 476 1004 552 peccatis,
1048 497 1081 538 ‹
1111 478 1268 539 Deus
1302 496 1420 540 non
1461 476 1842 540 irridetur“.
1881 503 1909 534 ω
1995 489 2194 557 gemo,
2221 488 2280 540 et
2320 478 2474 559 aliis,
2505 498 2636 559 quae
2661 470 2763 542 eos
2795 487 3260 560 consequuntur,
3292 477 3394 559 qui
3424 476 3644 542 divitiis

204 557 424 620 Penaria
478 569 709 623 nostra
767 574 1008 627 mente
1063 565 1420 629 intueamur.
1469 566 1792 630 Videamus
1840 587 1912 630 an

197 647 507 728 quotidiani
531 650 850 714 alimenti
880 655 1052 718 nihil
1081 657 1252 719 nobis
1283 657 1598 722 redundet.
1632 661 1715 720 Ne
1739 677 1912 720 men-

188 735 315 798 sium
347 737 636 802 circulos
663 743 1074 820 metiamur,
1107 755 1163 808 et
1192 765 1480 809 annorum
1511 748 1793 823 ambitus,
1827 757 1916 812 est

185 829 313 917 enim
365 825 536 917 alius
589 831 714 910 qui
757 833 1105 915 providet,
1137 844 1193 898 et
1249 855 1458 898 eorum
1491 856 1693 899 curam
1738 838 1911 917 gerit,

181 915 373 978 etiamsi
401 935 527 979 nos
550 917 1011 994 ignoremus.
1034 923 1318 1007 Nosipsos
1341 915 1773 990 constituamus
1802 947 1913 988 no-

176 1013 674 1099 strarum‘rerum
717 1015 1258 1076 examinatores:
1309 1015 1446 1096 etsi,
1480 1024 1547 1078 ut
1577 1015 1742 1096 prius
1777 1017 1915 1099 qui-

172 1094 275 1156 dem
297 1095 609 1167 diximus.
649 1101 1070 1178 quotidiani
1105 1103 1377 1167 alimenti
1411 1094 1599 1167 nostri
1632 1105 1776 1167 nihil
1796 1094 1912 1168 vsu-

167 1185 332 1275 persit,
365 1188 498 1275 scit
557 1185 766 1250 Deus
810 1192 1128 1254 misereri
1164 1211 1392 1261 eorum.
1427 1194 1527 1275 qui
1561 1205 1916 1274 premuntur

163 1273 347 1355 inopia.
375 1273 506 1337 Sin
570 1287 834 1339 autem
879 1279 1232 1344 viderimus
1280 1273 1481 1345 nostra
1507 1273 1749 1365 penaria
1797 1303 1914 1346 non

218 1452 252 1495 “
279 1450 348 1515 Ill
380 1455 564 1537 Reg.
608 1473 794 1533 xvu,
842 1459 877 1521 1
931 1478 1120 1542 seqq.
1210 1460 1270 1510 1³
1297 1461 1322 1524 Ι
1352 1460 1544 1524 Galat.
1575 1479 1650 1539 vt,
1691 1467 1744 1526 ‘7.

161 1637 2487 1668 ΜΡ*-

1031 1788 1443 1917 ΒΙΟΣ
1576 1789 1878 1920 ΚΑΙ

1998 569 2369 630 delectantur
2392 578 2450 630 et
2479 567 2972 649 possessionibus.
3005 566 3406 630 esurientibus
3435 565 3568 628 aliis
3584 573 3644 628 et

1998 658 2216 736 frigore
2247 659 2493 731 enectis,
2525 657 2783 720 sciamus
2801 657 2958 737 quod
2985 666 3270 720 internum
3294 656 3644 737 eiquinun-

1997 765 2169 826 quam
2200 747 2374 808 desiit
2402 747 2596 826 ignem
2620 747 2790 808 nobis
2820 747 3223 808 recondimus.
3241 745 3316 809 Ut
3342 763 3480 808 eum
3501 763 3642 824 ergo

2000 836 2369 916 ell'ugiamus,
2405 835 2463 897 in
2499 835 2600 896 Dei
2656 837 2948 898 mandatis
2982 856 3088 918 pro
3117 833 3340 898 viribus
3365 835 3641 898 ambule-

1997 943 2149 1003 mus,
2177 934 2242 988 ut
2275 934 2331 988 et
2359 927 2545 988 sancti
2580 927 2854 1006 martyris
2885 927 3154 990 fruamur
3188 923 3642 987 intercessioni-

1999 1017 2133 1096 bus,
2167 1025 2225 1076 et
2272 1015 2597 1076 ineffabilia
2627 1024 2686 1077 et
2731 1025 2950 1078 {eterna
2985 1017 3086 1079 Dei
3121 1015 3277 1077 bona
3306 1032 3642 1094 consequa-

2000 1124 2153 1178 mur,
2186 1103 2376 1186 gratia
2426 1112 2484 1163 et
2542 1105 2911 1186 benignitate
2959 1104 3199 1170 Domini
3256 1103 3444 1164 nostri
3503 1104 3643 1166 lesu

1997 1193 2217 1256 Christi
2255 1212 2268 1256 :
2317 1193 2408 1254 cui
2441 1193 2649 1273 gloria,
2690 1195 2968 1274 potentia,
3003 1213 3157 1257 nunc
3201 1202 3260 1255 et
3290 1212 3548 1274 semper,
3581 1201 3643 1256 et

2000 1285 2058 1346 in
2091 1283 2304 1345 saecula
2334 1284 2713 1346 saeculorum.
2749 1288 2962 1349 Amen.

2014 1789 2872 1920 ΡΟΛΙΤΕΙΑ

1483 2043 1611 2092 ΤΟΥ
1659 2043 1858 2094 ΟΣΙΟΥ
1907 2041 2165 2095 ΠΛΤΡΟΣ
2215 2042 2405 2095 ΗΜΩΝ

1455 2238 2468 2367 ΓΡΗΓΟΡΙΟΥ

799 2509 1505 2596 ΕΠΙΣΚΟΠΟΥ
1572 2507 2264 2594 ΓΕΝΟΜΕΝΟΥ
2338 2506 3073 2594 ΑΚΡΑΓΑΝΤΟΣ

1271 2780 1528 2866 VITA
1627 2780 1764 2866 ET
1856 2779 2637 2866 CONVERSATIO

1803 2915 1865 2975 S.
1903 2915 1967 2976 P.
2007 2914 2081 2976 Ν-

681 3046 1411 3178 GREGORII,
1536 3047 2154 3155 EPISCOPI
2274 3045 3191 3156 AGRIGENTINI

442 3228 663 3299 (Latine
715 3229 846 3302 apud
877 3227 1088 3285 Surium
1134 3226 1194 3283 ad
1233 3227 1363 3284 diem
1413 3227 1484 3285 23
1515 3226 1814 3284 Novembris
1849 3247 1862 3294 ;
1912 3229 2093 3286 Graece
2129 3246 2190 3285 ex
2229 3227 2376 3284 codd.
2425 3245 2548 3285 mss.
2592 3229 2720 3301 Reg.
2774 3226 2934 3291 1525,
2970 3227 3111 3285 1549
3143 3232 3192 3283 et
3244 3224 3430 3291 1554)

316 3445 411 3504 A'.
456 3445 780 3505 κάλλιστόν
807 3467 858 3503 τι
907 3451 1100 3526 χρῆμα
1129 3448 1163 3515 ἡ
1213 3447 1399 3524 ἀρετὴ,
1438 3449 1522 3503 καὶ
1575 3446 1723 3512 δόξαν
1770 3447 1830 3504 83

2087 3449 2541 3512 {.Pulcherrima
2563 3467 2660 3510 res
2684 3455 2774 3510 est
2795 3451 3006 3527 virtus,
3024 3463 3156 3525 qua;
3176 3441 3490 3504 maximam
3513 3442 3646 3522 glo-

235 3536 539 3615 ὶγιιόσμιόν
599 3558 662 3592 τε
694 3538 794 3593 καὶ
851 3538 1204 3614 ὅπερκόσμιον
1259 3536 1580 3615 προξενοῦσα
1609 3551 1728 3598 τοῖς
1790 3539 1920 3616 ἐρα-

233 3640 427 3690 σταῖς.
486 3626 628 3685 οὖδέ
663 3627 767 3704 γὰρ
817 3625 870 3682 ὲν
927 3633 1004 3699 τῷ
1055 3625 1307 3701 μέλλονιι
1351 3627 1514 3693 μόνον
1563 3628 1655 3685 τὰς
1696 3626 1922 3702 ἀμοιϐὰς

238 3715 606 3794 ἀποδίδωσιν,
661 3713 801 3771 ἀλλά
856 3736 918 3793 γε
976 3717 1067 3772 καὶ
1141 3717 1279 3772 κατὰ
1339 3717 1430 3772 τὸν
1503 3717 1732 3792 παρόντα
1810 3718 1921 3794 βίον

239 3807 369 3870 τοὺς
431 3804 734 3879 μετιόντας
804 3818 1112 3884 περιφανεῖς
1190 3804 1487 3883 ἐργάξεται.
1549 3805 1759 3871 Ταύτην
1837 3806 1923 3862 οὖν

239 3898 339 3952 καὶ
390 3895 704 3975 Γρηγόριος
746 3896 773 3949 ὁ
825 3895 998 3950 πάντα
1037 3894 1214 3958 καλῶς
1267 3895 1338 3959 εἰς
1384 3893 1544 3970 ἄκρον
1574 3893 1814 3964 ἀσκήσας
1865 3895 1923 3951 οὗ

246 3985 616 4061 κληρονόμος
682 3984 844 4057 μόνον
915 3989 1012 4050 τῆς
1085 3984 1324 4053 ἀλήκτου
1393 3985 1563 4056 ζωῆς,
1630 3983 1768 4040 ἀλλὰ
1834 3985 1922 4040 καὶ

237 4077 452 4154 περιὼν
505 4073 592 4130 ἔτι
650 4080 730 4145 τῷ
779 4073 877 4148 βίῳ
916 4075 1220 4148 θαυμαστὸς
1280 4074 1518 4138 κατέστη
1569 4074 1656 4129 καὶ
1703 4071 1919 4152 περιϐό-

235 4186 404 4237 ητος,
439 4165 506 4220 ὃν
555 4163 606 4217 εἰ
634 4159 874 4217 Σικελῶν
924 4161 1023 4236 μὲν
1073 4159 1375 4229 ἐϐλάστησε
1403 4167 1496 4238 γῇ,
1532 4160 1772 4218 Σικελῶν
1821 4164 1920 4241 γὰρ

235 4255 278 4321 ἦ
340 4252 812 4330 Ἀκραγαντίνων,
874 4253 949 4313 ὡς
1006 4252 1202 4316 πάντες
1262 4252 1443 4323 ἴσασι,
1495 4252 1634 4307 Σιὼν
1690 4250 1745 4306 δὲ
1798 4252 1921 4327 ἁγία

236 4345 464 4400 humu
550 4337 910 4418 ἐκδεξαμένη,
990 4343 1226 4418 κὰθαπερ
1309 4363 1360 4396 τι
1446 4363 1606 4418 φυτον
1716 4341 1918 4402 ἒῦτενὲς

235 4431 515 4510 ἒῷἑψατό
577 4450 639 4485 τε
697 4429 784 4484 καὶ
844 4429 909 4484 τὰ
966 4428 1225 4485 κάλλιστα
1283 4427 1624 4502 ὲκόιδάξασα,
1685 4437 1751 4505 τῇ
1809 4451 1919 4485 πα-

235 4520 378 4597 τρίδι
438 4518 610 4577 πάλιν
681 4520 982 4598 περιφανῶς
1041 4516 1379 4577 ἀποδίδωσιν.
1455 4519 1611 4592 Ἐμοὶ
1665 4519 1762 4591 μὲν
1831 4521 1919 4574 οὖν

245 4609 474 4676 ἣδιστόν
545 4631 604 4664 τι
663 4613 887 4683 πρᾶγμα
957 4605 1108 4664 δοκεῖ
1163 4609 1254 4664 καὶ
1325 4605 1555 4674 σπουδῆς
1612 4607 1754 4672 ἄξιον
1831 4609 1920 4664 τὸν

243 4699 414 4756 αὗτώ
469 4699 587 4774 βίον
646 4694 844 4752 ἄνωθεν
916 4696 1318 4772 ἀναγράψασθαι
1395 4698 1483 4753 καὶ
1537 4709 1654 4759 τοῖς
1735 4697 1920 4753 ἔπειτα

2004 3538 2178 3612 riam,
2215 3545 2273 3599 et
2303 3538 2656 3599 altissimum
2705 3537 2929 3600 ornatis
2958 3533 3259 3597 cumulum
3291 3529 3382 3591 sui
3429 3540 3651 3594 amato-

2005 3627 2172 3690 ribus
2193 3629 2384 3689 allert.
2422 3626 2480 3690 Si
2509 3627 2752 3705 quidem
2786 3645 2903 3688 non
2935 3625 3070 3686 illos
3101 3621 3292 3683 solum
3326 3627 3458 3698 post
3487 3638 3654 3681 mor-

2008 3723 2124 3779 tem
2153 3725 2596 3790 remuneratur,
2628 3715 2731 3776 sed
2766 3716 2924 3776 vivos
2953 3721 3134 3792 utque
3162 3716 3487 3788 praesentes
3514 3708 3654 3769 illu»

2009 3813 2161 3867 stres
2185 3805 2386 3868 elllcit.
2411 3804 2574 3867 Hanc
2591 3823 2725 3865 cum
2746 3801 3065 3882 Gregorius
3089 3795 3443 3860 omnibusin
3472 3795 3652 3858 rebus

2007 3895 2240 3973 egregie
2269 3894 2339 3955 ad
2383 3903 2711 3955 extremum
2771 3909 2959 3972 usque
2988 3899 3220 3969 tempus
3255 3890 3642 3967 exercuisset,

2003 4003 2121 4046 non
2145 3983 2338 4046 solum
2361 3984 2552 4046 literas
2577 3984 2703 4044 vitae
2733 3989 3036 4065 perpetua
3060 3987 3152 4041 est
3179 3977 3504 4050 institutus,
3538 3975 3646 4037 sed

2005 4092 2137 4136 cum
2161 4073 2355 4135 adhuc
2376 4073 2552 4134 etiam
2588 4075 2826 4151 viveret,
2861 4067 3270 4132 admirabilem
3301 4085 3367 4127 se
3394 4084 3464 4128 ac
3493 4065 3650 4128 cele-

2003 4161 2170 4224 brem
2222 4162 2507 4242 praestitit.
2548 4161 2748 4225 Sicilia
2781 4159 3020 4241 quidem
3070 4155 3383 4220 oriundus.
3435 4153 3651 4216 Siculis

2005 4260 2161 4313 enim
2196 4251 2432 4325 ﬁnibus,
2459 4259 2522 4312 ut
2543 4269 2754 4312 omnes
2774 4257 3012 4318 norunt,
3040 4248 3426 4326 Agrigentum
3449 4242 3650 4305 conti-

2005 4349 2198 4420 netur;
2225 4350 2502 4402 caeterum
2527 4359 2660 4402 cum
2683 4337 3064 4401 sanctailh:m
3095 4337 3236 4399 Sion
3261 4331 3648 4420 suscepisset,

2006 4449 2074 4491 ac
2101 4417 2467 4509 uti'plantam
2495 4428 2807 4510 quamdam
2840 4425 3107 4507 apprime
3125 4421 3384 4486 nobilem
3417 4417 3652 4481 enutri-

2006 4527 2152 4592 tum,
2180 4519 2610 4582 dissertissime
2641 4519 3013 4589 erudivisset,
3051 4512 3255 4594 patriae
3279 4527 3486 4572 rursus
3511 4527 3655 4570 con-

2004 4610 2276 4689 spicuum
2306 4609 2569 4670 reddidit
2615 4607 2685 4669 Et
2708 4607 2947 4688 quidem
2965 4601 3472 4689 jucundissimum
3507 4596 3652 4660 mihi

2003 4688 2071 4760 ac
2101 4697 2454 4758 aestimabile
2483 4698 2650 4759 valde
2680 4697 2936 4770 videtur,
2962 4695 3092 4775 ejus
3123 4693 3298 4755 vitam
3344 4688 3521 4751 altius
3547 4705 3650 4750 re-

249 4788 426 4844 κιλοῦ
501 4788 703 4848 παντὸς
786 4785 965 4841 θέσθαι
1025 4782 1362 4861 παράδειγμα
1433 4788 1522 4840 καὶ
1591 4785 1832 4864 ἀρχέτυπ

2087 4788 2242 4848 titam
2274 4787 2644 4868 describere,
2681 4797 2953 4863 tanquam
2993 4783 3298 4866 specimen
3329 4776 3648 4859 quoddam,

251 4880 385 4951 ξιμϊν
439 4875 497 4932 δὲ
530 4873 639 4933 οἶδ’
691 4875 772 4930 ὅτι
810 4875 899 4929 καὶ
937 4877 1118 4938 αὒτοῐς
1170 4875 1234 4929 τὰ
1263 4873 1401 4928 καλὰ
1451 4874 1545 4929 καὶ
1577 4875 1783 4931 ἀκούειν
1836 4877 1920 4930 καὶ

252 4967 456 5039 ζηλοῦν
512 4963 862 5042 βουλομένοις
922 4966 1168 5021 εὐκταῖον
1239 4965 1300 5019 τὸ
1354 4969 1572 5040 πρᾶγμα
1644 4979 1920 5042 φανεῖται,

256 5059 346 5112 καὶ
375 5055 499 5129 μεθ’
559 5052 758 5122 ἡδονῆς
792 5052 928 5131 ἄγαν
978 5052 1072 5116 τὰς
1101 5051 1265 5117 ἀκοὰς
1301 5051 1657 5126 εἰσδυομενον.
1715 5052 1922 5132 Ἀρχὴν

2009 4886 2061 4937 et
2093 4876 2288 4938 omnis
2314 4877 2547 4939 virtutis
2576 4876 2900 4954 exemplar,
2934 4874 3259 4934 litterarum
3295 4882 3652 4930 monumen-

2008 4966 2080 5026 tis
2129 4967 2388 5044 posteris
2437 4966 2835 5045 consignare:
2896 4961 3068 5024 vobis
3114 4977 3277 5035 vero,
3309 4955 3649 5045 quibustam

2006 5039 2299 5126 splendida
2325 5057 2524 5113 audire
2549 5039 2683 5111 liuet
2709 5070 2774 5110 ac
2801 5053 3031 5114 imitari,
3058 5064 3148 5106 res
3175 5048 3369 5104 isthzec
3388 5039 3652 5114 optabilis

257 5146 434 5203 τοίνυν
488 5152 581 5202 τοῦ
623 5142 790 5220 λόγου
843 5142 1041 5207 ταύτην
1089 5141 1288 5215 θετέον,
1324 5145 1392 5210 ἢν
1441 5139 1506 5209 δὴ
1541 5142 1787 5205 κάκεῖνος

2087 5143 2900 5222 se,vestrasqueingenticum
2933 5139 3231 5218 voluptate
3249 5151 3425 5198 aures
3451 5129 3654 5222 subire

260 5235 374 5308 βίον.)
401 5234 568 5315 ἔσχεν
597 5234 809 5312 ἀρχήν.

341 5405 424 5476 ι’.
480 5414 651 5488 Κώμῆ
703 5432 788 5473 τις
847 5409 1049 5484 ἤνεγκε
1101 5411 1190 5467 τὸν
1242 5411 1524 5484 μακάριον,
1578 5411 1612 5478 ἢ
1676 5412 1920 5488 Πραιτώ-

264 5524 347 5576 pta
415 5503 509 5581 μὶν
582 5502 868 5574 καλεῖται,
930 5498 1154 5577 ἔγγιστα
1210 5496 1263 5554 δὲ
1331 5511 1507 5556 κεῖται
1564 5501 1661 5568 τῆς
1723 5498 1924 5578 Ἀκρα..

268 5596 514 5672 γεντενων
589 5591 837 5665 πόλεως,
919 5591 982 5645 τὸ
1055 5589 1312 5669 πρότερον
1387 5588 1440 5644 δὲ
1507 5588 1713 5668 ἀφανὴς
1795 5590 1924 5648 οὖσα

2003 5232 2376 5304 debet.Quod
2403 5219 2582 5309 igitur
2600 5219 2714 5293 ille
2747 5231 2880 5292 vitm
2898 5227 3254 5310 principium
3285 5222 3514 5296 habuit,
3538 5219 3654 5282 hoc

2005 5321 2197 5401 ipsum
2225 5335 2444 5383 nosurae
2466 5320 2753 5382 orationis
2775 5319 3085 5382 exordium
3125 5311 3519 5401 statuendum,
3536 5317 3651 5373 est.

2087 5409 2158 5472 ll.
2193 5409 2374 5472 Vicus
2404 5412 2666 5490 quidam,
2699 5411 2800 5491 qui
2834 5408 3115 5472 Praetoris
3145 5403 3388 5468 nomine
3409 5399 3648 5491 dicitur,

2007 5499 2328 5578 Agrigento
2361 5488 2582 5562 civitati
2633 5488 2961 5580 proximus,
2994 5505 3265 5562 sanctum
3295 5493 3486 5556 virum
3517 5488 3652 5552 edi-

2009 5589 2117 5654 dit.
2167 5588 2337 5652 Prius
2386 5590 2632 5672 quidem
2682 5589 2784 5653 ille
2828 5587 3121 5652 obscurus
3153 5595 3216 5651 et
3261 5580 3649 5665 incognitus:
