  <div class='ocr_page' id='page_1' title='image "/cluster/home/n/w/nwhite01/storage/ocr_20150623/116/mdp.39015008903554/103.png"; bbox 0 0 3918 6138; ppageno 0'>
   <div class='ocr_carea' id='block_1_1' title="bbox 311 226 413 316">
    <p class='ocr_par' dir='ltr' id='par_1_1' title="bbox 311 226 413 316">
     <span class='ocr_line' id='line_1_1' title="bbox 311 226 413 316; baseline 0 -1"><span class='ocrx_word' id='word_1_1' title='bbox 311 226 413 316; x_wconf 73' lang='grc'><strong>191</strong></span> 
     </span>
    </p>
   </div>
   <div class='ocr_carea' id='block_1_2' title="bbox 1609 231 2374 320">
    <p class='ocr_par' dir='ltr' id='par_1_2' title="bbox 1609 231 2374 320">
     <span class='ocr_line' id='line_1_2' title="bbox 1609 231 2374 320; baseline -0.008 0"><span class='ocrx_word' id='word_1_2' title='bbox 1609 231 1890 320; x_wconf 88' lang='lat' dir='ltr'><strong>MENSIS</strong></span> <span class='ocrx_word' id='word_1_3' title='bbox 1930 251 2374 319; x_wconf 78' lang='lat' dir='ltr'><strong>NOVEMBER.</strong></span> 
     </span>
    </p>
   </div>
   <div class='ocr_carea' id='block_1_3' title="bbox 3560 231 3674 318">
    <p class='ocr_par' dir='ltr' id='par_1_3' title="bbox 3560 231 3674 318">
     <span class='ocr_line' id='line_1_3' title="bbox 3560 231 3674 318; baseline -0.009 0"><span class='ocrx_word' id='word_1_4' title='bbox 3560 231 3674 318; x_wconf 72' lang='lat'><strong>192</strong></span> 
     </span>
    </p>
   </div>
   <div class='ocr_carea' id='block_1_4' title="bbox 305 383 1852 468">
    <p class='ocr_par' dir='ltr' id='par_1_4' title="bbox 305 387 1852 459">
     <span class='ocr_line' id='line_1_4' title="bbox 305 387 1852 459; baseline 0.002 -6"><span class='ocrx_word' id='word_1_5' title='bbox 305 409 465 454; x_wconf 89' lang='lat' dir='ltr'><strong>nunc</strong></span> <span class='ocrx_word' id='word_1_6' title='bbox 483 387 623 456; x_wconf 83' lang='lat' dir='ltr'><strong>vero</strong></span> <span class='ocrx_word' id='word_1_7' title='bbox 653 399 814 458; x_wconf 87' lang='lat' dir='ltr'><strong>tanto</strong></span> <span class='ocrx_word' id='word_1_8' title='bbox 845 394 1108 459; x_wconf 90' lang='lat' dir='ltr'><strong>allumno</strong></span> <span class='ocrx_word' id='word_1_9' title='bbox 1137 395 1334 459; x_wconf 90' lang='lat' dir='ltr'><strong>clarus</strong></span> <span class='ocrx_word' id='word_1_10' title='bbox 1357 403 1416 458; x_wconf 91' lang='lat' dir='ltr'><strong>et</strong></span> <span class='ocrx_word' id='word_1_11' title='bbox 1448 395 1686 457; x_wconf 88' lang='lat' dir='ltr'><strong>illustris</strong></span> <span class='ocrx_word' id='word_1_12' title='bbox 1710 394 1852 456; x_wconf 83' lang='lat' dir='ltr'><strong>emic</strong></span> 
     </span>
    </p>
   </div>
   <div class='ocr_carea' id='block_1_5' title="bbox 2130 383 3677 468">
    <p class='ocr_par' dir='ltr' id='par_1_5' title="bbox 2186 383 3677 468">
     <span class='ocr_line' id='line_1_5' title="bbox 2186 383 3677 468; baseline 0.001 -23"><span class='ocrx_word' id='word_1_13' title='bbox 2186 388 2482 468; x_wconf 72' lang='grc' dir='ltr'>ἄγνωστος,</span> <span class='ocrx_word' id='word_1_14' title='bbox 2516 397 2604 450; x_wconf 77' lang='grc' dir='ltr'><strong>νῦν</strong></span> <span class='ocrx_word' id='word_1_15' title='bbox 2661 385 2728 445; x_wconf 88' lang='grc' dir='ltr'>δι’</span> <span class='ocrx_word' id='word_1_16' title='bbox 2788 385 2946 446; x_wconf 73' lang='grc' dir='ltr'>αὸτδν</span> <span class='ocrx_word' id='word_1_17' title='bbox 3004 386 3269 462; x_wconf 76' lang='grc' dir='ltr'>ἐπίσημός</span> <span class='ocrx_word' id='word_1_18' title='bbox 3311 383 3370 446; x_wconf 81' lang='grc' dir='ltr'><strong>τε</strong></span> <span class='ocrx_word' id='word_1_19' title='bbox 3429 389 3515 446; x_wconf 79' lang='grc' dir='ltr'><strong>καὶ</strong></span> <span class='ocrx_word' id='word_1_20' title='bbox 3577 411 3677 447; x_wconf 84' lang='grc' dir='ltr'>πε-</span> 
     </span>
    </p>
   </div>
   <div class='ocr_carea' id='block_1_6' title="bbox 305 477 1944 565">
    <p class='ocr_par' dir='ltr' id='par_1_6' title="bbox 305 477 1944 565">
     <span class='ocr_line' id='line_1_6' title="bbox 305 477 1944 565; baseline 0.002 -24"><span class='ocrx_word' id='word_1_21' title='bbox 305 477 591 543; x_wconf 84' lang='lat' dir='ltr'><strong>Parentes</strong></span> <span class='ocrx_word' id='word_1_22' title='bbox 626 500 766 545; x_wconf 88' lang='lat' dir='ltr'><strong>vero</strong></span> <span class='ocrx_word' id='word_1_23' title='bbox 797 490 948 565; x_wconf 69' lang='lat' dir='ltr'><strong>(quae</strong></span> <span class='ocrx_word' id='word_1_24' title='bbox 997 483 1106 548; x_wconf 85' lang='lat' dir='ltr'><strong>Dei</strong></span> <span class='ocrx_word' id='word_1_25' title='bbox 1134 483 1318 560; x_wconf 79' lang='lat' dir='ltr'><strong>gratia</strong></span> <span class='ocrx_word' id='word_1_26' title='bbox 1346 502 1414 547; x_wconf 88' lang='lat' dir='ltr'><strong>ac</strong></span> <span class='ocrx_word' id='word_1_27' title='bbox 1443 482 1774 562; x_wconf 79' lang='lat' dir='ltr'><strong>benignitas</strong></span> <span class='ocrx_word' id='word_1_28' title='bbox 1811 483 1944 564; x_wconf 79' lang='lat' dir='ltr'><strong>fuit)</strong></span> 
     </span>
    </p>
   </div>
   <div class='ocr_carea' id='block_1_7' title="bbox 305 574 1950 658">
    <p class='ocr_par' dir='ltr' id='par_1_7' title="bbox 305 574 1950 658">
     <span class='ocr_line' id='line_1_7' title="bbox 305 574 1950 658; baseline 0.002 -23"><span class='ocrx_word' id='word_1_29' title='bbox 305 574 414 636; x_wconf 88' lang='lat' dir='ltr'><strong>viri</strong></span> <span class='ocrx_word' id='word_1_30' title='bbox 447 574 766 639; x_wconf 85' lang='lat' dir='ltr'><strong>luculentis</strong></span> <span class='ocrx_word' id='word_1_31' title='bbox 815 577 1005 640; x_wconf 88' lang='lat' dir='ltr'><strong>ornati</strong></span> <span class='ocrx_word' id='word_1_32' title='bbox 1035 577 1281 652; x_wconf 79' lang='lat' dir='ltr'><strong>divitiis,</strong></span> <span class='ocrx_word' id='word_1_33' title='bbox 1313 596 1382 639; x_wconf 88' lang='lat' dir='ltr'><strong>ac</strong></span> <span class='ocrx_word' id='word_1_34' title='bbox 1428 576 1672 658; x_wconf 87' lang='lat' dir='ltr'><strong>probata</strong></span> <span class='ocrx_word' id='word_1_35' title='bbox 1701 575 1817 638; x_wconf 90' lang='lat' dir='ltr'><strong>vita</strong></span> <span class='ocrx_word' id='word_1_36' title='bbox 1847 577 1950 638; x_wconf 86' lang='lat' dir='ltr'><strong>llo-</strong></span> 
     </span>
    </p>
   </div>
   <div class='ocr_carea' id='block_1_8' title="bbox 304 665 1946 749">
    <p class='ocr_par' dir='ltr' id='par_1_8' title="bbox 304 665 1946 749">
     <span class='ocr_line' id='line_1_8' title="bbox 304 665 1946 749; baseline 0.001 -23"><span class='ocrx_word' id='word_1_37' title='bbox 304 672 528 738; x_wconf 83' lang='lat' dir='ltr'><strong>rentes,</strong></span> <span class='ocrx_word' id='word_1_38' title='bbox 557 665 809 744; x_wconf 84' lang='lat' dir='ltr'><strong>plurima</strong></span> <span class='ocrx_word' id='word_1_39' title='bbox 832 686 938 729; x_wconf 90' lang='lat' dir='ltr'><strong>sua</strong></span> <span class='ocrx_word' id='word_1_40' title='bbox 963 667 1321 749; x_wconf 83' lang='lat' dir='ltr'><strong>pauperibus</strong></span> <span class='ocrx_word' id='word_1_41' title='bbox 1351 665 1691 744; x_wconf 82' lang='lat' dir='ltr'><strong>erogabant.</strong></span> <span class='ocrx_word' id='word_1_42' title='bbox 1724 665 1795 729; x_wconf 84' lang='lat' dir='ltr'><strong>Hi</strong></span> <span class='ocrx_word' id='word_1_43' title='bbox 1828 685 1946 748; x_wconf 91' lang='lat' dir='ltr'><strong>quo</strong></span> 
     </span>
    </p>
   </div>
   <div class='ocr_carea' id='block_1_9' title="bbox 308 755 1943 838">
    <p class='ocr_par' dir='ltr' id='par_1_9' title="bbox 308 755 1943 838">
     <span class='ocr_line' id='line_1_9' title="bbox 308 755 1943 838; baseline 0.001 -22"><span class='ocrx_word' id='word_1_44' title='bbox 308 772 534 818; x_wconf 85' lang='lat' dir='ltr'><strong>marem</strong></span> <span class='ocrx_word' id='word_1_45' title='bbox 585 755 771 818; x_wconf 80' lang='lat' dir='ltr'><strong>[ilium</strong></span> <span class='ocrx_word' id='word_1_46' title='bbox 822 765 1206 838; x_wconf 85' lang='lat' dir='ltr'><strong>procrearent</strong></span> <span class='ocrx_word' id='word_1_47' title='bbox 1248 755 1528 836; x_wconf 87' lang='lat' dir='ltr'><strong>precibus</strong></span> <span class='ocrx_word' id='word_1_48' title='bbox 1581 757 1943 832; x_wconf 77' lang='lat' dir='ltr'><strong>insistentes,</strong></span> 
     </span>
    </p>
   </div>
   <div class='ocr_carea' id='block_1_10' title="bbox 304 844 1949 928">
    <p class='ocr_par' dir='ltr' id='par_1_10' title="bbox 304 844 1949 928">
     <span class='ocr_line' id='line_1_10' title="bbox 304 844 1949 928; baseline 0.003 -25"><span class='ocrx_word' id='word_1_49' title='bbox 304 844 426 905; x_wconf 89' lang='lat' dir='ltr'><strong>voti</strong></span> <span class='ocrx_word' id='word_1_50' title='bbox 452 844 692 907; x_wconf 86' lang='lat' dir='ltr'><strong>tandem</strong></span> <span class='ocrx_word' id='word_1_51' title='bbox 719 847 810 909; x_wconf 90' lang='lat' dir='ltr'><strong>sui</strong></span> <span class='ocrx_word' id='word_1_52' title='bbox 844 853 1148 928; x_wconf 86' lang='lat' dir='ltr'><strong>compotes</strong></span> <span class='ocrx_word' id='word_1_53' title='bbox 1170 847 1339 920; x_wconf 84' lang='lat' dir='ltr'><strong>ﬁunt,</strong></span> <span class='ocrx_word' id='word_1_54' title='bbox 1368 845 1675 926; x_wconf 86' lang='lat' dir='ltr'><strong>ﬁliumque</strong></span> <span class='ocrx_word' id='word_1_55' title='bbox 1706 865 1824 907; x_wconf 91' lang='lat' dir='ltr'><strong>non</strong></span> <span class='ocrx_word' id='word_1_56' title='bbox 1849 865 1949 908; x_wconf 88' lang='lat' dir='ltr'><strong>na-</strong></span> 
     </span>
    </p>
   </div>
   <div class='ocr_carea' id='block_1_11' title="bbox 302 935 1947 1016">
    <p class='ocr_par' dir='ltr' id='par_1_11' title="bbox 302 935 1947 1016">
     <span class='ocr_line' id='line_1_11' title="bbox 302 935 1947 1016; baseline 0.001 -21"><span class='ocrx_word' id='word_1_57' title='bbox 302 942 434 995; x_wconf 83' lang='lat' dir='ltr'><strong>tura</strong></span> <span class='ocrx_word' id='word_1_58' title='bbox 463 942 712 1001; x_wconf 85' lang='lat' dir='ltr'><strong>tantum.</strong></span> <span class='ocrx_word' id='word_1_59' title='bbox 738 935 842 997; x_wconf 90' lang='lat' dir='ltr'><strong>sed</strong></span> <span class='ocrx_word' id='word_1_60' title='bbox 873 935 1094 1009; x_wconf 90' lang='lat' dir='ltr'><strong>animo,</strong></span> <span class='ocrx_word' id='word_1_61' title='bbox 1125 954 1347 997; x_wconf 87' lang='lat' dir='ltr'><strong>marem</strong></span> <span class='ocrx_word' id='word_1_62' title='bbox 1369 953 1710 1015; x_wconf 83' lang='lat' dir='ltr'><strong>suscepere:</strong></span> <span class='ocrx_word' id='word_1_63' title='bbox 1733 953 1947 1016; x_wconf 88' lang='lat' dir='ltr'><strong>quem-</strong></span> 
     </span>
    </p>
   </div>
   <div class='ocr_carea' id='block_1_12' title="bbox 297 1022 1951 1105">
    <p class='ocr_par' dir='ltr' id='par_1_12' title="bbox 297 1022 1951 1105">
     <span class='ocr_line' id='line_1_12' title="bbox 297 1022 1951 1105; baseline 0.001 -20"><span class='ocrx_word' id='word_1_64' title='bbox 297 1022 618 1085; x_wconf 88' lang='lat' dir='ltr'><strong>admodum</strong></span> <span class='ocrx_word' id='word_1_65' title='bbox 693 1031 749 1084; x_wconf 89' lang='lat' dir='ltr'><strong>et</strong></span> <span class='ocrx_word' id='word_1_66' title='bbox 811 1032 1068 1103; x_wconf 81' lang='lat' dir='ltr'><strong>tempus,</strong></span> <span class='ocrx_word' id='word_1_67' title='bbox 1131 1044 1246 1105; x_wconf 89' lang='lat' dir='ltr'><strong>quo</strong></span> <span class='ocrx_word' id='word_1_68' title='bbox 1309 1025 1410 1086; x_wconf 89' lang='lat' dir='ltr'><strong>ille</strong></span> <span class='ocrx_word' id='word_1_69' title='bbox 1483 1024 1951 1103; x_wconf 80' lang='lat' dir='ltr'><strong>perturbationis</strong></span> 
     </span>
    </p>
   </div>
   <div class='ocr_carea' id='block_1_13' title="bbox 303 1113 1952 1194">
    <p class='ocr_par' dir='ltr' id='par_1_13' title="bbox 303 1113 1952 1194">
     <span class='ocr_line' id='line_1_13' title="bbox 303 1113 1952 1194; baseline 0.001 -19"><span class='ocrx_word' id='word_1_70' title='bbox 303 1122 394 1176; x_wconf 89' lang='lat' dir='ltr'><strong>est</strong></span> <span class='ocrx_word' id='word_1_71' title='bbox 426 1113 746 1194; x_wconf 89' lang='lat' dir='ltr'><strong>impetitus,</strong></span> <span class='ocrx_word' id='word_1_72' title='bbox 765 1121 824 1175; x_wconf 90' lang='lat' dir='ltr'><strong>et</strong></span> <span class='ocrx_word' id='word_1_73' title='bbox 855 1121 1059 1175; x_wconf 90' lang='lat' dir='ltr'><strong>contra</strong></span> <span class='ocrx_word' id='word_1_74' title='bbox 1090 1114 1380 1176; x_wconf 91' lang='lat' dir='ltr'><strong>malorum</strong></span> <span class='ocrx_word' id='word_1_75' title='bbox 1421 1113 1845 1194; x_wconf 88' lang='lat' dir='ltr'><strong>impressiones</strong></span> <span class='ocrx_word' id='word_1_76' title='bbox 1867 1115 1952 1177; x_wconf 86' lang='lat' dir='ltr'><strong>al-</strong></span> 
     </span>
    </p>
   </div>
   <div class='ocr_carea' id='block_1_14' title="bbox 301 1201 1948 1282">
    <p class='ocr_par' dir='ltr' id='par_1_14' title="bbox 301 1201 1948 1282">
     <span class='ocr_line' id='line_1_14' title="bbox 301 1201 1948 1282; baseline 0.002 -19"><span class='ocrx_word' id='word_1_77' title='bbox 301 1201 490 1264; x_wconf 90' lang='lat' dir='ltr'><strong>titudo</strong></span> <span class='ocrx_word' id='word_1_78' title='bbox 519 1203 699 1264; x_wconf 89' lang='lat' dir='ltr'><strong>animi</strong></span> <span class='ocrx_word' id='word_1_79' title='bbox 734 1203 1068 1282; x_wconf 84' lang='lat' dir='ltr'><strong>postulabat</strong></span> <span class='ocrx_word' id='word_1_80' title='bbox 1097 1222 1110 1266; x_wconf 92' lang='lat'><strong>:</strong></span> <span class='ocrx_word' id='word_1_81' title='bbox 1165 1223 1300 1278; x_wconf 78' lang='lat' dir='ltr'><strong>quae</strong></span> <span class='ocrx_word' id='word_1_82' title='bbox 1329 1221 1472 1264; x_wconf 87' lang='lat' dir='ltr'><strong>sane</strong></span> <span class='ocrx_word' id='word_1_83' title='bbox 1504 1205 1700 1265; x_wconf 90' lang='lat' dir='ltr'><strong>omnia</strong></span> <span class='ocrx_word' id='word_1_84' title='bbox 1748 1222 1948 1266; x_wconf 88' lang='lat' dir='ltr'><strong>sermo</strong></span> 
     </span>
    </p>
   </div>
   <div class='ocr_carea' id='block_1_15' title="bbox 300 1291 1945 1374">
    <p class='ocr_par' dir='ltr' id='par_1_15' title="bbox 300 1291 1945 1374">
     <span class='ocr_line' id='line_1_15' title="bbox 300 1291 1945 1374; baseline 0.004 -24"><span class='ocrx_word' id='word_1_85' title='bbox 300 1311 556 1371; x_wconf 87' lang='lat' dir='ltr'><strong>quoque.</strong></span> <span class='ocrx_word' id='word_1_86' title='bbox 583 1291 955 1374; x_wconf 85' lang='lat' dir='ltr'><strong>subsequens</strong></span> <span class='ocrx_word' id='word_1_87' title='bbox 980 1291 1286 1354; x_wconf 81' lang='lat' dir='ltr'><strong>indicabit.</strong></span> <span class='ocrx_word' id='word_1_88' title='bbox 1324 1293 1494 1355; x_wconf 88' lang='lat' dir='ltr'><strong>Hunc</strong></span> <span class='ocrx_word' id='word_1_89' title='bbox 1515 1293 1695 1372; x_wconf 85' lang='lat' dir='ltr'><strong>igitur</strong></span> <span class='ocrx_word' id='word_1_90' title='bbox 1715 1311 1747 1354; x_wconf 91' lang='lat' dir='ltr'><strong>a</strong></span> <span class='ocrx_word' id='word_1_91' title='bbox 1775 1310 1945 1356; x_wconf 90' lang='lat' dir='ltr'><strong>sacro</strong></span> 
     </span>
    </p>
   </div>
   <div class='ocr_carea' id='block_1_16' title="bbox 299 1379 1941 1462">
    <p class='ocr_par' dir='ltr' id='par_1_16' title="bbox 299 1379 1941 1462">
     <span class='ocr_line' id='line_1_16' title="bbox 299 1379 1941 1462; baseline 0.002 -20"><span class='ocrx_word' id='word_1_92' title='bbox 299 1379 652 1460; x_wconf 86' lang='lat' dir='ltr'><strong>baptismate</strong></span> <span class='ocrx_word' id='word_1_93' title='bbox 702 1383 791 1443; x_wconf 89' lang='lat' dir='ltr'><strong>vir</strong></span> <span class='ocrx_word' id='word_1_94' title='bbox 816 1383 1030 1444; x_wconf 90' lang='lat' dir='ltr'><strong>virtute</strong></span> <span class='ocrx_word' id='word_1_95' title='bbox 1064 1383 1257 1445; x_wconf 89' lang='lat' dir='ltr'><strong>clarus</strong></span> <span class='ocrx_word' id='word_1_96' title='bbox 1307 1382 1636 1462; x_wconf 82' lang='lat' dir='ltr'><strong>Potamion,</strong></span> <span class='ocrx_word' id='word_1_97' title='bbox 1671 1384 1769 1462; x_wconf 90' lang='lat' dir='ltr'><strong>qui</strong></span> <span class='ocrx_word' id='word_1_98' title='bbox 1819 1391 1941 1446; x_wconf 90' lang='lat' dir='ltr'><strong>tum</strong></span> 
     </span>
    </p>
   </div>
   <div class='ocr_carea' id='block_1_17' title="bbox 300 1469 1946 1551">
    <p class='ocr_par' dir='ltr' id='par_1_17' title="bbox 300 1469 1946 1551">
     <span class='ocr_line' id='line_1_17' title="bbox 300 1469 1946 1551; baseline 0.001 -18"><span class='ocrx_word' id='word_1_99' title='bbox 300 1469 486 1533; x_wconf 88' lang='lat' dir='ltr'><strong>sacris</strong></span> <span class='ocrx_word' id='word_1_100' title='bbox 507 1490 575 1532; x_wconf 86' lang='lat' dir='ltr'><strong>ac</strong></span> <span class='ocrx_word' id='word_1_101' title='bbox 595 1472 869 1550; x_wconf 76' lang='lat' dir='ltr'><strong>religioni</strong></span> <span class='ocrx_word' id='word_1_102' title='bbox 902 1473 1207 1551; x_wconf 83' lang='lat' dir='ltr'><strong>Agrigenti</strong></span> <span class='ocrx_word' id='word_1_103' title='bbox 1232 1472 1480 1533; x_wconf 86' lang='lat' dir='ltr'><strong>civitatis</strong></span> <span class='ocrx_word' id='word_1_104' title='bbox 1512 1483 1782 1551; x_wconf 66' lang='lat' dir='ltr'><strong>praeerat,</strong></span> <span class='ocrx_word' id='word_1_105' title='bbox 1811 1492 1946 1535; x_wconf 91' lang='lat' dir='ltr'><strong>sus-</strong></span> 
     </span>
    </p>
   </div>
   <div class='ocr_carea' id='block_1_18' title="bbox 301 1559 1947 1642">
    <p class='ocr_par' dir='ltr' id='par_1_18' title="bbox 301 1559 1947 1642">
     <span class='ocr_line' id='line_1_18' title="bbox 301 1559 1947 1642; baseline 0.001 -20"><span class='ocrx_word' id='word_1_106' title='bbox 301 1560 464 1640; x_wconf 85' lang='lat' dir='ltr'><strong>cipit.</strong></span> <span class='ocrx_word' id='word_1_107' title='bbox 506 1559 715 1622; x_wconf 88' lang='lat' dir='ltr'><strong>Postea</strong></span> <span class='ocrx_word' id='word_1_108' title='bbox 756 1579 896 1624; x_wconf 87' lang='lat' dir='ltr'><strong>vero</strong></span> <span class='ocrx_word' id='word_1_109' title='bbox 926 1581 1100 1640; x_wconf 84' lang='lat' dir='ltr'><strong>quam</strong></span> <span class='ocrx_word' id='word_1_110' title='bbox 1139 1581 1284 1642; x_wconf 90' lang='lat' dir='ltr'><strong>puer</strong></span> <span class='ocrx_word' id='word_1_111' title='bbox 1315 1571 1581 1624; x_wconf 89' lang='lat' dir='ltr'><strong>octavum</strong></span> <span class='ocrx_word' id='word_1_112' title='bbox 1633 1563 1816 1624; x_wconf 73' lang='lat' dir='ltr'><strong>aetatis</strong></span> <span class='ocrx_word' id='word_1_113' title='bbox 1847 1581 1947 1624; x_wconf 90' lang='lat' dir='ltr'><strong>an-</strong></span> 
     </span>
    </p>
   </div>
   <div class='ocr_carea' id='block_1_19' title="bbox 302 1649 1946 1731">
    <p class='ocr_par' dir='ltr' id='par_1_19' title="bbox 302 1649 1946 1731">
     <span class='ocr_line' id='line_1_19' title="bbox 302 1649 1946 1731; baseline 0.002 -21"><span class='ocrx_word' id='word_1_114' title='bbox 302 1668 442 1710; x_wconf 90' lang='lat' dir='ltr'><strong>num</strong></span> <span class='ocrx_word' id='word_1_115' title='bbox 473 1649 681 1728; x_wconf 83' lang='lat' dir='ltr'><strong>attigit,</strong></span> <span class='ocrx_word' id='word_1_116' title='bbox 703 1650 864 1712; x_wconf 90' lang='lat' dir='ltr'><strong>hunc</strong></span> <span class='ocrx_word' id='word_1_117' title='bbox 893 1651 965 1711; x_wconf 89' lang='lat' dir='ltr'><strong>ad</strong></span> <span class='ocrx_word' id='word_1_118' title='bbox 997 1651 1192 1712; x_wconf 91' lang='lat' dir='ltr'><strong>divum</strong></span> <span class='ocrx_word' id='word_1_119' title='bbox 1224 1651 1634 1712; x_wconf 87' lang='lat' dir='ltr'><strong>Potamionem</strong></span> <span class='ocrx_word' id='word_1_120' title='bbox 1671 1660 1946 1731; x_wconf 88' lang='lat' dir='ltr'><strong>parentes</strong></span> 
     </span>
    </p>
   </div>
   <div class='ocr_carea' id='block_1_20' title="bbox 2033 478 3680 562">
    <p class='ocr_par' dir='ltr' id='par_1_20' title="bbox 2033 478 3680 562">
     <span class='ocr_line' id='line_1_20' title="bbox 2033 478 3680 562; baseline 0.001 -26"><span class='ocrx_word' id='word_1_121' title='bbox 2033 481 2256 560; x_wconf 75' lang='grc' dir='ltr'>ριφανὴς</span> <span class='ocrx_word' id='word_1_122' title='bbox 2339 478 2624 540; x_wconf 85' lang='grc' dir='ltr'>δείκνυται.</span> <span class='ocrx_word' id='word_1_123' title='bbox 2716 481 2776 538; x_wconf 78' lang='lat' dir='ltr'><strong>Oi</strong></span> <span class='ocrx_word' id='word_1_124' title='bbox 2857 479 3043 562; x_wconf 75' lang='grc' dir='ltr'>φύντες</span> <span class='ocrx_word' id='word_1_125' title='bbox 3131 478 3188 535; x_wconf 80' lang='grc' dir='ltr'>δὲ</span> <span class='ocrx_word' id='word_1_126' title='bbox 3282 479 3521 560; x_wconf 76' lang='grc' dir='ltr'><strong>Χαρίτων</strong></span> <span class='ocrx_word' id='word_1_127' title='bbox 3593 481 3680 538; x_wconf 76' lang='grc' dir='ltr'><strong>καὶ</strong></span> 
     </span>
    </p>
   </div>
   <div class='ocr_carea' id='block_1_21' title="bbox 2033 567 3680 649">
    <p class='ocr_par' dir='ltr' id='par_1_21' title="bbox 2033 567 3680 649">
     <span class='ocr_line' id='line_1_21' title="bbox 2033 567 3680 649; baseline 0.001 -22"><span class='ocrx_word' id='word_1_128' title='bbox 2033 569 2262 638; x_wconf 80' lang='grc' dir='ltr'><strong>Θεοδότη</strong></span> <span class='ocrx_word' id='word_1_129' title='bbox 2294 616 2313 643; x_wconf 83' lang='lat'><strong>,</strong></span> <span class='ocrx_word' id='word_1_130' title='bbox 2389 569 2702 649; x_wconf 75' lang='grc' dir='ltr'>ἄνθρωποι,</span> <span class='ocrx_word' id='word_1_131' title='bbox 2777 568 2995 644; x_wconf 78' lang='grc' dir='ltr'>πλούτῳ</span> <span class='ocrx_word' id='word_1_132' title='bbox 3077 567 3306 649; x_wconf 78' lang='grc' dir='ltr'><strong>λαμπρῷ</strong></span> <span class='ocrx_word' id='word_1_133' title='bbox 3379 575 3680 647; x_wconf 75' lang='grc' dir='ltr'><strong>κομῶντες,</strong></span> 
     </span>
    </p>
   </div>
   <div class='ocr_carea' id='block_1_22' title="bbox 2033 658 3685 740">
    <p class='ocr_par' dir='ltr' id='par_1_22' title="bbox 2033 658 3685 740">
     <span class='ocr_line' id='line_1_22' title="bbox 2033 658 3685 740; baseline -0.001 -23"><span class='ocrx_word' id='word_1_134' title='bbox 2033 661 2120 718; x_wconf 80' lang='grc' dir='ltr'><strong>καὶ</strong></span> <span class='ocrx_word' id='word_1_135' title='bbox 2204 661 2308 733; x_wconf 86' lang='grc' dir='ltr'>Βίῳ</span> <span class='ocrx_word' id='word_1_136' title='bbox 2389 666 2617 740; x_wconf 70' lang='grc' dir='ltr'>χρηστῷ</span> <span class='ocrx_word' id='word_1_137' title='bbox 2700 658 3009 740; x_wconf 63' lang='grc' dir='ltr'>θάλλοντες,</span> <span class='ocrx_word' id='word_1_138' title='bbox 3100 661 3185 716; x_wconf 79' lang='grc' dir='ltr'><strong>καὶ</strong></span> <span class='ocrx_word' id='word_1_139' title='bbox 3268 661 3374 718; x_wconf 88' lang='grc' dir='ltr'><strong>τῶν</strong></span> <span class='ocrx_word' id='word_1_140' title='bbox 3457 663 3685 740; x_wconf 87' lang='grc' dir='ltr'>προσόν-</span> 
     </span>
    </p>
   </div>
   <div class='ocr_carea' id='block_1_23' title="bbox 2031 747 3684 826">
    <p class='ocr_par' dir='ltr' id='par_1_23' title="bbox 2031 747 3684 826">
     <span class='ocr_line' id='line_1_23' title="bbox 2031 747 3684 826; baseline -0.001 -18"><span class='ocrx_word' id='word_1_141' title='bbox 2031 773 2136 808; x_wconf 86' lang='grc' dir='ltr'><strong>των</strong></span> <span class='ocrx_word' id='word_1_142' title='bbox 2193 749 2259 807; x_wconf 80' lang='grc' dir='ltr'>τέι</span> <span class='ocrx_word' id='word_1_143' title='bbox 2332 747 2564 806; x_wconf 76' lang='grc' dir='ltr'>πλεῖστα</span> <span class='ocrx_word' id='word_1_144' title='bbox 2625 763 2742 812; x_wconf 77' lang='grc' dir='ltr'>τοῖς</span> <span class='ocrx_word' id='word_1_145' title='bbox 2813 749 3035 817; x_wconf 81' lang='grc' dir='ltr'>πένησιν</span> <span class='ocrx_word' id='word_1_146' title='bbox 3097 749 3480 826; x_wconf 75' lang='grc' dir='ltr'>ἀπονέμοντες,</span> <span class='ocrx_word' id='word_1_147' title='bbox 3539 749 3684 808; x_wconf 80' lang='grc' dir='ltr'>οὗτοι</span> 
     </span>
    </p>
   </div>
   <div class='ocr_carea' id='block_1_24' title="bbox 2031 837 3681 922">
    <p class='ocr_par' dir='ltr' id='par_1_24' title="bbox 2031 837 3681 922">
     <span class='ocr_line' id='line_1_24' title="bbox 2031 837 3681 922; baseline -0.001 -25"><span class='ocrx_word' id='word_1_148' title='bbox 2031 839 2094 897; x_wconf 87' lang='grc' dir='ltr'><strong>δι’</strong></span> <span class='ocrx_word' id='word_1_149' title='bbox 2130 840 2296 921; x_wconf 70' lang='grc' dir='ltr'>εὖχῆς</span> <span class='ocrx_word' id='word_1_150' title='bbox 2346 840 2666 916; x_wconf 81' lang='grc' dir='ltr'>ποιούμενοι</span> <span class='ocrx_word' id='word_1_151' title='bbox 2708 838 2877 897; x_wconf 70' lang='grc' dir='ltr'>παῖδα</span> <span class='ocrx_word' id='word_1_152' title='bbox 2927 851 3089 920; x_wconf 77' lang='grc' dir='ltr'>σχεῖν</span> <span class='ocrx_word' id='word_1_153' title='bbox 3137 837 3322 918; x_wconf 72' lang='grc' dir='ltr'>ἅρῤενα</span> <span class='ocrx_word' id='word_1_154' title='bbox 3355 841 3681 922; x_wconf 76' lang='grc' dir='ltr'><strong>τυγχάνωσι</strong></span> 
     </span>
    </p>
   </div>
   <div class='ocr_carea' id='block_1_25' title="bbox 2030 926 3684 1010">
    <p class='ocr_par' dir='ltr' id='par_1_25' title="bbox 2030 926 3684 1010">
     <span class='ocr_line' id='line_1_25' title="bbox 2030 926 3684 1010; baseline 0.001 -25"><span class='ocrx_word' id='word_1_155' title='bbox 2030 934 2129 995; x_wconf 77' lang='grc' dir='ltr'>τῆς</span> <span class='ocrx_word' id='word_1_156' title='bbox 2161 933 2354 1009; x_wconf 69' lang='grc' dir='ltr'>εὐχῆς,</span> <span class='ocrx_word' id='word_1_157' title='bbox 2386 931 2446 988; x_wconf 78' lang='grc' dir='ltr'>οὗ</span> <span class='ocrx_word' id='word_1_158' title='bbox 2487 928 2585 996; x_wconf 74' lang='grc' dir='ltr'><strong>τήν</strong></span> <span class='ocrx_word' id='word_1_159' title='bbox 2617 929 2769 1009; x_wconf 65' lang='grc' dir='ltr'>φύσιν</span> <span class='ocrx_word' id='word_1_160' title='bbox 2822 928 3010 1004; x_wconf 86' lang='grc' dir='ltr'>μόνον,</span> <span class='ocrx_word' id='word_1_161' title='bbox 3043 926 3180 984; x_wconf 78' lang='grc' dir='ltr'>ἀλλὰ</span> <span class='ocrx_word' id='word_1_162' title='bbox 3227 929 3316 986; x_wconf 85' lang='grc' dir='ltr'>καὶ</span> <span class='ocrx_word' id='word_1_163' title='bbox 3344 929 3442 996; x_wconf 71' lang='grc' dir='ltr'><strong>τὴν</strong></span> <span class='ocrx_word' id='word_1_164' title='bbox 3493 929 3684 1010; x_wconf 64' lang='grc' dir='ltr'>ψυχὰν</span> 
     </span>
    </p>
   </div>
   <div class='ocr_carea' id='block_1_26' title="bbox 2033 1015 3686 1098">
    <p class='ocr_par' dir='ltr' id='par_1_26' title="bbox 2033 1015 3686 1098">
     <span class='ocr_line' id='line_1_26' title="bbox 2033 1015 3686 1098; baseline 0.001 -25"><span class='ocrx_word' id='word_1_165' title='bbox 2033 1016 2218 1097; x_wconf 79' lang='grc' dir='ltr'>ἅῤῥενα</span> <span class='ocrx_word' id='word_1_166' title='bbox 2272 1017 2713 1093; x_wconf 79' lang='grc' dir='ltr'>κληρωσάμενον·</span> <span class='ocrx_word' id='word_1_167' title='bbox 2772 1015 2950 1096; x_wconf 75' lang='grc' dir='ltr'>ὥσπερ</span> <span class='ocrx_word' id='word_1_168' title='bbox 3010 1017 3098 1076; x_wconf 78' lang='grc' dir='ltr'>οὖν</span> <span class='ocrx_word' id='word_1_169' title='bbox 3151 1019 3178 1074; x_wconf 92' lang='lat'><strong>6</strong></span> <span class='ocrx_word' id='word_1_170' title='bbox 3208 1024 3314 1074; x_wconf 92' lang='grc' dir='ltr'><strong>τῶν</strong></span> <span class='ocrx_word' id='word_1_171' title='bbox 3369 1039 3686 1098; x_wconf 87' lang='grc' dir='ltr'>πειρασμων</span> 
     </span>
    </p>
   </div>
   <div class='ocr_carea' id='block_1_27' title="bbox 2033 1106 3682 1188">
    <p class='ocr_par' dir='ltr' id='par_1_27' title="bbox 2033 1106 3682 1188">
     <span class='ocr_line' id='line_1_27' title="bbox 2033 1106 3682 1188; baseline 0 -24"><span class='ocrx_word' id='word_1_172' title='bbox 2033 1131 2216 1185; x_wconf 87' lang='grc' dir='ltr'>καιρος</span> <span class='ocrx_word' id='word_1_173' title='bbox 2275 1106 2458 1181; x_wconf 76' lang='grc' dir='ltr'>ἔδειξε,</span> <span class='ocrx_word' id='word_1_174' title='bbox 2492 1109 2580 1164; x_wconf 83' lang='grc' dir='ltr'><strong>καὶ</strong></span> <span class='ocrx_word' id='word_1_175' title='bbox 2635 1109 2670 1176; x_wconf 81' lang='grc' dir='ltr'><strong>ἡ</strong></span> <span class='ocrx_word' id='word_1_176' title='bbox 2724 1109 2855 1186; x_wconf 78' lang='grc' dir='ltr'>πρὸς</span> <span class='ocrx_word' id='word_1_177' title='bbox 2887 1108 2979 1171; x_wconf 79' lang='grc' dir='ltr'>τὰς</span> <span class='ocrx_word' id='word_1_178' title='bbox 3041 1107 3146 1165; x_wconf 87' lang='grc' dir='ltr'><strong>τῶν</strong></span> <span class='ocrx_word' id='word_1_179' title='bbox 3180 1113 3360 1164; x_wconf 86' lang='grc' dir='ltr'>κακῶν</span> <span class='ocrx_word' id='word_1_180' title='bbox 3415 1107 3682 1188; x_wconf 72' lang='grc' dir='ltr'>ἐπιφορὰς</span> 
     </span>
    </p>
   </div>
   <div class='ocr_carea' id='block_1_28' title="bbox 2031 1194 3686 1276">
    <p class='ocr_par' dir='ltr' id='par_1_28' title="bbox 2031 1194 3686 1276">
     <span class='ocr_line' id='line_1_28' title="bbox 2031 1194 3686 1276; baseline -0.001 -23"><span class='ocrx_word' id='word_1_181' title='bbox 2031 1198 2369 1276; x_wconf 79' lang='grc' dir='ltr'><strong>γενναιότης,</strong></span> <span class='ocrx_word' id='word_1_182' title='bbox 2409 1198 2441 1252; x_wconf 82' lang='grc' dir='ltr'>ἃ</span> <span class='ocrx_word' id='word_1_183' title='bbox 2470 1194 2536 1263; x_wconf 75' lang='grc' dir='ltr'>δὴ</span> <span class='ocrx_word' id='word_1_184' title='bbox 2567 1201 2661 1253; x_wconf 54' lang='grc' dir='ltr'>καὶ</span> <span class='ocrx_word' id='word_1_185' title='bbox 2695 1198 2901 1274; x_wconf 75' lang='grc' dir='ltr'>προϊὼν</span> <span class='ocrx_word' id='word_1_186' title='bbox 2933 1198 2960 1253; x_wconf 98' lang='lat'><strong>6</strong></span> <span class='ocrx_word' id='word_1_187' title='bbox 2989 1194 3148 1274; x_wconf 81' lang='grc' dir='ltr'>λόγος</span> <span class='ocrx_word' id='word_1_188' title='bbox 3193 1195 3447 1268; x_wconf 71' lang='grc' dir='ltr'>δήλωσει.</span> <span class='ocrx_word' id='word_1_189' title='bbox 3483 1206 3686 1256; x_wconf 83' lang='grc' dir='ltr'>Τοῦτον</span> 
     </span>
    </p>
   </div>
   <div class='ocr_carea' id='block_1_29' title="bbox 2029 1285 3686 1367">
    <p class='ocr_par' dir='ltr' id='par_1_29' title="bbox 2029 1285 3686 1367">
     <span class='ocr_line' id='line_1_29' title="bbox 2029 1285 3686 1367; baseline -0.001 -22"><span class='ocrx_word' id='word_1_190' title='bbox 2029 1297 2153 1366; x_wconf 76' lang='grc' dir='ltr'>γοῦν</span> <span class='ocrx_word' id='word_1_191' title='bbox 2187 1287 2291 1344; x_wconf 82' lang='grc' dir='ltr'>ἀπὸ</span> <span class='ocrx_word' id='word_1_192' title='bbox 2350 1295 2441 1345; x_wconf 82' lang='grc' dir='ltr'><strong>τοῦ</strong></span> <span class='ocrx_word' id='word_1_193' title='bbox 2469 1286 2604 1343; x_wconf 81' lang='grc' dir='ltr'><strong>θείου</strong></span> <span class='ocrx_word' id='word_1_194' title='bbox 2657 1286 3021 1363; x_wconf 86' lang='grc' dir='ltr'>βαπτίσματος</span> <span class='ocrx_word' id='word_1_195' title='bbox 3081 1285 3397 1367; x_wconf 69' lang='grc' dir='ltr'><strong>ἀναδέχεται</strong></span> <span class='ocrx_word' id='word_1_196' title='bbox 3428 1290 3456 1344; x_wconf 92' lang='lat'><strong>6</strong></span> <span class='ocrx_word' id='word_1_197' title='bbox 3513 1287 3686 1352; x_wconf 79' lang='grc' dir='ltr'>πολὺς</span> 
     </span>
    </p>
   </div>
   <div class='ocr_carea' id='block_1_30' title="bbox 2028 1376 3686 1456">
    <p class='ocr_par' dir='ltr' id='par_1_30' title="bbox 2028 1376 3686 1456">
     <span class='ocr_line' id='line_1_30' title="bbox 2028 1376 3686 1456; baseline 0.001 -23"><span class='ocrx_word' id='word_1_198' title='bbox 2028 1379 2128 1445; x_wconf 76' lang='grc' dir='ltr'><strong>τὴν</strong></span> <span class='ocrx_word' id='word_1_199' title='bbox 2199 1377 2394 1456; x_wconf 76' lang='grc' dir='ltr'>ἀρετὴν</span> <span class='ocrx_word' id='word_1_200' title='bbox 2451 1376 2756 1455; x_wconf 88' lang='grc' dir='ltr'>Ποταμίων,</span> <span class='ocrx_word' id='word_1_201' title='bbox 2821 1379 2848 1432; x_wconf 86' lang='grc' dir='ltr'><strong>ὁ</strong></span> <span class='ocrx_word' id='word_1_202' title='bbox 2919 1376 3040 1432; x_wconf 84' lang='grc' dir='ltr'>τότε</span> <span class='ocrx_word' id='word_1_203' title='bbox 3097 1380 3196 1442; x_wconf 78' lang='grc' dir='ltr'>τῆς</span> <span class='ocrx_word' id='word_1_204' title='bbox 3256 1376 3686 1456; x_wconf 70' lang='grc' dir='ltr'>Ἀκραγαντίνων</span> 
     </span>
    </p>
   </div>
   <div class='ocr_carea' id='block_1_31' title="bbox 2031 1463 3686 1546">
    <p class='ocr_par' dir='ltr' id='par_1_31' title="bbox 2031 1463 3686 1546">
     <span class='ocr_line' id='line_1_31' title="bbox 2031 1463 3686 1546; baseline -0.001 -22"><span class='ocrx_word' id='word_1_205' title='bbox 2031 1467 2238 1532; x_wconf 87' lang='grc' dir='ltr'>πόλεως</span> <span class='ocrx_word' id='word_1_206' title='bbox 2298 1468 2392 1531; x_wconf 73' lang='grc' dir='ltr'>τὰς</span> <span class='ocrx_word' id='word_1_207' title='bbox 2421 1465 2562 1546; x_wconf 68' lang='grc' dir='ltr'>ἱερὰς</span> <span class='ocrx_word' id='word_1_208' title='bbox 2613 1465 2825 1545; x_wconf 81' lang='grc' dir='ltr'>ἀνέχων</span> <span class='ocrx_word' id='word_1_209' title='bbox 2879 1463 3177 1543; x_wconf 83' lang='grc' dir='ltr'>φροντίδας.</span> <span class='ocrx_word' id='word_1_210' title='bbox 3229 1463 3447 1534; x_wconf 78' lang='grc' dir='ltr'><strong>Ἐπειδὴ</strong></span> <span class='ocrx_word' id='word_1_211' title='bbox 3476 1465 3532 1523; x_wconf 77' lang='grc' dir='ltr'>δὲ</span> <span class='ocrx_word' id='word_1_212' title='bbox 3590 1469 3686 1523; x_wconf 75' lang='grc' dir='ltr'><strong>τὸν</strong></span> 
     </span>
    </p>
   </div>
   <div class='ocr_carea' id='block_1_32' title="bbox 2030 1553 3688 1636">
    <p class='ocr_par' dir='ltr' id='par_1_32' title="bbox 2030 1553 3688 1636">
     <span class='ocr_line' id='line_1_32' title="bbox 2030 1553 3688 1636; baseline 0.001 -23"><span class='ocrx_word' id='word_1_213' title='bbox 2030 1555 2214 1635; x_wconf 79' lang='grc' dir='ltr'>ὄγδοον</span> <span class='ocrx_word' id='word_1_214' title='bbox 2256 1557 2452 1636; x_wconf 84' lang='grc' dir='ltr'>χρόνον</span> <span class='ocrx_word' id='word_1_215' title='bbox 2483 1558 2510 1612; x_wconf 88' lang='lat'><strong>6</strong></span> <span class='ocrx_word' id='word_1_216' title='bbox 2570 1567 2703 1620; x_wconf 76' lang='grc' dir='ltr'>παῖς</span> <span class='ocrx_word' id='word_1_217' title='bbox 2734 1556 2833 1622; x_wconf 80' lang='grc' dir='ltr'>τῆς</span> <span class='ocrx_word' id='word_1_218' title='bbox 2882 1554 3093 1623; x_wconf 71' lang='grc' dir='ltr'>ἡλικίας</span> <span class='ocrx_word' id='word_1_219' title='bbox 3142 1553 3466 1632; x_wconf 75' lang='grc' dir='ltr'>παρήμειϐε,</span> <span class='ocrx_word' id='word_1_220' title='bbox 3498 1563 3688 1614; x_wconf 84' lang='grc' dir='ltr'>Ποτα-</span> 
     </span>
    </p>
   </div>
   <div class='ocr_carea' id='block_1_33' title="bbox 2030 1643 3686 1724">
    <p class='ocr_par' dir='ltr' id='par_1_33' title="bbox 2030 1643 3686 1724">
     <span class='ocr_line' id='line_1_33' title="bbox 2030 1643 3686 1724; baseline -0.001 -22"><span class='ocrx_word' id='word_1_221' title='bbox 2030 1647 2185 1721; x_wconf 89' lang='grc' dir='ltr'>μίωνι</span> <span class='ocrx_word' id='word_1_222' title='bbox 2242 1645 2332 1700; x_wconf 74' lang='grc' dir='ltr'>τὰν</span> <span class='ocrx_word' id='word_1_223' title='bbox 2387 1648 2532 1701; x_wconf 81' lang='grc' dir='ltr'>θετον</span> <span class='ocrx_word' id='word_1_224' title='bbox 2587 1653 2773 1703; x_wconf 81' lang='grc' dir='ltr'>τοῦτον</span> <span class='ocrx_word' id='word_1_225' title='bbox 2827 1643 3178 1721; x_wconf 70' lang='grc' dir='ltr'><strong>προσάγουσιν</strong></span> <span class='ocrx_word' id='word_1_226' title='bbox 3238 1647 3284 1702; x_wconf 77' lang='grc' dir='ltr'>οἱ</span> <span class='ocrx_word' id='word_1_227' title='bbox 3345 1646 3686 1724; x_wconf 66' lang='grc' dir='ltr'>γεννήτορες,</span> 
     </span>
    </p>
   </div>
   <div class='ocr_carea' id='block_1_34' title="bbox 300 1731 1847 1821">
    <p class='ocr_par' dir='ltr' id='par_1_34' title="bbox 300 1738 1847 1821">
     <span class='ocr_line' id='line_1_34' title="bbox 300 1738 1847 1821; baseline 0.002 -21"><span class='ocrx_word' id='word_1_228' title='bbox 300 1738 694 1820; x_wconf 89' lang='lat' dir='ltr'><strong>adducunt,ut</strong></span> <span class='ocrx_word' id='word_1_229' title='bbox 719 1759 901 1819; x_wconf 87' lang='lat' dir='ltr'><strong>puero</strong></span> <span class='ocrx_word' id='word_1_230' title='bbox 925 1741 1025 1803; x_wconf 87' lang='lat' dir='ltr'><strong>ille</strong></span> <span class='ocrx_word' id='word_1_231' title='bbox 1045 1760 1324 1820; x_wconf 88' lang='lat' dir='ltr'><strong>prospera</strong></span> <span class='ocrx_word' id='word_1_232' title='bbox 1347 1741 1546 1803; x_wconf 88' lang='lat' dir='ltr'><strong>omnia</strong></span> <span class='ocrx_word' id='word_1_233' title='bbox 1565 1746 1847 1821; x_wconf 60' lang='lat' dir='ltr'><strong>precareta</strong></span> 
     </span>
    </p>
   </div>
   <div class='ocr_carea' id='block_1_35' title="bbox 2141 1731 3688 1821">
    <p class='ocr_par' dir='ltr' id='par_1_35' title="bbox 2141 1731 3688 1814">
     <span class='ocr_line' id='line_1_35' title="bbox 2141 1731 3688 1814; baseline 0.002 -23"><span class='ocrx_word' id='word_1_234' title='bbox 2141 1735 2269 1814; x_wconf 73' lang='grc' dir='ltr'>ιγίας</span> <span class='ocrx_word' id='word_1_235' title='bbox 2360 1755 2417 1790; x_wconf 88' lang='grc' dir='ltr'>τε</span> <span class='ocrx_word' id='word_1_236' title='bbox 2508 1732 2752 1807; x_wconf 77' lang='grc' dir='ltr'>ἀξιῶσαι,</span> <span class='ocrx_word' id='word_1_237' title='bbox 2823 1733 2910 1789; x_wconf 80' lang='grc' dir='ltr'><strong>καὶ</strong></span> <span class='ocrx_word' id='word_1_238' title='bbox 3013 1731 3266 1802; x_wconf 80' lang='grc' dir='ltr'>παιδευτῆ</span> <span class='ocrx_word' id='word_1_239' title='bbox 3352 1733 3688 1811; x_wconf 83' lang='grc' dir='ltr'>παραδοῦναι</span> 
     </span>
    </p>
   </div>
   <div class='ocr_carea' id='block_1_36' title="bbox 300 1830 1945 1910">
    <p class='ocr_par' dir='ltr' id='par_1_36' title="bbox 300 1830 1945 1910">
     <span class='ocr_line' id='line_1_36' title="bbox 300 1830 1945 1910; baseline 0.002 -22"><span class='ocrx_word' id='word_1_240' title='bbox 300 1836 358 1888; x_wconf 92' lang='lat' dir='ltr'><strong>et</strong></span> <span class='ocrx_word' id='word_1_241' title='bbox 408 1837 694 1908; x_wconf 70' lang='lat' dir='ltr'><strong>praeterea</strong></span> <span class='ocrx_word' id='word_1_242' title='bbox 725 1830 919 1910; x_wconf 91' lang='lat' dir='ltr'><strong>ipsum</strong></span> <span class='ocrx_word' id='word_1_243' title='bbox 971 1831 1321 1910; x_wconf 67' lang='lat' dir='ltr'><strong>prmeeptori</strong></span> <span class='ocrx_word' id='word_1_244' title='bbox 1350 1830 1611 1892; x_wconf 84' lang='lat' dir='ltr'><strong>traderet</strong></span> <span class='ocrx_word' id='word_1_245' title='bbox 1657 1830 1945 1892; x_wconf 90' lang='lat' dir='ltr'><strong>erudien-</strong></span> 
     </span>
    </p>
   </div>
   <div class='ocr_carea' id='block_1_37' title="bbox 296 1917 1948 2000">
    <p class='ocr_par' dir='ltr' id='par_1_37' title="bbox 296 1917 1948 2000">
     <span class='ocr_line' id='line_1_37' title="bbox 296 1917 1948 2000; baseline 0.001 -21"><span class='ocrx_word' id='word_1_246' title='bbox 296 1917 461 1979; x_wconf 89' lang='lat' dir='ltr'><strong>dum.</strong></span> <span class='ocrx_word' id='word_1_247' title='bbox 509 1919 618 1992; x_wconf 87' lang='lat' dir='ltr'><strong>Qui</strong></span> <span class='ocrx_word' id='word_1_248' title='bbox 649 1938 783 1981; x_wconf 90' lang='lat' dir='ltr'><strong>cum</strong></span> <span class='ocrx_word' id='word_1_249' title='bbox 809 1939 914 1999; x_wconf 92' lang='lat' dir='ltr'><strong>pro</strong></span> <span class='ocrx_word' id='word_1_250' title='bbox 949 1920 1116 2000; x_wconf 87' lang='lat' dir='ltr'><strong>pueri</strong></span> <span class='ocrx_word' id='word_1_251' title='bbox 1147 1919 1334 1981; x_wconf 88' lang='lat' dir='ltr'><strong>salute</strong></span> <span class='ocrx_word' id='word_1_252' title='bbox 1363 1921 1683 1982; x_wconf 82' lang='lat' dir='ltr'><strong>Dominum</strong></span> <span class='ocrx_word' id='word_1_253' title='bbox 1723 1926 1811 1991; x_wconf 85' lang='lat' dir='ltr'><strong>(ut</strong></span> <span class='ocrx_word' id='word_1_254' title='bbox 1843 1939 1948 1998; x_wconf 88' lang='lat' dir='ltr'><strong>par</strong></span> 
     </span>
    </p>
   </div>
   <div class='ocr_carea' id='block_1_38' title="bbox 299 2009 1943 2090">
    <p class='ocr_par' dir='ltr' id='par_1_38' title="bbox 299 2009 1943 2090">
     <span class='ocr_line' id='line_1_38' title="bbox 299 2009 1943 2090; baseline 0.001 -20"><span class='ocrx_word' id='word_1_255' title='bbox 299 2018 419 2074; x_wconf 86' lang='lat' dir='ltr'><strong>eral</strong></span> <span class='ocrx_word' id='word_1_256' title='bbox 485 2017 732 2089; x_wconf 87' lang='lat' dir='ltr'><strong>orasset,</strong></span> <span class='ocrx_word' id='word_1_257' title='bbox 767 2009 1132 2087; x_wconf 83' lang='lat' dir='ltr'><strong>grammatici</strong></span> <span class='ocrx_word' id='word_1_258' title='bbox 1159 2009 1490 2090; x_wconf 82' lang='lat' dir='ltr'><strong>cujusdam,</strong></span> <span class='ocrx_word' id='word_1_259' title='bbox 1533 2009 1625 2070; x_wconf 92' lang='lat' dir='ltr'><strong>cui</strong></span> <span class='ocrx_word' id='word_1_260' title='bbox 1658 2010 1943 2073; x_wconf 87' lang='lat' dir='ltr'><strong>Damiano</strong></span> 
     </span>
    </p>
   </div>
   <div class='ocr_carea' id='block_1_39' title="bbox 297 2096 1946 2178">
    <p class='ocr_par' dir='ltr' id='par_1_39' title="bbox 297 2096 1946 2178">
     <span class='ocr_line' id='line_1_39' title="bbox 297 2096 1946 2178; baseline 0.001 -21"><span class='ocrx_word' id='word_1_261' title='bbox 297 2115 516 2159; x_wconf 89' lang='lat' dir='ltr'><strong>nomen</strong></span> <span class='ocrx_word' id='word_1_262' title='bbox 569 2107 717 2172; x_wconf 89' lang='lat' dir='ltr'><strong>erat,</strong></span> <span class='ocrx_word' id='word_1_263' title='bbox 753 2098 890 2159; x_wconf 83' lang='lat' dir='ltr'><strong>ﬁdei</strong></span> <span class='ocrx_word' id='word_1_264' title='bbox 924 2098 1089 2159; x_wconf 89' lang='lat' dir='ltr'><strong>illum</strong></span> <span class='ocrx_word' id='word_1_265' title='bbox 1137 2096 1455 2170; x_wconf 74' lang='lat' dir='ltr'><strong>commisit,</strong></span> <span class='ocrx_word' id='word_1_266' title='bbox 1491 2097 1946 2178; x_wconf 79' lang='lat' dir='ltr'><strong>disciplinisque</strong></span> 
     </span>
    </p>
   </div>
   <div class='ocr_carea' id='block_1_40' title="bbox 292 2187 1943 2268">
    <p class='ocr_par' dir='ltr' id='par_1_40' title="bbox 292 2187 1943 2268">
     <span class='ocr_line' id='line_1_40' title="bbox 292 2187 1943 2268; baseline 0 -20"><span class='ocrx_word' id='word_1_267' title='bbox 292 2194 650 2250; x_wconf 85' lang='lat' dir='ltr'><strong>accurateac</strong></span> <span class='ocrx_word' id='word_1_268' title='bbox 673 2187 1244 2250; x_wconf 89' lang='lat' dir='ltr'><strong>seduloincumbere</strong></span> <span class='ocrx_word' id='word_1_269' title='bbox 1270 2188 1567 2268; x_wconf 77' lang='lat' dir='ltr'><strong>przecepit.</strong></span> <span class='ocrx_word' id='word_1_270' title='bbox 1595 2191 1670 2250; x_wconf 91' lang='lat' dir='ltr'><strong>At</strong></span> <span class='ocrx_word' id='word_1_271' title='bbox 1703 2206 1849 2265; x_wconf 88' lang='lat' dir='ltr'><strong>puer</strong></span> <span class='ocrx_word' id='word_1_272' title='bbox 1871 2187 1943 2248; x_wconf 92' lang='lat' dir='ltr'><strong>ab</strong></span> 
     </span>
    </p>
   </div>
   <div class='ocr_carea' id='block_1_41' title="bbox 286 2274 1944 2357">
    <p class='ocr_par' dir='ltr' id='par_1_41' title="bbox 286 2274 1944 2357">
     <span class='ocr_line' id='line_1_41' title="bbox 286 2274 1944 2357; baseline -0.001 -20"><span class='ocrx_word' id='word_1_273' title='bbox 286 2274 774 2357; x_wconf 82' lang='lat' dir='ltr'><strong>ipsislitterarum</strong></span> <span class='ocrx_word' id='word_1_274' title='bbox 791 2277 1378 2346; x_wconf 84' lang='lat' dir='ltr'><strong>elementis,utaiunt,</strong></span> <span class='ocrx_word' id='word_1_275' title='bbox 1396 2276 1793 2356; x_wconf 66' lang='lat' dir='ltr'><strong>praestantiam</strong></span> <span class='ocrx_word' id='word_1_276' title='bbox 1811 2280 1944 2337; x_wconf 91' lang='lat' dir='ltr'><strong>ani-</strong></span> 
     </span>
    </p>
   </div>
   <div class='ocr_carea' id='block_1_42' title="bbox 293 2364 1943 2447">
    <p class='ocr_par' dir='ltr' id='par_1_42' title="bbox 293 2364 1943 2447">
     <span class='ocr_line' id='line_1_42' title="bbox 293 2364 1943 2447; baseline -0.001 -21"><span class='ocrx_word' id='word_1_277' title='bbox 293 2365 374 2426; x_wconf 87' lang='lat' dir='ltr'><strong>mi</strong></span> <span class='ocrx_word' id='word_1_278' title='bbox 390 2384 584 2446; x_wconf 64' lang='lat' dir='ltr'><strong>pt‘aase</strong></span> <span class='ocrx_word' id='word_1_279' title='bbox 602 2366 822 2439; x_wconf 80' lang='lat' dir='ltr'><strong>ferens,</strong></span> <span class='ocrx_word' id='word_1_280' title='bbox 850 2374 1049 2446; x_wconf 88' lang='lat' dir='ltr'><strong>utpote</strong></span> <span class='ocrx_word' id='word_1_281' title='bbox 1071 2367 1168 2447; x_wconf 77' lang='lat' dir='ltr'><strong>qui</strong></span> <span class='ocrx_word' id='word_1_282' title='bbox 1187 2367 1410 2445; x_wconf 80' lang='lat' dir='ltr'><strong>ingenii</strong></span> <span class='ocrx_word' id='word_1_283' title='bbox 1432 2367 1800 2444; x_wconf 87' lang='lat' dir='ltr'><strong>acutnine,et</strong></span> <span class='ocrx_word' id='word_1_284' title='bbox 1820 2364 1943 2427; x_wconf 85' lang='lat' dir='ltr'><strong>acri</strong></span> 
     </span>
    </p>
   </div>
   <div class='ocr_carea' id='block_1_43' title="bbox 295 2453 1944 2535">
    <p class='ocr_par' dir='ltr' id='par_1_43' title="bbox 295 2453 1944 2535">
     <span class='ocr_line' id='line_1_43' title="bbox 295 2453 1944 2535; baseline -0.001 -20"><span class='ocrx_word' id='word_1_285' title='bbox 295 2453 764 2535; x_wconf 77' lang='lat' dir='ltr'><strong>promptitutiine</strong></span> <span class='ocrx_word' id='word_1_286' title='bbox 786 2474 928 2516; x_wconf 88' lang='lat' dir='ltr'><strong>usus</strong></span> <span class='ocrx_word' id='word_1_287' title='bbox 951 2463 1059 2530; x_wconf 87' lang='lat' dir='ltr'><strong>est,</strong></span> <span class='ocrx_word' id='word_1_288' title='bbox 1087 2456 1288 2535; x_wconf 87' lang='lat' dir='ltr'><strong>plures</strong></span> <span class='ocrx_word' id='word_1_289' title='bbox 1318 2454 1574 2516; x_wconf 86' lang='lat' dir='ltr'><strong>breviter</strong></span> <span class='ocrx_word' id='word_1_290' title='bbox 1596 2454 1944 2532; x_wconf 87' lang='lat' dir='ltr'><strong>disciplinas</strong></span> 
     </span>
    </p>
   </div>
   <div class='ocr_carea' id='block_1_44' title="bbox 2028 1822 3684 1902">
    <p class='ocr_par' dir='ltr' id='par_1_44' title="bbox 2028 1822 3684 1902">
     <span class='ocr_line' id='line_1_44' title="bbox 2028 1822 3684 1902; baseline 0.001 -21"><span class='ocrx_word' id='word_1_291' title='bbox 2028 1824 2365 1902; x_wconf 73' lang='grc' dir='ltr'>βουλόμενοι.</span> <span class='ocrx_word' id='word_1_292' title='bbox 2404 1825 2501 1882; x_wconf 79' lang='grc' dir='ltr'><strong>Καὶ</strong></span> <span class='ocrx_word' id='word_1_293' title='bbox 2557 1825 2613 1885; x_wconf 84' lang='grc' dir='ltr'><strong>ὃς</strong></span> <span class='ocrx_word' id='word_1_294' title='bbox 2649 1823 2789 1896; x_wconf 74' lang='grc' dir='ltr'>αὖτῴ</span> <span class='ocrx_word' id='word_1_295' title='bbox 2841 1822 2978 1879; x_wconf 77' lang='grc' dir='ltr'>κατὰ</span> <span class='ocrx_word' id='word_1_296' title='bbox 3017 1823 3078 1878; x_wconf 78' lang='grc' dir='ltr'>τὸ</span> <span class='ocrx_word' id='word_1_297' title='bbox 3108 1825 3247 1886; x_wconf 77' lang='grc' dir='ltr'>εἰκὸς</span> <span class='ocrx_word' id='word_1_298' title='bbox 3300 1823 3684 1901; x_wconf 74' lang='grc' dir='ltr'>επευξᾶμενος,</span> 
     </span>
    </p>
   </div>
   <div class='ocr_carea' id='block_1_45' title="bbox 2028 1910 3685 1992">
    <p class='ocr_par' dir='ltr' id='par_1_45' title="bbox 2028 1910 3685 1992">
     <span class='ocr_line' id='line_1_45' title="bbox 2028 1910 3685 1992; baseline 0.001 -22"><span class='ocrx_word' id='word_1_299' title='bbox 2028 1920 2410 1992; x_wconf 65' lang='grc' dir='ltr'><strong>γραμματιστῇ</strong></span> <span class='ocrx_word' id='word_1_300' title='bbox 2482 1935 2582 1969; x_wconf 90' lang='grc' dir='ltr'>τινι</span> <span class='ocrx_word' id='word_1_301' title='bbox 2641 1910 2994 1991; x_wconf 86' lang='grc' dir='ltr'>παραδίδωσιν</span> <span class='ocrx_word' id='word_1_302' title='bbox 3049 1915 3094 1986; x_wconf 81' lang='grc' dir='ltr'>ᾧ</span> <span class='ocrx_word' id='word_1_303' title='bbox 3140 1915 3410 1987; x_wconf 81' lang='grc' dir='ltr'>Δαμιανδς</span> <span class='ocrx_word' id='word_1_304' title='bbox 3481 1913 3685 1990; x_wconf 78' lang='grc' dir='ltr'>ὄνομα,</span> 
     </span>
    </p>
   </div>
   <div class='ocr_carea' id='block_1_46' title="bbox 2028 2000 3691 2082">
    <p class='ocr_par' dir='ltr' id='par_1_46' title="bbox 2028 2000 3691 2082">
     <span class='ocr_line' id='line_1_46' title="bbox 2028 2000 3691 2082; baseline 0.001 -23"><span class='ocrx_word' id='word_1_305' title='bbox 2028 2003 2324 2066; x_wconf 70' lang='grc' dir='ltr'>σπουδαίως</span> <span class='ocrx_word' id='word_1_306' title='bbox 2384 2004 2537 2061; x_wconf 73' lang='grc' dir='ltr'>αὐτὸν</span> <span class='ocrx_word' id='word_1_307' title='bbox 2598 2003 2684 2058; x_wconf 73' lang='grc' dir='ltr'>καὶ</span> <span class='ocrx_word' id='word_1_308' title='bbox 2740 2000 3042 2082; x_wconf 72' lang='grc' dir='ltr'>φιλοπόνως</span> <span class='ocrx_word' id='word_1_309' title='bbox 3099 2001 3396 2060; x_wconf 78' lang='grc' dir='ltr'>ἐκπαιδεύιν</span> <span class='ocrx_word' id='word_1_310' title='bbox 3453 2005 3518 2060; x_wconf 75' lang='grc' dir='ltr'><strong>τὰ</strong></span> <span class='ocrx_word' id='word_1_311' title='bbox 3573 2010 3691 2060; x_wconf 85' lang='grc' dir='ltr'><strong>τῶν</strong></span> 
     </span>
    </p>
   </div>
   <div class='ocr_carea' id='block_1_47' title="bbox 2029 2084 3689 2173">
    <p class='ocr_par' dir='ltr' id='par_1_47' title="bbox 2029 2084 3689 2173">
     <span class='ocr_line' id='line_1_47' title="bbox 2029 2084 3689 2173; baseline 0 -21"><span class='ocrx_word' id='word_1_312' title='bbox 2029 2096 2362 2171; x_wconf 70' lang='grc' dir='ltr'>μαθημάτων</span> <span class='ocrx_word' id='word_1_313' title='bbox 2411 2093 2885 2173; x_wconf 72' lang='grc' dir='ltr'>ἐγκελευσάμενος.</span> <span class='ocrx_word' id='word_1_314' title='bbox 2950 2084 3008 2151; x_wconf 63' lang='grc' dir='ltr'>Ὀ</span> <span class='ocrx_word' id='word_1_315' title='bbox 3053 2092 3106 2149; x_wconf 79' lang='grc' dir='ltr'>δὲ</span> <span class='ocrx_word' id='word_1_316' title='bbox 3164 2092 3229 2162; x_wconf 79' lang='grc' dir='ltr'>δὴ</span> <span class='ocrx_word' id='word_1_317' title='bbox 3291 2108 3424 2159; x_wconf 74' lang='grc' dir='ltr'>παῖς</span> <span class='ocrx_word' id='word_1_318' title='bbox 3466 2096 3528 2152; x_wconf 79' lang='grc' dir='ltr'>τὸ</span> <span class='ocrx_word' id='word_1_319' title='bbox 3581 2101 3689 2163; x_wconf 77' lang='grc' dir='ltr'><strong>τῆς</strong></span> 
     </span>
    </p>
   </div>
   <div class='ocr_carea' id='block_1_48' title="bbox 2029 2181 3690 2265">
    <p class='ocr_par' dir='ltr' id='par_1_48' title="bbox 2029 2181 3690 2265">
     <span class='ocr_line' id='line_1_48' title="bbox 2029 2181 3690 2265; baseline 0 -24"><span class='ocrx_word' id='word_1_320' title='bbox 2029 2191 2211 2265; x_wconf 76' lang='grc' dir='ltr'>ψυχῇς</span> <span class='ocrx_word' id='word_1_321' title='bbox 2269 2183 2600 2264; x_wconf 73' lang='grc' dir='ltr'>μεγαλοφῦές</span> <span class='ocrx_word' id='word_1_322' title='bbox 2657 2181 2708 2248; x_wconf 80' lang='grc' dir='ltr'>ἐξ</span> <span class='ocrx_word' id='word_1_323' title='bbox 2765 2183 2948 2253; x_wconf 77' lang='grc' dir='ltr'>αὖτῆς,</span> <span class='ocrx_word' id='word_1_324' title='bbox 3006 2185 3080 2247; x_wconf 85' lang='grc' dir='ltr'>ὡς</span> <span class='ocrx_word' id='word_1_325' title='bbox 3132 2186 3160 2239; x_wconf 91' lang='lat'><strong>6</strong></span> <span class='ocrx_word' id='word_1_326' title='bbox 3209 2185 3392 2262; x_wconf 82' lang='grc' dir='ltr'>λόγος,</span> <span class='ocrx_word' id='word_1_327' title='bbox 3425 2187 3690 2262; x_wconf 75' lang='grc' dir='ltr'>γραμμῆς</span> 
     </span>
    </p>
   </div>
   <div class='ocr_carea' id='block_1_49' title="bbox 2027 2271 3686 2355">
    <p class='ocr_par' dir='ltr' id='par_1_49' title="bbox 2027 2271 3686 2355">
     <span class='ocr_line' id='line_1_49' title="bbox 2027 2271 3686 2355; baseline 0.001 -26"><span class='ocrx_word' id='word_1_328' title='bbox 2027 2275 2351 2355; x_wconf 76' lang='grc' dir='ltr'>ὑποφαίνων,</span> <span class='ocrx_word' id='word_1_329' title='bbox 2387 2275 2478 2330; x_wconf 79' lang='grc' dir='ltr'>ἅτε</span> <span class='ocrx_word' id='word_1_330' title='bbox 2538 2272 2602 2340; x_wconf 78' lang='grc' dir='ltr'>δὴ</span> <span class='ocrx_word' id='word_1_331' title='bbox 2633 2273 2836 2351; x_wconf 70' lang='grc' dir='ltr'>φύσεως</span> <span class='ocrx_word' id='word_1_332' title='bbox 2869 2271 3079 2338; x_wconf 81' lang='grc' dir='ltr'><strong>ὀξύτητι</strong></span> <span class='ocrx_word' id='word_1_333' title='bbox 3120 2272 3214 2328; x_wconf 83' lang='grc' dir='ltr'>καί</span> <span class='ocrx_word' id='word_1_334' title='bbox 3245 2274 3503 2352; x_wconf 77' lang='grc' dir='ltr'>προθυμίᾳ</span> <span class='ocrx_word' id='word_1_335' title='bbox 3550 2297 3686 2330; x_wconf 80' lang='grc' dir='ltr'>συν-</span> 
     </span>
    </p>
   </div>
   <div class='ocr_carea' id='block_1_50' title="bbox 2027 2360 3687 2443">
    <p class='ocr_par' dir='ltr' id='par_1_50' title="bbox 2027 2360 3687 2443">
     <span class='ocr_line' id='line_1_50' title="bbox 2027 2360 3687 2443; baseline 0 -23"><span class='ocrx_word' id='word_1_336' title='bbox 2027 2363 2163 2437; x_wconf 81' lang='grc' dir='ltr'>τόνῳ</span> <span class='ocrx_word' id='word_1_337' title='bbox 2209 2362 2519 2443; x_wconf 85' lang='grc' dir='ltr'>χρώμενος,</span> <span class='ocrx_word' id='word_1_338' title='bbox 2553 2361 2621 2418; x_wconf 83' lang='grc' dir='ltr'><strong>δι’</strong></span> <span class='ocrx_word' id='word_1_339' title='bbox 2651 2361 2830 2439; x_wconf 70' lang='grc' dir='ltr'>ὁλίγο.)</span> <span class='ocrx_word' id='word_1_340' title='bbox 2859 2361 2922 2417; x_wconf 82' lang='grc' dir='ltr'>τὰ</span> <span class='ocrx_word' id='word_1_341' title='bbox 2971 2360 3147 2420; x_wconf 76' lang='grc' dir='ltr'>πολλὰ</span> <span class='ocrx_word' id='word_1_342' title='bbox 3194 2368 3300 2419; x_wconf 86' lang='grc' dir='ltr'><strong>τῶν</strong></span> <span class='ocrx_word' id='word_1_343' title='bbox 3347 2364 3687 2438; x_wconf 78' lang='grc' dir='ltr'>μαθημάτων</span> 
     </span>
    </p>
   </div>
   <div class='ocr_carea' id='block_1_51' title="bbox 2026 2450 3686 2532">
    <p class='ocr_par' dir='ltr' id='par_1_51' title="bbox 2026 2450 3686 2532">
     <span class='ocr_line' id='line_1_51' title="bbox 2026 2450 3686 2532; baseline 0.001 -22"><span class='ocrx_word' id='word_1_344' title='bbox 2026 2452 2186 2532; x_wconf 78' lang='grc' dir='ltr'>διῄει,</span> <span class='ocrx_word' id='word_1_345' title='bbox 2219 2455 2292 2518; x_wconf 82' lang='grc' dir='ltr'>ὡς</span> <span class='ocrx_word' id='word_1_346' title='bbox 2351 2453 2406 2510; x_wconf 92' lang='grc' dir='ltr'><strong>ἐν</strong></span> <span class='ocrx_word' id='word_1_347' title='bbox 2437 2450 2547 2509; x_wconf 78' lang='grc' dir='ltr'>δυσὶ</span> <span class='ocrx_word' id='word_1_348' title='bbox 2612 2450 2793 2526; x_wconf 68' lang='grc' dir='ltr'>μόνοις</span> <span class='ocrx_word' id='word_1_349' title='bbox 2853 2451 2994 2508; x_wconf 79' lang='grc' dir='ltr'>ἕτεσι</span> <span class='ocrx_word' id='word_1_350' title='bbox 3051 2452 3150 2521; x_wconf 82' lang='grc' dir='ltr'><strong>τήν</strong></span> <span class='ocrx_word' id='word_1_351' title='bbox 3179 2473 3238 2507; x_wconf 87' lang='grc' dir='ltr'><strong>τε</strong></span> <span class='ocrx_word' id='word_1_352' title='bbox 3291 2454 3396 2508; x_wconf 87' lang='grc' dir='ltr'><strong>τῶν</strong></span> <span class='ocrx_word' id='word_1_353' title='bbox 3454 2453 3686 2530; x_wconf 86' lang='grc' dir='ltr'>πρώτων</span> 
     </span>
    </p>
   </div>
   <div class='ocr_carea' id='block_1_52' title="bbox 292 2538 1839 2624">
    <p class='ocr_par' dir='ltr' id='par_1_52' title="bbox 292 2542 1839 2624">
     <span class='ocr_line' id='line_1_52' title="bbox 292 2542 1839 2624; baseline -0.001 -19"><span class='ocrx_word' id='word_1_354' title='bbox 292 2543 604 2622; x_wconf 84' lang='lat' dir='ltr'><strong>percurrit.</strong></span> <span class='ocrx_word' id='word_1_355' title='bbox 633 2542 776 2606; x_wconf 84' lang='lat' dir='ltr'><strong>Nam</strong></span> <span class='ocrx_word' id='word_1_356' title='bbox 804 2545 991 2624; x_wconf 84' lang='lat' dir='ltr'><strong>prima</strong></span> <span class='ocrx_word' id='word_1_357' title='bbox 1015 2545 1142 2624; x_wconf 91' lang='lat' dir='ltr'><strong>ipsa</strong></span> <span class='ocrx_word' id='word_1_358' title='bbox 1163 2544 1750 2624; x_wconf 88' lang='lat' dir='ltr'><strong>elementa,odasque</strong></span> <span class='ocrx_word' id='word_1_359' title='bbox 1775 2542 1839 2604; x_wconf 79' lang='lat' dir='ltr'><strong>D:</strong></span> 
     </span>
    </p>
   </div>
   <div class='ocr_carea' id='block_1_53' title="bbox 2137 2538 3684 2624">
    <p class='ocr_par' dir='ltr' id='par_1_53' title="bbox 2137 2538 3684 2621">
     <span class='ocr_line' id='line_1_53' title="bbox 2137 2538 3684 2621; baseline 0.002 -25"><span class='ocrx_word' id='word_1_360' title='bbox 2137 2543 2310 2621; x_wconf 51' lang='lat' dir='ltr'><strong>,xeitov</strong></span> <span class='ocrx_word' id='word_1_361' title='bbox 2373 2539 2683 2619; x_wconf 71' lang='grc' dir='ltr'>παράδοσιν,</span> <span class='ocrx_word' id='word_1_362' title='bbox 2745 2540 2862 2602; x_wconf 76' lang='grc' dir='ltr'>τούς</span> <span class='ocrx_word' id='word_1_363' title='bbox 2927 2561 2984 2596; x_wconf 88' lang='grc' dir='ltr'><strong>τε</strong></span> <span class='ocrx_word' id='word_1_364' title='bbox 3042 2538 3355 2606; x_wconf 79' lang='grc' dir='ltr'>Δαυϊδικοὺς</span> <span class='ocrx_word' id='word_1_365' title='bbox 3409 2540 3684 2617; x_wconf 79' lang='grc' dir='ltr'>ψαλμοὺς,</span> 
     </span>
    </p>
   </div>
   <div class='ocr_carea' id='block_1_54' title="bbox 293 2628 1840 2710">
    <p class='ocr_par' dir='ltr' id='par_1_54' title="bbox 293 2631 1840 2699">
     <span class='ocr_line' id='line_1_54' title="bbox 293 2631 1840 2699; baseline 0.001 -11"><span class='ocrx_word' id='word_1_366' title='bbox 293 2631 471 2699; x_wconf 87' lang='lat' dir='ltr'><strong>dicas,</strong></span> <span class='ocrx_word' id='word_1_367' title='bbox 493 2635 770 2690; x_wconf 85' lang='lat' dir='ltr'><strong>rationem</strong></span> <span class='ocrx_word' id='word_1_368' title='bbox 798 2634 929 2691; x_wconf 85' lang='lat' dir='ltr'><strong>item</strong></span> <span class='ocrx_word' id='word_1_369' title='bbox 958 2649 1025 2689; x_wconf 85' lang='lat' dir='ltr'><strong>ac</strong></span> <span class='ocrx_word' id='word_1_370' title='bbox 1046 2635 1506 2689; x_wconf 80' lang='lat' dir='ltr'><strong>convenientiam</strong></span> <span class='ocrx_word' id='word_1_371' title='bbox 1538 2647 1840 2689; x_wconf 77' lang='lat' dir='ltr'><strong>numerort</strong></span> 
     </span>
    </p>
   </div>
   <div class='ocr_carea' id='block_1_55' title="bbox 2139 2628 3686 2710">
    <p class='ocr_par' dir='ltr' id='par_1_55' title="bbox 2162 2628 3686 2710">
     <span class='ocr_line' id='line_1_55' title="bbox 2162 2628 3686 2710; baseline 0.001 -23"><span class='ocrx_word' id='word_1_372' title='bbox 2162 2633 2254 2692; x_wconf 76' lang='grc' dir='ltr'><strong>τὰς</strong></span> <span class='ocrx_word' id='word_1_373' title='bbox 2290 2637 2394 2687; x_wconf 90' lang='grc' dir='ltr'><strong>τῶν</strong></span> <span class='ocrx_word' id='word_1_374' title='bbox 2441 2632 2681 2710; x_wconf 79' lang='grc' dir='ltr'>ἀριθμῶν</span> <span class='ocrx_word' id='word_1_375' title='bbox 2730 2628 3047 2709; x_wconf 76' lang='grc' dir='ltr'>ἀναλογίας,</span> <span class='ocrx_word' id='word_1_376' title='bbox 3081 2629 3266 2707; x_wconf 86' lang='grc' dir='ltr'>πρσὲτι</span> <span class='ocrx_word' id='word_1_377' title='bbox 3317 2628 3372 2686; x_wconf 80' lang='grc' dir='ltr'>δὲ</span> <span class='ocrx_word' id='word_1_378' title='bbox 3415 2631 3503 2688; x_wconf 82' lang='grc' dir='ltr'><strong>καὶ</strong></span> <span class='ocrx_word' id='word_1_379' title='bbox 3558 2632 3686 2695; x_wconf 80' lang='grc' dir='ltr'>τοὺς</span> 
     </span>
    </p>
   </div>
   <div class='ocr_carea' id='block_1_56' title="bbox 287 2717 1834 2801">
    <p class='ocr_par' dir='ltr' id='par_1_56' title="bbox 287 2721 1834 2801">
     <span class='ocr_line' id='line_1_56' title="bbox 287 2721 1834 2801; baseline -0.001 -18"><span class='ocrx_word' id='word_1_380' title='bbox 287 2721 442 2784; x_wconf 79' lang='lat' dir='ltr'><strong>adde</strong></span> <span class='ocrx_word' id='word_1_381' title='bbox 471 2724 645 2784; x_wconf 86' lang='lat' dir='ltr'><strong>etiam</strong></span> <span class='ocrx_word' id='word_1_382' title='bbox 678 2723 1115 2784; x_wconf 87' lang='lat' dir='ltr'><strong>ecclesiasticos</strong></span> <span class='ocrx_word' id='word_1_383' title='bbox 1146 2723 1418 2801; x_wconf 77' lang='lat' dir='ltr'><strong>hymnos,</strong></span> <span class='ocrx_word' id='word_1_384' title='bbox 1451 2721 1679 2783; x_wconf 90' lang='lat' dir='ltr'><strong>biennii</strong></span> <span class='ocrx_word' id='word_1_385' title='bbox 1719 2729 1834 2784; x_wconf 88' lang='lat' dir='ltr'><strong>tant</strong></span> 
     </span>
    </p>
   </div>
   <div class='ocr_carea' id='block_1_57' title="bbox 2142 2717 3689 2801">
    <p class='ocr_par' dir='ltr' id='par_1_57' title="bbox 2142 2717 3689 2799">
     <span class='ocr_line' id='line_1_57' title="bbox 2142 2717 3689 2799; baseline 0.001 -23"><span class='ocrx_word' id='word_1_386' title='bbox 2142 2721 2506 2787; x_wconf 66' lang='lat' dir='ltr'><strong>l-qetatcttxobc</strong></span> <span class='ocrx_word' id='word_1_387' title='bbox 2557 2718 2749 2794; x_wconf 75' lang='grc' dir='ltr'>ὕμνους</span> <span class='ocrx_word' id='word_1_388' title='bbox 2785 2719 3062 2794; x_wconf 79' lang='grc' dir='ltr'>ἐκμαθεῖν,</span> <span class='ocrx_word' id='word_1_389' title='bbox 3127 2717 3345 2794; x_wconf 80' lang='grc' dir='ltr'>Ἀμέλει</span> <span class='ocrx_word' id='word_1_390' title='bbox 3404 2721 3492 2777; x_wconf 83' lang='grc' dir='ltr'><strong>καὶ</strong></span> <span class='ocrx_word' id='word_1_391' title='bbox 3538 2721 3689 2799; x_wconf 80' lang='grc' dir='ltr'>παρᾶ</span> 
     </span>
    </p>
   </div>
   <div class='ocr_carea' id='block_1_58' title="bbox 291 2808 1838 2892">
    <p class='ocr_par' dir='ltr' id='par_1_58' title="bbox 291 2810 1811 2892">
     <span class='ocr_line' id='line_1_58' title="bbox 291 2810 1811 2892; baseline 0.001 -21"><span class='ocrx_word' id='word_1_392' title='bbox 291 2810 480 2892; x_wconf 83' lang='lat' dir='ltr'><strong>spatio</strong></span> <span class='ocrx_word' id='word_1_393' title='bbox 511 2811 737 2872; x_wconf 86' lang='lat' dir='ltr'><strong>didicit.</strong></span> <span class='ocrx_word' id='word_1_394' title='bbox 769 2811 1028 2874; x_wconf 87' lang='lat' dir='ltr'><strong>Proinde</strong></span> <span class='ocrx_word' id='word_1_395' title='bbox 1060 2810 1133 2872; x_wconf 90' lang='lat' dir='ltr'><strong>ob</strong></span> <span class='ocrx_word' id='word_1_396' title='bbox 1167 2811 1551 2884; x_wconf 84' lang='lat' dir='ltr'><strong>celeritatem,</strong></span> <span class='ocrx_word' id='word_1_397' title='bbox 1582 2831 1695 2890; x_wconf 88' lang='lat' dir='ltr'><strong>qua</strong></span> <span class='ocrx_word' id='word_1_398' title='bbox 1729 2820 1811 2873; x_wconf 88' lang='lat' dir='ltr'><strong>tot</strong></span> 
     </span>
    </p>
   </div>
   <div class='ocr_carea' id='block_1_59' title="bbox 2143 2808 3690 2892">
    <p class='ocr_par' dir='ltr' id='par_1_59' title="bbox 2143 2808 3690 2889">
     <span class='ocr_line' id='line_1_59' title="bbox 2143 2808 3690 2889; baseline -0.001 -23"><span class='ocrx_word' id='word_1_399' title='bbox 2143 2834 2186 2867; x_wconf 92' lang='grc' dir='ltr'><strong>ιν</strong></span> <span class='ocrx_word' id='word_1_400' title='bbox 2254 2810 2669 2886; x_wconf 71' lang='grc' dir='ltr'>ἆξιύθαόμαστος</span> <span class='ocrx_word' id='word_1_401' title='bbox 2763 2808 2848 2865; x_wconf 87' lang='grc' dir='ltr'><strong>ἐπὶ</strong></span> <span class='ocrx_word' id='word_1_402' title='bbox 2917 2816 2993 2884; x_wconf 81' lang='grc' dir='ltr'>τῷ</span> <span class='ocrx_word' id='word_1_403' title='bbox 3064 2809 3226 2889; x_wconf 82' lang='grc' dir='ltr'>τάχει</span> <span class='ocrx_word' id='word_1_404' title='bbox 3297 2815 3396 2878; x_wconf 72' lang='grc' dir='ltr'>τῆς</span> <span class='ocrx_word' id='word_1_405' title='bbox 3481 2810 3690 2868; x_wconf 75' lang='grc' dir='ltr'>τούτων</span> 
     </span>
    </p>
   </div>
   <div class='ocr_carea' id='block_1_60' title="bbox 294 2889 1841 2981">
    <p class='ocr_par' dir='ltr' id='par_1_60' title="bbox 294 2889 1839 2981">
     <span class='ocr_line' id='line_1_60' title="bbox 294 2889 1839 2981; baseline 0.001 -21"><span class='ocrx_word' id='word_1_406' title='bbox 294 2889 566 2981; x_wconf 78' lang='lat' dir='ltr'><strong>scipliuis</strong></span> <span class='ocrx_word' id='word_1_407' title='bbox 615 2902 888 2963; x_wconf 87' lang='lat' dir='ltr'><strong>excultus</strong></span> <span class='ocrx_word' id='word_1_408' title='bbox 919 2915 1030 2981; x_wconf 89' lang='lat' dir='ltr'><strong>est,</strong></span> <span class='ocrx_word' id='word_1_409' title='bbox 1065 2900 1340 2962; x_wconf 87' lang='lat' dir='ltr'><strong>omnibus</strong></span> <span class='ocrx_word' id='word_1_410' title='bbox 1388 2889 1768 2962; x_wconf 80' lang='lat' dir='ltr'><strong>admirationi</strong></span> <span class='ocrx_word' id='word_1_411' title='bbox 1814 2901 1839 2961; x_wconf 71' lang='grc' dir='ltr'><strong><em>Γ</em></strong></span> 
     </span>
    </p>
   </div>
   <div class='ocr_carea' id='block_1_61' title="bbox 2140 2889 3687 2981">
    <p class='ocr_par' dir='ltr' id='par_1_61' title="bbox 2140 2889 3687 2976">
     <span class='ocr_line' id='line_1_61' title="bbox 2140 2889 3687 2976; baseline 0.001 -20"><span class='ocrx_word' id='word_1_412' title='bbox 2140 2899 2372 2976; x_wconf 74' lang='grc' dir='ltr'>ιλήψεως</span> <span class='ocrx_word' id='word_1_413' title='bbox 2443 2901 2736 2974; x_wconf 74' lang='grc' dir='ltr'>ἐνομίζετο.</span> <span class='ocrx_word' id='word_1_414' title='bbox 2806 2889 2899 2962; x_wconf 74' lang='grc' dir='ltr'>Ὠς</span> <span class='ocrx_word' id='word_1_415' title='bbox 2977 2897 3032 2955; x_wconf 74' lang='grc' dir='ltr'>δὲ</span> <span class='ocrx_word' id='word_1_416' title='bbox 3092 2901 3179 2956; x_wconf 83' lang='grc' dir='ltr'><strong>καὶ</strong></span> <span class='ocrx_word' id='word_1_417' title='bbox 3236 2908 3330 2957; x_wconf 77' lang='grc' dir='ltr'>τοῦ</span> <span class='ocrx_word' id='word_1_418' title='bbox 3387 2897 3687 2957; x_wconf 75' lang='grc' dir='ltr'>δωδεκάτου</span> 
     </span>
    </p>
   </div>
   <div class='ocr_carea' id='block_1_62' title="bbox 293 2985 1840 3070">
    <p class='ocr_par' dir='ltr' id='par_1_62' title="bbox 293 2988 1840 3070">
     <span class='ocr_line' id='line_1_62' title="bbox 293 2988 1840 3070; baseline -0.001 -18"><span class='ocrx_word' id='word_1_419' title='bbox 293 2988 406 3052; x_wconf 88' lang='lat' dir='ltr'><strong>Ubi</strong></span> <span class='ocrx_word' id='word_1_420' title='bbox 435 3007 578 3052; x_wconf 79' lang='lat' dir='ltr'><strong>vero</strong></span> <span class='ocrx_word' id='word_1_421' title='bbox 609 2989 1026 3051; x_wconf 88' lang='lat' dir='ltr'><strong>duodecimum</strong></span> <span class='ocrx_word' id='word_1_422' title='bbox 1058 3009 1279 3050; x_wconf 87' lang='lat' dir='ltr'><strong>annum</strong></span> <span class='ocrx_word' id='word_1_423' title='bbox 1315 2998 1770 3070; x_wconf 61' lang='lat' dir='ltr'><strong>praetergressus</strong></span> <span class='ocrx_word' id='word_1_424' title='bbox 1829 3010 1840 3050; x_wconf 89' lang='lat' dir='ltr'><strong>t</strong></span> 
     </span>
    </p>
   </div>
   <div class='ocr_carea' id='block_1_63' title="bbox 2140 2985 3687 3070">
    <p class='ocr_par' dir='ltr' id='par_1_63' title="bbox 2140 2985 3687 3065">
     <span class='ocr_line' id='line_1_63' title="bbox 2140 2985 3687 3065; baseline 0.001 -21"><span class='ocrx_word' id='word_1_425' title='bbox 2140 3013 2179 3055; x_wconf 71' lang='grc' dir='ltr'><strong>ις</strong></span> <span class='ocrx_word' id='word_1_426' title='bbox 2272 2985 2568 3065; x_wconf 82' lang='grc' dir='ltr'>προϐαίνων</span> <span class='ocrx_word' id='word_1_427' title='bbox 2635 2987 2836 3054; x_wconf 75' lang='grc' dir='ltr'>ἣπτετο</span> <span class='ocrx_word' id='word_1_428' title='bbox 2865 3035 2882 3062; x_wconf 90' lang='grc'><strong>,</strong></span> <span class='ocrx_word' id='word_1_429' title='bbox 2956 2987 3234 3065; x_wconf 86' lang='grc' dir='ltr'>προσίασιν</span> <span class='ocrx_word' id='word_1_430' title='bbox 3309 2991 3356 3045; x_wconf 85' lang='grc' dir='ltr'>οἱ</span> <span class='ocrx_word' id='word_1_431' title='bbox 3435 2989 3687 3053; x_wconf 81' lang='grc' dir='ltr'>τεκόντες</span> 
     </span>
    </p>
   </div>
   <div class='ocr_carea' id='block_1_64' title="bbox 298 3075 1845 3176">
    <p class='ocr_par' dir='ltr' id='par_1_64' title="bbox 298 3078 1844 3160">
     <span class='ocr_line' id='line_1_64' title="bbox 298 3078 1844 3160; baseline -0.001 -19"><span class='ocrx_word' id='word_1_432' title='bbox 298 3078 640 3160; x_wconf 87' lang='lat' dir='ltr'><strong>episcopum</strong></span> <span class='ocrx_word' id='word_1_433' title='bbox 693 3097 903 3140; x_wconf 85' lang='lat' dir='ltr'><strong>rursus</strong></span> <span class='ocrx_word' id='word_1_434' title='bbox 932 3099 1000 3140; x_wconf 86' lang='lat' dir='ltr'><strong>ac</strong></span> <span class='ocrx_word' id='word_1_435' title='bbox 1044 3087 1289 3140; x_wconf 72' lang='lat' dir='ltr'><strong>cmtetos</strong></span> <span class='ocrx_word' id='word_1_436' title='bbox 1329 3078 1613 3140; x_wconf 65' lang='lat' dir='ltr'><strong>Ecclesia:</strong></span> <span class='ocrx_word' id='word_1_437' title='bbox 1645 3078 1844 3139; x_wconf 88' lang='lat' dir='ltr'><strong>minist</strong></span> 
     </span>
    </p>
   </div>
   <div class='ocr_carea' id='block_1_65' title="bbox 2140 3075 3687 3176">
    <p class='ocr_par' dir='ltr' id='par_1_65' title="bbox 2149 3075 3687 3158">
     <span class='ocr_line' id='line_1_65' title="bbox 2149 3075 3687 3158; baseline 0.001 -24"><span class='ocrx_word' id='word_1_438' title='bbox 2149 3101 2174 3142; x_wconf 88' lang='grc' dir='ltr'><strong>ς</strong></span> <span class='ocrx_word' id='word_1_439' title='bbox 2222 3084 2300 3151; x_wconf 83' lang='grc' dir='ltr'><strong>τῷ</strong></span> <span class='ocrx_word' id='word_1_440' title='bbox 2347 3076 2649 3157; x_wconf 84' lang='grc' dir='ltr'>ἐπισκόπῳ,</span> <span class='ocrx_word' id='word_1_441' title='bbox 2699 3077 2786 3133; x_wconf 83' lang='grc' dir='ltr'><strong>καὶ</strong></span> <span class='ocrx_word' id='word_1_442' title='bbox 2841 3081 2917 3149; x_wconf 85' lang='grc' dir='ltr'><strong>τῷ</strong></span> <span class='ocrx_word' id='word_1_443' title='bbox 2963 3075 3148 3155; x_wconf 78' lang='grc' dir='ltr'>κλήρῳ</span> <span class='ocrx_word' id='word_1_444' title='bbox 3205 3085 3387 3135; x_wconf 81' lang='grc' dir='ltr'>τοῦτον</span> <span class='ocrx_word' id='word_1_445' title='bbox 3443 3077 3687 3158; x_wconf 83' lang='grc' dir='ltr'>ἐγκατα-</span> 
     </span>
    </p>
   </div>
   <div class='ocr_carea' id='block_1_66' title="bbox 297 3162 1844 3248">
    <p class='ocr_par' dir='ltr' id='par_1_66' title="bbox 297 3167 1839 3248">
     <span class='ocr_line' id='line_1_66' title="bbox 297 3167 1839 3248; baseline 0 -19"><span class='ocrx_word' id='word_1_446' title='bbox 297 3177 572 3247; x_wconf 87' lang='lat' dir='ltr'><strong>parentes</strong></span> <span class='ocrx_word' id='word_1_447' title='bbox 602 3168 846 3242; x_wconf 88' lang='lat' dir='ltr'><strong>adeunt,</strong></span> <span class='ocrx_word' id='word_1_448' title='bbox 876 3167 1192 3244; x_wconf 84' lang='lat' dir='ltr'><strong>multisque</strong></span> <span class='ocrx_word' id='word_1_449' title='bbox 1224 3168 1378 3229; x_wconf 90' lang='lat' dir='ltr'><strong>hunc</strong></span> <span class='ocrx_word' id='word_1_450' title='bbox 1412 3169 1605 3248; x_wconf 87' lang='lat' dir='ltr'><strong>ipsum</strong></span> <span class='ocrx_word' id='word_1_451' title='bbox 1641 3169 1700 3229; x_wconf 90' lang='lat' dir='ltr'><strong>in</strong></span> <span class='ocrx_word' id='word_1_452' title='bbox 1735 3187 1839 3230; x_wconf 91' lang='lat' dir='ltr'><strong>eor</strong></span> 
     </span>
    </p>
   </div>
   <div class='ocr_carea' id='block_1_67' title="bbox 2141 3162 3688 3248">
    <p class='ocr_par' dir='ltr' id='par_1_67' title="bbox 2141 3162 3688 3246">
     <span class='ocr_line' id='line_1_67' title="bbox 2141 3162 3688 3246; baseline 0.001 -23"><span class='ocrx_word' id='word_1_453' title='bbox 2141 3171 2253 3236; x_wconf 64' lang='grc' dir='ltr'>Ξθαι</span> <span class='ocrx_word' id='word_1_454' title='bbox 2300 3172 2400 3234; x_wconf 77' lang='grc' dir='ltr'>τῆς</span> <span class='ocrx_word' id='word_1_455' title='bbox 2453 3165 2738 3233; x_wconf 82' lang='grc' dir='ltr'>ἐκκλησίας</span> <span class='ocrx_word' id='word_1_456' title='bbox 2789 3162 3143 3226; x_wconf 79' lang='grc' dir='ltr'>ἆντιϐολοῦσι.</span> <span class='ocrx_word' id='word_1_457' title='bbox 3181 3168 3276 3224; x_wconf 81' lang='grc' dir='ltr'>Καὶ</span> <span class='ocrx_word' id='word_1_458' title='bbox 3323 3169 3404 3246; x_wconf 85' lang='grc' dir='ltr'><strong>ὃς,</strong></span> <span class='ocrx_word' id='word_1_459' title='bbox 3436 3167 3688 3243; x_wconf 74' lang='grc' dir='ltr'>ἀσμένως</span> 
     </span>
    </p>
   </div>
   <div class='ocr_carea' id='block_1_68' title="bbox 295 3253 1842 3338">
    <p class='ocr_par' dir='ltr' id='par_1_68' title="bbox 295 3257 1794 3338">
     <span class='ocr_line' id='line_1_68' title="bbox 295 3257 1794 3338; baseline -0.001 -20"><span class='ocrx_word' id='word_1_460' title='bbox 295 3257 610 3337; x_wconf 77' lang='lat' dir='ltr'><strong>collegium</strong></span> <span class='ocrx_word' id='word_1_461' title='bbox 645 3257 907 3337; x_wconf 81' lang='lat' dir='ltr'><strong>cooptari</strong></span> <span class='ocrx_word' id='word_1_462' title='bbox 965 3257 1242 3338; x_wconf 82' lang='lat' dir='ltr'><strong>precibus</strong></span> <span class='ocrx_word' id='word_1_463' title='bbox 1286 3266 1478 3319; x_wconf 88' lang='lat' dir='ltr'><strong>orant.</strong></span> <span class='ocrx_word' id='word_1_464' title='bbox 1529 3257 1794 3338; x_wconf 87' lang='lat' dir='ltr'><strong>Cumque</strong></span> 
     </span>
    </p>
   </div>
   <div class='ocr_carea' id='block_1_69' title="bbox 2144 3253 3691 3338">
    <p class='ocr_par' dir='ltr' id='par_1_69' title="bbox 2175 3253 3691 3336">
     <span class='ocr_line' id='line_1_69' title="bbox 2175 3253 3691 3336; baseline 0 -23"><span class='ocrx_word' id='word_1_465' title='bbox 2175 3257 2336 3334; x_wconf 87' lang='grc' dir='ltr'>λόγον</span> <span class='ocrx_word' id='word_1_466' title='bbox 2393 3254 2697 3329; x_wconf 76' lang='grc' dir='ltr'>δεξάμενος,</span> <span class='ocrx_word' id='word_1_467' title='bbox 2755 3256 2896 3333; x_wconf 83' lang='grc' dir='ltr'>ἑώρα</span> <span class='ocrx_word' id='word_1_468' title='bbox 2951 3255 3052 3334; x_wconf 82' lang='grc' dir='ltr'><strong>γὰρ</strong></span> <span class='ocrx_word' id='word_1_469' title='bbox 3110 3254 3211 3323; x_wconf 74' lang='grc' dir='ltr'><strong>ἤδη</strong></span> <span class='ocrx_word' id='word_1_470' title='bbox 3267 3263 3345 3330; x_wconf 84' lang='grc' dir='ltr'>τῷ</span> <span class='ocrx_word' id='word_1_471' title='bbox 3403 3253 3691 3336; x_wconf 80' lang='grc' dir='ltr'>διορατικῷ</span> 
     </span>
    </p>
   </div>
   <div class='ocr_carea' id='block_1_70' title="bbox 297 3342 1844 3427">
    <p class='ocr_par' dir='ltr' id='par_1_70' title="bbox 297 3345 1844 3427">
     <span class='ocr_line' id='line_1_70' title="bbox 297 3345 1844 3427; baseline -0.002 -19"><span class='ocrx_word' id='word_1_472' title='bbox 297 3366 464 3427; x_wconf 72' lang='lat' dir='ltr'><strong>aequo</strong></span> <span class='ocrx_word' id='word_1_473' title='bbox 482 3345 682 3408; x_wconf 90' lang='lat' dir='ltr'><strong>animo</strong></span> <span class='ocrx_word' id='word_1_474' title='bbox 700 3364 1036 3408; x_wconf 88' lang='lat' dir='ltr'><strong>sermonem</strong></span> <span class='ocrx_word' id='word_1_475' title='bbox 1053 3345 1458 3424; x_wconf 79' lang='lat' dir='ltr'><strong>audissettjam</strong></span> <span class='ocrx_word' id='word_1_476' title='bbox 1478 3346 1634 3407; x_wconf 91' lang='lat' dir='ltr'><strong>enim</strong></span> <span class='ocrx_word' id='word_1_477' title='bbox 1653 3347 1712 3406; x_wconf 90' lang='lat' dir='ltr'><strong>in</strong></span> <span class='ocrx_word' id='word_1_478' title='bbox 1739 3345 1844 3407; x_wconf 90' lang='lat' dir='ltr'><strong>teri</strong></span> 
     </span>
    </p>
   </div>
   <div class='ocr_carea' id='block_1_71' title="bbox 2142 3342 3689 3427">
    <p class='ocr_par' dir='ltr' id='par_1_71' title="bbox 2187 3342 3689 3426">
     <span class='ocr_line' id='line_1_71' title="bbox 2187 3342 3689 3426; baseline -0.002 -25"><span class='ocrx_word' id='word_1_479' title='bbox 2187 3351 2358 3421; x_wconf 77' lang='grc' dir='ltr'>ψυνῆς</span> <span class='ocrx_word' id='word_1_480' title='bbox 2429 3346 2686 3425; x_wconf 76' lang='grc' dir='ltr'>ὀφθαλμῷ</span> <span class='ocrx_word' id='word_1_481' title='bbox 2737 3345 2859 3401; x_wconf 86' lang='grc' dir='ltr'>οἶον</span> <span class='ocrx_word' id='word_1_482' title='bbox 2905 3342 3203 3424; x_wconf 82' lang='grc' dir='ltr'>περικαλλῆ</span> <span class='ocrx_word' id='word_1_483' title='bbox 3260 3345 3356 3401; x_wconf 74' lang='grc' dir='ltr'>καί</span> <span class='ocrx_word' id='word_1_484' title='bbox 3425 3348 3689 3426; x_wconf 75' lang='grc' dir='ltr'>φωτεινὸν</span> 
     </span>
    </p>
   </div>
   <div class='ocr_carea' id='block_1_72' title="bbox 297 3432 1844 3517">
    <p class='ocr_par' dir='ltr' id='par_1_72' title="bbox 297 3434 1844 3516">
     <span class='ocr_line' id='line_1_72' title="bbox 297 3434 1844 3516; baseline -0.001 -20"><span class='ocrx_word' id='word_1_485' title='bbox 297 3435 514 3498; x_wconf 87' lang='lat' dir='ltr'><strong>mentis</strong></span> <span class='ocrx_word' id='word_1_486' title='bbox 539 3436 711 3498; x_wconf 91' lang='lat' dir='ltr'><strong>oculo</strong></span> <span class='ocrx_word' id='word_1_487' title='bbox 743 3435 1046 3516; x_wconf 88' lang='lat' dir='ltr'><strong>cernebat,</strong></span> <span class='ocrx_word' id='word_1_488' title='bbox 1074 3454 1246 3516; x_wconf 87' lang='lat' dir='ltr'><strong>quam</strong></span> <span class='ocrx_word' id='word_1_489' title='bbox 1280 3434 1660 3515; x_wconf 87' lang='lat' dir='ltr'><strong>splendidum</strong></span> <span class='ocrx_word' id='word_1_490' title='bbox 1696 3454 1764 3497; x_wconf 88' lang='lat' dir='ltr'><strong>ac</strong></span> <span class='ocrx_word' id='word_1_491' title='bbox 1797 3435 1844 3495; x_wconf 85' lang='lat' dir='ltr'><strong>lu</strong></span> 
     </span>
    </p>
   </div>
   <div class='ocr_carea' id='block_1_73' title="bbox 2139 3432 3686 3517">
    <p class='ocr_par' dir='ltr' id='par_1_73' title="bbox 2139 3432 3686 3513">
     <span class='ocr_line' id='line_1_73' title="bbox 2139 3432 3686 3513; baseline 0 -21"><span class='ocrx_word' id='word_1_492' title='bbox 2139 3435 2284 3510; x_wconf 76' lang='grc' dir='ltr'>κλμῷ</span> <span class='ocrx_word' id='word_1_493' title='bbox 2317 3435 2382 3510; x_wconf 70' lang='grc' dir='ltr'>τῇ</span> <span class='ocrx_word' id='word_1_494' title='bbox 2416 3433 2714 3506; x_wconf 77' lang='grc' dir='ltr'>Ἐκκλησία</span> <span class='ocrx_word' id='word_1_495' title='bbox 2773 3432 2960 3508; x_wconf 79' lang='grc' dir='ltr'>μέλλοι</span> <span class='ocrx_word' id='word_1_496' title='bbox 2993 3434 3330 3513; x_wconf 79' lang='grc' dir='ltr'>χαρίζεσθαι,</span> <span class='ocrx_word' id='word_1_497' title='bbox 3365 3440 3432 3511; x_wconf 78' lang='grc' dir='ltr'><strong>τῇ</strong></span> <span class='ocrx_word' id='word_1_498' title='bbox 3480 3435 3686 3513; x_wconf 69' lang='grc' dir='ltr'>ποίμνῃ</span> 
     </span>
    </p>
   </div>
   <div class='ocr_carea' id='block_1_74' title="bbox 297 3522 1844 3605">
    <p class='ocr_par' dir='ltr' id='par_1_74' title="bbox 297 3523 1844 3605">
     <span class='ocr_line' id='line_1_74' title="bbox 297 3523 1844 3605; baseline -0.001 -18"><span class='ocrx_word' id='word_1_499' title='bbox 297 3526 438 3587; x_wconf 89' lang='lat' dir='ltr'><strong>dum</strong></span> <span class='ocrx_word' id='word_1_500' title='bbox 454 3523 690 3588; x_wconf 88' lang='lat' dir='ltr'><strong>oculum</strong></span> <span class='ocrx_word' id='word_1_501' title='bbox 706 3525 982 3605; x_wconf 66' lang='lat' dir='ltr'><strong>regendae</strong></span> <span class='ocrx_word' id='word_1_502' title='bbox 1013 3524 1292 3589; x_wconf 74' lang='lat' dir='ltr'><strong>Ecclesiae</strong></span> <span class='ocrx_word' id='word_1_503' title='bbox 1305 3532 1464 3586; x_wconf 87' lang='lat' dir='ltr'><strong>esset</strong></span> <span class='ocrx_word' id='word_1_504' title='bbox 1484 3525 1553 3584; x_wconf 90' lang='lat' dir='ltr'><strong>ad</strong></span> <span class='ocrx_word' id='word_1_505' title='bbox 1565 3527 1844 3599; x_wconf 70' lang='lat' dir='ltr'><strong>moturusj</strong></span> 
     </span>
    </p>
   </div>
   <div class='ocr_carea' id='block_1_75' title="bbox 2142 3522 3689 3605">
    <p class='ocr_par' dir='ltr' id='par_1_75' title="bbox 2142 3522 3689 3602">
     <span class='ocr_line' id='line_1_75' title="bbox 2142 3522 3689 3602; baseline 0.001 -21"><span class='ocrx_word' id='word_1_506' title='bbox 2142 3549 2214 3582; x_wconf 83' lang='lat' dir='ltr'><strong>:ov</strong></span> <span class='ocrx_word' id='word_1_507' title='bbox 2270 3528 2600 3599; x_wconf 75' lang='grc' dir='ltr'>συναριθμεϊ,</span> <span class='ocrx_word' id='word_1_508' title='bbox 2659 3531 2842 3591; x_wconf 78' lang='grc' dir='ltr'>σκεῦος</span> <span class='ocrx_word' id='word_1_509' title='bbox 2908 3522 3132 3601; x_wconf 72' lang='grc' dir='ltr'>ἐκλογῆς</span> <span class='ocrx_word' id='word_1_510' title='bbox 3196 3526 3352 3582; x_wconf 68' lang='grc' dir='ltr'>αὐτὸν</span> <span class='ocrx_word' id='word_1_511' title='bbox 3411 3528 3689 3602; x_wconf 79' lang='grc' dir='ltr'>προειπὼν</span> 
     </span>
    </p>
   </div>
   <div class='ocr_carea' id='block_1_76' title="bbox 294 3612 1841 3693">
    <p class='ocr_par' dir='ltr' id='par_1_76' title="bbox 294 3614 1841 3693">
     <span class='ocr_line' id='line_1_76' title="bbox 294 3614 1841 3693; baseline -0.001 -16"><span class='ocrx_word' id='word_1_512' title='bbox 294 3633 532 3678; x_wconf 88' lang='lat' dir='ltr'><strong>sacrum</strong></span> <span class='ocrx_word' id='word_1_513' title='bbox 565 3623 780 3678; x_wconf 61' lang='lat' dir='ltr'><strong>castum</strong></span> <span class='ocrx_word' id='word_1_514' title='bbox 814 3615 1044 3684; x_wconf 82' lang='lat' dir='ltr'><strong>ascivit,</strong></span> <span class='ocrx_word' id='word_1_515' title='bbox 1081 3623 1138 3676; x_wconf 92' lang='lat' dir='ltr'><strong>et</strong></span> <span class='ocrx_word' id='word_1_516' title='bbox 1169 3615 1332 3675; x_wconf 89' lang='lat' dir='ltr'><strong>illum</strong></span> <span class='ocrx_word' id='word_1_517' title='bbox 1367 3632 1653 3693; x_wconf 80' lang='lat' dir='ltr'><strong>mganttm</strong></span> <span class='ocrx_word' id='word_1_518' title='bbox 1685 3614 1841 3677; x_wconf 89' lang='lat' dir='ltr'><strong>selec</strong></span> 
     </span>
    </p>
   </div>
   <div class='ocr_carea' id='block_1_77' title="bbox 2143 3612 3690 3693">
    <p class='ocr_par' dir='ltr' id='par_1_77' title="bbox 2143 3612 3690 3690">
     <span class='ocr_line' id='line_1_77' title="bbox 2143 3612 3690 3690; baseline -0.001 -19"><span class='ocrx_word' id='word_1_519' title='bbox 2143 3614 2388 3684; x_wconf 77' lang='grc' dir='ltr'>ϐήσεσθαι</span> <span class='ocrx_word' id='word_1_520' title='bbox 2425 3660 2442 3687; x_wconf 90' lang='grc'><strong>,</strong></span> <span class='ocrx_word' id='word_1_521' title='bbox 2513 3615 2604 3670; x_wconf 86' lang='grc' dir='ltr'><strong>καὶ</strong></span> <span class='ocrx_word' id='word_1_522' title='bbox 2689 3612 2791 3670; x_wconf 83' lang='grc' dir='ltr'><strong>ὅσα</strong></span> <span class='ocrx_word' id='word_1_523' title='bbox 2874 3612 3091 3689; x_wconf 71' lang='grc' dir='ltr'>ὕστερον</span> <span class='ocrx_word' id='word_1_524' title='bbox 3156 3613 3363 3678; x_wconf 72' lang='grc' dir='ltr'>ἐκεῖνος</span> <span class='ocrx_word' id='word_1_525' title='bbox 3458 3613 3690 3690; x_wconf 78' lang='grc' dir='ltr'>ἔμελλεν</span> 
     </span>
    </p>
   </div>
   <div class='ocr_carea' id='block_1_78' title="bbox 291 3701 1838 3786">
    <p class='ocr_par' dir='ltr' id='par_1_78' title="bbox 291 3703 1838 3786">
     <span class='ocr_line' id='line_1_78' title="bbox 291 3703 1838 3786; baseline -0.002 -18"><span class='ocrx_word' id='word_1_526' title='bbox 291 3705 506 3768; x_wconf 85' lang='lat' dir='ltr'><strong>simum</strong></span> <span class='ocrx_word' id='word_1_527' title='bbox 532 3704 680 3780; x_wconf 83' lang='lat' dir='ltr'><strong>fore,</strong></span> <span class='ocrx_word' id='word_1_528' title='bbox 703 3723 769 3766; x_wconf 90' lang='lat' dir='ltr'><strong>ac</strong></span> <span class='ocrx_word' id='word_1_529' title='bbox 793 3703 1081 3786; x_wconf 87' lang='lat' dir='ltr'><strong>quidquid</strong></span> <span class='ocrx_word' id='word_1_530' title='bbox 1107 3705 1164 3765; x_wconf 91' lang='lat' dir='ltr'><strong>in</strong></span> <span class='ocrx_word' id='word_1_531' title='bbox 1193 3712 1490 3784; x_wconf 89' lang='lat' dir='ltr'><strong>posterum</strong></span> <span class='ocrx_word' id='word_1_532' title='bbox 1516 3703 1838 3766; x_wconf 72' lang='lat' dir='ltr'><strong>futurusess</strong></span> 
     </span>
    </p>
   </div>
   <div class='ocr_carea' id='block_1_79' title="bbox 2141 3701 3688 3786">
    <p class='ocr_par' dir='ltr' id='par_1_79' title="bbox 2141 3701 3688 3780">
     <span class='ocr_line' id='line_1_79' title="bbox 2141 3701 3688 3780; baseline 0 -19"><span class='ocrx_word' id='word_1_533' title='bbox 2141 3708 2257 3767; x_wconf 88' lang='grc' dir='ltr'>θαι,</span> <span class='ocrx_word' id='word_1_534' title='bbox 2309 3702 2488 3766; x_wconf 74' lang='grc' dir='ltr'>Οὕτως</span> <span class='ocrx_word' id='word_1_535' title='bbox 2520 3705 2548 3759; x_wconf 91' lang='lat'><strong>6</strong></span> <span class='ocrx_word' id='word_1_536' title='bbox 2611 3703 2748 3780; x_wconf 80' lang='grc' dir='ltr'>ἱερὸς</span> <span class='ocrx_word' id='word_1_537' title='bbox 2800 3701 3091 3780; x_wconf 82' lang='grc' dir='ltr'>Γρηγόριος</span> <span class='ocrx_word' id='word_1_538' title='bbox 3152 3709 3229 3776; x_wconf 83' lang='grc' dir='ltr'><strong>τῷ</strong></span> <span class='ocrx_word' id='word_1_539' title='bbox 3259 3709 3364 3760; x_wconf 87' lang='grc' dir='ltr'><strong>τῶν</strong></span> <span class='ocrx_word' id='word_1_540' title='bbox 3409 3703 3688 3774; x_wconf 82' lang='grc' dir='ltr'>κληρικῶν</span> 
     </span>
    </p>
   </div>
   <div class='ocr_carea' id='block_1_80' title="bbox 294 3789 1841 3876">
    <p class='ocr_par' dir='ltr' id='par_1_80' title="bbox 294 3792 1841 3876">
     <span class='ocr_line' id='line_1_80' title="bbox 294 3792 1841 3876; baseline 0.001 -23"><span class='ocrx_word' id='word_1_541' title='bbox 294 3793 572 3876; x_wconf 67' lang='lat' dir='ltr'><strong>praefatus</strong></span> <span class='ocrx_word' id='word_1_542' title='bbox 612 3802 725 3858; x_wconf 90' lang='lat' dir='ltr'><strong>est.</strong></span> <span class='ocrx_word' id='word_1_543' title='bbox 757 3796 840 3856; x_wconf 87' lang='lat' dir='ltr'><strong>Ita</strong></span> <span class='ocrx_word' id='word_1_544' title='bbox 871 3792 1040 3855; x_wconf 85' lang='lat' dir='ltr'><strong>divus</strong></span> <span class='ocrx_word' id='word_1_545' title='bbox 1071 3794 1395 3873; x_wconf 82' lang='lat' dir='ltr'><strong>Gregorius</strong></span> <span class='ocrx_word' id='word_1_546' title='bbox 1426 3793 1780 3854; x_wconf 89' lang='lat' dir='ltr'><strong>clericorum</strong></span> <span class='ocrx_word' id='word_1_547' title='bbox 1825 3813 1841 3854; x_wconf 86' lang='lat' dir='ltr'><strong>t</strong></span> 
     </span>
    </p>
   </div>
   <div class='ocr_carea' id='block_1_81' title="bbox 2140 3789 3687 3876">
    <p class='ocr_par' dir='ltr' id='par_1_81' title="bbox 2140 3789 3687 3873">
     <span class='ocr_line' id='line_1_81' title="bbox 2140 3789 3687 3873; baseline -0.001 -24"><span class='ocrx_word' id='word_1_548' title='bbox 2232 3791 2705 3872; x_wconf 79' lang='grc' dir='ltr'>συγκαταλεχθεὶς,</span> <span class='ocrx_word' id='word_1_549' title='bbox 2769 3792 2984 3864; x_wconf 75' lang='grc' dir='ltr'>Δονάτῳ</span> <span class='ocrx_word' id='word_1_550' title='bbox 3056 3789 3392 3871; x_wconf 85' lang='grc' dir='ltr'>παραδίδοται</span> <span class='ocrx_word' id='word_1_551' title='bbox 3449 3799 3526 3868; x_wconf 74' lang='grc' dir='ltr'><strong>τῷ</strong></span> <span class='ocrx_word' id='word_1_552' title='bbox 3580 3793 3687 3873; x_wconf 80' lang='grc' dir='ltr'><strong>ἆρ-</strong></span> 
     </span>
    </p>
   </div>
   <div class='ocr_carea' id='block_1_82' title="bbox 291 3879 1838 3963">
    <p class='ocr_par' dir='ltr' id='par_1_82' title="bbox 291 3881 1836 3952">
     <span class='ocr_line' id='line_1_82' title="bbox 291 3881 1836 3952; baseline -0.001 -8"><span class='ocrx_word' id='word_1_553' title='bbox 291 3881 373 3944; x_wconf 86' lang='lat' dir='ltr'><strong>tui</strong></span> <span class='ocrx_word' id='word_1_554' title='bbox 401 3882 888 3952; x_wconf 68' lang='lat' dir='ltr'><strong>additusbonato</strong></span> <span class='ocrx_word' id='word_1_555' title='bbox 917 3883 1200 3947; x_wconf 65' lang='lat' dir='ltr'><strong>Ecclesia}</strong></span> <span class='ocrx_word' id='word_1_556' title='bbox 1214 3883 1639 3944; x_wconf 85' lang='lat' dir='ltr'><strong>archidiacono</strong></span> <span class='ocrx_word' id='word_1_557' title='bbox 1660 3882 1836 3943; x_wconf 83' lang='lat' dir='ltr'><strong>tradit</strong></span> 
     </span>
    </p>
   </div>
   <div class='ocr_carea' id='block_1_83' title="bbox 2139 3879 3686 3963">
    <p class='ocr_par' dir='ltr' id='par_1_83' title="bbox 2142 3879 3686 3962">
     <span class='ocr_line' id='line_1_83' title="bbox 2142 3879 3686 3962; baseline 0 -24"><span class='ocrx_word' id='word_1_558' title='bbox 2142 3882 2317 3956; x_wconf 85' lang='grc' dir='ltr'>ακόνῳ</span> <span class='ocrx_word' id='word_1_559' title='bbox 2381 3882 2480 3949; x_wconf 73' lang='grc' dir='ltr'>τῆς</span> <span class='ocrx_word' id='word_1_560' title='bbox 2559 3881 2869 3954; x_wconf 77' lang='grc' dir='ltr'>ἐκκλησίας,</span> <span class='ocrx_word' id='word_1_561' title='bbox 2931 3882 2989 3942; x_wconf 78' lang='grc' dir='ltr'>ὃς</span> <span class='ocrx_word' id='word_1_562' title='bbox 3061 3879 3126 3948; x_wconf 80' lang='grc' dir='ltr'><strong>δὴ</strong></span> <span class='ocrx_word' id='word_1_563' title='bbox 3184 3882 3271 3936; x_wconf 86' lang='grc' dir='ltr'><strong>καὶ</strong></span> <span class='ocrx_word' id='word_1_564' title='bbox 3347 3881 3453 3938; x_wconf 85' lang='grc' dir='ltr'><strong>τῶν</strong></span> <span class='ocrx_word' id='word_1_565' title='bbox 3524 3881 3686 3962; x_wconf 76' lang='grc' dir='ltr'>ἱερῶν</span> 
     </span>
    </p>
   </div>
   <div class='ocr_carea' id='block_1_84' title="bbox 295 3967 1842 4051">
    <p class='ocr_par' dir='ltr' id='par_1_84' title="bbox 295 3970 1842 4051">
     <span class='ocr_line' id='line_1_84' title="bbox 295 3970 1842 4051; baseline 0.001 -19"><span class='ocrx_word' id='word_1_566' title='bbox 295 3971 396 4051; x_wconf 91' lang='lat' dir='ltr'><strong>qui</strong></span> <span class='ocrx_word' id='word_1_567' title='bbox 425 3980 547 4031; x_wconf 89' lang='lat' dir='ltr'><strong>tum</strong></span> <span class='ocrx_word' id='word_1_568' title='bbox 580 3988 884 4036; x_wconf 87' lang='lat' dir='ltr'><strong>sacrorum</strong></span> <span class='ocrx_word' id='word_1_569' title='bbox 913 3972 1278 4034; x_wconf 88' lang='lat' dir='ltr'><strong>voluminum</strong></span> <span class='ocrx_word' id='word_1_570' title='bbox 1308 3991 1518 4033; x_wconf 89' lang='lat' dir='ltr'><strong>curam</strong></span> <span class='ocrx_word' id='word_1_571' title='bbox 1551 3970 1760 4049; x_wconf 86' lang='lat' dir='ltr'><strong>agebat</strong></span> <span class='ocrx_word' id='word_1_572' title='bbox 1793 3993 1806 4034; x_wconf 91' lang='lat'>:</span> <span class='ocrx_word' id='word_1_573' title='bbox 1839 4001 1842 4022; x_wconf 73' lang='grc' dir='ltr'><strong>ι</strong></span> 
     </span>
    </p>
   </div>
   <div class='ocr_carea' id='block_1_85' title="bbox 2136 3967 3683 4051">
    <p class='ocr_par' dir='ltr' id='par_1_85' title="bbox 2136 3967 3683 4049">
     <span class='ocr_line' id='line_1_85' title="bbox 2136 3967 3683 4049; baseline 0 -21"><span class='ocrx_word' id='word_1_574' title='bbox 2136 3973 2237 4028; x_wconf 79' lang='grc' dir='ltr'>,ίων</span> <span class='ocrx_word' id='word_1_575' title='bbox 2298 3977 2582 4038; x_wconf 76' lang='grc' dir='ltr'>τηνικαῦτα</span> <span class='ocrx_word' id='word_1_576' title='bbox 2642 3970 2742 4036; x_wconf 77' lang='grc' dir='ltr'><strong>τὴν</strong></span> <span class='ocrx_word' id='word_1_577' title='bbox 2800 3967 3037 4048; x_wconf 76' lang='grc' dir='ltr'>φυλακὴν</span> <span class='ocrx_word' id='word_1_578' title='bbox 3101 3968 3474 4049; x_wconf 73' lang='grc' dir='ltr'>ἐπιτέτραπτο,</span> <span class='ocrx_word' id='word_1_579' title='bbox 3529 3974 3683 4045; x_wconf 77' lang='grc' dir='ltr'>ᾧτινι</span> 
     </span>
    </p>
   </div>
   <div class='ocr_carea' id='block_1_86' title="bbox 292 4056 1839 4141">
    <p class='ocr_par' dir='ltr' id='par_1_86' title="bbox 292 4060 1836 4141">
     <span class='ocr_line' id='line_1_86' title="bbox 292 4060 1836 4141; baseline -0.001 -20"><span class='ocrx_word' id='word_1_580' title='bbox 292 4062 396 4141; x_wconf 86' lang='lat' dir='ltr'><strong>jus</strong></span> <span class='ocrx_word' id='word_1_581' title='bbox 427 4079 562 4122; x_wconf 89' lang='lat' dir='ltr'><strong>cum</strong></span> <span class='ocrx_word' id='word_1_582' title='bbox 615 4060 890 4123; x_wconf 77' lang='lat' dir='ltr'><strong>familiari</strong></span> <span class='ocrx_word' id='word_1_583' title='bbox 921 4063 1191 4123; x_wconf 86' lang='lat' dir='ltr'><strong>convictu</strong></span> <span class='ocrx_word' id='word_1_584' title='bbox 1223 4080 1292 4123; x_wconf 94' lang='lat' dir='ltr'><strong>ac</strong></span> <span class='ocrx_word' id='word_1_585' title='bbox 1340 4061 1771 4123; x_wconf 74' lang='lat' dir='ltr'><strong>consuetudine</strong></span> <span class='ocrx_word' id='word_1_586' title='bbox 1801 4079 1836 4119; x_wconf 93' lang='lat' dir='ltr'><strong>u</strong></span> 
     </span>
    </p>
   </div>
   <div class='ocr_carea' id='block_1_87' title="bbox 2142 4056 3689 4141">
    <p class='ocr_par' dir='ltr' id='par_1_87' title="bbox 2191 4056 3689 4138">
     <span class='ocr_line' id='line_1_87' title="bbox 2191 4056 3689 4138; baseline 0.001 -23"><span class='ocrx_word' id='word_1_587' title='bbox 2191 4060 2359 4116; x_wconf 83' lang='grc' dir='ltr'>είσαεί</span> <span class='ocrx_word' id='word_1_588' title='bbox 2432 4056 2630 4136; x_wconf 81' lang='grc' dir='ltr'>διάγων</span> <span class='ocrx_word' id='word_1_589' title='bbox 2699 4059 2885 4114; x_wconf 77' lang='grc' dir='ltr'>ἑαυτὸν</span> <span class='ocrx_word' id='word_1_590' title='bbox 2957 4059 3269 4137; x_wconf 82' lang='grc' dir='ltr'>τρανότερον</span> <span class='ocrx_word' id='word_1_591' title='bbox 3338 4057 3689 4138; x_wconf 73' lang='grc' dir='ltr'>παρεδείκνυε-</span> 
     </span>
    </p>
   </div>
   <div class='ocr_carea' id='block_1_88' title="bbox 297 4146 1844 4232">
    <p class='ocr_par' dir='ltr' id='par_1_88' title="bbox 297 4148 1844 4232">
     <span class='ocr_line' id='line_1_88' title="bbox 297 4148 1844 4232; baseline -0.001 -20"><span class='ocrx_word' id='word_1_592' title='bbox 297 4157 482 4232; x_wconf 87' lang='lat' dir='ltr'><strong>retur,</strong></span> <span class='ocrx_word' id='word_1_593' title='bbox 517 4151 688 4230; x_wconf 86' lang='lat' dir='ltr'><strong>longe</strong></span> <span class='ocrx_word' id='word_1_594' title='bbox 719 4151 1001 4213; x_wconf 86' lang='lat' dir='ltr'><strong>disertior</strong></span> <span class='ocrx_word' id='word_1_595' title='bbox 1029 4155 1210 4212; x_wconf 89' lang='lat' dir='ltr'><strong>evasit</strong></span> <span class='ocrx_word' id='word_1_596' title='bbox 1243 4171 1257 4212; x_wconf 92' lang='lat'>:</span> <span class='ocrx_word' id='word_1_597' title='bbox 1293 4151 1798 4231; x_wconf 84' lang='lat' dir='ltr'><strong>perspicunmque</strong></span> <span class='ocrx_word' id='word_1_598' title='bbox 1828 4148 1844 4210; x_wconf 75' lang='grc' dir='ltr'><strong>ί</strong></span> 
     </span>
    </p>
   </div>
   <div class='ocr_carea' id='block_1_89' title="bbox 2140 4146 3687 4232">
    <p class='ocr_par' dir='ltr' id='par_1_89' title="bbox 2167 4146 3687 4226">
     <span class='ocr_line' id='line_1_89' title="bbox 2167 4146 3687 4226; baseline 0.003 -22"><span class='ocrx_word' id='word_1_599' title='bbox 2167 4146 2325 4222; x_wconf 80' lang='grc' dir='ltr'>δῆλος</span> <span class='ocrx_word' id='word_1_600' title='bbox 2379 4147 2443 4216; x_wconf 81' lang='grc' dir='ltr'>ἦν</span> <span class='ocrx_word' id='word_1_601' title='bbox 2498 4149 2604 4204; x_wconf 72' lang='grc' dir='ltr'><strong>ἀπὸ</strong></span> <span class='ocrx_word' id='word_1_602' title='bbox 2661 4155 2754 4206; x_wconf 81' lang='grc' dir='ltr'>τοῦ</span> <span class='ocrx_word' id='word_1_603' title='bbox 2803 4147 3170 4226; x_wconf 73' lang='grc' dir='ltr'>κρυπτομένου</span> <span class='ocrx_word' id='word_1_604' title='bbox 3226 4147 3351 4226; x_wconf 78' lang='grc' dir='ltr'>παρ’</span> <span class='ocrx_word' id='word_1_605' title='bbox 3383 4150 3526 4222; x_wconf 66' lang='grc' dir='ltr'><strong>ὣτῷ</strong></span> <span class='ocrx_word' id='word_1_606' title='bbox 3582 4151 3687 4217; x_wconf 77' lang='grc' dir='ltr'>τῆς</span> 
     </span>
    </p>
   </div>
   <div class='ocr_carea' id='block_1_90' title="bbox 299 4235 1846 4321">
    <p class='ocr_par' dir='ltr' id='par_1_90' title="bbox 299 4239 1846 4321">
     <span class='ocr_line' id='line_1_90' title="bbox 299 4239 1846 4321; baseline -0.001 -21"><span class='ocrx_word' id='word_1_607' title='bbox 299 4247 430 4320; x_wconf 88' lang='lat' dir='ltr'><strong>post</strong></span> <span class='ocrx_word' id='word_1_608' title='bbox 479 4239 929 4303; x_wconf 83' lang='lat' dir='ltr'><strong>delitescentem</strong></span> <span class='ocrx_word' id='word_1_609' title='bbox 963 4240 1116 4321; x_wconf 87' lang='lat' dir='ltr'><strong>apud</strong></span> <span class='ocrx_word' id='word_1_610' title='bbox 1162 4240 1355 4320; x_wconf 91' lang='lat' dir='ltr'><strong>ipsum</strong></span> <span class='ocrx_word' id='word_1_611' title='bbox 1411 4239 1637 4300; x_wconf 74' lang='lat' dir='ltr'><strong>virtutis</strong></span> <span class='ocrx_word' id='word_1_612' title='bbox 1667 4240 1846 4300; x_wconf 87' lang='lat' dir='ltr'><strong>odore</strong></span> 
     </span>
    </p>
   </div>
   <div class='ocr_carea' id='block_1_91' title="bbox 2135 4235 3682 4321">
    <p class='ocr_par' dir='ltr' id='par_1_91' title="bbox 2135 4235 3682 4320">
     <span class='ocr_line' id='line_1_91' title="bbox 2135 4235 3682 4320; baseline 0.003 -28"><span class='ocrx_word' id='word_1_613' title='bbox 2135 4243 2218 4306; x_wconf 76' lang='grc' dir='ltr'>τῆς</span> <span class='ocrx_word' id='word_1_614' title='bbox 2274 4239 2460 4318; x_wconf 81' lang='grc' dir='ltr'>μύρου,</span> <span class='ocrx_word' id='word_1_615' title='bbox 2525 4235 2819 4297; x_wconf 80' lang='grc' dir='ltr'>σπουδαίως</span> <span class='ocrx_word' id='word_1_616' title='bbox 2878 4238 2977 4311; x_wconf 78' lang='grc' dir='ltr'>μὶν</span> <span class='ocrx_word' id='word_1_617' title='bbox 3040 4239 3107 4294; x_wconf 80' lang='grc' dir='ltr'>τὰ</span> <span class='ocrx_word' id='word_1_618' title='bbox 3163 4241 3456 4313; x_wconf 60' lang='grc' dir='ltr'>μαθηματα</span> <span class='ocrx_word' id='word_1_619' title='bbox 3505 4236 3682 4320; x_wconf 81' lang='grc' dir='ltr'>διιὼν,</span> 
     </span>
    </p>
   </div>
   <div class='ocr_carea' id='block_1_92' title="bbox 295 4326 1842 4412">
    <p class='ocr_par' dir='ltr' id='par_1_92' title="bbox 295 4327 1842 4412">
     <span class='ocr_line' id='line_1_92' title="bbox 295 4327 1842 4412; baseline -0.001 -22"><span class='ocrx_word' id='word_1_620' title='bbox 295 4327 897 4412; x_wconf 89' lang='lat' dir='ltr'><strong>disciplinasquidem</strong></span> <span class='ocrx_word' id='word_1_621' title='bbox 928 4331 1308 4409; x_wconf 89' lang='lat' dir='ltr'><strong>perlustrare,</strong></span> <span class='ocrx_word' id='word_1_622' title='bbox 1335 4346 1536 4390; x_wconf 90' lang='lat' dir='ltr'><strong>mores</strong></span> <span class='ocrx_word' id='word_1_623' title='bbox 1557 4347 1694 4389; x_wconf 87' lang='lat' dir='ltr'><strong>vero</strong></span> <span class='ocrx_word' id='word_1_624' title='bbox 1717 4329 1776 4389; x_wconf 90' lang='lat' dir='ltr'><strong>in</strong></span> <span class='ocrx_word' id='word_1_625' title='bbox 1801 4347 1842 4405; x_wconf 61' lang='lat' dir='ltr'><strong>g‘</strong></span> 
     </span>
    </p>
   </div>
   <div class='ocr_carea' id='block_1_93' title="bbox 2131 4326 3678 4412">
    <p class='ocr_par' dir='ltr' id='par_1_93' title="bbox 2131 4326 3678 4406">
     <span class='ocr_line' id='line_1_93' title="bbox 2131 4326 3678 4406; baseline 0.001 -22"><span class='ocrx_word' id='word_1_626' title='bbox 2131 4351 2181 4392; x_wconf 65' lang='lat' dir='ltr'><strong>ac</strong></span> <span class='ocrx_word' id='word_1_627' title='bbox 2254 4326 2309 4384; x_wconf 74' lang='grc' dir='ltr'>δὲ</span> <span class='ocrx_word' id='word_1_628' title='bbox 2375 4326 2690 4406; x_wconf 81' lang='grc' dir='ltr'>σεμνοτέρου</span> <span class='ocrx_word' id='word_1_629' title='bbox 2761 4327 3242 4403; x_wconf 75' lang='grc' dir='ltr'>μεταποιούμενος,</span> <span class='ocrx_word' id='word_1_630' title='bbox 3300 4331 3678 4406; x_wconf 72' lang='grc' dir='ltr'>προσεκτικώ-</span> 
     </span>
    </p>
   </div>
   <div class='ocr_carea' id='block_1_94' title="bbox 290 4415 1837 4498">
    <p class='ocr_par' dir='ltr' id='par_1_94' title="bbox 290 4417 1834 4498">
     <span class='ocr_line' id='line_1_94' title="bbox 290 4417 1834 4498; baseline 0.003 -23"><span class='ocrx_word' id='word_1_631' title='bbox 290 4417 488 4480; x_wconf 86' lang='lat' dir='ltr'><strong>viores</strong></span> <span class='ocrx_word' id='word_1_632' title='bbox 507 4437 573 4480; x_wconf 90' lang='lat' dir='ltr'><strong>ac</strong></span> <span class='ocrx_word' id='word_1_633' title='bbox 604 4420 968 4481; x_wconf 83' lang='lat' dir='ltr'><strong>venustiores</strong></span> <span class='ocrx_word' id='word_1_634' title='bbox 1002 4426 1396 4498; x_wconf 76' lang='lat' dir='ltr'><strong>permutasse,</strong></span> <span class='ocrx_word' id='word_1_635' title='bbox 1423 4425 1596 4498; x_wconf 87' lang='lat' dir='ltr'><strong>atque</strong></span> <span class='ocrx_word' id='word_1_636' title='bbox 1626 4417 1774 4480; x_wconf 89' lang='lat' dir='ltr'><strong>adeo</strong></span> <span class='ocrx_word' id='word_1_637' title='bbox 1806 4436 1834 4479; x_wconf 91' lang='lat' dir='ltr'><strong>s</strong></span> 
     </span>
    </p>
   </div>
   <div class='ocr_carea' id='block_1_95' title="bbox 2135 4415 3682 4498">
    <p class='ocr_par' dir='ltr' id='par_1_95' title="bbox 2135 4415 3682 4498">
     <span class='ocr_line' id='line_1_95' title="bbox 2135 4415 3682 4498; baseline 0.001 -25"><span class='ocrx_word' id='word_1_638' title='bbox 2135 4443 2172 4474; x_wconf 77' lang='grc' dir='ltr'><strong>ιν</strong></span> <span class='ocrx_word' id='word_1_639' title='bbox 2227 4416 2401 4474; x_wconf 77' lang='grc' dir='ltr'>δὲκαὶ</span> <span class='ocrx_word' id='word_1_640' title='bbox 2445 4417 2563 4493; x_wconf 82' lang='grc' dir='ltr'>περὶ</span> <span class='ocrx_word' id='word_1_641' title='bbox 2613 4417 2706 4477; x_wconf 76' lang='grc' dir='ltr'><strong>τὰς</strong></span> <span class='ocrx_word' id='word_1_642' title='bbox 2761 4417 2900 4473; x_wconf 86' lang='grc' dir='ltr'>θείας</span> <span class='ocrx_word' id='word_1_643' title='bbox 2949 4416 3096 4498; x_wconf 77' lang='grc' dir='ltr'>ἔχων</span> <span class='ocrx_word' id='word_1_644' title='bbox 3144 4417 3373 4494; x_wconf 74' lang='grc' dir='ltr'>Γραφὰτ,</span> <span class='ocrx_word' id='word_1_645' title='bbox 3406 4415 3458 4482; x_wconf 79' lang='grc' dir='ltr'>ἐξ</span> <span class='ocrx_word' id='word_1_646' title='bbox 3502 4419 3580 4474; x_wconf 82' lang='grc' dir='ltr'><strong>ῶν</strong></span> <span class='ocrx_word' id='word_1_647' title='bbox 3614 4415 3682 4486; x_wconf 71' lang='grc' dir='ltr'>δὴ</span> 
     </span>
    </p>
   </div>
   <div class='ocr_carea' id='block_1_96' title="bbox 293 4493 1840 4588">
    <p class='ocr_par' dir='ltr' id='par_1_96' title="bbox 293 4493 1840 4588">
     <span class='ocr_line' id='line_1_96' title="bbox 293 4493 1840 4588; baseline -0.001 -20"><span class='ocrx_word' id='word_1_648' title='bbox 293 4506 510 4568; x_wconf 85' lang='lat' dir='ltr'><strong>divinis</strong></span> <span class='ocrx_word' id='word_1_649' title='bbox 565 4508 805 4588; x_wconf 82' lang='lat' dir='ltr'><strong>scriptis</strong></span> <span class='ocrx_word' id='word_1_650' title='bbox 838 4493 1215 4568; x_wconf 77' lang='lat' dir='ltr'><strong>attentiorem</strong></span> <span class='ocrx_word' id='word_1_651' title='bbox 1252 4493 1623 4587; x_wconf 76' lang='lat' dir='ltr'><strong>prmstitisse,</strong></span> <span class='ocrx_word' id='word_1_652' title='bbox 1657 4526 1690 4569; x_wconf 90' lang='lat' dir='ltr'><strong>a</strong></span> <span class='ocrx_word' id='word_1_653' title='bbox 1719 4507 1840 4588; x_wconf 91' lang='lat' dir='ltr'><strong>quil</strong></span> 
     </span>
    </p>
   </div>
   <div class='ocr_carea' id='block_1_97' title="bbox 2136 4493 3683 4588">
    <p class='ocr_par' dir='ltr' id='par_1_97' title="bbox 2169 4493 3683 4585">
     <span class='ocr_line' id='line_1_97' title="bbox 2169 4493 3683 4585; baseline 0 -23"><span class='ocrx_word' id='word_1_654' title='bbox 2169 4505 2400 4582; x_wconf 81' lang='grc' dir='ltr'>μάλιστα</span> <span class='ocrx_word' id='word_1_655' title='bbox 2432 4513 2433 4516; x_wconf 68' lang='grc'><em>“</em></span> <span class='ocrx_word' id='word_1_656' title='bbox 2463 4518 2563 4573; x_wconf 64' lang='grc' dir='ltr'>τήν</span> <span class='ocrx_word' id='word_1_657' title='bbox 2617 4505 2807 4585; x_wconf 80' lang='grc' dir='ltr'>ψυχὴν</span> <span class='ocrx_word' id='word_1_658' title='bbox 2873 4493 3148 4585; x_wconf 74' lang='grc' dir='ltr'>φωτισθεὶς</span> <span class='ocrx_word' id='word_1_659' title='bbox 3188 4493 3296 4561; x_wconf 78' lang='grc' dir='ltr'>καὶ</span> <span class='ocrx_word' id='word_1_660' title='bbox 3347 4511 3425 4578; x_wconf 81' lang='grc' dir='ltr'>τῷ</span> <span class='ocrx_word' id='word_1_661' title='bbox 3480 4504 3683 4581; x_wconf 68' lang='grc' dir='ltr'>ὴδίστῳ</span> 
     </span>
    </p>
   </div>
   <div class='ocr_carea' id='block_1_98' title="bbox 294 4593 1841 4677">
    <p class='ocr_par' dir='ltr' id='par_1_98' title="bbox 294 4595 1840 4677">
     <span class='ocr_line' id='line_1_98' title="bbox 294 4595 1840 4677; baseline 0 -19"><span class='ocrx_word' id='word_1_662' title='bbox 294 4603 355 4658; x_wconf 89' lang='lat' dir='ltr'><strong>et</strong></span> <span class='ocrx_word' id='word_1_663' title='bbox 375 4596 888 4676; x_wconf 87' lang='lat' dir='ltr'><strong>auimoimprimis</strong></span> <span class='ocrx_word' id='word_1_664' title='bbox 907 4595 1296 4677; x_wconf 89' lang='lat' dir='ltr'><strong>illuminatus,</strong></span> <span class='ocrx_word' id='word_1_665' title='bbox 1326 4604 1386 4656; x_wconf 90' lang='lat' dir='ltr'><strong>et</strong></span> <span class='ocrx_word' id='word_1_666' title='bbox 1414 4596 1647 4658; x_wconf 88' lang='lat' dir='ltr'><strong>illarum</strong></span> <span class='ocrx_word' id='word_1_667' title='bbox 1672 4596 1840 4658; x_wconf 88' lang='lat' dir='ltr'><strong>incre</strong></span> 
     </span>
    </p>
   </div>
   <div class='ocr_carea' id='block_1_99' title="bbox 2138 4593 3685 4677">
    <p class='ocr_par' dir='ltr' id='par_1_99' title="bbox 2138 4593 3685 4674">
     <span class='ocr_line' id='line_1_99' title="bbox 2138 4593 3685 4674; baseline 0.001 -23"><span class='ocrx_word' id='word_1_668' title='bbox 2138 4618 2224 4652; x_wconf 81' lang='grc' dir='ltr'><strong>των</strong></span> <span class='ocrx_word' id='word_1_669' title='bbox 2286 4595 2529 4674; x_wconf 71' lang='grc' dir='ltr'>θελχθὲὶς</span> <span class='ocrx_word' id='word_1_670' title='bbox 2587 4593 2783 4668; x_wconf 76' lang='grc' dir='ltr'>κέὶιτι,</span> <span class='ocrx_word' id='word_1_671' title='bbox 2825 4593 2965 4660; x_wconf 78' lang='grc' dir='ltr'>ὅλως</span> <span class='ocrx_word' id='word_1_672' title='bbox 3022 4601 3098 4666; x_wconf 84' lang='grc' dir='ltr'>τῷ</span> <span class='ocrx_word' id='word_1_673' title='bbox 3157 4600 3273 4668; x_wconf 80' lang='grc' dir='ltr'><strong>Θεῷ</strong></span> <span class='ocrx_word' id='word_1_674' title='bbox 3329 4595 3685 4673; x_wconf 72' lang='grc' dir='ltr'>προσανέχων</span> 
     </span>
    </p>
   </div>
   <div class='ocr_carea' id='block_1_100' title="bbox 294 4679 1841 4764">
    <p class='ocr_par' dir='ltr' id='par_1_100' title="bbox 294 4685 1841 4764">
     <span class='ocr_line' id='line_1_100' title="bbox 294 4685 1841 4764; baseline -0.003 -16"><span class='ocrx_word' id='word_1_675' title='bbox 294 4685 400 4748; x_wconf 88' lang='lat' dir='ltr'><strong>bili</strong></span> <span class='ocrx_word' id='word_1_676' title='bbox 445 4685 688 4747; x_wconf 71' lang='lat' dir='ltr'><strong>allectus</strong></span> <span class='ocrx_word' id='word_1_677' title='bbox 719 4685 1056 4760; x_wconf 82' lang='lat' dir='ltr'><strong>dulcedine,</strong></span> <span class='ocrx_word' id='word_1_678' title='bbox 1095 4694 1277 4747; x_wconf 86' lang='lat' dir='ltr'><strong>totum</strong></span> <span class='ocrx_word' id='word_1_679' title='bbox 1330 4686 1450 4748; x_wconf 91' lang='lat' dir='ltr'><strong>Deo</strong></span> <span class='ocrx_word' id='word_1_680' title='bbox 1482 4705 1546 4748; x_wconf 91' lang='lat' dir='ltr'><strong>se</strong></span> <span class='ocrx_word' id='word_1_681' title='bbox 1577 4687 1706 4764; x_wconf 90' lang='lat' dir='ltr'><strong>ipse</strong></span> <span class='ocrx_word' id='word_1_682' title='bbox 1755 4685 1841 4747; x_wconf 76' lang='lat' dir='ltr'><strong>det</strong></span> 
     </span>
    </p>
   </div>
   <div class='ocr_carea' id='block_1_101' title="bbox 2136 4679 3683 4764">
    <p class='ocr_par' dir='ltr' id='par_1_101' title="bbox 2177 4679 3683 4763">
     <span class='ocr_line' id='line_1_101' title="bbox 2177 4679 3683 4763; baseline -0.001 -22"><span class='ocrx_word' id='word_1_683' title='bbox 2177 4687 2263 4741; x_wconf 84' lang='grc' dir='ltr'><strong>καὶ</strong></span> <span class='ocrx_word' id='word_1_684' title='bbox 2322 4683 2441 4740; x_wconf 81' lang='grc' dir='ltr'><strong>ὂδόν</strong></span> <span class='ocrx_word' id='word_1_685' title='bbox 2497 4683 2695 4756; x_wconf 72' lang='grc' dir='ltr'>ἐζήτει,</span> <span class='ocrx_word' id='word_1_686' title='bbox 2755 4679 2822 4738; x_wconf 86' lang='grc' dir='ltr'>δι’</span> <span class='ocrx_word' id='word_1_687' title='bbox 2877 4686 2944 4750; x_wconf 80' lang='grc' dir='ltr'><strong>ἧς</strong></span> <span class='ocrx_word' id='word_1_688' title='bbox 3006 4685 3148 4757; x_wconf 78' lang='grc' dir='ltr'><strong>αὒτῷ</strong></span> <span class='ocrx_word' id='word_1_689' title='bbox 3201 4683 3290 4739; x_wconf 79' lang='grc' dir='ltr'>καὶ</span> <span class='ocrx_word' id='word_1_690' title='bbox 3360 4681 3683 4763; x_wconf 71' lang='grc' dir='ltr'>τελεώτερον</span> 
     </span>
    </p>
   </div>
   <div class='ocr_carea' id='block_1_102' title="bbox 291 4771 1838 4859">
    <p class='ocr_par' dir='ltr' id='par_1_102' title="bbox 291 4774 1838 4859">
     <span class='ocr_line' id='line_1_102' title="bbox 291 4774 1838 4859; baseline 0 -25"><span class='ocrx_word' id='word_1_691' title='bbox 291 4775 589 4859; x_wconf 80' lang='lat' dir='ltr'><strong>viamque,</strong></span> <span class='ocrx_word' id='word_1_692' title='bbox 623 4794 738 4858; x_wconf 91' lang='lat' dir='ltr'><strong>qua</strong></span> <span class='ocrx_word' id='word_1_693' title='bbox 792 4775 875 4836; x_wconf 91' lang='lat' dir='ltr'><strong>illi</strong></span> <span class='ocrx_word' id='word_1_694' title='bbox 908 4776 1150 4858; x_wconf 90' lang='lat' dir='ltr'><strong>propius</strong></span> <span class='ocrx_word' id='word_1_695' title='bbox 1203 4775 1539 4850; x_wconf 68' lang='lat' dir='ltr'><strong>inhaereret,</strong></span> <span class='ocrx_word' id='word_1_696' title='bbox 1575 4774 1838 4837; x_wconf 72' lang='lat' dir='ltr'><strong>CBiel‘iUSt</strong></span> 
     </span>
    </p>
   </div>
   <div class='ocr_carea' id='block_1_103' title="bbox 1792 4771 3339 4859">
    <p class='ocr_par' dir='ltr' id='par_1_103' title="bbox 1792 4771 3339 4856">
     <span class='ocr_line' id='line_1_103' title="bbox 1792 4771 3339 4856; baseline -0.005 -22"><span class='ocrx_word' id='word_1_697' title='bbox 1792 4792 1948 4856; x_wconf 69' lang='lat' dir='ltr'><strong>Isque</strong></span> <span class='ocrx_word' id='word_1_698' title='bbox 2029 4776 2333 4854; x_wconf 72' lang='grc' dir='ltr'>συναφθεξη,</span> <span class='ocrx_word' id='word_1_699' title='bbox 2369 4774 2455 4830; x_wconf 82' lang='grc' dir='ltr'><strong>καὶ</strong></span> <span class='ocrx_word' id='word_1_700' title='bbox 2487 4773 2692 4852; x_wconf 85' lang='grc' dir='ltr'>ἐγγίσαι</span> <span class='ocrx_word' id='word_1_701' title='bbox 2725 4771 2924 4850; x_wconf 76' lang='grc' dir='ltr'>τάχιον</span> <span class='ocrx_word' id='word_1_702' title='bbox 2954 4779 3029 4847; x_wconf 83' lang='grc' dir='ltr'>τῷ</span> <span class='ocrx_word' id='word_1_703' title='bbox 3057 4772 3339 4851; x_wconf 86' lang='grc' dir='ltr'>ἐγγίζοντι.</span> 
     </span>
    </p>
   </div>
   <div class='ocr_carea' id='block_1_104' title="bbox 291 4864 1826 4948">
    <p class='ocr_par' dir='ltr' id='par_1_104' title="bbox 291 4864 1826 4948">
     <span class='ocr_line' id='line_1_104' title="bbox 291 4864 1826 4948; baseline -0.003 -19"><span class='ocrx_word' id='word_1_704' title='bbox 291 4864 598 4929; x_wconf 86' lang='lat' dir='ltr'><strong>ocurrenti</strong></span> <span class='ocrx_word' id='word_1_705' title='bbox 628 4865 742 4927; x_wconf 79' lang='lat' dir='ltr'><strong>sibi</strong></span> <span class='ocrx_word' id='word_1_706' title='bbox 773 4867 1304 4948; x_wconf 85' lang='lat' dir='ltr'><strong>appropinquaret,</strong></span> <span class='ocrx_word' id='word_1_707' title='bbox 1339 4865 1494 4927; x_wconf 89' lang='lat' dir='ltr'><strong>inire</strong></span> <span class='ocrx_word' id='word_1_708' title='bbox 1525 4864 1826 4927; x_wconf 88' lang='lat' dir='ltr'><strong>studebat.</strong></span> 
     </span>
    </p>
   </div>
   <div class='ocr_carea' id='block_1_105' title="bbox 373 4944 1920 5035">
    <p class='ocr_par' dir='ltr' id='par_1_105' title="bbox 373 4944 1920 5035">
     <span class='ocr_line' id='line_1_105' title="bbox 373 4944 1920 5035; baseline -0.003 -17"><span class='ocrx_word' id='word_1_709' title='bbox 373 4954 473 5020; x_wconf 83' lang='grc' dir='ltr'><strong>ΙΙΙ.</strong></span> <span class='ocrx_word' id='word_1_710' title='bbox 507 4955 678 5020; x_wconf 92' lang='lat' dir='ltr'><strong>lllum</strong></span> <span class='ocrx_word' id='word_1_711' title='bbox 708 4944 886 5035; x_wconf 74' lang='lat' dir='ltr'><strong>igitur</strong></span> <span class='ocrx_word' id='word_1_712' title='bbox 915 4944 1083 5018; x_wconf 81' lang='lat' dir='ltr'><strong>sacra</strong></span> <span class='ocrx_word' id='word_1_713' title='bbox 1105 4955 1402 5017; x_wconf 87' lang='lat' dir='ltr'><strong>invisendi</strong></span> <span class='ocrx_word' id='word_1_714' title='bbox 1437 4955 1587 5028; x_wconf 90' lang='lat' dir='ltr'><strong>loca,</strong></span> <span class='ocrx_word' id='word_1_715' title='bbox 1614 4972 1920 5034; x_wconf 77' lang='lat' dir='ltr'><strong>eorumqut</strong></span> 
     </span>
    </p>
   </div>
   <div class='ocr_carea' id='block_1_106' title="bbox 2137 4944 3684 5035">
    <p class='ocr_par' dir='ltr' id='par_1_106' title="bbox 2137 4944 3684 5030">
     <span class='ocr_line' id='line_1_106' title="bbox 2137 4944 3684 5030; baseline -0.001 -22"><span class='ocrx_word' id='word_1_716' title='bbox 2249 4953 2517 5030; x_wconf 79' lang='grc' dir='ltr'>Λογισμὸς</span> <span class='ocrx_word' id='word_1_717' title='bbox 2569 4953 2742 5007; x_wconf 80' lang='grc' dir='ltr'>τοίνυν</span> <span class='ocrx_word' id='word_1_718' title='bbox 2797 4951 2955 5008; x_wconf 73' lang='grc' dir='ltr'>αὒτὸν</span> <span class='ocrx_word' id='word_1_719' title='bbox 3011 4950 3187 5008; x_wconf 86' lang='grc' dir='ltr'>θεόθεν</span> <span class='ocrx_word' id='word_1_720' title='bbox 3247 4948 3506 5026; x_wconf 73' lang='grc' dir='ltr'>λαμϐάνει</span> <span class='ocrx_word' id='word_1_721' title='bbox 3555 4952 3684 5018; x_wconf 71' lang='grc' dir='ltr'>τοὺς</span> 
     </span>
    </p>
   </div>
   <div class='ocr_carea' id='block_1_107' title="bbox 292 5037 1839 5125">
    <p class='ocr_par' dir='ltr' id='par_1_107' title="bbox 292 5044 1838 5125">
     <span class='ocr_line' id='line_1_107' title="bbox 292 5044 1838 5125; baseline -0.003 -17"><span class='ocrx_word' id='word_1_722' title='bbox 292 5045 706 5108; x_wconf 85' lang='lat' dir='ltr'><strong>sanctitudinis</strong></span> <span class='ocrx_word' id='word_1_723' title='bbox 752 5062 885 5107; x_wconf 88' lang='lat' dir='ltr'><strong>esse</strong></span> <span class='ocrx_word' id='word_1_724' title='bbox 937 5046 1311 5125; x_wconf 88' lang='lat' dir='ltr'><strong>participem,</strong></span> <span class='ocrx_word' id='word_1_725' title='bbox 1343 5044 1618 5124; x_wconf 87' lang='lat' dir='ltr'><strong>cogitatio</strong></span> <span class='ocrx_word' id='word_1_726' title='bbox 1673 5044 1838 5104; x_wconf 91' lang='lat' dir='ltr'><strong>inces</strong></span> 
     </span>
    </p>
   </div>
   <div class='ocr_carea' id='block_1_108' title="bbox 2134 5037 3681 5125">
    <p class='ocr_par' dir='ltr' id='par_1_108' title="bbox 2134 5037 3681 5120">
     <span class='ocr_line' id='line_1_108' title="bbox 2134 5037 3681 5120; baseline -0.001 -20"><span class='ocrx_word' id='word_1_727' title='bbox 2134 5065 2206 5106; x_wconf 81' lang='grc' dir='ltr'>›υς</span> <span class='ocrx_word' id='word_1_728' title='bbox 2284 5040 2480 5102; x_wconf 83' lang='grc' dir='ltr'>τόπους</span> <span class='ocrx_word' id='word_1_729' title='bbox 2551 5037 2707 5120; x_wconf 68' lang='grc' dir='ltr'>ἰδεῖν,</span> <span class='ocrx_word' id='word_1_730' title='bbox 2773 5042 2861 5097; x_wconf 78' lang='grc' dir='ltr'><strong>καὶ</strong></span> <span class='ocrx_word' id='word_1_731' title='bbox 2919 5047 3008 5096; x_wconf 80' lang='grc' dir='ltr'>τοῦ</span> <span class='ocrx_word' id='word_1_732' title='bbox 3065 5039 3118 5106; x_wconf 63' lang='grc' dir='ltr'>ἐξ</span> <span class='ocrx_word' id='word_1_733' title='bbox 3177 5038 3346 5096; x_wconf 59' lang='grc' dir='ltr'>αἰητῶν</span> <span class='ocrx_word' id='word_1_734' title='bbox 3405 5040 3681 5118; x_wconf 72' lang='grc' dir='ltr'>ἀγιασμοῧ</span> 
     </span>
    </p>
   </div>
   <div class='ocr_carea' id='block_1_109' title="bbox 292 5125 1839 5217">
    <p class='ocr_par' dir='ltr' id='par_1_109' title="bbox 292 5133 1839 5217">
     <span class='ocr_line' id='line_1_109' title="bbox 292 5133 1839 5217; baseline -0.003 -20"><span class='ocrx_word' id='word_1_735' title='bbox 292 5133 558 5217; x_wconf 91' lang='lat' dir='ltr'><strong>Cumque</strong></span> <span class='ocrx_word' id='word_1_736' title='bbox 604 5153 815 5214; x_wconf 81' lang='lat' dir='ltr'><strong>magno</strong></span> <span class='ocrx_word' id='word_1_737' title='bbox 864 5135 1117 5216; x_wconf 85' lang='lat' dir='ltr'><strong>hujusce</strong></span> <span class='ocrx_word' id='word_1_738' title='bbox 1166 5135 1254 5196; x_wconf 89' lang='lat' dir='ltr'><strong>rei</strong></span> <span class='ocrx_word' id='word_1_739' title='bbox 1285 5133 1587 5196; x_wconf 90' lang='lat' dir='ltr'><strong>desiderio</strong></span> <span class='ocrx_word' id='word_1_740' title='bbox 1638 5134 1839 5212; x_wconf 80' lang='lat' dir='ltr'><strong>ﬂagrat</strong></span> 
     </span>
    </p>
   </div>
   <div class='ocr_carea' id='block_1_110' title="bbox 2132 5125 3679 5217">
    <p class='ocr_par' dir='ltr' id='par_1_110' title="bbox 2133 5125 3679 5217">
     <span class='ocr_line' id='line_1_110' title="bbox 2133 5125 3679 5217; baseline -0.001 -31"><span class='ocrx_word' id='word_1_741' title='bbox 2133 5141 2352 5208; x_wconf 78' lang='grc' dir='ltr'>ασχετν.</span> <span class='ocrx_word' id='word_1_742' title='bbox 2407 5129 2513 5186; x_wconf 77' lang='grc' dir='ltr'><strong>Καὶ</strong></span> <span class='ocrx_word' id='word_1_743' title='bbox 2543 5125 2626 5185; x_wconf 74' lang='grc' dir='ltr'>δεῖ</span> <span class='ocrx_word' id='word_1_744' title='bbox 2673 5129 2806 5204; x_wconf 78' lang='grc' dir='ltr'>πρὸς</span> <span class='ocrx_word' id='word_1_745' title='bbox 2836 5130 2992 5217; x_wconf 77' lang='grc' dir='ltr'>τοῦτο</span> <span class='ocrx_word' id='word_1_746' title='bbox 3035 5127 3152 5185; x_wconf 87' lang='grc' dir='ltr'>λίαν</span> <span class='ocrx_word' id='word_1_747' title='bbox 3182 5129 3449 5205; x_wconf 74' lang='grc' dir='ltr'>ἐρωτικῶς</span> <span class='ocrx_word' id='word_1_748' title='bbox 3504 5127 3679 5208; x_wconf 72' lang='grc' dir='ltr'>ἔχων,</span> 
     </span>
    </p>
   </div>
   <div class='ocr_carea' id='block_1_111' title="bbox 293 5215 1840 5303">
    <p class='ocr_par' dir='ltr' id='par_1_111' title="bbox 293 5215 1840 5303">
     <span class='ocr_line' id='line_1_111' title="bbox 293 5215 1840 5303; baseline -0.003 -17"><span class='ocrx_word' id='word_1_749' title='bbox 293 5215 507 5286; x_wconf 84' lang='lat' dir='ltr'><strong>exinde</strong></span> <span class='ocrx_word' id='word_1_750' title='bbox 537 5224 723 5286; x_wconf 90' lang='lat' dir='ltr'><strong>Deum</strong></span> <span class='ocrx_word' id='word_1_751' title='bbox 765 5215 1138 5303; x_wconf 86' lang='lat' dir='ltr'><strong>obsecrabat,</strong></span> <span class='ocrx_word' id='word_1_752' title='bbox 1164 5243 1240 5287; x_wconf 92' lang='lat' dir='ltr'><strong>ne</strong></span> <span class='ocrx_word' id='word_1_753' title='bbox 1272 5237 1469 5285; x_wconf 89' lang='lat' dir='ltr'><strong>votum</strong></span> <span class='ocrx_word' id='word_1_754' title='bbox 1505 5241 1674 5284; x_wconf 92' lang='lat' dir='ltr'><strong>suum</strong></span> <span class='ocrx_word' id='word_1_755' title='bbox 1701 5223 1840 5284; x_wconf 84' lang='lat' dir='ltr'><strong>frusl</strong></span> 
     </span>
    </p>
   </div>
   <div class='ocr_carea' id='block_1_112' title="bbox 2128 5215 3675 5303">
    <p class='ocr_par' dir='ltr' id='par_1_112' title="bbox 2128 5215 3675 5297">
     <span class='ocr_line' id='line_1_112' title="bbox 2128 5215 3675 5297; baseline 0 -22"><span class='ocrx_word' id='word_1_756' title='bbox 2128 5233 2200 5276; x_wconf 72' lang='grc' dir='ltr'>[το</span> <span class='ocrx_word' id='word_1_757' title='bbox 2259 5217 2446 5275; x_wconf 87' lang='grc' dir='ltr'>λοιπον</span> <span class='ocrx_word' id='word_1_758' title='bbox 2495 5225 2590 5275; x_wconf 82' lang='grc' dir='ltr'>τοῦ</span> <span class='ocrx_word' id='word_1_759' title='bbox 2641 5225 2772 5274; x_wconf 87' lang='grc' dir='ltr'><strong>Θεοῦ</strong></span> <span class='ocrx_word' id='word_1_760' title='bbox 2817 5218 2894 5293; x_wconf 77' lang='grc' dir='ltr'><strong>μή</strong></span> <span class='ocrx_word' id='word_1_761' title='bbox 2944 5215 3258 5297; x_wconf 78' lang='grc' dir='ltr'>διαμαρτεῖν</span> <span class='ocrx_word' id='word_1_762' title='bbox 3303 5224 3396 5274; x_wconf 78' lang='grc' dir='ltr'><strong>τοῦ</strong></span> <span class='ocrx_word' id='word_1_763' title='bbox 3445 5226 3675 5281; x_wconf 79' lang='grc' dir='ltr'>σκοποῦ.</span> 
     </span>
    </p>
   </div>
   <div class='ocr_carea' id='block_1_113' title="bbox 290 5305 1837 5394">
    <p class='ocr_par' dir='ltr' id='par_1_113' title="bbox 290 5311 1837 5394">
     <span class='ocr_line' id='line_1_113' title="bbox 290 5311 1837 5394; baseline -0.003 -18"><span class='ocrx_word' id='word_1_764' title='bbox 290 5321 473 5376; x_wconf 86' lang='lat' dir='ltr'><strong>retur.</strong></span> <span class='ocrx_word' id='word_1_765' title='bbox 499 5311 750 5394; x_wconf 83' lang='lat' dir='ltr'><strong>Jamque</strong></span> <span class='ocrx_word' id='word_1_766' title='bbox 781 5313 1326 5374; x_wconf 89' lang='lat' dir='ltr'><strong>duodevicesimum</strong></span> <span class='ocrx_word' id='word_1_767' title='bbox 1350 5313 1536 5374; x_wconf 62' lang='lat' dir='ltr'><strong>astatis</strong></span> <span class='ocrx_word' id='word_1_768' title='bbox 1555 5331 1778 5373; x_wconf 86' lang='lat' dir='ltr'><strong>annum</strong></span> <span class='ocrx_word' id='word_1_769' title='bbox 1811 5331 1837 5372; x_wconf 88' lang='lat' dir='ltr'><strong>a</strong></span> 
     </span>
    </p>
   </div>
   <div class='ocr_carea' id='block_1_114' title="bbox 2126 5305 3673 5394">
    <p class='ocr_par' dir='ltr' id='par_1_114' title="bbox 2126 5305 3673 5388">
     <span class='ocr_line' id='line_1_114' title="bbox 2126 5305 3673 5388; baseline -0.001 -26"><span class='ocrx_word' id='word_1_770' title='bbox 2126 5357 2127 5362; x_wconf 47' lang='grc' dir='ltr'><strong>η</strong></span> <span class='ocrx_word' id='word_1_771' title='bbox 2184 5309 2378 5388; x_wconf 82' lang='grc' dir='ltr'>χρόνον</span> <span class='ocrx_word' id='word_1_772' title='bbox 2436 5307 2533 5381; x_wconf 78' lang='grc' dir='ltr'>μὲν</span> <span class='ocrx_word' id='word_1_773' title='bbox 2590 5305 3047 5364; x_wconf 78' lang='grc' dir='ltr'>ὀκτωκαιδέκατον</span> <span class='ocrx_word' id='word_1_774' title='bbox 3118 5305 3222 5374; x_wconf 77' lang='grc' dir='ltr'><strong>ἤδη</strong></span> <span class='ocrx_word' id='word_1_775' title='bbox 3287 5307 3521 5386; x_wconf 82' lang='grc' dir='ltr'>γεγονὼς</span> <span class='ocrx_word' id='word_1_776' title='bbox 3581 5307 3673 5382; x_wconf 75' lang='grc' dir='ltr'>ἦν,</span> 
     </span>
    </p>
   </div>
   <div class='ocr_carea' id='block_1_115' title="bbox 292 5394 1839 5476">
    <p class='ocr_par' dir='ltr' id='par_1_115' title="bbox 292 5401 1839 5476">
     <span class='ocr_line' id='line_1_115' title="bbox 292 5401 1839 5476; baseline -0.002 -12"><span class='ocrx_word' id='word_1_777' title='bbox 292 5403 411 5464; x_wconf 86' lang='lat' dir='ltr'><strong>bat.</strong></span> <span class='ocrx_word' id='word_1_778' title='bbox 440 5401 703 5476; x_wconf 87' lang='lat' dir='ltr'><strong>Quadam</strong></span> <span class='ocrx_word' id='word_1_779' title='bbox 731 5418 872 5464; x_wconf 90' lang='lat' dir='ltr'><strong>vero</strong></span> <span class='ocrx_word' id='word_1_780' title='bbox 901 5411 1075 5463; x_wconf 78' lang='lat' dir='ltr'><strong>nocte</strong></span> <span class='ocrx_word' id='word_1_781' title='bbox 1107 5420 1242 5463; x_wconf 88' lang='lat' dir='ltr'><strong>cum</strong></span> <span class='ocrx_word' id='word_1_782' title='bbox 1278 5402 1335 5462; x_wconf 90' lang='lat' dir='ltr'><strong>in</strong></span> <span class='ocrx_word' id='word_1_783' title='bbox 1368 5402 1800 5475; x_wconf 88' lang='lat' dir='ltr'><strong>archidiaconi,</strong></span> <span class='ocrx_word' id='word_1_784' title='bbox 1828 5423 1839 5461; x_wconf 76' lang='grc' dir='ltr'><strong>ι</strong></span> 
     </span>
    </p>
   </div>
   <div class='ocr_carea' id='block_1_116' title="bbox 2132 5394 3679 5476">
    <p class='ocr_par' dir='ltr' id='par_1_116' title="bbox 2134 5394 3679 5475">
     <span class='ocr_line' id='line_1_116' title="bbox 2134 5394 3679 5475; baseline 0.001 -23"><span class='ocrx_word' id='word_1_785' title='bbox 2134 5403 2230 5475; x_wconf 77' lang='grc' dir='ltr'><strong>μιᾷ</strong></span> <span class='ocrx_word' id='word_1_786' title='bbox 2287 5394 2342 5451; x_wconf 67' lang='grc' dir='ltr'>δὲ</span> <span class='ocrx_word' id='word_1_787' title='bbox 2398 5400 2506 5451; x_wconf 88' lang='grc' dir='ltr'><strong>τῶν</strong></span> <span class='ocrx_word' id='word_1_788' title='bbox 2577 5396 2780 5452; x_wconf 61' lang='grc' dir='ltr'>νυκτῶν</span> <span class='ocrx_word' id='word_1_789' title='bbox 2849 5395 2942 5454; x_wconf 76' lang='grc' dir='ltr'>τὸν</span> <span class='ocrx_word' id='word_1_790' title='bbox 3012 5395 3235 5472; x_wconf 77' lang='grc' dir='ltr'>ρηθέντα</span> <span class='ocrx_word' id='word_1_791' title='bbox 3286 5395 3679 5471; x_wconf 78' lang='grc' dir='ltr'>κατακοιμίσας</span> 
     </span>
    </p>
   </div>
   <div class='ocr_carea' id='block_1_117' title="bbox 288 5484 1835 5575">
    <p class='ocr_par' dir='ltr' id='par_1_117' title="bbox 288 5489 1826 5575">
     <span class='ocr_line' id='line_1_117' title="bbox 288 5489 1826 5575; baseline -0.001 -23"><span class='ocrx_word' id='word_1_792' title='bbox 288 5491 384 5575; x_wconf 89' lang='lat' dir='ltr'><strong>jus</strong></span> <span class='ocrx_word' id='word_1_793' title='bbox 406 5489 768 5552; x_wconf 85' lang='lat' dir='ltr'><strong>mentionem</strong></span> <span class='ocrx_word' id='word_1_794' title='bbox 803 5491 1074 5573; x_wconf 82' lang='lat' dir='ltr'><strong>fecimus,</strong></span> <span class='ocrx_word' id='word_1_795' title='bbox 1101 5491 1489 5552; x_wconf 88' lang='lat' dir='ltr'><strong>contubernio</strong></span> <span class='ocrx_word' id='word_1_796' title='bbox 1515 5492 1780 5571; x_wconf 85' lang='lat' dir='ltr'><strong>degeret,</strong></span> <span class='ocrx_word' id='word_1_797' title='bbox 1811 5491 1826 5551; x_wconf 89' lang='lat' dir='ltr'><strong>i</strong></span> 
     </span>
    </p>
   </div>
   <div class='ocr_carea' id='block_1_118' title="bbox 2133 5484 3680 5575">
    <p class='ocr_par' dir='ltr' id='par_1_118' title="bbox 2137 5484 3680 5563">
     <span class='ocr_line' id='line_1_118' title="bbox 2137 5484 3680 5563; baseline -0.001 -20"><span class='ocrx_word' id='word_1_798' title='bbox 2137 5485 2422 5559; x_wconf 79' lang='grc' dir='ltr'>ιδιάκονον,</span> <span class='ocrx_word' id='word_1_799' title='bbox 2484 5486 2642 5550; x_wconf 72' lang='grc' dir='ltr'>αὐτὸς</span> <span class='ocrx_word' id='word_1_800' title='bbox 2717 5485 2854 5541; x_wconf 83' lang='grc' dir='ltr'>εἴσω</span> <span class='ocrx_word' id='word_1_801' title='bbox 2927 5491 3021 5541; x_wconf 78' lang='grc' dir='ltr'><strong>τοῦ</strong></span> <span class='ocrx_word' id='word_1_802' title='bbox 3077 5491 3204 5540; x_wconf 82' lang='grc' dir='ltr'>ναοῦ</span> <span class='ocrx_word' id='word_1_803' title='bbox 3291 5484 3514 5563; x_wconf 85' lang='grc' dir='ltr'>γίνεται,</span> <span class='ocrx_word' id='word_1_804' title='bbox 3589 5484 3680 5541; x_wconf 77' lang='grc' dir='ltr'><strong>καὶ</strong></span> 
     </span>
    </p>
   </div>
   <div class='ocr_carea' id='block_1_119' title="bbox 291 5571 1838 5664">
    <p class='ocr_par' dir='ltr' id='par_1_119' title="bbox 291 5571 1835 5664">
     <span class='ocr_line' id='line_1_119' title="bbox 291 5571 1835 5664; baseline -0.002 -19"><span class='ocrx_word' id='word_1_805' title='bbox 291 5571 576 5664; x_wconf 68' lang='lat' dir='ltr'><strong>templum</strong></span> <span class='ocrx_word' id='word_1_806' title='bbox 608 5579 936 5660; x_wconf 81' lang='lat' dir='ltr'><strong>ingressus,</strong></span> <span class='ocrx_word' id='word_1_807' title='bbox 973 5571 1186 5661; x_wconf 84' lang='lat' dir='ltr'><strong>Deum,</strong></span> <span class='ocrx_word' id='word_1_808' title='bbox 1211 5587 1274 5642; x_wconf 86' lang='lat' dir='ltr'><strong>ut</strong></span> <span class='ocrx_word' id='word_1_809' title='bbox 1304 5579 1600 5660; x_wconf 86' lang='lat' dir='ltr'><strong>ejusmodi</strong></span> <span class='ocrx_word' id='word_1_810' title='bbox 1633 5598 1698 5642; x_wconf 91' lang='lat' dir='ltr'><strong>se</strong></span> <span class='ocrx_word' id='word_1_811' title='bbox 1729 5597 1835 5661; x_wconf 91' lang='lat' dir='ltr'><strong>pro</strong></span> 
     </span>
    </p>
   </div>
   <div class='ocr_carea' id='block_1_120' title="bbox 2134 5571 3681 5664">
    <p class='ocr_par' dir='ltr' id='par_1_120' title="bbox 2134 5571 3681 5655">
     <span class='ocr_line' id='line_1_120' title="bbox 2134 5571 3681 5655; baseline -0.001 -22"><span class='ocrx_word' id='word_1_812' title='bbox 2134 5577 2198 5636; x_wconf 75' lang='grc' dir='ltr'><strong>λα</strong></span> <span class='ocrx_word' id='word_1_813' title='bbox 2267 5575 2365 5631; x_wconf 81' lang='grc' dir='ltr'>τοῦ</span> <span class='ocrx_word' id='word_1_814' title='bbox 2431 5581 2564 5633; x_wconf 81' lang='grc' dir='ltr'>Θεοῦ</span> <span class='ocrx_word' id='word_1_815' title='bbox 2645 5571 2868 5651; x_wconf 79' lang='grc' dir='ltr'>δεηθεὶς,</span> <span class='ocrx_word' id='word_1_816' title='bbox 2939 5573 3252 5655; x_wconf 80' lang='grc' dir='ltr'>συνάρασθαι</span> <span class='ocrx_word' id='word_1_817' title='bbox 3337 5571 3506 5652; x_wconf 73' lang='grc' dir='ltr'>τούτῳ</span> <span class='ocrx_word' id='word_1_818' title='bbox 3581 5579 3681 5633; x_wconf 76' lang='grc' dir='ltr'><strong>τοῦ</strong></span> 
     </span>
    </p>
   </div>
  </div>
