3918 6138
216 287 325 354 193

1255 288 1441 351 VITA
1486 287 1548 348 S.
1593 283 1964 348 GREGORII
2011 284 2552 350 AGRIGENTINI.

3480 285 3590 355 194

213 425 570 506 προκειμένου
628 427 720 484 καὶ
777 427 853 489 εἰς
911 425 1072 504 πέρας
1133 424 1362 502 ἀγαγεῖν
1425 424 1524 482 τὴν
1595 422 1893 497 ἐπιθυμίαν.

2062 459 2063 466 η
2097 421 2469 497 liberaret,et
2489 422 2559 484 ad
2590 422 2811 484 exitum
2839 429 3038 502 aptata
3067 423 3444 507 perduceret,
3459 444 3591 508 pre-

214 518 316 595 πρὸ
349 520 450 594 τῆς
479 523 574 574 τοῦ
625 515 866 573 Δονάτου
922 513 1103 582 κλίνης
1156 519 1224 591 τῇ
1280 520 1352 591 γῇ
1407 510 1865 589 προκατακλιθεὶς,

216 611 292 679 τῷ
347 604 501 678 ὕπνῳ
563 605 755 662 ἑαυτὸν
815 603 1008 664 δίδωσι.
1084 603 1365 684 Παραστὰς
1439 601 1494 660 δὶ
1563 626 1642 667 τις
1703 602 1868 676 αὖτῷ,

214 697 500 772 Γρηγόριε³
534 692 707 772 λέγει,
777 684 836 752 ’0
873 690 928 749 δὲ
985 694 1152 766 εὐθὺς,
1196 690 1332 750 ’ἰδοὺ
1388 692 1519 770 ἐγὼ,
1576 693 1748 771 κύριε,
1785 693 1872 748 καὶ

214 785 343 848 στας
402 791 499 841 τοῦ
556 782 938 864 ἂρχιδιακόνου
989 783 1327 862 ἰπίπροσθεν,
1377 783 1437 842 Τί
1477 803 1545 858 με
1574 779 1870 854 κέκληκας,

213 872 344 953 ἲφη,
407 873 605 953 κύριε;
668 876 766 931 Καὶ
815 873 997 954 αὐτὸς,
1055 873 1128 932 0νό
1200 871 1437 940 κίκλη”ιά
1507 893 1591 952 σε³
1660 871 1868 944 τέκνον,

214 966 405 1042 φησιν.
467 961 624 1026 Αὖθις
683 961 775 1019 οῦν
831 960 1194 1041 ὑποστρέψας,
1255 960 1322 1038 τῇ
1397 966 1649 1038 στρωμνῇ
1709 981 1872 1017 κατε-

212 1051 452 1110 κλίνετο.
516 1052 656 1109 Εἶτα
719 1049 881 1108 πάλιν
927 1054 955 1108 6
1003 1050 1183 1108 καλῶν
1213 1052 1273 1108 τὸ
1304 1050 1538 1126 δεύτερον
1575 1050 1871 1128 παραστὰς,

215 1141 508 1219 Γρηγόριε,
544 1139 669 1221 ἔφη.
727 1129 784 1198 Ὀ
814 1139 983 1199 δὲκαὶ
1040 1141 1178 1204 αὖθις
1238 1138 1585 1210 ἀναπηδήσας
1644 1136 1868 1214 σπουδῇ⁹

215 1232 316 1308 πρὸ
347 1228 449 1298 τῆς
480 1228 668 1298 κλίνης
717 1230 935 1288 ἵσταται
991 1240 1085 1290 τοῦ
1139 1227 1540 1310 ἆρχιδιακὸνου,
1599 1229 1686 1285 καὶ
1739 1226 1871 1284 Ἰδοὺ

218 1317 348 1400 ὶγιῖυ³
384 1319 558 1399 κύριε⁹
618 1321 669 1376 τί
723 1319 990 1386 κέκληκάς
1049 1341 1140 1395 με⁹
1201 1327 1381 1398 φησιν,
1445 1312 1502 1377 Ὀ
1559 1315 1872 1398 ἀρχιδιάκο·

220 1429 307 1472 νος
369 1408 466 1465 οὖν
524 1409 610 1466 ἰπὶ
665 1417 744 1484 τῷ
803 1411 1073 1490 πράγματι
1132 1408 1523 1489 διαταραχθεὶς,
1596 1412 1717 1464 εἶτα
1786 1409 1873 1464 καὶ

1952 510 2122 572 cibus
2145 511 2644 574 obtestabaturzac
2669 531 2800 573 mox
2832 513 2994 574 humi
3018 532 3203 595 prope
3236 533 3269 576 a
3301 515 3450 578 lecto
3479 513 3593 578 Do-

1957 600 2076 660 nati
2111 599 2748 680 procumbens,somno
2771 620 2836 662 se
2867 601 3051 665 dedit.
3075 602 3376 667 Assistens
3393 611 3592 669 autem

1957 690 2196 770 quidam
2244 689 2408 752 illum
2443 691 2680 772 proprio
2714 694 2976 764 nomine,
3011 693 3288 772 Gregori,
3323 695 3593 776 appella-

1958 779 2054 839 vit.
2076 782 2134 839 Is
2168 798 2304 842 iero
2336 779 2854 844 confestiszcce
2881 800 3013 862 ego,
3040 782 3320 861 domine;
3354 793 3411 846 et
3431 793 3594 847 stans

1956 886 2152 929 coram
2168 869 2614 950 archidiaconu;
2633 868 2782 941 Quid
2820 889 2914 931 me
2948 871 3488 952 (inquit),domine,
3508 893 3598 937 vo-

1958 955 2142 1018 casti?
2189 957 2301 1018 Cui
2335 957 2474 1018 ille:
2511 959 2641 1020 Non
2671 969 2749 1033 te,
2795 959 2896 1035 ait,
2933 959 3036 1034 fili,
3079 962 3295 1025 vocavi.
3330 963 3597 1046 Cumque

1957 1046 2057 1107 ille
2079 1065 2284 1108 rursus
2308 1046 2459 1108 lecto
2481 1055 2701 1109 stratus
2724 1049 3122 1124 recumberet,
3144 1069 3279 1112 mox
3297 1054 3398 1133 qui
3416 1072 3595 1116 vocn-

1955 1142 2065 1210 rat,
2099 1136 2360 1196 secundo
2395 1136 2724 1198 assistens:
2761 1137 3032 1218 Gregori,
3054 1137 3226 1200 dixit.
3263 1137 3455 1202 Atille
3483 1143 3596 1204 de-

1957 1244 2074 1286 nuo
2104 1225 2450 1286 festinanter
2479 1226 2771 1306 resiliens,
2806 1227 3204 1290 archidiaconi
3236 1228 3390 1291 lecto
3437 1249 3596 1311 prte-

1957 1321 2046 1372 sto
2077 1313 2222 1377 fuit:
2259 1313 3180 1395 Ecce,inquiens,ego,domine;
3213 1318 3352 1399 quid
3381 1338 3474 1381 me
3493 1338 3598 1382 vo-

1915 1463 1919 1466 .
1958 1404 2103 1465 casti
2127 1403 2151 1464 2’
2179 1404 2574 1477 Quamobrem
2600 1406 3062 1468 archidiaconus
3085 1409 3193 1470 sub
3216 1410 3340 1472 haec
3364 1422 3596 1490 perter-

219 1501 318 1566 τήν
378 1497 580 1566 κλῆσιν
643 1499 840 1559 ἄνωθεν
899 1501 1042 1557 εἶναι
1099 1501 1178 1576 μὴ
1229 1500 1523 1580 ἀγνοήσας,
1578 1496 1720 1577 Ἐγὼ
1749 1499 1872 1574 μὲν,

222 1588 413 1664 εἴρηκε
473 1589 606 1666 πρὸς
659 1591 841 1663 αὐτὸν,
905 1587 1023 1646 οῦδὲ
1080 1597 1171 1647 νῦν
1225 1589 1466 1657 κέκληκά
1521 1611 1602 1663 σε⁹
1665 1589 1875 1663 τέκνον,

2067 1601 2263 1656 orans,
2300 1583 2387 1648 sic
2416 1584 2582 1645 illum
2615 1585 2866 1646 affatur:
2921 1583 3128 1666 Neque
3155 1604 3299 1648 sane
3329 1606 3487 1650 nunc
3517 1600 3596 1670 te,

222 1676 367 1744 πλὴν
399 1675 527 1733 ἀλλ’
557 1679 602 1734 εἰ
632 1679 777 1744 αὖθις
807 1678 942 1736 οὕτω
969 1679 1244 1755 κληθείης,
1297 1681 1578 1758 ἀπόκριναι
1639 1687 1715 1754 τῷ
1771 1702 1874 1736 κα-

2062 1720 2071 1744 ,
2104 1672 2326 1736 vocavi.
2360 1671 2744 1735 Verumenim
2769 1692 3000 1735 rursum
3025 1675 3074 1735 si
3097 1694 3330 1756 vocere,
3353 1695 3602 1757 percon-

223 1765 367 1823 λοῦτί
428 1787 513 1852 σεἓ
579 1769 640 1826 Τί
691 1768 826 1844 ἔστι,
890 1771 1065 1848 Κύριε,
1127 1771 1178 1828 τί
1236 1769 1580 1850 προστάττεις
1655 1772 1728 1844 τῷ
1799 1775 1878 1843 σῷ

2064 1762 2102 1821 ti
2137 1762 2503 1838 respondeas
2551 1763 2726 1824 velim
2755 1784 2770 1825 :
2798 1763 2981 1852 ⁸(ξυίιι
3025 1783 3118 1826 me
3158 1765 3261 1840 vis,
3301 1765 3603 1834 Domine?

227 1857 404 1917 οἰκέτῃ
446 1876 464 1932 ;
498 1850 592 1922 Ὦς
622 1859 710 1915 οὗν
740 1861 829 1916 καὶ
858 1861 1031 1938 τρίτον
1089 1863 1115 1917 ὁ
1174 1849 1349 1918 xz).th
1405 1860 1604 1930 ὲπίστη
1657 1878 1873 1940 προφω-

2068 1851 2103 1909 d
2138 1851 2411 1931 ptmcipis
2457 1869 2625 1912 servo
2666 1862 2767 1913 tuo
2789 1850 2820 1911 ?
2850 1849 3165 1934 Postquam
3196 1854 3374 1935 igitur
3404 1858 3598 1935 tertio,

229 1952 327 2002 νῶν
376 1949 443 2003 τὸ
507 1948 790 2028 Γρηγόριε,
850 1949 1189 2027 ἀποκρίνεται
1243 1953 1392 2016 οὗτος
1452 1951 1632 2027 ὥσπερ
1663 1949 1761 2029 ἄρα
1792 1951 1879 2007 καὶ

2062 1940 2235 2018 egori,
2268 1944 2562 2002 advocans
2593 1941 2894 2016 astitisset,
2929 1942 3030 2005 ille
3065 1943 3148 2004 uti
3193 1945 3438 2008 edoctus
3472 1946 3600 2010 fue-

229 2033 495 2117 διδαχθεὶς
529 2036 743 2118 ἔτυχεν.
783 2039 936 2104 Εὐθὺς
969 2039 1024 2096 δὲ
1082 2043 1109 2097 6
1166 2039 1372 2122 καλῶ),
1425 2038 1652 2120 ἅγγελος
1706 2040 1760 2096 δὲ
1790 2043 1880 2096 τοῦ

2062 2078 2074 2104 ,
2107 2031 2432 2109 respondit.
2465 2034 2646 2092 Porro
2674 2032 2869 2093 statim
2902 2032 3003 2120 qui
3050 2043 3286 2096 vocarat
3336 2037 3602 2116 (angelus

232 2133 361 2184 Θεοῦ
418 2125 489 2194 ἧν
547 2126 720 2203 οὗτος,
783 2127 1091 2186 ’¹Ηκουσταί
1142 2154 1258 2205 σου,
1321 2118 1746 2211 ἒιρη,δέησις.
1783 2140 1881 2186 Δεῖ

2062 2139 2122 2179 m
2157 2118 2343 2211 is‘Dei
2373 2121 2632 2211 fuerat):
2666 2118 2972 2184 Exaudite"
3004 2131 3116 2201 est,
3151 2124 3362 2205 inquit,
3397 2145 3599 2207 preca-

231 2216 314 2273 οὗν
344 2237 406 2273 σε
464 2221 526 2273 τὸ
585 2217 757 2297 τάχος
816 2221 955 2296 παρὰ
1011 2221 1102 2276 τὸν
1165 2220 1406 2299 αἰγιαλὸν
1463 2221 1724 2299 γενέσθαι,
1787 2224 1874 2278 καὶ

2073 2208 2488 2282 tua.Quocirca
2522 2211 2593 2272 ad
2626 2211 2792 2272 littus
2822 2213 3117 2275 concedas
3146 2225 3403 2296 oportet,
3439 2227 3495 2280 ut
3527 2216 3601 2280 ad

232 2308 356 2384 πρὸς
416 2309 542 2372 τοὺς
599 2309 779 2386 ἁγίους
835 2310 1030 2374 τόπους
1083 2325 1200 2373 τοῖς
1253 2310 1538 2376 ἀπάξουσιν
1596 2311 1869 2392 ἐντυχεῖν.

2062 2317 2089 2360 a
2121 2307 2325 2360 sancta
2357 2301 2738 2392 tendentibus
2767 2301 2975 2392 obvius
3012 2304 3141 2366 fias.

311 2393 399 2458 Δ’.
466 2393 589 2454 Ἐπὶ
642 2399 850 2463 τούτοις
908 2401 936 2456 6
993 2400 1279 2479 Γρηγόριυς
1339 2387 1761 2481 εὐχαριστήσας-
1801 2409 1876 2477 τῷ

2075 2389 2136 2453 ν.
2198 2388 2263 2481 In
2326 2390 2436 2481 his
2468 2390 2787 2469 Gregorius
2832 2391 2954 2453 Deo
3005 2395 3224 2472 gratias
3252 2397 3392 2478 egit,
3424 2405 3605 2475 atque

235 2490 346 2556 Θεῷ
397 2487 490 2542 καὶ
544 2485 634 2551 οἷς
691 2485 915 2554 ἤκουσεν
970 2488 1287 2559 εὖπειθήσας
1347 2489 1534 2555 ἔξεισι-ι
1585 2489 1660 2546 ἔτι
1705 2512 1870 2547 κατε-

2063 2480 2253 2540 smodi
2281 2479 2474 2541 verbis
2494 2481 2675 2542 fidem
2699 2481 2950 2558 habens,
2967 2485 3290 2562 egreditur,
3321 2493 3379 2547 et
3397 2487 3601 2550 archi-

235 2578 470 2655 χόμενον
525 2575 674 2652 ὕπνῳ
735 2579 1052 2636 καταλιπὼν
1137 2581 1226 2636 τὸν
1310 2577 1711 2659 ἀρχιδιάκονον,
1785 2584 1872 2638 καὶ

2062 2587 2270 2629 conum
2305 2569 2562 2630 necdum
2610 2587 2822 2631 somno
2853 2571 3109 2632 solutum
3140 2573 3400 2657 reliquit,
3433 2577 3598 2638 navi-

230 2664 399 2741 πλοίφ
455 2667 790 2747 περιτυχὼν,
862 2667 1046 2747 ἠρώτα
1103 2669 1234 2726 ποτε
1290 2657 1568 2727 καί-ὅπου
1625 2669 1872 2746 μέλλοιεν

2062 2677 2171 2738 que
2197 2677 2543 2739 occurrens,
2571 2659 2729 2722 unde
2757 2660 2844 2721 illi
2872 2661 3130 2743 advecti,
3157 2673 3215 2725 et
3235 2683 3350 2745 quo
3374 2667 3604 2745 naviga-

231 2757 317 2812 τὸν
368 2754 648 2814 ἂπόπλουν
719 2771 919 2818 ποιεῖν.
992 2758 1143 2815 Ἐπεὶ
1214 2757 1270 2815 δὲ
1336 2757 1560 2826 ἤκουσεν
1632 2763 1704 2822 ὡς
1771 2759 1874 2828 ἤδη

2063 2750 2081 2808 i
2111 2756 2335 2823 essent,
2373 2751 2854 2828 percontabatur.
2881 2752 2955 2812 At
2979 2751 3079 2813 ubi
3112 2756 3469 2834 navigationi
3495 2776 3602 2820 ac-

233 2843 390 2903 πλετν
449 2845 550 2907 μέν
607 2847 736 2903 εἰσιν
789 2849 1085 2928 εὐτρεπεῖς³
1147 2849 1219 2912 εἷς
1283 2849 1613 2928 Καρθαγὲναν
1673 2848 1725 2904 δὲ
1785 2853 1876 2908 τὸν

2065 2851 2153 2899 tos
2184 2839 2422 2919 quidem
2456 2839 2611 2914 illos,
2645 2858 2850 2902 Verum
2882 2841 3297 2922 Carthaginem
3329 2863 3460 2908 esse
3493 2866 3603 2911 na-

235 2933 506 2991 ἂπόπλουν
563 2939 838 2994 ποιεῖσθαι
894 2937 1194 3016 βούλοιντο,
1257 2927 1530 3013 σύμπλουν
1584 2939 1670 2996 καὶ
1721 2941 1877 2996 αὒτὸν

2062 2940 2255 2990 aturos
2311 2927 2550 3002 audivit,
2611 2949 2744 2991 cum
2798 2931 2872 2992 iis
2927 2934 3148 3012 pariter
3176 2935 3602 3013 navigationem

236 3021 376 3090 ἠξίου
427 3021 784 3102 παραλαϐεῖν,
836 3025 899 3084 ’0
949 3035 1043 3086 τοῦ
1092 3025 1276 3084 πλείου
1299 3029 1471 3085 τοίνυν
1502 3030 1875 3108 προεστηκὼς,

2062 3019 2160 3079 »ἰιτθ
2204 3017 2492 3080 decrevrt.
2553 3022 2755 3101 Atque
2807 3022 2975 3084 navis
3020 3024 3356 3104 praefectus,
3403 3045 3604 3089 acrem

235 3113 343 3188 ἄμα
415 3114 518 3190 μὲν
581 3116 644 3172 τὸ
717 3115 1246 3192 κατεσπουδασμένον
1315 3119 1470 3174 αὐτοῦ
1541 3118 1635 3186 τῆς
1708 3121 1876 3197 ὁρμῆς

2068 3128 2095 3169 s
2141 3109 2524 3188 cupiditatem
2565 3118 2635 3214 .et
2663 3112 2936 3210 affectum
2966 3123 3321 3212 suspectum
3353 3115 3603 3193 habens,

237 3203 592 3276 δποπτεύσας,
653 3204 765 3281 ἅμα
825 3204 879 3262 δὲ
927 3207 1020 3264 καί
1053 3207 1184 3284 πρὸς
1233 3209 1294 3264 τὸ
1323 3209 1568 3264 ταπεινὸν
1600 3215 1692 3264 τοῦ
1723 3210 1874 3288 σχή-

2062 3198 2261 3277 iulque
2289 3199 2361 3259 ad
2392 3199 2616 3261 humile
2647 3199 2982 3263 vestimenti
3011 3221 3200 3280 genus
3220 3204 3426 3270 oculos
3452 3207 3605 3286 adji-

1959 1493 2128 1568 ritus,
2167 1495 2534 1555 vocationem
2561 1493 2721 1556 illam
2754 1495 2989 1556 coalitus
3023 1496 3290 1578 illapsatn
3321 1517 3454 1563 esse
3481 1519 3599 1563 non

233 3313 406 3367 ματος
461 3291 687 3370 ἀπιδὼν,
748 3297 836 3364 Μή
890 3296 940 3352 τί
998 3317 1059 3375 γε
1113 3295 1213 3376 ἄρα
1254 3295 1437 3362 δοῦλός
1470 3319 1527 3354 τε
1557 3298 1638 3372 εἶ,
1671 3300 1757 3356 καὶ
1788 3300 1877 3355 τὸν

236 3383 520 3450 Δεσπότην
577 3382 976 3464 ἀποδιδράσκεις
1033 3387 1121 3444 τὸν
1181 3387 1418 3464 ἑαυτοῦ;
1479 3386 1664 3466 ἤρετο.
1697 3385 1790 3452 Ὠς
1823 3386 1878 3443 δὲ

229 3473 446 3536 ἱκεῖνος
505 3479 730 3550 Χριστοῦ
787 3473 885 3551 μὲν
941 3472 1122 3540 δοῦλος
1178 3476 1319 3534 εἶναι
1371 3477 1572 3558 ἔλεγεν,
1607 3478 1878 3558 ἀνθρώπου

234 3559 290 3617 εὶ
322 3558 555 3634 οὐδενὸς,
591 3562 816 3640 ἐμϐῆναι
847 3563 944 3639 μὲν
973 3567 1045 3632 εἷς
1092 3569 1153 3623 τὸ
1201 3573 1397 3625 πλοῖον
1454 3570 1674 3646 ἓσρῆΑεν,
1735 3567 1882 3628 οὐδὲν

233 3650 292 3707 δὲ
362 3650 736 3732 φιλάνθρωπον
822 3653 939 3714 οὐδὲ
1022 3653 1222 3714 δικαιον
1305 3655 1390 3714 ἐπ’
1462 3658 1605 3732 αὐτῷ
1675 3655 1880 3738 δρςίσειν

233 3739 482 3823 ἰσκόπει,
542 3740 826 3802 ἀποδόσθαι
895 3752 1078 3804 τοῦτον
1147 3748 1220 3810 εἷς
1292 3745 1529 3804 δουλείαν
1598 3747 1882 3826 ἀπανθρώ-

237 3852 356 3896 πως
407 3831 806 3910 διανοούμενος,
864 3833 932 3892 Ἦ
966 3835 1065 3911 μὲν
1100 3837 1189 3895 οὖν
1238 3844 1388 3919 ναῦς³
1445 3837 1682 3917 ὶπιφόρῳ
1733 3862 1882 3918 χρη-

1961 3288 2147 3362 ciens,
2184 3289 2549 3368 nunquinam
2582 3289 2683 3350 ille
2709 3308 2913 3352 servus
2947 3301 3124 3374 esset,
3179 3293 3606 3377 dominumque

1961 3378 2266 3459 refugeret
2299 3397 2496 3456 suum,
2529 3379 2928 3459 interrogavit.
2989 3384 3046 3443 ls
3103 3401 3239 3445 vero
3272 3384 3495 3447 Christi
3541 3404 3607 3448 se
3661 3413 3663 3415 ί

1963 3487 2198 3530 servum
2231 3467 2379 3529 dixit
2408 3488 2563 3544 esse,
2586 3489 2703 3531 non
2727 3469 3005 3532 hominis.
3040 3474 3333 3535 Caeterum
3360 3475 3609 3538 liberale

1963 3566 2064 3621 aut
2114 3560 2341 3638 justum
2399 3559 2461 3620 in
2527 3560 2721 3639 ipsum
2754 3560 2901 3621 nihil
2945 3564 3202 3642 molitus,
3237 3565 3514 3626 eumdem
3546 3566 3608 3627 in

1965 3651 2302 3711 servitutem
2328 3649 2561 3710 tradere
2595 3649 3050 3728 flagitiosissimo
3083 3653 3377 3729 cogitavit.
3410 3657 3608 3734 Atque

1965 3739 2127 3799 navis
2158 3737 2398 3818 quidem
2448 3757 2734 3818 prospera
2769 3757 2872 3800 usa
2931 3739 3323 3822 navigatione,
3358 3740 3608 3808 Cartha-

1965 3827 2090 3908 gini
2120 3828 2318 3889 triduo
2350 3828 2599 3909 appulsa
2630 3837 2741 3891 est.
2773 3828 3063 3892 Nauclero
3093 3847 3237 3892 vero
3265 3831 3370 3894 ille
3398 3834 3607 3896 sedulo

233 3921 448 3996 σαμίνη
507 3929 585 4000 τῷ
642 3925 924 4007 πνεύματι,
983 3926 1038 3982 ἐν
1096 3927 1270 4007 τρισίν
1327 3917 1552 4006 ἡμέραις
1602 3929 1698 3996 τὴν
1738 3917 1882 4008 Καρ-

2062 3936 2242 3981 enem
2273 3917 2602 3980 observans
2636 3917 2914 4000 precibus
2937 3939 3005 3982 ac
3037 3919 3252 3999 vigiliis
3283 3930 3459 3996 totam
3491 3943 3605 3986 no-

234 4013 468 4090 θαγέναν
518 4013 878 4094 κατειλήφει·
943 4018 971 4072 6
1033 4014 1088 4073 δὲ
1159 4016 1224 4086 δὴ
1282 4016 1579 4095 ναύκληρος
1650 4019 1882 4098 ἐκεῖνος,

2070 4028 2125 4070 m
2184 4009 2515 4069 insomnem
2565 4008 2811 4086 ducere,
2862 4011 3172 4072 veritatem
3201 4014 3424 4075 sensim
3460 4013 3608 4076 edo-

239 4107 489 4182 συνεχῶς
547 4103 646 4173 τὴν
700 4103 868 4163 παῖδα
928 4114 1268 4187 παρατηρῶν,
1325 4106 1406 4165 ὅτι
1464 4122 1796 4190 προσευχαῖς
1827 4131 1885 4166 τε

2062 4118 2097 4160 .s
2128 4105 2237 4172 est,
2273 4107 2448 4179 atque
2478 4098 2824 4179 opinionem
2869 4099 2944 4161 de
2991 4101 3091 4164 illo
3149 4111 3610 4166 consentaneam

232 4193 324 4248 καὶ
388 4193 699 4272 ὰγρδπνίαις
753 4193 880 4272 παρ’
937 4194 1072 4266 ὅλην
1129 4197 1287 4256 νύκτα
1347 4188 1726 4277 προσκείμενος
1798 4199 1882 4281 ἧν,

2062 4189 2249 4251 ilatim
2269 4188 2460 4251 induit
2487 4208 2501 4250 :
2535 4190 2816 4250 nimirum
2849 4192 3115 4270 cujusvis
3143 4193 3451 4254 hominum
3481 4210 3612 4254 ser-

237 4280 416 4358 ἠρέμα
445 4281 540 4340 τοῦ
569 4281 721 4350 ὄντος
752 4284 978 4368 ἐγίνετο³
1043 4287 1131 4344 καὶ
1183 4285 1387 4345 ἔννοιαν
1437 4289 1557 4368 περὶ
1602 4289 1760 4347 αὐτοῦ
1790 4279 1886 4358 τὴν

2062 4298 2107 4339 rn
2141 4297 2257 4341 non
2288 4296 2443 4354 esse,
2474 4279 2580 4338 sed
2611 4279 2774 4340 inter
2804 4281 3028 4359 primos
3072 4293 3250 4360 atque
3282 4281 3612 4363 praecipuos

242 4371 622 4449 προσήκουσαν
679 4378 816 4432 κατὰ
873 4367 1063 4456 μικρὸν
1128 4374 1442 4457 ὑπεδέχετο,
1514 4367 1590 4443 ὡς
1653 4377 1752 4458 ἄρα
1796 4383 1890 4438 οὐκ

2066 4367 2414 4431 iministros
2473 4369 2924 4430 numerandum.
2988 4369 3142 4432 Hinc
3195 4369 3363 4432 illum
3405 4371 3612 4452 ingens

240 4445 534 4539 ἀνθρώπων
559 4465 723 4538 τινὸς,
775 4445 895 4524 ἀλλἶ
950 4445 1004 4522 ἰν
1061 4480 1176 4534 τοῖς
1233 4445 1464 4547 πρίότοίς
1522 4445 1755 4544 μάλιστα
1784 4476 1890 4527 τῶν

2062 4459 2144 4521 lor
2171 4458 2420 4539 accepit.
2456 4459 2703 4540 ejusque
2732 4457 2996 4520 animum
3056 4469 3425 4541 praesumpta;
3464 4445 3608 4542 opi-

239 4532 350 4608 106-
395 4557 529 4640 ρεοῦ
583 4532 781 4613 δούλιον
830 4556 997 4618 ἐστίν.
1047 4532 1206 4616 ’Ὅθεν
1250 4532 1393 4625 λύπη
1424 4532 1481 4614 τε
1513 4532 1670 4615 αὐτὸν
1697 4561 1892 4640 ἰσχυρὰ

2062 4549 2174 4610 mis
2203 4532 2386 4610 subiit
2411 4532 2777 4629 poenitentia.
2805 4532 3103 4631 Lacrymis
3129 4532 3374 4626 item,ac
3393 4532 3616 4614 amaris

240 4643 332 4698 καὶ
387 4637 535 4710 δεινὴ
593 4643 925 4721 μεταμέλεια
980 4647 1066 4704 ἐπὶ
1121 4659 1244 4712 τοῖς
1296 4645 1647 4726 προλαϐοῦσιν
1701 4637 1890 4725 dorici,

2062 4637 2273 4700 tsmodi
2301 4638 2586 4700 remediis
2613 4639 2800 4698 virum
2851 4651 3118 4701 sanctum
3149 4641 3466 4722 propitium
3499 4640 3615 4704 sibi

242 4730 338 4787 καί
397 4727 620 4814 δάκρυσι
679 4735 939 4800 τοιούτοις
1000 4737 1300 4817 φαρμάκοις
1359 4737 1456 4806 την
1506 4735 1682 4796 ἂίδικον
1713 4739 1893 4820 ὥσπερ

243 4819 533 4896 ἆνθύμησιν
560 4827 658 4891 τῆς
689 4829 870 4906 ψυχῆς
901 4824 1200 4892 ἑξιᾶσασοαι
1227 4825 1578 4904 βουλόμενος.

327 4909 423 4975 ε’.
460 4909 614 4969 Ἐπεὶ
667 4912 722 4970 δὲ
777 4916 866 4974 καὶ
925 4918 1273 4996 ὁρμισάμενοι
1332 4921 1432 4985 τῆς
1483 4917 1691 4982 πόλεως
1749 4915 1893 4974 ἔνδον

243 4999 551 5081 γεγόνασιν,
613 5003 641 5058 6
702 5003 998 5085 ναύκληρος
1060 5008 1133 5074 εἰς
1190 5006 1258 5062 τὰ
1317 5006 1506 5066 ἑαυτοῦ
1561 5005 1742 5079 ξενίζει
1801 5008 1893 5063 τὸν

243 5087 440 5176 παῖδα,
470 5092 561 5148 καὶ
588 5088 866 5172 ὶδιιζούση
920 5104 1110 5156 τοῦτον
1159 5095 1296 5170 οἰκίᾳ
1347 5093 1634 5176 σχολάζειν
1663 5095 1841 5154 δίδωσι
1874 5113 1888 5127 ο

245 5179 340 5236 καί
401 5175 465 5250 δὴ
513 5180 610 5238 καί
658 5183 748 5239 τὸν
781 5181 980 5242 ἄτοπον
1010 5188 1152 5260 αὖτῷ
1179 5175 1438 5263 λογισμὸν
1467 5184 1769 5263 ἐκκαλύψας
1814 5185 1896 5263 (οὗ

244 5270 348 5347 γὰρ
407 5267 574 5337 ἀνῆκε
635 5269 874 5340 πλῆττον
925 5275 988 5332 τὸ
1040 5273 1273 5341 συνειδὸς
1306 5273 1391 5333 διὰ
1417 5275 1517 5344 τὴν
1547 5286 1642 5336 τοῦ
1675 5277 1806 5354 πρὸς
1839 5277 1896 5333 ὃν

247 5358 553 5439 ἡμάρτανεν
618 5361 924 5439 ἁγιότητα)⁹
985 5361 1158 5422 ἰδεῐτο
1216 5366 1304 5422 καὶ
1359 5364 1680 5445 συγγνώμης
1735 5364 1898 5430 ἀξιω-

239 5451 432 5536 θῆναι,
485 5450 554 5518 ἧς
615 5447 683 5520 δὴ
739 5453 830 5511 καὶ
888 5454 1144 5534 τυγχάνει
1219 5455 1360 5536 παρὰ.
1421 5454 1524 5524 τῆς
1598 5459 1899 5532 συμπαθοῦς

251 5534 458 5626 helan
515 5541 607 5598 καὶ
664 5539 1038 5622 φιλανθρώπου
1095 5534 1304 5626 ψυχῆςέ
1359 5545 1458 5604 Καὶ
1499 5547 1528 5602 6
1584 5544 1683 5623 μὲν
1709 5542 1898 5612 οὕτως·

1973 4728 2230 4791 reddere
2261 4727 2552 4803 studebat,
2578 4727 2814 4808 injustte
2843 4727 2930 4790 illi
2960 4730 3127 4810 quasi
3159 4731 3432 4792 humanae
3456 4731 3616 4810 cogi-

1980 4817 2182 4880 tationi
2217 4818 2444 4881 mederi
2473 4819 2742 4900 cupiens.

2062 4906 2129 4970 V.
2159 4909 2370 4970 Postea
2403 4924 2565 4985 vero,
2598 4925 2775 4988 quam
2809 4905 3102 4969 civitatem
3151 4907 3406 4987 ingressi
3450 4919 3610 4989 sunt,

1977 4999 2294 5060 nauclerus
2323 4998 2577 5079 hospitio
2609 4997 2766 5058 domi
2797 5013 2919 5058 sua:
2935 4997 3216 5076 juvenem
3247 4997 3484 5078 excipit,
3519 5001 3617 5062 ei-

1978 5106 2093 5169 que
2119 5086 2491 5150 familiariter
2513 5105 2621 5168 pro
2652 5085 2896 5147 arbitrio
2929 5086 3104 5148 vitam
3135 5087 3347 5164 agendi
3377 5088 3616 5152 faculta-

1981 5186 2100 5238 tem
2134 5177 2419 5258 impertit.
2447 5175 2709 5255 Cumque
2726 5175 2812 5235 illi
2828 5173 3143 5236 absurdam
3158 5194 3301 5238 sane
3318 5181 3619 5258 cogitatio‘

1980 5285 2118 5329 nem
2142 5269 2330 5350 palam
2344 5266 2582 5328 fecisset
2599 5277 2813 5344 (neque
2832 5268 2990 5326 enim
3013 5267 3288 5346 perculsa
3307 5276 3615 5334 conscien-

1983 5356 2087 5432 tia,
2120 5357 2248 5436 ejus
2275 5355 2551 5438 ipsius,in
2581 5373 2762 5433 quem
2794 5355 3144 5438 oﬂ‘enderat,
3173 5366 3618 5436 permotussan-

1981 5446 2206 5530 ctitate,
2239 5465 2414 5510 secus
2438 5447 2632 5508 facere
2652 5453 2936 5529 poterat),
2962 5445 3362 5514 obtestabatur
3383 5448 3499 5510 sibi
3520 5467 3620 5528 vo-

1984 5537 2146 5599 niam
2177 5537 2331 5619 dari,
2363 5555 2538 5620 quam
2597 5535 2671 5598 ab
2727 5537 2926 5597 animo
2986 5535 3089 5597 illo
3130 5535 3412 5619 benigno,
3444 5550 3506 5602 et
3543 5540 3619 5604 ad

253 5629 282 5686 δ
310 5625 365 5686 δα
398 5625 463 5700 δὴ
492 5631 790 5712 Γρηγόριος
820 5623 1258 5713 επικλεισάμενος
1305 5636 1492 5694 ἑαυτὸν
1539 5634 1596 5694 ιν
1647 5637 1692 5712 ᾧ
1749 5634 1893 5705 οἷκῆ-

2062 5629 2423 5695 omerendos
2450 5628 2726 5692 homines
2750 5632 2889 5688 nato
2910 5623 3086 5688 facile
3104 5626 3510 5727 consequitur.
3532 5629 3620 5694 Ae
