3918 6138
187 328 276 395 197

1169 330 1357 398 VITA
1398 334 1456 395 S.
1505 327 1874 398 GREGORII
1906 324 2447 396 AGRIGENTINL

3376 324 3493 398 198

178 468 284 546 πρὸς
352 467 540 546 τροφὴν
606 468 900 548 παρετίθει,
962 469 1047 526 καὶ
1115 470 1469 548 γευσαμένους
1541 469 1766 532 ἀύπνους

1945 476 2060 524 tum
2085 469 2408 526 necessaria
2434 467 2660 526 abunde
2684 467 2799 525 illis
2817 467 3216 540 apposuit.Qui
3240 482 3368 526 cum
3391 483 3500 541 gu-

179 558 331 622 αὖτοῡς
377 555 528 637 ἄχρις
577 556 761 636 ὄρθρου
819 558 977 638 εἶχεν
1033 560 1067 626 ἡ
1125 558 1235 632 νὺξ,
1289 561 1412 623 τούς
1483 581 1542 616 τε
1610 559 1777 637 ἱεροὺς

174 646 336 720 ὕμνους
379 644 586 717 ᾅδοντας
641 649 730 704 καὶ
775 649 894 712 τοὺς
946 650 1113 711 θείους
1143 648 1331 726 λόγους
1379 649 1778 726 ἀναγινώσκον-

171 757 270 799 τας.
328 734 499 792 ’Ἔνθα
530 734 594 803 δὴ
625 738 714 793 καὶ
744 740 789 793 οἱ
832 740 1065 818 μοναχοὶ
1093 739 1192 806 τὴν
1222 746 1316 796 τοῦ
1347 738 1530 804 παιδὸς
1577 739 1780 796 σύνεσιν

171 826 242 880 ai
283 823 387 881 λίαν
433 827 878 904 ὑπερτιγάσθησαν
927 825 1094 891 οὕτως
1155 827 1421 908 εὐρύθμως
1467 832 1638 885 πάντα
1692 824 1781 885 καὶ

171 912 384 992 ἀσφαλῶς
413 916 568 972 αύτοῦ
605 913 850 980 διιόντος.

234 992 300 1062 Ζ’.
357 1005 616 1083 Τετάρτης
648 1008 737 1063 οὖν
768 1005 854 1064 ἐπὶ
912 1007 1122 1070 τούτοις
1155 1010 1340 1072 αὐτοῖς
1393 1007 1777 1087 ἐπιγενομένης

169 1091 360 1170 ἡμέρας,
390 1092 506 1151 ὁδοῦ
552 1095 659 1152 τῶν
719 1099 981 1176 μοναχῶν
1032 1101 1058 1153 ὁ
1101 1105 1310 1177 πρῶτος
1356 1099 1652 1174 ἐμέμνητο,
1689 1107 1772 1154 καὶ

172 1183 251 1248 τῆς
291 1182 498 1262 ἑσπέρας
529 1182 964 1266 καταλαϐούσης,
997 1185 1157 1252 ἐξίασι
1206 1201 1325 1251 τοῖς
1375 1187 1583 1249 πόλεως
1631 1187 1768 1262 ἅμα,

176 1270 229 1327 Er
392 1271 437 1304 et:
604 1274 614 1291 α
826 1274 847 1294 κ
892 1276 903 1292 ο
1216 1281 1228 1295 ι.
1319 1289 1328 1301 ,
1650 1277 1661 1293 ν

213 1294 329 1331 ικοσι
388 1292 440 1328 οε
511 1275 716 1353 ἡμερας
789 1277 1124 1354 δοευσαντες,
1190 1301 1262 1343 εις
1333 1277 1571 1356 Γρίπολιν
1644 1300 1770 1356 αφι-

173 1369 398 1436 κνοῦνῑαι,
455 1365 546 1419 καὶ
616 1365 744 1441 πρὸς
806 1367 899 1420 τὸι
958 1373 1051 1424 τοῦ
1125 1368 1277 1444 ἁγίου
1335 1366 1580 1424 Λεοντίου
1651 1369 1776 1423 ναὸν

175 1451 481 1531 ἀπέρχονταν
531 1451 648 1510 ὅθεν
717 1451 782 1520 δὴ
841 1455 929 1510 καὶ
988 1453 1334 1534 πρεσϐύτερός
1390 1479 1470 1520 τις
1528 1463 1632 1513 τῶν
1689 1479 1777 1512 σε·

176 1547 293 1615 μνῶν
344 1545 436 1598 καὶ
509 1544 772 1618 κοσμίων,
843 1545 1073 1608 ἓκείνους
1145 1544 1484 1624 παραλοϐὼν,
1542 1549 1616 1610 εἰς
1691 1548 1778 1602 τὸν

177 1633 303 1690 αὒτοῦ
345 1644 487 1688 οἶκον
516 1631 725 1703 Ξενίζει.
765 1641 1037 1694 Διακονῶν
1069 1633 1123 1691 δὲ
1172 1636 1238 1703 ἧν
1269 1641 1454 1700 αὐτοῖς
1487 1639 1514 1693 6
1567 1637 1776 1714 Γρηγό-

176 1722 334 1799 ριος,ὃ
373 1723 460 1778 καὶ
514 1721 600 1778 διὰ
636 1723 902 1798 θαύματος
956 1727 1003 1782 οἱ
1059 1725 1344 1802 βλέποντες
1376 1727 1540 1806 εἶχον
1595 1728 1780 1784 ὁποίαν

1863 566 2127 624 διοδειιιι,
2154 568 2322 616 totam
2347 567 2570 616 noctem
2603 572 2733 615 cum
2759 557 2980 614 divinas
3007 557 3203 616 laudes
3220 559 3502 626 canendo.

1865 661 1980 704 tum
2005 663 2200 705 sacros
2222 664 2516 706 sermones
2540 647 2868 718 lectitmdo,
2892 651 2960 706 ad
2983 647 3298 708 diluculum
3323 663 3508 723 usque

1865 738 2161 800 duxerunt
2187 741 2544 802 insomnem.
2572 736 2688 802 Ubi
2715 739 2988 802 monachi
3013 739 3505 820 prudentiamju-

1865 828 2031 889 venis
2092 830 2250 904 quod
2315 839 2427 890 tam
2488 829 2784 890 concinne
2843 837 3084 910 tutoque
3144 847 3252 890 sua
3309 829 3511 892 omnia

1861 925 2222 998 enarrasset,
2269 919 2651 980 vehementer
2708 917 2950 995 quidem
3015 918 3285 980 admirati
3345 931 3504 984 sunt.

1941 1005 2065 1068 Vll.
2121 1007 2375 1078 Quartus
2426 1008 2599 1086 igitur
2629 1026 2761 1068 cum
2814 1017 2970 1069 esset
3002 1009 3153 1088 dies;
3185 1029 3302 1090 quo
3349 1009 3508 1090 apud

1860 1096 1993 1157 illos
2041 1105 2184 1176 erat,
2223 1097 2652 1157 monachorum
2701 1097 2923 1176 primus
2957 1096 3089 1158 vitae
3141 1099 3505 1161 mentionem

1853 1185 2016 1258 fecit,
2045 1205 2112 1247 ac
2145 1196 2463 1267 appetente
2494 1204 2762 1265 vespera,
2796 1187 3033 1248 civitate
3061 1206 3176 1248 una
3198 1187 3510 1266 egrediun-

1859 1283 1974 1336 tur.
2011 1279 2276 1354 Cumque
2331 1275 2533 1354 viginti
2567 1275 2694 1336 dies
2723 1275 2835 1338 iter
2880 1275 3186 1358 fecissent,
3219 1279 3506 1362 Tripolim

1862 1365 2240 1444 perveniunt,
2274 1376 2450 1446 atque
2492 1364 2564 1426 ad
2603 1363 2674 1426 D.
2730 1365 2962 1426 Leontii
2994 1366 3283 1447 templum
3335 1369 3512 1448 proti-

1863 1456 2182 1516 clscuutur.
2215 1456 2475 1518 Proinde
2501 1454 2873 1516 venerandus
2897 1473 2966 1516 ac
2995 1466 3238 1518 ornatus
3268 1458 3510 1540 quidam

1865 1545 2168 1626 presbyter
2215 1544 2377 1606 domi
2409 1563 2531 1606 sua;
2581 1545 2837 1625 hospitio
2887 1544 3018 1606 illos
3067 1548 3349 1627 suscepit,
3381 1550 3515 1630 qui-

1866 1636 1972 1696 bus
2024 1636 2344 1715 Gregorius
2375 1634 2766 1709 ministrabat,
2804 1633 2959 1715 quod
3011 1635 3392 1716 aSpicientes,
3428 1639 3515 1701 uti

1868 1726 2215 1786 miraculum
2265 1726 2614 1798 censedant,
2645 1723 2926 1785 nimirum
2977 1744 3150 1806 quam
3199 1726 3355 1789 bona
3397 1728 3515 1792 fide

176 1813 224 1878 ἦν
266 1813 572 1888 ποιούμενος
632 1814 732 1880 τὴν
790 1815 1104 1892 ὕπηρεσίαν,
1167 1820 1224 1874 οὗ
1281 1815 1567 1876 σπουδαίαν
1619 1817 1778 1891 μόνον

1942 1815 1985 1876 is
2018 1824 2322 1895 praestaret
2352 1814 2732 1894 obsequium,
2761 1812 2940 1894 idque
2953 1834 3072 1876 non
3091 1817 3191 1878 sed
3202 1817 3300 1879 ulo
3319 1819 3513 1880 solum

174 1901 241 1955 iui
280 1901 588 1979 καρτερικὴν
619 1903 705 1957 καὶ
759 1901 1068 1982 φιλόπονον,
1103 1902 1241 1960 ἁλλά
1271 1926 1319 1960 τι
1371 1905 1458 1960 καὶ
1490 1902 1626 1960 οὕτω
1675 1925 1776 1958 κα-

167 1996 371 2046 ταπονῶν
415 1991 630 2064 ἑαυτὸν,
672 1989 751 2048 ’διὰ
804 1991 893 2049 δύο
924 2014 979 2048 τε
1030 1996 1117 2049 καὶ
1148 1999 1305 2071 τριῶν
1348 1995 1563 2070 ἡμερῶν
1624 1993 1777 2066 μόλις

167 2080 268 2143 ποὺς
317 2080 508 2158 τροφὴν
575 2080 738 2158 ἑώρα,
793 2083 888 2138 καὶ
949 2080 1055 2140 οὐδ’
1112 2081 1177 2138 ἂν
1235 2080 1349 2138 οὔδε
1409 2083 1555 2157 τότε,
1603 2085 1647 2138 εἰ
1701 2084 1778 2156 μὴ

169 2166 298 2234 πολὺς
336 2167 396 2236 ἧν
429 2172 456 2226 6
485 2172 734 2251 μοναχὸς
764 2170 972 2236 ἐκεῖνος
1024 2172 1330 2250 ἐγκείμενός
1359 2195 1414 2228 τε
1446 2175 1534 2229 καὶ
1579 2177 1777 2251 τροφῆς

169 2260 294 2316 αὐτὸν
337 2258 572 2334 ἅψασθαι
604 2260 940 2342 βίαζόμενος,
975 2260 1165 2339 λόγους
1215 2264 1330 2338 περὶ
1360 2268 1464 2318 τῶν
1514 2283 1776 2318 τεκόντων

170 2345 366 2425 iniri-9*,
417 2350 614 2431 ἐφῆκε,
653 2349 780 2408 Εἷπέ
832 2374 946 2426 μοι,
980 2350 1176 2431 λέγων,
1238 2352 1517 2432 Γρηγόριε,
1570 2352 1670 2426 ἆρά
1721 2373 1780 2407 σε

171 2436 300 2496 λυπεῖ
327 2441 386 2496 τὰ
407 2439 660 2520 φίλτατα,
697 2453 876 2517 γονεῖς
911 2462 969 2497 τε
997 2443 1086 2498 καὶ
1140 2456 1418 2518 συγγενεῖς
1450 2444 1536 2499 καὶ
1567 2442 1778 2522 ματρὶς,

170 2527 249 2584 ὕπὸ
294 2531 507 2603 μνήμην
544 2529 744 2604 irin-1;
803 2530 866 2589 ’0
924 2529 1006 2603 δὲ,
1036 2530 1177 2594 Θείας
1234 2530 1493 2595 συνέσεῖὁς
1537 2532 1624 2587 καὶ
1683 2552 1780 2596 με-

171 2620 510 2698 τριοφροσύνης
584 2618 866 2683 ὑπόπλεως
939 2619 1012 2677 ὢν
1040 2668 1057 2700 ,
1130 2621 1438 2678 Τούναντίον
1501 2621 1600 2694 μὲν
1670 2624 1780 2696 οὖν,

172 2705 271 2785 ἔφη,
300 2708 341 2764 ὦ
387 2710 588 2788 Πάτερ,
621 2711 708 2766 καὶ
741 2709 860 2790 λίαν
910 2709 1094 2790 λυπεῖ,
1133 2711 1214 2766 ὃτι
1272 2721 1364 2770 τοῦ
1399 2712 1584 2789 Κυρίου
1633 2709 1781 2789 διαρο

170 2795 303 2870 {Har-nt
348 2799 611 2876 βοῶντος,
671 2819 701 2858 (
739 2789 799 2856 “Ο
845 2798 1015 2878 φιλῶν
1068 2789 1270 2879 πατέρα
1327 2800 1362 2868 ἢ
1394 2800 1599 2879 μητέρα
1654 2801 1784 2879 ὑπὲρ

170 2886 245 2962 ὲμὶ
271 2890 355 2946 οὐκ
383 2889 495 2947 ἔστι
544 2913 650 2967 μου
682 2889 850 2970 ἄξιος,
889 2914 913 2944 υ
947 2893 1064 2967 καί,
1096 2917 1119 2950 a
1169 2877 1260 2956 ⁸ος
1293 2897 1389 2951 οὐκ
1430 2892 1786 2950 ἀποτάσσεται

170 2982 271 3032 πᾶσι
311 2992 426 3041 τοῖς
484 2980 825 3060 ὑπάρχουσιν
874 2981 1042 3056 αύτῷ,
1097 2981 1154 3037 οὗ
1214 2982 1426 3038 δύναταί
1480 3003 1582 3056 μου
1641 2982 1784 3039 εἶναι

169 3069 398 3140 μαθητὴς,
439 3095 464 3125 n
550 3070 677 3145 ἐμοὶ
751 3071 950 3128 τούτων
1024 3069 1166 3137 ἄξιον
1239 3069 1385 3129 οὐδὲν
1457 3072 1780 3152 πέπρακται.

1862 1922 1930 1965 ac
1982 1906 2297 1984 patienter,
2331 1906 2436 1966 sed
2486 1924 2620 1964 cum
2681 1922 2869 1984 usque
2920 1905 3070 1966 adeo
3131 1905 3286 1968 binis
3335 1917 3515 1989 atque

1864 1993 2040 2054 etiam
2091 1994 2261 2056 trinis
2311 1993 2524 2056 diebus
2557 1993 2764 2056 labore
2793 2012 2857 2054 se
2887 1994 3261 2076 confecisset,
3295 1997 3387 2059 vix
3437 1998 3514 2060 ad

1863 2084 2056 2144 cibum
2081 2084 2406 2162 respicere:
2435 2103 2500 2145 ac
2525 2103 2598 2145 ne
2623 2092 2744 2144 tum
2771 2083 3164 2165 quidem,nisi
3187 2088 3512 2154 monachus

1863 2174 1983 2252 ille,
2007 2192 2270 2252 saneque
2303 2173 2611 2249 molestus,
2651 2173 2810 2235 hunc
2841 2174 3034 2254 ipsum
3068 2175 3265 2237 cibum
3294 2195 3511 2258 capere

1861 2263 2270 2343 compulisset.
2302 2263 2415 2325 Hic
2439 2281 2790 2341 generosam
2826 2265 2952 2344 ejus
2987 2274 3245 2326 mentem
3280 2277 3513 2348 perten-

1863 2361 2012 2427 tans,
2041 2370 2380 2414 sermonem
2404 2353 2491 2414 illi
2513 2353 2585 2414 de
2611 2355 2956 2433 parentibus
2979 2354 3206 2434 injecit:
3241 2357 3365 2434 Age
3387 2358 3512 2420 fare

1867 2442 2217 2524 (inquiens),
2245 2443 2514 2523 Gregori,
2539 2461 2680 2504 num
2704 2443 3039 2505 dulcissimi
3059 2454 3183 2507 tum
3208 2458 3506 2527 parentes,

1870 2543 1990 2593 tum
2025 2533 2254 2606 attines,
2293 2540 2412 2593 tum
2445 2532 2624 2594 etiam
2657 2535 2846 2613 patria
2875 2536 3222 2596 memoriam
3251 2541 3514 2601 subeun-

1871 2635 1959 2684 tes
2017 2632 2202 2696 tuam,
2236 2621 2511 2684 molestia
2569 2633 2629 2684 te
2678 2621 3000 2685 afﬁciunt?
3053 2623 3128 2684 At
3158 2625 3257 2687 ille
3313 2627 3514 2691 divina

1871 2712 2182 2791 prudentia
2230 2723 2288 2774 et
2319 2713 2603 2792 singulari
2646 2713 2934 2774 modestia
2966 2712 3269 2794 praeditus,
3322 2717 3511 2780 Valde

1871 2802 1970 2863 illa
2019 2801 2283 2882 quidem,
2319 2822 2352 2863 ο
2401 2802 2598 2879 Pater,
2636 2801 2846 2883 inquit,
2881 2801 2986 2863 sed
3019 2801 3191 2865 aliter
3240 2811 3417 2887 atque
3450 2816 3512 2872 tu

1872 2891 2135 2972 opinaris
2182 2891 2470 2953 afﬁciunt.
2526 2891 2836 2970 Siquidem
2867 2890 3121 2954 Domino
3179 2895 3513 2959 luculenter

1870 2981 2159 3042 clamante
2187 3003 2200 3040 :
2261 3001 2289 3040 ι(
2321 2979 2432 3052 Qui
2461 2993 2616 3043 amat
2646 2991 2872 3062 patrem
2902 2991 3002 3042 aut
3054 2991 3302 3046 matrem
3332 3004 3513 3068 supra

1870 3089 1988 3144 me,
2017 3089 2134 3131 non
2155 3079 2246 3131 est
2279 3088 2376 3132 me
2406 3071 2620 3150 dignus
2642 3072 2711 3148 2;
2749 3094 2773 3129 ι)
2813 3080 2908 3132 et:
2951 3094 2972 3126 α
3003 3072 3117 3144 Qui
3147 3092 3267 3136 non
3299 3077 3513 3139 valedi-

167 3153 288 3223 Πλὴν
336 3157 470 3215 ἀλλὰ
498 3160 783 3240 παράσχοι
834 3159 1033 3218 ἄνωθεν
1065 3164 1092 3218 6
1137 3166 1240 3216 τῶν
1272 3161 1484 3237 ἀγαθῶν
1515 3162 1778 3241 χορηγὸς,

1946 3161 2018 3222 rit
2040 3160 2341 3234 erunibus,
2375 3179 2508 3240 qua:
2533 3161 2814 3242 possidet,
2839 3180 2956 3222 non
2979 3172 3170 3242 potest
3192 3181 3360 3227 meus
3378 3185 3512 3230 esse

166 3242 261 3317 ἰμοί
309 3269 362 3304 τε
416 3253 518 3316 τῆς
583 3248 854 3314 ἀσθενείας
924 3253 1249 3330 ὶπικουρίαν,
1291 3249 1512 3314 ἐκείνοις
1560 3249 1612 3306 δὲ
1682 3256 1778 3318 τῆς

1942 3249 2242 3330 scipulus5
2276 3271 2291 3331 ;
2329 3250 2578 3312 necdum
2628 3251 2839 3312 horum
2871 3269 2905 3312 a
2939 3270 3031 3313 me
3062 3251 3383 3332 quidquam
3418 3266 3513 3322 est

165 3338 350 3411 ἀθυμίας
375 3337 740 3414 παράκλῆσιν,
777 3342 874 3398 Καὶ
905 3341 1068 3398 ταῦτα
1097 3340 1194 3416 μὲν
1223 3341 1414 3406 οὕτως.

1942 3341 2105 3420 regie
2137 3343 2482 3423 praestitum.
2517 3341 2944 3404 Verumtamen
2973 3341 3264 3406 honorum
3297 3364 3512 3428 suppe-

165 3425 349 3516 ditator
388 3425 823 3580 imlbegillitatis
870 3429 1016 3494 mihi
1045 3430 1352 3507 auxilium,
1391 3430 1510 3493 illis
1560 3450 1698 3495 vero
1751 3431 1974 3496 doloris
2027 3433 2500 3496 consolationem
2556 3431 2781 3494 utinam
2828 3432 3063 3496 cmlitus
3104 3425 3506 3503 alleratfl'lm

165 3523 337 3580 llatine
366 3536 432 3580 se
505 3537 540 3580 a
590 3528 713 3580 ent.

165 3523 337 3594 ltaque
366 3536 432 3580 se
461 3523 713 3583 habent.

227 3607 303 3668 H’.
362 3598 598 3686 Ἠμὲρας
642 3609 698 3665 δὲ
753 3611 1120 3688 τριακονταὲν
1170 3611 1416 3690 Τριπόλει
1466 3610 1772 3690 διενεγκόν-

166 3717 256 3771 τες,
281 3699 362 3755 καὶ
395 3697 592 3776 μηδενί
641 3701 774 3778 πρὸς
800 3706 999 3781 γνῶσιν
1049 3702 1316 3782 ἐλθόντες,
1350 3701 1516 3767 ἕξιασι
1548 3703 1771 3777 ταύτης,

165 3787 243 3851 τῆς
288 3787 403 3848 δδοῦ
429 3790 520 3846 καὶ
575 3791 718 3853 αὖθις
748 3792 836 3848 καὶ
880 3799 974 3849 τοῦ
1025 3793 1219 3850 οἶιιείου
1261 3798 1463 3849 σκοποῦ
1493 3790 1774 3871 ἒχόμενοι.

168 3883 333 3945 lavdi»:
385 3879 473 3936 οὖν
541 3881 814 3958 τεσσάρων
868 3879 972 3949 ἤδη
1025 3882 1436 3963 παρῳχηκότων
1487 3879 1778 3939 κατέλαϐον

167 3968 218 4021 τὰ
273 3959 656 4050 Ἱεροσόλυμα,
739 3973 827 4028 καὶ
891 3959 1220 4051 περιῆλθον*
1273 3972 1338 4029 τὰ
1407 3971 1607 4052 ἐκεῖσε,
1681 3979 1783 4030 πᾶν

167 4055 320 4140 ὅτιπερ
369 4059 572 4138 ἀγαθὸν
628 4065 735 4116 τῶν
790 4061 966 4119 αὐτόθι
1026 4061 1440 4141 φροντιστηρίων
1493 4061 1781 4134 ἅπανθιζό-

156 4171 305 4227 μενοι,
337 4151 424 4207 καὶ
469 4151 581 4204 τῶν
626 4149 682 4205 ἓν
744 4148 928 4216 αὺτοῖς
994 4154 1334 4226 ἀσκοδμὲνων
1401 4163 1518 4214 τοῖς
1581 4149 1780 4218 Emon-

1943 3613 2126 3675 Porro
2157 3612 2390 3692 triginta
2441 3612 2567 3674 dies
2597 3611 2821 3693 Tripoli
2862 3616 3232 3693 commorati,
3287 3618 3514 3688 nemini

1865 3703 1984 3763 noti
2032 3700 2191 3778 facti,
2226 3702 2394 3763 illinc
2439 3703 2847 3779 egrediuntur,
2894 3704 3211 3785 denuoque
3253 3705 3368 3768 iter
3411 3726 3508 3769 ca-

1867 3802 2210 3870 pessunt,ac
2230 3791 2302 3852 ad
2335 3798 2638 3873 proprium
2669 3810 2734 3853 se
2775 3792 3136 3872 propositam
3166 3795 3508 3876 accingunt.

1871 3879 2270 3954 Quamobrem
2325 3900 2457 3943 cum
2515 3890 2764 3962 quatuor
2809 3882 2932 3962 jam
2976 3881 3283 3948 mensibus
3341 3905 3510 3966 pere-

1868 3971 2078 4050 grinati
2099 3971 2842 4053 fuissent,llierosolymam
2868 3983 3288 4053 pervenerunt.
3315 3977 3511 4050 Locis:

1868 4079 1983 4142 que
2013 4061 2239 4124 ibidem
2261 4062 2540 4125 omnibus
2564 4063 2956 4143 perlustratis,
2983 4062 3272 4146 quidquid
3295 4066 3356 4127 in
3387 4084 3510 4128 mo-

1866 4151 2138 4214 nasteriis
2154 4170 2222 4214 ac
2244 4151 2554 4213 monachis
2574 4151 2695 4212 illic
2723 4150 3078 4232 degentibus
3106 4161 3236 4215 erat
3263 4155 3503 4235 praecla-

158 4242 368 4319 μοτέροις
437 4243 544 4307 τὴν
613 4239 804 4318 ἀρετὴν
888 4240 1281 4319 συγγινόμενοι.
1363 4231 1479 4296 Ἐνί
1550 4238 1602 4296 δὲ
1673 4247 1778 4297 τῶν

1942 4261 2019 4320 m,
2046 4241 2104 4304 id
2140 4250 2320 4304 totum
2345 4254 2742 4316 assumentes,
2766 4231 2900 4304 cum
2931 4231 3355 4305 illustrioribus
3388 4243 3504 4307 vir-

159 4331 540 4408 οροντιστηρίων
617 4330 841 4405 τούτων,
921 4331 979 4388 οὺ
1057 4331 1264 4408 μακρὰν
1348 4330 1609 4409 ἀπέχοντι
1679 4331 1774 4398 τῆς

1942 4351 1985 4394 ;e
2001 4304 2145 4393 iam
2162 4330 2656 4394 consuetudinem
2672 4331 2956 4394 habuere.
2987 4330 3053 4394 In
3075 4331 3329 4414 quodam
3362 4351 3506 4417 vero,

161 4421 283 4500 ἁγίας
324 4419 564 4496 πόλεως,
609 4421 703 4484 τὰς
746 4421 889 4498 ἱερὰς
933 4421 1029 4489 τῆς
1089 4421 1524 4500 Τεσσαρακοστῆς
1575 4420 1776 4498 ἡμέρας

1951 4421 2070 4484 illis
2093 4422 2476 4496 monasterio,
2503 4421 2660 4503 quod
2685 4440 2719 4483 a
2736 4431 2939 4484 sancta
2967 4420 3201 4484 civitate
3225 4442 3342 4486 non
3377 4443 3506 4506 pro-

161 4509 402 4590 ἐιήγάγον,
465 4510 522 4566 ἐν
578 4511 673 4575 αἶς
726 4511 816 4568 καὶ
887 4512 1173 4590 ὑπερφυεῖς
1231 4511 1437 4590 ἀγῶνας
1512 4509 1776 4576 ἐπιδειξά-

163 4618 290 4672 μενος
333 4603 359 4657 ὁ
401 4601 718 4679 Γρηγόριος,
752 4601 1021 4675 θαύματος
1061 4602 1156 4666 τὰς
1196 4603 1303 4657 τῶν
1356 4608 1615 4680 μοναχῶν
1658 4600 1777 4656 ἐνέ-

165 4686 304 4755 sine:
343 4687 602 4754 διανοίας.
666 4691 1123 4767 Διορατικώτατον
1183 4687 1238 4744 δὲ
1306 4690 1366 4744 τὸ
1422 4689 1520 4758 τῆς
1593 4690 1778 4769 ψυχῆς

165 4775 288 4854 ὄμμα
340 4779 424 4837 καὶ
459 4780 792 4858 προφητικὸν
851 4779 1004 4859 ἔχων
1042 4781 1070 4835 6
1128 4784 1226 4846 τῆς
1286 4783 1457 4854 μονῆς
1509 4785 1781 4858 προεστῶς

165 4868 216 4921 τὰ
283 4875 354 4943 τῷ
422 4870 700 4949 Γρηγορίῳ
781 4867 1140 4945 συμϐήσεσθαι
1219 4868 1484 4945 μέλλοντα
1540 4873 1781 4948 καθαρῶς

169 4954 285 5014 ira;
347 4957 764 5037 προδιαγορεύει,
810 4959 910 5028 τήν
981 4980 1038 5015 τε
1110 4960 1242 5038 πρὸς
1312 4960 1404 5015 τόν
1472 4960 1782 5038 ἱεραρχικὸν

169 5049 281 5122 φαμὶ
329 5050 508 5126 θρόνον
552 5045 826 5122 ἀνάϐασιν,
874 5049 966 5105 καὶ
1021 5049 1146 5112 τοὺς
1209 5046 1584 5124 ἔκδεξαμένους
1628 5051 1784 5108 αὐτὸν

169 5133 320 5213 βιρεῖς
369 5160 425 5194 τε
475 5140 564 5195 καὶ
621 5135 922 5202 πολυειδεῖς
967 5138 1317 5218 πειρασμοὺς,
1366 5138 1490 5196 εἶτα
1539 5139 1627 5195 καὶ
1684 5139 1782 5208 τὴν

172 5222 297 5276 ε”ν
561 5225 1783 5285 ’·⁷λλ⁴’”“ἀλλ““

194 5245 228 5288 ις
272 5248 477 5308 οστερον
525 5247 621 5288 ουκ
675 5249 786 5285 απα
861 5250 998 5307 αγην
1060 5251 1232 5285 αυτων
1285 5251 1469 5303 μονον,
1609 5251 1641 5285 α
1700 5251 1786 5287 και

171 5312 246 5380 τὴν
287 5315 481 5376 ἑκείνου
509 5317 759 5397 λαμπρὰν
814 5316 1155 5396 ἀνακῆρυξιν,
1219 5309 1478 5376 ’Υπετίθει
1525 5317 1580 5374 δὲ
1642 5323 1784 5394 αύτῷ

169 5402 235 5458 καὶ
280 5406 340 5462 τὰ
396 5403 606 5482 δέοντα,
649 5401 912 5464 διδασκων
963 5413 1041 5482 τῷ
1089 5413 1184 5466 τοῦ
1243 5413 1375 5467 Θεοῦ
1431 5405 1578 5488 φόϐῳ
1637 5430 1780 5466 στοι-

169 5497 408 5567 χειοῦσθαι
478 5493 793 5573 διαπαντὸς,
868 5497 956 5554 καὶ
1025 5499 1103 5574 μὴ
1186 5502 1254 5575 τῇ
1328 5496 1512 5556 ἑαυτοῦ
1583 5501 1777 5578 γνώσει

241 5667 266 5713 ³
287 5667 482 5738 Iatth.
519 5691 582 5754 ι,
612 5674 714 5741 37.
800 5677 832 5728 ὃ
860 5674 1002 5743 Luc.
1044 5691 1164 5758 xw,
1197 5674 1296 5742 33.

1860 4512 1956 4574 cul
1979 4513 2414 4589 aberat,sacros
2437 4512 2913 4592 Quadragesimae
2930 4513 3361 4577 observationis
3380 4515 3511 4578 dies

1863 4620 2063 4682 egere,
2098 4601 2160 4664 in
2208 4602 2426 4680 quibus
2456 4602 2716 4664 eximius
2751 4601 2990 4682 juvenis
3020 4600 3342 4682 Gregorius
3395 4606 3510 4668 tale

1863 4693 1953 4750 sui
1979 4692 2344 4750 meditatione
2367 4707 2430 4749 ac
2443 4691 2854 4749 exercitatione
2868 4697 3071 4752 mentis
3095 4695 3508 4755 documentum

1865 4783 2134 4863 praebuit,
2171 4793 2235 4846 ut
2263 4793 2466 4865 stupor
2487 4783 2912 4846 monachorum
2946 4792 3178 4847 mentes
3208 4786 3508 4868 opprime-

1866 4882 1976 4935 ret.
2002 4873 2194 4954 Atque
2218 4874 2459 4955 hospitii
2485 4892 2726 4953 preeses,
2752 4892 2886 4936 cum
2917 4883 3079 4936 esset
3106 4876 3295 4938 oculis
3325 4877 3510 4940 animi

1867 4963 2204 5044 perspicax,
2235 4963 2498 5045 itemque
2529 4963 2834 5046 fatidicus,
2859 4982 2927 5026 ea
2959 4963 3161 5026 omnia
3189 4983 3320 5044 quae
3366 4965 3509 5028 Gre-

1866 5054 2028 5133 gorio
2076 5062 2430 5116 usuventura
2460 5061 2646 5133 erant,
2682 5051 2856 5132 longe
2887 5061 3024 5114 ante
3051 5052 3138 5115 illi
3196 5053 3510 5130 manifeste

1871 5142 2162 5224 praedixit,
2196 5161 2413 5224 nempe
2441 5143 2514 5204 ad
2545 5159 2772 5203 sacram
2804 5141 2964 5202 illam
3000 5141 3356 5222 pontiﬁciam
3403 5163 3508 5208 se-

1872 5231 2009 5294 dem
2061 5242 2436 5313 provectum,
2467 5248 2536 5293 ac
2589 5229 2789 5293 multis
2821 5231 3157 5310 insultibus,
3213 5234 3513 5317 variisque

1866 5321 2362 5402 impressionibus
2393 5320 2727 5403 impetitum
2753 5319 2852 5404 iri,
2878 5330 3154 5384 caeterum
3183 5341 3301 5386 non
3333 5326 3510 5392 modo

1865 5413 1940 5476 iis
1958 5411 2335 5495 liberandum
2358 5431 2517 5486 esse,
2544 5414 2652 5477 sed
2684 5412 3047 5498 luculentum
3072 5431 3141 5476 ac
3160 5412 3394 5496 insigne
3420 5416 3512 5480 fu.

1865 5515 2060 5570 turum
2083 5501 2215 5584 ejus
2237 5503 2624 5586 praeconium.
2657 5502 2786 5567 Mox
2809 5511 3210 5568 consentanea
3237 5503 3508 5587 quaedam
