3918 6138
360 232 473 298 199

1660 231 1939 300 MENSIS
1983 236 2426 302 NOVEMBER.

3609 233 3730 301 200

357 370 874 449 subdidit,docens
905 381 1180 456 oportere
1201 375 1444 436 omnino
1466 372 1631 434 illum
1661 370 1768 433 Dei
1793 372 1998 433 timore

2163 378 2368 448 εᾶσθαι,
2425 376 2563 449 μήτε
2612 377 2721 450 μὴν
2779 379 3021 453 περιορᾷν
3071 373 3297 453 πένητα,
3327 373 3362 440 ἤ
3420 395 3571 438 τινος
3623 380 3732 430 τῶν

356 463 585 526 institui
616 482 686 526 ac
715 464 1042 545 informari,
1082 484 1197 526 non
1259 470 1497 544 proprio
1533 479 1709 522 sensu
1745 459 2002 521 intume-

357 571 547 629 scere,
603 573 720 616 non
779 563 1184 636 paupertatem
1238 555 1592 634 despicere,
1649 569 1766 611 non
1825 549 2003 611 vilem

359 642 684 724 quemlibet
705 652 801 705 aut
823 643 1118 724 abjectum
1145 642 1506 723 deprimere,
1524 639 1627 700 sed
1653 639 2007 702 afﬂictiones

359 751 428 794 ac
455 733 682 795 futuras
734 733 1050 814 petitiones
1079 751 1245 814 aequo
1275 736 1472 793 animo
1517 730 1808 811 perferre.
1839 730 2002 791 Tali-

358 819 470 882 bus
501 822 740 884 monitis
771 821 1112 902 Gregorius,
1143 841 1257 882 non
1292 838 1463 882 secus
1503 839 1571 881 ac
1605 829 1759 880 terra
1790 817 2006 881 fertilis

357 910 624 992 irrigata,
659 929 730 973 ac
779 913 1026 992 pulchra
1073 916 1300 972 semina
1325 909 1593 990 jucunde
1643 908 2002 991 suscipiens,

357 997 670 1062 fecundam
702 1002 932 1063 virtutis
961 1000 1201 1063 aristam
1236 999 1534 1080 producit.

437 1087 533 1152 1X.
569 1085 712 1152 Cum
749 1108 882 1151 vero
916 1089 1286 1152 hebdomada
1331 1108 1445 1169 qua
1477 1090 1754 1150 Servator
1805 1088 1998 1150 crucis

357 1179 648 1259 supplicio
704 1190 793 1242 est
847 1179 1114 1242 atl‘ectus.
1153 1179 1518 1251 advenisset,
1553 1179 1679 1257 ipsa
1720 1179 1871 1239 duce
1901 1195 1999 1238 res

355 1267 735 1331 admirandas
769 1270 966 1350 peragi
999 1268 1163 1349 vidit,
1199 1287 1414 1350 nempe
1445 1268 1719 1330 homines
1758 1269 1816 1330 in
1849 1268 1998 1330 caelo

353 1375 388 1418 a
440 1365 597 1420 terra
622 1359 804 1422 tolli:
861 1360 1009 1420 alios
1058 1359 1300 1440 quidem
1355 1358 1618 1419 instituto
1650 1377 1718 1419 ac
1766 1359 2000 1420 ratione

356 1446 789 1510 vivendinihilo
813 1448 1039 1526 angelis
1062 1448 1395 1510 inferiores:
1431 1449 1579 1510 alios
1601 1447 1740 1509 item
1776 1449 1835 1508 in
1865 1466 2000 1508 cor-

358 1554 500 1616 pore
531 1538 905 1607 exsistentes,
941 1537 1190 1618 perinde
1220 1556 1286 1598 ac
1335 1538 1464 1599 sine
1496 1555 1745 1617 corpore
1775 1544 1996 1611 essent,

355 1622 474 1684 cibi
523 1633 796 1706 expertes
827 1626 1068 1706 degere.
1116 1624 1159 1687 F
1167 1625 1336 1687 luxus
1393 1624 1536 1686 vidit
1585 1626 1994 1706 lacrymarum,

2089 463 2315 523 εὖτελῶν
2367 466 2797 544 κατεπαίρεσθαι,
2849 463 2986 521 ἆλλᾶ
3032 467 3119 520 καὶ
3177 466 3239 520 τὸ
3288 461 3402 532 μεθ’
3455 462 3730 538 ὑπομονῆς

2088 552 2335 635 δέχεσθαι
2404 559 2525 620 τοὺς
2611 554 2901 629 μέλλοντας
2974 555 3294 634 ὒπέρχεσθαι
3377 553 3723 632 πειρασμούς·

2089 648 2174 709 οἷς
2210 645 2236 700 δ
2288 645 2576 723 Γρηγόριος
2625 644 2806 720 ὥσπερ
2847 665 2926 706 τις
2959 642 3177 722 εῧφορος
3232 648 3304 720 γῆ
3342 642 3458 698 λίαν
3494 639 3729 718 ἀρδόμε-

2089 757 2199 813 νος,
2234 737 2320 791 καὶ
2370 736 2436 790 τὰ
2485 732 2619 791 καλὲ
2669 739 2775 789 τῶν
2825 733 3140 811 σπερμάτων
3189 729 3354 800 ἡδέως
3405 729 3726 811 δεχόμενος,

2087 829 2186 892 τῆς
2216 824 2410 902 ἀρετῆς
2440 821 2709 902 πολῦχουν
2741 821 3088 901 ἐκαρποφόρει
3120 823 3208 878 τὸν
3237 820 3496 900 ἄσταχυν,

2163 1093 2244 1156 ϐ’,
2301 1094 2411 1159 Τῆς
2443 1089 2497 1146 δὲ
2533 1094 2626 1149 τοῦ
2675 1092 2935 1168 τωτηρίου
2985 1087 3177 1152 πάθους
3209 1087 3497 1164 ἑϐδομάδος
3555 1112 3732 1146 κατα-

2081 1182 2365 1257 λαϐούσης,
2402 1182 2453 1239 ἓν
2510 1185 2542 1250 ἦ
2575 1181 2727 1259 διῆγε
2789 1183 2925 1256 μονῇ
2975 1179 3118 1236 εἶδεν
3149 1179 3386 1259 ὖπερφυῆ
3437 1177 3734 1255 τελούμενα

2083 1275 2392 1352 πράγματα,
2457 1271 2599 1328 εἶδεν
2671 1271 2972 1348 ἀνθρώπους
3045 1271 3149 1325 ἀπὸ
3207 1275 3306 1347 γῆς
3372 1271 3444 1334 εἷς
3511 1271 3734 1346 οὐρανὸν

2084 1363 2444 1441 αἰρομένους,
2519 1359 2628 1418 εἶδε
2721 1359 2986 1416 πολιτείαν
3082 1357 3229 1415 οὒδὲν
3300 1366 3403 1414 τῶν
3486 1357 3734 1437 ἀγγέλων

2084 1452 2426 1530 ἀπεοικυῖαν,
2461 1449 2605 1508 εἶδεν
2653 1450 2857 1507 ἀσιτίαν
2896 1449 2949 1504 ἐν
3008 1453 3211 1523 σώματι
3266 1451 3370 1504 τῶν
3431 1446 3732 1523 Ξσωμάτων

2084 1541 2276 1622 σχεδὸν
2349 1544 2442 1599 οὒκ
2513 1540 2843 1618 ἀπέχουσαν,
2907 1539 3106 1616 ἑώρακε
3165 1537 3398 1618 δακρύων
3469 1538 3731 1617 ῥεύματα,

2085 1639 2272 1710 μικροῦ
2314 1645 2427 1695 τοῖς
2468 1631 2687 1707 ῥείθροις
2738 1638 2841 1686 τῶν
2902 1635 3092 1706 πηγῶν
3143 1631 3520 1702 παρισούμενοι.
3582 1627 3736 1701 Θέμ-

356 1711 608 1775 fontium
632 1714 757 1778 fere
790 1717 1038 1778 ﬂumina
1058 1715 1629 1796 superantes.Atque
1652 1715 1733 1777 ita
1754 1723 1998 1795 stupore

2215 1732 2337 1801 γοῦν
2391 1723 2678 1801 συσχεθεὶς
2726 1721 2913 1776 ἑαυτὸν
2963 1716 3305 1792 ἀπεκλαίετο,
3342 1719 3427 1774 καὶ
3479 1719 3577 1785 τὴν
3628 1721 3739 1792 ψυ-

356 1803 656 1880 detentus,
696 1805 826 1886 ipse
863 1825 927 1868 se
957 1806 1325 1888 deplorabat,
1363 1816 1420 1867 et
1445 1808 1643 1867 animo
1681 1805 1998 1867 vehemen-

357 1902 452 1954 ter
481 1892 827 1971 angebatur.
859 1895 970 1957 Hei
999 1895 1171 1970 mihi,
1197 1895 1497 1975 inquiens,
1529 1895 1660 1974 quis
1678 1913 1806 1956 sum
1841 1911 1948 1972 ego
1973 1900 2000 1955 ?

355 1981 621 2054 Quonam
648 2002 756 2061 ego
782 1994 950 2066 pacto
970 2003 1102 2046 cum
1131 1985 1222 2046 his
1245 1985 1381 2045 viris
1395 1984 1499 2046 Dei
1521 1985 1745 2064 judicio
1763 1983 2001 2045 sistam?

354 2071 586 2135 Rursus
634 2073 844 2135 nolens
875 2074 1311 2156 desperationis
1354 2074 1642 2155 prcl‘undo
1687 2073 1993 2152 demergi:

355 2163 416 2225 Si
449 2161 758 2246 Dominus,
791 2163 1014 2246 aiebat,
1052 2183 1236 2246 prope
1266 2165 1432 2226 adest
1462 2163 1532 2224 iis
1567 2167 1664 2243 qui
1697 2163 1999 2226 contracto

353 2263 496 2317 sunt
526 2256 730 2337 corde,
761 2265 818 2318 et
839 2275 965 2338 eos,
992 2258 1096 2335 qui
1125 2259 1359 2338 dejecto
1395 2266 1531 2319 sunt
1563 2262 1783 2337 animo,
1813 2257 2001 2318 salvos

353 2344 521 2427 facit;
559 2354 754 2428 potest
787 2347 992 2408 itidem
1047 2349 1205 2411 Deus
1236 2367 1329 2409 me
1375 2365 1615 2411 servare
1666 2366 1733 2408 ac
1767 2365 2001 2408 merce-

353 2435 512 2509 dem,
538 2453 654 2497 non
683 2437 854 2498 aliter
885 2445 1058 2517 atque
1089 2439 1184 2514 iis,
1214 2438 1312 2519 qui
1344 2437 1659 2499 undecima
1691 2437 1833 2498 hora
1866 2455 1999 2498 con-

353 2523 514 2586 ducti
567 2534 709 2589 sunt
747 2528 802 2609 5,
838 2530 936 2608 qui
967 2527 1211 2589 omnino
1272 2528 1417 2588 nihil
1477 2527 1678 2607 operis
1728 2535 1998 2603 egerunt,

349 2614 686 2696 impertire.
717 2615 886 2678 Hunc
921 2617 1099 2696 igitur
1130 2635 1263 2678 cum
1299 2617 1478 2679 etiam
1517 2614 1862 2689 monachus,
1899 2616 2002 2692 qui

351 2703 511 2765 hunc
541 2705 737 2786 ipsum
770 2705 913 2768 illuc
943 2706 1296 2786 adduxerat,
1330 2708 1414 2767 sic
1463 2706 1717 2785 graviter
1747 2713 1875 2784 angi
1909 2715 2002 2766 at-

350 2809 468 2873 que
519 2793 742 2854 tristari
770 2805 1110 2867 cernentes,
1141 2796 1569 2876 separationem
1602 2814 1634 2856 a
1676 2799 1855 2856 rebus
1889 2795 2001 2857 do-

346 2879 634 2958 mesticis,
669 2883 892 2944 doloris
914 2901 1042 2944 eam
1074 2885 1330 2964 ingentis
1347 2904 1586 2947 causam
1619 2885 1706 2946 illi
1733 2882 2000 2965 praebere

2083 1813 2194 1894 χὴν
2255 1809 2604 1892 συνετρίϐετο,
2654 1811 2841 1886 Οῗμοι,
2895 1809 3090 1887 λέγων,
3138 1810 3223 1875 τίς
3265 1809 3550 1889 γένωμαις
3612 1813 3735 1871 πῶς

2083 1904 2219 1978 μετὰ
2262 1913 2459 1959 τούτων
2508 1903 2614 1958 τῶν
2667 1899 2865 1979 ἀνδρῶν
2939 1899 2991 1954 ἐν
3049 1898 3222 1976 ἡμέρᾳ
3278 1901 3494 1976 κρίσεως
3545 1919 3733 1974 παρα-

2085 1995 2350 2067 στήσομαι
2387 2015 2402 2069 ;
2437 1993 2585 2056 Αὖθις
2612 1989 2664 2045 δὲ
2715 1991 2792 2064 μὴ
2821 1989 2990 2046 θέλων
3023 1989 3208 2044 ἑαυτὸν
3238 1991 3312 2060 τῷ
3353 1994 3448 2054 τῆς
3481 1987 3736 2065 ἀπογνώ-

2084 2104 2220 2145 σεως
2280 2083 2563 2158 ἐπαφεῖναι
2639 2081 2800 2159 βυθῷ,
2864 2075 3202 2158 μεταϐαλὼν,
3266 2075 3454 2156 Ἐγγὺς
3515 2079 3733 2156 Κύριος,

2085 2171 2258 2250 ἔλεγε,
2329 2185 2446 2235 τοῖς
2517 2171 2980 2246 συντετριμμένοις
3035 2174 3104 2245 τῇ
3172 2166 3380 2248 καρδίᾳ,
3446 2169 3532 2224 καὶ
3603 2169 3731 2232 τοὺς

2085 2263 2361 2327 ταπεινοὺς
2413 2268 2489 2336 τῷ
2525 2261 2782 2332 πνεύματι
2835 2259 3015 2317 σώαει.
3076 2259 3305 2320 Δυνατός
3355 2259 3494 2314 ἔστιν
3525 2260 3552 2314 ὁ
3599 2258 3736 2321 Θεὸς

2086 2353 2254 2409 σῶσαι
2328 2352 2468 2427 κάμὲ
2529 2352 2614 2407 καὶ
2671 2348 2844 2406 δοῦναι
2907 2351 3090 2423 μισθὸν
3146 2351 3219 2410 ὡς
3281 2361 3398 2411 τοῖς
3456 2347 3572 2426 περὶ
3630 2349 3736 2414 τὴν

2087 2441 2373 2508 ἑνδεκάτην
2443 2441 2582 2520 ὥραν
2654 2438 2800 2495 οῦδὲν
2872 2437 3009 2502 ὅλως
3067 2439 3472 2517 ἒργασαμένοις.
3547 2435 3736 2501 Οὕτως

2085 2533 2173 2589 οὖν
2219 2535 2444 2608 ὁρῶντες
2487 2531 2643 2587 αὐτὸν
2694 2529 2908 2610 κατηφῆ
2954 2529 3045 2584 καί
3107 2527 3390 2607 περίλυπον
3447 2526 3474 2583 ὅ
3519 2549 3576 2584 τε
3630 2533 3737 2594 τῆς

2084 2623 2317 2696 ποίμνης
2375 2622 2571 2687 ταύτης
2649 2624 2853 2695 ποιμὴν
2911 2619 2938 2674 τ’)
2997 2639 3053 2674 τε
3112 2619 3221 2693 μὴν
3299 2619 3515 2696 ἀγαγὼν
3571 2619 3734 2674 αὐτὸν

2087 2711 2202 2769 ἐκεῖ
2232 2712 2498 2791 μοναχός,
2531 2711 2631 2777 τὴν
2661 2709 2946 2785 ἀπόλειψιν
2991 2711 3096 2765 τῶν
3147 2709 3352 2764 οἰκείων
3387 2709 3551 2764 αἰτίαν
3581 2708 3732 2764 εἶναι

2086 2802 2172 2856 καὶ
2232 2804 2326 2866 τῆς
2385 2799 2556 2866 λύπης
2603 2799 2937 2861 ὑπώπτευον,
2999 2798 3091 2862 Ὠς
3152 2795 3206 2853 δὲ
3259 2794 3323 2863 δὴ
3395 2797 3482 2852 καὶ
3537 2797 3734 2871 λόγους

2083 2895 2364 2970 πγοσῆγον
2421 2891 2562 2964 αὐτῷ
2599 2888 3020 2969 παρακλήσεως,
3070 2886 3156 2953 Μὴ
3213 2885 3401 2961 λυποῦ,
3453 2885 3729 2966 λέγοντες,

345 2969 632 3052 suspicati
687 2983 842 3033 sunt.
881 2973 1087 3055 Itaque
1140 2976 1560 3038 consolatoriis
1591 2975 1756 3036 illum
1805 2974 1998 3037 verbis

2163 2997 2288 3036 ινον·
2356 2982 2675 3054 πιστεύομεν
2728 2980 2825 3058 γὰρ
2878 2985 2953 3051 τῷ
3015 2984 3129 3052 Θεῴ
3186 2979 3258 3040 ὡς
3318 2979 3378 3032 οὖ
3409 2976 3542 3052 μετᾶ
3594 2977 3732 3033 πολὺ

344 3058 432 3122 sic
462 3060 870 3164 alloquuntur:
897 3062 981 3125 Ne
1006 3065 1265 3140 tristere,
1297 3067 1587 3139 dicentes,
1623 3064 1728 3139 ﬁli;
1753 3065 1993 3126 conﬁdi-

2163 3071 2200 3134 ἱς
2265 3090 2322 3126 τε
2394 3057 2613 3132 οἰκείους
2694 3067 2978 3147 ἀπολήψῃ,
3051 3068 3138 3122 καὶ
3203 3067 3567 3143 παραμυθήσει
3635 3067 3733 3121 τὸν

347 3167 479 3211 mus
513 3149 670 3211 enim
701 3150 849 3234 Deo,
883 3173 999 3214 non
1038 3155 1224 3216 multo
1259 3165 1389 3236 post
1419 3155 1780 3216 domesticos
1815 3164 1868 3217 te
1900 3157 1995 3217 in-

2163 3183 2271 3224 υτα.
2337 3157 2470 3216 Αλλ’
2527 3165 2683 3234 ὑμεῖς
2734 3181 2818 3238 γε,
2883 3172 3033 3214 εἶπεν
3093 3157 3319 3235 ἐκεῖνος,
3372 3157 3416 3211 ὦ
3469 3155 3730 3234 Πατέρες,

348 3238 636 3320 visurum,
667 3242 929 3324 satisque
959 3252 1089 3305 voto
1122 3246 1411 3306 facturum
1448 3263 1601 3307 esse.
1635 3243 1819 3318 Quam
1855 3264 1991 3328 pro-

2163 3296 2166 3304 .
2222 3251 2357 3308 πάνυ
2387 3271 2475 3324 μοι
2521 3248 2730 3306 δοκεῖτε
2761 3255 2858 3315 τῆς
2913 3248 3047 3322 ἐμῆς
3091 3247 3314 3323 γνώμης
3356 3248 3440 3301 καὶ
3498 3243 3730 3307 διανοίας

349 3329 444 3418 cul
498 3331 642 3392 mihi
674 3331 980 3415 videmini,
1013 3332 1216 3396 Patres
1276 3335 1413 3409 (illis
1442 3335 1684 3416 inquit),
1717 3354 1750 3396 a
1803 3335 1998 3397 consi-

2163 3342 2256 3418 Ξρω
2314 3339 2534 3416 βαδίζιν.
2589 3336 2716 3397 Οὒδὲ
2796 3339 2895 3417 γὰρ
2967 3336 3047 3392 διὰ
3121 3348 3285 3396 ταῦτα
3359 3336 3562 3414 βαρέως
3621 3335 3735 3411 ἐγὼ

345 3417 444 3480 liis
470 3419 619 3482 meis
635 3421 1154 3505 aberrare.Neque
1178 3424 1338 3486 enim
1363 3425 1436 3486 iis
1456 3424 1530 3486 de
1555 3427 1749 3486 causis
1768 3425 1998 3504 aliligor

346 3509 570 3586 animo,
607 3529 822 3594 nempe
854 3531 971 3575 non
1005 3513 1187 3576 licere
1213 3515 1359 3576 mihi
1392 3533 1510 3575 non
1543 3523 1844 3595 parentes,
1875 3535 1994 3576 non

343 3598 568 3672 amnes,
603 3617 722 3661 non
774 3601 1040 3680 denique
1085 3603 1336 3684 patrium
1390 3603 1581 3666 solum
1635 3604 1875 3680 intueri,
1909 3613 1998 3666 est

347 3688 504 3749 enim
539 3689 685 3751 mihi
723 3691 906 3754 instar
930 3693 1142 3755 horum
1177 3693 1472 3771 omnium,
1497 3703 1672 3775 atque
1695 3697 1843 3757 adeo
1873 3695 1998 3776 plu-

344 3781 428 3840 ris
457 3779 692 3842 caeteris
726 3781 1242 3865 omnibus,oculus
1264 3785 1371 3847 Dei
1394 3784 1455 3845 in
1475 3802 1648 3865 quem
1673 3785 1996 3866 aspiciens,

346 3876 406 3929 et
437 3866 512 3928 ab
545 3871 672 3949 ipso
702 3870 1031 3952 inspectus,
1060 3873 1287 3935 tristem
1319 3892 1387 3935 ac
1418 3873 1696 3935 amictum
1723 3874 1996 3936 consolor

2080 3432 2244 3509 φέρω,
2279 3429 2358 3486 ὅτι
2390 3451 2481 3505 μοι
2527 3431 2604 3504 μὴ
2635 3431 2756 3493 τοὺς
2811 3428 3063 3489 τεκόντας
3097 3425 3232 3502 μηδὲ
3285 3427 3346 3482 τὸ
3377 3447 3475 3492 της
3532 3427 3732 3502 πατρί-

2077 3517 2164 3583 δος
2224 3518 2414 3600 ἔδαφος
2466 3517 2630 3584 ἔξεστι
2688 3518 2932 3595 βλέπειν·
2965 3516 3076 3574 ἕστι
3134 3517 3233 3594 γάρ
3286 3537 3375 3591 μοι
3426 3516 3527 3592 πρὸ
3583 3515 3734 3571 πάν-

2080 3634 2206 3692 των,
2261 3610 2468 3687 μᾶλλον
2527 3609 2581 3667 δὲ
2635 3611 2750 3666 ἀντὶ
2818 3611 3032 3666 πάντων
3087 3610 3311 3683 τούτων,
3363 3609 3390 3663 ὁ
3450 3606 3538 3664 τοῦ
3595 3613 3735 3663 Θεοῦ

2079 3701 2375 3780 ὀφθαλμὸς,
2420 3703 2553 3780 πρὸς
2609 3702 2667 3756 ὃν
2728 3701 2836 3778 ἐγῶ
2893 3698 3132 3777 βλέπων,
3165 3699 3253 3753 καὶ
3311 3694 3396 3776 ὑφ’
3450 3697 3508 3754 οὗ
3562 3696 3730 3754 πάλιν

2078 3789 2430 3868 βλεπόμενος,
2483 3791 2582 3858 τὴν
2638 3787 2949 3865 όδυνωμένῳ
3010 3812 3098 3864 μοι
3157 3789 3560 3866 παραμυθοῦμαι
3617 3792 3731 3862 ψυ-

2078 3882 2212 3961 χήν.
2278 3878 2426 3937 Ἀλλ’
2487 3879 2663 3936 ἐκεῖνό
2693 3903 2784 3954 μοι
2840 3881 2927 3935 καὶ
2959 3880 3120 3954 μόνον
3165 3883 3262 3945 τῆς
3293 3875 3465 3943 λύπης
3519 3875 3726 3952 αἴτιον,

345 3955 638 4034 animum,
666 3959 772 4021 sed
806 3960 953 4022 nihil
983 3961 1058 4024 de
1087 3961 1249 4024 illius
1293 3964 1590 4027 sententia
1622 3964 1815 4044 egisse
1847 3983 1994 4025 cono

2215 3967 2381 4044 μηδὲν
2438 3969 2668 4046 ἐμαυτὸν
2726 3969 2936 4025 σύνοιδα
2983 3969 3116 4024 κατᾶ
3167 3969 3228 4023 τὸ
3258 3967 3455 4023 ἱκείνου
3511 3964 3728 4042 θέλημα

345 4046 532 4108 scium
546 4065 738 4140 esse,
754 4050 867 4140 hoc
900 4051 1069 4126 mihi,
1103 4053 1287 4130 idque
1325 4052 1820 4128 totum,tnceroris
1849 4073 1990 4116 cau-

2163 4082 2290 4140 [σας,
2319 4059 2433 4116 ἐπεὶ
2489 4060 2568 4116 τοί
2611 4080 2670 4137 γε
2729 4057 2810 4114 ὅτι
2855 4061 3003 4132 τόπῳ
3055 4065 3158 4114 τῶν
3187 4057 3320 4113 κατὰ
3365 4055 3532 4136 σάρκα
3586 4077 3720 4134 γεν-

345 4151 470 4228 sam
501 4134 696 4228 aﬂ'ert.
721 4138 870 4201 Nam
902 4140 1061 4222 quod
1093 4141 1165 4203 ab
1198 4143 1473 4204 humanis
1505 4143 1853 4221 parentibus
1893 4143 1992 4204 ab-

2163 4134 2313 4224 ῖόρων
2365 4134 2658 4228 διείργομα,
2693 4155 2881 4227 μικροῦ
2932 4146 3032 4204 δέω
3081 4148 3253 4226 λέγειν
3303 4144 3382 4202 δτι
3436 4134 3524 4203 καὶ
3577 4144 3719 4217 ἥδο-

346 4224 458 4285 sim
499 4225 733 4306 (parum
766 4229 972 4292 dicere
997 4234 1260 4312 vereor),
1281 4233 1374 4295 his
1404 4233 1476 4293 ad
1500 4232 1990 4308 consequendum

2163 4263 2171 4294 ι
2225 4237 2450 4314 μᾶλλον,
2487 4237 2624 4297 οὕτω
2677 4237 3062 4304 πεπλουτηριὼς
3106 4239 3177 4299 ὡς
3239 4238 3330 4294 τὸν
3377 4237 3495 4292 θεὸν
3555 4236 3723 4312 μόνον

346 4320 572 4408 patrem
615 4315 802 4380 Deum
835 4319 1055 4383 divitiis
1086 4323 1442 4398 cumulatus,
1475 4328 1659 4401 magis
1687 4322 1866 4384 etiam
1896 4323 1993 4384 lae-

2164 4332 2367 4408 υχῆσαι
2425 4329 2650 4407 πατέρα,
2687 4325 2844 4390 Ἀλλ’
2893 4326 3137 4407 εὔχεσθαι
3183 4327 3344 4402 μόνον
3387 4324 3570 4402 δέομαι
3616 4331 3725 4395 τῆς

346 4413 464 4469 tor.
517 4403 900 4471 Verumenim
931 4429 1179 4474 necesse
1221 4412 1436 4485 habeo,
1474 4422 1540 4474 ut
1576 4429 1679 4474 vos
1712 4412 1866 4493 (qua:
1898 4431 1992 4475 ve-

2163 4403 2237 4475 bii
2272 4403 2572 4497 ἁγιότητος.
2610 4419 2740 4496 ὑπὲρ
2797 4423 2896 4485 τῆς
2953 4403 3091 4493 ἶμῆς
3153 4416 3421 4480 ἀσθενείας
3481 4418 3565 4472 καὶ
3625 4439 3724 4493 με·

346 4503 468 4557 stra
499 4503 590 4558 est
627 4499 908 4588 sanctitas
939 4505 1067 4582 (pro
1126 4479 1531 4564 imbecillitate
1559 4519 1628 4564 ac
1661 4479 1992 4566 humilitate

2163 4509 2376 4575 ότητος,
2423 4507 2603 4572 Οὕτως
2649 4507 2888 4571 εἰπόντος
2921 4517 3014 4566 τοῦ
3062 4508 3350 4588 Γρηγορίου
3398 4507 3532 4584 μετᾶ
3587 4506 3727 4564 πολι

346 4602 474 4648 mea
493 4585 700 4651 oretis.
717 4587 1345 4672 HzecGraagoriuscum
1366 4591 1646 4655 exanimo
1666 4594 1992 4672 intimaque

2163 4622 2171 4661 ;
2231 4599 2329 4664 τῆς
2381 4598 2520 4656 κατὰ
2578 4604 2785 4674 πνεῦμα
2841 4585 3275 4674 συνέσεως-[οὒκ
3325 4595 3399 4653 ἔτι
3459 4595 3721 4674 πρόσὲθε-

347 4676 710 4768 conscientia
738 4678 1005 4756 dixisset,
1040 4699 1159 4744 non
1190 4698 1326 4744 eum
1361 4682 1618 4762 amplius
1659 4681 1746 4744 illi
1774 4701 1990 4746 conso-

2163 4710 2170 4737 ι
2228 4689 2374 4746 αὐτοὶ
2428 4689 2734 4768 παραινεῖν,
2768 4694 2845 4763 τῷ
2885 4691 2971 4744 καὶ
3003 4686 3184 4754 ἄλλοις
3234 4701 3514 4768 παραινεῖν
3570 4685 3723 4762 μᾶλ-

346 4763 455 4859 larl
511 4775 647 4828 sunt
704 4769 951 4859 egressi,
999 4769 1237 4851 quando
1293 4770 1422 4852 ipse
1470 4770 1705 4834 abunde
1749 4773 1988 4854 quidem
2073 4776 2163 4836 λον
2197 4778 2392 4842 ἱκανῶς
2423 4763 2630 4859 ἔχοντι,

345 4854 494 4918 alios
525 4857 823 4921 consolari
857 4876 1033 4938 posse
1061 4859 1382 4924 videretur.

424 4943 496 5038 _X.
528 4947 683 5038 Cum
708 4965 848 5038 vero
871 4948 999 5038 dies
1028 4949 1131 5012 illa
1160 4950 1393 5014 dierum
1425 4949 1690 5015 omnium
1723 4971 1791 5016 ac
1823 4953 1988 5017 cele-

2163 4955 2219 5020 ι’.
2261 4959 2365 5025 Τῆς
2423 4958 2477 5014 δὲ
2532 4959 2710 5037 κυρίας
2760 4959 2848 5016 καὶ
2905 4957 3125 5038 πρώτης
3155 4955 3558 5026 καταλαϐούσης
3613 4959 3726 5016 τῶν

345 5029 628 5130 britatnm
657 5034 830 5130 facile
878 5037 1181 5130 princeps,
1216 5057 1331 5122 qua
1361 5040 1630 5105 Christus
1661 5042 1735 5104 ad
1781 5041 1990 5105 inferis

2163 5052 2284 5126 ερῶν
2338 5046 2450 5124 ἅμα
2482 5050 2572 5106 καὶ
2599 5029 2820 5128 ἑορτῶν,
2857 5049 2888 5116 ἦ
2938 5029 3216 5128 ξωηφόρος
3279 5047 3412 5116 αὕτη
3443 5052 3540 5117 τῆς
3584 5055 3724 5130 Χρι-

345 5123 654 5214 excitatus,
689 5125 952 5191 humano
982 5129 1188 5210 generi
1217 5130 1386 5192 vitam
1411 5131 1595 5208 dedit,
1623 5132 1983 5214 advenisset,

345 5213 657 5276 confestim
683 5234 897 5280 omnes
920 5237 1040 5281 una
1067 5239 1202 5282 cum
1235 5221 1488 5302 praeside
1519 5223 1818 5301 monachi,
1845 5213 1989 5287 Gre-

345 5307 513 5380 gorio
570 5303 737 5381 item,
796 5325 865 5369 ac
921 5307 1108 5370 tribus
1169 5308 1286 5370 illis
1335 5309 1474 5372 viris
1530 5312 1865 5390 comitibus,
1926 5315 1988 5375 in

344 5399 609 5456 sanctam
657 5395 953 5459 civitatem
981 5398 1407 5465 ascenderunt.
1441 5398 1624 5464 Porro
1655 5420 1790 5466 cum
1817 5403 1986 5466 illum

427 5570 633 5640 ‘Psal.
667 5590 841 5658 xxxv,
875 5576 976 5642 11.
1058 5579 1090 5630 5
1117 5578 1327 5643 Matth.
1356 5595 1457 5655 xx,
1493 5581 1594 5642 19.

2071 5143 2196 5193 στοῦ
2253 5136 2620 5214 ἀναστάσεως,
2667 5138 2812 5202 εὖ-θὺς
2865 5137 2920 5194 οἵ
2976 5159 3033 5194 τε
3091 5140 3324 5219 μοναχοῖ
3381 5139 3575 5205 πάντες
3629 5141 3724 5195 σὺν

2070 5226 2182 5304 ἅμα
2210 5227 2286 5302 τῷ
2340 5234 2634 5306 προεστῶτι
2668 5227 2942 5307 Γρήγορίῳ
2970 5250 3026 5286 τε
3076 5231 3164 5286 καὶ
3217 5243 3331 5292 τοῖς
3365 5230 3529 5306 τρισὶν
3573 5228 3720 5286 ἑκεί-

2071 5340 2178 5381 νοις
2231 5314 2504 5397 ἀνδράσιν,
2537 5321 2608 5384 εἷς
2649 5319 2749 5386 τὴν
2791 5320 2944 5398 ἁγίαν
2988 5318 3295 5400 ἀνήρχοντο
3339 5317 3519 5380 πόλιν.
3565 5318 3722 5378 Ἐπεὶ

2071 5405 2126 5464 δὲ
2162 5409 2250 5466 καὶ
2293 5409 2365 5472 εἷς
2422 5409 2523 5477 τὴν
2577 5410 2730 5490 ἁγίαν
2793 5407 3036 5477 εἰσῆλθον
3087 5408 3396 5486 ἀνάστασιν,
3449 5409 3537 5468 καὶ
3595 5412 3723 5479 τοὺς
