3918 6138
177 230 283 299 201

1219 240 1408 311 VITA
1450 246 1510 312 S.
1559 245 1929 311 GREGORII
1968 249 2514 317 AGBIGENTINI.

3428 249 3547 321 202

173 369 368 438 ἄλλους
395 376 504 430 τῶν
559 376 713 455 ἱερῶν
766 376 1050 457 περιῆλθον
1105 376 1300 444 τόπους
1340 379 1431 436 καὶ
1479 379 1720 457 προσεκύπ

2001 400 2116 458 um,
2140 383 2240 445 ubi
2265 383 2535 447 Christus
2555 401 2588 443 ει
2614 390 2805 446 morte
2829 383 3142 448 suscitatus
3173 392 3284 466 est,
3311 386 3548 450 introis-

175 483 297 535 σαν,
355 461 726 538 ἠγαλλιάσατο
795 467 897 534 τὴν
967 467 1151 546 ψυχὴν
1210 468 1237 524 ὂ
1294 470 1439 531 θεῖος
1511 469 1819 548 Γρηγόριος,

173 548 393 629 πλήρης
449 575 509 609 τε
566 554 834 630 θαύματος
888 555 1120 622 κατέστη
1180 557 1276 611 καῖ
1334 554 1530 623 ἡδονῆς
1581 557 1676 623 τὴν
1708 558 1824 633 περὶ

171 639 300 700 τοὺς
332 638 530 715 ὕμνους
576 645 664 699 καὶ
723 645 816 706 τὰς
877 644 1017 706 θείας
1258 647 1364 699 τῶν
1419 647 1598 701 Exstat:
1653 646 1824 702 κατά-

169 713 375 783 στασιν
419 732 770 807 Θεασάμενος,
839 733 928 788 καὶ
998 713 1144 788 0663
1216 730 1458 810 ἀγγέλων
1525 731 1824 807 ἀπᾴδουσαν

171 815 326 872 εἶναι
357 819 604 893 νομίσας.
641 828 727 895 Τᾦ
781 822 1191 900 ἀρχιεπισκόπῳ
1246 822 1318 886 εἰς
1371 820 1582 896 ὁμιλίαν
1640 822 1824 879 ἐλθόν-

168 925 262 969 τες
300 905 584 978 ξενίζονται
616 909 744 988 παρ’
796 910 966 984 αύτῷ,
1031 911 1118 966 καὶ
1177 911 1275 976 τῆς
1336 910 1572 989 ὀρθρινῗκ
1642 912 1828 976 αὒτοϊς

170 993 517 1065 τελεσθείσης
556 997 884 1077 δοξολογίας,
931 1001 1004 1062 ὡς
1056 998 1346 1074 εἰθισμένον
1406 999 1536 1079 ἐστὶ,
1592 1003 1828 1079 προκαθ-

177 1083 332 1158 ίσας,
389 1086 604 1150 τούτους
663 1086 864 1160 ἐκάλει,
929 1086 1168 1165 πρώτους
1225 1087 1649 1163 ἀσπασομένους,
1721 1087 1829 1145 εἷθ’

176 1172 338 1249 ἑξῆς,
395 1175 515 1238 τοὺς
575 1174 897 1241 ἐπισκόπους
954 1177 1042 1232 καὶ
1089 1175 1374 1254 κληρικοὺς
1423 1174 1518 1232 καῖ
1563 1178 1683 1240 τοὺς
1726 1176 1827 1234 ἅλ-

176 1259 313 1326 λους
369 1269 474 1319 τῶν
535 1265 944 1344 συμπαρόντων,
1003 1265 1184 1322 ἐκεῖνά
1239 1287 1296 1322 τε
1339 1263 1677 1335 συλλαλήσας
1731 1269 1827 1324 αὖ·

176 1365 335 1430 τοῖς,
367 1351 465 1408 ὅσα
498 1355 555 1410 τὸ
602 1351 789 1424 κέρδος
845 1352 962 1410 οἶδε
1019 1354 1196 1434 φέρειν
1253 1356 1326 1417 είς
1382 1354 1481 1421 τὴν
1527 1355 1732 1434 ψυχὴν,
1768 1356 1828 1410 τὸ

178 1441 286 1514 μὲν
348 1440 533 1498 λοιπόν
587 1442 814 1519 ἄθρισμα
867 1442 1000 1520 λύει,
1051 1446 1141 1501 τὸν
1181 1443 1452 1521 ἀγαγόντα
1481 1441 1535 1498 δὲ
1561 1444 1652 1499 τὸν
1682 1449 1827 1518 Γρη-

178 1530 372 1608 γόριον
421 1531 924 1610 προσκαλεσάμενος
979 1533 1223 1611 μοναχὸν
1254 1533 1340 1587 καὶ
1371 1533 1492 1596 τοὺς
1539 1531 1629 1588 σὺν
1660 1531 1826 1606 αὖτῷ,

179 1620 434 1698 Χαίροις,
501 1623 652 1699 Κύριε
712 1622 919 1702 Μάρκε,
980 1621 1130 1702 φησί’
1195 1621 1353 1677 πόθεν
1421 1620 1520 1699 ἄρα
1591 1645 1670 1678 σοι
1741 1623 1829 1679 καὶ

1905 481 2064 550 sent,
2080 480 2408 552 caeteraque
2433 471 2563 533 loca
2589 470 3054 551 perlustrassent
3076 490 3145 536 ac
3174 473 3544 551 adorassent,

1905 559 1976 617 D.
2011 561 2331 640 Gregorius
2363 561 2564 622 animo
2595 559 2981 638 gloriabatur,
3017 579 3088 621 ac
3129 568 3251 624 tum
3281 561 3548 625 admira-

1906 647 2091 720 tione,
2147 656 2268 710 tum
2328 649 2626 728 voluptate
2675 648 2916 730 plenus,
2950 668 3244 712 summum
3281 651 3452 713 illum
3488 652 3549 714 in

1910 737 2144 814 hymnis
2175 757 2246 799 ac
2279 737 2490 800 divinis
2542 736 2816 800 cantibus
2865 738 3136 801 ordinem
3184 746 3360 820 atque
3399 758 3548 802 con-

1909 831 2147 885 centum
2181 826 2448 903 intuitus,
2502 825 2653 886 nihil
2709 825 2872 886 illum
2923 824 2996 886 ab
3049 828 3274 906 angelis
3322 827 3550 890 discre-

1913 929 2052 992 pare
2108 913 2383 975 credidit.
2445 912 2704 975 Proinde
2759 932 2893 974 cum
2944 914 3004 974 in
3035 915 3106 976 D.
3153 913 3387 978 Macarii
3415 917 3550 997 epi-

1914 1001 2078 1081 scopi
2128 1020 2517 1082 congressum
2580 1011 2757 1083 atque
2805 1003 3169 1084 colloquium
3220 1006 3547 1088 venissent,

1914 1089 2067 1168 apud
2101 1089 2268 1153 illum
2302 1091 2695 1152 diversantur.
2733 1092 2996 1171 Cumque
3033 1090 3119 1152 illi
3149 1109 3382 1156 summo
3419 1113 3552 1157 ma-

1912 1196 1989 1239 ne
2037 1176 2223 1239 Deum
2291 1183 2408 1259 (qui
2467 1187 2788 1259 perpetuus
2846 1186 2935 1240 est
2988 1179 3103 1240 illis
3155 1185 3305 1260 mos)
3334 1181 3554 1245 illustri

1911 1263 2085 1326 laude
2113 1267 2540 1347 cumulassent,
2579 1268 2685 1328 hos
2728 1267 3004 1328 residens
3060 1271 3389 1346 accersivit,
3425 1273 3550 1352 pri-

1914 1373 2196 1436 mumque
2218 1354 2672 1435 illos,deinceps
2698 1357 3006 1436 episcopos
3029 1374 3097 1416 ac
3114 1357 3386 1436 clericos,
3404 1360 3553 1422 alios

1912 1443 2188 1524 item,qui
2216 1452 2540 1524 praesentes
2567 1443 3141 1520 aderant,osculatos
3160 1449 3556 1511 communiter

1913 1550 1983 1593 ea
2015 1541 2106 1592 est
2133 1533 2449 1614 allocutus,
2473 1552 2606 1614 quae
2627 1533 2826 1594 animo
2858 1532 3022 1596 novit
3041 1533 3351 1598 utilitatem
3373 1538 3555 1599 affer-

1911 1639 2012 1683 re:
2043 1640 2111 1682 ac
2140 1639 2271 1682 mox
2289 1622 2518 1702 reliqua
2545 1621 2791 1683 dimissa
2815 1621 3553 1698 multitudine,accersito-

178 1709 324 1784 πρὸς
378 1710 521 1783 ἡμᾶς
577 1710 738 1778 ἦκται
799 1713 825 1766 6
884 1716 977 1767 τοῦ
1029 1716 1160 1767 Θεοῦ
1202 1708 1384 1774 δοῦλος
1422 1709 1710 1789 Γρηγόριος

2008 1727 2030 1769 e
2066 1711 2382 1790 monacho,
2409 1729 2477 1772 ac
2504 1710 2577 1772 iis
2600 1711 2698 1791 qui
2728 1710 2897 1771 illum
2928 1709 3389 1776 adduxerant:Si
3413 1733 3555 1796 per-

177 1801 338 1869 ςτὸὂσρ
390 1799 723 1874 θερμοτάτῳ,
785 1799 908 1862 τοὺς
959 1798 1250 1875 σωτηρίους
1302 1797 1422 1876 ἄρτι
1471 1799 1663 1863 τόπους
1697 1821 1724 1854 κ

2008 1805 2098 1858 tuo
2129 1797 2353 1870 laetere,
2371 1799 2580 1880 inquit,
2602 1801 2802 1862 Marce
2817 1798 3014 1876 Pater,
3040 1801 3338 1863 undenam
3362 1811 3555 1865 tecum

177 1886 423 1965 ειληφὼς
457 1903 472 1960 ;
537 1889 633 1945 Καὶ
678 1890 706 1944 6
751 1889 1018 1967 μοναχὸς,
1063 1887 1178 1967 Οὖχ
1221 1888 1384 1960 ἡμεῖς
1414 1895 1622 1961 τοῦτον,
1656 1887 1724 1943 εἴη

2026 1905 2134 1948 nos
2166 1888 2491 1965 Gregorius
2523 1891 2629 1952 Dei
2661 1906 2865 1950 servus
2895 1889 3018 1964 ivit,
3055 1892 3152 1968 qui
3201 1891 3326 1952 loca
3353 1892 3559 1956 isthaec

175 1975 305 2031 ἀλλ’
344 1978 625 2054 ὂΧριστὸς
658 1975 851 2056 ἤγαγε,
913 1975 1166 2052 δέσποτα,
1217 1979 1305 2033 καὶ
1363 1978 1398 2045 ἡ
1449 1978 1518 2044 σὴ
1567 1978 1718 2052 τιμία

2013 1975 2205 2038 utaria
2240 1995 2432 2056 nuper
2460 1976 2690 2038 adivit?
2733 1977 2844 2039 Cui
2873 1978 3232 2041 monachus:
3266 1980 3398 2041 Non
3426 1999 3557 2057 nos,

176 2064 288 2143 χῆο
354 2064 687 2143 Ἐκπλαγείς
745 2065 799 2120 δὲ
858 2069 885 2122 ὂ
941 2067 1232 2144 Γρηγόριος
1286 2066 1375 2122 ἰπὶ
1427 2075 1520 2125 τοῦ
1579 2066 1723 2140 ἀνόμε

2013 2066 2138 2144 luit,
2174 2063 2377 2141 istum,
2410 2065 2514 2126 sed
2539 2065 2832 2140 Christus,
2861 2081 2896 2129 ο
2924 2069 3117 2140 Pater,
3141 2074 3358 2148 tuaque
3378 2068 3560 2132 adve-

177 2155 385 2223 κλῆσιι
446 2155 603 2210 αὐτοῦ
634 2175 686 2210 τε
745 2155 831 2209 καὶ
887 2165 980 2212 τοῦ
1038 2161 1282 2234 μοναχοῦ
1339 2155 1573 2235 Μάρκου,
1638 2152 1842 2212 οὒδέπω

178 2243 288 2319 γὰρ
356 2242 521 2299 οὐδενὶ
576 2251 684 2300 τῶν
739 2248 839 2310 τῆς
898 2244 1052 2321 ἁγίας
1105 2243 1313 2307 πόλεως
1368 2241 1736 2324 ἓδηλώθησαν,
1771 2249 1840 2309 τῆ

183 2330 334 2407 ἄκρᾳ
391 2331 533 2388 αἰδοῖ
581 2354 639 2388 τε
696 2335 785 2388 καὶ
843 2331 1073 2408 συστολῇ
1116 2340 1193 2406 μή
1225 2331 1501 2407 τολμήσας
1534 2333 1734 2411 ἕρεσΘαί
1763 2356 1835 2406 τι,

185 2420 344 2484 ένεὸς
376 2423 632 2490 εἱστήκει.
669 2423 805 2478 Εἶτα
861 2422 950 2476 καὶ
983 2420 1104 2484 τοὺς
1149 2421 1356 2500 ἐτέρους
1411 2419 1497 2478 δύο
1544 2428 1649 2478 τῶν
1681 2419 1841 2476 ἀδελ-

188 2510 308 2586 ᾳῶν
341 2511 591 2588 οωνήσας
647 2511 675 2565 6
711 2508 1073 2588 πατριάρχης,
1135 2508 1290 2588 Κύριε
1349 2506 1485 2564 ἆόϐἆ
1541 2511 1838 2588 Σεραπίων,

189 2595 370 2675 λέγει,
429 2601 516 2654 καὶ
574 2599 659 2673 σὺ,
723 2598 879 2675 Κύριε
938 2597 1176 2678 Λεόντιε,
1231 2598 1394 2677 χάριν
1441 2597 1556 2677 ἔχω
1605 2605 1720 2673 Θεῷ
1768 2607 1843 2673 τῷ

192 2684 577 2765 διαφωτίσαντι
648 2686 742 2752 τὰς
811 2685 1068 2765 ὑμετέρας
1126 2688 1328 2766 ψυχὰς,
1393 2689 1630 2743 τοιοῦτον
1688 2684 1845 2766 ἄνδρα

197 2776 324 2848 μεθ’
378 2777 552 2852 ὑμῶν,
613 2777 687 2840 εἰς
747 2775 870 2838 τοὺς
928 2775 1109 2853 ἁγίους
1161 2773 1344 2832 τούσδε
1409 2774 1845 2854 συμπαραλαϐεϊν

195 2864 423 2944 τόπους,
460 2864 598 2922 οὕτω
629 2863 749 2938 μὲν,
803 2863 1172 2928 ἀποστολικῶς
1229 2864 1412 2945 φάναι,
1462 2869 1540 2920 τῶ
1586 2868 1843 2940 πνεύματι

193 2957 411 3035 ζέοντα,
470 2954 569 3010 καῖ
624 2961 701 3019 τῷ
759 2958 918 3034 κυρίῳ
973 2952 1304 3029 δουλεύοντα,
1341 2954 1478 3012 οὕτω
1507 2953 1561 3010 δὲ
1613 2961 1843 3032 πρόσευο

192 3051 311 3125 χῆς
395 3044 622 3119 ἀμώμου
704 3045 792 3100 καὶ
866 3044 1318 3124 μετριοιρροσύνης
1400 3042 1841 3118 ἐπιμελούμενον·

1923 2153 2009 2214 xit
2039 2152 2299 2232 precatio
2312 2199 2325 2213 .
2348 2151 2566 2216 Verum
2593 2153 2912 2234 Gregorius
2937 2155 3150 2216 timore
3163 2157 3471 2235 perculsus
3485 2159 3560 2222 ob

1924 2243 2014 2303 sui
2074 2260 2141 2302 ac
2199 2243 2384 2304 Marci
2444 2242 2722 2304 monachi
2779 2242 3236 2324 appellationem
3287 2251 3564 2320 (necdum

1926 2331 2083 2392 enim
2118 2330 2372 2410 cuipiam
2429 2340 2647 2394 sauctm
2712 2332 2965 2393 civitatis
2992 2331 3424 2416 innotuerant),
3460 2355 3566 2398 ru-

1925 2428 2063 2485 bore
2084 2443 2223 2486 sane
2248 2441 2314 2483 ac
2345 2427 2738 2486 moderatione
2758 2429 3003 2499 quadam
3026 2430 3204 2485 animi
3229 2428 3372 2486 nihil
3394 2430 3569 2502 quid-

1926 2525 2099 2588 quam
2132 2526 2308 2569 ausus
2342 2508 2530 2585 loqui,
2565 2507 2930 2588 stupefactus
2981 2507 3280 2573 manebat.
3336 2510 3568 2572 Deinde

1928 2596 2074 2658 duos
2089 2597 2236 2658 alios
2254 2596 2464 2658 fratres
2484 2597 2816 2677 patriarcha
2834 2596 2934 2658 ille
2948 2596 3563 2676 appellans,Domiue,

1928 2685 2031 2760 ait,
2066 2683 2219 2746 abba
2251 2685 2653 2766 Serapion,ac
2687 2693 2746 2746 tu
2773 2685 2986 2748 Leonti
3007 2686 3202 2756 Pater,
3225 2687 3441 2765 gratias
3461 2705 3568 2766 ago

1926 2771 2076 2850 Deo,
2105 2773 2204 2855 qui
2248 2782 2475 2835 vestros
2499 2773 2730 2836 animos
2763 2772 3139 2850 illuminavit,
3175 2775 3350 2837 talem
3381 2781 3570 2836 virum

1927 2863 2000 2923 ad
2033 2869 2238 2924 sancta
2267 2862 2473 2924 isthaec
2507 2862 2636 2924 loca
2664 2860 2967 2924 vobiscum
3000 2880 3331 2939 assumere,
3362 2862 3574 2943 spiritu

1927 2951 2167 3031 quidem
2233 2950 2616 3032 iutApostoli
2675 2969 2838 3011 moro
2877 2949 3154 3031 loquar“)
3210 2950 3561 3030 ferventem,

1929 3040 2303 3121 temporique
2328 3039 2714 3110 servientem,
2743 3039 3090 3100 emaculatis
3111 3047 3396 3120 praterea
3424 3057 3565 3118 pre-

191 3132 316 3191 οὖδὲ
377 3135 478 3211 γὰρ
539 3133 901 3212 ἀποκρύψεται
945 3131 1035 3212 ἀφ’
1087 3131 1242 3208 ἡμῶν
1274 3134 1341 3189 τὰ
1383 3132 1498 3189 κατ’
1530 3133 1709 3191 αὐτόν’

2020 3147 2099 3189 ius
2130 3146 2197 3189 ac
2231 3128 2362 3189 vitae
2383 3126 2740 3190 innocentiae
2760 3127 2968 3188 sedulo
2994 3128 3567 3207 studentem.Neque

191 3222 265 3280 λα
326 3220 379 3278 δὲ
429 3225 518 3278 καὶ
575 3222 704 3297 ὃμτν
762 3221 931 3277 ’ἔσται’
995 3221 1216 3298 ἐροῦμεν
1247 3223 1348 3301 γὰρ
1373 3223 1490 3301 περὶ
1521 3221 1719 3296 αὗτῶν,
1753 3222 1846 3277 εὖ-

190 3314 348 3370 θέτου
403 3310 664 3391 τυχόντες
721 3317 928 3386 καιροῦ.
985 3310 1129 3390 ⁹¹Ωρα
1184 3309 1240 3366 δὲ
1291 3320 1378 3370 νῦν
1429 3311 1526 3378 τὴν
1583 3311 1726 3368 θείαν
1763 3310 1848 3368 καὶ

195 3400 465 3478 μυστικὴν
491 3399 784 3480 ἱερουργίαν
813 3404 891 3472 τῷ
924 3399 1090 3480 κυρίῳ
1119 3399 1515 3480 προσαγαγεῖν.

1930 3217 2092 3278 enim
2126 3235 2233 3279 nos
2255 3218 2384 3296 ejus
2413 3217 2544 3278 vitae
2568 3217 2858 3277 rationem
2884 3215 2984 3277 diu
3016 3216 3225 3278 celavit
3253 3215 3562 3294 Dominus,

1929 3315 1997 3368 ut
2027 3306 2154 3368 hac
2187 3305 2352 3368 vobis
2389 3307 2612 3385 pariter
2645 3304 2957 3366 manifesta
2982 3306 3216 3385 ﬁerent,
3250 3305 3324 3366 de
3354 3305 3570 3382 quibus

1930 3404 2266 3476 opportuno
2286 3394 2536 3456 fortasse
2562 3403 2832 3475 tempore
2851 3393 3139 3457 dicemus.
3165 3395 3347 3456 Instat
3371 3402 3568 3456 autem

1924 3503 2104 3559 nunc,
2139 3491 2201 3544 ut
2228 3483 2496 3545 divinum
2529 3492 2595 3544 et
2623 3500 2906 3545 arcanum
2933 3481 3292 3544 sacrificium
3317 3482 3570 3546 Domino

802 3641 808 3646 _
1925 3571 2325 3635 celebremus.

281 3667 370 3724 1A!
453 3672 490 3723 Τ
529 3674 555 3706 ς-
697 3667 712 3690 ν
770 3665 786 3688 \
947 3667 962 3684 κ
1091 3665 1118 3721 ὸ
1202 3666 1220 3720 ἱ
1294 3665 1308 3687 ι
1378 3665 1409 3722 ἀ
1463 3665 1476 3687 ν
1629 3665 1643 3684 ι
1783 3663 1797 3683 ι

378 3711 392 3726 ο
495 3688 626 3723 αδτα
671 3687 834 3722 ειπων
873 3685 1003 3740 προς
1059 3686 1088 3720 τ
1123 3686 1148 3718 ν
1225 3687 1341 3741 ερον
1415 3687 1536 3732 πηει
1563 3687 1708 3739 ναον,
1743 3685 1828 3730 TT.‘

2022 3660 2104 3723 Kl.
2137 3662 2279 3723 Haec
2312 3659 2411 3721 ille
2433 3659 2698 3738 locutus,
2722 3659 3010 3740 templum
3037 3677 3295 3735 sacrum,
3318 3677 3446 3720 rem
3473 3659 3569 3721 di-

199 3757 344 3834 ἳεραν
399 3755 757 3834 λειτουργείαν
810 3754 1155 3817 ἒπιτελέσων,
1213 3753 1389 3822 "Eam
1445 3754 1617 3811 δὲκαὶ
1648 3755 1675 3810 6
1705 3756 1746 3809 θε

2029 3769 2119 3811 am
2153 3747 2811 3830 facturus,petit.Porro
2838 3749 2964 3828 ipse
2995 3767 3230 3828 quoque
3250 3747 3573 3812 divusGre-

201 3848 498 3925 Γρηγόριος
553 3845 606 3901 ὲν
664 3841 804 3916 δεξιᾷ
856 3853 948 3902 τοῦ
1000 3841 1268 3918 ἄμϐωνος,
1330 3843 1674 3906 κελεύσαντος
1707 3842 1748 3899 οἶ

2022 3840 2125 3899 ‘ius
2154 3843 2214 3900 iu
2247 3837 2452 3899 dextro
2485 3837 2688 3898 altaris
2721 3837 2929 3912 latere,
2956 3836 3292 3916 patriarcha
3312 3837 3397 3898 sic
3419 3855 3569 3919 prae-

201 3942 296 3991 τοῦ
352 3924 686 4013 παριάρχου.
743 3930 954 4000 Πολλῆς
1008 3929 1063 3987 δὲ
1129 3934 1286 3990 αὖτὸν
1355 3930 1682 3998 κατανύξεως

2030 3933 2209 4003 iente,
2235 3926 2481 3989 astabat.
2508 3926 2797 4006 Pleraque
2822 3943 2959 3986 vero
2985 3925 3114 4004 ejus
3136 3924 3398 3988 animum
3435 3945 3570 4005 per-

202 4025 326 4080 τότε
389 4022 744 4090 διαλαόούσης
797 4021 987 4078 ἵστατο
1045 4021 1191 4078 κάτω
1235 4022 1394 4078 νεύων
1442 4022 1530 4078 καὶ
1577 4041 1749 4093 ποταμ

2023 4016 2264 4078 ‘balione
2295 4018 2589 4078 subeunte
2614 4025 2972 4090 commotus,
3005 4015 3163 4076 infra
3199 4013 3423 4095 positus
3453 4014 3570 4075 mi-

205 4110 445 4191 ἒακρύων
499 4117 606 4168 τῶν
666 4109 952 4191 ὀφθαλμῶν
1007 4110 1199 4191 ἀφιεὶς.
1258 4110 1438 4174 Οὕτως
1505 4109 1594 4165 οὖν
1668 4108 1752 4188 ’έχι

2025 4106 2243 4182 trahat,
2277 4105 2522 4167 flumina
2553 4105 2786 4165 interim
2828 4104 3226 4183 lacrymarum
3257 4101 3331 4164 ab
3383 4103 3572 4166 oculis

206 4201 504 4281 Γρτιτορῖῳ,
568 4201 657 4257 καὶ
710 4201 970 4274 πνεύματι
1017 4199 1392 4262 ταπεινώσεως
1446 4195 1689 4277 ἀκριϐοῦς
1725 4201 1751 4252 0

2020 4193 2269 4257 undens.
2337 4196 2607 4274 Cumque
2657 4191 2736 4253 ita
2782 4210 2915 4254 sese
2949 4191 3272 4271 Gregorius
3301 4191 3567 4266 haberet,

207 4280 450 4368 αομένφ,
511 4287 648 4356 δῆλα
699 4291 788 4345 καὶ
843 4296 935 4345 τοῦ
982 4289 1320 4368 πατριάρχου
1377 4288 1575 4365 γίνεται
1625 4287 1754 4342 καὶι

2020 4285 2187 4360 gentis
2210 4281 2392 4343 animi
2413 4280 2758 4343 humilitatis
2781 4281 2990 4359 spiritu
3013 4282 3567 4368 inﬂammatus,om-

209 4366 624 4450 ἒπισκιᾶζουσαν
678 4380 834 4435 αὗτὺν
889 4379 1048 4458 χάριν
1096 4366 1471 4456 -τοῦμάγαθοὺ
1541 4377 1753 4452 Πνεύμα

2026 4397 2034 4434 ι
2065 4372 2410 4453 patriarcha:
2443 4369 2692 4433 consilia
2721 4368 2928 4431 habuit
2957 4369 3256 4458 explorata
3307 4375 3367 4431 et
3390 4366 3573 4458 Spiri-

211 4443 454 4548 ἔναργῶς⁷
489 4469 766 4548 ἐθεάσατο,
829 4443 931 4531 ὡςη
957 4443 1043 4524 καὶ
1088 4443 1337 4530 πολλοῖς.
1362 4469 1436 4531 εἰς
1484 4443 1698 4545 ὕστερον
1729 4463 1756 4520 6

2029 4506 2030 4511 η
2061 4443 2249 4523 sancti
2279 4465 2524 4540 gratiam
2558 4460 2752 4548 ipsum
2783 4443 3261 4537 adumbranlem,
3286 4464 3355 4548 ut
3369 4443 3576 4537 pleris-

214 4561 437 4638 ﬁsa-:0.
496 4560 585 4621 Εἷς
639 4567 764 4636 γοῦν
817 4558 914 4624 τὴν
962 4557 1240 4637 ἐπιοῦσαν,
1292 4559 1321 4612 ὁ
1365 4557 1608 4636 μοναχὸς
1639 4557 1853 4635 Μάρκος

216 4649 420 4708 ἑδεῖτου
477 4654 570 4706 τοῦ
626 4648 1054 4728 ἀρχιεπισκόπου
1113 4646 1268 4703 αὒτόν
1327 4667 1382 4702 τε
1439 4647 1527 4702 καὶ
1582 4645 1703 4704 τοὺς
1763 4646 1854 4702 σὺν

219 4739 359 4812 αὖτῷ
415 4738 686 4817 μοναχοὺς
738 4737 1082 4815 ἀποπέμψαι,
1143 4735 1282 4792 ὥστε
1338 4747 1456 4798 τοῖς
1509 4733 1686 4790 ἐκεῖσε
1725 4756 1852 4789 συν-

219 4827 464 4893 τάξασθαι
526 4825 802 4908 ἀδελφοῖς,
864 4827 952 4882 καὶ
1009 4825 1146 4882 οὕτω
1201 4829 1300 4892 τῆς
1361 4820 1543 4880 οἴκαδε
1594 4823 1854 4902 φερούσὶις

220 4913 578 4978 ἐπιλαϐέσθαι.
640 4917 738 4974 Καὶ
796 4915 994 4994 γίνεται
1053 4923 1211 4973 τοῦτο
1268 4913 1404 4970 κατὰ
1447 4912 1546 4979 τὴν
1580 4916 1735 4971 αὐτοῦ
1763 4911 1856 4968 Θέ-

223 5005 382 5073 λησιν
439 5005 972 5086 προσεπισκήψαντος
1028 5025 1120 5059 του
1177 5001 1625 5083 ἂρχιεπισκόπου,
1694 5000 1856 5080 μέχρι

222 5098 317 5158 τῆς
379 5098 572 5160 καινῆς
640 5091 905 5172 Κυριακῆς
976 5090 1121 5155 αὖθις
1177 5089 1488 5147 ἐπανελθεῖν
1543 5091 1618 5152 ὡς
1673 5091 1853 5151 αὒτόν.

224 5183 319 5240 Καὶ
347 5181 505 5256 οὕτω,
547 5183 730 5261 φησὶν,
768 5178 952 5238 οἴκαδε
981 5182 1392 5259 πορευθήσεσθε·
1444 5181 1608 5236 ταῦτα
1637 5177 1691 5234 δὲ
1721 5177 1857 5247 δῆλα

221 5274 296 5345 τῷ
350 5273 620 5350 Γρηγορίῳ
676 5269 876 5337 ἥκιστα
927 5270 1014 5338 ἧν·
1045 5268 1158 5330 οὒδὲ
1217 5269 1320 5348 γὰρ
1366 5273 1650 5349 συμπαρῆν
1699 5290 1856 5336 τηνι-

225 5367 383 5417 καῦτα
434 5373 555 5424 τοῖς
613 5372 908 5439 μοναχοϊς,
984 5350 1076 5425 Ὠς
1151 5359 1240 5416 οὖν
1304 5361 1507 5416 ὶκεϊνοι
1577 5357 1672 5427 τῆς
1739 5356 1858 5417 ὁδοῦ

307 5519 338 5571 ⁸
364 5520 535 5585 Rom.
573 5539 681 5598 xu,
709 5519 814 5582 Η.

457 5648 721 5713 Ρλτιῑοιι.
761 5648 875 5712 Gn.
920 5645 1126 5712 CXVI.

1936 4570 2053 4630 que
2084 4551 2184 4612 ille
2215 4549 2434 4612 secutis
2465 4547 2838 4628 temporibus
2888 4547 3208 4624 enarravit,
3271 4545 3577 4608 evidenter

1936 4640 2101 4702 vidit.
2133 4637 2428 4700 Postridie
2450 4637 2630 4716 igitur
2652 4637 2780 4718 ejus
2822 4635 2938 4698 diei
2991 4636 3222 4698 Marcus
3253 4633 3578 4696 monachus

1936 4729 2446 4809 archiepiscopum
2472 4726 2847 4808 precabatur,
2876 4735 2936 4786 ut
2959 4744 3045 4807 se,
3079 4744 3147 4788 ac
3169 4725 3268 4806 qui
3290 4744 3423 4786 cum
3448 4724 3576 4805 ipso

1939 4825 2133 4899 erant,
2167 4817 2492 4878 monachos
2526 4817 2737 4877 missos
2766 4815 3010 4896 faceret,
3044 4834 3161 4893 quo
3191 4833 3323 4876 cum
3350 4813 3581 4876 caeteris

1939 4907 2060 4970 illic
2082 4905 2400 4988 agentibus
2430 4905 2712 4967 fratribus
2735 4904 3062 4967 institutam
3089 4906 3260 4964 vitam
3288 4920 3580 4979 sequere-

1939 5006 2058 5074 tur,
2116 5003 2175 5058 et
2225 4995 2304 5058 ita
2335 4988 2496 5058 recta
2520 4995 2761 5057 domum
2787 4993 3001 5073 abiret,
3033 5012 3166 5054 cum
3196 4993 3249 5053 id
3273 4991 3458 5052 nihilo
3479 5009 3580 5053 se-

1940 5090 2069 5151 cius
2100 5107 2176 5151 ne
2205 5087 2499 5150 sententia
2511 5105 2578 5148 ac
2597 5087 2898 5148 voluntate
2924 5085 3083 5146 illius
3100 5085 3228 5146 fieri
3251 5081 3583 5146 vellet.lloc

1940 5179 2060 5240 illis
2092 5195 2227 5239 cum
2261 5176 2755 5256 archiepiscopus
2788 5173 3128 5255 petentibus
3158 5173 3490 5250 annuisset,
3510 5173 3584 5235 ad

1939 5284 2156 5329 novum
2186 5283 2319 5328 sese
2336 5265 2712 5326 Dominicum
2739 5263 2897 5325 diem
2923 5281 3268 5326 reversuros
3294 5263 3585 5344 pollicen-

1939 5355 2123 5438 tibus,
2177 5354 2472 5436 proﬁcisci
2519 5353 2762 5416 domum
2796 5353 3126 5437 imperavit.
3172 5351 3396 5417 Verum
3453 5369 3587 5416 cum

3158 5641 3197 5710 7
