3918 6138
358 246 475 338 2‘03

1662 251 1942 326 MENSIS
1981 245 2421 324 NOVEMBER.

3597 231 3719 307 204

360 409 489 469 haec
539 402 998 484 haudquaquam
1060 397 1351 477 Gregorio
1410 404 1721 479 perspecta
1778 397 2034 468 essent“

2201 412 2317 468 ;ντο,
2389 386 2885 467 μετακαλεσάμενος
2913 473 2925 485 Ι
2956 380 2985 441 ὁ
3043 379 3456 485 Μακιάριοςμτδν
3479 379 3723 485 ὶΓρηγό-

365 495 521 575 quod
552 494 602 554 is
634 465 757 555 tum
786 465 1092 553 mbnachis
1112 465 1374 571 praesens
1395 465 1514 548 non
1532 465 1605 548 ad
1626 485 1996 575 fuisset,cum

2201 526 2215 555 ,
2272 465 2439 535 {auri
2498 500 2556 534 τε
2614 477 2770 533 αὐτὸν
2828 473 3031 555 φράζει,
3086 471 3173 526 καὶ
3217 465 3383 544 μηδὲν
3414 466 3498 523 ἐπὶ
3522 466 3729 530 τούτοις

2428 568 2481 575 -.
2955 562 2967 575 .
3140 561 3153 575 .
3216 557 3241 575 η
3434 556 3459 575 ν
3677 567 3701 575 _

364 556 450 646 illi
483 600 615 644 sese
650 582 753 643 viae
785 556 1130 657 dedissent;
1165 577 1451 640 Macarius
1502 574 1852 656 Gregorium
1901 590 2001 633 ac-

2201 572 2370 635 ιθῆναι
2428 568 2594 646 λέγει,
2658 576 2856 645 ταχεῖα
2913 562 3012 640 γὰρ
3067 561 3156 616 καὶ
3214 557 3339 613 ὅσον
3405 556 3557 657 οὔπω
3609 567 3730 657 to};

369 672 629 751 cersivit,
667 670 863 748 eique,
898 686 1028 750 quae
1051 674 1217 746 gesta
1248 671 1473 742 essent,
1508 662 1811 737 edisserit;
1839 659 2005 721 addit

370 761 575 835 etiam,
609 758 769 820 nulla
798 758 994 837 ipsum
1018 754 1093 817 ob
1124 755 1182 817 id
1217 753 1484 816 molestia
1505 753 1661 815 affici
1691 757 2001 833 oportere;

372 856 660 910 maturam
693 848 849 907 enim
882 846 1126 906 fratrum
1164 842 1523 906 reditionem
1557 861 1627 904 ac
1658 839 2005 921 propediem

373 937 523 999 fore.
549 935 715 1007 Quod
748 934 848 995 ubi
871 952 936 994 se
964 932 1084 994 illis
1117 931 1462 993 destitutum
1495 931 1568 991 iri
1594 930 1855 1004 rescivit,
1882 944 2011 988 mo-

377 1022 694 1085 lestissime
724 1020 876 1083 tulit.
914 1022 987 1082 At
1017 1027 1137 1080 tum
1171 1037 1325 1099 sese,
1361 1020 1711 1099 lacrymans,
1749 1017 1910 1078 illius
1936 1012 2012 1076 ad

377 1113 564 1193 pedes
593 1130 659 1172 ac
690 1128 881 1189 genua
912 1108 1187 1189 projecit,
1240 1108 1526 1188 illumque
1567 1106 1914 1168 hortabatur
1942 1120 2011 1165 ac

378 1200 602 1271 orabat,
636 1217 701 1260 se
734 1198 975 1260 ubinam
1006 1197 1090 1258 illi
1122 1205 1411 1258 terrarum
1446 1203 1667 1269 essent,
1705 1194 2006 1256 edoceret.

381 1287 795 1368 (Existimabat
846 1287 1031 1360 enim,
1092 1285 1225 1346 illos
1285 1285 1494 1365 procul
1552 1284 1762 1345 alocis
1793 1280 2011 1344 sanctis

378 1374 643 1455 abiisse.)
678 1376 785 1438 Ille
832 1392 973 1436 vero
1007 1392 1126 1435 non
1159 1373 1291 1453 plus
1322 1372 1526 1451 viginti
1555 1371 1760 1434 stadiis
1791 1373 2011 1435 Roma-

380 1481 618 1545 norum,
652 1465 842 1525 vicum
877 1483 909 1525 a
940 1462 1173 1524 civitate
1204 1461 1373 1542 dixit,
1408 1462 1626 1524 distare
1645 1481 1761 1542 quo
1796 1480 1914 1522 non
1938 1460 2020 1522 ita

382 1552 613 1632 pridem
640 1551 772 1613 illos
792 1549 1135 1632 pervenisse
1156 1549 1351 1611 simile
1368 1549 1490 1612 veri
1510 1558 1637 1613 erat
1663 1568 1675 1613 :
1702 1559 2020 1630 propterea

2090 656 2342 737 ἀδελφοῖς
2402 660 2436 725 ἡ
2493 642 2768 717 ἐπάνοδοςξ
2834 659 2921 727 Τῷ
2977 649 3032 706 δὲ
3085 647 3367 704 ἀκούσαντι
3397 645 3600 737 ⁸πικρον
3633 642 3733 737 μὲν

2089 731 2257 803 ἐδόκεί
2306 753 2366 803 τὸ
2396 745 2612 803 ἐκείνων
2664 743 2802 808 ὅλως
2861 738 3260 819 ἀπὸληφθῆναι,
3321 732 3494 792 ποδῶν
3542 731 3595 788 δὲ
3648 731 3739 819 καὶ

2088 836 2326 914 γονάτων
2386 835 2543 892 αὒτοῢ
2597 832 2902 906 ἁπτόμενος
2958 818 3206 906 ἔνδακρυς
3265 821 3575 901 παρεκάλει,
3650 818 3741 876 καὶ

2090 909 2204 999 όίμα
2272 927 2462 1001 μαθεῖν
2532 921 2705 980 ἐδεῖτο
2772 920 3042 980 ποδαποὺς
3114 916 3258 972 εἶναι
3327 913 3448 976 τοὺς
3520 909 3737 1001 ἄνδρας

2093 990 2227 1087 ᾤετο
2273 990 2376 1092 γὰρ
2429 1011 2614 1077 αὖτοὺς
2667 1010 2729 1067 ἐκ
2777 1015 2883 1065 τῶν
2914 1008 3079 1087 ἁγίων
3108 1005 3388 1092 ὡρμῆσθαι
3440 1001 3644 1092 τόπων.
3684 990 3743 1092 ’ρ

2092 1101 2147 1159 δὲ
2207 1088 2304 1169 τῆς
2350 1088 2638 1177 ἰΡωμαίων
2700 1099 2797 1174 μὲν
2855 1097 3053 1176 ἔφησεν
3113 1097 3278 1173 εἶναι,
3341 1090 3401 1146 ἐκ
3456 1088 3746 1177 κώμηςᾲοῦ

2092 1191 2254 1249 πλέον
2300 1191 2334 1259 ἢ
2391 1175 2626 1255 σταδίους
2671 1188 2844 1245 εἴκοσι
2892 1175 2991 1253 τῆς
3034 1182 3245 1244 πόλεως
3286 1178 3624 1260 ἂπεχούσης,
3660 1175 3744 1254 ἐφ’

2094 1280 2161 1349 ἢ)
2215 1279 2338 1336 ὅσον)
2397 1279 2542 1336 οὔπω
2596 1282 2683 1336 καὶ
2729 1276 2944 1353 μέλλειν
2996 1273 3183 1338 αὐτοὺς
3216 1269 3525 1350 ἀφικέσθαι.
3561 1262 3745 1332 Μηδὲν

2096 1368 2162 1437 δὴ
2217 1369 2437 1447 παρῄνει
2497 1368 2612 1447 περὶ
2660 1367 2817 1423 αότὸν
2870 1361 3179 1436 δεδοικέναι,
3235 1356 3370 1447 μηδὲ
3422 1361 3526 1413 τῶν
3552 1356 3745 1447 Δεὖγέῖιῑν

2100 1443 2576 1529 αὐτῶν-ἐλπίζειν·
2637 1454 3143 1534 ἀπολειφθήσεσθαι·
3202 1446 3441 1505 ἒϐεϐαίου
3512 1444 3613 1534 γαρ
3674 1443 3747 1534 ὡς

2103 1552 2162 1607 οὒ
2220 1548 2475 1626 πρότερον
2529 1546 2755 1620 ἅψονται
2811 1532 2908 1612 τῆς
2968 1540 3089 1600 ὁδοῦ
3135 1538 3328 1606 ταύτης
3374 1536 3495 1615 πρὶν
3546 1532 3610 1589 ἂν
3662 1532 3750 1626 καὶ

382 1622 529 1705 nihil
549 1648 618 1706 de
632 1648 752 1706 illis
765 1622 1077 1706 sollicitum
1094 1662 1238 1717 esse,
1252 1649 1637 1719 nequavereri
1651 1622 1774 1704 sese
1788 1622 2023 1705 illorum

2203 1622 2274 1702 ις⁷
2319 1622 2449 1714 πρὸς
2524 1634 2681 1691 αὐτὸν
2731 1631 3112 1690 ἐπανέλθωσιν.
3188 1634 3363 1685 Ταῦτα
3437 1624 3628 1704 εἰπὼν,
3687 1622 3748 1677 τὸ

386 1728 665 1810 precibus
695 1728 1041 1805 cariturum,
1095 1714 1393 1789 monebat.
1440 1727 1839 1801 Quamobrem
1865 1727 2022 1789 bono

2201 1726 2244 1782 ιὺ
2276 1730 2375 1793 τῆς
2429 1723 2603 1791 λύπης
2660 1720 2961 1801 παρείλετο,
3013 1720 3102 1777 καὶ
3162 1722 3230 1795 ᾖν
3283 1715 3345 1772 τὸ
3402 1714 3540 1791 μετὰ
3596 1714 3753 1768 τοῦτο

385 1806 585 1880 animo
615 1819 781 1880 illum
814 1835 947 1879 esse
969 1816 1619 1898 jussit,spoponditque
1643 1836 1763 1879 non
1793 1834 1859 1879 se
1890 1816 2026 1878 illos

2201 1812 2433 1892 >εδρεύων
2462 1819 2539 1887 τῷ
2570 1811 2981 1891 ἀρχιεπισκόπῳ
3020 1806 3073 1864 ἕν
3137 1827 3193 1898 τε
3242 1816 3363 1898 ταῖς
3421 1814 3758 1898 προσευχαις

386 1907 551 1987 prius
583 1906 720 1967 huic
750 1888 990 1968 itineri'
1012 1888 1338 1981 dedituros,
1394 1888 1571 1987 quain
1623 1905 1697 1967 ad
1738 1923 1804 1966 se
1833 1905 2028 1967 denuo

2201 1915 2204 1923 ‘
2261 1888 2389 1969 ταῖς
2450 1888 2713 1975 συνάξεσι,
2775 1901 2864 1955 καὶ
2918 1901 2990 1963 ὡς
3046 1899 3120 1961 εἷς
3167 1893 3471 1974 ἀρχέτυπον
3500 1892 3595 1948 τὸν
3628 1888 3764 1987 ειιεί-

383 1978 780 2059 i‘evertantur.
818 1996 930 2068 Qui
956 2014 1091 2056 cum
1127 2002 1284 2057 esset
1306 1978 1466 2056 hunc
1496 1995 1557 2055 in
1581 1994 1822 2056 modum
1858 1994 2029 2057 locu-

2232 1994 2344 2070 βίον
2402 1995 2562 2071 ὁρῶν,
2620 1992 2707 2047 καὶ
2763 1987 2889 2045 ὅλον
2944 1985 3068 2064 παρ’
3103 1987 3273 2059 ἑαυτῷ
3302 1980 3608 2063 φιλοπόνως
3644 1978 3758 2044 ἐξα·

394 2092 507 2163 tus,
546 2084 796 2145 multum
829 2084 930 2145 ille
965 2084 1040 2145 de
1071 2083 1279 2145 dolore
1307 2083 1561 2159 remisit,
1596 2091 1655 2145 et
1686 2084 1902 2146 exinde
1930 2102 2031 2146 ar-

2202 2081 2481 2158 ϐούμενος.

393 2156 768 2254 chiepiscopo
800 2180 921 2234 tum
950 2176 1011 2233 in
1044 2172 1342 2253 precibus,
1376 2180 1499 2235 tum
1534 2156 1596 2233 in
1635 2173 1823 2236 sacris
1858 2173 2112 2238 coetibus
2141 2156 2584 2234 adhaerescebat
2613 2186 2631 2229 :
2665 2181 3039 2246 cernensque
3070 2162 3204 2243 ejus
3230 2164 3429 2239 vitam,
3459 2159 3544 2221 uti
3578 2156 3765 2240 quod—

394 2262 526 2324 dam
560 2261 787 2324 virtutis
815 2261 1140 2342 exemplar,
1173 2262 1334 2323 illam
1364 2263 1519 2342 apud
1549 2280 1615 2325 se
1644 2263 1852 2325 sedulo
1883 2282 1951 2325 ac
1983 2264 2307 2343 diligenter
2337 2258 2710 2322 observabat.

472 2350 606 2415 XII.
625 2352 771 2413 Cum
794 2369 931 2413 vero
945 2350 1075 2412 dies
1088 2351 1325 2413 Domini
1346 2351 1652 2431 proximus
1670 2351 2034 2428 advenisset,

397 2441 697 2518 monachi,
733 2448 797 2501 ut
825 2441 1181 2519 imperatum
1207 2440 1330 2501 illis
1349 2440 1562 2515 fuerat,
1589 2449 1799 2521 praesto
1825 2441 2031 2504 fuere:

401 2548 547 2609 quos
578 2547 712 2591 cum
744 2528 813 2590 D.
850 2529 1170 2607 Gregorius
1199 2528 1365 2605 vidit,
1399 2528 1564 2589 omni
1602 2530 1904 2609 voluptate
1931 2547 2036 2591 re-

396 2617 582 2679 fertus
612 2625 721 2693 est,
755 2635 825 2677 ac
855 2624 1034 2677 totam
1065 2614 1226 2677 illam
1260 2624 1499 2679 noctem
1549 2634 1666 2678 una
1722 2635 1860 2678 cum
1920 2616 2034 2678 illis

395 2693 737 2768 insomnem
772 2705 1034 2784 pertulit,
1071 2704 1350 2783 precibus
1398 2706 1542 2767 item
1574 2724 1642 2766 ac
1671 2705 1944 2786 lacrymis
1973 2711 2033 2767 in

400 2796 630 2855 fervore
658 2795 900 2873 spiritus
924 2793 1229 2870 insistens,
1265 2812 1370 2874 pro
1403 2813 1467 2857 se
1491 2803 1690 2858 sancte
1716 2794 2033 2857 Dominum

404 2881 829 2958 obtestabatur,
886 2881 977 2943 uti
1037 2882 1483 2944 exercitationis
1534 2902 1605 2946 ac
1636 2882 2036 2946 meditationis

404 2970 572 3031 istius
601 2987 839 3031 cursum
873 2969 1210 3050 perficeret,
1245 2970 1508 3051 ipsisque
1537 2972 1943 3035 haereditatem
1968 2990 2039 3033 ac

406 3067 639 3140 partem
694 3059 1179 3121 communicaret.
1210 3059 1441 3121 Deinde
1491 3060 1573 3123 ita
1601 3061 1776 3122 simul
1807 3079 2039 3123 summo

406 3166 580 3209 mane
610 3147 1124 3229 archiepiscopum
1160 3147 1387 3211 Marcus
1417 3149 1561 3231 adit,
1595 3150 1846 3231 ejusque
1867 3151 2041 3232 pedi-

406 3237 517 3298 bus
548 3237 891 3317 provolutus
912 3236 1115 3297 orabat
1136 3245 1200 3297 ut
1222 3238 1345 3298 suis
1369 3255 1434 3299 se
1457 3238 1734 3317 precibus
1763 3246 2041 3320 tanquam

2201 2351 2306 2414 lB'.
2364 2355 2473 2417 Τῆς
2533 2347 2586 2404 δὲ
2617 2350 2807 2413 καινῆς
2862 2339 3264 2408 καταλαϐούσης
3326 2341 3617 2418 Κυριακης,
3681 2332 3765 2395 καὶ

2121 2444 2168 2497 οἱ
2217 2441 2449 2518 μοναχοὶ
2502 2437 2638 2495 κατὰ
2698 2436 2759 2492 τὸ
2816 2430 3107 2512 ἐπιταχθὲν
3153 2428 3545 2518 παρῆσαν-οὒς
3590 2426 3761 2518 basio

2118 2515 2262 2592 θεῖος
2294 2515 2404 2584 εἶδε
2445 2527 2759 2605 Γρηγόριος,
2812 2524 2989 2590 πάσης
3021 2542 3080 2577 τε
3124 2517 3321 2589 ἡδονῆς
3372 2516 3644 2594 ἐπλήσθη,
3677 2515 3760 2573 καὶ

2118 2618 2241 2697 παρ’
2305 2615 2438 2684 ὅλην
2499 2616 2704 2683 ἐκείνην
2761 2616 2859 2681 τὴν
2912 2611 3071 2669 νύκτα
3121 2612 3282 2678 συνῆν
3325 2606 3509 2671 αὐτοῖς
3541 2605 3759 2697 διακαρ-

2116 2696 2282 2786 τερῶν
2342 2706 2534 2769 ἄϋπνος
2589 2706 2677 2763 καὶ
2731 2702 2938 2773 διήσεις
3011 2699 3145 2776 μετᾶ
3201 2701 3397 2777 θερμοῦ
3459 2696 3758 2772 πνεύματος

2117 2798 2204 2853 καὶ
2258 2795 2491 2875 δακρύων
2548 2793 2832 2873 προσάγων
2891 2788 3276 2868 ὑπερεύχεσθαί
3325 2808 3383 2843 τε
3434 2786 3621 2866 αὐτοῦ,
3660 2808 3759 2841 κα-

2118 2885 2227 2951 λῶς
2280 2872 2370 2943 τὸν
2439 2885 2539 2953 τῆς
2594 2872 2889 2949 ίᾶσκήσεὼς
2946 2877 3187 2935 διανύσαι
3260 2874 3450 2957 δρόμον
3517 2877 3608 2932 καὶ
3678 2872 3763 2932 τοῦ

2124 2976 2322 3055 κλήρου
2351 2975 2438 3033 καὶ
2466 2978 2562 3041 τῆς
2593 2969 2803 3051 μερίδος
2850 2972 3033 3034 αὗτοϊς
3061 2970 3413 3034 κοινωνῆσαι,
3448 2963 3572 3022 Εἶθ’
3603 2962 3762 3055 οὕτως

2124 3054 2243 3141 ἅμα
2296 3064 2435 3144 πρωί
2496 3064 2738 3141 πρόσεισι
2795 3066 2873 3135 τῷ
2940 3056 3356 3138 ἀρχιεπισκόπῳ
3423 3054 3451 3111 ὀ
3525 3054 3759 3144 Μάρκος,

2123 3140 2268 3224 ἠξίου
2323 3140 2381 3210 τε
2437 3140 2547 3233 πρὸ
2586 3152 2692 3210 τῶν
2746 3150 2945 3207 ἐκείνου
2987 3145 3163 3205 ποδῶν
3192 3145 3433 3221 κείμενος
3463 3155 3590 3233 ταῖς
3620 3140 3765 3203 ἰδίαις

2126 3244 2317 3324 εὒχαϊς
2376 3232 2555 3320 ὥσπερ
2609 3240 2834 3319 ἀγαθοῖς
2892 3236 3120 3318 ἐφοδίοις
3192 3234 3376 3299 αὖτοὺς
3434 3232 3765 3324 ἱκανώσαντα

404 3326 614 3387 viatico
650 3324 907 3405 quodam
932 3324 1085 3386 bene
1108 3324 1397 3388 instructo
1419 3327 1817 3389 communitos
1838 3319 2034 3390 dimit-

2203 3319 2502 3413 ροιπέμψαι⁸
2529 3319 2534 3320 ⁷
2566 3320 2625 3387 οΟ
2655 3327 2711 3385 δὲ
2768 3328 2975 3401 ὲκάστῳ
3035 3326 3235 3413 τούτων
3271 3324 3369 3391 τὴν
3431 3334 3601 3413 χεῖρα
3647 3319 3765 3413 ἑπι-

409 3422 583 3477 teret.
616 3413 843 3475 Horum
868 3432 1007 3474 vero
1041 3414 1144 3475 ille
1168 3413 1417 3493 singulis
1446 3414 1721 3495 imposita
1747 3434 1947 3493 manu,
1972 3435 2034 3480 ac

2202 3410 2247 3498 ς,
2308 3422 2432 3478 εἶτα
2484 3421 2572 3477 καὶ
2627 3420 2745 3485 τοὺς
2802 3416 3104 3496 ὀφθαλμοὺς
3160 3411 3342 3490 διάρας
3396 3413 3470 3477 είς
3522 3410 3762 3490 οὐρανὸν,

410 3503 656 3564 sublatis
681 3502 743 3563 in
764 3503 975 3564 cmlum
997 3502 1215 3564 oculis:
1246 3502 1424 3584 Deus,
1442 3504 1657 3582 inquit,
1676 3512 1773 3586 qui
1801 3507 2034 3583 caelum,

2219 3512 2371 3584 Θεὸς,
2431 3510 2611 3588 εἶπεν,
2673 3510 2701 3565 ὁ
2748 3509 2979 3577 ποιήσας
3031 3507 3122 3562 τὸν
3151 3503 3369 3582 οὐρανὸν
3396 3503 3488 3558 καὶ
3530 3501 3634 3570 τὴν
3665 3500 3763 3579 γὴν

408 3600 623 3654 terram
647 3609 715 3653 ac
745 3609 931 3665 mare,
968 3599 1023 3653 et
1045 3590 1330 3672 quidquid
1357 3591 1417 3653 in
1451 3592 1535 3654 eis
1557 3602 1670 3668 est,
1696 3596 2034 3674 condidisti,

2201 3604 2211 3659 ί
2266 3601 2365 3668 τὴν
2419 3598 2685 3656 θάλασσαν
2740 3599 2829 3654 καὶ
2886 3596 3059 3654 πάντα
3113 3593 3180 3650 τὰ
3230 3591 3284 3648 ἓν
3323 3592 3533 3671 αὐτοῖς,
3586 3593 3613 3647 ὁ
3653 3592 3763 3668 πρὶν

409 3681 508 3761 qui
537 3680 733 3742 omnia
762 3689 895 3742 ante
924 3690 1119 3741 ortum
1154 3681 1391 3743 illorum
1438 3682 1623 3763 probe
1680 3684 1855 3761 nosti,
1915 3686 2034 3766 ipse

2201 3690 2377 3755 δέσεως
2431 3691 2604 3747 αὐτῶν
2684 3685 2894 3744 ἅπαντα
2955 3683 3330 3763 ἐπιστάμενος,
3415 3682 3572 3746 αὐτὸς
3643 3681 3756 3743 τοὺς

408 3770 516 3831 hos
547 3787 754 3832 servos
776 3778 931 3843 tuos,
965 3770 1065 3845 qui
1090 3771 1450 3833 sacrosancti
1469 3774 1824 3835 tuinominis
1842 3792 2034 3846 causa.

2201 3778 2335 3844 ἱλους
2373 3799 2467 3835 σου
2521 3776 2734 3840 τούτους
2791 3774 2916 3840 τοὺς
2967 3772 3051 3831 διὰ
3098 3773 3157 3829 τὸ
3187 3774 3280 3829 σὸν
3306 3771 3458 3849 ἅγιον
3488 3771 3659 3848 ὄνομα
3688 3771 3754 3832 εἷς

410 3868 609 3919 sancta
638 3859 843 3919 isthaec
874 3859 1003 3918 loca
1028 3858 1379 3941 inviserunt,
1408 3859 1788 3940 fructumque
1819 3872 1916 3925 tua
1943 3862 2034 3924 di-

2201 3866 2307 3925 Ξσδε
2336 3867 2456 3931 τοὺς
2514 3867 2694 3947 ἁγίους
2738 3864 2930 3928 τόπους
2990 3862 3385 3941 πεφοιτηιιότας
3444 3862 3532 3918 καὶ
3562 3862 3757 3939 καρπὸν

410 3966 592 4026 gnum
614 3948 942 4026 majestate,
968 3949 1342 4026 Gregorium,
1369 3951 1635 4033 inquam,
1663 3958 1761 4033 qui
1783 3970 2034 4033 praesens

2201 3978 2269 4015 ,ον
2326 3957 2402 4031 τῷ
2461 3955 2538 4030 σῷ
2595 3955 2771 4035 κράτει
2830 3952 3287 4034 προσαγαγόντας,
3337 3951 3430 4007 τὸν
3459 3950 3643 4009 δοῦλόν
3672 3948 3759 4006 σού

410 4036 585 4097 nobis
614 4035 803 4127 adest,
842 4054 1074 4127 servum
1110 4046 1276 4099 tuom
1331 4040 1682 4121 attulerunt,
1732 4060 2034 4118 conserva,

2201 4069 2266 4125 μι
2297 4046 2587 4124 Γρηγόριον
2631 4046 2724 4102 τὸν
2773 4041 3256 4121 συμπαρεστηκότα
3286 4041 3442 4117 ἡμῖν,
3506 4038 3759 4097 διάσωσον

412 4142 478 4186 ac
508 4125 570 4185 in
597 4125 685 4185 via
714 4124 950 4186 illorum
984 4124 1197 4205 dirige,
1254 4128 1546 4207 siquidem
1602 4139 1841 4191 sanctus
1885 4150 1949 4193 es
1982 4130 2034 4192 in

2201 4139 2215 4193 ὶ
2270 4134 2658 4214 συμπορεύθητι
2710 4134 2916 4198 τούτοις
2974 4132 3029 4189 ἐν
3095 4137 3163 4209 τῇ
3242 4128 3347 4207 ὀδῷ
3418 4131 3613 4187 αὑτῶνο
3684 4128 3759 4184 ὅτι

412 4214 647 4305 saecula.
680 4216 769 4277 Ac
801 4234 937 4277 cum
969 4222 1417 4298 omnes,Amen,
1454 4218 2034 4299 subdidissent,com-

2202 4248 2279 4290 ιος
2309 4224 2365 4282 εἴ
2396 4225 2468 4287 εἷς
2519 4225 2640 4288 τοὺς
2690 4224 2907 4286 αἰῶνας.
2965 4221 3065 4280 Καὶ
3110 4219 3322 4278 πάντων
3348 4220 3410 4277 τὸ
3439 4218 3588 4297 ἀμὴν
3617 4218 3761 4276 ἐπει-

412 4304 680 4384 plexatus
709 4305 842 4366 illos
874 4306 933 4366 in
966 4323 1110 4385 pace
1140 4305 1384 4369 dimisit.
1418 4305 1538 4368 Hos
1566 4307 1852 4371 abeuntes
1895 4308 2034 4374 Gre-

2201 4336 2338 4372 ντων
2400 4313 2775 4390 ἀσπασάμενος
2847 4311 3056 4388 αὐτοὺς,
3130 4310 3183 4366 ἐν
3267 4310 3451 4389 εἰρήνῃ
3536 4308 3757 4384 ἔπεμψε.

411 4395 611 4471 gorius
637 4394 1032 4474 conspicatus,
1064 4394 1285 4456 acriter
1313 4394 1512 4457 animo
1556 4397 1764 4469 doluit.
1799 4419 1867 4461 ac
1898 4418 2034 4481 prae‘

2203 4405 2355 4470 ύτους
2437 4403 2691 4467 ἀπιόντας
2763 4400 2887 4458 ἰδὼν
2956 4401 2983 4457 ὀ
3055 4399 3370 4479 Γρηγόριος,
3436 4396 3644 4477 ἤλγησέ
3708 4416 3759 4452 τε

412 4498 667 4574 propere
697 4482 1009 4574 festinans,
1023 4482 1299 4574 ‘illoru‘m
1357 4484 1429 4546 ad
1490 4485 1673 4567 pedes
1725 4490 2034 4569 projectus,

2201 4494 2388 4574 (υρῶς,
2461 4492 2548 4550 καὶ
2619 4490 2967 4572 προσδραμὼν
3038 4489 3092 4546 ὲν
3169 4487 3391 4569 σπουδῇ,
3462 4486 3638 4546 ποδῶν
3704 4505 3757 4542 τε

413 4570 604 4631 solum
662 4589 727 4632 se
787 4570 867 4631 ibi
925 4570 1184 4651 relinqui
1233 4572 1686 4639 lamentabatur.
1734 4576 1863 4639 Heu
1897 4579 2034 4640 mihi

2201 4570 2376 4658 ττετο,
2408 4582 2498 4638 καὶ
2543 4570 2925 4658 τὴν-μόνωσιν
2971 4576 3299 4658 ἂπωδύριτο,
3348 4575 3537 4654 Οἴμοι,
3570 4575 3755 4655 λέγων,

412 4658 737 4740 (inquiens)
772 4659 903 4750 quis
931 4669 1163 4738 sum,et
1192 4681 1309 4740 quo
1342 4681 1436 4724 me
1466 4672 1690 4727 vertam
1718 4672 1746 4730 ?
1777 4667 2034 4741 Quonam

2201 4697 2207 4734 :
2256 4671 2493 4750 γένωμαι
2522 4688 2539 4747 ς
2592 4683 2691 4728 ποτ
2736 4670 3022 4749 τράπωμαι
3055 4689 3073 4741 ;
3111 4669 3224 4734 πῶς
3254 4667 3401 4743 ὑμῶν
3432 4666 3563 4745 ἐγὼ,
3595 4663 3756 4722 πατέ-

411 4766 520 4837 ego
554 4756 720 4829 pacto
752 4749 937 4827 vobis,
971 4752 1178 4812 Patres
1208 4771 1275 4813 ac
1327 4762 1679 4837 servatores,
1713 4755 2044 4822 destituar?

409 4836 541 4928 Yos
560 4839 889 4901 secundum
920 4838 1108 4901 Deum
1141 4839 1345 4902 salutis
1400 4861 1547 4905 mea;
1598 4836 1895 4923 auctores,
1928 4849 2044 4928 ipsi

406 4926 547 4989 boni
580 4928 839 5009 probatae
870 4928 1015 5018 mihi
1046 4927 1175 4991 vitae
1222 4930 1485 5010 magistri
1532 4932 1750 5011 fuistis,
1804 4937 1919 5018 ipsi
1950 4926 2046 4999 er-

408 5029 637 5080 rantem
694 5016 1002 5080 invenistis
1032 5019 1400 5082 invenientes
1431 5031 1609 5084 rectae
1640 5023 1751 5086 viae
1779 5016 2044 5089 reddidi-

405 5108 533 5183 stis,
567 5108 767 5170 multis
796 5109 939 5171 item
972 5108 1249 5171 ﬂuctibus
1280 5111 1625 5191 naufragum
1659 5131 1727 5176 ac
1763 5133 1912 5195 pene
1944 5118 2046 5181 de-

406 5214 692 5273 mersum,
729 5198 788 5258 in
824 5199 1202 5281 tranquillum
1233 5217 1302 5262 ac
1331 5218 1607 5264 securum
1643 5212 1874 5282 portum
1926 5207 2042 5269 ad-

402 5285 664 5348 vexistis.
699 5285 869 5349 Nunc
900 5306 1075 5369 porro
1108 5289 1406 5366 quomodo
1451 5297 1567 5352 tam
1619 5293 2041 5361 miserabiliter

403 5374 650 5437 divellar
677 5395 711 5438 a
743 5375 963 5439 vobis?
992 5376 1302 5449 Quomodo
1335 5380 1770 5458 separationem
1822 5384 1976 5448 hanc
2005 5404 2040 5448 a

400 5464 565 5525 vobis
596 5465 974 5529 feram?Hzec
1004 5485 1139 5530 cum
1171 5467 1492 5546 Gregorius
1516 5471 1929 5549 gemebundus
1949 5474 2038 5537 di-

400 5565 587 5639 ceret,
627 5574 747 5640 prae
777 5575 960 5639 seque
1012 5557 1328 5619 maximam
1388 5556 1576 5619 animi
1637 5561 2038 5626 turbationem

2127 4783 2214 4840 ρες
2257 4762 2345 4817 καὶ
2400 4760 2656 4837 σωτῆρες,
2704 4758 3213 4838 ἀπολειφθήσομαις
3262 4756 3423 4814 Αδτυὶ
3469 4756 3605 4833 μετὰ
3635 4753 3755 4811 Θεὸν

2128 4854 2226 4917 τῆς
2270 4848 2404 4925 ἐμῆς
2435 4850 2698 4928 σωτηρίας
2735 4846 3001 4928 πρόξενοι,
3062 4845 3210 4904 αὒτοί
3266 4866 3359 4921 μοι
3408 4844 3504 4914 τῆς
3562 4844 3754 4922 ἀγαθῆς

2126 4937 2396 5003 πολιτείας
2451 4938 2637 5017 ἀγαθοὶ
2689 4936 3016 5014 διδάσκαλοι,
3077 4936 3225 4993 αὑτοί
3282 4956 3350 5012 με
3404 4935 3490 4992 καὶ
3546 4931 3759 4992 πλανώ-

2127 5049 2288 5103 μενον
2344 5026 2540 5108 εῧρετε,
2603 5028 2691 5085 καὶ
2749 5027 2987 5106 εδρόντες
3041 5027 3115 5088 εἷς
3174 5024 3292 5082 ὁδὸν
3344 5023 3553 5083 εὔθεταν
3584 5026 3756 5108 καθωέ

2126 5115 2422 5196 δηγήσατε,
2475 5107 2563 5174 καὶ
2619 5119 2674 5173 ὲν
2742 5115 2931 5191 πολλῷ
2999 5112 3222 5173 κλύδωνι
3294 5120 3625 5193 ναυαγοῦντα
3672 5107 3759 5168 καΐ

2124 5207 2509 5283 βαπτιζόμενον
2585 5207 2659 5271 εἰς
2730 5204 2969 5286 γαληνὸν
3037 5203 3228 5281 λιμένα
3300 5206 3389 5261 καὶ
3472 5204 3759 5279 ἀκύμαντον

2124 5297 2569 5377 προσωρμήσατε.
2630 5297 2753 5356 Νυνὶ
2803 5293 2859 5352 δὲ
2915 5299 3032 5360 πῶς
3084 5296 3234 5371 ὑμῶν
3290 5291 3543 5358 ἐλεεινῶς
3595 5310 3760 5373 χωρι-

2122 5382 2440 5467 σθήσομαι;
2498 5391 2612 5452 πῶς
2662 5386 2759 5454 τὴν
2816 5382 2906 5465 ἀφ’
2976 5384 3125 5461 ὑμῶν
3193 5382 3395 5463 ἐνέγκω
3464 5378 3754 5467 διάζευξινξ

2125 5477 2296 5531 Ταῦτα
2354 5465 2447 5531 τοῦ
2503 5474 2799 5554 Γρηγορίου
2854 5471 3281 5553 περιπαθέστατα
3349 5471 3625 5551 λέγοντος,
3676 5465 3754 5524 καὶ

2121 5564 2220 5632 τὴν
2252 5568 2353 5633 τῆς
2378 5563 2562 5646 ψυχῆς
2592 5565 2850 5645 σύγχυσιν
2884 5575 2999 5629 τοῖς
3061 5560 3276 5646 δάρκυσι
3338 5558 3750 5644 διάγγελλοντος,
