3918 6138
152 280 241 350 205

1130 277 1316 352 VITA
1361 289 1420 351 S.
1466 281 1834 362 GREGORII
1878 289 2419 359 AGRIGENTINI.

3341 283 3458 362 206

151 421 384 500 ὁπρὸορᾷν
429 422 595 500 ὥσπερ
649 421 791 480 οὕτω
833 423 920 479 καὶ
971 423 1301 499 παρακαλεῖν
1334 427 1513 508 ψυχὰς
1564 427 1722 487 δυνά-

1896 428 2084 508 rymis
2133 427 2340 502 ferret,
2373 426 2602 489 Marcus
2632 427 2718 488 vir
2760 426 3170 505 admirandus,
3205 436 3325 490 tam
3359 430 3459 493 I’u-

150 531 290 586 μενος,
349 513 374 566 ὁ
425 514 707 587 θαυμασιὸς
768 513 978 592 Μάρκος
1045 510 1375 588 ἂνελάμϐανέ
1446 539 1503 572 τε
1575 523 1730 578 αὐτὸν

149 607 370 677 πατρικῶς
382 651 394 663 ,

210 688 297 751 1Γ⁹,
355 691 464 763 Καὶ,
518 691 602 758 Μὴ
652 691 846 772 οὕτως,
891 689 1063 768 ἔλεγε,
1113 691 1296 750 τέκνον
1350 696 1726 770 πνευματικόν·

148 777 236 836 αἰδὲ
280 780 368 857 γὰρ
424 779 584 854 μόνον
643 780 840 856 ἐῶμεν,
875 779 1010 835 ἁλλὰ
1067 788 1278 859 Χριστῷ
1309 783 1408 856 μὲν
1459 807 1732 863 προηγου-

147 870 304 942 μένως,
333 876 402 941 τῷ
445 869 630 935 κλήσει
662 871 782 946 ἁγίᾳ
839 868 1116 927 καλέσαντί
1147 893 1205 926 σε
1264 874 1350 928 καὶ
1400 878 1736 950 συναρίθμιον

146 959 288 1037 ἔχοντι
315 959 384 1032 τῷ
410 959 511 1014 τῶν
544 959 795 1038 Πατέρων
847 964 1025 1039 χορῷ,
1059 958 1241 1017 ἔπειτα
1273 959 1326 1017 δὲ
1359 965 1444 1018 καὶ
1474 969 1550 1036 τῷ
1579 972 1738 1038 κοινῷ

144 1050 277 1120 τούτῳ
327 1045 413 1102 καί
471 1055 811 1123 πνεῦματικῷ
873 1054 1035 1127 Πατρὶ
1096 1055 1471 1132 παρατίθεμεν,
1533 1054 1588 1118 ὃς
1649 1055 1737 1110 καὶ

144 1134 283 1200 καλῶς
327 1139 660 1210 οἰκονομήσει
692 1139 756 1194 τὰ
807 1139 941 1194 κατὰ
998 1139 1081 1213 σὲ,
1119 1142 1204 1196 καὶ
1254 1139 1434 1206 δεξιῶς
1484 1143 1556 1205 ὡς
1617 1143 1734 1198 οἷόν

145 1247 185 1280 τε
207 1224 646 1301 συναντιλήψεται.
679 1226 857 1290 Οῧτως
912 1231 1034 1283 εἷπε
1065 1228 1161 1284 καὲ
1209 1243 1328 1292 τοῖς
1361 1232 1542 1310 χειρὸς
1592 1229 1734 1287 ἐκεί-

146 1337 212 1370 νου
251 1312 547 1394 λαϐόμενος,
582 1317 686 1395 πρὸ
712 1319 816 1372 τὼν
875 1315 1047 1373 ποδῶν
1080 1317 1235 1373 αὗτὸν
1287 1317 1471 1394 βάλλει
1503 1322 1596 1375 τοῦ
1625 1343 1735 1376 πα-

147 1405 375 1484 τριάρχου,
419 1406 592 1484 Πάτερ
651 1407 813 1481 τίμιε,
868 1405 1059 1484 λέγων,
1119 1407 1214 1462 καὶ
1274 1408 1422 1470 οὗτος
1500 1409 1591 1476 τῆς
1647 1412 1739 1465 τοῦ

147 1499 324 1568 Χριστοῦ
364 1494 593 1568 ποίμνης
639 1494 770 1570 ἐστὶ,
803 1497 889 1550 καὶ
935 1495 1116 1560 μέλλει
1168 1496 1253 1552 καὶ
1297 1497 1453 1560 αὖτὸς
1497 1496 1736 1564 Ἐκκλή-

150 1584 232 1636 ein
255 1583 598 1659 πιστεύεσθαι,
630 1587 717 1639 καί
763 1587 838 1657 τῷ
865 1584 961 1651 τῆς
1013 1583 1356 1649 διδασκαλίας
1388 1586 1532 1664 λόγῳ
1562 1587 1739 1664 ὥσπερ

150 1669 254 1724 οἴακι
331 1675 701 1737 πνευματικῶς
773 1671 1195 1750 διακυϐερνῇσαι,
1284 1676 1571 1748 Φρόντισον
1651 1679 1736 1732 οὖν

1819 517 1965 578 toris
1999 516 2415 598 praedicendis,
2451 535 2626 597 quam
2679 516 2943 579 solandis
2969 517 3177 578 amicis
3223 527 3459 599 potens,

1817 608 1976 668 hunc
2009 615 2254 684 paterne
2292 607 2548 685 excepit.

1896 697 2060 758 XIII.
2088 696 2192 768 Ac,
2218 694 2346 756 Non
2373 695 2459 756 sic
2488 704 2544 757 tu
2569 696 2927 777 quidemﬁli
2955 696 3287 772 mi,dixeris
3320 697 3458 778 (ait),

1822 783 2173 863 non.Neque
2200 785 2358 845 enim
2383 787 2573 848 solum
2599 794 2655 847 te
2675 804 2805 846 esse
2822 785 3194 866 putabamus,
3229 788 3462 867 quando

1821 874 2150 955 prtesertim
2188 874 2457 936 Christus
2485 893 2591 937 sua
2615 883 2671 937 te
2696 875 3005 938 vocatione
3034 884 3237 938 sancta
3260 877 3464 956 digna-

1823 972 1939 1038 tus,
1977 964 2038 1023 in
2093 961 2330 1023 Patrum
2362 965 2610 1025 chorum
2643 964 2960 1044 cooptarit.
2996 967 3192 1045 Atque
3237 966 3374 1027 huic
3407 975 3465 1028 te

1820 1071 2057 1134 quoque
2115 1053 2420 1114 communi
2451 1061 2510 1114 et
2555 1053 2781 1132 optimo
2836 1053 3022 1133 Patri,
3055 1053 3179 1134 qui,
3212 1073 3344 1135 quas
3389 1055 3466 1117 ad

1821 1150 1877 1203 te
1934 1148 2225 1221 spectant,
2260 1149 2423 1202 recte
2478 1141 2938 1217 administrabit,
2973 1151 3031 1204 et
3092 1161 3268 1222 quam
3331 1144 3464 1205 ﬁeri

1819 1230 2056 1312 poterit,
2093 1229 2344 1292 feliciter
2399 1229 2708 1309 suscipiet,
2744 1231 2871 1310 ipse
2929 1231 3305 1292 commendo.
3363 1233 3463 1296 Sic

1819 1319 1920 1380 ille
1953 1321 2206 1394 locutus,
2247 1337 2481 1380 manum
2534 1319 2975 1400 apprehendes,
3009 1319 3079 1380 ad
3113 1321 3463 1398 patriarchae

1824 1407 2008 1488 pedes
2042 1408 2206 1469 illum
2257 1408 2478 1482 statuit,
2513 1406 2690 1468 Pater
2735 1408 3074 1470 venerande
3106 1408 3460 1490 (inquiens),

1824 1506 1880 1557 et
1911 1498 2005 1557 hic
2037 1506 2126 1558 est
2158 1517 2226 1558 ex
2273 1515 2454 1576 grege
2485 1497 2726 1570 Christi,
2761 1498 2931 1577 isque
2989 1498 3108 1558 tide
3135 1495 3461 1558 Ecclesiam

1823 1585 2197 1661 fundaturus,
2223 1605 2289 1647 ac
2322 1605 2450 1647 eam
2483 1585 2773 1647 doctrinae
2805 1585 3064 1648 omlestis
3096 1585 3464 1666 praedicatio-

1822 1694 1922 1749 ne,
1966 1675 2049 1736 uti
2108 1676 2293 1751 clavo,
2325 1676 2523 1738 divine
2582 1676 3020 1754 gubernaturus
3077 1683 3188 1739 est.
3239 1673 3462 1748 Quam-

147 1761 206 1814 καὶ
250 1764 336 1826 τῆς
363 1761 546 1818 τούτου
604 1766 810 1841 ψυχῆς,
844 1764 1212 1840 ὑποστηρίζων
1269 1765 1430 1831 αὐτὴν
1478 1778 1600 1828 ταῖς
1660 1763 1734 1820 δι-

1896 1783 2032 1826 ντοτη
2089 1766 2216 1843 ejus
2248 1767 2461 1826 animae
2509 1784 2710 1826 curam
2743 1765 2989 1839 habeas,
3024 1764 3306 1844 illamque
3363 1776 3465 1827 tua

146 1846 394 1914 Ξασκαλίαις
451 1872 569 1924 σου,
607 1853 693 1906 καὶ
745 1852 932 1908 πείθων
982 1865 1096 1916 τοῖς
1144 1859 1242 1918 τῆς
1295 1853 1572 1922 ἀσκήσεως
1627 1854 1734 1910 πό-

144 1960 220 1999 νοις
265 1937 620 2019 ἐγκαρτερεῖν,
684 1939 960 2015 ἀειλαμπῆ
1019 1962 1077 1996 τε
1148 1939 1569 2021 διαφυλαχθῆναι
1639 1941 1734 1998 καὶ

141 2028 195 2097 μὴ
237 2031 337 2092 τοῖς
366 2029 462 2094 τῆς
515 2029 770 2096 νεότητος
825 2029 1134 2108 λογισμοῖς,
1173 2035 1266 2102 οἶᾳ
1303 2053 1420 2087 τινα
1471 2031 1732 2088 λευκοτέ-

140 2119 208 2181 τήν
253 2116 360 2192 ὄψιν
389 2119 476 2173 καὶ
527 2117 642 2195 ὥρᾳ
691 2118 1004 2194 θάλλουσαν,
1039 2119 1249 2185 σπίλοις
1283 2121 1386 2176 τισὶ
1436 2119 1731 2194 διαμολύν-

141 2206 273 2268 imi.
316 2215 482 2264 Ταῦτα
513 2214 614 2264 τοῦ
667 2209 912 2287 μοναχοῦ
942 2208 1214 2288 λέγοντος,
1252 2208 1279 2264 ὅ
1336 2232 1392 2265 τε
1445 2213 1732 2290 Γρῆγόριος

141 2292 193 2348 ἔτι
234 2295 307 2350 καὶ
359 2295 597 2370 μάλιστα
653 2297 752 2364 τὴν
824 2298 1006 2377 epuli”
1079 2299 1409 2372 ἐπαθαίνετο,
1471 2299 1563 2358 καί
1637 2299 1730 2356 δα-

143 2405 253 2459 κροτι
303 2387 516 2462 θερμοῖς
579 2384 922 2463 ἒρῤαντίζετο’
987 2385 1068 2466 ἐφ’
1128 2391 1171 2461 ᾧ
1221 2385 1285 2455 δὴ
1341 2390 1433 2444 καὶ
1490 2392 1536 2445 oi
1592 2412 1734 2465 παρ-

144 2473 340 2554 εστῶτες,
373 2477 602 2553 ὁρῶντες
658 2482 844 2550 ταῦτα,
897 2476 1256 2554 συνέπασχον,
1309 2477 1380 2534 Οὒ
1438 2479 1546 2554 μὴν
1603 2479 1739 2535 ἀλλὰ

145 2564 206 2618 καὶ
229 2565 362 2627 αὖτὸς
405 2563 623 2627 ἐκεῖνος
667 2566 694 2620 ὁ
723 2565 1070 2644 πατριάρχης
1132 2567 1205 2628 εἷς
1237 2579 1417 2624 οἶκτον
1450 2568 1734 2646 κατήγετο,

146 2651 207 2704 καὶ
261 2652 339 2707 τὸν
390 2653 692 2730 Γρηγόριον
765 2652 840 2708 ἕτι
900 2656 1138 2729 κείμενον
1196 2656 1523 2736 ἀναστήσας,
1600 2649 1738 2736 Ὀρῶ

146 2761 203 2816 τε,
233 2744 270 2795 ὦ
320 2742 520 2817 τέκνον,
559 2741 679 2799 λίαν
736 2742 1122 2822 περιαλγουντα
1178 2750 1255 2819 τῷ
1304 2748 1572 2825 χωρισμῷ
1629 2753 1735 2802 τῶν

145 2827 320 2904 ἀνδρῶν.
372 2834 426 2887 Ei
484 2831 588 2906 μὲν
647 2834 734 2887 οὖν
792 2832 1008 2908 ἂρεστόν
1084 2857 1166 2890 σοι
1223 2835 1313 2891 σὺν
1375 2839 1511 2909 ἡμῖν
1573 2839 1734 2909 εἶναι,

143 2919 226 2991 μεθ’
267 2922 407 2994 ἡμῶν
435 2921 552 3000 ἔσο,
590 2921 677 2976 καὶ
730 2921 900 2977 πάντα
933 2923 998 2977 τὰ
1041 2923 1172 2978 κατὰ
1203 2923 1261 2978 σὲ
1312 2923 1450 2979 θέσει
1485 2923 1658 2989 καλῶς
1710 2926 1736 2979 ὁ

1822 1864 2117 1916 sustentes
2139 1856 2414 1918 doctrina
2436 1856 3179 1936 oportet,persuadeasque
3201 1855 3462 1918 medita-

1818 1945 1992 2006 tionis
2027 1963 2092 2006 ac
2125 1945 2572 2007 exercitationis
2604 1945 2908 2006 laboribus
2950 1945 3228 2007 insistere
3258 1946 3464 2025 splen-

1817 2036 2058 2096 dentem
2091 2054 2154 2096 se
2187 2053 2563 2110 conservare,
2599 2054 2714 2096 non
2754 2034 3247 2113 pulcherrimum,
3283 2053 3350 2096 ac
3380 2032 3465 2096 uti

1823 2123 1975 2185 veris
2004 2133 2273 2204 tempore
2299 2126 2612 2186 ﬂorentem
2635 2122 3335 2204 aspectum,juvenilibus
3367 2143 3466 2187 co,-

1819 2213 2203 2291 gitationibus
2233 2212 2405 2294 quasi
2463 2213 2711 2274 maculis
2741 2213 3091 2293 quibusdam
3123 2212 3465 2292 inquinare.

1821 2301 1957 2364 Ilaec
1991 2316 2110 2364 tum
2137 2302 2370 2364 dicebat
2396 2303 2744 2377 monachus,
2771 2320 2902 2363 cum
2933 2302 3254 2380 Gregorius
3271 2303 3467 2380 gravis

1823 2393 2024 2455 animo
2039 2393 2469 2468 tristaretur,ac
2491 2387 3252 2472 lacrymasabundantiores
3268 2393 3465 2452 eﬂ‘un-

1824 2482 2010 2544 deret.
2067 2480 2127 2542 In
2163 2501 2276 2562 quo
2309 2481 2549 2561 quidem
2603 2490 2660 2541 et
2689 2481 2790 2560 qui
2824 2487 3144 2559 praesentes
3187 2479 3460 2556 aderant,

1823 2571 1949 2631 haec
2005 2577 2324 2633 cernentes
2357 2569 2860 2631 condolescebant
2895 2590 2906 2630 :
2941 2567 3080 2648 quin
3119 2575 3178 2628 et
3205 2567 3305 2628 ille
3335 2567 3466 2648 ipse

1824 2660 2158 2740 patriarcha
2176 2658 2589 2721 misericordia
2614 2668 2914 2738 permotus
2937 2666 3051 2732 est,
3089 2656 3466 2736 Gregorium-

1825 2768 1940 2826 que
1958 2750 2149 2811 adhuc
2175 2749 2475 2828 jacentem
2499 2750 2759 2825 erigens:
2795 2746 2984 2810 Video
3011 2757 3092 2821 te,
3113 2745 3325 2826 inquit,
3355 2746 3460 2826 fili,

1825 2839 2034 2900 horum
2093 2839 2354 2900 virorum
2407 2838 2779 2918 separatione
2835 2837 3097 2916 graviter
3154 2835 3460 2897 affectum.

1823 2927 2038 3002 Quare,
2071 2927 2122 2988 si
2177 2928 2392 3008 placet,
2428 2937 2493 2988 ut
2524 2928 2635 2988 hac
2685 2933 2884 2988 nostra
2918 2925 3098 2987 utaris
3139 2932 3465 2985 consuetu-

142 3010 342 3089 Χριστὸς,
371 3010 551 3089 ὥσπερ
607 3008 668 3065 ἂν
698 3009 788 3066 καί
833 3010 986 3073 αὐτὸς
1019 3009 1254 3086 βούλοις·
1288 3013 1331 3067 εἰ
1381 3010 1433 3068 δὲ
1463 3015 1524 3068 τὸ
1573 3013 1732 3069 ἀπιέ-

1896 3035 1981 3097 :te,
2017 3016 2328 3078 nobiscum
2385 3025 2536 3090 esto,
2575 3024 2788 3096 tuaque
2835 3016 3032 3076 omnia
3080 3013 3368 3089 Christus,
3402 3021 3466 3075 ut

139 3118 198 3151 ναι
222 3120 270 3152 σε
311 3101 509 3173 μᾶλλον
561 3099 701 3154 κατὰ
751 3099 968 3176 γνώμην
1014 3099 1175 3177 ἐστὶν,
1210 3100 1264 3158 ἐν
1309 3103 1493 3178 εἰρήνῃ
1521 3099 1586 3168 δὴ
1643 3103 1733 3157 σὺν

1896 3106 1966 3166 lle
2025 3107 2152 3186 ipse
2197 3105 2442 3179 videris,
2477 3114 2644 3167 recte
2696 3105 3066 3179 constituet;
3123 3111 3185 3166 at
3213 3120 3355 3165 vero
3413 3103 3468 3164 si

137 3189 274 3254 τῦτοϊς
322 3193 410 3246 καί
441 3191 695 3269 πορεύου.
759 3190 816 3246 '0
846 3187 900 3244 δὲ
956 3191 1266 3269 Γρηγόριος,
1298 3200 1460 3250 Τοῦτο
1491 3192 1589 3267 μὲν
1646 3193 1726 3267 οὒ,

1896 3193 2127 3256 scedere
2163 3194 2352 3273 magis
2383 3193 2550 3270 libet,
2586 3195 2646 3254 in
2709 3211 2854 3273 pace
2883 3212 3018 3255 cum
3051 3191 3167 3252 illis
3197 3190 3316 3254 abi.
3349 3193 3464 3253 Αι-

136 3280 248 3354 ξτρὶ,
278 3279 400 3355 μηδὲ
460 3279 676 3358 γένοιτό
729 3279 820 3353 μοί
879 3301 1030 3358 ποτε,
1065 3278 1311 3356 δέσποτα,
1345 3282 1463 3346 τοὺς
1518 3281 1732 3338 ἐντοῦθα

1898 3285 2300 3363 iGregorius:
2337 3286 2466 3346 Non
2501 3283 2612 3345 hoc
2631 3283 2880 3363 quidem
2914 3281 3168 3362 (inquit),
3197 3281 3460 3355 domine,

136 3369 282 3430 τὸπσδς
326 3368 642 3444 ἀπολιπεῖν,
679 3376 766 3430 οὖς
816 3370 916 3424 καὶ.
950 3367 1016 3423 δι’
1067 3370 1232 3448 εύχῆς
1263 3371 1554 3445 εποιούμην
1599 3370 1729 3427 ἰδεῖν

1896 3373 2065 3449 :idat,
2116 3381 2536 3452 arerseturque
2593 3371 2773 3452 Deus,
2826 3381 2889 3432 ut
2945 3372 3072 3432 haec
3128 3370 3278 3444 loca,
3333 3385 3464 3451 qua:

136 3455 218 3511 καῖ·
264 3457 382 3536 ὑπὲρ
412 3462 484 3514 ὧν
546 3459 648 3525 τὴν
703 3459 908 3536 μακρὰν
958 3459 1152 3524 ταύτην
1226 3458 1526 3534 ἆποδημίαν
1585 3459 1728 3516 εἰλὸ-

1896 3461 2015 3522 lere
2079 3471 2352 3542 precatus
2397 3481 2552 3534 sum,
2589 3470 2646 3521 et
2703 3479 2810 3541 pro
2863 3459 3080 3540 quibus
3126 3458 3279 3520 hanc
3339 3469 3462 3520 tam

136 3566 231 3615 μην.
280 3546 416 3614 Πλήν
448 3547 592 3603 ἀλλὰ
635 3548 684 3602 τί
715 3547 864 3602 πάθω
897 3569 912 3622 ;
965 3545 1082 3602 λίαν
1115 3549 1213 3622 μὲν
1263 3549 1360 3625 γὰρ
1393 3549 1490 3604 καὶ
1531 3549 1728 3606 τούτων

1896 3571 2047 3630 ngam
2109 3550 2656 3628 peregrinationem
2719 3549 2976 3628 conjeci,
3025 3547 3461 3627 derelinquam.

137 3633 351 3709 ἐρωτικῶς
408 3637 762 3716 περιέχομαι·
840 3636 952 3692 ἐπεὶ
1015 3635 1068 3692 δὲ
1133 3639 1192 3692 τὸ
1251 3637 1460 3693 ἀπιέναι
1516 3639 1731 3701 τούτους

1904 3659 2032 3701 rum
2065 3641 2259 3702 facere
2313 3658 2430 3700 non
2487 3656 2755 3718 possum,
2792 3657 2924 3697 cum
2959 3636 3346 3697 vehementer
3397 3635 3463 3696 il-

139 3723 377 3802 ἀναγκαῖον
435 3729 570 3807 ὁρῶ,
603 3725 730 3790 ἀξιῶ
760 3727 882 3804 γοῦν
940 3726 1052 3782 ἀντ’
1084 3728 1253 3783 αὐτῶν
1314 3727 1490 3805 ὥσπερ
1520 3749 1570 3782 τι
1631 3752 1732 3807 (pu-

1896 3748 1906 3789 s
1939 3729 2200 3807 diligam,
2237 3728 2382 3804 quin
2415 3727 2847 3806 aliquantulum
2893 3724 3136 3784 afﬁciar.
3172 3721 3462 3794 Quoniam

140 3810 376 3894 λακτήριον
426 3817 514 3872 καὶ
566 3814 766 3893 κλῆρον
821 3819 963 3885 ζωῆς
1021 3816 1113 3880 τὰς
1171 3815 1310 3893 ἱερὰς
1343 3815 1513 3872 αθότῶν
1569 3816 1733 3895 εὗχάς

1896 3836 1955 3878 ro
1987 3817 2123 3878 illos
2153 3817 2320 3878 abire
2351 3815 2754 3878 necessarium
2798 3812 2927 3884 fuit,
2961 3811 3232 3873 existimo
3265 3828 3465 3874 sacras

143 3924 208 3972 μοι
231 3903 560 3962 καταλιπεϊνο
630 3903 857 3960 πέποιθα
886 3905 986 3982 γὰρ
1041 3904 1118 3978 τῷ
1147 3911 1262 3977 Θεῴ
1305 3903 1398 3960 καί
1431 3903 1588 3960 πάλιν
1650 3909 1734 3964 αὖ·

1896 3925 2056 3968 πυιῐι
2089 3924 2298 3986 preces
2331 3905 2416 3966 uti
2469 3904 2706 3964 tutelam
2742 3901 3056 3983 quamdam
3087 3919 3154 3962 ac
3185 3912 3462 3961 eventum

144 3991 234 4056 τὼς
274 3992 486 4070 ὄψεσθαι
539 3993 598 4048 ἐν
645 3999 714 4068 τῇ
763 3994 997 4070 παρούσῃ
1039 3999 1172 4070 ζωῇ.
1232 3999 1405 4051 Ταῦτα
1449 3993 1605 4050 αὒτοῦ
1655 3997 1734 4050 εἷ-

1899 4014 1948 4056 ae
2005 3995 2192 4056 instar
2246 3994 2534 4074 ipsorum,
2569 3991 2717 4053 mihi
2766 4011 2883 4052 non
2937 3989 3160 4052 defore.
3217 3989 3462 4051 Conﬁdo

145 4083 349 4157 ρηκότος,
399 4082 779 4163 περιχυθέντες
839 4083 979 4156 αὒτῷ
1011 4085 1058 4138 οἱ
1117 4083 1346 4161 μοναχοὶ
1403 4084 1488 4139 καὶ
1531 4087 1734 4162 θερμῶς

1899 4084 1978 4145 im
2003 4083 2148 4159 Deo,
2177 4084 2286 4144 hac
2305 4082 2436 4162 ipsa
2459 4085 2634 4143 etiam
2661 4081 2938 4160 praesenti
2958 4080 3074 4141 vita
3097 4080 3232 4140 illos
3248 4079 3462 4139 iterum

137 4172 411 4249 περιφύντες,
445 4169 688 4248 σύμϐολα
745 4193 802 4226 τε
857 4172 1000 4251 σαφῆ
1048 4177 1144 4238 τῆς
1205 4172 1291 4227 ἐπὶ
1347 4175 1422 4245 τῷ
1463 4181 1726 4252 χωρισμῲ

1896 4193 1908 4236 3
1937 4170 2875 4253 conspecturum.Talialocutum
2908 4168 3183 4230 monachi
3214 4168 3466 4228 circum-

134 4254 266 4325 λύπης
317 4263 380 4317 τὰ
429 4259 629 4340 δάκρυα
678 4262 1078 4341 παρασχόντες,
1109 4261 1195 4338 βίᾳ
1247 4262 1336 4316 καὶ
1386 4260 1540 4335 μόλις
1587 4263 1726 4318 ἀπο-

1896 4271 2092 4340 antes,
2119 4281 2186 4324 ac
2215 4262 2500 4324 ardenter
2521 4257 2936 4339 circumplexi,
2963 4255 3242 4335 lacrymis
3269 4255 3466 4316 mani-

134 4349 393 4414 σπασθέντες
424 4350 522 4406 καὶ
553 4348 930 4425 συνταξάμενοι
960 4351 1334 4430 ἀνεχώρησαν.

1899 4359 2012 4414 tam
2075 4351 2277 4431 procul
2337 4349 2517 4411 dubio
2591 4347 3086 4438 signiﬁcationem
3127 4344 3461 4438 fecerunt.

133 4452 265 4512 quam
309 4454 459 4518 aegre
508 4437 584 4500 ab
643 4436 747 4500 illo
797 4445 1262 4518 separarentur:
1297 4456 1477 4520 aquo
1526 4439 1619 4501 vix
1665 4439 1904 4502 tandem
1959 4440 2166 4517 avulsi,
2200 4459 2270 4502 ac
2301 4439 2359 4500 in
2414 4438 2684 4500 ordinem
2743 4433 3087 4517 compositi,
3123 4433 3293 4496 inviti
3345 4432 3465 4496 ab;

131 4533 303 4589 ierunt.

188 4616 278 4676 ιε’.
331 4607 386 4674 ’0
442 4615 522 4697 δὲ,
556 4617 838 4694 ὓπομείνας
888 4617 940 4673 ἐν
993 4615 1411 4699 Ἰεροσολύμοις,
1446 4640 1565 4684 τους
1630 4641 1726 4676 σε-

1896 4619 2046 4682 XIV.
2071 4621 2254 4682 Porro
2283 4637 2416 4680 cum
2443 4615 2866 4696 Hierosolymis
2894 4613 2990 4678 hic
3009 4613 3460 4696 permansisset,

134 4705 255 4770 πτώς
301 4706 488 4770 «tum
545 4709 634 4763 καὶ
691 4708 858 4785 ἱεροὺς
920 4705 1268 4787 περιήρχετο,
1317 4709 1382 4764 τά
1438 4730 1495 4764 τε
1554 4732 1727 4784 μονα-

1896 4707 2148 4770 neranda
2178 4707 2280 4768 illa
2311 4726 2379 4768 ac
2408 4724 2576 4768 sacra
2607 4705 2760 4780 loca,
2800 4723 2910 4766 nec
2942 4722 3059 4764 non
3109 4705 3467 4765 monasteria

136 4795 284 4870 θτήρια
333 4797 509 4852 καὶτὰ
551 4796 660 4852 τῶν
718 4796 966 4862 ἀσκητῶν
1024 4797 1356 4875 καταγώγια,
1390 4797 1487 4864 τὴν
1543 4798 1728 4877 φιλερ-

1914 4797 2342 4859 monachorum
2378 4794 2680 4856 domicilia
2724 4792 3123 4874 perlustravit,
3159 4801 3218 4853 et
3247 4811 3467 4872 opero-

138 4883 205 4957 τὲν
251 4884 486 4957 μέλιτταν
515 4886 694 4957 ζηλῶν
750 4887 993 4965 ἀτεχνῶς
1025 4887 1161 4942 κατὰ
1208 4893 1314 4942 τῶν
1343 4887 1544 4965 ἀρετῶν
1600 4886 1730 4955 ἄνθη

1896 4906 1938 4948 m
1999 4888 2155 4967 apim
2190 4885 2398 4946 sedulo
2448 4885 2736 4960 imitatus,
2781 4883 3054 4943 virtutum
3103 4882 3280 4942 ﬂores
3325 4879 3467 4941 dili-

140 4969 392 5046 ξιλοπόνως
446 4976 883 5050 ἆπανθιζόμενος.
949 4976 1045 5032 Καὶ
1091 4977 1117 5030 ὁ
1162 4976 1259 5052 μὲν
1291 4975 1342 5032 ἐν
1393 4977 1598 5039 τούτοις
1643 4977 1728 5044 ἦν.

1896 4983 2027 5038 nter
2085 4975 2405 5055 excerpsit.
2441 4976 2636 5054 Atque
2682 4973 2756 5032 iis
2803 4989 2934 5032 sese
2975 4969 3186 5030 studiis
3237 4968 3468 5044 Grego-

141 5061 183 5113 Οἱ
226 5059 272 5116 δὲ
324 5067 575 5145 μοναχοὶ,
607 5063 1000 5126 καταλαϐόντες
1058 5065 1155 5132 τὴν
1217 5064 1484 5140 Τρίπολιν,
1519 5067 1608 5121 καὶ
1661 5067 1733 5131 εἷς

1896 5085 1948 5126 IS
1999 5063 2360 5126 continebat.
2392 5061 2613 5125 Verum
2672 5059 2948 5121 monachi
3005 5077 3138 5118 cum
3173 5056 3465 5136 Tripolim

141 5146 288 5210 πλοῖον
343 5151 621 5235 ἐμϐάντες,
668 5161 738 5230 τῇ
799 5153 1012 5225 Σικελίᾳ
1038 5156 1548 5234 προσορμισάμενοι,
1602 5176 1734 5210 κατ-

1897 5153 2248 5225 rvenissent,
2283 5150 2414 5212 navi
2443 5166 2774 5210 conscensa
2795 5148 2855 5208 in
2880 5147 3142 5209 Siciliam
3179 5146 3464 5221 navigan-

143 5237 339 5315 ἡχθησαν
393 5246 464 5308 εἷς
525 5243 884 5323 Ἀκράγαντα,
949 5241 1060 5302 ’Ἔν
1110 5267 1211 5301 τινι
1269 5246 1323 5300 δὲ
1389 5246 1726 5322 μοναστηρίῳ

1896 5263 1932 5319 ι,
1967 5242 2358 5322 Agrigentum
2389 5246 2526 5300 sunt
2553 5237 2804 5318 advecti;
2833 5235 3261 5298 monasterium
3294 5252 3460 5323 vero,

140 5325 178 5377 ἓν
221 5333 449 5407 γειτόνων
506 5332 614 5389 ὄντι
673 5335 1095 5413 παραγενόμενοι
1142 5340 1218 5409 τῷ
1259 5333 1542 5412 ἡγουμένῳ
1584 5332 1721 5398 ξενί-

1896 5333 1963 5394 od
2019 5330 2101 5392 ibi
2132 5331 2464 5410 proximum
2501 5337 2646 5402 erat,
2683 5327 2992 5414 adeuntes,
3026 5324 3181 5404 apud
3243 5321 3460 5405 praesi-

140 5420 294 5503 ζονται,
340 5424 396 5477 ὃν
453 5425 482 5478 ὁ
548 5424 1025 5502 προφητικώτατος
1084 5425 1296 5503 Μάρκος
1351 5425 1438 5479 καὶ
1510 5423 1586 5498 μὴ
1637 5445 1721 5478 πω

1896 5441 1939 5482 n
1973 5419 2344 5482 diversantur
2378 5435 2394 5493 ;
2453 5434 2630 5498 quem
2664 5415 2902 5498 quidem
2936 5413 3168 5475 Marcus
3217 5414 3461 5475 futuro-

139 5499 257 5585 ἷδὼν,
322 5509 520 5569 Παῦλον
589 5511 640 5579 ἐξ
713 5512 971 5590 ὀνόματος
1042 5516 1218 5574 αὖτόθι
1291 5511 1519 5577 καλέσας
1556 5556 1573 5588 ,
1647 5513 1720 5576 εἷς

1896 5530 1933 5572 n
1963 5508 2248 5590 praescius
2279 5525 2415 5570 cum
2439 5523 2740 5586 nunquam
2766 5503 3040 5581 vidisset,
3075 5504 3324 5584 pr0prio
3358 5521 3464 5565 no-

140 5593 293 5669 Βίριδος
365 5599 594 5659 ἑνέϐαλε’
671 5604 761 5660 καὶ
849 5606 969 5684 περὶ
1061 5606 1154 5662 τοῦ
1222 5601 1602 5684 προῤῥηθέντος
1663 5599 1718 5659 δὲ

1896 5619 1962 5664 ne
1988 5598 2236 5664 Paulum
2267 5595 2601 5682 appellans,
2627 5594 2689 5659 in
2719 5602 3029 5676 stuporem
3065 5592 3350 5676 conjecit.
3374 5591 3468 5656 Ac
