3992 6134
511 334 624 406 207

1813 333 2094 399 MENSIS
2135 333 2577 400 NOVEMBER.

3751 329 3861 394 208

511 472 586 534 de
635 469 915 552 praedicto
947 474 1150 531 sancto
1211 463 1581 542 Potamione,
1613 483 1788 548 quem
1842 484 2144 548 nunquam

2244 470 2372 526 ideo
2414 469 2782 545 Ποταμίωνος,
2828 470 2997 546 μήπω
3067 471 3294 549 πρότερα
3368 467 3508 541 αύτῷ
3579 468 3866 544 γνωσθῆναι

514 567 692 623 antea
720 559 808 621 illi
839 559 1138 636 cognitum
1174 575 1307 619 esse
1338 557 1723 636 existimaret,
1751 565 2154 635 percontatus,

511 649 702 712 nihilo
735 649 1032 709 minorem
1060 646 1514 708 admirationem
1537 644 1766 725 injecit.
1791 642 1994 725 Itaque
2025 663 2158 706 cum

515 757 723 801 mensa
773 738 893 799 illis
921 745 1079 800 esset
1129 735 1424 817 apposita,
1456 752 1525 796 ac
1555 735 1724 816 panis
1754 741 1810 796 et
1854 752 2022 814 aqua;
2053 733 2161 804 (uti

513 828 634 890 illis
681 826 866 889 moris
911 827 1023 906 est)
1073 833 1275 887 mutue
1321 824 1668 906 participem
1731 822 2036 904 fecissent,
2067 824 2161 885 vi-

513 937 617 981 ros
664 918 947 997 episcopo
989 913 1351 994 manifestat,
1389 921 1450 976 et
1503 922 1565 974 ut
1594 912 1823 974 Marcus
1856 914 2164 975 hominem

515 1024 694 1088 quem
747 1022 1050 1085 nunquam
1107 1004 1364 1079 viderat,
1416 1001 1766 1064 nominatim
1825 1002 2162 1083 appellarit,

514 1114 630 1177 quo
683 1093 788 1156 ille
819 1092 1028 1154 nuntio
1091 1093 1345 1155 mirifice
1375 1090 1640 1172 gravisus
1688 1098 1799 1166 est,
1833 1092 2014 1171 idque
2065 1091 2163 1152 in—

515 1191 850 1264 exspectato
908 1182 1080 1244 lucro
1111 1199 1445 1262 apponens,
1483 1179 1556 1241 ad
1616 1179 1810 1260 ipsum
1844 1179 2156 1242 confestim

511 1279 807 1355 properat.
843 1270 1026 1333 Porro
1059 1289 1196 1332 cum
1230 1270 1366 1330 illos
1397 1267 1604 1330 obvios
1634 1269 1960 1350 habuisset,
1996 1289 2158 1332 com-

511 1363 798 1442 plexatus,
828 1368 888 1422 et
936 1377 1044 1440 per
1071 1359 1207 1420 illos
1237 1357 1517 1440 quidnam
1539 1358 1694 1438 apud
1724 1377 1824 1420 eos
1856 1365 2155 1438 ageretur,

511 1450 753 1531 quinam
787 1455 1009 1528 essent,
1044 1465 1234 1528 quove
1264 1447 1374 1508 hac
1398 1447 1886 1526 peregrinatione
1917 1455 2162 1510 conten-

516 1541 750 1618 derent,
777 1555 1168 1616 cognoscens,
1199 1543 1481 1599 etrursus
1505 1536 1675 1616 cujus
1698 1535 1785 1597 rei
1807 1555 1982 1600 causa
2003 1536 2162 1597 navi-

513 1627 811 1706 gationem
867 1625 1155 1701 facerent,
1185 1644 1322 1689 cum
1369 1625 1488 1687 illis
1518 1625 1685 1688 brevi
1736 1633 2156 1703 commoratus,

2242 555 2518 623 δοκοῦντος
2574 560 2888 635 πυθόμενος,
2951 557 3098 616 οὐδὲν
3155 563 3316 627 ἧττον
3370 555 3674 623 ἐξέπληξεν,
3729 554 3870 613 Ἐπεὶ

2243 644 2297 702 δὲ
2353 649 2439 703 καὶ
2467 648 2696 726 τράπεζα
2756 648 3018 727 παρετέθη
3075 652 3278 726 οὖτοῖς,
3312 647 3398 704 καὶ
3453 648 3525 700 ὧν
3553 645 3667 708 ἔθος
3720 645 3872 723 εἶχον

2245 735 2533 816 μετέσχον,
2598 736 2755 815 ἄρτου
2811 741 2899 794 καὶ
2971 735 3180 810 ὕδατος,
3241 739 3428 812 μηνύει
3482 742 3556 809 τῷ
3612 734 3875 806 ἐπισκόπῳ

2247 826 2366 890 τοὺς
2423 823 2632 906 ἄνδρας,
2670 829 2753 883 καὶ
2785 826 2929 892 ὅπως
2961 830 2988 884 ὁ
3020 828 3227 905 Μάρκος
3275 827 3333 881 ὃν
3365 822 3566 883 οὐδέπω
3623 823 3872 895 τεθέαται,

2247 914 2499 990 ὀνομαστὶ
2547 923 2731 973 τοῦτον
2759 915 2963 976 ἐκάλει.
3003 907 3059 973 Ὀ
3091 915 3143 971 δὲ
3200 915 3335 972 πάνυ
3363 935 3417 970 τε
3449 912 3584 981 ἥσθη
3611 917 3687 986 τῷ
3717 911 3874 992 λόγῳ,

2247 1006 2335 1059 καὶ
2387 1004 2604 1068 τούτους
2635 1005 2820 1083 ἕρμαιν
2875 1006 3262 1080 ποιησάμενος,
3293 1004 3477 1060 αὐτίκα
3535 1001 3877 1078 μεταπέμπε-

2247 1114 2332 1148 ται
2382 1093 2504 1170 παρ’
2567 1099 2743 1153 αὐτόν’
2800 1095 3231 1173 παραγεγονότας
3263 1092 3318 1149 δὲ
3373 1093 3770 1170 ἀσπασάμενος,
3800 1091 3878 1146 καὶ

2245 1179 2312 1237 δι’
2346 1183 2516 1237 αὒτῶν
2547 1184 2612 1238 τὰ
2641 1182 2757 1239 κατ’
2791 1185 2976 1247 αὐτοὺς
3029 1185 3206 1261 γνοὺς,
3237 1185 3374 1240 τίνες
3403 1203 3461 1237 τε
3493 1185 3627 1254 εἷεν,
3662 1181 3748 1236 καὶ
3774 1181 3877 1234 τίνα

2241 1272 2340 1337 τὴν
2386 1269 2687 1348 ἀποδημίαν
2720 1272 3040 1352 ἐστάλησαν,
3074 1274 3169 1330 καὶ
3219 1273 3278 1330 οὗ
3305 1271 3464 1329 πάλιν
3494 1273 3584 1328 τὸν
3616 1268 3877 1326 ἀπόπλουν

2242 1365 2537 1434 ποιοῦνται,
2584 1360 2919 1437 συνεδριάσας
2979 1365 3159 1428 αὐτοῖς
3219 1364 3349 1436 πρὸς
3407 1361 3583 1440 βραχὺ
3639 1361 3728 1416 καὶ
3770 1380 3877 1414 τινα

2241 1447 2462 1530 θεοφιλῆ
2515 1450 2935 1532 συνωμιληκὼς,
3003 1453 3134 1529 πρὸς
3179 1451 3276 1518 την
3353 1449 3641 1517 ἐκκλησίαν
3692 1446 3874 1524 ἀπῄει,

2242 1539 2341 1606 τὴν
2392 1538 2533 1616 ἱεράν
2563 1537 2790 1596 τελέσων
2847 1541 3242 1618 μυσταγωγίαν
3276 1538 3341 1606 ἧν
3391 1539 3490 1617 γὰρ
3545 1539 3633 1594 καὶ
3691 1540 3725 1604 ἡ
3783 1559 3880 1592 των

2242 1630 2537 1707 κορυφαίων
2571 1628 2883 1685 ἀποστόλων
2915 1630 3070 1706 ἑορτὴ
3105 1628 3301 1707 Πέτρου
3331 1629 3417 1684 καὶ
3447 1625 3678 1688 Παύλου.

515 1735 582 1778 ac
637 1715 836 1778 divina
867 1714 1138 1796 quaedam
1173 1723 1625 1790 commentatus,
1665 1714 1736 1774 ad
1772 1714 2106 1790 ecclesiam,
2142 1715 2458 1796 mysticum
2521 1715 2880 1778 sacriﬁcium
2914 1715 3344 1797 celebraturus,
3391 1713 3806 1797 proﬁciscitur.
3835 1714 3882 1773 ls

517 1805 674 1867 enim
708 1804 874 1868 Petri
903 1811 963 1866 et
991 1803 1158 1866 Pauli
1188 1821 1558 1866 summorum
1592 1802 1996 1882 apostolorum
2028 1803 2158 1865 dies
2185 1803 2376 1867 festus
2409 1813 2556 1869 erat.

597 1893 980 1956 XV.Postera
993 1900 1191 1954 autem
1211 1892 1306 1953 die
1321 1900 1453 1973 post
1471 1890 1786 1953 matutinas
1800 1891 2159 1958 laudes.cum

2325 1894 2433 1971 IE’,
2482 1898 2560 1972 Τῇ
2611 1895 2859 1976 ἐπαύριον
2907 1894 2960 1952 δὲ
3016 1897 3150 1972 μετὰ
3195 1897 3288 1960 τὰς
3342 1895 3563 1960 ἑωθινὰς
3613 1892 3746 1969 ᾠδὰς
3799 1894 3884 1948 τοῦ

523 1981 844 2066 episcopus
897 1981 1018 2042 illis
1067 1981 1326 2056 adesset,
1359 1981 1556 2061 deque
1602 1979 1784 2042 rebus
1843 1980 2058 2042 divinis
2099 1999 2159 2042 ac

2251 1983 2544 2042 ἐπισκόπου
2619 1987 2864 2046 συρὸντος
2936 1990 3120 2050 αὐτοῖς
3189 1987 3276 2042 καὶ
3359 1983 3760 2057 συνομιλοῢντος
3825 1982 3884 2037 τὰ

519 2070 885 2134 salutaribus
900 2089 1031 2132 cum
1055 2070 1176 2132 illis
1202 2069 1576 2132 familiariter
1597 2069 2159 2150 loqueretur,statim

2251 2072 2479 2152 θεοφιλῆ
2535 2077 2623 2132 καὶ
2686 2077 2948 2146 σωτήρια,
2987 2076 3170 2132 αὒτίκα
3214 2076 3300 2132 καὶ
3359 2076 3405 2131 οἱ
3458 2083 3552 2132 τοῦ
3610 2071 3884 2151 Γρηγορίου

524 2161 798 2242 Gregorii
830 2167 1104 2241 parentes
1163 2161 1220 2220 in
1254 2159 1464 2221 urbem
1498 2159 1751 2239 ingressi
1790 2168 1956 2233 sunt,
1989 2167 2054 2220 ut
2081 2159 2159 2222 illi

2251 2162 2429 2239 γονὲτς
2488 2164 2589 2230 τὴν
2619 2163 2776 2220 πόλιν
2828 2165 3095 2240 εἰσῄεσαν,
3135 2167 3208 2228 ὡς
3240 2163 3326 2219 ἐπὶ
3383 2169 3552 2241 νεκρῷ
3583 2162 3648 2218 τὰ
3700 2160 3883 2216 ἐκείνου

521 2260 806 2330 tanquam
831 2256 1063 2311 mortuo
1092 2255 1519 2329 parentarent;
1553 2249 1764 2311 eodem
1795 2267 2051 2330 namque
2074 2249 2159 2311 die

2257 2251 2467 2308 τελέσαι
2524 2254 2864 2328 μνημόσυνα·
2927 2254 3062 2309 κατὰ
3118 2253 3317 2319 ταύτην
3387 2252 3485 2331 γὰρ
3541 2252 3640 2318 τὴν
3696 2249 3884 2326 ἡμέραν

526 2347 796 2399 mortuus
825 2338 940 2400 illis
982 2339 1140 2399 visus
1170 2337 1384 2400 fuerat.
1427 2338 1604 2418 Atqui
1635 2357 1768 2401 cum
1803 2347 1993 2401 mater
2023 2340 2159 2402 Gre-

2257 2341 2462 2421 ἀφανὴς
2518 2341 2702 2405 αὐτοῖς
2759 2340 3012 2420 ἐγεγόνει,
3071 2342 3202 2405 Τοὺς
3245 2341 3433 2408 ἥλικας
3484 2341 3574 2397 οὖν
3619 2346 3695 2415 τῷ
3753 2345 3882 2415 Γρη-

526 2427 677 2506 gorii
731 2445 1020 2505 aequaevos
1068 2445 1286 2507 pueros
1341 2427 1609 2508 vidisset,
1659 2428 1766 2489 filii
1825 2427 2159 2491 memoriam

2258 2431 2417 2508 γορίῳ
2467 2429 2662 2496 παῖδας
2717 2431 2959 2507 θεωμένη
3015 2433 3051 2498 ἡ
3114 2433 3295 2510 μήτηρ
3353 2432 3426 2493 είς
3489 2429 3784 2505 ὕπόμνησίν
3834 2448 3882 2482 τε

526 2515 795 2593 subiens,
829 2515 1162 2578 visceribus
1191 2524 1283 2578 est
1335 2517 1590 2594 graviter
1617 2516 1921 2589 intercisa,
1955 2517 2159 2597 quippe

2258 2520 2414 2574 αὐτοῦ
2475 2520 2647 2592 ἰοῦσα,
2706 2519 2794 2575 καὶ
2850 2520 2915 2575 τὰ
2973 2517 3259 2598 σπλάγχνα
3329 2517 3508 2584 δεινῶς
3567 2517 3882 2594 κοπτομένη,

526 2607 741 2668 horum
798 2614 1073 2686 aspectus
1121 2605 1292 2666 ﬂetus
1340 2605 1427 2665 illi
1461 2611 1712 2679 [causam
1765 2605 2159 2668 ministravit:

2259 2607 2500 2686 ἀφορμὴν
2557 2610 2761 2684 θρήνων
2818 2609 2916 2676 τὴν
2974 2609 3188 2664 ἐκείνων
3242 2609 3419 2687 ὅρασιν
3470 2607 3732 2680 ἐποιεῖτο,
3790 2605 3886 2663 Οἴ-

526 2694 636 2756 Hei
670 2694 818 2754 mihi
853 2693 1133 2772 (dicens),
1162 2692 1245 2753 fili
1275 2692 1685 2769 dilectissime,
1715 2693 1794 2754 fili
1829 2692 2159 2772 tamingen:

2259 2719 2374 2770 μοι,
2429 2695 2680 2776 λέγουσα,
2715 2696 2898 2754 τέκνον
2953 2696 3226 2776 φίλτατον,
3285 2698 3490 2772 τέκνον,
3543 2702 3790 2755 τοσοῦτον
3838 2695 3886 2750 ἐν

529 2783 686 2842 inter
716 2782 973 2861 aequales
999 2782 1311 2862 splendor,
1341 2800 1518 2862 quam
1543 2782 1629 2843 sol
1663 2781 1818 2843 inter
1846 2790 2023 2845 astra.
2055 2781 2159 2844 Ho:

2258 2783 2399 2850 ἥλιξι
2457 2782 2794 2860 διαλάμπον,
2857 2785 2980 2843 ὅσον
3035 2785 3089 2841 ἐν
3146 2786 3394 2866 ἀστράσιν
3446 2785 3626 2862 ἥλιος,
3687 2784 3884 2846 τούτους

530 2870 769 2950 quidem
803 2870 893 2930 tui
926 2888 1104 2932 causa
1134 2889 1347 2931 omnes
1399 2876 1636 2932 intueor
1667 2895 1684 2946 ;
1719 2879 1779 2932 tu
1811 2889 1948 2933 vero
1979 2870 2082 2932 ubi
2111 2889 2159 2933 ei

2259 2874 2357 2950 μὲν
2405 2875 2522 2937 τοὺς
2553 2874 2689 2931 κατὰ
2741 2874 2800 2930 σὲ
2831 2877 3030 2939 πάντας
3075 2878 3235 2956 ὅρων,
3271 2877 3333 2932 σο
3383 2873 3436 2932 δὲ
3467 2898 3562 2951 μοι
3619 2873 3884 2952 μονογενὲς

530 2965 858 3021 terrarum?
884 2960 1005 3020 Cur
1037 2977 1102 3020 es
1136 2959 1297 3037 (oro)
1326 2959 1387 3019 in
1420 2960 1617 3022 lucem
1652 2960 1849 3021 editus
1877 2967 1905 3022 ?
1935 2960 2159 3024 Utinan

2257 2969 2362 3020 ποῦ
2405 2969 2493 3018 νῦν
2541 2960 2640 3041 ἄρα
2695 2962 3028 3044 τυγχάνειςς
3077 2965 3126 3022 τί
3177 2964 3451 3044 γέγοναςς
3511 2963 3637 3023 Εἴθε
3679 2985 3766 3020 σου
3804 2962 3885 3017 τὸν

532 3048 738 3110 mortis
759 3055 874 3108 tuae
895 3066 1083 3125 genus
1113 3065 1494 3126 agnoscerem
1525 3047 1537 3110 !
1569 3049 1794 3110 utinam
1829 3048 2047 3125 locum,
2069 3047 2159 3110 ubi

2259 3053 2450 3128 τρόπον
2501 3052 2785 3130 ἐγίνωσκον
2840 3062 2930 3110 τοῦ
2970 3055 3219 3110 θανάτου·
3277 3055 3386 3111 εἴθε
3426 3055 3514 3111 καὶ
3568 3055 3660 3111 τὸν
3709 3055 3881 3123 τόπον,

531 3135 860 3199 occubuisti
890 3144 1066 3217 atque
1101 3137 1323 3198 utinam
1347 3137 1590 3212 scirem,
1612 3137 1662 3198 si
1680 3138 1778 3217 qui
1802 3136 1908 3198 tibi
1931 3137 2159 3199 fuerunt

2258 3148 2317 3198 οὗ
2385 3141 2695 3208 πέπτωκας’
2745 3142 2856 3199 εἴθε
2914 3145 3000 3199 καὶ
3059 3143 3113 3198 εἴ
3175 3142 3308 3208 τινές
3381 3149 3462 3200 σοι
3519 3151 3616 3200 τοῦ
3679 3141 3886 3199 θανᾶτου

533 3225 1047 3288 mortisauctores!
1073 3225 1216 3288 Tuae
1228 3245 1486 3304 namque
1505 3227 2159 3305 calamitatisignoratic

2255 3231 2534 3310 γεγόνασιν
2585 3231 2777 3291 αἴτιοι.
2826 3232 2973 3298 Αδξει
3026 3255 3116 3308 μοι
3165 3235 3226 3289 τὸ
3270 3233 3438 3298 πάθος
3488 3234 3591 3301 τῆς
3631 3237 3883 3310 συμφορᾶς

529 3315 676 3376 mihi
725 3314 994 3377 dolorem
1028 3322 1226 3394 auget,
1259 3315 1514 3396 facitque
1543 3325 1629 3397 ut,
1663 3336 1796 3378 cum
1831 3317 1916 3378 sic
1969 3317 2159 3396 lugere

2253 3321 2287 3386 ἡ
2347 3318 2556 3400 ἄγνοια,
2607 3322 2695 3378 καὶ
2747 3325 2960 3401 θρηνεῖν
3016 3322 3444 3400 ἀναγκαζομένη,
3507 3321 3646 3399 μηδὲ
3702 3323 3782 3401 ἐφ’
3841 3324 3881 3393 ᾦ

532 3421 730 3492 cogar,
748 3402 1043 3492 ignorem,
1069 3403 1126 3463 in
1148 3421 1263 3483 quo
1290 3403 1429 3464 mihi
1451 3405 1589 3482 jure
1616 3405 2159 3468 sitlamentandum.

2255 3411 2468 3484 θρηνεῖν
2523 3408 2709 3467 εἰδέναι
2767 3410 2943 3475 καλῶς
2991 3409 3192 3468 δίδωσι*
3243 3411 3414 3468 πάντα
3445 3411 3545 3487 μὲν
3595 3412 3694 3492 γὰρ
3741 3410 3882 3468 θανά·

529 3491 694 3553 Alias
751 3490 913 3552 enim
945 3509 1122 3552 omne
1169 3493 1378 3552 mortis
1408 3511 1594 3570 genus
1642 3504 1983 3575 suspectum
2013 3495 2159 3572 facit,

2257 3519 2348 3554 του
2375 3499 2571 3576 τρόπον
2611 3500 2923 3557 ὑποπτεύειν
2973 3501 3148 3575 ποιεῖ,
3181 3506 3310 3557 πᾶσι
3355 3500 3411 3556 δὲ
3441 3490 3618 3561 πάλιν
3650 3502 3881 3557 ἀπιστεῖν

527 3580 674 3670 alias
694 3580 970 3670 omnibus
993 3581 1298 3670 compellit
1320 3579 1617 3646 diffidere.
1649 3583 1800 3645 Num
1839 3603 1970 3665 quae
1991 3584 2159 3648 silve-

2257 3586 2564 3664 ἀναγκάζει.
2623 3583 2755 3669 Ἆρά
2811 3611 2872 3645 σε
2912 3590 3091 3669 θηρίον
3147 3611 3198 3646 τι
3230 3595 3333 3670 τῷν
3381 3590 3580 3669 ἀγρίων
3643 3590 3880 3670 ἤρπασες,

529 3669 670 3730 stris
700 3678 758 3730 te
787 3669 912 3758 fera
941 3669 1191 3746 rapuit?
1239 3670 1316 3731 At
1346 3671 1606 3734 ferarum
1642 3681 1796 3735 tecta
1825 3683 1960 3734 sunt
1989 3674 2159 3737 silva

2257 3675 2393 3733 ἀλλὰ
2438 3678 2632 3757 θηρίων
2689 3667 2912 3742 ὃτόπος
2970 3667 3192 3756 ἔρημος.
3258 3667 3390 3758 τΛρά
3431 3667 3504 3735 -σε
3561 3667 3750 3757 λῃσταὶ
3780 3677 3881 3735 διε·

529 3759 683 3820 Num
711 3758 814 3838 qui
832 3757 1163 3820 telatrones
1182 3759 1686 3825 interfecere?Sed
1718 3763 1851 3840 quis
1874 3771 1988 3825 tam
2009 3763 2159 3825 ditt]!

2258 3768 2574 3844 χρήσαντο;
2627 3766 2766 3824 ἀλλὰ
2806 3770 2886 3828 τίς
2945 3767 3081 3824 οὕτω
3133 3757 3413 3848 μιαιφόνος
3460 3771 3618 3849 ψυχὴ
3670 3771 3755 3827 καὶ
3792 3773 3881 3835 τῆς

527 3855 704 3925 atque
756 3856 1038 3910 cruentus
1082 3849 1340 3928 animus,
1371 3858 1432 3910 et
1479 3849 1754 3914 humanae
1786 3861 1901 3912 tam
1962 3870 2159 3933 expert

2258 3857 2586 3934 ανθρωπίνης
2646 3854 2744 3921 ἔξω
2803 3857 3032 3937 φύσεως,
3093 3857 3189 3912 κᾶν
3247 3855 3571 3938 αὐτόχρημα
3626 3857 3760 3922 λίθος
3823 3857 3883 3922 ἦν

526 3942 770 4026 natura},
806 3953 876 3996 ac
930 3943 996 3995 ut
1022 3937 1221 4026 reipsa
1251 3937 1323 3997 ad
1369 3938 1778 4002 crudelitatem
1811 3940 1958 4022 lapis
1988 3949 2159 4017 esset,

2257 3945 2329 4006 εἰς
2388 3945 2667 4026 ὡμότητα,
2701 3944 2819 4012 ἥτις
2866 3967 2962 4004 σου
3016 3947 3094 4020 μὴ
3149 3945 3211 4001 τὸ
3269 3937 3739 4018 νέονέδυσωπήθη
3792 3951 3881 4013 τῆς

527 4023 629 4101 qui
679 4040 798 4117 non
832 4031 986 4117 tuam
1033 4021 1322 4117 (obsecro)
1367 4026 1695 4104 juvenilem
1737 4037 1967 4092 aetatem
1999 4049 2159 4093 vere-

2254 4031 2486 4108 ἡλικίας,
2519 4021 2664 4102 ἥτις*
2693 4057 2786 4092 σου
2816 4035 2893 4110 μὴ
2925 4036 2984 4090 τὸ
3032 4031 3230 4100 κάλλος
3259 4034 3459 4103 ἠλέησε
3486 4041 3586 4103 τῆς
3635 4042 3836 4117 μορφῆς
3867 4057 3881 4108 i

523 4117 690 4170 retur
721 4108 746 4171 ?
803 4109 903 4203 qui
929 4129 1052 4203 non
1085 4110 1161 4173 ob
1211 4113 1417 4174 formai
1446 4115 1710 4195 speciem
1759 4118 2159 4181 misericordia

2253 4119 2423 4178 ,Λλλὰ
2478 4125 2528 4181 τί
2559 4123 2735 4199 μάτην
2764 4108 2927 4181 ταῦτα
2978 4127 3154 4203 θρηνῶ
3189 4142 3206 4199 ;
3257 4125 3386 4189 Θεὸς
3437 4125 3498 4180 ἃν
3529 4108 3884 4200 είδείηΙμόνος

527 4198 901 4262 ﬂecteretur?
924 4198 1040 4293 _Sed
1064 4199 1204 4279 quid
1231 4201 1594 4293 hzecfrustra
1617 4204 1958 4268 lamentor?
1988 4206 2159 4284 Deus,

2254 4218 2313 4267 οὔ
2369 4198 2651 4293 τυγχάνεις
2709 4215 2890 4293 αὐτὸς,
2922 4198 3020 4271 καὶ-
3067 4198 3198 4292 παρί
3243 4221 3301 4272 οὗ
3359 4214 3520 4290 μόνου
3574 4215 3672 4284 τὴν
3717 4198 3880 4292 παρά-

527 4305 706 4384 τιᾳυο
739 4287 1206 4350 consolationem
1239 4291 1440 4352 infelix
1482 4292 1744 4372 invenio,
1777 4293 2018 4356 ubinam
2047 4296 2159 4376 ipsr

2260 4287 2528 4369 κλησιντὴ
2559 4301 2826 4382 δυστυχής
2859 4287 3082 4382 ευροιμι,
3116 4287 3370 4362 Ἰζοιαῡτειι⁷
3393 4309 3492 4371 τῆς
3522 4306 3726 4384 μητρὸς
3771 4287 3883 4361 dlo-

527 4376 610 4437 sis
644 4377 800 4438 scire
831 4377 996 4439 solus
1019 4386 1232 4458 potest.
1267 4378 1432 4441 Talia
1457 4399 1590 4443 cum
1616 4391 1806 4445 mater
1828 4383 2159 4449 lamentare

2257 4388 2557 4466 φυρομένης
2615 4376 2876 4466 συνῄεσαν
2907 4376 3101 4470 σχεδὸν
3161 4393 3208 4447 οἱ
3253 4394 3352 4460 τῆς
3384 4376 3592 4457 πόλεως⁵
3638 4376 3874 4465 ξῖπαντες,

525 4474 644 4558 tur,
703 4465 975 4558 plerique
1035 4484 1243 4527 omnes
1303 4467 1464 4558 cives
1535 4469 1679 4532 illuc
1739 4483 2159 4554 convenerant,

2256 4478 2342 4533 καὶ
2373 4479 2462 4534 τὸν
2491 4481 2681 4558 θρῆνον
2703 4480 2836 4557 αὐτῇ
2867 4479 3206 4543 σονέπλεκον.

525 4553 774 4634 ejusque
805 4554 967 4615 luctu
1001 4554 1546 4620 commovebantur.

605 4623 755 4705 XVI.
790 4639 1014 4742 Verum
1042 4661 1178 4704 cum
1204 4644 1538 4742 ululatusin
1561 4647 1744 4710 altum
1770 4651 2159 4729 tolleretur,et

2335 4657 2459 4730 ις’.
2486 4655 2585 4714 Ὠσ
2615 4657 2670 4714 δὲ
2690 4657 2776 4715 ἐπὶ
2799 4666 2985 4734 μεῖζον
3007 4661 3034 4715 ὃ
3054 4660 3288 4726 κωκυτὸς
3319 4659 3497 4741 ᾔρετο,
3517 4660 3613 4718 καῖ
3636 4663 3664 4719 ὁ
3682 4661 3878 4740 Μάρκος

519 4730 1082 4830 Βςετουεολυιαηῑεξῃ
1098 4733 1533 4830 sensisset,ejus
1548 4757 1784 4830 causam
1801 4739 1873 4802 ab
1889 4741 2168 4824 episcopo
2252 4748 2345 4802 τοῦ
2401 4747 2618 4810 πένθους
2663 4730 2970 4825 αἰσθόμενος
3017 4757 3110 4807 τοῦ
3157 4730 3450 4808 ἐπισκόπου
3481 4730 3874 4828 ’διεπύνθάνετα

522 4819 1384 4921 siscitahatur,multumetlpse
1407 4819 2159 4910 amarequeingemiscens,

2251 4835 2340 4891 καὶ
2390 4841 2487 4904 τῆς
2525 4834 2786 4915 όλολυγῆς
2814 4819 2940 4905 ’τὴν
2970 4838 3136 4895 αἰτίαν
3179 4840 3352 4909 ἐζήτει
3401 4843 3612 4921 μαθεῖν,
3646 4840 3782 4918 μέγα
3832 4819 3875 4893 τί

519 4907 814 5009 lacrymas
844 4909 1054 4971 verbis
1085 4911 1530 5009 commiscebat.
1565 4912 1707 5009 Ego,
1745 4915 1939 4991 Pater,
1975 4907 2159 5000 inquit

2251 4925 2338 4980 καὶ
2377 4926 2563 5004 πικρὸν
2607 4925 2904 5001 ἀνοιμωξας
2962 4926 3170 4993 ἐκεῖνος
3218 4929 3305 4985 καὶ
3358 4927 3569 5009 δάκρυσι
3597 4907 3878 5006 ’συμμίξας

517 4997 856 5094 episcopus,
892 5015 1128 5076 gravem
1150 4999 1254 5060 tibi
1286 5018 1485 5062 casum
1515 5001 1861 5080 edisseram,
1899 5006 2006 5069 Vir
2024 4997 2159 5090 qui-

2248 5015 2369 5078 τοὺς
2400 4997 2614 5091 λόγους,
2649 4997 2794 5094 Ἐγώ
2825 5037 2906 5073 σοι
2962 5017 3025 5072 τὸ
3053 5014 3258 5092 συμϐὰν
3289 5017 3418 5094 ὅπερ
3449 4997 3668 5077 ἐνταῦθα
3695 4997 3876 5089 demo»,

517 5087 652 5187 dam
683 5086 942 5187 honesto.
964 5105 1207 5170 genere,
1251 5107 1318 5187 ex
1352 5089 1478 5152 vico
1521 5098 1737 5155 nostrae
1765 5094 1983 5158 civitati
2013 5086 2159 5177 p'ro-

2246 5103 2372 5184 ἔφη,
2406 5086 2494 5159 καί
2521 5086 2871 5180 διηγήσομαι.
2921 5102 3086 5182 Ἀνήρ
3114 5086 3195 5171 τις
3224 5106 3330 5163 τῶν
3360 5086 3417 5163 εδ
3465 5108 3756 5187 γεγονότων
3785 5086 3880 5162 ἇπθ

513 5175 1042 5274 _ximo_oriundus,
1079 5195 1212 5239 cum
1248 5177 1474 5242 divitiis
1527 5182 1764 5259 ﬂorens,
1803 5193 1925 5246 tum
1964 5175 2159 5249 m—ente

2245 5175 2364 5260 τῆςν
2401 5192 2454 5248 ἐν
2485 5175 2766 5271 γειτόνων·
2791 5200 2860 5272 τῇ
2909 5175 3068 5252 πὸλεί
3117 5196 3271 5272 ἡμῶν
3302 5175 3494 5273 κώμης
3541 5175 3877 5274 ¹ὁρμώμενος,

514 5260 911 5366 locupletiore
928 5275 1367 5366 .przestans,sua
1387 5270 1588 5331 omnia
1610 5273 1966 5355 pauperibus
1991 5295 2159 5338 com-

2246 5280 2458 5355 πλούτῳ
2499 5260 2569 5337 ,τε
2629 5260 2860 5363 θάλλων,
2922 5287 3009 5340 καὶ
3067 5260 3259 5362 γνωμῃ
3317 5260 3679 5366 πλιου-σιῶτέρᾳ
3709 5260 3878 5364 ,χρώ-ί

509 5351 875 5452 municabat.
911 5353 1277 5452 Ainuxorem
1312 5357 1465 5436 piam
1517 5351 1835 5424 admodum
1883 5373 1939 5426 et
1987 5384 2159 5428 orna-

2247 5393 2428 5447 μενος,
2490 5373 2577 5429 καὶ
2643 5373 2708 5428 τὰ
2767 5372 2924 5430 αἱ)τοῦ
2982 5373 3156 5431 πάντα
3211 5377 3315 5432 τῶν
3372 5377 3619 5446 πενήτων
3691 5378 3872 5450 ποιῶν,

509 5445 625 5499 tam
683 5441 930 5520 ducens,
967 5439 1180 5543 lilium.
1215 5460 1283 5504 ex
1338 5464 1405 5507 ea
1457 5466 1702 5526 precum
1737 5470 1875 5531 ergo
1924 5457 2152 5533 genuit,

2244 5461 2466 5538 γυναικά
2513 5481 2575 5540 γε
2633 5460 2748 5518 λίαν
2804 5461 2949 5542 ἔχων
3007 5462 3195 5530 εὐσεϐῆ
3254 5465 3341 5522 καὶ
3398 5467 3643 5543 κοσμίαν,
3698 5439 3875 5522 παιδοέ

502 5545 682 5633 quem
737 5547 968 5633 asacro
1022 5529 1375 5633 baptismate
1422 5535 1554 5633 ipse
1609 5529 1870 5621 suscepi.
1928 5529 2156 5607 Videris

2244 5529 2453 5626 ἃῥριενος
2511 5529 2578 5605 έν)
2630 5550 2797 5629 εὗχῖις
2837 5529 3088 5630 ’ἐγεγόνει
3130 5553 3329 5633 πατὴρ,
3364 5555 3422 5610 ὃν
3476 5529 3641 5617 αὐτὸς.
3675 5551 3734 5608 ἐκ
3786 5571 3870 5607 του

497 5619 684 5702 igitur
731 5625 902 5702 pater
931 5619 1113 5700 prolis
1171 5624 1640 5706 susceptionem,
1673 5636 1733 5690 et
1776 5619 1985 5710 preces
2017 5642 2154 5699 voto

2244 5619 2374 5695 θέίου
2431 5619 2796 5717 βαπτίσματος
2847 5619 3206 5724 ἀναδέχομαι.
3280 5619 3430 5701 ἱίδὼν
3485 5651 3569 5704 οὖν
3627 5644 3656 5700 ὁ
3706 5639 3871 5720 πατὴρ
