  <div class='ocr_page' id='page_1' title='image "/cluster/home/n/w/nwhite01/storage/ocr_20150623/116/mdp.39015008903554/112.png"; bbox 0 0 3918 6138; ppageno 0'>
   <div class='ocr_carea' id='block_1_1' title="bbox 179 249 3558 328">
    <p class='ocr_par' dir='ltr' id='par_1_1' title="bbox 179 249 3558 328">
     <span class='ocr_line' id='line_1_1' title="bbox 179 249 3558 328; baseline 0.003 -15"><span class='ocrx_word' id='word_1_1' title='bbox 179 251 278 318; x_wconf 76' lang='lat'>209</span> <span class='ocrx_word' id='word_1_2' title='bbox 1228 252 1414 317; x_wconf 83' lang='lat' dir='ltr'>VITA</span> <span class='ocrx_word' id='word_1_3' title='bbox 1458 252 1520 315; x_wconf 92' lang='lat' dir='ltr'>S.</span> <span class='ocrx_word' id='word_1_4' title='bbox 1569 249 1938 315; x_wconf 83' lang='lat' dir='ltr'>GREGOBII</span> <span class='ocrx_word' id='word_1_5' title='bbox 1979 251 2520 316; x_wconf 80' lang='lat' dir='ltr'>AGRIGENTINI.</span> <span class='ocrx_word' id='word_1_6' title='bbox 3441 259 3558 328; x_wconf 82' lang='lat'>210</span> 
     </span>
    </p>
   </div>
   <div class='ocr_carea' id='block_1_2' title="bbox 177 386 1724 471">
    <p class='ocr_par' dir='ltr' id='par_1_2' title="bbox 177 387 1724 471">
     <span class='ocr_line' id='line_1_2' title="bbox 177 387 1724 471; baseline -0.005 -23"><span class='ocrx_word' id='word_1_7' title='bbox 177 398 253 448; x_wconf 78' lang='grc' dir='ltr'>τοῦ</span> <span class='ocrx_word' id='word_1_8' title='bbox 294 389 479 467; x_wconf 79' lang='grc' dir='ltr'>γένους</span> <span class='ocrx_word' id='word_1_9' title='bbox 537 387 821 471; x_wconf 77' lang='grc' dir='ltr'>διαδοχὴν,</span> <span class='ocrx_word' id='word_1_10' title='bbox 853 390 943 446; x_wconf 82' lang='grc' dir='ltr'>καὶ</span> <span class='ocrx_word' id='word_1_11' title='bbox 1003 387 1100 457; x_wconf 69' lang='grc' dir='ltr'>τήν</span> <span class='ocrx_word' id='word_1_12' title='bbox 1151 389 1320 469; x_wconf 76' lang='grc' dir='ltr'>εὐχὴν</span> <span class='ocrx_word' id='word_1_13' title='bbox 1377 389 1451 452; x_wconf 75' lang='grc' dir='ltr'>εἷς</span> <span class='ocrx_word' id='word_1_14' title='bbox 1509 387 1662 466; x_wconf 77' lang='grc' dir='ltr'>ἔργον</span> <span class='ocrx_word' id='word_1_15' title='bbox 1719 389 1724 441; x_wconf 73' lang='lat' dir='ltr'><strong>i</strong></span> 
     </span>
    </p>
   </div>
   <div class='ocr_carea' id='block_1_3' title="bbox 1997 386 3544 471">
    <p class='ocr_par' dir='ltr' id='par_1_3' title="bbox 1997 386 3544 468">
     <span class='ocr_line' id='line_1_3' title="bbox 1997 386 3544 468; baseline 0.006 -21"><span class='ocrx_word' id='word_1_16' title='bbox 1997 387 2157 466; x_wconf 90' lang='lat' dir='ltr'>tisse,</span> <span class='ocrx_word' id='word_1_17' title='bbox 2191 403 2258 448; x_wconf 85' lang='lat' dir='ltr'><strong>ex</strong></span> <span class='ocrx_word' id='word_1_18' title='bbox 2291 405 2360 448; x_wconf 92' lang='lat' dir='ltr'>eo</span> <span class='ocrx_word' id='word_1_19' title='bbox 2394 395 2661 468; x_wconf 88' lang='lat' dir='ltr'>tempore</span> <span class='ocrx_word' id='word_1_20' title='bbox 2691 386 2768 450; x_wconf 87' lang='lat' dir='ltr'>ab</span> <span class='ocrx_word' id='word_1_21' title='bbox 2800 406 2986 452; x_wconf 85' lang='lat' dir='ltr'>uxore</span> <span class='ocrx_word' id='word_1_22' title='bbox 3017 388 3325 456; x_wconf 74' lang='lat' dir='ltr'>abstinuit.</span> <span class='ocrx_word' id='word_1_23' title='bbox 3361 395 3544 457; x_wconf 89' lang='lat' dir='ltr'>Porro</span> 
     </span>
    </p>
   </div>
   <div class='ocr_carea' id='block_1_4' title="bbox 171 475 1718 559">
    <p class='ocr_par' dir='ltr' id='par_1_4' title="bbox 171 475 1718 556">
     <span class='ocr_line' id='line_1_4' title="bbox 171 475 1718 556; baseline -0.003 -20"><span class='ocrx_word' id='word_1_24' title='bbox 171 480 344 553; x_wconf 75' lang='grc' dir='ltr'>ϐᾶσαν,</span> <span class='ocrx_word' id='word_1_25' title='bbox 377 481 441 536; x_wconf 75' lang='grc' dir='ltr'>τὸ</span> <span class='ocrx_word' id='word_1_26' title='bbox 495 482 582 536; x_wconf 73' lang='grc' dir='ltr'>ἰεπί</span> <span class='ocrx_word' id='word_1_27' title='bbox 635 481 838 545; x_wconf 71' lang='grc' dir='ltr'>τοῦτοις</span> <span class='ocrx_word' id='word_1_28' title='bbox 895 484 994 546; x_wconf 80' lang='grc' dir='ltr'>τῆς</span> <span class='ocrx_word' id='word_1_29' title='bbox 1054 480 1300 556; x_wconf 78' lang='grc' dir='ltr'>γυναικὸς</span> <span class='ocrx_word' id='word_1_30' title='bbox 1359 478 1458 552; x_wconf 71' lang='grc' dir='ltr'>μὲι</span> <span class='ocrx_word' id='word_1_31' title='bbox 1514 475 1718 556; x_wconf 69' lang='grc' dir='ltr'>ἂπέσχε</span> 
     </span>
    </p>
   </div>
   <div class='ocr_carea' id='block_1_5' title="bbox 2004 475 3551 559">
    <p class='ocr_par' dir='ltr' id='par_1_5' title="bbox 2004 477 3551 559">
     <span class='ocr_line' id='line_1_5' title="bbox 2004 477 3551 559; baseline 0.006 -23"><span class='ocrx_word' id='word_1_32' title='bbox 2004 495 2089 536; x_wconf 77' lang='lat' dir='ltr'>im</span> <span class='ocrx_word' id='word_1_33' title='bbox 2121 482 2259 538; x_wconf 90' lang='lat' dir='ltr'>octo</span> <span class='ocrx_word' id='word_1_34' title='bbox 2283 477 2407 556; x_wconf 82' lang='lat' dir='ltr'>jam</span> <span class='ocrx_word' id='word_1_35' title='bbox 2440 495 2626 538; x_wconf 89' lang='lat' dir='ltr'>annos</span> <span class='ocrx_word' id='word_1_36' title='bbox 2659 484 2861 540; x_wconf 88' lang='lat' dir='ltr'>natum</span> <span class='ocrx_word' id='word_1_37' title='bbox 2906 478 3291 559; x_wconf 83' lang='lat' dir='ltr'>accipientes,</span> <span class='ocrx_word' id='word_1_38' title='bbox 3323 483 3397 545; x_wconf 83' lang='lat' dir='ltr'>ad</span> <span class='ocrx_word' id='word_1_39' title='bbox 3456 502 3551 545; x_wconf 92' lang='lat' dir='ltr'>me</span> 
     </span>
    </p>
   </div>
   <div class='ocr_carea' id='block_1_6' title="bbox 168 563 1715 651">
    <p class='ocr_par' dir='ltr' id='par_1_6' title="bbox 168 563 1715 647">
     <span class='ocr_line' id='line_1_6' title="bbox 168 563 1715 647; baseline -0.003 -21"><span class='ocrx_word' id='word_1_40' title='bbox 168 573 247 626; x_wconf 78' lang='grc' dir='ltr'>τὸν</span> <span class='ocrx_word' id='word_1_41' title='bbox 315 567 489 625; x_wconf 72' lang='grc' dir='ltr'>παῖδα</span> <span class='ocrx_word' id='word_1_42' title='bbox 561 567 614 625; x_wconf 75' lang='grc' dir='ltr'>δὲ</span> <span class='ocrx_word' id='word_1_43' title='bbox 676 567 781 636; x_wconf 76' lang='grc' dir='ltr'>ἤδη</span> <span class='ocrx_word' id='word_1_44' title='bbox 855 569 1113 647; x_wconf 84' lang='grc' dir='ltr'>γεγονότα</span> <span class='ocrx_word' id='word_1_45' title='bbox 1174 568 1269 635; x_wconf 79' lang='grc' dir='ltr'>ἔτη</span> <span class='ocrx_word' id='word_1_46' title='bbox 1340 567 1482 623; x_wconf 85' lang='grc' dir='ltr'>ὀκτὼ</span> <span class='ocrx_word' id='word_1_47' title='bbox 1561 563 1715 622; x_wconf 58' lang='grc' dir='ltr'>λαϐόκ</span> 
     </span>
    </p>
   </div>
   <div class='ocr_carea' id='block_1_7' title="bbox 2006 563 3553 651">
    <p class='ocr_par' dir='ltr' id='par_1_7' title="bbox 2006 568 3553 651">
     <span class='ocr_line' id='line_1_7' title="bbox 2006 568 3553 651; baseline 0.006 -25"><span class='ocrx_word' id='word_1_48' title='bbox 2006 569 2220 638; x_wconf 77' lang='lat' dir='ltr'>lucunt,</span> <span class='ocrx_word' id='word_1_49' title='bbox 2254 585 2428 646; x_wconf 88' lang='lat' dir='ltr'>quem</span> <span class='ocrx_word' id='word_1_50' title='bbox 2484 585 2590 645; x_wconf 89' lang='lat' dir='ltr'>ego</span> <span class='ocrx_word' id='word_1_51' title='bbox 2647 568 2925 646; x_wconf 88' lang='lat' dir='ltr'>magistro</span> <span class='ocrx_word' id='word_1_52' title='bbox 2957 568 3210 648; x_wconf 91' lang='lat' dir='ltr'>primum</span> <span class='ocrx_word' id='word_1_53' title='bbox 3256 590 3553 651; x_wconf 87' lang='lat' dir='ltr'>gramma-</span> 
     </span>
    </p>
   </div>
   <div class='ocr_carea' id='block_1_8' title="bbox 164 653 1711 740">
    <p class='ocr_par' dir='ltr' id='par_1_8' title="bbox 164 653 1711 737">
     <span class='ocr_line' id='line_1_8' title="bbox 164 653 1711 737; baseline -0.003 -23"><span class='ocrx_word' id='word_1_54' title='bbox 164 660 338 736; x_wconf 73' lang='grc' dir='ltr'>ἄγωσι</span> <span class='ocrx_word' id='word_1_55' title='bbox 412 659 538 737; x_wconf 78' lang='grc' dir='ltr'>παρ’</span> <span class='ocrx_word' id='word_1_56' title='bbox 614 658 754 732; x_wconf 75' lang='grc' dir='ltr'>ἐμοί.</span> <span class='ocrx_word' id='word_1_57' title='bbox 833 658 993 734; x_wconf 74' lang='grc' dir='ltr'>Κᾶγω</span> <span class='ocrx_word' id='word_1_58' title='bbox 1065 663 1248 735; x_wconf 81' lang='grc' dir='ltr'>πρῶτα</span> <span class='ocrx_word' id='word_1_59' title='bbox 1315 657 1412 731; x_wconf 79' lang='grc' dir='ltr'>μὲν</span> <span class='ocrx_word' id='word_1_60' title='bbox 1495 653 1711 734; x_wconf 79' lang='grc' dir='ltr'>παραδίδ</span> 
     </span>
    </p>
   </div>
   <div class='ocr_carea' id='block_1_9' title="bbox 2001 653 3548 740">
    <p class='ocr_par' dir='ltr' id='par_1_9' title="bbox 2001 653 3548 740">
     <span class='ocr_line' id='line_1_9' title="bbox 2001 653 3548 740; baseline 0.005 -25"><span class='ocrx_word' id='word_1_61' title='bbox 2001 673 2027 715; x_wconf 93' lang='lat' dir='ltr'>s</span> <span class='ocrx_word' id='word_1_62' title='bbox 2079 653 2512 716; x_wconf 88' lang='lat' dir='ltr'>instituendum</span> <span class='ocrx_word' id='word_1_63' title='bbox 2547 656 2712 717; x_wconf 91' lang='lat' dir='ltr'>trado</span> <span class='ocrx_word' id='word_1_64' title='bbox 2748 678 2760 718; x_wconf 93' lang='lat'>:</span> <span class='ocrx_word' id='word_1_65' title='bbox 2796 657 3018 719; x_wconf 90' lang='lat' dir='ltr'>deinde</span> <span class='ocrx_word' id='word_1_66' title='bbox 3067 659 3263 740; x_wconf 88' lang='lat' dir='ltr'>ipsum</span> <span class='ocrx_word' id='word_1_67' title='bbox 3295 661 3548 725; x_wconf 76' lang='lat' dir='ltr'>tondens</span> 
     </span>
    </p>
   </div>
   <div class='ocr_carea' id='block_1_10' title="bbox 160 743 1707 830">
    <p class='ocr_par' dir='ltr' id='par_1_10' title="bbox 160 743 1707 824">
     <span class='ocr_line' id='line_1_10' title="bbox 160 743 1707 824; baseline -0.001 -20"><span class='ocrx_word' id='word_1_68' title='bbox 160 756 331 804; x_wconf 78' lang='grc' dir='ltr'>τοῦτον</span> <span class='ocrx_word' id='word_1_69' title='bbox 395 746 700 822; x_wconf 79' lang='grc' dir='ltr'>διδασκάλῳ</span> <span class='ocrx_word' id='word_1_70' title='bbox 762 753 1170 824; x_wconf 75' lang='grc' dir='ltr'>γραμματιστῇο</span> <span class='ocrx_word' id='word_1_71' title='bbox 1233 743 1415 801; x_wconf 79' lang='grc' dir='ltr'>ἔπειτα</span> <span class='ocrx_word' id='word_1_72' title='bbox 1460 745 1633 818; x_wconf 75' lang='grc' dir='ltr'>κείρας</span> <span class='ocrx_word' id='word_1_73' title='bbox 1706 779 1707 792; x_wconf 63' lang='grc' dir='ltr'>ι</span> 
     </span>
    </p>
   </div>
   <div class='ocr_carea' id='block_1_11' title="bbox 1996 743 3543 830">
    <p class='ocr_par' dir='ltr' id='par_1_11' title="bbox 1996 743 3543 830">
     <span class='ocr_line' id='line_1_11' title="bbox 1996 743 3543 830; baseline 0.006 -25"><span class='ocrx_word' id='word_1_74' title='bbox 1996 743 2050 805; x_wconf 89' lang='lat' dir='ltr'>in</span> <span class='ocrx_word' id='word_1_75' title='bbox 2081 745 2370 806; x_wconf 65' lang='lat' dir='ltr'>Ecclesiae</span> <span class='ocrx_word' id='word_1_76' title='bbox 2403 745 2746 828; x_wconf 78' lang='lat' dir='ltr'>collegium,</span> <span class='ocrx_word' id='word_1_77' title='bbox 2781 747 2877 809; x_wconf 93' lang='lat' dir='ltr'>cui</span> <span class='ocrx_word' id='word_1_78' title='bbox 2909 766 3188 829; x_wconf 69' lang='lat' dir='ltr'>praesum,</span> <span class='ocrx_word' id='word_1_79' title='bbox 3220 751 3543 830; x_wconf 86' lang='lat' dir='ltr'>asciscens,</span> 
     </span>
    </p>
   </div>
   <div class='ocr_carea' id='block_1_12' title="bbox 163 831 1710 914">
    <p class='ocr_par' dir='ltr' id='par_1_12' title="bbox 163 831 1710 914">
     <span class='ocr_line' id='line_1_12' title="bbox 163 831 1710 914; baseline -0.004 -20"><span class='ocrx_word' id='word_1_80' title='bbox 163 838 242 894; x_wconf 71' lang='grc' dir='ltr'>τὸν</span> <span class='ocrx_word' id='word_1_81' title='bbox 298 838 388 893; x_wconf 81' lang='grc' dir='ltr'>καὶ</span> <span class='ocrx_word' id='word_1_82' title='bbox 433 843 510 911; x_wconf 83' lang='grc' dir='ltr'>τῷ</span> <span class='ocrx_word' id='word_1_83' title='bbox 567 837 655 894; x_wconf 85' lang='grc' dir='ltr'>ὑπ’</span> <span class='ocrx_word' id='word_1_84' title='bbox 710 838 806 912; x_wconf 63' lang='grc' dir='ltr'>ἐμὲ</span> <span class='ocrx_word' id='word_1_85' title='bbox 862 835 1044 914; x_wconf 79' lang='grc' dir='ltr'>κλήρῳ</span> <span class='ocrx_word' id='word_1_86' title='bbox 1088 831 1438 912; x_wconf 77' lang='grc' dir='ltr'>ἐγκαταλὲξας</span> <span class='ocrx_word' id='word_1_87' title='bbox 1494 837 1570 906; x_wconf 84' lang='grc' dir='ltr'>τῷ</span> <span class='ocrx_word' id='word_1_88' title='bbox 1629 833 1710 912; x_wconf 61' lang='grc' dir='ltr'>ἂρ)</span> 
     </span>
    </p>
   </div>
   <div class='ocr_carea' id='block_1_13' title="bbox 1998 831 3545 914">
    <p class='ocr_par' dir='ltr' id='par_1_13' title="bbox 1998 833 3545 913">
     <span class='ocr_line' id='line_1_13' title="bbox 1998 833 3545 913; baseline 0.006 -19"><span class='ocrx_word' id='word_1_89' title='bbox 1998 833 2422 896; x_wconf 86' lang='lat' dir='ltr'>archidiaconi</span> <span class='ocrx_word' id='word_1_90' title='bbox 2471 835 2590 897; x_wconf 90' lang='lat' dir='ltr'><strong>mei</strong></span> <span class='ocrx_word' id='word_1_91' title='bbox 2649 835 2826 897; x_wconf 82' lang='lat' dir='ltr'>Iidem</span> <span class='ocrx_word' id='word_1_92' title='bbox 2876 838 3206 913; x_wconf 87' lang='lat' dir='ltr'>committo,</span> <span class='ocrx_word' id='word_1_93' title='bbox 3255 841 3545 903; x_wconf 88' lang='lat' dir='ltr'>mandans</span> 
     </span>
    </p>
   </div>
   <div class='ocr_carea' id='block_1_14' title="bbox 161 923 1708 1009">
    <p class='ocr_par' dir='ltr' id='par_1_14' title="bbox 161 923 1708 1002">
     <span class='ocr_line' id='line_1_14' title="bbox 161 923 1708 1002; baseline -0.002 -22"><span class='ocrx_word' id='word_1_94' title='bbox 161 923 377 998; x_wconf 77' lang='grc' dir='ltr'>διακόνῳ</span> <span class='ocrx_word' id='word_1_95' title='bbox 422 947 525 998; x_wconf 88' lang='grc' dir='ltr'>μου</span> <span class='ocrx_word' id='word_1_96' title='bbox 566 926 918 1002; x_wconf 83' lang='grc' dir='ltr'>παρατίθημι,</span> <span class='ocrx_word' id='word_1_97' title='bbox 979 923 1151 1002; x_wconf 78' lang='grc' dir='ltr'>ἄκρως</span> <span class='ocrx_word' id='word_1_98' title='bbox 1197 923 1352 980; x_wconf 69' lang='grc' dir='ltr'>αὐτὸν</span> <span class='ocrx_word' id='word_1_99' title='bbox 1408 924 1475 979; x_wconf 81' lang='grc' dir='ltr'>τὰ</span> <span class='ocrx_word' id='word_1_100' title='bbox 1515 923 1608 989; x_wconf 75' lang='grc' dir='ltr'>τῆς</span> <span class='ocrx_word' id='word_1_101' title='bbox 1653 929 1708 1000; x_wconf 70' lang='grc' dir='ltr'>Γε</span> 
     </span>
    </p>
   </div>
   <div class='ocr_carea' id='block_1_15' title="bbox 1997 923 3544 1009">
    <p class='ocr_par' dir='ltr' id='par_1_15' title="bbox 1997 923 3544 1009">
     <span class='ocr_line' id='line_1_15' title="bbox 1997 923 3544 1009; baseline 0.006 -27"><span class='ocrx_word' id='word_1_102' title='bbox 1997 939 2172 1000; x_wconf 92' lang='lat' dir='ltr'>quam</span> <span class='ocrx_word' id='word_1_103' title='bbox 2214 923 2501 986; x_wconf 84' lang='lat' dir='ltr'>celeriter</span> <span class='ocrx_word' id='word_1_104' title='bbox 2531 923 2664 985; x_wconf 86' lang='lat' dir='ltr'>ﬁeri</span> <span class='ocrx_word' id='word_1_105' title='bbox 2697 932 2920 1004; x_wconf 83' lang='lat' dir='ltr'>posset,</span> <span class='ocrx_word' id='word_1_106' title='bbox 2951 925 3012 986; x_wconf 90' lang='lat' dir='ltr'>in</span> <span class='ocrx_word' id='word_1_107' title='bbox 3044 926 3300 988; x_wconf 84' lang='lat' dir='ltr'>divinam</span> <span class='ocrx_word' id='word_1_108' title='bbox 3351 928 3544 1009; x_wconf 81' lang='lat' dir='ltr'>legem</span> 
     </span>
    </p>
   </div>
   <div class='ocr_carea' id='block_1_16' title="bbox 163 1011 1710 1093">
    <p class='ocr_par' dir='ltr' id='par_1_16' title="bbox 163 1011 1666 1093">
     <span class='ocr_line' id='line_1_16' title="bbox 163 1011 1666 1093; baseline 0.001 -25"><span class='ocrx_word' id='word_1_109' title='bbox 163 1016 257 1093; x_wconf 70' lang='grc' dir='ltr'>φῆς</span> <span class='ocrx_word' id='word_1_110' title='bbox 353 1013 650 1080; x_wconf 74' lang='grc' dir='ltr'>ἐκπονῆσαι</span> <span class='ocrx_word' id='word_1_111' title='bbox 738 1012 823 1070; x_wconf 73' lang='grc' dir='ltr'>διὰ</span> <span class='ocrx_word' id='word_1_112' title='bbox 899 1012 1110 1092; x_wconf 82' lang='grc' dir='ltr'>ταχέων</span> <span class='ocrx_word' id='word_1_113' title='bbox 1194 1011 1666 1090; x_wconf 53' lang='grc' dir='ltr'>ἐγκελευσάμενος</span> 
     </span>
    </p>
   </div>
   <div class='ocr_carea' id='block_1_17' title="bbox 1997 1011 3544 1093">
    <p class='ocr_par' dir='ltr' id='par_1_17' title="bbox 1997 1012 3544 1087">
     <span class='ocr_line' id='line_1_17' title="bbox 1997 1012 3544 1087; baseline 0.006 -15"><span class='ocrx_word' id='word_1_114' title='bbox 1997 1019 2168 1072; x_wconf 85' lang='lat' dir='ltr'>urate</span> <span class='ocrx_word' id='word_1_115' title='bbox 2230 1012 2636 1076; x_wconf 86' lang='lat' dir='ltr'>incumberet.</span> <span class='ocrx_word' id='word_1_116' title='bbox 2698 1014 2813 1087; x_wconf 87' lang='lat' dir='ltr'>Qui</span> <span class='ocrx_word' id='word_1_117' title='bbox 2871 1014 2954 1077; x_wconf 89' lang='lat' dir='ltr'>ita</span> <span class='ocrx_word' id='word_1_118' title='bbox 2987 1023 3108 1077; x_wconf 92' lang='lat' dir='ltr'>tum</span> <span class='ocrx_word' id='word_1_119' title='bbox 3168 1025 3379 1080; x_wconf 82' lang='lat' dir='ltr'>natura</span> <span class='ocrx_word' id='word_1_120' title='bbox 3433 1020 3544 1081; x_wconf 80' lang='lat' dir='ltr'>ad-</span> 
     </span>
    </p>
   </div>
   <div class='ocr_carea' id='block_1_18' title="bbox 163 1100 1710 1182">
    <p class='ocr_par' dir='ltr' id='par_1_18' title="bbox 163 1100 1696 1181">
     <span class='ocr_line' id='line_1_18' title="bbox 163 1100 1696 1181; baseline -0.001 -23"><span class='ocrx_word' id='word_1_121' title='bbox 163 1103 290 1159; x_wconf 66' lang='grc' dir='ltr'>οῧτω</span> <span class='ocrx_word' id='word_1_122' title='bbox 331 1104 484 1181; x_wconf 74' lang='grc' dir='ltr'>φύσει</span> <span class='ocrx_word' id='word_1_123' title='bbox 534 1125 592 1160; x_wconf 85' lang='grc' dir='ltr'>τε</span> <span class='ocrx_word' id='word_1_124' title='bbox 638 1107 725 1160; x_wconf 76' lang='grc' dir='ltr'>καὶ</span> <span class='ocrx_word' id='word_1_125' title='bbox 777 1101 979 1179; x_wconf 80' lang='grc' dir='ltr'>σπουδῇ</span> <span class='ocrx_word' id='word_1_126' title='bbox 1022 1100 1106 1158; x_wconf 80' lang='grc' dir='ltr'>διὰ</span> <span class='ocrx_word' id='word_1_127' title='bbox 1147 1103 1359 1158; x_wconf 82' lang='grc' dir='ltr'>πάντων</span> <span class='ocrx_word' id='word_1_128' title='bbox 1398 1100 1696 1176; x_wconf 76' lang='grc' dir='ltr'>ἐξέλαμψεν</span> 
     </span>
    </p>
   </div>
   <div class='ocr_carea' id='block_1_19' title="bbox 2001 1100 3548 1182">
    <p class='ocr_par' dir='ltr' id='par_1_19' title="bbox 2001 1101 3548 1182">
     <span class='ocr_line' id='line_1_19' title="bbox 2001 1101 3548 1182; baseline 0.006 -21"><span class='ocrx_word' id='word_1_129' title='bbox 2001 1119 2079 1175; x_wconf 78' lang='lat' dir='ltr'>is,</span> <span class='ocrx_word' id='word_1_130' title='bbox 2114 1108 2236 1162; x_wconf 85' lang='lat' dir='ltr'>tum</span> <span class='ocrx_word' id='word_1_131' title='bbox 2293 1102 2511 1182; x_wconf 89' lang='lat' dir='ltr'>studio,</span> <span class='ocrx_word' id='word_1_132' title='bbox 2550 1101 2720 1164; x_wconf 87' lang='lat' dir='ltr'>brevi</span> <span class='ocrx_word' id='word_1_133' title='bbox 2751 1109 2810 1164; x_wconf 92' lang='lat' dir='ltr'>in</span> <span class='ocrx_word' id='word_1_134' title='bbox 2865 1103 3140 1167; x_wconf 90' lang='lat' dir='ltr'>omnibus</span> <span class='ocrx_word' id='word_1_135' title='bbox 3172 1108 3355 1169; x_wconf 80' lang='lat' dir='ltr'>evasit</span> <span class='ocrx_word' id='word_1_136' title='bbox 3402 1128 3548 1170; x_wconf 93' lang='lat' dir='ltr'>con-</span> 
     </span>
    </p>
   </div>
   <div class='ocr_carea' id='block_1_20' title="bbox 161 1189 1708 1270">
    <p class='ocr_par' dir='ltr' id='par_1_20' title="bbox 161 1189 1708 1270">
     <span class='ocr_line' id='line_1_20' title="bbox 161 1189 1708 1270; baseline -0.001 -23"><span class='ocrx_word' id='word_1_137' title='bbox 161 1194 375 1270; x_wconf 77' lang='grc' dir='ltr'>βραχεῖ,</span> <span class='ocrx_word' id='word_1_138' title='bbox 410 1194 484 1254; x_wconf 82' lang='grc' dir='ltr'>ὡς</span> <span class='ocrx_word' id='word_1_139' title='bbox 528 1189 732 1267; x_wconf 75' lang='grc' dir='ltr'>μηδένα</span> <span class='ocrx_word' id='word_1_140' title='bbox 789 1191 1122 1270; x_wconf 75' lang='grc' dir='ltr'>παράμιλλον</span> <span class='ocrx_word' id='word_1_141' title='bbox 1181 1195 1321 1266; x_wconf 79' lang='grc' dir='ltr'>αῦτῷ</span> <span class='ocrx_word' id='word_1_142' title='bbox 1371 1189 1488 1247; x_wconf 80' lang='grc' dir='ltr'>καθ’</span> <span class='ocrx_word' id='word_1_143' title='bbox 1539 1191 1640 1259; x_wconf 80' lang='grc' dir='ltr'>ὅλη</span> <span class='ocrx_word' id='word_1_144' title='bbox 1705 1216 1708 1227; x_wconf 62' lang='grc' dir='ltr'><strong><em>λ</em></strong></span> 
     </span>
    </p>
   </div>
   <div class='ocr_carea' id='block_1_21' title="bbox 2001 1189 3548 1270">
    <p class='ocr_par' dir='ltr' id='par_1_21' title="bbox 2001 1191 3548 1270">
     <span class='ocr_line' id='line_1_21' title="bbox 2001 1191 3548 1270; baseline 0.005 -20"><span class='ocrx_word' id='word_1_145' title='bbox 2001 1208 2157 1269; x_wconf 79' lang='lat' dir='ltr'>:uus,</span> <span class='ocrx_word' id='word_1_146' title='bbox 2218 1197 2278 1251; x_wconf 90' lang='lat' dir='ltr'>ut</span> <span class='ocrx_word' id='word_1_147' title='bbox 2338 1209 2515 1250; x_wconf 91' lang='lat' dir='ltr'>nemo</span> <span class='ocrx_word' id='word_1_148' title='bbox 2567 1208 2674 1270; x_wconf 90' lang='lat' dir='ltr'>per</span> <span class='ocrx_word' id='word_1_149' title='bbox 2734 1191 3076 1254; x_wconf 87' lang='lat' dir='ltr'>universam</span> <span class='ocrx_word' id='word_1_150' title='bbox 3140 1194 3404 1257; x_wconf 88' lang='lat' dir='ltr'>Siciliam</span> <span class='ocrx_word' id='word_1_151' title='bbox 3461 1197 3548 1258; x_wconf 91' lang='lat' dir='ltr'><strong>illi</strong></span> 
     </span>
    </p>
   </div>
   <div class='ocr_carea' id='block_1_22' title="bbox 167 1279 1714 1362">
    <p class='ocr_par' dir='ltr' id='par_1_22' title="bbox 167 1279 1714 1357">
     <span class='ocr_line' id='line_1_22' title="bbox 167 1279 1714 1357; baseline -0.001 -21"><span class='ocrx_word' id='word_1_152' title='bbox 167 1281 393 1336; x_wconf 75' lang='grc' dir='ltr'>Σικελῶν</span> <span class='ocrx_word' id='word_1_153' title='bbox 456 1283 803 1357; x_wconf 79' lang='grc' dir='ltr'>εὑρίσκεσθαι.</span> <span class='ocrx_word' id='word_1_154' title='bbox 863 1291 1024 1343; x_wconf 87' lang='grc' dir='ltr'>Οῦτος</span> <span class='ocrx_word' id='word_1_155' title='bbox 1076 1289 1164 1338; x_wconf 89' lang='grc' dir='ltr'>οῦν</span> <span class='ocrx_word' id='word_1_156' title='bbox 1199 1283 1226 1336; x_wconf 87' lang='grc' dir='ltr'>ὁ</span> <span class='ocrx_word' id='word_1_157' title='bbox 1284 1293 1414 1344; x_wconf 71' lang='grc' dir='ltr'>παῖς</span> <span class='ocrx_word' id='word_1_158' title='bbox 1463 1279 1576 1336; x_wconf 78' lang='grc' dir='ltr'>εἴτε</span> <span class='ocrx_word' id='word_1_159' title='bbox 1628 1279 1714 1347; x_wconf 29' lang='grc' dir='ltr'>δαί,</span> 
     </span>
    </p>
   </div>
   <div class='ocr_carea' id='block_1_23' title="bbox 1997 1279 3544 1362">
    <p class='ocr_par' dir='ltr' id='par_1_23' title="bbox 1997 1279 3544 1362">
     <span class='ocr_line' id='line_1_23' title="bbox 1997 1279 3544 1362; baseline 0.006 -24"><span class='ocrx_word' id='word_1_160' title='bbox 1997 1279 2330 1358; x_wconf 89' lang='lat' dir='ltr'>nparandus</span> <span class='ocrx_word' id='word_1_161' title='bbox 2385 1279 2777 1344; x_wconf 85' lang='lat' dir='ltr'>inveniretur.</span> <span class='ocrx_word' id='word_1_162' title='bbox 2814 1280 3016 1362; x_wconf 88' lang='lat' dir='ltr'>Itaque</span> <span class='ocrx_word' id='word_1_163' title='bbox 3072 1301 3218 1362; x_wconf 91' lang='lat' dir='ltr'>puer</span> <span class='ocrx_word' id='word_1_164' title='bbox 3263 1286 3360 1347; x_wconf 88' lang='lat' dir='ltr'>vel</span> <span class='ocrx_word' id='word_1_165' title='bbox 3417 1286 3544 1348; x_wconf 72' lang='grc' dir='ltr'>ἀω-</span> 
     </span>
    </p>
   </div>
   <div class='ocr_carea' id='block_1_24' title="bbox 169 1367 1716 1454">
    <p class='ocr_par' dir='ltr' id='par_1_24' title="bbox 169 1370 1716 1450">
     <span class='ocr_line' id='line_1_24' title="bbox 169 1370 1716 1450; baseline -0.002 -24"><span class='ocrx_word' id='word_1_166' title='bbox 169 1393 246 1432; x_wconf 79' lang='grc' dir='ltr'>νος</span> <span class='ocrx_word' id='word_1_167' title='bbox 301 1371 587 1445; x_wconf 76' lang='grc' dir='ltr'>βασκανίᾳ,</span> <span class='ocrx_word' id='word_1_168' title='bbox 632 1371 668 1439; x_wconf 74' lang='grc' dir='ltr'>ἢ</span> <span class='ocrx_word' id='word_1_169' title='bbox 711 1370 806 1426; x_wconf 72' lang='grc' dir='ltr'>οὒκ</span> <span class='ocrx_word' id='word_1_170' title='bbox 863 1370 966 1426; x_wconf 79' lang='grc' dir='ltr'>οἷδ’</span> <span class='ocrx_word' id='word_1_171' title='bbox 1025 1371 1178 1441; x_wconf 75' lang='grc' dir='ltr'>ὁποίᾳ</span> <span class='ocrx_word' id='word_1_172' title='bbox 1235 1371 1378 1449; x_wconf 78' lang='grc' dir='ltr'>τύχῃ</span> <span class='ocrx_word' id='word_1_173' title='bbox 1439 1371 1716 1450; x_wconf 76' lang='grc' dir='ltr'>χρι,σάμεν</span> 
     </span>
    </p>
   </div>
   <div class='ocr_carea' id='block_1_25' title="bbox 1997 1367 3544 1454">
    <p class='ocr_par' dir='ltr' id='par_1_25' title="bbox 1999 1367 3544 1454">
     <span class='ocr_line' id='line_1_25' title="bbox 1999 1367 3544 1454; baseline 0.007 -27"><span class='ocrx_word' id='word_1_174' title='bbox 1999 1367 2090 1429; x_wconf 91' lang='lat' dir='ltr'>nis</span> <span class='ocrx_word' id='word_1_175' title='bbox 2151 1367 2391 1443; x_wconf 83' lang='lat' dir='ltr'>invidia,</span> <span class='ocrx_word' id='word_1_176' title='bbox 2427 1369 2519 1430; x_wconf 86' lang='lat' dir='ltr'><strong>vel</strong></span> <span class='ocrx_word' id='word_1_177' title='bbox 2553 1369 2757 1431; x_wconf 89' lang='lat' dir='ltr'>nescio</span> <span class='ocrx_word' id='word_1_178' title='bbox 2818 1389 2931 1450; x_wconf 89' lang='lat' dir='ltr'>qua</span> <span class='ocrx_word' id='word_1_179' title='bbox 2960 1372 3136 1432; x_wconf 88' lang='lat' dir='ltr'>sortis</span> <span class='ocrx_word' id='word_1_180' title='bbox 3180 1374 3544 1454; x_wconf 76' lang='lat' dir='ltr'>malignitate</span> 
     </span>
    </p>
   </div>
   <div class='ocr_carea' id='block_1_26' title="bbox 173 1456 1720 1542">
    <p class='ocr_par' dir='ltr' id='par_1_26' title="bbox 173 1457 1720 1540">
     <span class='ocr_line' id='line_1_26' title="bbox 173 1457 1720 1540; baseline 0.001 -25"><span class='ocrx_word' id='word_1_181' title='bbox 173 1458 413 1538; x_wconf 52' lang='grc' dir='ltr'>αἰφνίδιον</span> <span class='ocrx_word' id='word_1_182' title='bbox 467 1460 676 1540; x_wconf 60' lang='grc' dir='ltr'>ἀφανὴς</span> <span class='ocrx_word' id='word_1_183' title='bbox 732 1461 956 1535; x_wconf 85' lang='grc' dir='ltr'>γίνεται,</span> <span class='ocrx_word' id='word_1_184' title='bbox 1015 1457 1241 1534; x_wconf 82' lang='grc' dir='ltr'>μηδενὸς</span> <span class='ocrx_word' id='word_1_185' title='bbox 1297 1464 1438 1534; x_wconf 83' lang='grc' dir='ltr'>αῦτῷ</span> <span class='ocrx_word' id='word_1_186' title='bbox 1493 1462 1551 1516; x_wconf 77' lang='grc' dir='ltr'>τὸ</span> <span class='ocrx_word' id='word_1_187' title='bbox 1609 1473 1720 1534; x_wconf 77' lang='grc' dir='ltr'>συμι</span> 
     </span>
    </p>
   </div>
   <div class='ocr_carea' id='block_1_27' title="bbox 1997 1456 3544 1542">
    <p class='ocr_par' dir='ltr' id='par_1_27' title="bbox 1997 1456 3544 1542">
     <span class='ocr_line' id='line_1_27' title="bbox 1997 1456 3544 1542; baseline 0.007 -27"><span class='ocrx_word' id='word_1_188' title='bbox 1997 1473 2062 1536; x_wconf 76' lang='grc' dir='ltr'>ιε,</span> <span class='ocrx_word' id='word_1_189' title='bbox 2100 1456 2290 1518; x_wconf 90' lang='lat' dir='ltr'>oculis</span> <span class='ocrx_word' id='word_1_190' title='bbox 2347 1457 2570 1520; x_wconf 87' lang='lat' dir='ltr'>nostris</span> <span class='ocrx_word' id='word_1_191' title='bbox 2600 1467 2850 1538; x_wconf 85' lang='lat' dir='ltr'>repente</span> <span class='ocrx_word' id='word_1_192' title='bbox 2901 1458 3144 1535; x_wconf 90' lang='lat' dir='ltr'>tollitur,</span> <span class='ocrx_word' id='word_1_193' title='bbox 3179 1480 3288 1524; x_wconf 91' lang='lat' dir='ltr'>nec</span> <span class='ocrx_word' id='word_1_194' title='bbox 3340 1472 3544 1542; x_wconf 88' lang='lat' dir='ltr'>postea</span> 
     </span>
    </p>
   </div>
   <div class='ocr_carea' id='block_1_28' title="bbox 179 1545 1726 1632">
    <p class='ocr_par' dir='ltr' id='par_1_28' title="bbox 179 1548 1726 1628">
     <span class='ocr_line' id='line_1_28' title="bbox 179 1548 1726 1628; baseline -0.001 -23"><span class='ocrx_word' id='word_1_195' title='bbox 179 1548 486 1620; x_wconf 71' lang='grc' dir='ltr'>συνειδότος,</span> <span class='ocrx_word' id='word_1_196' title='bbox 522 1551 599 1624; x_wconf 80' lang='grc' dir='ltr'>μή</span> <span class='ocrx_word' id='word_1_197' title='bbox 631 1572 686 1605; x_wconf 81' lang='grc' dir='ltr'>τε</span> <span class='ocrx_word' id='word_1_198' title='bbox 718 1550 824 1623; x_wconf 72' lang='grc' dir='ltr'>μὴν</span> <span class='ocrx_word' id='word_1_199' title='bbox 871 1549 996 1628; x_wconf 69' lang='grc' dir='ltr'>ἄχρι</span> <span class='ocrx_word' id='word_1_200' title='bbox 1056 1550 1142 1604; x_wconf 86' lang='grc' dir='ltr'>καὶ</span> <span class='ocrx_word' id='word_1_201' title='bbox 1197 1551 1430 1626; x_wconf 75' lang='grc' dir='ltr'>τήμερον</span> <span class='ocrx_word' id='word_1_202' title='bbox 1486 1551 1558 1613; x_wconf 77' lang='grc' dir='ltr'>εἰς</span> <span class='ocrx_word' id='word_1_203' title='bbox 1618 1555 1726 1626; x_wconf 80' lang='grc' dir='ltr'>γνῶ</span> 
     </span>
    </p>
   </div>
   <div class='ocr_carea' id='block_1_29' title="bbox 1998 1545 3545 1632">
    <p class='ocr_par' dir='ltr' id='par_1_29' title="bbox 2005 1545 3545 1632">
     <span class='ocr_line' id='line_1_29' title="bbox 2005 1545 3545 1632; baseline 0.004 -23"><span class='ocrx_word' id='word_1_204' title='bbox 2005 1553 2058 1609; x_wconf 86' lang='lat' dir='ltr'>ta</span> <span class='ocrx_word' id='word_1_205' title='bbox 2089 1545 2222 1626; x_wconf 86' lang='lat' dir='ltr'>ejus</span> <span class='ocrx_word' id='word_1_206' title='bbox 2281 1546 2582 1608; x_wconf 85' lang='lat' dir='ltr'>calamitas</span> <span class='ocrx_word' id='word_1_207' title='bbox 2617 1548 2802 1609; x_wconf 87' lang='lat' dir='ltr'>cuivis</span> <span class='ocrx_word' id='word_1_208' title='bbox 2839 1549 3126 1629; x_wconf 84' lang='lat' dir='ltr'>innotuit,</span> <span class='ocrx_word' id='word_1_209' title='bbox 3163 1569 3356 1632; x_wconf 88' lang='lat' dir='ltr'>neque</span> <span class='ocrx_word' id='word_1_210' title='bbox 3401 1571 3545 1616; x_wconf 88' lang='lat' dir='ltr'>sane</span> 
     </span>
    </p>
   </div>
   <div class='ocr_carea' id='block_1_30' title="bbox 175 1634 1722 1717">
    <p class='ocr_par' dir='ltr' id='par_1_30' title="bbox 175 1637 1722 1715">
     <span class='ocr_line' id='line_1_30' title="bbox 175 1637 1722 1715; baseline 0.001 -23"><span class='ocrx_word' id='word_1_211' title='bbox 175 1638 508 1715; x_wconf 55' lang='grc' dir='ltr'>ἀρικομὲνοοο</span> <span class='ocrx_word' id='word_1_212' title='bbox 572 1638 746 1695; x_wconf 74' lang='grc' dir='ltr'>πολλὰ</span> <span class='ocrx_word' id='word_1_213' title='bbox 802 1637 856 1693; x_wconf 75' lang='grc' dir='ltr'>δὲ</span> <span class='ocrx_word' id='word_1_214' title='bbox 913 1640 999 1694; x_wconf 87' lang='grc' dir='ltr'>καὶ</span> <span class='ocrx_word' id='word_1_215' title='bbox 1061 1638 1154 1706; x_wconf 74' lang='grc' dir='ltr'>τὴν</span> <span class='ocrx_word' id='word_1_216' title='bbox 1194 1644 1354 1705; x_wconf 80' lang='grc' dir='ltr'>νῆσον</span> <span class='ocrx_word' id='word_1_217' title='bbox 1425 1645 1602 1694; x_wconf 74' lang='grc' dir='ltr'>πᾶσαν</span> <span class='ocrx_word' id='word_1_218' title='bbox 1665 1661 1722 1694; x_wconf 87' lang='grc' dir='ltr'>πε</span> 
     </span>
    </p>
   </div>
   <div class='ocr_carea' id='block_1_31' title="bbox 1997 1634 3544 1717">
    <p class='ocr_par' dir='ltr' id='par_1_31' title="bbox 2001 1634 3544 1717">
     <span class='ocr_line' id='line_1_31' title="bbox 2001 1634 3544 1717; baseline 0.004 -23"><span class='ocrx_word' id='word_1_219' title='bbox 2001 1634 2217 1714; x_wconf 90' lang='lat' dir='ltr'>dquam</span> <span class='ocrx_word' id='word_1_220' title='bbox 2252 1635 2326 1696; x_wconf 85' lang='lat' dir='ltr'>de</span> <span class='ocrx_word' id='word_1_221' title='bbox 2370 1635 2471 1696; x_wconf 91' lang='lat' dir='ltr'>illo</span> <span class='ocrx_word' id='word_1_222' title='bbox 2505 1637 2567 1696; x_wconf 90' lang='lat' dir='ltr'>in</span> <span class='ocrx_word' id='word_1_223' title='bbox 2614 1637 2774 1699; x_wconf 88' lang='lat' dir='ltr'>hunc</span> <span class='ocrx_word' id='word_1_224' title='bbox 2828 1655 3014 1717; x_wconf 91' lang='lat' dir='ltr'>usque</span> <span class='ocrx_word' id='word_1_225' title='bbox 3063 1637 3220 1700; x_wconf 91' lang='lat' dir='ltr'>diem</span> <span class='ocrx_word' id='word_1_226' title='bbox 3252 1639 3426 1701; x_wconf 88' lang='lat' dir='ltr'>nobis</span> <span class='ocrx_word' id='word_1_227' title='bbox 3456 1649 3544 1702; x_wconf 88' lang='lat' dir='ltr'>est</span> 
     </span>
    </p>
   </div>
   <div class='ocr_carea' id='block_1_32' title="bbox 177 1723 1724 1808">
    <p class='ocr_par' dir='ltr' id='par_1_32' title="bbox 177 1727 1724 1808">
     <span class='ocr_line' id='line_1_32' title="bbox 177 1727 1724 1808; baseline 0 -25"><span class='ocrx_word' id='word_1_228' title='bbox 177 1728 405 1808; x_wconf 70' lang='grc' dir='ltr'>ελθόντες</span> <span class='ocrx_word' id='word_1_229' title='bbox 449 1727 596 1784; x_wconf 73' lang='grc' dir='ltr'>οὖδέν</span> <span class='ocrx_word' id='word_1_230' title='bbox 639 1751 689 1784; x_wconf 89' lang='grc' dir='ltr'>τι</span> <span class='ocrx_word' id='word_1_231' title='bbox 731 1727 893 1785; x_wconf 73' lang='grc' dir='ltr'>πλέον</span> <span class='ocrx_word' id='word_1_232' title='bbox 937 1730 1108 1804; x_wconf 73' lang='grc' dir='ltr'>εὕρεϊν</span> <span class='ocrx_word' id='word_1_233' title='bbox 1150 1728 1185 1795; x_wconf 70' lang='grc' dir='ltr'>ἢ</span> <span class='ocrx_word' id='word_1_234' title='bbox 1230 1732 1420 1803; x_wconf 80' lang='grc' dir='ltr'>μαθεῖν</span> <span class='ocrx_word' id='word_1_235' title='bbox 1467 1727 1604 1790; x_wconf 82' lang='grc' dir='ltr'>ὅλως</span> <span class='ocrx_word' id='word_1_236' title='bbox 1649 1732 1724 1808; x_wconf 73' lang='grc' dir='ltr'>ἱσ)</span> 
     </span>
    </p>
   </div>
   <div class='ocr_carea' id='block_1_33' title="bbox 2000 1723 3547 1808">
    <p class='ocr_par' dir='ltr' id='par_1_33' title="bbox 2000 1723 3547 1806">
     <span class='ocr_line' id='line_1_33' title="bbox 2000 1723 3547 1806; baseline 0.005 -22"><span class='ocrx_word' id='word_1_237' title='bbox 2000 1723 2222 1800; x_wconf 73' lang='grc' dir='ltr'>ιύἰιυιῐι;</span> <span class='ocrx_word' id='word_1_238' title='bbox 2248 1734 2572 1806; x_wconf 83' lang='lat' dir='ltr'>utcumque</span> <span class='ocrx_word' id='word_1_239' title='bbox 2606 1726 2942 1788; x_wconf 88' lang='lat' dir='ltr'>universam</span> <span class='ocrx_word' id='word_1_240' title='bbox 2970 1726 3239 1789; x_wconf 90' lang='lat' dir='ltr'>Siciliam</span> <span class='ocrx_word' id='word_1_241' title='bbox 3275 1729 3374 1791; x_wconf 91' lang='lat' dir='ltr'>diu</span> <span class='ocrx_word' id='word_1_242' title='bbox 3395 1730 3547 1791; x_wconf 86' lang='lat' dir='ltr'>mul-</span> 
     </span>
    </p>
   </div>
   <div class='ocr_carea' id='block_1_34' title="bbox 175 1802 1722 1897">
    <p class='ocr_par' dir='ltr' id='par_1_34' title="bbox 175 1802 1722 1897">
     <span class='ocr_line' id='line_1_34' title="bbox 175 1802 1722 1897; baseline -0.002 -22"><span class='ocrx_word' id='word_1_243' title='bbox 175 1841 347 1893; x_wconf 79' lang='grc' dir='ltr'>σαμεν,</span> <span class='ocrx_word' id='word_1_244' title='bbox 383 1802 629 1897; x_wconf 62' lang='grc' dir='ltr'>ηΕχομεν</span> <span class='ocrx_word' id='word_1_245' title='bbox 676 1824 764 1873; x_wconf 78' lang='grc' dir='ltr'>οῦν</span> <span class='ocrx_word' id='word_1_246' title='bbox 809 1821 894 1874; x_wconf 81' lang='grc' dir='ltr'>καὶ</span> <span class='ocrx_word' id='word_1_247' title='bbox 937 1820 1101 1892; x_wconf 80' lang='grc' dir='ltr'>ἡμετς</span> <span class='ocrx_word' id='word_1_248' title='bbox 1135 1818 1232 1884; x_wconf 78' lang='grc' dir='ltr'>τὴν</span> <span class='ocrx_word' id='word_1_249' title='bbox 1277 1819 1393 1895; x_wconf 86' lang='grc' dir='ltr'>περὶ</span> <span class='ocrx_word' id='word_1_250' title='bbox 1436 1820 1592 1874; x_wconf 76' lang='grc' dir='ltr'>αὐτοῦ</span> <span class='ocrx_word' id='word_1_251' title='bbox 1630 1816 1722 1874; x_wconf 64' lang='grc' dir='ltr'>λύῃ</span> 
     </span>
    </p>
   </div>
   <div class='ocr_carea' id='block_1_35' title="bbox 1994 1802 3541 1897">
    <p class='ocr_par' dir='ltr' id='par_1_35' title="bbox 1994 1802 3541 1896">
     <span class='ocr_line' id='line_1_35' title="bbox 1994 1802 3541 1896; baseline 0.003 -23"><span class='ocrx_word' id='word_1_252' title='bbox 1994 1830 2143 1891; x_wconf 77' lang='lat' dir='ltr'>rique</span> <span class='ocrx_word' id='word_1_253' title='bbox 2199 1802 2552 1888; x_wconf 79' lang='lat' dir='ltr'>obierimus,</span> <span class='ocrx_word' id='word_1_254' title='bbox 2586 1814 2771 1876; x_wconf 91' lang='lat' dir='ltr'>nihilo</span> <span class='ocrx_word' id='word_1_255' title='bbox 2833 1815 2964 1896; x_wconf 89' lang='lat' dir='ltr'>plus</span> <span class='ocrx_word' id='word_1_256' title='bbox 2996 1816 3266 1878; x_wconf 91' lang='lat' dir='ltr'>invenire</span> <span class='ocrx_word' id='word_1_257' title='bbox 3319 1826 3418 1879; x_wconf 87' lang='lat' dir='ltr'>aut</span> <span class='ocrx_word' id='word_1_258' title='bbox 3446 1819 3541 1880; x_wconf 87' lang='lat' dir='ltr'>di-</span> 
     </span>
    </p>
   </div>
   <div class='ocr_carea' id='block_1_36' title="bbox 175 1903 1722 1986">
    <p class='ocr_par' dir='ltr' id='par_1_36' title="bbox 175 1905 1722 1986">
     <span class='ocr_line' id='line_1_36' title="bbox 175 1905 1722 1986; baseline -0.001 -23"><span class='ocrx_word' id='word_1_259' title='bbox 175 1908 574 1984; x_wconf 70' lang='grc' dir='ltr'>ἀπαρηγόρητον</span> <span class='ocrx_word' id='word_1_260' title='bbox 634 1905 801 1980; x_wconf 74' lang='grc' dir='ltr'>μηδὲν</span> <span class='ocrx_word' id='word_1_261' title='bbox 863 1909 994 1981; x_wconf 78' lang='grc' dir='ltr'>ἡμῖν</span> <span class='ocrx_word' id='word_1_262' title='bbox 1058 1905 1294 1973; x_wconf 77' lang='grc' dir='ltr'>δηλῶσαι</span> <span class='ocrx_word' id='word_1_263' title='bbox 1354 1907 1515 1986; x_wconf 75' lang='grc' dir='ltr'>μέχρι</span> <span class='ocrx_word' id='word_1_264' title='bbox 1572 1909 1660 1964; x_wconf 82' lang='grc' dir='ltr'>καὶ</span> <span class='ocrx_word' id='word_1_265' title='bbox 1718 1932 1722 1943; x_wconf 89' lang='grc'>·</span> 
     </span>
    </p>
   </div>
   <div class='ocr_carea' id='block_1_37' title="bbox 1997 1903 3544 1986">
    <p class='ocr_par' dir='ltr' id='par_1_37' title="bbox 1997 1903 3544 1982">
     <span class='ocr_line' id='line_1_37' title="bbox 1997 1903 3544 1982; baseline 0.005 -20"><span class='ocrx_word' id='word_1_266' title='bbox 1997 1919 2061 1964; x_wconf 86' lang='lat' dir='ltr'>re</span> <span class='ocrx_word' id='word_1_267' title='bbox 2111 1903 2439 1982; x_wconf 91' lang='lat' dir='ltr'>quivimus.</span> <span class='ocrx_word' id='word_1_268' title='bbox 2503 1904 2798 1976; x_wconf 87' lang='lat' dir='ltr'>Quocirca</span> <span class='ocrx_word' id='word_1_269' title='bbox 2853 1924 2961 1966; x_wconf 91' lang='lat' dir='ltr'>nos</span> <span class='ocrx_word' id='word_1_270' title='bbox 3014 1903 3216 1966; x_wconf 91' lang='lat' dir='ltr'>itidem</span> <span class='ocrx_word' id='word_1_271' title='bbox 3272 1906 3544 1969; x_wconf 90' lang='lat' dir='ltr'>inconso-</span> 
     </span>
    </p>
   </div>
   <div class='ocr_carea' id='block_1_38' title="bbox 171 1987 1718 2073">
    <p class='ocr_par' dir='ltr' id='par_1_38' title="bbox 171 1991 1718 2071">
     <span class='ocr_line' id='line_1_38' title="bbox 171 1991 1718 2071; baseline -0.001 -20"><span class='ocrx_word' id='word_1_272' title='bbox 171 2005 255 2054; x_wconf 83' lang='grc' dir='ltr'>τοῦ</span> <span class='ocrx_word' id='word_1_273' title='bbox 323 1998 521 2071; x_wconf 78' lang='grc' dir='ltr'>ἀγαθοῦ</span> <span class='ocrx_word' id='word_1_274' title='bbox 594 2001 724 2052; x_wconf 88' lang='grc' dir='ltr'>Θεοῦ</span> <span class='ocrx_word' id='word_1_275' title='bbox 799 1991 1197 2064; x_wconf 78' lang='grc' dir='ltr'>εῦδοκήσαντος.</span> <span class='ocrx_word' id='word_1_276' title='bbox 1273 1995 1420 2052; x_wconf 73' lang='grc' dir='ltr'>Ἐπεὶ</span> <span class='ocrx_word' id='word_1_277' title='bbox 1477 1993 1530 2050; x_wconf 77' lang='grc' dir='ltr'>δὲ</span> <span class='ocrx_word' id='word_1_278' title='bbox 1604 1992 1718 2069; x_wconf 62' lang='grc' dir='ltr'>μᾶλί</span> 
     </span>
    </p>
   </div>
   <div class='ocr_carea' id='block_1_39' title="bbox 1994 1987 3541 2073">
    <p class='ocr_par' dir='ltr' id='par_1_39' title="bbox 1994 1987 3541 2073">
     <span class='ocr_line' id='line_1_39' title="bbox 1994 1987 3541 2073; baseline 0.004 -23"><span class='ocrx_word' id='word_1_279' title='bbox 1994 1990 2061 2051; x_wconf 90' lang='lat' dir='ltr'>ili</span> <span class='ocrx_word' id='word_1_280' title='bbox 2117 2010 2302 2073; x_wconf 84' lang='lat' dir='ltr'>prape</span> <span class='ocrx_word' id='word_1_281' title='bbox 2340 1991 2500 2054; x_wconf 90' lang='lat' dir='ltr'>illius</span> <span class='ocrx_word' id='word_1_282' title='bbox 2527 2011 2704 2055; x_wconf 91' lang='lat' dir='ltr'>causa</span> <span class='ocrx_word' id='word_1_283' title='bbox 2760 1993 2966 2056; x_wconf 91' lang='lat' dir='ltr'>dolore</span> <span class='ocrx_word' id='word_1_284' title='bbox 2996 1993 3354 2069; x_wconf 90' lang='lat' dir='ltr'>cruciamur,</span> <span class='ocrx_word' id='word_1_285' title='bbox 3389 1987 3541 2056; x_wconf 74' lang='lat' dir='ltr'>nihil</span> 
     </span>
    </p>
   </div>
   <div class='ocr_carea' id='block_1_40' title="bbox 173 2078 1720 2164">
    <p class='ocr_par' dir='ltr' id='par_1_40' title="bbox 173 2082 1718 2162">
     <span class='ocr_line' id='line_1_40' title="bbox 173 2082 1718 2162; baseline -0.001 -22"><span class='ocrx_word' id='word_1_286' title='bbox 173 2087 266 2140; x_wconf 74' lang='grc' dir='ltr'>τῶν</span> <span class='ocrx_word' id='word_1_287' title='bbox 324 2083 501 2140; x_wconf 71' lang='grc' dir='ltr'>ἄλλων</span> <span class='ocrx_word' id='word_1_288' title='bbox 552 2087 601 2140; x_wconf 82' lang='grc' dir='ltr'>αἱ</span> <span class='ocrx_word' id='word_1_289' title='bbox 644 2091 749 2140; x_wconf 79' lang='grc' dir='ltr'>τῶν</span> <span class='ocrx_word' id='word_1_290' title='bbox 781 2085 938 2140; x_wconf 71' lang='grc' dir='ltr'>αὐτοῦ</span> <span class='ocrx_word' id='word_1_291' title='bbox 986 2082 1231 2162; x_wconf 85' lang='grc' dir='ltr'>πατέρων</span> <span class='ocrx_word' id='word_1_292' title='bbox 1283 2085 1455 2162; x_wconf 80' lang='grc' dir='ltr'>ψυχαὶ</span> <span class='ocrx_word' id='word_1_293' title='bbox 1482 2090 1572 2139; x_wconf 90' lang='grc' dir='ltr'>τοῦ</span> <span class='ocrx_word' id='word_1_294' title='bbox 1614 2083 1718 2139; x_wconf 84' lang='grc' dir='ltr'>πάθ</span> 
     </span>
    </p>
   </div>
   <div class='ocr_carea' id='block_1_41' title="bbox 1991 2078 3538 2164">
    <p class='ocr_par' dir='ltr' id='par_1_41' title="bbox 1991 2079 3538 2164">
     <span class='ocr_line' id='line_1_41' title="bbox 1991 2079 3538 2164; baseline 0.004 -25"><span class='ocrx_word' id='word_1_295' title='bbox 1991 2081 2064 2140; x_wconf 78' lang='grc' dir='ltr'>›ἱε</span> <span class='ocrx_word' id='word_1_296' title='bbox 2095 2079 2385 2142; x_wconf 88' lang='lat' dir='ltr'>hactenus</span> <span class='ocrx_word' id='word_1_297' title='bbox 2431 2081 2586 2161; x_wconf 67' lang='lat' dir='ltr'>(quin</span> <span class='ocrx_word' id='word_1_298' title='bbox 2616 2080 2725 2143; x_wconf 90' lang='lat' dir='ltr'>Dei</span> <span class='ocrx_word' id='word_1_299' title='bbox 2755 2080 2890 2164; x_wconf 89' lang='lat' dir='ltr'>Opt.</span> <span class='ocrx_word' id='word_1_300' title='bbox 2924 2081 3074 2146; x_wconf 83' lang='lat' dir='ltr'>Max.</span> <span class='ocrx_word' id='word_1_301' title='bbox 3106 2084 3379 2146; x_wconf 87' lang='lat' dir='ltr'>voluntas</span> <span class='ocrx_word' id='word_1_302' title='bbox 3409 2085 3538 2164; x_wconf 79' lang='lat' dir='ltr'>fuit)</span> 
     </span>
    </p>
   </div>
   <div class='ocr_carea' id='block_1_42' title="bbox 174 2167 1721 2252">
    <p class='ocr_par' dir='ltr' id='par_1_42' title="bbox 174 2173 1719 2252">
     <span class='ocr_line' id='line_1_42' title="bbox 174 2173 1719 2252; baseline -0.002 -21"><span class='ocrx_word' id='word_1_303' title='bbox 174 2176 411 2249; x_wconf 68' lang='grc' dir='ltr'>ᾔσθοντο,</span> <span class='ocrx_word' id='word_1_304' title='bbox 485 2175 700 2252; x_wconf 87' lang='grc' dir='ltr'>πάρεισι</span> <span class='ocrx_word' id='word_1_305' title='bbox 775 2179 862 2229; x_wconf 88' lang='grc' dir='ltr'>νῦν</span> <span class='ocrx_word' id='word_1_306' title='bbox 923 2177 1232 2236; x_wconf 76' lang='grc' dir='ltr'>πενθοῦντες</span> <span class='ocrx_word' id='word_1_307' title='bbox 1290 2175 1376 2229; x_wconf 71' lang='grc' dir='ltr'>καὶ</span> <span class='ocrx_word' id='word_1_308' title='bbox 1440 2175 1540 2240; x_wconf 75' lang='grc' dir='ltr'>τὴν</span> <span class='ocrx_word' id='word_1_309' title='bbox 1611 2173 1719 2228; x_wconf 81' lang='grc' dir='ltr'>ἐκεί</span> 
     </span>
    </p>
   </div>
   <div class='ocr_carea' id='block_1_43' title="bbox 1996 2167 3543 2252">
    <p class='ocr_par' dir='ltr' id='par_1_43' title="bbox 1996 2167 3543 2236">
     <span class='ocr_line' id='line_1_43' title="bbox 1996 2167 3543 2236; baseline 0.006 -9"><span class='ocrx_word' id='word_1_310' title='bbox 1996 2167 2265 2230; x_wconf 72' lang='grc' dir='ltr'>ιΙοτειῑυιη</span> <span class='ocrx_word' id='word_1_311' title='bbox 2301 2188 2458 2233; x_wconf 92' lang='lat' dir='ltr'>esse.</span> <span class='ocrx_word' id='word_1_312' title='bbox 2514 2167 2631 2232; x_wconf 86' lang='lat' dir='ltr'>Sed</span> <span class='ocrx_word' id='word_1_313' title='bbox 2664 2189 2798 2232; x_wconf 91' lang='lat' dir='ltr'>cum</span> <span class='ocrx_word' id='word_1_314' title='bbox 2861 2171 3092 2233; x_wconf 79' lang='lat' dir='ltr'>caeteris</span> <span class='ocrx_word' id='word_1_315' title='bbox 3123 2171 3311 2233; x_wconf 91' lang='lat' dir='ltr'>multo</span> <span class='ocrx_word' id='word_1_316' title='bbox 3359 2173 3543 2236; x_wconf 88' lang='lat' dir='ltr'>vehe-</span> 
     </span>
    </p>
   </div>
   <div class='ocr_carea' id='block_1_44' title="bbox 172 2257 1719 2341">
    <p class='ocr_par' dir='ltr' id='par_1_44' title="bbox 172 2260 1719 2341">
     <span class='ocr_line' id='line_1_44' title="bbox 172 2260 1719 2341; baseline 0.001 -25"><span class='ocrx_word' id='word_1_317' title='bbox 172 2267 388 2338; x_wconf 63' lang='grc' dir='ltr'>μνήμην</span> <span class='ocrx_word' id='word_1_318' title='bbox 473 2263 868 2328; x_wconf 69' lang='grc' dir='ltr'>ἐπιτελέσαντες</span> <span class='ocrx_word' id='word_1_319' title='bbox 903 2311 918 2341; x_wconf 92' lang='grc'>,</span> <span class='ocrx_word' id='word_1_320' title='bbox 993 2260 1127 2318; x_wconf 68' lang='grc' dir='ltr'>κατά</span> <span class='ocrx_word' id='word_1_321' title='bbox 1194 2261 1388 2328; x_wconf 79' lang='grc' dir='ltr'>ταύτην</span> <span class='ocrx_word' id='word_1_322' title='bbox 1458 2260 1628 2331; x_wconf 76' lang='grc' dir='ltr'>δήπου</span> <span class='ocrx_word' id='word_1_323' title='bbox 1710 2285 1719 2297; x_wconf 69' lang='grc' dir='ltr'>ι</span> 
     </span>
    </p>
   </div>
   <div class='ocr_carea' id='block_1_45' title="bbox 1991 2257 3538 2341">
    <p class='ocr_par' dir='ltr' id='par_1_45' title="bbox 1993 2257 3538 2338">
     <span class='ocr_line' id='line_1_45' title="bbox 1993 2257 3538 2338; baseline 0.004 -21"><span class='ocrx_word' id='word_1_324' title='bbox 1993 2257 2152 2319; x_wconf 88' lang='lat' dir='ltr'>ntius</span> <span class='ocrx_word' id='word_1_325' title='bbox 2170 2267 2478 2338; x_wconf 90' lang='lat' dir='ltr'>parentum</span> <span class='ocrx_word' id='word_1_326' title='bbox 2506 2259 2636 2338; x_wconf 89' lang='lat' dir='ltr'>ejus</span> <span class='ocrx_word' id='word_1_327' title='bbox 2661 2260 2848 2323; x_wconf 91' lang='lat' dir='ltr'>animi</span> <span class='ocrx_word' id='word_1_328' title='bbox 2874 2260 3080 2322; x_wconf 90' lang='lat' dir='ltr'>dolore</span> <span class='ocrx_word' id='word_1_329' title='bbox 3102 2262 3538 2338; x_wconf 83' lang='lat' dir='ltr'>conﬂictentur,</span> 
     </span>
    </p>
   </div>
   <div class='ocr_carea' id='block_1_46' title="bbox 168 2347 1715 2429">
    <p class='ocr_par' dir='ltr' id='par_1_46' title="bbox 168 2349 1715 2429">
     <span class='ocr_line' id='line_1_46' title="bbox 168 2349 1715 2429; baseline 0 -23"><span class='ocrx_word' id='word_1_330' title='bbox 168 2353 365 2429; x_wconf 69' lang='grc' dir='ltr'>ἡμέραν</span> <span class='ocrx_word' id='word_1_331' title='bbox 413 2352 531 2409; x_wconf 84' lang='grc' dir='ltr'>καθ’</span> <span class='ocrx_word' id='word_1_332' title='bbox 575 2353 643 2420; x_wconf 78' lang='grc' dir='ltr'>ἣν</span> <span class='ocrx_word' id='word_1_333' title='bbox 675 2353 762 2408; x_wconf 83' lang='grc' dir='ltr'>καὶ</span> <span class='ocrx_word' id='word_1_334' title='bbox 819 2353 879 2408; x_wconf 83' lang='grc' dir='ltr'>τὸ</span> <span class='ocrx_word' id='word_1_335' title='bbox 910 2351 1128 2428; x_wconf 75' lang='grc' dir='ltr'>πατέρες</span> <span class='ocrx_word' id='word_1_336' title='bbox 1173 2349 1452 2408; x_wconf 75' lang='grc' dir='ltr'>καλεῖσθαι</span> <span class='ocrx_word' id='word_1_337' title='bbox 1499 2349 1715 2408; x_wconf 79' lang='grc' dir='ltr'>ἀπώλεσ</span> 
     </span>
    </p>
   </div>
   <div class='ocr_carea' id='block_1_47' title="bbox 1994 2347 3541 2429">
    <p class='ocr_par' dir='ltr' id='par_1_47' title="bbox 1994 2347 3541 2426">
     <span class='ocr_line' id='line_1_47' title="bbox 1994 2347 3541 2426; baseline 0.004 -20"><span class='ocrx_word' id='word_1_338' title='bbox 1994 2365 2052 2407; x_wconf 76' lang='grc' dir='ltr'>ιο</span> <span class='ocrx_word' id='word_1_339' title='bbox 2100 2347 2372 2424; x_wconf 86' lang='lat' dir='ltr'>lugentes</span> <span class='ocrx_word' id='word_1_340' title='bbox 2401 2347 2639 2421; x_wconf 87' lang='lat' dir='ltr'>adsunt,</span> <span class='ocrx_word' id='word_1_341' title='bbox 2676 2349 2804 2426; x_wconf 88' lang='lat' dir='ltr'>ejus</span> <span class='ocrx_word' id='word_1_342' title='bbox 2857 2348 3203 2410; x_wconf 89' lang='lat' dir='ltr'>memoriam</span> <span class='ocrx_word' id='word_1_343' title='bbox 3253 2349 3541 2412; x_wconf 88' lang='lat' dir='ltr'>hodierno</span> 
     </span>
    </p>
   </div>
   <div class='ocr_carea' id='block_1_48' title="bbox 173 2433 1720 2520">
    <p class='ocr_par' dir='ltr' id='par_1_48' title="bbox 173 2441 936 2520">
     <span class='ocr_line' id='line_1_48' title="bbox 173 2441 936 2520; baseline 0.001 -25"><span class='ocrx_word' id='word_1_344' title='bbox 173 2441 393 2519; x_wconf 62' lang='grc' dir='ltr'>ἀφανοῦς</span> <span class='ocrx_word' id='word_1_345' title='bbox 440 2443 598 2499; x_wconf 65' lang='grc' dir='ltr'>αὺτοῦ</span> <span class='ocrx_word' id='word_1_346' title='bbox 625 2441 936 2520; x_wconf 79' lang='grc' dir='ltr'>γενομένου,</span> 
     </span>
    </p>
   </div>
   <div class='ocr_carea' id='block_1_49' title="bbox 1996 2433 3543 2520">
    <p class='ocr_par' dir='ltr' id='par_1_49' title="bbox 2035 2434 3543 2520">
     <span class='ocr_line' id='line_1_49' title="bbox 2035 2434 3543 2520; baseline 0.003 -24"><span class='ocrx_word' id='word_1_347' title='bbox 2035 2434 2411 2505; x_wconf 86' lang='lat' dir='ltr'>celebraturi,</span> <span class='ocrx_word' id='word_1_348' title='bbox 2449 2435 2509 2498; x_wconf 90' lang='lat' dir='ltr'>in</span> <span class='ocrx_word' id='word_1_349' title='bbox 2562 2455 2678 2516; x_wconf 89' lang='lat' dir='ltr'>quo</span> <span class='ocrx_word' id='word_1_350' title='bbox 2728 2444 2951 2516; x_wconf 85' lang='lat' dir='ltr'>patres,</span> <span class='ocrx_word' id='word_1_351' title='bbox 2984 2438 3199 2499; x_wconf 90' lang='lat' dir='ltr'>amisso</span> <span class='ocrx_word' id='word_1_352' title='bbox 3257 2438 3400 2514; x_wconf 87' lang='lat' dir='ltr'>tilio,</span> <span class='ocrx_word' id='word_1_353' title='bbox 3435 2458 3543 2520; x_wconf 64' lang='lat' dir='ltr'>apo</span> 
     </span>
    </p>
   </div>
   <div class='ocr_carea' id='block_1_50' title="bbox 1894 2523 2466 2604">
    <p class='ocr_par' dir='ltr' id='par_1_50' title="bbox 1894 2523 2466 2604">
     <span class='ocr_line' id='line_1_50' title="bbox 1894 2523 2466 2604; baseline 0 -20"><span class='ocrx_word' id='word_1_354' title='bbox 1894 2523 2101 2604; x_wconf 87' lang='lat' dir='ltr'>pellari</span> <span class='ocrx_word' id='word_1_355' title='bbox 2133 2524 2466 2587; x_wconf 88' lang='lat' dir='ltr'>desierunt.</span> 
     </span>
    </p>
   </div>
   <div class='ocr_carea' id='block_1_51' title="bbox 247 2611 1794 2698">
    <p class='ocr_par' dir='ltr' id='par_1_51' title="bbox 247 2619 1787 2698">
     <span class='ocr_line' id='line_1_51' title="bbox 247 2619 1787 2698; baseline 0 -22"><span class='ocrx_word' id='word_1_356' title='bbox 247 2621 352 2696; x_wconf 80' lang='lat' dir='ltr'>IZ’.</span> <span class='ocrx_word' id='word_1_357' title='bbox 427 2627 603 2679; x_wconf 81' lang='grc' dir='ltr'>Ταῦτα</span> <span class='ocrx_word' id='word_1_358' title='bbox 661 2622 688 2675; x_wconf 98' lang='lat'>6</span> <span class='ocrx_word' id='word_1_359' title='bbox 762 2619 970 2698; x_wconf 78' lang='grc' dir='ltr'>Μάρκος</span> <span class='ocrx_word' id='word_1_360' title='bbox 1036 2619 1264 2685; x_wconf 80' lang='grc' dir='ltr'>ἀκούσας</span> <span class='ocrx_word' id='word_1_361' title='bbox 1333 2620 1508 2681; x_wconf 74' lang='grc' dir='ltr'>ἑννεὸς</span> <span class='ocrx_word' id='word_1_362' title='bbox 1576 2619 1787 2698; x_wconf 83' lang='grc' dir='ltr'>ἐγεγόνε</span> 
     </span>
    </p>
   </div>
   <div class='ocr_carea' id='block_1_52' title="bbox 1995 2611 3542 2698">
    <p class='ocr_par' dir='ltr' id='par_1_52' title="bbox 1995 2611 3542 2698">
     <span class='ocr_line' id='line_1_52' title="bbox 1995 2611 3542 2698; baseline 0.003 -22"><span class='ocrx_word' id='word_1_363' title='bbox 1995 2611 2157 2676; x_wconf 66' lang='lat' dir='ltr'>l(VII.</span> <span class='ocrx_word' id='word_1_364' title='bbox 2213 2612 2318 2674; x_wconf 85' lang='lat' dir='ltr'>His</span> <span class='ocrx_word' id='word_1_365' title='bbox 2369 2613 2608 2690; x_wconf 84' lang='lat' dir='ltr'>auditis,</span> <span class='ocrx_word' id='word_1_366' title='bbox 2668 2615 2768 2677; x_wconf 91' lang='lat' dir='ltr'>ille</span> <span class='ocrx_word' id='word_1_367' title='bbox 2813 2613 2913 2676; x_wconf 90' lang='lat' dir='ltr'>diu</span> <span class='ocrx_word' id='word_1_368' title='bbox 2967 2613 3223 2694; x_wconf 86' lang='lat' dir='ltr'>elinguis</span> <span class='ocrx_word' id='word_1_369' title='bbox 3281 2634 3349 2678; x_wconf 89' lang='lat' dir='ltr'>ac</span> <span class='ocrx_word' id='word_1_370' title='bbox 3411 2629 3542 2698; x_wconf 87' lang='lat' dir='ltr'>post</span> 
     </span>
    </p>
   </div>
   <div class='ocr_carea' id='block_1_53' title="bbox 171 2701 1718 2790">
    <p class='ocr_par' dir='ltr' id='par_1_53' title="bbox 171 2707 1718 2786">
     <span class='ocr_line' id='line_1_53' title="bbox 171 2707 1718 2786; baseline -0.001 -20"><span class='ocrx_word' id='word_1_371' title='bbox 171 2710 252 2767; x_wconf 79' lang='grc' dir='ltr'>ἐπὶ</span> <span class='ocrx_word' id='word_1_372' title='bbox 322 2710 483 2786; x_wconf 82' lang='grc' dir='ltr'>πολὺ,</span> <span class='ocrx_word' id='word_1_373' title='bbox 545 2710 633 2766; x_wconf 85' lang='grc' dir='ltr'>καὶ</span> <span class='ocrx_word' id='word_1_374' title='bbox 705 2709 840 2774; x_wconf 82' lang='grc' dir='ltr'>μετὰ</span> <span class='ocrx_word' id='word_1_375' title='bbox 896 2708 1058 2764; x_wconf 85' lang='grc' dir='ltr'>ταῦτα</span> <span class='ocrx_word' id='word_1_376' title='bbox 1127 2707 1360 2786; x_wconf 75' lang='grc' dir='ltr'>δακρύων</span> <span class='ocrx_word' id='word_1_377' title='bbox 1429 2708 1718 2776; x_wconf 78' lang='grc' dir='ltr'>ὑποπλησθε</span> 
     </span>
    </p>
   </div>
   <div class='ocr_carea' id='block_1_54' title="bbox 1994 2701 3541 2790">
    <p class='ocr_par' dir='ltr' id='par_1_54' title="bbox 1994 2702 3541 2787">
     <span class='ocr_line' id='line_1_54' title="bbox 1994 2702 3541 2787; baseline 0.004 -25"><span class='ocrx_word' id='word_1_378' title='bbox 1994 2702 2173 2783; x_wconf 78' lang='lat' dir='ltr'>rymis</span> <span class='ocrx_word' id='word_1_379' title='bbox 2207 2702 2441 2782; x_wconf 91' lang='lat' dir='ltr'>plenus,</span> <span class='ocrx_word' id='word_1_380' title='bbox 2485 2704 2547 2765; x_wconf 92' lang='lat' dir='ltr'>in</span> <span class='ocrx_word' id='word_1_381' title='bbox 2589 2703 2850 2766; x_wconf 90' lang='lat' dir='ltr'>medium</span> <span class='ocrx_word' id='word_1_382' title='bbox 2896 2703 3032 2766; x_wconf 91' lang='lat' dir='ltr'>illos</span> <span class='ocrx_word' id='word_1_383' title='bbox 3087 2704 3322 2784; x_wconf 89' lang='lat' dir='ltr'>prodire</span> <span class='ocrx_word' id='word_1_384' title='bbox 3350 2706 3541 2787; x_wconf 87' lang='lat' dir='ltr'>petiit,</span> 
     </span>
    </p>
   </div>
   <div class='ocr_carea' id='block_1_55' title="bbox 168 2792 1715 2877">
    <p class='ocr_par' dir='ltr' id='par_1_55' title="bbox 168 2797 1715 2877">
     <span class='ocr_line' id='line_1_55' title="bbox 168 2797 1715 2877; baseline 0.003 -24"><span class='ocrx_word' id='word_1_385' title='bbox 168 2802 283 2863; x_wconf 73' lang='grc' dir='ltr'>τοὺς</span> <span class='ocrx_word' id='word_1_386' title='bbox 334 2807 429 2857; x_wconf 82' lang='grc' dir='ltr'>τοῦ</span> <span class='ocrx_word' id='word_1_387' title='bbox 472 2797 660 2863; x_wconf 81' lang='grc' dir='ltr'>παιδὸς</span> <span class='ocrx_word' id='word_1_388' title='bbox 697 2811 876 2876; x_wconf 74' lang='grc' dir='ltr'>γονεῖς</span> <span class='ocrx_word' id='word_1_389' title='bbox 930 2798 1185 2877; x_wconf 73' lang='grc' dir='ltr'>παράγειν</span> <span class='ocrx_word' id='word_1_390' title='bbox 1242 2799 1314 2863; x_wconf 82' lang='grc' dir='ltr'>εἷς</span> <span class='ocrx_word' id='word_1_391' title='bbox 1342 2800 1402 2855; x_wconf 77' lang='grc' dir='ltr'>τὸ</span> <span class='ocrx_word' id='word_1_392' title='bbox 1446 2798 1607 2873; x_wconf 82' lang='grc' dir='ltr'>μέσον</span> <span class='ocrx_word' id='word_1_393' title='bbox 1639 2799 1715 2867; x_wconf 72' lang='grc' dir='ltr'>ἠξέ</span> 
     </span>
    </p>
   </div>
   <div class='ocr_carea' id='block_1_56' title="bbox 1996 2792 3543 2877">
    <p class='ocr_par' dir='ltr' id='par_1_56' title="bbox 1996 2792 3543 2873">
     <span class='ocr_line' id='line_1_56' title="bbox 1996 2792 3543 2873; baseline 0.004 -21"><span class='ocrx_word' id='word_1_394' title='bbox 1996 2810 2256 2868; x_wconf 60' lang='lat' dir='ltr'>quaenam</span> <span class='ocrx_word' id='word_1_395' title='bbox 2289 2792 2416 2854; x_wconf 86' lang='lat' dir='ltr'>haec</span> <span class='ocrx_word' id='word_1_396' title='bbox 2447 2800 2626 2873; x_wconf 90' lang='lat' dir='ltr'>esset,</span> <span class='ocrx_word' id='word_1_397' title='bbox 2663 2812 2774 2858; x_wconf 92' lang='lat' dir='ltr'>cur</span> <span class='ocrx_word' id='word_1_398' title='bbox 2807 2801 2919 2855; x_wconf 91' lang='lat' dir='ltr'>tam</span> <span class='ocrx_word' id='word_1_399' title='bbox 2961 2797 3214 2871; x_wconf 85' lang='lat' dir='ltr'>graviter</span> <span class='ocrx_word' id='word_1_400' title='bbox 3243 2795 3543 2858; x_wconf 68' lang='lat' dir='ltr'>caaderen-</span> 
     </span>
    </p>
   </div>
   <div class='ocr_carea' id='block_1_57' title="bbox 170 2881 1717 2966">
    <p class='ocr_par' dir='ltr' id='par_1_57' title="bbox 170 2885 1717 2966">
     <span class='ocr_line' id='line_1_57' title="bbox 170 2885 1717 2966; baseline 0 -22"><span class='ocrx_word' id='word_1_401' title='bbox 170 2895 265 2945; x_wconf 74' lang='grc' dir='ltr'>τῶν</span> <span class='ocrx_word' id='word_1_402' title='bbox 315 2887 369 2944; x_wconf 67' lang='grc' dir='ltr'>δὲ.</span> <span class='ocrx_word' id='word_1_403' title='bbox 401 2887 818 2955; x_wconf 78' lang='grc' dir='ltr'>εἰσεληλυθότων</span> <span class='ocrx_word' id='word_1_404' title='bbox 864 2887 941 2950; x_wconf 85' lang='grc' dir='ltr'>τίς</span> <span class='ocrx_word' id='word_1_405' title='bbox 994 2889 1028 2956; x_wconf 72' lang='grc' dir='ltr'>ἡ</span> <span class='ocrx_word' id='word_1_406' title='bbox 1073 2885 1247 2953; x_wconf 71' lang='grc' dir='ltr'>πολλὴ</span> <span class='ocrx_word' id='word_1_407' title='bbox 1296 2888 1429 2954; x_wconf 73' lang='grc' dir='ltr'>αὕτη</span> <span class='ocrx_word' id='word_1_408' title='bbox 1473 2894 1578 2944; x_wconf 81' lang='grc' dir='ltr'>τῶν</span> <span class='ocrx_word' id='word_1_409' title='bbox 1606 2889 1717 2966; x_wconf 61' lang='grc' dir='ltr'>θρήε</span> 
     </span>
    </p>
   </div>
   <div class='ocr_carea' id='block_1_58' title="bbox 1995 2881 3542 2966">
    <p class='ocr_par' dir='ltr' id='par_1_58' title="bbox 1999 2881 3542 2965">
     <span class='ocr_line' id='line_1_58' title="bbox 1999 2881 3542 2965; baseline 0.004 -25"><span class='ocrx_word' id='word_1_410' title='bbox 1999 2929 2014 2956; x_wconf 90' lang='grc'>,</span> <span class='ocrx_word' id='word_1_411' title='bbox 2049 2882 2458 2959; x_wconf 89' lang='lat' dir='ltr'>interrogavit.</span> <span class='ocrx_word' id='word_1_412' title='bbox 2509 2881 2779 2963; x_wconf 89' lang='lat' dir='ltr'>Cumque</span> <span class='ocrx_word' id='word_1_413' title='bbox 2832 2883 2894 2956; x_wconf 91' lang='lat' dir='ltr'>ii,</span> <span class='ocrx_word' id='word_1_414' title='bbox 2934 2901 3058 2962; x_wconf 67' lang='lat' dir='ltr'>prae</span> <span class='ocrx_word' id='word_1_415' title='bbox 3091 2883 3328 2945; x_wconf 87' lang='lat' dir='ltr'>tristitia</span> <span class='ocrx_word' id='word_1_416' title='bbox 3372 2904 3542 2965; x_wconf 91' lang='lat' dir='ltr'>quam</span> 
     </span>
    </p>
   </div>
   <div class='ocr_carea' id='block_1_59' title="bbox 168 2969 1715 3057">
    <p class='ocr_par' dir='ltr' id='par_1_59' title="bbox 168 2975 1665 3057">
     <span class='ocr_line' id='line_1_59' title="bbox 168 2975 1665 3057; baseline 0.001 -25"><span class='ocrx_word' id='word_1_417' title='bbox 168 2981 450 3057; x_wconf 70' lang='grc' dir='ltr'>σύγχυσις,</span> <span class='ocrx_word' id='word_1_418' title='bbox 509 2977 692 3050; x_wconf 74' lang='grc' dir='ltr'>ἤρετο,</span> <span class='ocrx_word' id='word_1_419' title='bbox 740 2978 825 3032; x_wconf 81' lang='grc' dir='ltr'>καὶ</span> <span class='ocrx_word' id='word_1_420' title='bbox 881 2975 1004 3032; x_wconf 78' lang='grc' dir='ltr'>ὅτου</span> <span class='ocrx_word' id='word_1_421' title='bbox 1065 2976 1219 3033; x_wconf 77' lang='grc' dir='ltr'>ἕνεκα</span> <span class='ocrx_word' id='word_1_422' title='bbox 1278 2975 1458 3042; x_wconf 79' lang='grc' dir='ltr'>δεινῶς</span> <span class='ocrx_word' id='word_1_423' title='bbox 1528 2977 1665 3034; x_wconf 78' lang='grc' dir='ltr'>οὕτω</span> 
     </span>
    </p>
   </div>
   <div class='ocr_carea' id='block_1_60' title="bbox 1998 2969 3545 3057">
    <p class='ocr_par' dir='ltr' id='par_1_60' title="bbox 1998 2969 3545 3054">
     <span class='ocr_line' id='line_1_60' title="bbox 1998 2969 3545 3054; baseline 0.003 -23"><span class='ocrx_word' id='word_1_424' title='bbox 1998 2969 2214 3032; x_wconf 90' lang='lat' dir='ltr'>rimum</span> <span class='ocrx_word' id='word_1_425' title='bbox 2248 2971 2383 3032; x_wconf 88' lang='lat' dir='ltr'>illos</span> <span class='ocrx_word' id='word_1_426' title='bbox 2435 2972 2836 3052; x_wconf 91' lang='lat' dir='ltr'>opprimente,</span> <span class='ocrx_word' id='word_1_427' title='bbox 2871 2972 3208 3034; x_wconf 86' lang='lat' dir='ltr'>intercisam</span> <span class='ocrx_word' id='word_1_428' title='bbox 3251 2991 3321 3036; x_wconf 88' lang='lat' dir='ltr'>ac</span> <span class='ocrx_word' id='word_1_429' title='bbox 3362 2975 3545 3054; x_wconf 91' lang='lat' dir='ltr'>impe-</span> 
     </span>
    </p>
   </div>
   <div class='ocr_carea' id='block_1_61' title="bbox 164 3059 1711 3170">
    <p class='ocr_par' dir='ltr' id='par_1_61' title="bbox 164 3063 1711 3170">
     <span class='ocr_line' id='line_1_61' title="bbox 164 3063 1711 3145; baseline 0 -23"><span class='ocrx_word' id='word_1_430' title='bbox 164 3089 400 3130; x_wconf 81' lang='grc' dir='ltr'>πτοιντο,</span> <span class='ocrx_word' id='word_1_431' title='bbox 465 3074 582 3126; x_wconf 83' lang='grc' dir='ltr'>Τῶν</span> <span class='ocrx_word' id='word_1_432' title='bbox 641 3065 695 3121; x_wconf 78' lang='grc' dir='ltr'>δὲ</span> <span class='ocrx_word' id='word_1_433' title='bbox 751 3067 852 3122; x_wconf 75' lang='grc' dir='ltr'>ὑπὸ</span> <span class='ocrx_word' id='word_1_434' title='bbox 898 3070 998 3132; x_wconf 81' lang='grc' dir='ltr'>τῆς</span> <span class='ocrx_word' id='word_1_435' title='bbox 1056 3063 1188 3142; x_wconf 81' lang='grc' dir='ltr'>ἄγαν</span> <span class='ocrx_word' id='word_1_436' title='bbox 1247 3065 1573 3145; x_wconf 80' lang='grc' dir='ltr'>συνεχούσης</span> <span class='ocrx_word' id='word_1_437' title='bbox 1623 3065 1711 3122; x_wconf 76' lang='grc' dir='ltr'>αὒτ</span> 
     </span>
     <span class='ocr_line' id='line_1_62' title="bbox 170 3153 1547 3170; baseline 0 0"><span class='ocrx_word' id='word_1_438' title='bbox 170 3157 217 3170; x_wconf 80' lang='grc'>.-</span> <span class='ocrx_word' id='word_1_439' title='bbox 305 3158 316 3170; x_wconf 95' lang='grc'><strong><em>,</em></strong></span> <span class='ocrx_word' id='word_1_440' title='bbox 523 3158 536 3170; x_wconf 86' lang='grc'>.</span> <span class='ocrx_word' id='word_1_441' title='bbox 634 3156 646 3170; x_wconf 66' lang='grc' dir='ltr'><strong>ς</strong></span> <span class='ocrx_word' id='word_1_442' title='bbox 883 3154 896 3170; x_wconf 64' lang='grc' dir='ltr'><strong>ε</strong></span> <span class='ocrx_word' id='word_1_443' title='bbox 1010 3153 1035 3170; x_wconf 73' lang='grc' dir='ltr'><em>η</em></span> <span class='ocrx_word' id='word_1_444' title='bbox 1252 3154 1266 3170; x_wconf 78' lang='lat'>.</span> <span class='ocrx_word' id='word_1_445' title='bbox 1537 3155 1547 3170; x_wconf 69' lang='grc' dir='ltr'>ι</span> 
     </span>
    </p>
   </div>
   <div class='ocr_carea' id='block_1_62' title="bbox 1997 3059 3544 3170">
    <p class='ocr_par' dir='ltr' id='par_1_62' title="bbox 1997 3059 3544 3143">
     <span class='ocr_line' id='line_1_63' title="bbox 1997 3059 3544 3143; baseline 0.001 -23"><span class='ocrx_word' id='word_1_446' title='bbox 1997 3077 2075 3120; x_wconf 78' lang='grc' dir='ltr'>ιω</span> <span class='ocrx_word' id='word_1_447' title='bbox 2128 3077 2332 3120; x_wconf 84' lang='lat' dir='ltr'>vocem</span> <span class='ocrx_word' id='word_1_448' title='bbox 2383 3059 2704 3132; x_wconf 88' lang='lat' dir='ltr'>baberent,</span> <span class='ocrx_word' id='word_1_449' title='bbox 2739 3078 2936 3136; x_wconf 91' lang='lat' dir='ltr'>neque</span> <span class='ocrx_word' id='word_1_450' title='bbox 2987 3078 3230 3122; x_wconf 90' lang='lat' dir='ltr'>causam</span> <span class='ocrx_word' id='word_1_451' title='bbox 3281 3063 3394 3143; x_wconf 90' lang='lat' dir='ltr'>ipsi</span> <span class='ocrx_word' id='word_1_452' title='bbox 3438 3062 3544 3124; x_wconf 82' lang='lat' dir='ltr'>fari</span> 
     </span>
    </p>
   </div>
   <div class='ocr_carea' id='block_1_63' title="bbox 161 3148 1708 3233">
    <p class='ocr_par' dir='ltr' id='par_1_63' title="bbox 161 3153 1678 3233">
     <span class='ocr_line' id='line_1_64' title="bbox 161 3153 1678 3233; baseline -0.003 -21"><span class='ocrx_word' id='word_1_453' title='bbox 161 3157 380 3230; x_wconf 62' lang='grc' dir='ltr'>ἀθυμίας</span> <span class='ocrx_word' id='word_1_454' title='bbox 450 3158 540 3213; x_wconf 82' lang='grc' dir='ltr'>καὶ</span> <span class='ocrx_word' id='word_1_455' title='bbox 593 3156 690 3222; x_wconf 70' lang='grc' dir='ltr'>τὴν</span> <span class='ocrx_word' id='word_1_456' title='bbox 761 3154 942 3233; x_wconf 74' lang='grc' dir='ltr'>φωνὴν</span> <span class='ocrx_word' id='word_1_457' title='bbox 1001 3153 1179 3233; x_wconf 80' lang='grc' dir='ltr'>ὥσπερ</span> <span class='ocrx_word' id='word_1_458' title='bbox 1249 3154 1678 3232; x_wconf 80' lang='grc' dir='ltr'>ἐγκοπτομένων,</span> 
     </span>
    </p>
   </div>
   <div class='ocr_carea' id='block_1_64' title="bbox 1996 3148 3543 3233">
    <p class='ocr_par' dir='ltr' id='par_1_64' title="bbox 1996 3148 3543 3232">
     <span class='ocr_line' id='line_1_65' title="bbox 1996 3148 3543 3232; baseline 0.004 -26"><span class='ocrx_word' id='word_1_459' title='bbox 1996 3155 2161 3224; x_wconf 70' lang='lat' dir='ltr'>ssent,</span> <span class='ocrx_word' id='word_1_460' title='bbox 2196 3167 2450 3209; x_wconf 79' lang='lat' dir='ltr'>cernens</span> <span class='ocrx_word' id='word_1_461' title='bbox 2507 3149 2610 3211; x_wconf 89' lang='lat' dir='ltr'>ille</span> <span class='ocrx_word' id='word_1_462' title='bbox 2663 3148 2910 3210; x_wconf 76' lang='lat' dir='ltr'>affectus</span> <span class='ocrx_word' id='word_1_463' title='bbox 2966 3149 3425 3232; x_wconf 86' lang='lat' dir='ltr'>vehementiam,</span> <span class='ocrx_word' id='word_1_464' title='bbox 3459 3151 3543 3212; x_wconf 92' lang='lat' dir='ltr'>si-</span> 
     </span>
    </p>
   </div>
   <div class='ocr_carea' id='block_1_65' title="bbox 164 3235 1711 3323">
    <p class='ocr_par' dir='ltr' id='par_1_65' title="bbox 164 3242 1711 3323">
     <span class='ocr_line' id='line_1_66' title="bbox 164 3242 1711 3323; baseline -0.001 -22"><span class='ocrx_word' id='word_1_465' title='bbox 164 3245 297 3319; x_wconf 79' lang='grc' dir='ltr'>μηδὲ</span> <span class='ocrx_word' id='word_1_466' title='bbox 369 3246 470 3313; x_wconf 76' lang='grc' dir='ltr'>τὴν</span> <span class='ocrx_word' id='word_1_467' title='bbox 557 3247 725 3302; x_wconf 84' lang='grc' dir='ltr'>αἰτίαν</span> <span class='ocrx_word' id='word_1_468' title='bbox 799 3245 1010 3322; x_wconf 82' lang='grc' dir='ltr'>φράζειν</span> <span class='ocrx_word' id='word_1_469' title='bbox 1072 3245 1213 3316; x_wconf 72' lang='grc' dir='ltr'>αὖτῷ</span> <span class='ocrx_word' id='word_1_470' title='bbox 1285 3242 1608 3323; x_wconf 76' lang='grc' dir='ltr'>δυναμένων,</span> <span class='ocrx_word' id='word_1_471' title='bbox 1678 3247 1711 3315; x_wconf 78' lang='grc' dir='ltr'>δι</span> 
     </span>
    </p>
   </div>
   <div class='ocr_carea' id='block_1_66' title="bbox 1992 3235 3539 3323">
    <p class='ocr_par' dir='ltr' id='par_1_66' title="bbox 1992 3235 3539 3320">
     <span class='ocr_line' id='line_1_67' title="bbox 1992 3235 3539 3320; baseline 0.001 -22"><span class='ocrx_word' id='word_1_472' title='bbox 1992 3235 2141 3318; x_wconf 81' lang='lat' dir='ltr'>llque</span> <span class='ocrx_word' id='word_1_473' title='bbox 2172 3246 2446 3318; x_wconf 88' lang='lat' dir='ltr'>aspectus</span> <span class='ocrx_word' id='word_1_474' title='bbox 2476 3237 2683 3312; x_wconf 90' lang='lat' dir='ltr'>(oculis</span> <span class='ocrx_word' id='word_1_475' title='bbox 2719 3237 2779 3298; x_wconf 93' lang='lat' dir='ltr'>in</span> <span class='ocrx_word' id='word_1_476' title='bbox 2811 3237 3187 3301; x_wconf 80' lang='lat' dir='ltr'>Cliaritonem</span> <span class='ocrx_word' id='word_1_477' title='bbox 3233 3239 3539 3320; x_wconf 83' lang='lat' dir='ltr'>conjectis)</span> 
     </span>
    </p>
   </div>
   <div class='ocr_carea' id='block_1_67' title="bbox 163 3326 1710 3408">
    <p class='ocr_par' dir='ltr' id='par_1_67' title="bbox 163 3330 1648 3408">
     <span class='ocr_line' id='line_1_68' title="bbox 163 3330 1648 3408; baseline -0.001 -18"><span class='ocrx_word' id='word_1_478' title='bbox 163 3336 364 3400; x_wconf 70' lang='grc' dir='ltr'>ἐκεῖνος</span> <span class='ocrx_word' id='word_1_479' title='bbox 427 3335 528 3401; x_wconf 73' lang='grc' dir='ltr'>τὴν</span> <span class='ocrx_word' id='word_1_480' title='bbox 607 3338 698 3390; x_wconf 81' lang='grc' dir='ltr'>τοῦ</span> <span class='ocrx_word' id='word_1_481' title='bbox 761 3336 951 3396; x_wconf 82' lang='grc' dir='ltr'>πάθους</span> <span class='ocrx_word' id='word_1_482' title='bbox 1022 3330 1316 3408; x_wconf 76' lang='grc' dir='ltr'>ὑπερϐολήν</span> <span class='ocrx_word' id='word_1_483' title='bbox 1382 3335 1469 3389; x_wconf 80' lang='grc' dir='ltr'>καὶ</span> <span class='ocrx_word' id='word_1_484' title='bbox 1537 3333 1648 3408; x_wconf 71' lang='grc' dir='ltr'>ἅμα</span> 
     </span>
    </p>
   </div>
   <div class='ocr_carea' id='block_1_68' title="bbox 1998 3326 3545 3408">
    <p class='ocr_par' dir='ltr' id='par_1_68' title="bbox 1998 3326 3545 3408">
     <span class='ocr_line' id='line_1_69' title="bbox 1998 3326 3545 3408; baseline 0.003 -22"><span class='ocrx_word' id='word_1_485' title='bbox 1998 3333 2232 3389; x_wconf 87' lang='lat' dir='ltr'>uratius</span> <span class='ocrx_word' id='word_1_486' title='bbox 2290 3327 2699 3408; x_wconf 89' lang='lat' dir='ltr'>perpendens,</span> <span class='ocrx_word' id='word_1_487' title='bbox 2753 3326 3035 3408; x_wconf 89' lang='lat' dir='ltr'>quasdam</span> <span class='ocrx_word' id='word_1_488' title='bbox 3097 3348 3216 3390; x_wconf 91' lang='lat' dir='ltr'>non</span> <span class='ocrx_word' id='word_1_489' title='bbox 3263 3327 3545 3391; x_wconf 89' lang='lat' dir='ltr'>obscuras</span> 
     </span>
    </p>
   </div>
   <div class='ocr_carea' id='block_1_69' title="bbox 162 3415 1709 3502">
    <p class='ocr_par' dir='ltr' id='par_1_69' title="bbox 162 3421 1709 3502">
     <span class='ocr_line' id='line_1_70' title="bbox 162 3421 1709 3502; baseline -0.001 -22"><span class='ocrx_word' id='word_1_490' title='bbox 162 3424 307 3500; x_wconf 67' lang='grc' dir='ltr'>ὄψεις</span> <span class='ocrx_word' id='word_1_491' title='bbox 340 3422 716 3502; x_wconf 78' lang='grc' dir='ltr'>ἀκριϐέστερον</span> <span class='ocrx_word' id='word_1_492' title='bbox 761 3421 1030 3482; x_wconf 73' lang='grc' dir='ltr'>ἐπιϐάλὼν</span> <span class='ocrx_word' id='word_1_493' title='bbox 1076 3427 1154 3496; x_wconf 84' lang='grc' dir='ltr'>τῷ</span> <span class='ocrx_word' id='word_1_494' title='bbox 1209 3424 1467 3501; x_wconf 73' lang='grc' dir='ltr'>Χαρίτωνι</span> <span class='ocrx_word' id='word_1_495' title='bbox 1525 3423 1611 3478; x_wconf 83' lang='grc' dir='ltr'>καί</span> <span class='ocrx_word' id='word_1_496' title='bbox 1668 3445 1709 3478; x_wconf 83' lang='grc' dir='ltr'>τι</span> 
     </span>
    </p>
   </div>
   <div class='ocr_carea' id='block_1_70' title="bbox 2001 3415 3548 3502">
    <p class='ocr_par' dir='ltr' id='par_1_70' title="bbox 2001 3415 3548 3498">
     <span class='ocr_line' id='line_1_71' title="bbox 2001 3415 3548 3498; baseline 0.003 -22"><span class='ocrx_word' id='word_1_497' title='bbox 2001 3415 2330 3478; x_wconf 76' lang='lat' dir='ltr'>lilitudines</span> <span class='ocrx_word' id='word_1_498' title='bbox 2392 3435 2460 3478; x_wconf 88' lang='lat' dir='ltr'>ac</span> <span class='ocrx_word' id='word_1_499' title='bbox 2489 3416 2670 3478; x_wconf 91' lang='lat' dir='ltr'>veluti</span> <span class='ocrx_word' id='word_1_500' title='bbox 2719 3417 3092 3478; x_wconf 78' lang='lat' dir='ltr'>characteres</span> <span class='ocrx_word' id='word_1_501' title='bbox 3139 3419 3416 3498; x_wconf 87' lang='lat' dir='ltr'>agnovit:</span> <span class='ocrx_word' id='word_1_502' title='bbox 3472 3419 3548 3480; x_wconf 90' lang='lat' dir='ltr'>si-</span> 
     </span>
    </p>
   </div>
   <div class='ocr_carea' id='block_1_71' title="bbox 162 3505 1709 3594">
    <p class='ocr_par' dir='ltr' id='par_1_71' title="bbox 162 3510 1709 3594">
     <span class='ocr_line' id='line_1_72' title="bbox 162 3510 1709 3594; baseline -0.001 -24"><span class='ocrx_word' id='word_1_503' title='bbox 162 3514 586 3594; x_wconf 60' lang='grc' dir='ltr'>ὑποφαινομένης</span> <span class='ocrx_word' id='word_1_504' title='bbox 648 3512 769 3571; x_wconf 70' lang='grc' dir='ltr'>ἰδὼν</span> <span class='ocrx_word' id='word_1_505' title='bbox 831 3513 1177 3588; x_wconf 84' lang='grc' dir='ltr'>ὁμοιότητας⁶</span> <span class='ocrx_word' id='word_1_506' title='bbox 1223 3513 1287 3580; x_wconf 75' lang='grc' dir='ltr'>ἦν</span> <span class='ocrx_word' id='word_1_507' title='bbox 1344 3513 1444 3589; x_wconf 76' lang='grc' dir='ltr'>γὰρ</span> <span class='ocrx_word' id='word_1_508' title='bbox 1501 3510 1565 3577; x_wconf 80' lang='grc' dir='ltr'>δὴ</span> <span class='ocrx_word' id='word_1_509' title='bbox 1619 3512 1709 3568; x_wconf 58' lang='grc' dir='ltr'>κᾶν</span> 
     </span>
    </p>
   </div>
   <div class='ocr_carea' id='block_1_72' title="bbox 1998 3505 3545 3594">
    <p class='ocr_par' dir='ltr' id='par_1_72' title="bbox 2004 3505 3545 3588">
     <span class='ocr_line' id='line_1_73' title="bbox 2004 3505 3545 3588; baseline 0.003 -22"><span class='ocrx_word' id='word_1_510' title='bbox 2004 3505 2140 3568; x_wconf 89' lang='lat' dir='ltr'>dem</span> <span class='ocrx_word' id='word_1_511' title='bbox 2175 3507 2305 3587; x_wconf 90' lang='lat' dir='ltr'>ipse</span> <span class='ocrx_word' id='word_1_512' title='bbox 2356 3525 2597 3588; x_wconf 91' lang='lat' dir='ltr'>quoque</span> <span class='ocrx_word' id='word_1_513' title='bbox 2629 3506 2796 3567; x_wconf 91' lang='lat' dir='ltr'>valde</span> <span class='ocrx_word' id='word_1_514' title='bbox 2844 3506 3099 3568; x_wconf 86' lang='lat' dir='ltr'>decorus</span> <span class='ocrx_word' id='word_1_515' title='bbox 3131 3516 3256 3568; x_wconf 90' lang='lat' dir='ltr'>erat</span> <span class='ocrx_word' id='word_1_516' title='bbox 3283 3517 3545 3588; x_wconf 88' lang='lat' dir='ltr'>aspectu,</span> 
     </span>
    </p>
   </div>
   <div class='ocr_carea' id='block_1_73' title="bbox 166 3595 1713 3678">
    <p class='ocr_par' dir='ltr' id='par_1_73' title="bbox 166 3599 1713 3678">
     <span class='ocr_line' id='line_1_74' title="bbox 166 3599 1713 3678; baseline -0.001 -19"><span class='ocrx_word' id='word_1_517' title='bbox 166 3626 246 3666; x_wconf 85' lang='grc' dir='ltr'>νος</span> <span class='ocrx_word' id='word_1_518' title='bbox 279 3607 379 3673; x_wconf 70' lang='grc' dir='ltr'>τήν</span> <span class='ocrx_word' id='word_1_519' title='bbox 415 3624 471 3659; x_wconf 88' lang='grc' dir='ltr'>τε</span> <span class='ocrx_word' id='word_1_520' title='bbox 516 3603 641 3678; x_wconf 78' lang='grc' dir='ltr'>ὄψιν</span> <span class='ocrx_word' id='word_1_521' title='bbox 685 3601 828 3678; x_wconf 76' lang='grc' dir='ltr'>μάλα</span> <span class='ocrx_word' id='word_1_522' title='bbox 859 3602 1044 3676; x_wconf 80' lang='grc' dir='ltr'>καλὸς,</span> <span class='ocrx_word' id='word_1_523' title='bbox 1079 3604 1167 3660; x_wconf 82' lang='grc' dir='ltr'>καὶ</span> <span class='ocrx_word' id='word_1_524' title='bbox 1197 3604 1292 3669; x_wconf 74' lang='grc' dir='ltr'>τὴν</span> <span class='ocrx_word' id='word_1_525' title='bbox 1351 3601 1542 3677; x_wconf 80' lang='grc' dir='ltr'>κώμην</span> <span class='ocrx_word' id='word_1_526' title='bbox 1601 3599 1713 3666; x_wconf 80' lang='grc' dir='ltr'>ξανθ</span> 
     </span>
    </p>
   </div>
   <div class='ocr_carea' id='block_1_74' title="bbox 2002 3595 3549 3678">
    <p class='ocr_par' dir='ltr' id='par_1_74' title="bbox 2005 3595 3549 3676">
     <span class='ocr_line' id='line_1_75' title="bbox 2005 3595 3549 3676; baseline 0.002 -20"><span class='ocrx_word' id='word_1_527' title='bbox 2005 3613 2177 3657; x_wconf 89' lang='lat' dir='ltr'>coma</span> <span class='ocrx_word' id='word_1_528' title='bbox 2230 3597 2436 3672; x_wconf 86' lang='lat' dir='ltr'>ﬂavus,</span> <span class='ocrx_word' id='word_1_529' title='bbox 2475 3614 2542 3658; x_wconf 91' lang='lat' dir='ltr'>ac</span> <span class='ocrx_word' id='word_1_530' title='bbox 2591 3597 2674 3673; x_wconf 90' lang='lat' dir='ltr'>(ut</span> <span class='ocrx_word' id='word_1_531' title='bbox 2735 3595 2938 3674; x_wconf 87' lang='lat' dir='ltr'>paucis</span> <span class='ocrx_word' id='word_1_532' title='bbox 2985 3597 3331 3676; x_wconf 85' lang='lat' dir='ltr'>expediam)</span> <span class='ocrx_word' id='word_1_533' title='bbox 3386 3609 3549 3659; x_wconf 87' lang='lat' dir='ltr'>certa</span> 
     </span>
    </p>
   </div>
   <div class='ocr_carea' id='block_1_75' title="bbox 165 3683 1712 3772">
    <p class='ocr_par' dir='ltr' id='par_1_75' title="bbox 165 3689 1712 3772">
     <span class='ocr_line' id='line_1_76' title="bbox 165 3689 1712 3772; baseline -0.001 -24"><span class='ocrx_word' id='word_1_534' title='bbox 165 3696 269 3772; x_wconf 77' lang='grc' dir='ltr'>καὶ,</span> <span class='ocrx_word' id='word_1_535' title='bbox 323 3691 632 3766; x_wconf 77' lang='grc' dir='ltr'>συνελόντα,</span> <span class='ocrx_word' id='word_1_536' title='bbox 690 3693 869 3771; x_wconf 59' lang='grc' dir='ltr'>φάναι,</span> <span class='ocrx_word' id='word_1_537' title='bbox 931 3689 1124 3770; x_wconf 76' lang='grc' dir='ltr'>ἀκριϐῆ</span> <span class='ocrx_word' id='word_1_538' title='bbox 1184 3690 1425 3762; x_wconf 71' lang='grc' dir='ltr'>σώζοντα</span> <span class='ocrx_word' id='word_1_539' title='bbox 1483 3692 1574 3747; x_wconf 80' lang='grc' dir='ltr'>τὸν</span> <span class='ocrx_word' id='word_1_540' title='bbox 1628 3714 1712 3770; x_wconf 71' lang='grc' dir='ltr'>χαι</span> 
     </span>
    </p>
   </div>
   <div class='ocr_carea' id='block_1_76' title="bbox 1996 3683 3543 3772">
    <p class='ocr_par' dir='ltr' id='par_1_76' title="bbox 1996 3683 3543 3766">
     <span class='ocr_line' id='line_1_77' title="bbox 1996 3683 3543 3766; baseline 0 -20"><span class='ocrx_word' id='word_1_541' title='bbox 1996 3693 2232 3746; x_wconf 77' lang='lat' dir='ltr'>&#39;vantem</span> <span class='ocrx_word' id='word_1_542' title='bbox 2291 3685 2458 3763; x_wconf 90' lang='lat' dir='ltr'>signa</span> <span class='ocrx_word' id='word_1_543' title='bbox 2510 3685 2899 3764; x_wconf 90' lang='lat' dir='ltr'>perspiciens,</span> <span class='ocrx_word' id='word_1_544' title='bbox 2937 3683 3204 3764; x_wconf 89' lang='lat' dir='ltr'>nihilque</span> <span class='ocrx_word' id='word_1_545' title='bbox 3250 3685 3543 3766; x_wconf 90' lang='lat' dir='ltr'>reliquum</span> 
     </span>
    </p>
   </div>
   <div class='ocr_carea' id='block_1_77' title="bbox 168 3772 1715 3860">
    <p class='ocr_par' dir='ltr' id='par_1_77' title="bbox 168 3777 1685 3860">
     <span class='ocr_line' id='line_1_78' title="bbox 168 3777 1685 3860; baseline 0.006 -32"><span class='ocrx_word' id='word_1_546' title='bbox 168 3785 327 3860; x_wconf 58' lang='grc' dir='ltr'>ιτῇρα</span> <span class='ocrx_word' id='word_1_547' title='bbox 371 3783 708 3850; x_wconf 71' lang='grc' dir='ltr'>κατανοήσας</span> <span class='ocrx_word' id='word_1_548' title='bbox 768 3783 855 3837; x_wconf 86' lang='grc' dir='ltr'>καὶ</span> <span class='ocrx_word' id='word_1_549' title='bbox 909 3783 981 3842; x_wconf 83' lang='grc' dir='ltr'>ὡς</span> <span class='ocrx_word' id='word_1_550' title='bbox 1039 3781 1132 3836; x_wconf 76' lang='grc' dir='ltr'>οὒκ</span> <span class='ocrx_word' id='word_1_551' title='bbox 1181 3779 1243 3835; x_wconf 77' lang='grc' dir='ltr'>ἂν</span> <span class='ocrx_word' id='word_1_552' title='bbox 1273 3777 1365 3846; x_wconf 76' lang='grc' dir='ltr'>εἴη</span> <span class='ocrx_word' id='word_1_553' title='bbox 1410 3782 1470 3836; x_wconf 83' lang='grc' dir='ltr'>τὸ</span> <span class='ocrx_word' id='word_1_554' title='bbox 1525 3779 1685 3836; x_wconf 82' lang='grc' dir='ltr'>λοιπὸ</span> 
     </span>
    </p>
   </div>
   <div class='ocr_carea' id='block_1_78' title="bbox 2000 3772 3547 3860">
    <p class='ocr_par' dir='ltr' id='par_1_78' title="bbox 2000 3772 3547 3854">
     <span class='ocr_line' id='line_1_79' title="bbox 2000 3772 3547 3854; baseline 0.001 -20"><span class='ocrx_word' id='word_1_555' title='bbox 2000 3791 2054 3846; x_wconf 91' lang='lat' dir='ltr'>e,</span> <span class='ocrx_word' id='word_1_556' title='bbox 2110 3774 2266 3851; x_wconf 90' lang='lat' dir='ltr'>quod</span> <span class='ocrx_word' id='word_1_557' title='bbox 2319 3791 2438 3834; x_wconf 90' lang='lat' dir='ltr'>non</span> <span class='ocrx_word' id='word_1_558' title='bbox 2484 3772 2709 3852; x_wconf 91' lang='lat' dir='ltr'>optime</span> <span class='ocrx_word' id='word_1_559' title='bbox 2756 3773 3097 3853; x_wconf 84' lang='lat' dir='ltr'>quadraret,</span> <span class='ocrx_word' id='word_1_560' title='bbox 3153 3792 3354 3835; x_wconf 92' lang='lat' dir='ltr'>secum</span> <span class='ocrx_word' id='word_1_561' title='bbox 3419 3775 3547 3854; x_wconf 90' lang='lat' dir='ltr'>ipse</span> 
     </span>
    </p>
   </div>
   <div class='ocr_carea' id='block_1_79' title="bbox 167 3860 1714 3949">
    <p class='ocr_par' dir='ltr' id='par_1_79' title="bbox 167 3867 1712 3949">
     <span class='ocr_line' id='line_1_80' title="bbox 167 3867 1712 3949; baseline -0.005 -19"><span class='ocrx_word' id='word_1_562' title='bbox 167 3871 417 3946; x_wconf 74' lang='grc' dir='ltr'>δοιάσιμα</span> <span class='ocrx_word' id='word_1_563' title='bbox 457 3873 589 3941; x_wconf 77' lang='grc' dir='ltr'>πρὸς</span> <span class='ocrx_word' id='word_1_564' title='bbox 637 3871 820 3926; x_wconf 75' lang='grc' dir='ltr'>ἑαυτὸν</span> <span class='ocrx_word' id='word_1_565' title='bbox 876 3869 1126 3945; x_wconf 80' lang='grc' dir='ltr'>εἰρηκώς·</span> <span class='ocrx_word' id='word_1_566' title='bbox 1185 3867 1343 3926; x_wconf 80' lang='grc' dir='ltr'>’Ἔδει</span> <span class='ocrx_word' id='word_1_567' title='bbox 1404 3869 1591 3949; x_wconf 75' lang='grc' dir='ltr'>φησὶν,</span> <span class='ocrx_word' id='word_1_568' title='bbox 1649 3870 1712 3943; x_wconf 77' lang='grc' dir='ltr'>ὕμ</span> 
     </span>
    </p>
   </div>
   <div class='ocr_carea' id='block_1_80' title="bbox 1997 3860 3544 3949">
    <p class='ocr_par' dir='ltr' id='par_1_80' title="bbox 1997 3860 3544 3942">
     <span class='ocr_line' id='line_1_81' title="bbox 1997 3860 3544 3942; baseline 0.002 -20"><span class='ocrx_word' id='word_1_569' title='bbox 1997 3860 2206 3940; x_wconf 82' lang='lat' dir='ltr'>lligens</span> <span class='ocrx_word' id='word_1_570' title='bbox 2241 3882 2254 3920; x_wconf 91' lang='lat'><strong>:</strong></span> <span class='ocrx_word' id='word_1_571' title='bbox 2312 3869 2572 3942; x_wconf 68' lang='lat' dir='ltr'>praestat,</span> <span class='ocrx_word' id='word_1_572' title='bbox 2605 3862 2826 3942; x_wconf 86' lang='lat' dir='ltr'>inquit,</span> <span class='ocrx_word' id='word_1_573' title='bbox 2877 3881 2997 3935; x_wconf 87' lang='lat' dir='ltr'>vos,</span> <span class='ocrx_word' id='word_1_574' title='bbox 3030 3861 3267 3935; x_wconf 81' lang='lat' dir='ltr'>fratres,</span> <span class='ocrx_word' id='word_1_575' title='bbox 3299 3863 3544 3925; x_wconf 88' lang='lat' dir='ltr'>omnino</span> 
     </span>
    </p>
   </div>
   <div class='ocr_carea' id='block_1_81' title="bbox 166 3949 1713 4039">
    <p class='ocr_par' dir='ltr' id='par_1_81' title="bbox 166 3956 1713 4039">
     <span class='ocr_line' id='line_1_82' title="bbox 166 3956 1713 4039; baseline -0.002 -22"><span class='ocrx_word' id='word_1_576' title='bbox 166 3961 401 4039; x_wconf 65' lang='grc' dir='ltr'>ἀδελφοὶ,</span> <span class='ocrx_word' id='word_1_577' title='bbox 449 3961 527 4034; x_wconf 85' lang='grc' dir='ltr'>τῷ</span> <span class='ocrx_word' id='word_1_578' title='bbox 557 3967 673 4033; x_wconf 82' lang='grc' dir='ltr'>Θεῷ</span> <span class='ocrx_word' id='word_1_579' title='bbox 731 3959 937 4024; x_wconf 83' lang='grc' dir='ltr'>πάντως</span> <span class='ocrx_word' id='word_1_580' title='bbox 968 3959 1127 4038; x_wconf 84' lang='grc' dir='ltr'>χάριν</span> <span class='ocrx_word' id='word_1_581' title='bbox 1184 3956 1497 4036; x_wconf 71' lang='grc' dir='ltr'>ὁμολογεῖν,</span> <span class='ocrx_word' id='word_1_582' title='bbox 1531 3957 1557 4014; x_wconf 80' lang='grc' dir='ltr'>ὅ</span> <span class='ocrx_word' id='word_1_583' title='bbox 1603 3981 1650 4014; x_wconf 89' lang='grc' dir='ltr'>τι</span> <span class='ocrx_word' id='word_1_584' title='bbox 1682 3983 1713 4014; x_wconf 83' lang='grc' dir='ltr'>π</span> 
     </span>
    </p>
   </div>
   <div class='ocr_carea' id='block_1_82' title="bbox 2001 3949 3548 4039">
    <p class='ocr_par' dir='ltr' id='par_1_82' title="bbox 2001 3949 3548 4039">
     <span class='ocr_line' id='line_1_83' title="bbox 2001 3949 3548 4039; baseline 0 -27"><span class='ocrx_word' id='word_1_585' title='bbox 2001 3969 2022 4012; x_wconf 74' lang='lat'><strong>3</strong></span> <span class='ocrx_word' id='word_1_586' title='bbox 2054 3950 2286 4039; x_wconf 86' lang='lat' dir='ltr'>gratias</span> <span class='ocrx_word' id='word_1_587' title='bbox 2334 3968 2536 4029; x_wconf 88' lang='lat' dir='ltr'>agere,</span> <span class='ocrx_word' id='word_1_588' title='bbox 2570 3949 3053 4031; x_wconf 87' lang='lat' dir='ltr'>quandoquidem</span> <span class='ocrx_word' id='word_1_589' title='bbox 3113 3951 3397 4033; x_wconf 87' lang='lat' dir='ltr'>quidquid</span> <span class='ocrx_word' id='word_1_590' title='bbox 3432 3971 3548 4013; x_wconf 87' lang='lat' dir='ltr'>un-</span> 
     </span>
    </p>
   </div>
   <div class='ocr_carea' id='block_1_83' title="bbox 167 4038 1714 4128">
    <p class='ocr_par' dir='ltr' id='par_1_83' title="bbox 167 4038 1714 4128">
     <span class='ocr_line' id='line_1_84' title="bbox 167 4038 1714 4128; baseline -0.001 -23"><span class='ocrx_word' id='word_1_591' title='bbox 167 4050 222 4105; x_wconf 74' lang='grc' dir='ltr'>ἂν</span> <span class='ocrx_word' id='word_1_592' title='bbox 374 4052 435 4105; x_wconf 73' lang='grc' dir='ltr'>τὸ</span> <span class='ocrx_word' id='word_1_593' title='bbox 494 4047 722 4128; x_wconf 75' lang='grc' dir='ltr'>συμϐὰν,</span> <span class='ocrx_word' id='word_1_594' title='bbox 753 4049 830 4121; x_wconf 84' lang='grc' dir='ltr'>τῷ</span> <span class='ocrx_word' id='word_1_595' title='bbox 871 4061 988 4111; x_wconf 74' lang='grc' dir='ltr'>τοῖς</span> <span class='ocrx_word' id='word_1_596' title='bbox 1032 4047 1280 4126; x_wconf 67' lang='grc' dir='ltr'>ἀρρήτοις</span> <span class='ocrx_word' id='word_1_597' title='bbox 1338 4048 1496 4104; x_wconf 70' lang='grc' dir='ltr'>αὐτοῦ</span> <span class='ocrx_word' id='word_1_598' title='bbox 1543 4049 1634 4103; x_wconf 83' lang='grc' dir='ltr'>καὶ</span> <span class='ocrx_word' id='word_1_599' title='bbox 1683 4048 1714 4104; x_wconf 85' lang='grc' dir='ltr'><strong>ἆ</strong></span> 
     </span>
    </p>
   </div>
   <div class='ocr_carea' id='block_1_84' title="bbox 1999 4038 3546 4128">
    <p class='ocr_par' dir='ltr' id='par_1_84' title="bbox 1999 4038 3546 4124">
     <span class='ocr_line' id='line_1_85' title="bbox 1999 4038 3546 4124; baseline 0.003 -24"><span class='ocrx_word' id='word_1_600' title='bbox 1999 4059 2074 4100; x_wconf 83' lang='lat' dir='ltr'>tm</span> <span class='ocrx_word' id='word_1_601' title='bbox 2127 4038 2365 4114; x_wconf 87' lang='lat' dir='ltr'>accidit,</span> <span class='ocrx_word' id='word_1_602' title='bbox 2400 4039 2472 4100; x_wconf 91' lang='lat' dir='ltr'>ad</span> <span class='ocrx_word' id='word_1_603' title='bbox 2525 4039 2728 4102; x_wconf 89' lang='lat' dir='ltr'>abdita</span> <span class='ocrx_word' id='word_1_604' title='bbox 2786 4040 2942 4101; x_wconf 90' lang='lat' dir='ltr'>illius</span> <span class='ocrx_word' id='word_1_605' title='bbox 3001 4048 3060 4102; x_wconf 94' lang='lat' dir='ltr'>et</span> <span class='ocrx_word' id='word_1_606' title='bbox 3112 4041 3408 4120; x_wconf 83' lang='lat' dir='ltr'>incognita</span> <span class='ocrx_word' id='word_1_607' title='bbox 3449 4044 3546 4124; x_wconf 90' lang='lat' dir='ltr'>ju-</span> 
     </span>
    </p>
   </div>
   <div class='ocr_carea' id='block_1_85' title="bbox 165 4127 1712 4214">
    <p class='ocr_par' dir='ltr' id='par_1_85' title="bbox 165 4135 1709 4214">
     <span class='ocr_line' id='line_1_86' title="bbox 165 4135 1709 4214; baseline -0.002 -18"><span class='ocrx_word' id='word_1_608' title='bbox 165 4141 442 4208; x_wconf 72' lang='grc' dir='ltr'>τανοήτοις</span> <span class='ocrx_word' id='word_1_609' title='bbox 504 4139 746 4214; x_wconf 67' lang='grc' dir='ltr'>κρίμασιν</span> <span class='ocrx_word' id='word_1_610' title='bbox 777 4138 916 4194; x_wconf 79' lang='grc' dir='ltr'>οὕτω</span> <span class='ocrx_word' id='word_1_611' title='bbox 974 4137 1144 4193; x_wconf 81' lang='grc' dir='ltr'>πάντα</span> <span class='ocrx_word' id='word_1_612' title='bbox 1201 4138 1559 4212; x_wconf 81' lang='grc' dir='ltr'>οἰκονομοῦντι</span> <span class='ocrx_word' id='word_1_613' title='bbox 1608 4135 1709 4193; x_wconf 81' lang='grc' dir='ltr'>καλ</span> 
     </span>
    </p>
   </div>
   <div class='ocr_carea' id='block_1_86' title="bbox 2001 4127 3548 4214">
    <p class='ocr_par' dir='ltr' id='par_1_86' title="bbox 2001 4127 3548 4209">
     <span class='ocr_line' id='line_1_87' title="bbox 2001 4127 3548 4209; baseline 0.002 -18"><span class='ocrx_word' id='word_1_614' title='bbox 2001 4129 2053 4191; x_wconf 91' lang='lat' dir='ltr'>ia</span> <span class='ocrx_word' id='word_1_615' title='bbox 2117 4130 2262 4209; x_wconf 86' lang='lat' dir='ltr'>(ipso</span> <span class='ocrx_word' id='word_1_616' title='bbox 2315 4127 2500 4208; x_wconf 84' lang='lat' dir='ltr'>probe</span> <span class='ocrx_word' id='word_1_617' title='bbox 2559 4130 2756 4189; x_wconf 76' lang='lat' dir='ltr'>omnia</span> <span class='ocrx_word' id='word_1_618' title='bbox 2809 4128 3198 4207; x_wconf 77' lang='lat' dir='ltr'>gubernante)</span> <span class='ocrx_word' id='word_1_619' title='bbox 3255 4139 3346 4192; x_wconf 88' lang='lat' dir='ltr'>est</span> <span class='ocrx_word' id='word_1_620' title='bbox 3396 4133 3548 4194; x_wconf 52' lang='lat' dir='ltr'><strong>refe.</strong></span> 
     </span>
    </p>
   </div>
   <div class='ocr_carea' id='block_1_87' title="bbox 166 4218 1713 4304">
    <p class='ocr_par' dir='ltr' id='par_1_87' title="bbox 166 4223 1713 4304">
     <span class='ocr_line' id='line_1_88' title="bbox 166 4223 1713 4304; baseline -0.002 -20"><span class='ocrx_word' id='word_1_621' title='bbox 166 4229 297 4286; x_wconf 79' lang='grc' dir='ltr'>ἇλλέι</span> <span class='ocrx_word' id='word_1_622' title='bbox 335 4232 417 4303; x_wconf 78' lang='grc' dir='ltr'>μὴ</span> <span class='ocrx_word' id='word_1_623' title='bbox 469 4227 636 4290; x_wconf 57' lang='grc' dir='ltr'>οὕτως</span> <span class='ocrx_word' id='word_1_624' title='bbox 698 4227 918 4304; x_wconf 74' lang='grc' dir='ltr'>ἀκρίτως</span> <span class='ocrx_word' id='word_1_625' title='bbox 981 4230 1194 4290; x_wconf 76' lang='grc' dir='ltr'>πενθεῖς</span> <span class='ocrx_word' id='word_1_626' title='bbox 1250 4229 1322 4288; x_wconf 84' lang='grc' dir='ltr'>ὡς</span> <span class='ocrx_word' id='word_1_627' title='bbox 1355 4228 1416 4281; x_wconf 73' lang='grc' dir='ltr'>ἄν</span> <span class='ocrx_word' id='word_1_628' title='bbox 1465 4223 1713 4282; x_wconf 79' lang='grc' dir='ltr'>ἀπολωλό</span> 
     </span>
    </p>
   </div>
   <div class='ocr_carea' id='block_1_88' title="bbox 1998 4218 3545 4304">
    <p class='ocr_par' dir='ltr' id='par_1_88' title="bbox 1998 4218 3545 4298">
     <span class='ocr_line' id='line_1_89' title="bbox 1998 4218 3545 4298; baseline 0.004 -21"><span class='ocrx_word' id='word_1_629' title='bbox 1998 4218 2146 4279; x_wconf 73' lang='lat' dir='ltr'>dum</span> <span class='ocrx_word' id='word_1_630' title='bbox 2183 4237 2196 4281; x_wconf 90' lang='lat'>:</span> <span class='ocrx_word' id='word_1_631' title='bbox 2259 4237 2377 4279; x_wconf 91' lang='lat' dir='ltr'>non</span> <span class='ocrx_word' id='word_1_632' title='bbox 2411 4224 2607 4278; x_wconf 90' lang='lat' dir='ltr'>autem</span> <span class='ocrx_word' id='word_1_633' title='bbox 2660 4219 2744 4277; x_wconf 90' lang='lat' dir='ltr'>sic</span> <span class='ocrx_word' id='word_1_634' title='bbox 2780 4218 3116 4278; x_wconf 89' lang='lat' dir='ltr'>inconsulto</span> <span class='ocrx_word' id='word_1_635' title='bbox 3161 4219 3392 4298; x_wconf 85' lang='lat' dir='ltr'>lugere,</span> <span class='ocrx_word' id='word_1_636' title='bbox 3426 4240 3545 4283; x_wconf 90' lang='lat' dir='ltr'>non</span> 
     </span>
    </p>
   </div>
   <div class='ocr_carea' id='block_1_89' title="bbox 169 4305 1716 4393">
    <p class='ocr_par' dir='ltr' id='par_1_89' title="bbox 169 4314 1716 4393">
     <span class='ocr_line' id='line_1_90' title="bbox 169 4314 1716 4393; baseline -0.001 -21"><span class='ocrx_word' id='word_1_637' title='bbox 169 4321 284 4391; x_wconf 70' lang='grc' dir='ltr'>ὑμῖν</span> <span class='ocrx_word' id='word_1_638' title='bbox 338 4317 443 4385; x_wconf 73' lang='grc' dir='ltr'>ἤδη</span> <span class='ocrx_word' id='word_1_639' title='bbox 499 4319 592 4372; x_wconf 78' lang='grc' dir='ltr'>τοῦ</span> <span class='ocrx_word' id='word_1_640' title='bbox 647 4316 855 4380; x_wconf 80' lang='grc' dir='ltr'>παιδός.</span> <span class='ocrx_word' id='word_1_641' title='bbox 917 4318 974 4373; x_wconf 79' lang='grc' dir='ltr'>Εἰ</span> <span class='ocrx_word' id='word_1_642' title='bbox 1027 4317 1126 4392; x_wconf 78' lang='grc' dir='ltr'>γὰρ</span> <span class='ocrx_word' id='word_1_643' title='bbox 1186 4318 1269 4371; x_wconf 65' lang='grc' dir='ltr'>καὶ</span> <span class='ocrx_word' id='word_1_644' title='bbox 1325 4317 1452 4391; x_wconf 72' lang='grc' dir='ltr'>ὑμῖν</span> <span class='ocrx_word' id='word_1_645' title='bbox 1506 4314 1716 4393; x_wconf 65' lang='grc' dir='ltr'>ἂποκέκε</span> 
     </span>
    </p>
   </div>
   <div class='ocr_carea' id='block_1_90' title="bbox 1997 4305 3544 4393">
    <p class='ocr_par' dir='ltr' id='par_1_90' title="bbox 1997 4305 3544 4390">
     <span class='ocr_line' id='line_1_91' title="bbox 1997 4305 3544 4390; baseline 0.001 -21"><span class='ocrx_word' id='word_1_646' title='bbox 1997 4325 2064 4369; x_wconf 95' lang='lat' dir='ltr'>us</span> <span class='ocrx_word' id='word_1_647' title='bbox 2121 4325 2287 4382; x_wconf 89' lang='lat' dir='ltr'>sane,</span> <span class='ocrx_word' id='word_1_648' title='bbox 2327 4325 2395 4368; x_wconf 89' lang='lat' dir='ltr'>ac</span> <span class='ocrx_word' id='word_1_649' title='bbox 2428 4306 2480 4368; x_wconf 90' lang='lat' dir='ltr'>si</span> <span class='ocrx_word' id='word_1_650' title='bbox 2540 4305 2701 4367; x_wconf 82' lang='lat' dir='ltr'>ﬁlius</span> <span class='ocrx_word' id='word_1_651' title='bbox 2731 4315 2932 4366; x_wconf 90' lang='lat' dir='ltr'>vester</span> <span class='ocrx_word' id='word_1_652' title='bbox 2983 4307 3146 4368; x_wconf 90' lang='lat' dir='ltr'>vobis</span> <span class='ocrx_word' id='word_1_653' title='bbox 3185 4309 3544 4390; x_wconf 87' lang='lat' dir='ltr'>jampridem</span> 
     </span>
    </p>
   </div>
   <div class='ocr_carea' id='block_1_91' title="bbox 168 4393 1715 4482">
    <p class='ocr_par' dir='ltr' id='par_1_91' title="bbox 168 4402 1715 4482">
     <span class='ocr_line' id='line_1_92' title="bbox 168 4402 1715 4482; baseline -0.002 -20"><span class='ocrx_word' id='word_1_654' title='bbox 168 4429 283 4463; x_wconf 74' lang='grc' dir='ltr'>πται</span> <span class='ocrx_word' id='word_1_655' title='bbox 337 4407 576 4477; x_wconf 81' lang='grc' dir='ltr'>πάντως,</span> <span class='ocrx_word' id='word_1_656' title='bbox 614 4403 748 4461; x_wconf 81' lang='grc' dir='ltr'>ἀλλὰ</span> <span class='ocrx_word' id='word_1_657' title='bbox 798 4426 858 4482; x_wconf 88' lang='grc' dir='ltr'>γε</span> <span class='ocrx_word' id='word_1_658' title='bbox 916 4411 991 4478; x_wconf 81' lang='grc' dir='ltr'>τῷ</span> <span class='ocrx_word' id='word_1_659' title='bbox 1022 4405 1137 4478; x_wconf 88' lang='grc' dir='ltr'>Θεῷ</span> <span class='ocrx_word' id='word_1_660' title='bbox 1192 4402 1350 4472; x_wconf 73' lang='grc' dir='ltr'>δῆλός</span> <span class='ocrx_word' id='word_1_661' title='bbox 1396 4404 1533 4464; x_wconf 82' lang='grc' dir='ltr'>ἐστι.</span> <span class='ocrx_word' id='word_1_662' title='bbox 1594 4404 1715 4461; x_wconf 72' lang='grc' dir='ltr'>Τούτ</span> 
     </span>
    </p>
   </div>
   <div class='ocr_carea' id='block_1_92' title="bbox 1994 4393 3541 4482">
    <p class='ocr_par' dir='ltr' id='par_1_92' title="bbox 1994 4393 3541 4482">
     <span class='ocr_line' id='line_1_93' title="bbox 1994 4393 3541 4482; baseline 0.001 -26"><span class='ocrx_word' id='word_1_663' title='bbox 1994 4414 2130 4457; x_wconf 69' lang='grc' dir='ltr'>ιευῐῐι</span> <span class='ocrx_word' id='word_1_664' title='bbox 2162 4396 2406 4458; x_wconf 88' lang='lat' dir='ltr'>abiisset</span> <span class='ocrx_word' id='word_1_665' title='bbox 2441 4417 2456 4476; x_wconf 82' lang='lat'><strong>;</strong></span> <span class='ocrx_word' id='word_1_666' title='bbox 2512 4396 2652 4456; x_wconf 86' lang='lat' dir='ltr'>licet</span> <span class='ocrx_word' id='word_1_667' title='bbox 2686 4394 2844 4456; x_wconf 92' lang='lat' dir='ltr'><strong>enim</strong></span> <span class='ocrx_word' id='word_1_668' title='bbox 2900 4393 3084 4482; x_wconf 84' lang='lat' dir='ltr'>is_vos</span> <span class='ocrx_word' id='word_1_669' title='bbox 3129 4397 3325 4470; x_wconf 88' lang='lat' dir='ltr'>lateat,</span> <span class='ocrx_word' id='word_1_670' title='bbox 3357 4397 3541 4460; x_wconf 89' lang='lat' dir='ltr'>nihilo</span> 
     </span>
    </p>
   </div>
   <div class='ocr_carea' id='block_1_93' title="bbox 169 4460 1716 4572">
    <p class='ocr_par' dir='ltr' id='par_1_93' title="bbox 169 4460 1709 4572">
     <span class='ocr_line' id='line_1_94' title="bbox 189 4460 1620 4482; baseline -0.001 -20"><span class='ocrx_word' id='word_1_671' title='bbox 344 4460 434 4463; x_wconf 34' lang='grc' dir='ltr'>ην</span> <span class='ocrx_word' id='word_1_672' title='bbox 538 4460 576 4477; x_wconf 80' lang='grc'>,,</span> <span class='ocrx_word' id='word_1_673' title='bbox 639 4460 642 4461; x_wconf 65' lang='lat'>,</span> <span class='ocrx_word' id='word_1_674' title='bbox 813 4460 824 4482; x_wconf 69' lang='grc'>,</span> <span class='ocrx_word' id='word_1_675' title='bbox 964 4460 976 4478; x_wconf 48' lang='grc' dir='ltr'>ι</span> <span class='ocrx_word' id='word_1_676' title='bbox 1111 4460 1120 4478; x_wconf 69' lang='grc'>,</span> <span class='ocrx_word' id='word_1_677' title='bbox 1246 4460 1257 4472; x_wconf 84' lang='grc'>,</span> <span class='ocrx_word' id='word_1_678' title='bbox 1338 4460 1349 4468; x_wconf 89' lang='grc'>,</span> <span class='ocrx_word' id='word_1_679' title='bbox 1519 4460 1532 4464; x_wconf 92' lang='lat'>_</span> <span class='ocrx_word' id='word_1_680' title='bbox 1609 4460 1620 4461; x_wconf 46' lang='grc' dir='ltr'><em>η</em></span> 
     </span>
     <span class='ocr_line' id='line_1_95' title="bbox 169 4491 1709 4572; baseline -0.001 -23"><span class='ocrx_word' id='word_1_681' title='bbox 169 4497 194 4549; x_wconf 87' lang='lat'>6</span> <span class='ocrx_word' id='word_1_682' title='bbox 250 4497 486 4572; x_wconf 74' lang='grc' dir='ltr'>Χαρίτον</span> <span class='ocrx_word' id='word_1_683' title='bbox 555 4493 780 4558; x_wconf 73' lang='grc' dir='ltr'>ἄκουσας</span> <span class='ocrx_word' id='word_1_684' title='bbox 838 4494 924 4549; x_wconf 85' lang='grc' dir='ltr'>καὶ</span> <span class='ocrx_word' id='word_1_685' title='bbox 991 4491 1168 4554; x_wconf 81' lang='grc' dir='ltr'>ἄλλως</span> <span class='ocrx_word' id='word_1_686' title='bbox 1255 4493 1583 4570; x_wconf 76' lang='grc' dir='ltr'>παραμυθίας</span> <span class='ocrx_word' id='word_1_687' title='bbox 1655 4492 1709 4548; x_wconf 75' lang='grc' dir='ltr'>ἓν</span> 
     </span>
    </p>
   </div>
   <div class='ocr_carea' id='block_1_94' title="bbox 1997 4460 3544 4572">
    <p class='ocr_par' dir='ltr' id='par_1_94' title="bbox 1997 4460 3544 4548">
     <span class='ocr_line' id='line_1_96' title="bbox 1997 4460 3544 4548; baseline 0.003 -4"><span class='ocrx_word' id='word_1_688' title='bbox 1997 4503 2092 4545; x_wconf 76' lang='lat' dir='ltr'>ten</span> <span class='ocrx_word' id='word_1_689' title='bbox 2123 4486 2322 4546; x_wconf 87' lang='lat' dir='ltr'>minus</span> <span class='ocrx_word' id='word_1_690' title='bbox 2353 4460 2475 4548; x_wconf 73' lang='lat' dir='ltr'>Deo</span> <span class='ocrx_word' id='word_1_691' title='bbox 2526 4493 2618 4547; x_wconf 91' lang='lat' dir='ltr'>est</span> <span class='ocrx_word' id='word_1_692' title='bbox 2655 4473 3035 4545; x_wconf 81' lang='lat' dir='ltr'>manifestus.</span> <span class='ocrx_word' id='word_1_693' title='bbox 3069 4483 3206 4546; x_wconf 64' lang='lat' dir='ltr'>Haec</span> <span class='ocrx_word' id='word_1_694' title='bbox 3235 4504 3364 4546; x_wconf 86' lang='lat' dir='ltr'>cum</span> <span class='ocrx_word' id='word_1_695' title='bbox 3401 4486 3544 4548; x_wconf 89' lang='lat' dir='ltr'>Cha-</span> 
     </span>
    </p>
   </div>
   <div class='ocr_carea' id='block_1_95' title="bbox 173 4573 1720 4662">
    <p class='ocr_par' dir='ltr' id='par_1_95' title="bbox 173 4581 1720 4660">
     <span class='ocr_line' id='line_1_97' title="bbox 173 4581 1720 4660; baseline 0.001 -22"><span class='ocrx_word' id='word_1_696' title='bbox 173 4587 252 4639; x_wconf 75' lang='grc' dir='ltr'>τὸν</span> <span class='ocrx_word' id='word_1_697' title='bbox 308 4583 466 4660; x_wconf 78' lang='grc' dir='ltr'>λόγον</span> <span class='ocrx_word' id='word_1_698' title='bbox 523 4584 757 4660; x_wconf 61' lang='grc' dir='ltr'>εἰρῆσθαι</span> <span class='ocrx_word' id='word_1_699' title='bbox 819 4585 1065 4655; x_wconf 76' lang='grc' dir='ltr'>νομίζων·</span> <span class='ocrx_word' id='word_1_700' title='bbox 1144 4591 1306 4640; x_wconf 87' lang='grc' dir='ltr'>Τοῦτο</span> <span class='ocrx_word' id='word_1_701' title='bbox 1364 4586 1462 4658; x_wconf 82' lang='grc' dir='ltr'>μὲν</span> <span class='ocrx_word' id='word_1_702' title='bbox 1522 4585 1632 4654; x_wconf 86' lang='grc' dir='ltr'>οῦν,</span> <span class='ocrx_word' id='word_1_703' title='bbox 1680 4581 1720 4639; x_wconf 76' lang='grc' dir='ltr'>ἔς</span> 
     </span>
    </p>
   </div>
   <div class='ocr_carea' id='block_1_96' title="bbox 1998 4573 3545 4662">
    <p class='ocr_par' dir='ltr' id='par_1_96' title="bbox 1998 4573 3545 4652">
     <span class='ocr_line' id='line_1_98' title="bbox 1998 4573 3545 4652; baseline 0.004 -21"><span class='ocrx_word' id='word_1_704' title='bbox 1998 4593 2048 4635; x_wconf 70' lang='grc' dir='ltr'>»η</span> <span class='ocrx_word' id='word_1_705' title='bbox 2118 4574 2408 4649; x_wconf 85' lang='lat' dir='ltr'>audisset,</span> <span class='ocrx_word' id='word_1_706' title='bbox 2467 4592 2534 4634; x_wconf 87' lang='lat' dir='ltr'>ac</span> <span class='ocrx_word' id='word_1_707' title='bbox 2612 4573 2909 4652; x_wconf 80' lang='lat' dir='ltr'>ejusmodi</span> <span class='ocrx_word' id='word_1_708' title='bbox 2963 4574 3141 4635; x_wconf 90' lang='lat' dir='ltr'>verba</span> <span class='ocrx_word' id='word_1_709' title='bbox 3190 4575 3281 4634; x_wconf 92' lang='lat' dir='ltr'>sui</span> <span class='ocrx_word' id='word_1_710' title='bbox 3336 4593 3545 4637; x_wconf 83' lang='lat' dir='ltr'>conso-</span> 
     </span>
    </p>
   </div>
   <div class='ocr_carea' id='block_1_97' title="bbox 177 4662 1724 4750">
    <p class='ocr_par' dir='ltr' id='par_1_97' title="bbox 177 4669 1722 4750">
     <span class='ocr_line' id='line_1_99' title="bbox 177 4669 1722 4750; baseline 0 -22"><span class='ocrx_word' id='word_1_711' title='bbox 177 4671 488 4739; x_wconf 71' lang='grc' dir='ltr'>πανάληθες·</span> <span class='ocrx_word' id='word_1_712' title='bbox 546 4674 590 4728; x_wconf 81' lang='grc' dir='ltr'>εἰ</span> <span class='ocrx_word' id='word_1_713' title='bbox 631 4672 731 4750; x_wconf 78' lang='grc' dir='ltr'>γὰρ</span> <span class='ocrx_word' id='word_1_714' title='bbox 788 4671 923 4728; x_wconf 79' lang='grc' dir='ltr'>κατᾶ</span> <span class='ocrx_word' id='word_1_715' title='bbox 971 4671 1183 4748; x_wconf 64' lang='grc' dir='ltr'>Γραφὴδ</span> <span class='ocrx_word' id='word_1_716' title='bbox 1237 4669 1364 4743; x_wconf 74' lang='grc' dir='ltr'>ᾅδης</span> <span class='ocrx_word' id='word_1_717' title='bbox 1422 4672 1508 4727; x_wconf 83' lang='grc' dir='ltr'>καὶ</span> <span class='ocrx_word' id='word_1_718' title='bbox 1568 4671 1722 4728; x_wconf 84' lang='grc' dir='ltr'>ἆπώλ</span> 
     </span>
    </p>
   </div>
   <div class='ocr_carea' id='block_1_98' title="bbox 1990 4662 3537 4750">
    <p class='ocr_par' dir='ltr' id='par_1_98' title="bbox 1997 4662 3537 4742">
     <span class='ocr_line' id='line_1_100' title="bbox 1997 4662 3537 4742; baseline 0.001 -18"><span class='ocrx_word' id='word_1_719' title='bbox 1997 4662 2056 4724; x_wconf 93' lang='lat' dir='ltr'><strong>di</strong></span> <span class='ocrx_word' id='word_1_720' title='bbox 2113 4663 2296 4742; x_wconf 87' lang='lat' dir='ltr'>gratia</span> <span class='ocrx_word' id='word_1_721' title='bbox 2344 4663 2474 4723; x_wconf 84' lang='lat' dir='ltr'>ﬁeri</span> <span class='ocrx_word' id='word_1_722' title='bbox 2539 4663 2841 4723; x_wconf 78' lang='lat' dir='ltr'>incassum</span> <span class='ocrx_word' id='word_1_723' title='bbox 2903 4662 3330 4725; x_wconf 80' lang='lat' dir='ltr'>arbitraretur:</span> <span class='ocrx_word' id='word_1_724' title='bbox 3389 4664 3537 4742; x_wconf 91' lang='lat' dir='ltr'>Hoc,</span> 
     </span>
    </p>
   </div>
   <div class='ocr_carea' id='block_1_99' title="bbox 179 4751 1726 4838">
    <p class='ocr_par' dir='ltr' id='par_1_99' title="bbox 179 4757 1726 4838">
     <span class='ocr_line' id='line_1_101' title="bbox 179 4757 1726 4838; baseline 0 -22"><span class='ocrx_word' id='word_1_725' title='bbox 179 4762 365 4837; x_wconf 74' lang='grc' dir='ltr'>οανερέι</span> <span class='ocrx_word' id='word_1_726' title='bbox 420 4760 564 4837; x_wconf 80' lang='grc' dir='ltr'>παρᾶ</span> <span class='ocrx_word' id='word_1_727' title='bbox 626 4761 816 4838; x_wconf 75' lang='grc' dir='ltr'>Κυρίῳ,</span> <span class='ocrx_word' id='word_1_728' title='bbox 849 4761 962 4823; x_wconf 81' lang='grc' dir='ltr'>πῶς</span> <span class='ocrx_word' id='word_1_729' title='bbox 1022 4759 1143 4838; x_wconf 72' lang='grc' dir='ltr'>οῦχὶ</span> <span class='ocrx_word' id='word_1_730' title='bbox 1190 4759 1278 4815; x_wconf 80' lang='grc' dir='ltr'>καὶ</span> <span class='ocrx_word' id='word_1_731' title='bbox 1337 4761 1387 4814; x_wconf 75' lang='grc' dir='ltr'>αἱ</span> <span class='ocrx_word' id='word_1_732' title='bbox 1447 4757 1646 4838; x_wconf 79' lang='grc' dir='ltr'>καρδίαι</span> <span class='ocrx_word' id='word_1_733' title='bbox 1705 4784 1726 4816; x_wconf 83' lang='grc' dir='ltr'>τ</span> 
     </span>
    </p>
   </div>
   <div class='ocr_carea' id='block_1_100' title="bbox 1990 4751 3537 4838">
    <p class='ocr_par' dir='ltr' id='par_1_100' title="bbox 1990 4751 3537 4830">
     <span class='ocr_line' id='line_1_102' title="bbox 1990 4751 3537 4830; baseline 0.001 -18"><span class='ocrx_word' id='word_1_734' title='bbox 1990 4760 2072 4814; x_wconf 83' lang='lat' dir='ltr'>ter</span> <span class='ocrx_word' id='word_1_735' title='bbox 2103 4751 2250 4830; x_wconf 80' lang='lat' dir='ltr'>(ait),</span> <span class='ocrx_word' id='word_1_736' title='bbox 2285 4769 2486 4812; x_wconf 88' lang='lat' dir='ltr'>verum</span> <span class='ocrx_word' id='word_1_737' title='bbox 2520 4768 2652 4812; x_wconf 93' lang='lat' dir='ltr'>esse</span> <span class='ocrx_word' id='word_1_738' title='bbox 2710 4751 2953 4811; x_wconf 80' lang='lat' dir='ltr'>omnino</span> <span class='ocrx_word' id='word_1_739' title='bbox 3006 4751 3192 4813; x_wconf 82' lang='lat' dir='ltr'>fateor</span> <span class='ocrx_word' id='word_1_740' title='bbox 3225 4771 3238 4814; x_wconf 95' lang='lat'>:</span> <span class='ocrx_word' id='word_1_741' title='bbox 3275 4753 3325 4814; x_wconf 90' lang='lat' dir='ltr'>si</span> <span class='ocrx_word' id='word_1_742' title='bbox 3378 4753 3537 4814; x_wconf 90' lang='lat' dir='ltr'>enim</span> 
     </span>
    </p>
   </div>
   <div class='ocr_carea' id='block_1_101' title="bbox 177 4839 1724 4928">
    <p class='ocr_par' dir='ltr' id='par_1_101' title="bbox 177 4847 1720 4928">
     <span class='ocr_line' id='line_1_103' title="bbox 177 4847 1720 4928; baseline 0.001 -24"><span class='ocrx_word' id='word_1_743' title='bbox 177 4849 508 4923; x_wconf 67' lang='grc' dir='ltr'>ἀνθρώπωνδ</span> <span class='ocrx_word' id='word_1_744' title='bbox 584 4849 627 4902; x_wconf 83' lang='grc' dir='ltr'>εἷ</span> <span class='ocrx_word' id='word_1_745' title='bbox 696 4848 867 4903; x_wconf 80' lang='grc' dir='ltr'>τοίνυν</span> <span class='ocrx_word' id='word_1_746' title='bbox 935 4847 1030 4903; x_wconf 75' lang='grc' dir='ltr'>καί</span> <span class='ocrx_word' id='word_1_747' title='bbox 1100 4848 1412 4928; x_wconf 75' lang='grc' dir='ltr'>πεφόνευται</span> <span class='ocrx_word' id='word_1_748' title='bbox 1498 4850 1559 4904; x_wconf 79' lang='grc' dir='ltr'>τὸ</span> <span class='ocrx_word' id='word_1_749' title='bbox 1629 4850 1720 4906; x_wconf 82' lang='grc' dir='ltr'>τέκ</span> 
     </span>
    </p>
   </div>
   <div class='ocr_carea' id='block_1_102' title="bbox 1991 4839 3538 4928">
    <p class='ocr_par' dir='ltr' id='par_1_102' title="bbox 2018 4839 3538 4921">
     <span class='ocr_line' id='line_1_104' title="bbox 2018 4839 3538 4921; baseline -0.001 -18"><span class='ocrx_word' id='word_1_750' title='bbox 2018 4840 2233 4903; x_wconf 86' lang='lat' dir='ltr'>divinis</span> <span class='ocrx_word' id='word_1_751' title='bbox 2265 4840 2512 4921; x_wconf 76' lang='lat' dir='ltr'>Scriptis</span> <span class='ocrx_word' id='word_1_752' title='bbox 2561 4839 2740 4901; x_wconf 82' lang='lat' dir='ltr'>inferi</span> <span class='ocrx_word' id='word_1_753' title='bbox 2773 4848 2832 4902; x_wconf 92' lang='lat' dir='ltr'>et</span> <span class='ocrx_word' id='word_1_754' title='bbox 2888 4840 3158 4902; x_wconf 87' lang='lat' dir='ltr'>interitus</span> <span class='ocrx_word' id='word_1_755' title='bbox 3188 4840 3372 4903; x_wconf 91' lang='lat' dir='ltr'>Deum</span> <span class='ocrx_word' id='word_1_756' title='bbox 3419 4861 3538 4902; x_wconf 92' lang='lat' dir='ltr'>non</span> 
     </span>
    </p>
   </div>
   <div class='ocr_carea' id='block_1_103' title="bbox 176 4930 1723 5017">
    <p class='ocr_par' dir='ltr' id='par_1_103' title="bbox 176 4935 1723 5017">
     <span class='ocr_line' id='line_1_105' title="bbox 176 4935 1723 5017; baseline 0.002 -25"><span class='ocrx_word' id='word_1_757' title='bbox 176 4938 342 5010; x_wconf 74' lang='grc' dir='ltr'>ἡμῶν,</span> <span class='ocrx_word' id='word_1_758' title='bbox 378 4935 499 4992; x_wconf 79' lang='grc' dir='ltr'>ἀλλ’</span> <span class='ocrx_word' id='word_1_759' title='bbox 549 4957 639 4993; x_wconf 89' lang='grc' dir='ltr'>ουν</span> <span class='ocrx_word' id='word_1_760' title='bbox 674 4935 704 5002; x_wconf 70' lang='grc' dir='ltr'>ἦ</span> <span class='ocrx_word' id='word_1_761' title='bbox 753 4937 936 4993; x_wconf 86' lang='grc' dir='ltr'>τούτου</span> <span class='ocrx_word' id='word_1_762' title='bbox 969 4937 1122 5016; x_wconf 76' lang='grc' dir='ltr'>ψυχὴ</span> <span class='ocrx_word' id='word_1_763' title='bbox 1175 4936 1228 4992; x_wconf 79' lang='grc' dir='ltr'>ἐν</span> <span class='ocrx_word' id='word_1_764' title='bbox 1263 4938 1416 5017; x_wconf 78' lang='grc' dir='ltr'>χερσὶ</span> <span class='ocrx_word' id='word_1_765' title='bbox 1447 4937 1658 5001; x_wconf 85' lang='grc' dir='ltr'>πάντως</span> <span class='ocrx_word' id='word_1_766' title='bbox 1703 4961 1723 4995; x_wconf 92' lang='grc' dir='ltr'>ε</span> 
     </span>
    </p>
   </div>
   <div class='ocr_carea' id='block_1_104' title="bbox 1987 4930 3534 5017">
    <p class='ocr_par' dir='ltr' id='par_1_104' title="bbox 1987 4930 3534 5012">
     <span class='ocr_line' id='line_1_106' title="bbox 1987 4930 3534 5012; baseline -0.001 -19"><span class='ocrx_word' id='word_1_767' title='bbox 1987 4940 2100 5006; x_wconf 86' lang='lat' dir='ltr'>ent,</span> <span class='ocrx_word' id='word_1_768' title='bbox 2148 4931 2444 5012; x_wconf 91' lang='lat' dir='ltr'>quomodo</span> <span class='ocrx_word' id='word_1_769' title='bbox 2481 4950 2597 4992; x_wconf 92' lang='lat' dir='ltr'>non</span> <span class='ocrx_word' id='word_1_770' title='bbox 2658 4930 2834 4992; x_wconf 85' lang='lat' dir='ltr'>etiam</span> <span class='ocrx_word' id='word_1_771' title='bbox 2867 4930 3174 4991; x_wconf 90' lang='lat' dir='ltr'>hominum</span> <span class='ocrx_word' id='word_1_772' title='bbox 3227 4931 3408 4991; x_wconf 89' lang='lat' dir='ltr'>corda</span> <span class='ocrx_word' id='word_1_773' title='bbox 3453 4931 3534 4991; x_wconf 91' lang='lat' dir='ltr'><strong>illi</strong></span> 
     </span>
    </p>
   </div>
   <div class='ocr_carea' id='block_1_105' title="bbox 177 5019 1724 5102">
    <p class='ocr_par' dir='ltr' id='par_1_105' title="bbox 177 5025 1264 5102">
     <span class='ocr_line' id='line_1_107' title="bbox 177 5025 1264 5102; baseline -0.001 -22"><span class='ocrx_word' id='word_1_774' title='bbox 177 5034 260 5084; x_wconf 84' lang='grc' dir='ltr'>τοῦ</span> <span class='ocrx_word' id='word_1_775' title='bbox 287 5033 436 5089; x_wconf 77' lang='grc' dir='ltr'>Θεοῦ.</span> <span class='ocrx_word' id='word_1_776' title='bbox 470 5027 564 5084; x_wconf 84' lang='grc' dir='ltr'>Ταὶ</span> <span class='ocrx_word' id='word_1_777' title='bbox 595 5033 756 5082; x_wconf 86' lang='grc' dir='ltr'>ταῦτα</span> <span class='ocrx_word' id='word_1_778' title='bbox 800 5027 898 5102; x_wconf 77' lang='grc' dir='ltr'>μὲν</span> <span class='ocrx_word' id='word_1_779' title='bbox 931 5028 958 5082; x_wconf 82' lang='grc' dir='ltr'>ὁ</span> <span class='ocrx_word' id='word_1_780' title='bbox 1001 5025 1264 5100; x_wconf 79' lang='grc' dir='ltr'>Χαρίτων.</span> 
     </span>
    </p>
   </div>
   <div class='ocr_carea' id='block_1_106' title="bbox 1985 5019 3532 5102">
    <p class='ocr_par' dir='ltr' id='par_1_106' title="bbox 1985 5019 3532 5083">
     <span class='ocr_line' id='line_1_108' title="bbox 1985 5019 3532 5083; baseline -0.003 -1"><span class='ocrx_word' id='word_1_781' title='bbox 1985 5029 2072 5083; x_wconf 84' lang='lat' dir='ltr'>int</span> <span class='ocrx_word' id='word_1_782' title='bbox 2101 5019 2467 5082; x_wconf 80' lang='lat' dir='ltr'>manifesta?</span> <span class='ocrx_word' id='word_1_783' title='bbox 2519 5019 2779 5082; x_wconf 88' lang='lat' dir='ltr'>Proinde</span> <span class='ocrx_word' id='word_1_784' title='bbox 2807 5019 2856 5078; x_wconf 91' lang='lat' dir='ltr'>si</span> <span class='ocrx_word' id='word_1_785' title='bbox 2918 5027 2975 5079; x_wconf 87' lang='lat' dir='ltr'>et</span> <span class='ocrx_word' id='word_1_786' title='bbox 3003 5019 3158 5079; x_wconf 82' lang='lat' dir='ltr'>ﬁlius</span> <span class='ocrx_word' id='word_1_787' title='bbox 3188 5027 3387 5079; x_wconf 87' lang='lat' dir='ltr'>noster</span> <span class='ocrx_word' id='word_1_788' title='bbox 3438 5019 3532 5079; x_wconf 92' lang='lat' dir='ltr'>in-</span> 
     </span>
    </p>
   </div>
   <div class='ocr_carea' id='block_1_107' title="bbox 1894 5105 3536 5190">
    <p class='ocr_par' dir='ltr' id='par_1_107' title="bbox 1894 5105 3536 5190">
     <span class='ocr_line' id='line_1_109' title="bbox 1894 5105 3536 5190; baseline -0.002 -18"><span class='ocrx_word' id='word_1_789' title='bbox 1894 5112 2077 5189; x_wconf 90' lang='lat' dir='ltr'>teriit,</span> <span class='ocrx_word' id='word_1_790' title='bbox 2112 5113 2239 5190; x_wconf 86' lang='lat' dir='ltr'>ejus</span> <span class='ocrx_word' id='word_1_791' title='bbox 2269 5110 2529 5173; x_wconf 88' lang='lat' dir='ltr'>animam</span> <span class='ocrx_word' id='word_1_792' title='bbox 2565 5107 2771 5168; x_wconf 87' lang='lat' dir='ltr'>saltem</span> <span class='ocrx_word' id='word_1_793' title='bbox 2804 5105 2910 5166; x_wconf 93' lang='lat' dir='ltr'>Dei</span> <span class='ocrx_word' id='word_1_794' title='bbox 2941 5105 3213 5167; x_wconf 93' lang='lat' dir='ltr'>manibus</span> <span class='ocrx_word' id='word_1_795' title='bbox 3243 5108 3536 5174; x_wconf 88' lang='lat' dir='ltr'>contineri</span> 
     </span>
    </p>
   </div>
   <div class='ocr_carea' id='block_1_108' title="bbox 1884 5195 3530 5275">
    <p class='ocr_par' dir='ltr' id='par_1_108' title="bbox 1884 5195 3530 5275">
     <span class='ocr_line' id='line_1_110' title="bbox 1884 5195 3530 5275; baseline -0.004 -13"><span class='ocrx_word' id='word_1_796' title='bbox 1884 5199 2254 5262; x_wconf 85' lang='lat' dir='ltr'>credendum</span> <span class='ocrx_word' id='word_1_797' title='bbox 2288 5207 2398 5259; x_wconf 89' lang='lat' dir='ltr'>est.</span> <span class='ocrx_word' id='word_1_798' title='bbox 2427 5202 2618 5275; x_wconf 86' lang='lat' dir='ltr'>Atque</span> <span class='ocrx_word' id='word_1_799' title='bbox 2642 5195 2930 5256; x_wconf 87' lang='lat' dir='ltr'>hactenus</span> <span class='ocrx_word' id='word_1_800' title='bbox 2952 5195 3195 5271; x_wconf 90' lang='lat' dir='ltr'>quidem</span> <span class='ocrx_word' id='word_1_801' title='bbox 3224 5195 3530 5257; x_wconf 90' lang='lat' dir='ltr'>Chariton.</span> 
     </span>
    </p>
   </div>
   <div class='ocr_carea' id='block_1_109' title="bbox 251 5283 1798 5372">
    <p class='ocr_par' dir='ltr' id='par_1_109' title="bbox 251 5291 1798 5372">
     <span class='ocr_line' id='line_1_111' title="bbox 251 5291 1798 5372; baseline -0.003 -20"><span class='ocrx_word' id='word_1_802' title='bbox 251 5293 354 5356; x_wconf 75' lang='lat' dir='ltr'>III&#39;.</span> <span class='ocrx_word' id='word_1_803' title='bbox 419 5293 482 5351; x_wconf 79' lang='grc' dir='ltr'>Ἠ</span> <span class='ocrx_word' id='word_1_804' title='bbox 532 5291 588 5348; x_wconf 73' lang='grc' dir='ltr'>δὲ</span> <span class='ocrx_word' id='word_1_805' title='bbox 631 5297 723 5350; x_wconf 88' lang='grc' dir='ltr'>τοῦ</span> <span class='ocrx_word' id='word_1_806' title='bbox 765 5298 800 5347; x_wconf 89' lang='grc' dir='ltr'><strong><em>Γ</em></strong></span> <span class='ocrx_word' id='word_1_807' title='bbox 805 5294 1053 5371; x_wconf 81' lang='grc' dir='ltr'>ρηγορίου</span> <span class='ocrx_word' id='word_1_808' title='bbox 1098 5294 1302 5372; x_wconf 76' lang='grc' dir='ltr'>μήτηρ,</span> <span class='ocrx_word' id='word_1_809' title='bbox 1333 5294 1409 5368; x_wconf 82' lang='grc' dir='ltr'>τῷ</span> <span class='ocrx_word' id='word_1_810' title='bbox 1451 5295 1543 5350; x_wconf 75' lang='grc' dir='ltr'>τοῦ</span> <span class='ocrx_word' id='word_1_811' title='bbox 1589 5294 1798 5371; x_wconf 78' lang='grc' dir='ltr'>Μάρκου</span> 
     </span>
    </p>
   </div>
   <div class='ocr_carea' id='block_1_110' title="bbox 1984 5283 3531 5372">
    <p class='ocr_par' dir='ltr' id='par_1_110' title="bbox 1984 5283 3531 5363">
     <span class='ocr_line' id='line_1_112' title="bbox 1984 5283 3531 5363; baseline -0.003 -12"><span class='ocrx_word' id='word_1_812' title='bbox 1984 5285 2178 5351; x_wconf 56' lang='lat' dir='ltr'>XVIII.</span> <span class='ocrx_word' id='word_1_813' title='bbox 2211 5289 2395 5348; x_wconf 86' lang='lat' dir='ltr'>Porro</span> <span class='ocrx_word' id='word_1_814' title='bbox 2422 5283 2695 5363; x_wconf 88' lang='lat' dir='ltr'>Gregorii</span> <span class='ocrx_word' id='word_1_815' title='bbox 2727 5292 2918 5344; x_wconf 90' lang='lat' dir='ltr'>mater</span> <span class='ocrx_word' id='word_1_816' title='bbox 2938 5284 3010 5346; x_wconf 92' lang='lat' dir='ltr'>ad</span> <span class='ocrx_word' id='word_1_817' title='bbox 3043 5303 3110 5346; x_wconf 91' lang='lat' dir='ltr'>os</span> <span class='ocrx_word' id='word_1_818' title='bbox 3135 5283 3309 5347; x_wconf 80' lang='lat' dir='ltr'>Marci</span> <span class='ocrx_word' id='word_1_819' title='bbox 3330 5285 3531 5347; x_wconf 87' lang='lat' dir='ltr'>oculos</span> 
     </span>
    </p>
   </div>
   <div class='ocr_carea' id='block_1_111' title="bbox 181 5373 1728 5462">
    <p class='ocr_par' dir='ltr' id='par_1_111' title="bbox 181 5381 1728 5462">
     <span class='ocr_line' id='line_1_113' title="bbox 181 5381 1728 5462; baseline 0 -23"><span class='ocrx_word' id='word_1_820' title='bbox 181 5385 382 5459; x_wconf 74' lang='grc' dir='ltr'>στόματι</span> <span class='ocrx_word' id='word_1_821' title='bbox 452 5385 545 5440; x_wconf 64' lang='grc' dir='ltr'>τὸν</span> <span class='ocrx_word' id='word_1_822' title='bbox 630 5381 905 5462; x_wconf 77' lang='grc' dir='ltr'>ὀφθαλμὸν</span> <span class='ocrx_word' id='word_1_823' title='bbox 974 5382 1321 5461; x_wconf 83' lang='grc' dir='ltr'>ἆπερείσασα,</span> <span class='ocrx_word' id='word_1_824' title='bbox 1386 5382 1566 5448; x_wconf 77' lang='grc' dir='ltr'>ἀτενὲς</span> <span class='ocrx_word' id='word_1_825' title='bbox 1639 5383 1728 5461; x_wconf 70' lang='grc' dir='ltr'>ἑώρ</span> 
     </span>
    </p>
   </div>
   <div class='ocr_carea' id='block_1_112' title="bbox 1980 5373 3527 5462">
    <p class='ocr_par' dir='ltr' id='par_1_112' title="bbox 1988 5373 3527 5454">
     <span class='ocr_line' id='line_1_114' title="bbox 1988 5373 3527 5454; baseline -0.002 -17"><span class='ocrx_word' id='word_1_826' title='bbox 1988 5377 2193 5449; x_wconf 89' lang='lat' dir='ltr'>iciens,</span> <span class='ocrx_word' id='word_1_827' title='bbox 2231 5375 2404 5437; x_wconf 82' lang='lat' dir='ltr'>Iixius</span> <span class='ocrx_word' id='word_1_828' title='bbox 2435 5374 2779 5436; x_wconf 88' lang='lat' dir='ltr'>intuebatur</span> <span class='ocrx_word' id='word_1_829' title='bbox 2812 5394 2823 5431; x_wconf 94' lang='lat'>:</span> <span class='ocrx_word' id='word_1_830' title='bbox 2861 5391 2928 5434; x_wconf 92' lang='lat' dir='ltr'>ac</span> <span class='ocrx_word' id='word_1_831' title='bbox 2979 5373 3271 5454; x_wconf 84' lang='lat' dir='ltr'>ejusmodi</span> <span class='ocrx_word' id='word_1_832' title='bbox 3297 5393 3527 5436; x_wconf 87' lang='lat' dir='ltr'>sermo-</span> 
     </span>
    </p>
   </div>
   <div class='ocr_carea' id='block_1_113' title="bbox 181 5462 1728 5551">
    <p class='ocr_par' dir='ltr' id='par_1_113' title="bbox 181 5469 1728 5551">
     <span class='ocr_line' id='line_1_115' title="bbox 181 5469 1728 5551; baseline 0.001 -24"><span class='ocrx_word' id='word_1_833' title='bbox 181 5478 255 5528; x_wconf 82' lang='grc' dir='ltr'>καὶ</span> <span class='ocrx_word' id='word_1_834' title='bbox 315 5477 402 5531; x_wconf 77' lang='grc' dir='ltr'>τὸν</span> <span class='ocrx_word' id='word_1_835' title='bbox 473 5471 636 5551; x_wconf 78' lang='grc' dir='ltr'>λόγον</span> <span class='ocrx_word' id='word_1_836' title='bbox 708 5470 1042 5549; x_wconf 81' lang='grc' dir='ltr'>προσδομὲνη</span> <span class='ocrx_word' id='word_1_837' title='bbox 1113 5471 1212 5538; x_wconf 77' lang='grc' dir='ltr'>τὴν</span> <span class='ocrx_word' id='word_1_838' title='bbox 1274 5469 1486 5546; x_wconf 85' lang='grc' dir='ltr'>καρδίαν</span> <span class='ocrx_word' id='word_1_839' title='bbox 1545 5470 1728 5528; x_wconf 80' lang='grc' dir='ltr'>ἐπάλλε</span> 
     </span>
    </p>
   </div>
   <div class='ocr_carea' id='block_1_114' title="bbox 1977 5462 3524 5551">
    <p class='ocr_par' dir='ltr' id='par_1_114' title="bbox 1977 5462 3524 5544">
     <span class='ocr_line' id='line_1_116' title="bbox 1977 5462 3524 5544; baseline -0.003 -16"><span class='ocrx_word' id='word_1_840' title='bbox 1977 5485 2028 5528; x_wconf 91' lang='lat' dir='ltr'><strong>m</strong></span> <span class='ocrx_word' id='word_1_841' title='bbox 2081 5465 2360 5539; x_wconf 88' lang='lat' dir='ltr'>audiens,</span> <span class='ocrx_word' id='word_1_842' title='bbox 2409 5462 2607 5525; x_wconf 92' lang='lat' dir='ltr'>animo</span> <span class='ocrx_word' id='word_1_843' title='bbox 2667 5480 2974 5544; x_wconf 90' lang='lat' dir='ltr'>suspensa,</span> <span class='ocrx_word' id='word_1_844' title='bbox 3027 5463 3208 5526; x_wconf 89' lang='lat' dir='ltr'>corde</span> <span class='ocrx_word' id='word_1_845' title='bbox 3263 5463 3524 5525; x_wconf 88' lang='lat' dir='ltr'>nutabat.</span> 
     </span>
    </p>
   </div>
   <div class='ocr_carea' id='block_1_115' title="bbox 183 5552 1730 5647">
    <p class='ocr_par' dir='ltr' id='par_1_115' title="bbox 183 5559 1700 5647">
     <span class='ocr_line' id='line_1_117' title="bbox 183 5559 1700 5647; baseline -0.003 -28"><span class='ocrx_word' id='word_1_846' title='bbox 183 5564 256 5619; x_wconf 76' lang='lat' dir='ltr'><strong>ui</strong></span> <span class='ocrx_word' id='word_1_847' title='bbox 308 5563 570 5647; x_wconf 79' lang='grc' dir='ltr'>μετέωρος</span> <span class='ocrx_word' id='word_1_848' title='bbox 620 5561 711 5633; x_wconf 78' lang='grc' dir='ltr'>ἦν.</span> <span class='ocrx_word' id='word_1_849' title='bbox 749 5561 888 5618; x_wconf 78' lang='grc' dir='ltr'>Εἶτα</span> <span class='ocrx_word' id='word_1_850' title='bbox 929 5559 1087 5621; x_wconf 79' lang='grc' dir='ltr'>πάλιν</span> <span class='ocrx_word' id='word_1_851' title='bbox 1142 5563 1169 5619; x_wconf 92' lang='lat'>6</span> <span class='ocrx_word' id='word_1_852' title='bbox 1213 5563 1482 5646; x_wconf 76' lang='grc' dir='ltr'>μοναχὸς,</span> <span class='ocrx_word' id='word_1_853' title='bbox 1516 5563 1700 5646; x_wconf 80' lang='grc' dir='ltr'>εἰπὼν,</span> 
     </span>
    </p>
   </div>
   <div class='ocr_carea' id='block_1_116' title="bbox 1976 5552 3523 5647">
    <p class='ocr_par' dir='ltr' id='par_1_116' title="bbox 1981 5552 3523 5622">
     <span class='ocr_line' id='line_1_118' title="bbox 1981 5552 3523 5622; baseline -0.002 -2"><span class='ocrx_word' id='word_1_854' title='bbox 1981 5555 2117 5620; x_wconf 90' lang='lat' dir='ltr'>inde</span> <span class='ocrx_word' id='word_1_855' title='bbox 2141 5573 2278 5618; x_wconf 86' lang='lat' dir='ltr'>cum</span> <span class='ocrx_word' id='word_1_856' title='bbox 2305 5554 2635 5620; x_wconf 84' lang='lat' dir='ltr'>monachus</span> <span class='ocrx_word' id='word_1_857' title='bbox 2659 5552 2903 5618; x_wconf 83' lang='lat' dir='ltr'>dixisset</span> <span class='ocrx_word' id='word_1_858' title='bbox 2929 5562 3091 5620; x_wconf 88' lang='lat' dir='ltr'>recte</span> <span class='ocrx_word' id='word_1_859' title='bbox 3123 5572 3258 5620; x_wconf 90' lang='lat' dir='ltr'>cum</span> <span class='ocrx_word' id='word_1_860' title='bbox 3287 5552 3523 5622; x_wconf 86' lang='lat' dir='ltr'>illorum</span> 
     </span>
    </p>
   </div>
  </div>
