3918 6138
402 241 513 309 211
1707 240 1987 305 MENSlS
2029 241 2471 306 NOVEMBER.
3669 232 3795 301 212

403 378 528 445 ﬁlio
541 377 890 460 agi,illisque
902 378 1107 441 fletum
1125 375 1456 458 reprimere
1470 371 1950 455 praecepisset,Do

2303 379 2503 455 ιγαθοϊς
2552 374 2652 457 ἄρα
2701 376 2898 435 ἐστὶνὸ
2940 378 3049 442 υἱὸς
3100 378 3273 457 ὑμῶν,
3313 378 3412 434 καῖ
3464 374 3559 433 τὸν
3602 374 3800 455 θρῆνον
3848 437 3850 440 φ

408 479 536 532 tum
557 468 1038 532 archidiaconum
1061 465 1377 528 confestim
1402 463 1743 534 accersit,et
1763 461 1955 523 assiste

2261 478 2330 530 ης
2362 465 2621 547 ἐπισχεῖν
2677 465 2957 540 κελεύσας,
2985 468 3076 525 τὸν
3126 464 3503 546 ἀρχιδιάκονον
3568 465 3808 524 Δονάτον

410 559 714 621 silentium
746 566 809 619 ut
850 556 1057 619 vitium
1109 555 1329 617 acriter
1376 552 1622 632 objicit:
1671 550 1821 624 Quid
1875 568 1957 612 cal

2269 577 2333 611 κα
2382 561 2793 630 μετακαλεῖται,
2851 561 2939 628 Τῷ
2989 554 3045 612 δὲ
3091 556 3417 634 παραστάντι
3446 555 3548 623 τὴν
3593 552 3816 620 σιωπὴν

414 648 649 728 (inquit)
705 656 821 719 est,
855 663 887 705 ο
920 645 1128 718 homo,
1164 658 1273 703 cur
1319 657 1575 717 nequam
1610 638 1775 700 illum
1825 657 1961 728 serv

2273 665 2402 712 τερον
2447 649 2651 723 πικρῶς
2683 643 2943 716 ὀνειδίζει,
2983 646 3079 702 Καὶ
3131 648 3271 707 τίνος
3304 643 3507 723 ἕνεκεν,
3539 644 3733 723 φησὶν,
3770 644 3820 696 ὦ

419 727 707 810 imitatus,
739 735 1025 796 talentum
1046 731 1155 795 Dei
1186 747 1462 808 maguum
1485 728 1544 789 in
1572 736 1789 789 terram
1813 727 1966 791 abdit

2278 753 2414 806 ωπε,
2447 735 2540 789 τὸν
2570 735 2803 809 πονηρὸν
2848 732 3101 809 ἐμιμήσω
3149 732 3336 791 δοῦλον
3365 732 3574 789 ἐκεῖνον
3625 731 3822 808 ὥσπερ

407 825 495 888 ris
524 826 579 901 7,
611 842 731 885 non
774 822 920 884 illud
959 821 1155 901 potius
1205 819 1395 899 palam
1450 817 1691 894 feceris,
1725 827 1790 879 ut
1838 817 1923 879 sic

2272 844 2407 879 ιντον
2429 822 2490 878 τὸ
2517 828 2607 879 τοῦ
2645 829 2776 879 Θεοῦ
2821 821 3112 901 μεγαλεῖον
3142 823 3518 902 καταχωννὺς,
3548 819 3692 877 ἀλλὰ
3733 820 3819 902 μὴ

410 899 675 995 luptatis,
706 929 825 973 non
856 899 1168 990 maestitia},
1199 917 1318 969 tum
1353 904 1697 987 parentibus
1716 908 1908 987 pueri,
1940 915 1957 969 t

2266 912 2369 989 ερὺν
2403 912 2530 970 αὒτὸ
2570 912 2854 992 καθιστῶν,
2886 899 2965 967 ἵν’
2994 910 3133 968 οὕτω
3182 899 3386 986 μᾶλλον
3419 899 3646 984 ἡδονῆς,
3677 899 3813 965 ἀλλ’

412 1001 715 1066 communi
738 1000 878 1062 huic
903 998 1064 1061 Patri
1091 1006 1149 1060 et
1170 995 1582 1077 archipraesuli
1613 1006 1818 1057 auctor
1841 997 1959 1058 fiert

2271 1000 2510 1076 ἀθυμίας,
2544 1014 2661 1066 τοῖς
2710 1023 2766 1056 τε
2796 1007 2888 1057 τοῦ
2922 1000 3110 1063 παιδὸς
3143 1001 3368 1080 πατράσι
3411 1000 3498 1057 καὶ
3526 1006 3605 1074 τῷ
3633 1004 3811 1073 κοινῷ

405 1091 577 1154 Nunc
627 1108 767 1166 ergo
800 1089 967 1168 cujus
1015 1085 1288 1148 criminis
1333 1104 1476 1147 reus
1518 1103 1603 1165 es,
1637 1096 1696 1147 et
1726 1105 1842 1167 qua
1888 1106 1952 1166 pc

2257 1095 2297 1146 ιν
2355 1090 2523 1168 Πατρί
2574 1088 2708 1164 τῷδε
2738 1089 2835 1146 καί
2884 1089 3133 1170 ἀρχιερεῖ
3161 1089 3424 1157 κατέστης
3486 1087 3804 1169 παραίτιος.

408 1177 808 1258 plectendus?
839 1177 1061 1258 quippe
1091 1174 1191 1255 qui
1219 1183 1337 1235 tam
1371 1172 1630 1252 ingentis
1652 1173 1770 1236 illis
1793 1194 1955 1237 mterr

2286 1178 2372 1234 οὖν
2429 1178 2680 1260 ὀφλήσεις
2730 1181 2791 1235 τὸ
2822 1178 3111 1255 ἐπιτίμιον,
3145 1180 3407 1247 τοσαύτης
3443 1179 3540 1254 μὶν
3594 1178 3805 1241 τούτοις

404 1276 615 1331 auctor
663 1267 881 1344 factus,
914 1264 1022 1328 Dei
1077 1263 1358 1343 gratiam,
1393 1273 1678 1343 quantum
1733 1263 1793 1325 in
1824 1274 1881 1326 te
1928 1265 1951 1326 f

2259 1291 2333 1334 νης
2393 1266 2640 1347 πρόξενος
2688 1270 2948 1347 γεγονὼς,
2982 1271 3070 1324 καὶ
3114 1270 3215 1336 τὴν
3266 1268 3359 1325 τοῦ
3413 1274 3545 1325 Θεοῦ
3574 1266 3631 1323 δὲ
3680 1266 3806 1346 χά·-

404 1354 850 1419 oceultaveris?
879 1353 985 1414 His
1015 1352 1213 1415 verbis
1236 1351 1690 1415 archidiaconus
1714 1354 1940 1434 pallore

2280 1357 2339 1413 τό
2406 1378 2467 1435 γε
2528 1359 2621 1414 σὸν
2676 1357 2834 1432 μέρος
2895 1359 3227 1437 συγκρύψας.
3299 1364 3476 1416 Ταῦτα
3531 1356 3812 1435 λεγόμενα

402 1447 594 1508 fectus
645 1451 760 1519 est,
788 1462 858 1504 ac
889 1449 1051 1504 artus
1079 1443 1210 1522 ejus
1241 1459 1449 1503 omnes
1483 1445 1713 1503 tremor
1744 1443 1949 1504 invade

2286 1446 2660 1526 ἀρχιδιάκονον
2718 1447 2925 1527 ὠχριᾷν
2983 1446 3169 1527 ἐποίει,
3232 1449 3319 1503 καὶ
3375 1445 3659 1514 ἠλλοιοῦτο
3700 1446 3810 1512 τὴν

402 1535 565 1598 illius
590 1533 801 1594 faciem
829 1531 1073 1593 mutavit
1102 1551 1115 1593 :
1142 1548 1396 1610 seseque
1416 1530 1476 1590 in
1501 1538 1718 1592 terram
1742 1531 1949 1611 abjicie

2275 1583 2291 1609 ,
2360 1538 2448 1593 καὶ
2477 1536 2660 1614 τρόμῳ
2706 1536 2771 1592 τὰ
2828 1536 2967 1612 μέλη
3018 1537 3314 1616 συνείχετο·
3373 1536 3459 1593 ἐπὶ
3513 1533 3813 1613 πρόσωπον

401 1640 603 1685 amare
630 1622 779 1683 ﬂere
797 1639 865 1682 ac
884 1620 1282 1699 ingemiscere
1311 1619 1592 1699 ccepit;ac
1618 1621 1857 1682 Davidis
1885 1639 1948 1682 ve

2263 1624 2433 1681 πεσὼν
2462 1624 2759 1682 ἅνέκλαυσέ
2811 1647 2870 1681 τε
2920 1632 3124 1704 πικρῶς
3180 1626 3269 1681 καὶ
3326 1624 3465 1702 μέγα
3518 1622 3810 1703 ἀνῴμωξε,

401 1720 610 1774 contra
652 1728 717 1772 se
760 1708 1155 1791 pronuntians
1192 1729 1205 1771 :
1269 1729 1292 1763 α
1330 1707 1579 1770 Peccavi
1626 1708 1688 1769 in
1740 1709 1948 1772 Domin

2267 1736 2311 1770 τα
2342 1711 2407 1781 δὴ
2437 1714 2503 1770 τὰ
2533 1721 2624 1771 τοῦ
2658 1712 2827 1770 Δαυῗδ
2859 1714 3047 1771 ἑαυτοῦ
3078 1714 3607 1793 καταψηφιζόμενος.
3650 1733 3675 1769 ι
3711 1713 3814 1768 Ἦ·-

403 1819 628 1877 meum,
659 1808 718 1861 et
744 1799 803 1859 in
838 1817 940 1859 vos
962 1814 1173 1858 omnes
1195 1798 1251 1873 8,
1283 1820 1305 1854 ο
1335 1796 1551 1859 aiebat.
1588 1797 1734 1860 Data
1764 1798 1943 1878 igitur

2264 1826 2395 1870 τηκα
2438 1810 2515 1877 τῷ
2576 1804 2747 1882 Κυρίῳ
2800 1826 2902 1879 μου
2958 1805 3049 1861 καὶ
3104 1811 3265 1861 πᾶσιν
3323 1805 3475 1877 ὑμῖν·
3511 1826 3539 1858 ι
3606 1804 3811 1868 Δόντες

401 1891 597 1970 venia,
631 1888 803 1951 humi
849 1890 1153 1966 jacentem
1187 1893 1529 1960 erexerunt,
1561 1905 1630 1948 ac
1679 1888 1879 1949 omnia
1910 1889 1948 1951 G

2294 1892 2436 1967 αὒτῷ
2486 1894 2838 1970 συγγνώμην,
2875 1893 2964 1949 καὶ
2995 1900 3072 1968 τῷ
3128 1891 3307 1972 ἐδάφει
3361 1894 3607 1968 κείμενον
3664 1891 3809 1948 ἀνα-

401 1979 556 2058 gorii
582 1987 713 2040 acta
742 1983 1019 2039 accurate
1045 1976 1210 2038 illum
1239 1976 1622 2055 dicere,mihi
1645 1976 1891 2039 omnino
1916 1998 1948 2059 p

2251 2003 2433 2043 σαντες
2529 1980 2703 2060 λέγειν
2788 1980 3017 2059 ἀκριϐῶς
3115 1983 3180 2039 τὰ
3264 1983 3382 2058 περὶ
3480 1982 3798 2059 Γρηγορίου,

404 2067 854 2140 termittentem,
890 2068 1280 2144 imperarunt.
1317 2063 1435 2127 Sed
1492 2065 1593 2126 ille
1625 2084 1897 2141 exorsus,
1930 2086 1951 2128 ι

2259 2071 2268 2095 ’
2330 2072 2502 2128 ὁτιοῦν
2559 2071 2957 2148 παραλείπονται
3016 2070 3283 2134 ἐκέλευον,
3339 2064 3397 2128 Ὀ
3446 2070 3500 2125 ὁὶ
3558 2067 3806 2147 ἀρξάμε-

405 2156 706 2236 sigillatim
728 2172 967 2217 omnem
990 2152 1353 2228 edisserit,et
1389 2154 1888 2234 quemadmodum
1922 2174 1952 2217 c

2285 2161 2456 2220 πάντα
2512 2159 2647 2217 κατά
2703 2161 2860 2240 μέρος
2892 2161 3069 2238 ἐπῄει,
3105 2160 3250 2225 ὅπως
3306 2183 3393 2241 τε,
3446 2158 3792 2235 κοιμωμένου

405 2264 472 2308 se
503 2264 734 2307 sommo
765 2243 1050 2317 dedisset,
1068 2243 1337 2323 quaedam
1361 2262 1467 2305 vox
1489 2261 1595 2325 per
1629 2243 1891 2324 quietem
1921 2264 1952 2325 p

2245 2248 2298 2305 οὗ
2376 2250 2527 2330 φωνή
2585 2271 2666 2313 τις
2745 2250 2980 2328 ἀοράτως
3051 2253 3142 2306 τὸν
3210 2247 3378 2306 παῖδα
3434 2246 3639 2327 ἐκάλει,
3699 2249 3792 2304 καὶ

405 2352 541 2396 rum
571 2333 1005 2412 inclamaverit,
1041 2340 1100 2395 et
1129 2339 1194 2393 ut
1222 2331 1323 2393 ille
1351 2350 1665 2411 assurgens
1696 2333 1810 2395 sibi
1844 2352 1952 2415 pra

2244 2361 2287 2402 ›ς
2361 2338 2568 2403 ἐκεῖνος
2639 2338 2784 2412 αὖτῷ
2840 2339 3166 2418 παρασταίη,
3226 2339 3449 2401 ποσάκις
3519 2359 3578 2394 τε
3655 2339 3791 2417 πρὸς

404 2419 1546 2504 fuerit,quotiesqueillivoxinsonuerit,
1574 2431 1631 2483 et
1666 2422 1951 2503 demumg

2247 2437 2292 2485 ὃν
2350 2429 2384 2495 ἡ
2444 2428 2593 2507 φωνὴ
2651 2427 2883 2505 γένοιτο,
2944 2430 3030 2485 καὶ
3086 2427 3239 2492 τέλος
3296 2432 3390 2483 οἷα
3442 2426 3566 2505 παρ’
3626 2426 3794 2483 αἰ)τοῦ

404 2513 511 2575 abs
559 2530 649 2587 se,
684 2511 954 2593 qualiave
986 2510 1262 2572 didicerit
1309 2529 1525 2590 nempe
1574 2510 1677 2591 qui
1723 2524 1951 2573 vocarat

2242 2517 2435 2597 ιχθείη,
2497 2516 2675 2573 θεόθεν
2732 2516 2875 2572 εἶναι
2945 2514 3346 2592 συμϐαλομὲνου
3413 2516 3510 2582 τὴν
3568 2513 3789 2595 κλῆσιν,

402 2601 555 2671 _cmlo
585 2600 923 2676 advenisse,
957 2617 1026 2660 ac
1060 2598 1567 2675 quemadmodum
1611 2609 1910 2679 postrema
1938 2621 1949 2649 τ

2291 2609 2384 2662 οἶα
2439 2605 2537 2671 τὴν
2597 2604 2835 2685 ἐσχάτην
2920 2607 3078 2684 φάναι
3135 2605 3343 2686 φωνὴν,
3402 2603 3600 2672 λεπτῆς
3672 2626 3792 2670 πως

403 2690 772 2772 apparuerit,
808 2690 939 2767 ejus
970 2687 1157 2768 ipsius
1187 2705 1360 2749 aures
1383 2687 1714 2769 percellens
1748 2689 1950 2752 littuss

2278 2696 2436 2754 αὐτοῦ
2491 2695 2677 2750 τούτου
2732 2695 3102 2775 περιηχούσης
3145 2696 3210 2753 τὰ
3267 2697 3402 2767 ὦτα,
3435 2691 3516 2750 ὅτι
3557 2714 3617 2749 τε
3673 2699 3792 2750 Πο-

406 2779 679 2859 protinus
714 2779 1038 2858 petendum
1068 2799 1081 2840 :
1137 2777 1401 2838 futurum
1436 2777 1594 2838 enim
1637 2787 1699 2841 ut
1730 2778 1852 2842 illic
1890 2779 1951 2841 in

2244 2788 2349 2852 inti
2406 2784 2547 2862 παρὰ
2599 2784 2692 2839 τὸν
2748 2783 3011 2862 αἰγιαλὸν,
3043 2786 3132 2841 καὶ
3188 2786 3258 2848 ὡς
3312 2780 3464 2841 Ἐκεῖ
3516 2781 3791 2860 εἶιρήσεις,

406 2867 565 2931 niret
596 2866 955 2950 quibuscum
995 2884 1156 2928 mare
1195 2865 1469 2927 celeriter
1497 2867 1821 2947 trajiceret.
1864 2868 1953 2930 Hi:

2269 2875 2342 2929 ῶν
2400 2871 2499 2951 ἄρα
2554 2873 2615 2929 τὸ
2687 2873 2856 2953 τάχος
2924 2874 3303 2952 περαιωθήσει.
3367 2878 3541 2929 Ταῦτα
3595 2872 3790 2947 εἷπὼν,

407 2956 854 3019 excusationem
880 2955 1271 3031 dictis,ﬁnem
1304 2956 1574 3036 lacrymis
1607 2956 1763 3030 fecit,
1793 2959 1942 3020 hanc

2274 2963 2622 3041 παραιτήσεις
2679 2961 2925 3019 ἐτελεύτα
2967 2965 3055 3019 καὶ
3114 2961 3329 3039 δάκρυα,
3363 2962 3561 3026 ταύτην
3616 2961 3792 3017 αἰτίαν

405 3046 577 3109 lentii
599 3064 837 3109 causam
853 3044 1038 3106 fuisse
1060 3045 1595 3121 atTerens,veritu1n
1620 3064 1705 3121 se,
1734 3066 1806 3108 ue
1824 3067 1952 3128 quat

2294 3052 2502 3117 σιωπῆς
2562 3052 2706 3108 εἶναι
2766 3052 2998 3131 φάμενος
3051 3059 3143 3109 τοῦ
3192 3052 3268 3125 μή
3324 3071 3478 3125 ποτε,
3511 3050 3664 3130 φησὶ,
3700 3052 3792 3107 καὶ

406 3133 525 3197 ﬁde
559 3134 839 3213 indignus
885 3132 1279 3214 inveniretur,
1313 3110 1461 3195 neve
1505 3110 1950 3198 insimularetur

2462 3110 2501 3117 .-
2779 3110 2789 3131 ,
2840 3110 2851 3126 ,
2984 3110 2996 3117 τ
3192 3110 3202 3125 .
3258 3110 3268 3121 .
3462 3110 3478 3125 ι
3525 3110 3537 3130 .
3574 3110 3585 3117 -
3650 3110 3664 3129 ι

2240 3140 2482 3197 στεῖσθαι
2535 3138 2688 3220 δόξω,
2750 3140 2953 3216 μᾶλλον
3002 3140 3055 3198 δὲ
3125 3143 3223 3198 καῖ
3275 3139 3508 3201 ὕποπτος
3565 3138 3786 3216 ἔσομαι,

409 3222 852 3286 adolescentem
893 3222 1032 3285 mali
1062 3221 1287 3303 aliquid
1324 3222 1510 3284 fuisse
1541 3223 1826 3285 molitum.
1863 3226 1956 3286 Atr

2282 3230 2475 3307 ἀγαθόν
2531 3251 2581 3285 τι
2629 3230 2746 3307 περὶ
2795 3230 2884 3286 τὸν
2942 3229 3112 3288 παῖδα
3167 3228 3609 3308 διαπραξάμενος.
3685 3231 3791 3287 Καὶ

408 3311 865 3374 archidiaconus
893 3310 954 3373 in
986 3311 1143 3373 hunc
1175 3319 1263 3373 est
1289 3310 1528 3372 modum
1558 3312 1808 3375 locutus.

1341 3310 1528 3372 lOdllm
1558 3312 1808 3375 locutus.
2138 3318 2273 3377 οὕτω
2303 3319 2399 3394 μὲν
2429 3322 2457 3376 ὁ
2495 3317 2888 3399 ἀρχιδιάκονος.

485 3400 645 3466 XIX.
677 3403 756 3465 At
782 3401 1015 3464 Marcus
1039 3418 1168 3481 qua;
1192 3399 1263 3461 ab
1290 3399 1395 3462 illo
1436 3400 1510 3461 de
1543 3419 1730 3482 puero
1754 3402 1912 3464 dicta
1933 3402 2029 3464 fue

2244 3408 2327 3469 Θ’.
2391 3400 2448 3467 Ὀ
2502 3408 2555 3464 δὲ
2617 3409 2853 3487 Μάρκος,
2915 3410 2980 3464 τὰ
3033 3408 3157 3487 πὰρ’
3216 3408 3414 3466 ἐκείνου
3481 3420 3600 3472 τοῖς
3654 3408 3788 3483 παρ’

405 3499 568 3571 rant,
598 3490 927 3566 afﬁrmans,
960 3491 1087 3572 ipse
1117 3506 1352 3569 quoque
1404 3489 1643 3569 adjecit,
1678 3488 1943 3571 Gregorii

2241 3507 2293 3557 οὔ
2347 3496 2597 3578 βεϐαιῶν,
2658 3500 2743 3555 καὶ
2800 3499 2954 3563 αὐτὸς
3029 3502 3371 3577 προστίθησιν
3425 3496 3570 3563 ὅπως
3638 3498 3788 3571 αὒτῷ

411 3587 526 3641 tam
558 3578 672 3640 sibi
698 3596 833 3642 esse
862 3587 1238 3659 perspectam
1271 3590 1340 3638 ac
1377 3578 1763 3660 exploratam,
1789 3579 1955 3662 isque
1975 3587 2055 3644 ita

406 3668 570 3750 loqui
602 3667 817 3749 coepit:
858 3670 1002 3729 Cum
1050 3684 1317 3729 essemus
1365 3664 1581 3741 Rutilae,
1616 3667 1795 3749 inque
1835 3671 2052 3751 templo

404 3775 779 3822 summorum
803 3756 1225 3838 Apostolorum
1247 3773 1573 3831 oraremus,
1604 3756 1720 3818 duo
1740 3758 1911 3821 nobis
1941 3760 2056 3822 for-

406 3846 721 3909 midabiles
778 3846 889 3907 viri
936 3846 1273 3919 astiterunt,
1327 3844 1426 3925 qui
1484 3845 1653 3921 mihi,
1708 3844 1919 3927 Surge,
1968 3849 2056 3911 in-

406 3936 635 4015 quiunt,
675 3936 899 4009 Marce,
939 3941 1186 4015 repente
1239 3952 1372 3994 cum
1423 3933 1676 4009 duobus,
1710 3937 1809 4016 qui
1859 3946 2054 4000 tecum

406 4029 545 4084 sunt
598 4022 934 4096 monachis,
970 4032 1027 4083 et
1058 4021 1469 4100 Carthaginem
1524 4024 1890 4102 navigatione
1921 4045 2056 4088 con-

404 4109 657 4183 tendite,
690 4109 892 4191 ibique
923 4109 1273 4188 Gregorium
1320 4111 1640 4191 quemdam
1675 4113 1942 4174 Siculum
1981 4116 2054 4179 ab

403 4198 715 4278 Agrigenti
766 4199 1029 4263 Ecclesia
1080 4201 1221 4262 illuc
1274 4201 1583 4262 advectum
1629 4200 1953 4282 inquirite,
2001 4206 2050 4266 is

403 4289 562 4349 enim
598 4288 863 4352 naucleri
910 4290 1254 4370 cujusdam,
1289 4290 1385 4369 qui
1431 4288 1618 4351 Varus
1648 4289 1882 4365 dicitur,
1916 4312 2053 4356 cono

403 4375 557 4439 victu
614 4377 886 4441 familiari
933 4379 1142 4457 utitur,
1181 4378 1361 4454 eique
1424 4387 1579 4439 totus
1630 4380 1831 4444 bzeret.
1877 4381 2048 4447 Hunc

2135 3588 2305 3645 πάντα
2362 3589 2543 3669 σαφῶς
2589 3586 2830 3655 ἐδηλώθη
2887 3589 2951 3644 τὰ
3006 3589 3143 3644 κατὰ
3197 3590 3285 3645 τὸν
3328 3586 3659 3669 Γρηγόριον,
3694 3588 3789 3644 καὶ

2134 3674 2324 3753 ἤρξατο
2378 3666 2551 3754 λέγειν
2610 3675 2725 3733 ὡδίο
2787 3676 2876 3735 Ἐν
2935 3682 3001 3753 τῇ
3061 3675 3267 3755 πατρίδι
3326 3666 3508 3754 Ῥώμῃ
3573 3674 3786 3754 διατρι-

2138 3763 2338 3823 ϐόντων
2410 3766 2587 3841 ἡμῶν,
2647 3767 2733 3824 καὶ
2790 3770 2877 3839 τῷ
2931 3770 3034 3823 τῶν
3096 3767 3391 3846 κορυφαίων
3465 3765 3787 3822 ἆποστό)ων

2141 3856 2249 3931 ναῷ
2296 3856 2390 3919 τὰς
2439 3858 2602 3936 εὐχὰς
2659 3856 3014 3931 ποιουμένων,
3047 3854 3228 3934 ἄνδρες
3271 3858 3406 3932 ἡμῖν
3458 3852 3545 3910 δύο
3593 3856 3787 3916 vani):

2138 3945 2438 4025 ἐφίστανται
2497 3943 2729 4024 φοϐεροὶ,
2779 3943 3031 4021 Ἀνάστα,
3078 3945 3258 4024 Μάρκε
3314 3943 3554 4025 ταχέως,
3588 3942 3792 4021 λὲγον-

2143 4055 2247 4109 τες,
2284 4035 2419 4110 μετὰ
2449 4041 2554 4091 τῶν
2582 4036 2674 4090 σὺν
2704 4036 2784 4092 σοὶ
2814 4032 2902 4093 δύο
2927 4041 3207 4114 μοναχῶν,
3231 4034 3320 4090 καὶ
3350 4035 3424 4096 ὡς
3456 4034 3529 4096 εἷς
3563 4043 3795 4112 Καρχη-

2137 4121 2261 4181 δόνα
2306 4126 2395 4181 τὸν
2424 4123 2695 4183 ἆπὸπλουν
2752 4127 3011 4200 ποιεῖσθε,
3044 4123 3167 4180 εἶτα
3228 4123 3282 4179 ἐν
3337 4122 3648 4201 Καρθαγένῃ
3686 4144 3793 4200 γε-

2135 4215 2369 4289 νόμενοι,
2444 4213 2736 4291 Γρηγόριόν
2793 4235 2909 4271 τινα
2987 4210 3322 4281 Σικελιώτην
3392 4212 3789 4283 ἐπιζητήσατε,

2133 4308 2228 4370 τῆς
2291 4300 2714 4383 Ἀκραγαντίνων
2797 4303 2900 4378 μὲν
2970 4300 3256 4369 ἐκκλησίας
3326 4301 3661 4380 ὁρμώμενον,
3725 4299 3785 4355 ἐν

2133 4392 2269 4468 οἴκῳ
2324 4390 2378 4449 δέ
2447 4414 2590 4457 τινος
2655 4395 2946 4472 ναυκλήρου
3016 4392 3346 4468 καλουμένου
3400 4390 3600 4468 Οὐάρου
3676 4392 3781 4459 τὴν

401 4464 707 4565 vobiscum
740 4464 1578 4565 assumenteS._Hie{rosolyr_na
1609 4485 1794 4565 usque
1836 4463 2401 4561 perun-Demwa
2458 4481 2652 4565 ἔχοντα
2696 4481 2791 4539 καὶ
2838 4463 2913 4557 τῷ
2957 4488 3071 4557 Θεῷ
3119 4463 3543 4561 πρόσανέχοντέ.
3580 4488 3781 4539 Τοῦτον

402 4555 568 4619 catis:
603 4574 719 4637 quo
747 4554 977 4636 appulsi
1012 4553 1385 4635 patriarchae,
1421 4555 1540 4631 cui,
1566 4575 1697 4637 quae
1727 4558 1827 4622 illo
1857 4562 2050 4627 facere

402 4652 691 4724 oporteat,
728 4644 1121 4725 injunximus,
1155 4643 1320 4705 illum
1359 4645 1568 4707 sistite.
1605 4647 1710 4708 His
1739 4648 1937 4729 dictis,
1974 4652 2047 4715 ab

399 4742 640 4814 aspectu
688 4742 863 4814 atque
893 4733 1081 4796 oculis
1140 4733 1288 4796 mihi
1331 4733 1546 4795 sublati
1579 4743 1735 4799 sunt.
1792 4740 2048 4804 Proinde

399 4839 507 4901 ego
536 4840 674 4886 cum
707 4840 741 4883 a
788 4840 998 4884 somno
1029 4822 1254 4884 solutus
1286 4839 1507 4902 essem,
1542 4823 1612 4885 ad
1660 4825 1881 4890 ﬂumen
1912 4849 2045 4892 cum

397 4909 491 4972 his
508 4910 739 4973 duobus
763 4912 1071 4974 monachis
1103 4920 1328 4973 maturo
1356 4913 1677 4996 proﬁcisci,
1706 4917 1804 4977 ubi
1837 4938 2045 4981 navem

399 4999 543 5062 velis
593 5005 781 5082 passis
810 5001 958 5079 (Deo
992 5002 1081 5064 sic
1141 5007 1470 5077 annuente)
1507 5003 1781 5067 vrtiﬁcari
1811 5007 2051 5070 Cartha-

395 5087 618 5165 giuem,
653 5089 935 5170 comperi:
971 5109 1141 5172 quam
1166 5091 1663 5173 conscendentes,
1692 5094 2043 5177 Charthagi-

2129 4572 2285 4647 ὑμεῖς
2364 4563 2863 4648 συμπαραλαϐόντες
2948 4568 3105 4652 ἄχρις
3188 4563 3565 4650 Ἰεροσολύμῶν
3650 4568 3779 4625 las-

2132 4665 2221 4718 σθε
2306 4659 2672 4731 διασώζοντες¹
2760 4661 2938 4718 ἐκεῖσε
3027 4659 3081 4716 δὲ
3151 4660 3425 4739 γενόμενοι
3496 4665 3573 4733 τῷ
3666 4680 3780 4714 πα-

2130 4750 2362 4829 τριάρχῃ
2418 4759 2601 4806 τουτον
2645 4749 2965 4817 συστάσατέ⁹
3018 4750 3245 4824 κάκείνῳ
3288 4750 3389 4828 γὰρ
3434 4750 3545 4826 περὶ
3597 4744 3778 4818 τοῦδε,

2130 4837 2165 4914 ᾖ
2221 4839 2490 4917 προσῆκον
2547 4838 2945 4916 ἐνετειλάμεθα,
3006 4846 3178 4896 Ταῦτα
3236 4841 3283 4894 οἱ
3340 4838 3439 4913 μὲν
3508 4836 3777 4907 εἶπόντες,

2128 4926 2180 4992 ἐξ
2250 4929 2535 5008 ὀφθαλμῶν
2594 4950 2683 5004 μοι
2754 4926 3111 4995 κατέστησαν·
3173 4925 3280 5003 ἐγὼ
3350 4924 3403 4981 δὲ
3468 4933 3562 4983 τοῦ
3612 4922 3783 4980 ὕπνου

2128 5016 2269 5090 ἡμᾶς
2331 5015 2642 5092 ὑπανέντος,
2719 5017 2904 5076 αὐτίκα
2977 5017 3118 5093 παρὰ
3188 5017 3279 5072 τὸν
3350 5016 3596 5089 ποταμὸν
3668 5014 3786 5074 ἁμα

2128 5118 2245 5161 τοῖν
2309 5104 2462 5163 δυοῖν
2524 5106 2728 5162 τούτοιν
2778 5118 3049 5185 μοναχοϊν
3088 5106 3471 5183 παραγίνομαι,
3531 5104 3623 5161 καὶ
3687 5105 3787 5158 τοῦ

395 5192 531 5268 nem
558 5177 917 5268 trajicimus,
955 5197 1207 5261 eamque
1239 5177 1558 5255 obeuntes,
1594 5182 1937 5247 adolescent

2238 5200 2255 5251 3
2307 5202 2468 5252 ταῦτα
2536 5194 2673 5251 οὕτω
2730 5195 2963 5258 τιθέντος
3034 5193 3226 5252 πλοῖον
3283 5188 3785 5268 καταλαμϐάνομεν

393 5263 675 5362 adaedem
706 5266 825 5327 divi
860 5269 1133 5349 martyris
1165 5268 1402 5344 Juliani,
1437 5269 1678 5332 lectioni
1709 5284 1940 5337 vacante

2235 5284 2398 5340 ’στίον
2456 5284 2617 5362 αἶρον
2671 5281 2773 5350 ἤδη
2804 5285 2893 5340 vui
2923 5284 3068 5347 εὐθὺς
3122 5280 3466 5362 Καρχηδόνος
3496 5263 3587 5336 τὸν
3629 5263 3782 5336 ἀπό-

394 5352 748 5416 oti'endimus
785 5376 799 5420 :
832 5374 1006 5437 quem
1054 5356 1346 5438 complexi
1374 5367 1434 5420 et
1489 5356 1751 5437 allocuti,
1788 5382 1918 5443 qua:

2233 5395 2285 5431 υν
2345 5352 2657 5451 ποιούμενόν
2717 5375 2776 5430 οὗ
2830 5371 2895 5441 δὴ
2953 5352 3273 5447 ἐπιϐάντεςῑ
3301 5373 3374 5435 εἷς
3435 5369 3780 5448 Καρθαγένην

469 5540 500 5598 7
526 5536 732 5605 Matth.
762 5557 901 5623 xxv,
932 5540 1010 5603 95
1036 5559 1202 5624 seqq.
1289 5542 1395 5607 811
1425 5542 1570 5625 Reg.
1602 5562 1704 5621 xu,
1739 5545 1841 5611 13.
