3918 6138
332 258 449 324 215

1631 257 1790 320 ΜΕΝ
1798 255 1909 318 SIS
1951 253 2391 320 NOVEMBER.

3583 268 3704 335 216

332 404 588 474 certans,
616 396 902 461 diaconus
948 415 982 458 a
1015 393 1364 478 patriarcha
1394 390 1652 457 Macario
1683 389 1879 469 deligit

2158 394 2221 458 πὸς
2278 395 2462 454 ἑαυτὸν
2521 393 2912 473 ἁμιλλώμενος,
2973 397 3209 465 διάκονος
3255 399 3398 478 παρὰ
3447 403 3542 460 τοῦ
3590 425 3705 460 πα-

336 504 370 546 a
401 505 517 568 quo
541 487 714 550 divus
745 487 1066 567 Gregorius
1081 489 1474 547 commeatuum
1493 479 1787 543 Olivarum
1811 497 1974 540 mon-

336 575 433 652 tis,
464 578 828 658 Patrumque
862 576 922 638 in
955 575 1054 637 illa
1095 581 1311 635 sancta)
1361 570 1608 632 civitatis
1651 571 1973 631 solitudine

332 665 672 744 degentium
713 666 1091 728 visendarum
1141 661 1323 741 gratia
1345 659 1970 741 petiit,cujuscumar—

331 753 510 818 bitrio
541 755 652 817 hoc
682 757 869 837 ipsum
904 752 1366 835 permitteretur,
1395 749 1529 824 iter,
1562 767 1678 830 quo
1697 748 1882 809 fertur
1911 747 1973 810 in

331 843 675 907 interiorem
709 863 998 917 eremum,
1030 840 1392 920 aggreditur.
1415 839 1684 916 Cumque
1709 846 1827 899 tres
1846 837 1974 899 dies

330 931 449 996 iter
478 935 735 1009 fecisset,
771 933 842 995 ad
897 941 1122 994 sextam
1172 929 1298 989 fere
1346 929 1553 990 horam
1611 927 1971 989 monachum

331 1023 635 1086 consuetis
663 1030 965 1086 vacantem
998 1018 1279 1101 precibus
1310 1016 1569 1098 reperit:
1628 1035 1802 1098 quem
1838 1035 1970 1078 cum

333 1112 798 1190 convenisset,in
814 1125 1276 1188 sermonemque
1287 1105 1638 1170 familiarem
1655 1105 1973 1176 incidisset,

331 1200 570 1277 quando
591 1200 694 1262 ille
720 1200 866 1262 nihil
887 1199 1083 1260 minus
1104 1199 1269 1260 hunc
1289 1196 1482 1275 ipsum
1510 1193 1733 1257 virtutis
1754 1195 1976 1275 depre-

331 1289 624 1354 henderat
654 1297 1004 1363 amatorem,
1039 1289 1100 1348 in
1132 1285 1263 1348 vita),
1291 1303 1494 1346 secum
1519 1284 1975 1346 contubernium

332 1381 580 1462 accepit.
609 1379 832 1442 Verum
859 1396 994 1439 cum
1026 1384 1158 1457 post
1180 1374 1385 1454 viginti
1404 1375 1532 1435 dies
1547 1393 1806 1436 unacum
1824 1374 1973 1436 Gre-

327 1470 493 1549 gorio
525 1469 663 1532 illac
693 1469 806 1530 iter
822 1468 1066 1541 faceret,
1093 1465 1312 1540 locum,
1351 1465 1413 1525 in
1428 1485 1545 1544 quo
1561 1464 1840 1525 monachi
1863 1463 1974 1525 do-

330 1559 622 1622 micilium
653 1558 909 1639 duaeque
941 1557 1152 1638 palmae
1184 1562 1376 1631 erant,
1409 1553 1689 1616 indicavit
1716 1575 1728 1614 :
1767 1553 1978 1634 ingens

329 1649 456 1724 hic,
490 1668 526 1711 ο
557 1648 875 1729 ﬁli(locum
905 1646 1088 1724 digito
1112 1643 1650 1724 signans,subdidit
1672 1643 1824 1724 ille),
1846 1646 1978 1705 the-

2053 486 2307 563 τριάρχου
2357 486 2627 564 Μακαρίου
2685 503 3095 567 χειροτονεῖται,
3153 491 3212 545 ὃν
3255 488 3319 558 δὴ
3376 488 3606 557 ἀξιώσας
3671 495 3702 549 δ

2053 577 2194 640 θεῖος
2250 575 2560 656 Γρηγόριος,
2622 577 2682 632 τό
2745 599 2801 633 τε
2859 577 2978 655 ὅρος
3035 585 3141 634 τῶν
3199 578 3392 636 ἐλαιῶν
3453 580 3584 638 ἰδεῖν
3613 583 3705 637 καὶ

2054 663 2172 725 τοὺς
2229 665 2363 721 κατὰ
2420 666 2518 732 τὴν
2573 665 2770 742 ἔρημον
2826 665 2922 735 τῆς
2975 667 3127 745 ἁγίας
3181 668 3392 736 πόλεως
3457 671 3705 750 Πατέρας

2055 751 2377 828 περιελθεῖν,
2435 757 2524 811 καὶ
2586 755 2892 831 ἐπιτραπεὶς
2948 756 3176 836 ἄρχεται
3232 763 3334 826 τῆς
3413 759 3533 818 ὀδοῦ
3601 767 3705 828 τῆς

2057 841 2142 898 ἐπὶ
2198 843 2297 909 τὴν
2368 839 2638 922 ἒνδοτὲραν
2709 846 2971 924 φερούσης
3043 845 3267 922 ἔρημον,
3343 848 3575 928 Ἠμέρας
3647 848 3707 906 δὲ

2054 931 2123 1006 τῇ
2183 929 2450 1010 ὁδοιπορίᾳ
2507 949 2652 1010 τρεῖς
2712 930 2982 1014 διανύσας,
3038 933 3235 1015 σχοδόν
3291 961 3394 994 που
3451 941 3568 1018 περὶ
3599 939 3705 1005 τὴν

2057 1019 2216 1087 ἕκτην
2271 1021 2411 1098 ὥραν
2470 1019 2865 1097 καταλαμϐάνει
2916 1012 3033 1080 τινὰ
3078 1012 3328 1104 μοναχὸν
3383 1012 3484 1093 τὰῖ
3525 1012 3707 1098 συνή-

2058 1112 2164 1172 θεις
2243 1108 2405 1188 εὒχᾶς
2474 1113 2816 1186 ποιούμενον.
2890 1114 3069 1186 Τούτῳ
3138 1112 3203 1182 δὴ
3275 1118 3526 1194 συγγενός
3601 1118 3707 1173 καὶ

2059 1199 2131 1290 είς
2189 1196 2386 1289 λόγους,
2425 1199 2600 1289 ,ξελθὼν
2655 1200 2776 1257 ἐπεὲ
2833 1203 3081 1266 κάκεῖνος
3130 1206 3285 1290 αύτὸν
3335 1205 3472 1290 ἔγνω
3502 1209 3736 1284 ἀρετῆς,

2059 1287 2230 1365 ἄκρως
2301 1281 2776 1366 μεταποιούμενον,
2849 1291 2964 1366 μεθ’
3024 1277 3210 1351 ἐαυτοδ
3267 1277 3760 1374 παραλαμϐάνειν⁹

2062 1375 2149 1434 Ἐν
2207 1377 2429 1454 ἡμέραις
2491 1377 2541 1434 δὲ
2599 1379 2773 1436 εἴκοσι
2831 1381 2930 1448 τὴν
2989 1383 3152 1448 αὐτην
3199 1381 3414 1462 ὁδεύσας
3432 1392 3519 1462 .τῷ
3548 1391 3703 1462 Γρη-

2233 1442 2254 1444 η
2317 1442 2326 1454 ,
2418 1442 2424 1444 ι
2889 1442 2898 1448 .
3110 1442 3120 1448 .
3400 1442 3411 1448 -
3493 1442 3503 1459 ,
3589 1442 3602 1462 ε
3646 1442 3657 1450 .

2060 1467 2242 1546 γορίω,
2304 1465 2526 1527 δείκνυσι
2584 1469 2747 1525 τόπον
2801 1474 2942 1544 αὒτῷ
2995 1493 3111 1526 τινα
3160 1471 3260 1545 ἐ·νῷ
3292 1442 3462 1543 σκλνῆ
3506 1495 3562 1530 τε
3593 1497 3702 1549 μο-

2060 1563 2230 1634 ναχοῦ
2283 1557 2372 1630 ἦν,
2434 1559 2524 1613 καί
2579 1555 2668 1614 δύο
2711 1561 2940 1636 φοίνικες
2991 1559 3339 1640 ἐπεφύκεσαν.
3375 1569 3568 1620 Τοῦτον
3597 1565 3703 1620 αὒ-

2059 1651 2134 1718 τῷ
2189 1652 2266 1718 τῷ
2322 1644 2562 1720 δακτύλῳ
2611 1645 2777 1713 δείξας
2825 1649 2912 1703 καὶ
2967 1650 3152 1724 εἰπὼν,
3215 1651 3488 1723 Ἐνταῦθα,
3544 1654 3705 1730 φησὶ,

333 1756 548 1800 saurus
580 1747 672 1800 est
701 1737 1184 1816 abditus,nempe
1206 1734 1642 1797 exercitationis
1674 1733 1880 1813 laude]

2172 1747 2298 1815 παῖ,
2373 1735 2541 1813 μέγας
2614 1736 2970 1814 ὲγδιέκρυπται
3047 1741 3333 1818 θησαυρὸς,
3407 1739 3574 1818 μέγας
3649 1741 3708 1796 ἐν

332 1836 422 1889 ter
456 1824 1345 1905 eminentissimus,tuusque,id
1369 1824 1483 1885 nisi
1514 1823 1640 1904 ipse
1657 1825 1879 1886 detrect

2165 1823 2285 1892 ήσει
2345 1826 2522 1900 πατὴρ
2591 1827 2678 1882 καὶ
2743 1829 2861 1900 σὸς,
2935 1829 2979 1882 εἰ
3044 1827 3220 1904 θέλῃς,
3286 1831 3489 1908 σωτήρ.
3535 1830 3712 1887 Ἀλλὰ

332 1927 602 1980 servator
625 1918 886 1979 futurus.
911 1915 1168 1977 Proinde
1185 1913 1431 1987 accede,
1459 1926 1518 1975 et
1541 1913 1779 1993 pulsans
1793 1913 1879 1974 l‘or

2156 1912 2266 1969 ἱσιθι
2297 1915 2382 1970 καὶ
2412 1915 2582 1988 κόψας
2615 1915 2714 1982 τὴν
2743 1915 2924 1991 θύραν,
2972 1915 3104 1981 ἕξεις
3157 1918 3314 1974 αὖτὸν
3345 1920 3703 1982 ὑπακούοντα,

331 2005 562 2066 obviam
579 2002 682 2066 tibi
697 2005 1089 2087 prodeuntem
1110 2001 1394 2078 habebis;
1420 2002 1575 2082 quod
1591 2001 1640 2062 si
1667 2001 1878 2082 psaller

2155 2027 2158 2045 ι
2212 2000 2265 2059 δέ
2322 2026 2382 2082 γε
2415 2001 2635 2078 ψάλλων
2687 2005 2955 2085 τυγχάνῃ,
3015 2005 3224 2083 πλήρου
3284 2009 3375 2063 σὺν
3417 2010 3556 2081 αὐτῷ
3599 2011 3702 2077 τὴν

335 2094 744 2170 distinebitur,
767 2101 1006 2157 cantum
1038 2111 1170 2154 cum
1207 2090 1481 2160 illo,foris
1502 2090 1768 2166 alioquin
1784 2098 1882 2152 stat

2157 2115 2195 2156 Ιν
2227 2092 2391 2159 ἑστὼς
2435 2091 2642 2157 ἔξωθε-ι’
2707 2096 2794 2150 καὶ
2847 2095 2981 2170 μετὰ
3037 2097 3097 2151 τὸ
3154 2097 3471 2176 παύσασθαι,
3527 2099 3608 2154 σοὶ
3639 2101 3704 2156 τὸ

335 2202 741 2265 prosequere;
780 2202 914 2245 cum
949 2201 1080 2243 vero
1113 2179 1368 2243 canendi
1390 2181 1569 2240 ﬁnem
1599 2180 1874 2251 fecerit,h

2153 2183 2289 2239 εὖθεν
2320 2181 2528 2257 μελέτω
2558 2181 2703 2246 ὅπως
2759 2184 2857 2251 τῆς
2909 2185 3072 2262 θήρας
3130 2186 3207 2259 μὴ
3265 2183 3581 2265 διαμάρτῃς.
3636 2187 3700 2246 ’0

332 2273 442 2334 tibi
461 2291 620 2335 cura:
641 2272 1072 2353 sit,quominns
1084 2271 1193 2331 hac
1207 2268 1334 2350 ipsa
1350 2268 1652 2330 frustreris
1670 2268 1879 2346 indagit

2164 2317 2178 2342 ,
2247 2279 2470 2329 τοσαῦτα
2527 2273 2688 2329 εἰπὼν
2745 2273 2832 2329 καὶ
2888 2275 2978 2329 τὸν
3037 2276 3327 2354 Γρηγόριον
3373 2275 3701 2354 ἀσπασάμε-

330 2362 471 2424 Haec
502 2380 647 2424 sane
674 2381 808 2423 cum
841 2361 945 2422 ille
995 2359 1272 2436 dixisset,
1307 2367 1586 2439 essetque
1617 2357 1877 2438 Gregorii

940 2386 945 2417 ι
995 2359 1272 2436 dixisset,
1307 2367 1586 2439 essetque
1617 2357 1969 2438 Gregorium
2057 2380 2163 2439 νος,
2200 2359 2487 2441 ἀνεχώρει.

329 2451 724 2532 amplexatus,
761 2451 1061 2514 discessit.

409 2539 599 2605 XXII.
625 2542 704 2604 At
733 2559 874 2602 vero
906 2559 1043 2601 cum
1078 2539 1174 2600 hic
1214 2540 1379 2600 ﬂexis
1431 2537 1705 2618 genibus,
1766 2538 1956 2601 oculos

2152 2535 2262 2600 (ἰδ’.
2324 2537 2386 2596 Ὀ
2415 2537 2469 2594 δὲ
2497 2538 2564 2594 τὰ
2621 2540 2820 2617 γόνατα
2875 2540 3082 2620 κλίνας,
3129 2541 3248 2606 τοὺς
3290 2540 3345 2597 δὲ
3393 2543 3699 2622 ὀφθαλμοὺς

331 2649 574 2693 sursum
613 2633 671 2691 in
706 2630 922 2692 crelum
953 2629 1190 2707 tollens,
1216 2637 1465 2700 orasset,
1498 2645 1752 2708 seseque
1779 2647 1878 2689 cru

2207 2625 2435 2691 διανοίας
2493 2625 2602 2683 ἅνω
2657 2630 2788 2706 πρὸς
2850 2631 3070 2707 οὐρανὸν
3119 2631 3291 2694 τείνας
3341 2634 3428 2688 καὶ
3471 2655 3699 2711 προσευ-

331 2726 500 2798 signo
533 2718 996 2800 prremuniisset,
1019 2717 1273 2780 ﬁdenter
1289 2715 1689 2795 gradiebatur.
1708 2718 1878 2796 Cumc

2148 2737 2304 2790 μενος,
2369 2723 2444 2790 τῷ
2502 2718 2649 2774 τύπω
2697 2741 2754 2775 τε
2802 2719 2904 2776 ποῦ
2961 2726 3181 2797 σταοροῠ
3241 2743 3695 2800 σφραγισάμενος,

332 2809 404 2868 ad
439 2808 632 2870 locum
660 2808 1050 2888 pertingeret,
1077 2815 1390 2869 canentem
1416 2807 1585 2886 quasi
1613 2804 1879 2868 turbam:

2152 2805 2248 2882 ipsi
2305 2805 2526 2884 θαῤῥῶν,
2593 2808 2681 2863 καὶ
2739 2807 2966 2874 πλησίον
3019 2817 3112 2866 τοῦ
3170 2811 3332 2867 τόπου
3382 2812 3699 2894 γενόμενος,

328 2897 475 2958 divit
502 2919 515 2960 :
551 2896 655 2958 sed
682 2915 818 2958 cum
850 2896 1094 2977 propius
1121 2895 1494 2974 accessisset,
1525 2914 1642 2955 non
1676 2905 1796 2954 tum
1821 2914 1875 2955 m

2156 2908 2274 2950 υσεν
2330 2895 2510 2973 ὥσπερ
2563 2894 2729 2975 ὄχλου
2786 2900 2929 2960 τινὸς
2999 2896 3238 2970 ᾅδοντος.
3319 2899 3567 2979 Ἐγγίσας
3642 2892 3699 2960 δέ.

326 2985 674 3061 titudinem,
703 2985 804 3046 sed
841 2984 1023 3046 veluti
1056 2993 1176 3046 tres
1206 2992 1491 3045 canentes
1513 2982 1871 3058 audire,sibi

2150 2983 2461 3063 λσιέστερον,
2529 2985 2651 3064 οὒχὶ
2703 2985 2936 3056 πλήθους
2997 2989 3145 3062 τότε,
3202 2987 3324 3046 ἀλλ’
3379 2990 3504 3048 ὅσον
3533 3000 3697 3070 τριῶν

326 3094 433 3137 sus
462 3082 575 3138 est.
601 3074 794 3148 Quare
826 3075 1042 3135 timore
1066 3074 1397 3155 perculsus,
1427 3073 1497 3135 ad
1517 3079 1760 3154 januam
1789 3073 1873 3134 sil:

2152 3070 2366 3128 ιλόντων
2397 3074 2618 3144 ἀκήκοε
2654 3075 2754 3133 Τὸν
2783 3076 2881 3150 μὲν
2913 3077 2999 3134 οὖν
3032 3075 3147 3141 δέος
3200 3079 3352 3159 εἶχε,
3410 3081 3496 3136 καὶ
3552 3085 3699 3160 παρᾶ

329 3163 880 3246 appropinquabat;
907 3164 1011 3226 sed
1031 3163 1134 3227 ille
1153 3183 1288 3226 cum
1309 3172 1547 3225 cantum
1575 3163 1810 3225 intusex
1821 3162 1874 3242 pl

2229 3163 2383 3240 θύραν
2454 3171 2669 3221 σιωπῶν
2737 3164 2998 3232 εἱστήκει.
3074 3167 3132 3226 Ὀ
3203 3166 3281 3248 δὲ,
3341 3167 3524 3237 ἐπειδῆ
3593 3172 3699 3240 τὴν

331 3221 442 3329 set:
467 3221 572 3334 perr
600 3221 982 3316 tnansenriam
1009 3253 1490 3334 aspiciens,voce
1514 3221 1864 3331 Gregorium

2289 3221 2300 3240 ,
2796 3221 2800 3222 ν
2874 3221 2886 3232 .
2983 3221 2998 3227 -
3100 3221 3123 3226 ν
3211 3221 3253 3224 η
3607 3221 3694 3240 η.-

2150 3273 2196 3316 λν
2229 3248 2374 3307 ἔνδον
2403 3250 2658 3330 τελέσειε,
2695 3255 3024 3332 παρακύπτει
3055 3261 3154 3323 τῆς
3199 3221 3377 3336 θύρας,
3435 3257 3530 3314 καί
3572 3279 3697 3339 φω-

332 3342 623 3404 clamavit.
658 3343 764 3404 Hic
797 3361 938 3406 vero
965 3343 1150 3404 multo
1178 3343 1362 3419 magis
1383 3341 1456 3403 ob
1480 3340 1738 3402 nominis
1759 3359 1872 3422 app

2193 3339 2386 3420 λέγων’
2447 3344 2728 3421 Γρηγόριε,
2788 3347 2848 3402 Ὀ
2906 3344 2960 3401 δὲ
3001 3348 3087 3402 καὶ
3135 3345 3339 3423 μᾶλλον
3389 3349 3476 3404 ἐπὶ
3506 3355 3572 3424 τῇ
3600 3357 3701 3407 τοῦ

324 3431 610 3494 lationem
644 3433 1079 3514 pertimescere
1132 3431 1332 3512 erepit,
1380 3441 1437 3492 et
1467 3429 1699 3492 vocanti
1731 3449 1969 3511 parens,

334 3521 955 3602 ingreditur,seseque
980 3521 1253 3602 lacrymis
1277 3539 1346 3582 ac
1367 3519 1686 3581 sudoribus
1703 3519 1968 3581 circum-

324 3613 513 3694 fusus,
579 3611 735 3674 illius
790 3611 865 3673 ad
915 3610 1099 3692 pedes
1154 3609 1436 3691 projecit.
1470 3611 1732 3687 Cumque
1766 3608 1838 3671 ab
1871 3628 1966 3684 eo,

329 3706 518 3767 Deum
539 3708 602 3763 ut
618 3719 724 3783 pro
745 3718 812 3762 se
834 3698 1594 3780 oraret,peliisset,sibique
1609 3697 1750 3760 illud
1773 3697 1969 3780 ipsum

2053 3431 2314 3505 ὀνόματος
2369 3430 2558 3501 κλήσει
2615 3432 2975 3514 καταπλαγεὶς
3036 3439 3123 3492 καὶ
3177 3443 3255 3509 τῷ
3305 3436 3548 3497 καλοῦντι
3579 3461 3704 3495 πει-

2053 3522 2212 3596 σθεὶς,
2269 3519 2512 3577 εἰσελθὼν
2575 3522 2892 3598 προσπίπτει
2955 3537 3070 3589 τοῖς
3144 3525 3327 3582 τούτου
3383 3527 3528 3600 ποσὶ,
3590 3525 3698 3584 δεί-

2051 3612 2200 3686 κρυσί
2255 3630 2312 3665 τε
2364 3611 2452 3666 καὶ
2507 3608 2684 3687 ἱδρῶσι
2741 3611 3166 3691 περιρῤεόμενος,
3221 3615 3308 3672 καὶ
3347 3616 3514 3695 εὐχὴν
3546 3615 3701 3682 ἔξαι-

2050 3698 2328 3772 τούμενος.
2391 3699 2582 3778 Τυχὼν
2644 3697 2699 3756 δὲ
2755 3701 2851 3768 τῆς
2909 3702 3081 3782 εὐχῆς
3128 3702 3273 3778 μένει
3321 3705 3462 3783 παρὰ
3491 3712 3569 3779 τῷ
3597 3706 3702 3784 γέ-

330 3791 659 3875 prrestitum
693 3796 876 3864 esset,
896 3788 1050 3870 apud
1084 3807 1292 3850 senem
1315 3795 1743 3868 commoratur,
1767 3805 1968 3866 gram-

328 3882 728 3957 maticamque
765 3886 823 3939 et
849 3877 1142 3957 quidquid
1168 3884 1474 3956 poetarum
1499 3875 1668 3938 libris
1695 3877 1968 3938 contine-

330 3979 454 4051 tur,
487 3968 852 4031 rbetoricam
886 3972 1050 4040 item,
1077 3985 1145 4027 ac
1171 3966 1602 4046 philosophiam
1626 3966 1812 4040 illam,
1843 3986 1876 4046 q

2179 3965 2268 4021 καὶ
2317 3964 2628 4045 φιλοσοφίας
2686 3967 2808 4023 ὅσον
2863 3971 2924 4025 τὸ
2975 3971 3321 4048 θεωρητικόν·
3368 3972 3429 4028 τὸ
3480 3973 3579 4050 γὰρ
3630 3971 3698 4029 δὲ.

327 4059 529 4121 animo
562 4065 621 4121 et
644 4057 1158 4138 contemplatione
1179 4055 1444 4117 cernitur
1469 4055 1626 4134 (nam
1652 4074 1780 4136 quae
1803 4056 1864 4117 in

2153 4055 2341 4110 ικτικὸν
2371 4053 2474 4123 ἤδη
2505 4056 2593 4112 καὶ
2622 4055 2885 4135 προλαϐον
2939 4057 3223 4138 ἑξήσκητο,
3288 4058 3607 4120 πεπαίδευτο
3641 4061 3700 4118 δὲ

329 4165 460 4210 rum
494 4147 727 4209 actione
749 4154 1042 4219 versatur,
1069 4145 1192 4226 jam
1220 4145 1452 4225 pridem
1476 4144 1808 4223 didicerat),
1836 4162 1876 4205 et

2167 4142 2232 4198 τὰ
2263 4151 2477 4200 τοιαῦτα
2509 4147 2535 4201 ὁ
2579 4145 2748 4222 γέρων
2778 4149 2993 4226 ἱκανῶς,
3025 4149 3115 4204 καὶ
3159 4146 3333 4226 λόγων
3363 4149 3701 4216 Ἑλληνικῶν

333 4243 526 4301 cetur.
549 4236 856 4317 Siquidem
892 4252 1074 4296 senex
1092 4234 1164 4296 ab
1198 4235 1290 4296 his
1320 4231 1597 4294 omnibus
1625 4232 1780 4293 belle
1807 4251 1875 4313 pa

2152 4255 2225 4297 ως
2257 4229 2580 4299 διδάσκαλος
2609 4235 2698 4303 ἧν.
2731 4237 2966 4292 Τοσαῦτα
2996 4238 3137 4306 παρὰ
3166 4238 3352 4297 τούτου
3401 4239 3699 4318 Γρηγόριος

327 4337 426 4388 tus
456 4334 604 4404 erat,
665 4325 1122 4402 litterarumque
1175 4321 1510 4385 Graecarum
1559 4321 1861 4383 doctorem

2154 4323 2290 4379 ὶτὸν
2323 4321 2482 4402 λόγον
2513 4322 2789 4402 κερδάνας,
2847 4327 2942 4382 οὐκ
2997 4325 3146 4404 ὀλίγα
3198 4325 3253 4382 δὲ
3309 4331 3396 4384 καὶ
3445 4329 3560 4405 βίου
3608 4333 3701 4386 καὶ

333 4414 651 4495 praestabat
675 4415 983 4477 eximium.
1004 4410 1148 4473 Tam
1172 4411 1395 4472 atl‘abre
1416 4410 1878 4488 Gregoriuslitte

2207 4411 2400 4491 ἀρετῆς
2458 4413 2815 4495 ἆπονάμενος,
2887 4415 3274 4492 συνταξάμενος
3344 4419 3486 4491 αύτῷ
3556 4426 3700 4492 μετὰ

339 4521 475 4565 rum
513 4501 734 4563 divitiis
766 4509 1116 4573 auctus,nec
1147 4499 1364 4560 minori
1390 4517 1620 4560 morum
1651 4507 1826 4580 atque
1851 4504 1886 4560 vi

2153 4523 2238 4582 τι,
2299 4503 2387 4558 καὶ
2435 4503 2554 4566 τοὺς
2585 4501 2949 4581 ἐκδεξομὲνους
3001 4507 3159 4563 αὐτὸν
3214 4508 3534 4585 πειρασμοὺς
3565 4505 3700 4586 παρ’

328 4591 497 4666 tutis,
529 4588 877 4652 accessione
907 4591 1081 4662 facta,
1117 4588 1204 4649 illi
1233 4588 1674 4650 adhwrescebat
1701 4611 1712 4648 :
1760 4607 1793 4650 a
1821 4609 1875 4666 qt

2153 4581 2231 4649 067
2268 4589 2530 4671 διδαχθείς
2568 4607 2582 4621 ⁸
2637 4596 2703 4662 ἦν
2763 4597 2862 4672 γὰρ
2897 4595 3023 4671 πρὸς
3056 4608 3172 4655 τοῖς
3203 4581 3382 4660 ἄλλοις
3407 4581 3501 4651 καὶ
3559 4581 3697 4674 προσ

331 4697 600 4761 quanam
655 4695 724 4740 se
760 4677 1104 4740 vexationes
1150 4677 1440 4740 invasurae
1472 4685 1694 4753 essent,
1728 4679 1873 4741 edoc

2151 4681 2281 4744 εικὸς
2339 4683 2367 4737 ὁ
2424 4683 2568 4743 θεῖος
2627 4681 2760 4759 ἀνὴρ
2797 4699 2810 4712 ·
2870 4683 2955 4740 ἐπὶ
3005 4684 3126 4748 τοὺς
3177 4685 3344 4761 ἱεροὺς
3382 4683 3578 4747 τόπους
3602 4685 3698 4740 καὶ

329 4770 489 4850 (erat
519 4766 678 4831 enim
713 4765 952 4828 divinus
985 4765 1084 4827 ille
1115 4765 1202 4826 vir
1256 4767 1417 4828 inter
1471 4775 1682 4829 czetera
1735 4777 1873 4828 vent

2147 4791 2199 4833 ις
2284 4775 2462 4848 φοιτᾷ,
2548 4770 2633 4826 καὶ
2717 4771 2923 4836 τούτοις
3007 4770 3339 4850 ἓνδιατρίψας
3424 4773 3694 4842 ἐνιαυτὸν,

330 4856 665 4940 praescius),
701 4873 912 4918 rursus
942 4856 1014 4917 ad
1047 4874 1216 4918 sacra
1245 4855 1374 4917 loca
1401 4857 1610 4938 pergit:
1645 4854 1705 4916 in
1753 4856 1877 4936 quil

2149 4862 2257 4914 ἷθεν
2289 4859 2361 4923 είς
2392 4858 2731 4939 Ἀντιόχειαν
2787 4859 2988 4917 ἄπεισι·
3049 4862 3138 4918 καὶ
3185 4862 3312 4938 παρ’
3367 4863 3501 4938 αὐτῇ
3528 4861 3696 4920 πάλιν

327 4965 462 5009 cum
484 4963 592 5027 per
616 4963 838 5007 annum
865 4944 1128 5021 vixisset,
1155 4945 1322 5008 illinc
1344 4945 1402 5007 in
1416 4945 1792 5008 Antiochiam
1815 4945 1874 5006 al

2144 4949 2290 5004 αυτὸν
2361 4948 2453 5005 ἕνα
2523 4946 2894 5027 διαγενόμενος
2969 4952 3175 5030 σχολῆς
3243 4972 3300 5008 τε
3370 4949 3691 5032 λαϐόμενος,

330 5036 489 5115 apud
519 5054 695 5116 quam
714 5051 934 5097 moram
961 5035 1449 5110 trahens,annum
1474 5035 1680 5097 itidem
1707 5054 1877 5096 comn

2169 5044 2276 5094 τῶν
2329 5035 2666 5117 δογματικῶν
2723 5038 2897 5116 λόγων
2955 5039 3182 5104 πολλοὺς
3239 5039 3336 5116 μὲν
3408 5041 3695 5118 ἀναγνοὺς,

324 5134 491 5187 ratus
520 5139 634 5187 est.
677 5124 944 5204 Cumque
965 5134 1123 5187 esset
1154 5126 1355 5206 plures
1376 5126 1640 5187 eruditos
1658 5143 1871 5186 sermo:

2172 5127 2378 5206 ὀλίγους
2434 5125 2488 5183 δὲ
2547 5128 2631 5184 οιαὶ
2690 5130 2846 5192 asta;
2905 5128 3205 5209 ἐκθέμενος,
3263 5132 3351 5187 καὶ
3377 5133 3552 5204 θαῦμα
3582 5138 3696 5187 πᾶ-

323 5213 777 5292 interpretatus,
815 5233 925 5275 nec
957 5233 1178 5294 paucos
1207 5216 1334 5296 ipse
1358 5213 1811 5295 composuisset,
1847 5234 1870 5275 ο

2161 5216 2465 5296 ἀπολιπών,
2526 5218 2598 5279 εἰς
2656 5220 2755 5284 τὴν
2814 5215 3058 5293 μεγάλην
3112 5217 3264 5275 πόλιν
3313 5220 3402 5275 καὶ
3449 5218 3697 5294 βασιλίδα

326 5301 506 5362 nibus
537 5301 629 5362 sui
660 5302 1053 5365 admiratione
1083 5303 1322 5384 injecta,
1359 5305 1429 5364 ad
1467 5322 1737 5383 magnam
1770 5322 1836 5366 ac
1866 5324 1873 5364 1

2176 5307 2570 5363 Κωνσταντίνου
2615 5319 2813 5385 χωρεῖ,
2847 5312 2943 5372 τῆς
3000 5305 3111 5362 ἄνω
3165 5307 3378 5371 πάντως
3434 5311 3697 5387 Προνοίας

321 5390 474 5467 giam
507 5391 878 5452 Constantini
909 5391 1206 5453 civitatem
1237 5399 1570 5454 concessit:
1605 5393 1868 5474 quandot

2148 5397 2200 5450 ὃν
2258 5396 2593 5472 άπαγούσης,
2655 5398 2727 5461 είς
2787 5396 2851 5463 ἣν
2903 5395 2968 5464 δὴ
3035 5396 3235 5467 ἐκλήθη
3294 5396 3436 5462 τάξιν
3512 5398 3695 5476 ὥσπερ

320 5478 454 5538 vina
477 5479 642 5538 illum
663 5481 908 5541 omnino
937 5481 1305 5560 providentia
1328 5498 1397 5540 eo
1431 5483 1867 5562 compelleret,t

947 5481 1305 5559 providentia
1328 5498 1397 5540 eo
1431 5483 1837 5562 compelleret,
1857 5491 1964 5544 eta
2047 5482 2494 5561 προϐιϐκζούσης.

323 5565 554 5630 caeteris
581 5567 822 5649 quidem
858 5569 1062 5631 mundi
1089 5569 1246 5631 curis
1272 5569 1740 5650 abstractum,ad
1767 5589 1981 5635 munus
2004 5573 2250 5654 illud,ad
2276 5573 2432 5658 quod
2457 5571 2795 5638 obeundum
2830 5581 3066 5637 vocatus
3087 5575 3299 5653 fuerat,
3325 5573 3686 5640 hortaretur.

2053 3807 2218 3864 ροντι,
2253 3788 2340 3844 καὶ
2389 3789 2514 3867 παρ’
2574 3787 2716 3861 αύτῷ
2746 3789 2831 3849 διὰ
2885 3792 3151 3870 τεττάρων
3216 3792 3348 3850 ἐτῶν
3381 3816 3699 3871 γραμματι-

2052 3874 2154 3940 κὴν
2211 3897 2266 3931 τε
2329 3875 2652 3952 παιδεύεται,
2685 3879 2770 3934 καὶ
2821 3878 2919 3935 ὅσα
2949 3881 3056 3936 τῶυ
3087 3884 3349 3957 ποιητῶν,
3406 3883 3702 3956 ῥητορικὴν
