3918 6138
177 344 293 410 217

1183 337 1370 404 VITA
1412 337 1473 402 S.
1518 331 1890 403 GREGORII
1932 333 2476 400 AGRIGENTINI.

3394 330 3512 399 218

261 485 377 539 XI".
430 477 628 546 Ταύτην
677 473 992 534 καταλαϐὼν
1038 477 1126 532 καὶ
1180 475 1322 555 παρὰ
1354 480 1446 532 τοῦ
1501 473 1780 555 φιλαρέτου

1952 469 2149 534 XXIII.
2181 470 2346 534 Hanc
2374 471 2644 553 subiens,
2674 468 2832 551 apud
2879 469 3237 533 monachum
3267 470 3510 550 sapien-

195 577 402 650 μοναχοῦ
451 568 609 636 ξενίας
669 568 875 648 τυχὼν,
919 567 976 630 ὃς
1020 565 1122 634 ἢδη
1164 566 1252 622 καὶ
1305 570 1405 632 τῆς
1462 571 1565 622 τῶν
1625 565 1788 642 ἁγίων

194 661 431 738 μαρτύρων
493 659 710 737 Σεργίου
783 657 869 713 καὶ
948 657 1162 735 Βάκχου
1232 658 1523 732 καθηγεττο
1594 659 1762 730 μονῆς
1772 709 1787 740 ²

194 749 319 827 ἔργον
367 749 459 824 μὲν
512 749 564 804 ἐν
621 747 851 824 πρώτοις
891 745 950 800 οὒ
1010 746 1197 823 μικρὸν
1251 744 1487 801 ἐποιεῖτο
1547 745 1790 802 Ἰωάννου

195 849 267 900 τοῦ
325 845 514 920 χρυσοῦ
594 837 695 904 τὴν
780 835 1020 915 γλῶτταν
1093 835 1214 900 τοὺς
1287 839 1516 913 χρυσοῦς
1588 832 1788 890 ἐπιέναι

193 930 366 1010 λόγους·
423 927 569 984 εἷλκε
629 927 728 1003 γὰρ
758 926 843 980 καὶ
899 932 1081 982 τοῦτον
1137 925 1170 990 ἡ
1215 922 1413 979 ἐκείνου
1473 923 1652 998 σειρὴν
1700 923 1787 981 καὶ

192 1022 240 1077 τό
285 1042 334 1076 τε
387 1017 586 1094 πλῆγος
642 1021 752 1070 τῶν
819 1014 1123 1088 νοημάτων,
1169 1015 1255 1070 καὶ
1309 1015 1370 1068 τὸ
1428 1011 1624 1076 κάλλος
1680 1019 1787 1068 τῶν

195 1110 449 1187 ὀνομάτων,
479 1108 568 1163 καὶ
609 1106 709 1173 τὴν
763 1105 949 1170 καινὴν
1001 1102 1206 1169 ἐκείνην
1266 1103 1352 1159 καὶ
1407 1100 1608 1181 σφόδρα
1659 1101 1786 1158 θέλ-

193 1221 349 1274 γουσιν
400 1195 662 1262 συνθήκην
713 1195 874 1272 ὁρῶν,
904 1193 991 1248 καὶ
1040 1191 1121 1247 ὅτι
1153 1189 1217 1258 δὴ
1265 1192 1330 1248 τὰ
1367 1190 1564 1249 ἐκείνου
1617 1192 1786 1247 πάντα

193 1291 385 1367 χαρίτων
459 1285 650 1360 μεστά,
715 1283 1003 1341 Κάντεῦθεν
1078 1280 1236 1338 πάλιν
1295 1285 1355 1336 τὸ
1414 1280 1613 1337 ἐκείνου
1688 1285 1786 1347 τῆς

189 1377 332 1456 ψυχῆς
385 1376 603 1454 μέγεθος
648 1375 721 1437 ὡς
773 1371 886 1429 οἷόν
929 1393 986 1427 τε
1044 1373 1111 1438 ἧν
1142 1369 1618 1446 ἆναδιδασκόμενος
1676 1369 1788 1426 διε-

189 1465 448 1543 θερμαίνετο
498 1464 601 1530 τὴν
661 1461 866 1540 ψυχὴν,
931 1461 1018 1516 καὶ
1079 1461 1150 1520 ὡς
1195 1460 1324 1536 πρὸς
1368 1458 1669 1538 ἀρχέτυπόν
1737 1478 1787 1514 τι

187 1552 343 1630 κομιδῆ
392 1549 703 1609 κάλλιστον’
738 1552 826 1606 τὸν
883 1549 1080 1605 ἐκείνον
1135 1549 1246 1624 βίον
1303 1550 1460 1627 ὁρῶν,
1493 1546 1608 1604 καθ’
1667 1547 1788 1604 ὅσον

187 1643 362 1718 δύναμις
415 1642 609 1714 ζηλοῦν
683 1637 952 1701 ἔσπευδεν.
1013 1639 1280 1695 Ἐντεῦθεν
1350 1637 1445 1694 καὶ
1519 1659 1787 1694 συντονω-

185 1729 324 1808 τέραις
386 1732 570 1788 ἑαυτὸν
640 1730 906 1795 νηστείαις
976 1724 1253 1798 ἐκδέδωκε,
1324 1728 1410 1782 καὶ
1480 1727 1788 1806 ἀγρυπνίαις

187 1819 359 1886 ἐξέθηκε
412 1821 496 1876 καὶ
555 1830 891 1897 προσευχαῖς
950 1815 1304 1880 ἀδιαλείπτοις
1348 1817 1572 1896 ἐχρῆτο.
1645 1826 1686 1871 Α
1735 1815 1790 1872 δὲ

1873 560 1968 622 tia:
1998 561 2360 634 studiosum,
2397 561 2494 640 qui
2524 559 2715 640 Sergii
2744 569 2802 623 et
2832 559 3032 623 Bachii
3067 567 3383 640 martyrum
3403 560 3514 622 do-

1874 649 1994 711 mui
2027 649 2166 710 olim
2203 653 2537 729 praefuerat,
2573 652 2923 724 diversatus,
2957 669 3086 713 rem
3127 670 3245 711 non
3279 668 3513 730 parvam

1873 739 2114 820 quidem
2141 739 2507 813 elfecit,dum
2525 738 2772 803 Joannis
2789 741 3194 821 Chrysostomi
3209 758 3518 802 sermones

1873 847 2082 890 aureos
2107 831 2422 910 percurrit.
2455 830 2602 892 Nam
2628 831 3057 893 sententiarum
3082 830 3242 892 illius
3264 829 3514 893 dulcedo

1871 936 1937 978 ac
1969 917 2236 994 ubertas,
2272 939 2380 982 nec
2411 940 2529 981 non
2567 918 2880 982 verborum
2915 919 3289 1001 pulchritudo
3322 920 3513 1000 ipsum

1869 1007 2144 1071 illexerat
2180 1029 2194 1069 :
2252 1017 2372 1070 tum
2406 1027 2616 1071 novam
2672 1011 2834 1071 illam
2869 1009 3124 1073 subinde
3157 1017 3512 1072 structuram

1869 1098 2020 1160 mire
2067 1097 2448 1173 afﬁcieutem,
2507 1105 2830 1177 omniaque
2879 1101 3008 1178 ejus
3061 1099 3306 1179 scripta,
3341 1098 3515 1159 donis

1870 1187 2044 1268 plena
2066 1188 2774 1268 cmlestibns,contuitus,
2801 1189 2940 1252 hinc
2963 1189 3123 1250 illius
3147 1187 3517 1250 auimicelsi-

1874 1276 2162 1358 tudinem,
2191 1286 2363 1358 prout
2390 1284 2641 1358 poterat,
2676 1297 2794 1339 non
2825 1278 3088 1357 segniter
3117 1278 3383 1353 edoctus,
3414 1296 3515 1338 ar-

1871 1365 2019 1428 dore
2051 1365 2304 1446 quodam
2335 1367 2519 1428 animi
2551 1375 2678 1429 erat
2706 1387 3018 1447 accensus,
3054 1375 3113 1429 et
3157 1368 3232 1429 ad
3263 1368 3393 1448 ejus
3422 1369 3513 1428 vi-

1874 1463 2014 1534 tam,
2042 1455 2127 1518 uti
2157 1457 2462 1536 exemplar
2484 1457 2780 1537 quoddam
2815 1457 2990 1536 longe
3021 1456 3512 1538 pulcherrimum,

1873 1546 2077 1606 oculos
2107 1545 2449 1621 intendens,
2483 1547 2703 1607 imitari
2748 1546 2904 1607 illam
2938 1547 3145 1608 sedulo
3197 1546 3513 1609 nitebatur.

1871 1632 2025 1696 Hinc
2056 1634 2464 1697 crebrioribus
2508 1655 2573 1696 se.
2598 1636 2844 1715 jejuniis
2891 1635 3138 1710 dedidit,
3174 1635 3390 1714 vigiliis
3420 1637 3517 1696 in-

1873 1722 2142 1805 sistebat,
2181 1723 2458 1805 precibus
2487 1725 2733 1787 vacabat
2763 1725 3038 1789 assiduis.
3071 1724 3212 1798 Quae
3264 1744 3404 1786 vero
3435 1725 3520 1788 illi

1876 1813 2032 1878 circa
2082 1817 2370 1876 Joannem
2405 1815 2733 1895 contigere,
2771 1816 2976 1877 eadem
3010 1814 3222 1876 domus
3251 1815 3519 1895 ejusdem

187 1914 308 1974 ὠτὸς
361 1912 488 1986 πρὸς
543 1910 639 1964 τὸν
696 1907 864 1986 μέγαν
924 1905 1178 1972 Ἰωάννην
1227 1905 1459 1986 ἔπασχε,
1516 1912 1680 1962 ταῦτα
1737 1903 1787 1961 δὲ

1952 1922 2096 1965 asses
2121 1905 2235 1965 sibi
2267 1903 2428 1966 circa
2458 1904 2625 1965 illum
2661 1924 2768 1966 usu
2793 1904 3024 1967 venisse
3054 1905 3517 1986 comperit.Cum

185 2004 287 2079 πρὸς
353 2000 505 2055 αὐτὸν
564 1999 654 2053 καὶ
725 1999 752 2052 6
806 2000 904 2062 τῆς
976 1993 1204 2074 μάνδρας
1265 1995 1469 2062 ἐκείνης
1519 1997 1787 2075 προεστὼς

1958 1993 2035 2053 im
2083 2004 2144 2056 et
2173 1994 2224 2055 is
2247 1994 2548 2074 jejunium
2579 1993 2933 2057 admirabile
2965 2003 3239 2057 cerneret
3290 1995 3513 2075 (neque

187 2089 448 2146 ἐπεπόνθει·
519 2090 660 2166 ὁρῶν
717 2086 816 2164 γὰρ
885 2084 1129 2149 κάκεῖνος
1205 2084 1267 2141 τό
1335 2107 1391 2140 τε
1464 2082 1787 2164 ὑπερϐάλλον

1955 2082 2031 2143 im
2087 2083 2283 2145 cibum
2319 2083 2431 2144 nisi
2463 2093 2690 2163 septem
2747 2083 2994 2163 singulis
3026 2083 3258 2158 diebus,
3292 2103 3359 2145 ac
3393 2093 3514 2144 tum

184 2182 259 2246 τῆς
307 2179 526 2239 ἀσιτίας·
595 2175 707 2233 οὖδὲ
766 2177 865 2254 γὰρ
916 2173 996 2230 ὅτι
1041 2175 1118 2248 μὴ
1179 2172 1246 2229 δι’
1305 2174 1443 2231 ὅλων
1496 2175 1630 2231 ἑπτὰ
1657 2176 1787 2250 ἡμε-

1956 2172 2110 2233 idem
2165 2172 2329 2235 olera
2361 2173 2595 2236 modico
2627 2174 2865 2235 condita
2918 2173 3042 2236 sale
3071 2173 3418 2255 accipiebat)
3449 2192 3518 2236 ac

183 2274 265 2346 ρῶν
313 2267 561 2340 ἐσιτεῖτο,
596 2265 809 2344 λάχανα
856 2262 912 2320 δὲ
966 2263 1059 2320 καί
1108 2263 1228 2321 τότε
1286 2265 1466 2340 μόνοις
1525 2262 1674 2319 ἁλσὶν
1717 2265 1787 2332 ἡ-

1952 2261 2099 2337 ;ilias
2122 2269 2392 2324 naturam
2426 2263 2744 2324 humanam
2775 2263 3000 2342 egredi,
3024 2263 3212 2324 nihilo
3228 2264 3423 2325 secius
3441 2263 3519 2324 la-

182 2357 416 2433 ὂννόμενα·
475 2352 647 2412 ταῦτα
702 2375 759 2410 τε
821 2352 910 2409 οὗν
968 2352 1126 2431 δρῶν,
1185 2351 1279 2408 καί
1336 2355 1397 2409 τὸ
1467 2357 1565 2420 τῆς
1622 2353 1787 2431 ἀγρυ-

1955 2350 2121 2412 ribus
2145 2351 2755 2432 invictum,pr:ecibus
2781 2371 2848 2413 ac
2870 2353 3355 2433 contemplationi
3377 2372 3520 2415 con-

180 2446 300 2510 πνίας
347 2444 548 2524 σχεδὸν
608 2443 735 2520 ὅπερ
788 2440 1081 2520 ἄνθρωπον,
1131 2441 1188 2498 οὒ
1243 2441 1353 2517 μὴν
1405 2441 1542 2501 ἀλλὰ
1596 2443 1683 2498 καὶ
1729 2443 1787 2497 τὸ

1952 2440 2237 2502 :ntissime
2261 2441 2577 2516 inhaerere,
2603 2451 2844 2522 stupore
2873 2460 3082 2520 magno
3113 2443 3376 2518 allectus,
3403 2461 3521 2502 non

182 2534 223 2590 ἒν
257 2535 422 2598 πόνοις
475 2533 772 2604 ἀήττητον,
802 2533 888 2587 καὶ
938 2532 996 2588 τὸ
1027 2532 1145 2609 περὶ
1190 2532 1288 2598 τὴν
1330 2535 1637 2611 προσευχὴν
1689 2530 1787 2607 ἔμ-

1952 2531 2184 2612 ntinuit,
2220 2532 2365 2613 quin
2416 2531 2540 2592 haec
2572 2532 2699 2612 ipsa
2728 2550 2760 2590 a
2794 2530 3030 2592 silentio
3081 2530 3431 2605 vindicaret,
3464 2537 3523 2592 et

185 2624 312 2690 μονόν
359 2645 415 2679 τε
475 2625 570 2680 καὶ
639 2621 986 2699 θεωρητικὸν,
1034 2618 1172 2684 ὅλως
1230 2619 1536 2690 ἐκπλήξεως
1598 2622 1787 2696 μεστὸς

1955 2621 2295 2703 triarcham,
2328 2621 2422 2683 cui
2455 2628 2586 2682 acta
2620 2621 2778 2681 illius
2809 2620 3010 2682 omnia
3041 2620 3400 2699 manifestat,
3434 2637 3525 2682 re-

183 2710 253 2784 ἦν,
305 2715 384 2769 καὶ
441 2717 577 2790 σιγῇ
634 2720 798 2768 ταῦτα
853 2709 1099 2786 κρύπτειν
1153 2707 1258 2788 οὔχ
1316 2709 1431 2773 οἷός
1461 2731 1519 2765 τε
1577 2709 1673 2784 ὢν,
1706 2713 1787 2767 καί

1955 2729 2007 2770 m
2040 2711 2305 2772 omnium
2340 2710 2691 2791 participem
2725 2711 2967 2772 faceret.
3007 2710 3112 2773 Ille
3162 2711 3252 2771 his
3281 2707 3520 2792 auditis,

185 2803 254 2858 τὸν
335 2801 682 2879 πατριάρχην
771 2799 1026 2854 κοινωνὸν
1111 2795 1370 2872 ἔπὸιεϊτο,
1448 2800 1536 2856 γαὶ
1620 2799 1787 2855 πάντα

1952 2799 2110 2861 visus
2139 2809 2228 2861 est
2257 2801 2666 2880 vehementer,
2694 2817 2763 2861 ac
2794 2799 3095 2880 sapientes
3127 2798 3413 2880 quosdam
3445 2805 3528 2858 vi-

189 2887 460 2967 ἒξαγγέλλει
518 2889 590 2944 τὰ
621 2888 741 2944 κατ’
784 2886 961 2948 αὐτόν,
1001 2887 1097 2944 Καὶ
1153 2888 1209 2952 δς
1252 2885 1504 2962 ἀκούσας,
1561 2887 1678 2944 λίαν
1735 2910 1787 2944 τε

1952 2911 1974 2953 s
2005 2909 2111 2973 per
2161 2911 2311 2974 quos
2340 2893 2574 2974 aliquod
2611 2893 2769 2955 illius
2816 2892 3147 2974 periculum
3177 2893 3420 2966 faceret,
3453 2891 3526 2952 ad

179 2977 306 3052 ἥσθη,
353 2981 439 3034 καὶ
481 2975 792 3054 βουλεύεται
846 2977 944 3043 τὴν
1003 2977 1099 3050 μὲν
1143 2977 1358 3054 πρώτην
1402 2980 1596 3058 σοιροὺς
1655 2978 1787 3052 αὐτῷ

1952 3001 2041 3043 um
2077 2982 2376 3059 legare,ac
2400 3001 2534 3042 mox
2559 2983 2913 3061 Gregorium
2946 2983 3139 3060 ipsum
3167 2981 3525 3043 accersitum

179 3088 296 3132 τινας
350 3065 702 3144 ἀποστεῖλαι,
756 3066 844 3122 καὶ
895 3062 961 3120 δι’
1019 3066 1190 3121 αὐτῶν
1245 3067 1446 3123 τούτων
1498 3068 1787 3147 ἀπόπειραν

1952 3071 2028 3132 ud
2080 3089 2145 3132 se
2175 3072 2485 3132 continere
2515 3071 2798 3133 decrevit.
2849 3070 2997 3132 Tum
3031 3075 3190 3133 enim
3243 3069 3529 3150 splendor

176 3156 344 3213 ὶιείνου
400 3154 618 3211 λαϐεῖν’
665 3153 849 3210 ἔπειτα
899 3151 954 3210 δὲ
995 3157 1084 3211 καὶ
1141 3156 1232 3210 τὸν
1275 3156 1562 3235 Γρηγόριον
1620 3157 1787 3233 μετά-

1955 3159 2088 3235 ctis,
2116 3178 2330 3240 nempe
2353 3161 2674 3241 sapientes,
2696 3160 2945 3222 interire
2966 3168 3293 3241 cmperant,
3317 3177 3384 3220 ac
3408 3177 3526 3219 uno

179 3241 345 3310 κλητον
383 3244 563 3301 θέσθαι
624 3242 748 3321 παρ’
780 3242 982 3301 ἑαυτὸν.
1033 3243 1297 3320 Ὀρίζεται
1355 3243 1409 3300 δὲ
1465 3247 1552 3302 καὶ
1609 3247 1787 3324 καιρὸς

1952 3267 1973 3309 e
2006 3248 2257 3329 periisse
2289 3269 2520 3324 omnes,
2557 3264 2616 3312 et
2659 3250 2731 3312 ab
2763 3258 3004 3330 aspectu
3041 3249 3347 3310 hominum
3382 3266 3525 3330 pro-

177 3337 254 3399 τῆς
302 3333 703 3412 προσελεύσεως
747 3338 852 3388 τῶν
901 3339 1075 3414 coepi?»
1108 3335 1134 3388 6
1191 3334 1286 3401 τῆς
1343 3336 1525 3397 νυκτὸς
1584 3335 1787 3415 ὄρθρος,

1953 3337 1970 3398 l
2021 3339 2130 3400 visi
2160 3347 2296 3402 sunt
2328 3340 2653 3402 exsulasse.
2709 3339 3020 3404 Mittuntur
3051 3339 3230 3418 igitur
3258 3338 3328 3400 ad
3360 3337 3524 3400 illum

177 3419 218 3476 ἒν
275 3423 432 3501 ἧμέρᾳ
487 3424 596 3501 γὰρ
651 3421 868 3486 ἀθέατος
921 3423 988 3490 ἦν
1045 3423 1111 3477 τὰ
1152 3422 1327 3478 πολλὰ
1367 3425 1456 3480 καὶ
1506 3424 1786 3502 ἂπρόϊτος,

1952 3429 2162 3491 lximus
2219 3429 2460 3509 quidam
2516 3430 2923 3510 phiIOSOphus,
2956 3448 3023 3490 ac
3073 3428 3526 3504 Constantinus,

178 3512 245 3566 καὶ
292 3512 564 3588 πέμπεται
631 3512 763 3590 προς
837 3512 994 3568 αὐτὸν
1065 3509 1304 3588 Μάξιμος
1375 3535 1432 3568 τε
1503 3513 1787 3595 φιλοσοφος

1952 3536 1994 3577 :n
2027 3516 2310 3578 Ecclesire
2333 3509 2623 3579 librorum
2655 3529 2878 3594 custos,
2907 3516 3017 3578 viri
3049 3537 3168 3578 non
3201 3517 3377 3578 modo
3408 3516 3527 3594 ipsi

175 3601 241 3655 καὶ
314 3611 717 3664 Κωνσταντῖνος
795 3603 822 3658 6
912 3609 1200 3667 τηνικαῦτα
1285 3602 1620 3682 χαρτοφύλαξ
1689 3610 1787 3670 τῆς

1952 3617 2242 3687 »(ιιιθηιθε,
2266 3607 2372 3668 sed
2395 3607 2497 3688 qui
2525 3609 2671 3670 alios
2706 3609 2877 3668 etiam
2904 3607 3220 3686 loquentes
3243 3605 3524 3685 judicare

173 3686 488 3772 Ἐκκλησίας,
566 3688 749 3768 ἄνδρες
817 3689 990 3767 λέγειν
1057 3713 1115 3746 τε
1185 3690 1365 3770 δεινοί,
1437 3693 1522 3748 καὶ
1596 3694 1787 3772 κρίνειν

1953 3705 2116 3757 ssent
2147 3713 2162 3758 :
2217 3686 2591 3776 philosophia
2623 3697 2866 3777 quidem
2928 3696 3247 3774 plurimum
3283 3693 3522 3774 exculti,

173 3780 267 3844 τοὺς
306 3779 562 3858 λέγοντας
604 3781 794 3854 ἱκανοὶ,
841 3781 929 3835 καὶ
979 3778 1289 3858 φιλοσοφίαν
1338 3777 1512 3860 ἄκρως
1551 3781 1787 3851 ἐξησκηκ

1952 3802 2058 3865 que
2086 3785 2260 3845 etiam
2295 3785 2363 3846 ad
2396 3788 2750 3849 sententiam
2777 3804 2844 3845 ac
2876 3803 3073 3845 mores
3102 3783 3406 3847 hominum
3440 3783 3526 3844 ri-

173 3867 315 3945 μένοι,
346 3872 404 3927 οὗ
451 3871 568 3946 μὴν
620 3867 754 3925 ἄλλα
811 3870 899 3925 καὶ
946 3869 1071 3936 ἦθος
1115 3869 1387 3946 ἀνθρώπου
1429 3873 1516 3928 καὶ
1572 3872 1787 3948 γνώμην

1952 3873 2128 3936 andos
2160 3874 2348 3936 instar
2378 3875 2544 3955 Lydii
2577 3873 2805 3956 lapides
2855 3873 3110 3936 indices.
3143 3870 3255 3946 Qui
3286 3891 3420 3934 cum
3454 3872 3524 3933 ad

176 3963 472 4034 καταμαθεῖν
531 3959 677 4022 λίθος
732 3959 977 4039 ἀτεχνῶς
1019 3961 1053 4026 ἦ
1099 3959 1280 4020 Λυδία.
1335 3963 1490 4018 Οὗτοι
1533 3960 1598 4028 δὴ
1653 3962 1787 4036 αὐτῷ

1952 3981 2042 4023 um
2077 3964 2324 4044 profecti
2357 3973 2575 4037 essent,
2597 3983 2663 4025 ac
2697 3982 2909 4026 sensus
2939 3962 3526 4042 generositatemque

174 4049 544 4129 ωγγενόμενοι,
598 4049 683 4104 καὶ
733 4045 928 4111 ἰδόντες
986 4048 1232 4126 φρόνημά
1279 4071 1337 4104 τε
1395 4055 1579 4129 ψυχῆς
1637 4053 1787 4128 εὖγε-

1957 4052 2058 4112 imi
2092 4054 2554 4133 perspexissent,
2590 4053 2852 4130 itemque
2894 4050 3275 4114 delectabiles
3306 4070 3523 4126 mores,

174 4135 237 4199 *ἒς
298 4139 382 4194 καὶ
451 4139 586 4206 ἦθος
659 4137 961 4215 ἐπιτερπὲς,
1023 4137 1183 4215 λόγον
1253 4161 1310 4194 τε
1383 4137 1598 4214 μέλιτος
1663 4139 1787 4208 ἡδίω

1997 4160 2332 4204 sermonem
2387 4141 2565 4204 melle
2624 4142 2952 4204 suaviorem
3008 4143 3218 4214 ﬂuere,
3265 4141 3524 4218 linguam

171 4221 347 4306 ῥέοντα,
402 4230 495 4283 καὶ
581 4225 826 4304 γλῶτταν
898 4227 1075 4292 πάσης
1151 4225 1594 4304 προϐαλλομένης
1652 4229 1787 4286 ἀπο-

1952 4248 2051 4309 nge
2083 4231 2554 4310 praestantiorem
2613 4250 2787 4311 quam
2821 4239 2884 4292 ut
2931 4230 3300 4290 dubitatione
3330 4229 3526 4309 aliqua

175 4314 264 4384 ρεας
310 4315 608 4392 κρείττονα·
670 4313 816 4373 οὒδὲν
874 4315 972 4393 γὰρ
1023 4315 1050 4372 6'
1098 4338 1148 4372 τι
1195 4322 1300 4372 τῶν
1345 4320 1463 4395 περὶ
1520 4317 1787 4396 θεολογίας

1952 4319 1990 4378 »ἱ
2023 4321 2324 4400 proposita
2351 4321 2691 4383 vinceretur
2725 4320 2898 4402 (nihil
2946 4320 3102 4381 enim
3137 4337 3205 4380 ex
3240 4317 3354 4391 his,
3390 4335 3525 4394 quae

175 4402 243 4456 καὶ
295 4406 393 4459 τῶν
434 4402 640 4484 σφόδρα
698 4402 960 4460 δυσλύτων
1012 4406 1158 4462 εἶναι
1217 4405 1534 4487 δοκούντων,
1579 4414 1787 4487 Γρηγο-

1979 4409 2334 4489 theologiam
2391 4412 2712 4490 pertinent,
2749 4429 3071 4490 eorumque
3100 4426 3232 4488 quae
3262 4406 3520 4467 indisso-

173 4491 279 4564 ρίου,
344 4493 509 4573 φημί,
582 4499 681 4560 τῆς
750 4492 1002 4572 θεολόγοι)
1077 4493 1320 4573 γλώττης
1397 4497 1482 4552 καὶ
1555 4496 1787 4575 οὒρανίου

1952 4498 2079 4559 eilia
2124 4517 2256 4560 esse
2285 4507 2586 4579 putantur,
2623 4501 2866 4562 disertae
2913 4508 3087 4581 atque
3117 4497 3338 4559 ccelesti
3390 4498 3518 4575 ejus

174 4582 523 4656 προτείνοντες,
573 4586 720 4652 εὗρον
783 4581 864 4661 ἐφ’
923 4586 968 4656 ᾧ
1027 4589 1104 4658 μὴ
1163 4585 1364 4660 μᾶλλον
1426 4583 1634 4650 ἐκεῖνος
1691 4587 1787 4642 αὖ·

175 4669 232 4691 με,
337 4677 364 4687 ε
421 4671 436 4691 9
514 4671 571 4691 ‘I
833 4671 843 4687 ν
891 4671 911 4691 Ἰ
1179 4675 1193 4691 ι
1391 4672 1445 4691 θην
1513 4679 1536 4691 Α
1677 4675 1713 4691 ’.Α

1952 4607 2094 4666 ιςυὲΒ
2122 4587 2183 4649 in
2214 4589 2599 4668 quaestionem
2624 4598 2993 4669 revocantes,
3018 4587 3283 4668 reperire
3315 4594 3520 4668 potue-

172 4669 270 4732 τοὺς
419 4671 659 4730 ἐπιλύσει
717 4671 1053 4739 κατέπληττε
1110 4675 1196 4730 καὶ
1259 4672 1450 4749 κομιδῆ
1511 4675 1787 4750 θαυμάζειν

1955 4687 2037 4757 ut,
2073 4678 2130 4738 in
2165 4697 2280 4758 quo
2312 4696 2428 4739 non
2461 4680 2570 4740 hos
2603 4679 2791 4756 magis
2821 4680 2920 4740 ille
2964 4677 3261 4740 solutione
3291 4675 3523 4755 percel-

174 4754 331 4812 ἑποίευ
412 4769 579 4818 ταῦτα
649 4759 715 4828 δὴ
788 4763 944 4840 πείρᾳ
1018 4763 1296 4842 μαθόντες,
1342 4762 1665 4844 ὑπέστρεφον
1736 4767 1787 4822 οὖ

1952 4754 2049 4847 ἀεί’,
2087 4767 2145 4828 in
2183 4754 2642 4848 'maximamque
2675 4754 2939 4830 traheret
2992 4754 3465 4842 admirationem)
3504 4785 3517 4821 :

173 4845 322 4921 ξθόνῳ
373 4850 440 4905 τὰ
483 4850 621 4909 καλὰ
680 4850 1018 4928 κρύπτοντες,
1073 4849 1290 4930 ἄγγελοι
1329 4849 1383 4908 δὲ
1440 4853 1643 4928 μᾶλλον
1698 4856 1787 4912 καί

1952 4874 2000 4916 ιο
2029 4845 2161 4918 cum
2183 4845 2561 4938 experientia
2583 4859 2957 4929 didicissent,
2992 4875 3111 4917 non
3145 4853 3363 4914 invidia
3392 4871 3526 4934 qua;

171 4930 372 5013 λαμπροὶ
441 4941 673 5017 κήρυκες
757 4941 889 5018 πρὸς
956 4941 1079 5006 τοὺς
1151 4939 1344 5005 ἄλλους
1425 4944 1625 5008 πάντας
1707 4946 1787 5001 καί

1957 4955 2122 5007 uesta
2153 4930 2353 5008 essent
2374 4948 2789 5010 occultarunt:
2825 4947 2970 5023 quin
3001 4945 3195 5024 potius
3221 4930 3523 5002 nuntii'at-

172 5022 302 5080 αὐτὸν
343 5027 433 5084 τὸν
496 5029 836 5109 πατριάρχην
895 5033 1187 5111 γινόμενοι,
1234 5034 1326 5088 καί
1387 5032 1458 5098 δὶς
1531 5035 1689 5110 μόνος
1740 5035 1787 5090 ἐν

1952 5054 1995 5096 .e
2028 5054 2329 5116 praacones
2359 5036 2512 5116 apud
2541 5056 2774 5114 omnes,
2801 5022 2858 5097 et
2881 5022 3072 5114 ipsum
3102 5033 3157 5091 in
3187 5029 3392 5111 primis
3415 5048 3518 5108 pa~

174 5110 430 5202 ἀνθρώποις
506 5120 793 5198 Γρηγόριος
886 5110 1178 5198 λέγοντες,
1252 5122 1350 5190 τὴν
1419 5120 1510 5179 τε’
1571 5124 1787 5202 γνώμην

1958 5110 2194 5187 archam
2231 5110 2499 5186 illustres
2548 5125 2712 5198 facti,
2741 5110 3089 5201 Gregorium
3143 5110 3333 5181 solum
3368 5118 3524 5181 inter

173 5201 240 5256 καὶ
260 5203 351 5271 τὴν
381 5204 628 5284 γλῶτταν
655 5206 951 5275 ἀήττητος.

1960 5215 2146 5274 mines
2177 5232 2311 5275 cum
2343 5213 2608 5290 ingenio,
2643 5221 2763 5274 tum
2796 5211 2997 5289 lingua
3029 5210 3308 5272 invictum
3354 5227 3521 5271 asse-

1871 5313 2094 5376 rentes,
2129 5303 2354 5363 reversi
2387 5311 2549 5362 sunt.

1952 5392 2158 5454 XXIV.
2187 5391 2298 5454 Ubi
2332 5409 2469 5452 vero
2516 5391 2772 5455 eximius
2800 5390 2901 5454 ille
2947 5390 3040 5452 vir
3070 5387 3522 5468 haudquaquam

1872 5481 2253 5560 spernendus
2286 5482 2440 5540 visus
2495 5490 2604 5556 est,
2642 5482 2954 5543 confestim
2985 5479 3055 5540 ad
3093 5497 3158 5539 se
3192 5477 3528 5558 patriarcha

1873 5569 2040 5632 illum
2073 5569 2379 5633 accersivit
2408 5587 2420 5632 :
2458 5571 2556 5651 qui
2588 5571 2806 5632 invitus
2853 5567 3094 5651 quidem
3129 5567 3369 5629 ducitur
3398 5574 3523 5635 erat;

1873 5659 2035 5722 enim
2069 5660 2287 5744 quietis
2316 5661 2588 5742 apprime
2617 5660 2946 5741 studiosus,
2974 5655 3274 5740 simulque
3321 5653 3521 5736 postli~

240 5383 362 5441 ΚΜ.
426 5383 526 5449 Ὠς
578 5384 632 5441 δὲ
677 5387 754 5460 μὴ
799 5386 1096 5465 παροπτέος
1149 5391 1175 5446 6
1220 5390 1536 5458 τηλικοῦτος
1591 5392 1788 5467 ἒδόκει,

179 5470 331 5527 αὐτίκα
402 5475 532 5553 πρὸς
602 5477 693 5532 τὸν
763 5479 1104 5557 πατριάρχην
1192 5481 1578 5555 μετακαλεῖται
1693 5487 1791 5542 Καὶ

177 5559 222 5620 ὃς
255 5559 422 5638 ἄγεται
482 5563 577 5638 μὲν
636 5564 801 5641 ἄκων,
835 5563 1015 5630 δεινῶς
1069 5573 1166 5635 τῆς
1220 5572 1452 5650 ἡσυχίας
1517 5570 1672 5649 ἐρῶν,
1705 5575 1789 5630 καὶ

181 5647 268 5719 itu
295 5653 416 5730 πρὸς
446 5654 546 5721 τὴν
583 5655 921 5738 ὑποστροφὴν
965 5655 1064 5724 ἤδη
1094 5647 1448 5736 βλέπωνξκαί
1505 5647 1602 5731 την
1651 5661 1787 5720 ἁνα-
