3918 6138
370 262 489 334 219
1673 272 1956 340 MENSIS
1987 275 2437 378 .NOVEMBER.
2654 330 2657 331 κ
3627 280 3741 351 220

373 400 558 499 minio
575 401 800 499 redire,
825 401 1110 487 illincque
1128 403 1426 499 proficisci
1461 403 1813 499 maturabat.
1843 410 2020 474 Paret

2188 437 2350 493 »ρησιν
2382 414 2732 482 ἐπισπεύδων,
2795 418 3036 478 Πείθεται
3094 417 3138 478 δ’
3170 423 3258 480 οὗν
3311 418 3460 499 ὅμως
3488 421 3577 481 καὶ
3619 386 3744 482 κατ’

373 495 560 557 nihilo
591 496 809 572 secius,
845 503 903 558 et
927 514 1124 558 coram
1162 496 1582 578 archipraesule
1611 497 1858 578 positus,
1881 517 2017 562 cum

2188 525 2223 559 ,ν
2253 507 2526 584 παραστὰς
2558 508 2632 582 τῷ
2662 507 2910 589 ἀρχιερεῖ
2929 511 2990 566 τὸ
3020 509 3148 579 ἦθος
3168 495 3422 590 γαληνδς,
3456 515 3518 570 τὸ
3550 512 3746 594 σχῆμα

371 585 638 678 moribus
672 595 830 648 esset
857 586 1229 667 tranquillus,
1264 593 1507 666 aspectu
1533 587 1932 666 venerandus,
1961 596 2020 650 et

2188 581 2471 669 wbq,‘1o‘tc
2531 581 2712 673 λόγοις
2729 581 2835 654 ’τὰ-
2871 601 3129 678 σειρήνων
3161 581 3222 658 τὸ
3278 601 3357 677 μὴ
3385 581 3546 675 μῦθον
3585 581 3744 660 ἐἶναι

371 673 614 758 alloquii
655 676 942 740 suavitate
973 675 1214 740 Sirenas
1248 675 1403 737 haud
1428 675 1697 765 fabulose
1721 677 2018 758 loquendo

2188 685 2293 759 ὧν,
2339 683 2477 741 οὕτω
2531 686 2799 765 κατάκρας
2854 689 3011 746 αὐτὸν
3059 686 3180 746 εἷλε
3240 692 3327 747 καὶ
3377 689 3500 749 ὅλον
3559 693 3747 752 ἑαυτοῦ

370 766 634 828 vinceret
657 789 676 858 _:
729 768 806 828 ita
838 767 1004 830 illum
1036 767 1419 858 vehementer
1463 764 1752 858 devinxit,
1786 767 2020 848 sibique

2188 773 2417 852 κήσατο,
2476 776 2550 838 ὡς
2612 764 2740 850 μηδ’
2815 775 2878 832 ἂν
2937 776 2990 833 ἑῖ
3045 801 3096 835 τι
3168 779 3254 836 γαὶ
3293 778 3501 858 γένοιτο
3561 782 3748 839 τούτου

375 865 559 948 totum
617 855 957 948 obstrinxit,
990 863 1058 948 ut,
1097 855 1226 948 sine
1278 854 1381 948 illo
1433 855 1820 948 nullonacto
1870 875 2020 948 con-

2188 861 2230 918 τέ
2290 862 2465 942 χωρὶς
2525 865 2680 924 αὐτόν
2739 868 3051 925 καθεστάναι
3115 854 3415 946 βούλεσδαν
3474 873 3562 929 καὶ
3632 871 3746 948 μά·-

371 947 584 1039 sistere
611 946 805 1022 vellet,
833 946 1016 1039 idque
1043 946 1102 1006 in
1129 944 1358 1039 primis,
1387 944 1532 1039 quia
1554 945 1700 1006 nihil
1731 963 1764 1008 a
1785 945 2020 1025 sapien-

2189 949 2237 1007 θ’
2281 949 2362 1007 ὅτι
2419 950 2586 1028 μηδὲν
2640 958 2745 1012 τῶν
2800 944 3247 1036 προϐαλλομένων
3306 961 3449 1039 παρὰ
3503 966 3608 1018 τῶν
3634 944 3750 1018 ἐπὶ

373 1035 531 1097 tibus
583 1035 1052 1124 proponebatur,
1088 1035 1418 1124 quodnon
1471 1033 1574 1096 ille
1628 1053 1839 1124 magna
1879 1053 2017 1096 cum

2188 1039 2256 1116 iiq
2311 1041 2725 1118 θαυμαζομένων
2780 1033 2870 1118 ἦν’,
2933 1046 2961 1102 ὃ
3017 1046 3095 1122 μὴ
3163 1048 3300 1124 μετὰ
3353 1033 3530 1117 πάσης
3587 1050 3751 1114 αὐτὸς

372 1124 792 1205 perspicuitate
821 1142 888 1185 ac
921 1122 994 1185 ad
1031 1123 1508 1212 persuadendum
1541 1123 1877 1204 aptitudine
1917 1124 2017 1186 in-

2188 1127 2286 1186 ιλυε
2369 1135 2658 1212 σαφηνείας
2747 1135 2834 1191 καὶ
2915 1122 3288 1204 πιθανότητος·
3376 1137 3556 1204 Οὕτως
3655 1142 3748 1196 οὗν

369 1221 772 1306 terpretatur.
805 1212 1065 1275 Proinde
1115 1211 1322 1306 viginti
1382 1211 1506 1306 illic
1560 1213 1687 1275 dies
1745 1232 2014 1306 commof

2192 1232 2277 1276 ῖσε
2332 1218 2460 1285 ὅλας
2524 1222 2724 1303 ἡμέρας
2782 1221 3048 1304 διαγαγὼν
3109 1226 3306 1302 εἴκοσι,
3350 1228 3749 1306 θαυμαζόμενος

369 1311 553 1384 ratus,
603 1304 963 1386 interimque
1014 1321 1148 1366 cum
1200 1302 1511 1384 sapientia,
1559 1310 1678 1364 tum
1728 1302 2019 1382 singulari

2188 1329 2200 1364 ›
2256 1310 2469 1368 πάντων
2514 1302 2724 1380 τῆςντε
2755 1302 2962 1394 σοφίας
2991 1317 3087 1373 καί
3139 1321 3234 1384 τῆς
3291 1302 3750 1396 ἄγαν-ἐπιεικείας

375 1394 834 1456 mansuetudine
879 1411 948 1456 ac
999 1391 1286 1454 modestia
1336 1390 1703 1454 admirabilis
1744 1391 2020 1456 omnibus

2188 1442 2190 1452 π
2247 1401 2622 1478 μετριότητος,
2655 1401 2776 1460 ὁδοῦ
2832 1390 2992 1460 πάλιν
3050 1390 3352 1482 ἐμέμνητο..
3379 1406 3529 1465 Ἐπεὶ
3571 1405 3626 1462 δὲ
3670 1413 3750 1483 μὴ

372 1485 639 1566 habitus,
665 1481 924 1575 abeundi
956 1500 1165 1575 rursus
1194 1481 1372 1575 verba
1402 1480 1565 1575 fecit,
1595 1481 1710 1543 Sed
1745 1499 2019 1575 cum-pa-

2188 1487 2481 1575 :Iv1,r&7t)t&
2511 1491 2656 1568 πάσῃ
2686 1499 2916 1573 μηχανῇ
2945 1480 3197 1575 κατέχειν
3227 1497 3380 1552 αὐτὸν
3426 1498 3454 1553 6
3485 1480 3749 1574 πατριάρ-

375 1576 633 1638 triarcha
665 1574 850 1635 nollet
877 1573 1074 1654 ipsum
1107 1571 1428 1650 dimittere,
1467 1571 1611 1653 quin
1659 1571 1823 1633 omni
1856 1571 2019 1634 illum

2192 1599 2216 1640 ς
2265 1574 2545 1655 ἠϐούλετο,
2577 1578 2742 1645 ἄλλας
2799 1571 2860 1638 ⁷τε
2889 1571 3286 1662 λέγωνῃαῖτίας
3344 1587 3431 1642 καὶ
3489 1571 3752 1643 ὅτι-τότε

377 1665 572 1726 studio
623 1664 884 1725 retinere
938 1662 1252 1735 niteretur,
1287 1662 1432 1723 alias
1486 1661 2020 1750 causasaﬂerens,

2188 1664 2283 1732 λλή
2333 1673 2435 1723 τῶν
2492 1668 2877 1737 Μονοθελητῶν
2908 1673 2943 1739 ἡ
2991 1671 3220 1750 αἵρεσις,
3272 1673 3434 1749 μόνος
3486 1672 3542 1730 δὲ
3602 1682 3755 1741 οὗτος

377 1753 593 1835 quibus
640 1753 726 1815 illi
770 1751 1204 1815 remanendum
1239 1721 1411 1812 esset
1471 1721 2020 1831 (Monothelitaruni

2188 1757 2343 1835 ιερῶς
2397 1757 2640 1835 ῥηγνύειν
2691 1759 2786 1824 τὰς
2845 1721 3080 1818 ἐκείνωνΓ
3127 1721 3332 1826 πλϐκὲς
3391 1766 3569 1828 ἱκανὸς
3628 1766 3753 1821 τότε

375 1846 539 1908 enim
563 1843 808 1907 haeresis
831 1842 1152 1924 plurimum
1187 1849 1307 1932 tum
1342 1841 1714 1921 serpebat,et
1736 1842 1829 1903 hic
1861 1841 2020 1903 solus

2271 1846 2359 1902 καὶ
2455 1845 2598 1903 ἄκων
2668 1850 2926 1910 ἑπείθετο.
3021 1854 3118 1910 Καὶ
3201 1867 3570 1932 συνεκροτεῖτο
3655 1853 3756 1928 μὲν

378 1953 566 1996 nexus
583 1934 822 1997 illorum
840 1932 1013 1996 facile
1029 1931 1400 2014 perfringere
1422 1935 1830 2022 poterat),t_um
1853 1949 2018 2006 sane,

2188 1957 2208 2000 ιλ
2281 1937 2619 2016 πανταχόθεν
2689 1940 2716 1994 6
2777 1938 3020 2016 πόλεμος
3079 1946 3186 1998 τῶν
3244 1931 3367 2017 μὲν
3409 1943 3627 2022 Σέργίου
3697 1964 3758 2000 τε

376 2025 514 2088 licet
561 2024 806 2107 invitus,
845 2040 1156 2085 remanere
1205 2029 1294 2083 est
1324 2038 1664 2102 persuasus.
1716 2019 1848 2082 Jam
1881 2038 2020 2110 vero

2188 2036 2194 2080 ἱ
2264 2023 2506 2104 nespas,
2579 2026 2789 2086 Παύλου
2870 2051 2930 2086 τε
2999 2030 3087 2086 καὶ
3158 2029 3326 2110 Κύρου
3394 2019 3534 2089 τῶν
3583 2054 3760 2090 κακο-

381 2113 604 2195 ubique
633 2114 706 2175 ad
739 2112 962 2175 bellum
1000 2110 1434 2174 conclamatum
1469 2117 1616 2186 erat,
1651 2110 1726 2171 ab
1759 2128 1874 2171 una
1895 2109 2020 2190 qui-

2188 2113 2268 2177 ίων
2319 2114 2730 2194 ἀφηγουμένων,
2763 2123 2870 2175 τῶν
2901 2117 3184 2197 ὀρθοδόξων
3227 2109 3281 2176 δὲ
3312 2119 3472 2178 πάλιν
3502 2118 3624 2178 ὅσοι
3655 2126 3757 2188 τῆς

381 2205 516 2266 dem
543 2213 706 2284 parte
737 2202 1000 2283 Sergius,
1023 2200 1301 2282 Pyrrhus,
1327 2199 1568 2274 Paulus,
1591 2206 1662 2289 et
1691 2198 1894 2289 Cyrus,
1920 2197 2020 2275 qui

2188 2207 2334 2269 ηΘοῦς
2381 2204 2642 2272 εὐσεϐείας
2672 2207 3004 2288 ἀντείχοντο.
3059 2208 3226 2270 Αὐτὸς
3271 2207 3441 2267 δὲκαὶ
3487 2209 3758 2289 πόρῥωθεν

373 2297 496 2376 jam
528 2293 787 2356 hmretici
820 2289 1100 2354 declarati
1129 2289 1364 2351 fuerant
1395 2307 1408 2350 :
1445 2289 1517 2350 ab
1549 2288 1735 2351 altera
1766 2288 2020 2378 quicun-

2241 2295 2363 2358 τοὺς
2413 2293 2724 2362 κακοδόξους
2781 2298 3118 2377 ὑπάρχοντας
3164 2312 3282 2363 τοῖς
3336 2288 3759 2378 ἀκροϐολισμοῖς

374 2404 489 2466 que
520 2385 799 2447 haeresim
828 2381 1210 2456 detestantes,
1236 2397 1340 2460 pro
1362 2396 1504 2440 vera
1529 2377 2020 2468 pietatestabant.

2188 2379 2378 2457 ιέπετο,
2414 2381 2601 2462 λόγους
2651 2387 2768 2464 περὶ
2805 2387 2864 2442 τὸ
2922 2385 3094 2465 δόγμα
3142 2390 3362 2468 συνθείς,
3396 2389 3484 2446 καὶ
3542 2386 3759 2467 γέλωτα

371 2474 508 2554 Ipse
539 2492 680 2536 vero
716 2489 892 2553 prave
925 2470 1273 2542 sentientes,
1304 2468 1446 2530 licet
1467 2467 1673 2557 procul
1694 2467 1888 2528 adhuc
1906 2485 2020 2557 po-

2188 2492 2277 2526 ντα
2305 2472 2369 2527 τὰ
2399 2473 2614 2528 ὶκείνων
2643 2473 2917 2541 ἀποδείξας
2943 2479 3039 2532 καὶ
3071 2474 3262 2555 ἆκριϐἧ
3294 2467 3590 2557 φλήναερον.

373 2553 539 2639 sitos,
576 2561 811 2625 intortis
864 2559 1219 2638 vibratisque
1241 2557 1456 2638 jaculis
1507 2556 1763 2635 fugabat,
1798 2555 1974 2646 variis
2003 2553 2166 2646 icirca
2219 2557 2434 2638 dogma
2463 2561 2842 2625 sermonibus
2885 2562 3086 2646 editis,
3119 2553 3335 2646 quibus
3364 2553 3574 2630 omnes
3605 2563 3756 2630 illo-

373 2672 505 2717 rum
537 2654 848 2733 opiniones
877 2649 1033 2710 risus
1065 2655 1124 2710 et
1153 2666 1347 2709 meras
1380 2665 1514 2708 esse
1545 2665 1728 2725 nugas
1757 2644 2205 2708 evidentissime
2235 2647 2706 2713 demonstrabat.

453 2735 1432 2817 XXV.Posteaveroquambellum
1476 2753 1792 2815 erumpere
1833 2734 2020 2815 palam

2192 2737 2321 2798 κε’.
2376 2740 2526 2797 Ἐπεὶ
2556 2740 2610 2796 δὲ
2655 2744 2742 2799 καὶ
2787 2745 2820 2811 ἡ
2853 2743 3010 2823 μάχη
3059 2765 3296 2824 φανερως
3327 2744 3638 2824 ἐρρήγνυτο,
3666 2737 3759 2801 καὶ

376 2832 578 2912 coepit,
612 2839 739 2893 tum
771 2829 1072 2890 hmreseos
1103 2826 1212 2887 viri
1244 2824 1545 2907 principes
1603 2833 2020 2905 occurrerunt,

2188 2829 2362 2897 ήντων
2420 2829 2517 2904 μὲν
2576 2833 2622 2888 οἶ
2679 2832 3039 2912 αἰρεσιάρχαι,
3101 2833 3369 2913 συνέῤῥεον
3440 2831 3493 2889 δὲ
3559 2835 3649 2890 καὶ
3708 2835 3760 2890 οἱ

381 2929 507 2982 tum
541 2939 610 2982 ex
639 2919 756 2995 his,
788 2918 890 2994 qui
920 2925 1082 2978 recta
1124 2915 1403 2994 dogmata
1432 2914 1830 2994 sectabantur,
1869 2932 2020 2994 prte-

2188 2938 2213 2972 ν
2273 2917 2558 2996 όρθοδόξων
2615 2921 2915 3000 πρόμαχοι,
2951 2927 3127 2998 παρῆν
3185 2923 3281 2997 μὲν
3341 2924 3368 2980 6
3425 2919 3754 2991 τῆς’Δντιο·

379 3010 695 3073 stantiores
725 3006 865 3068 illuc
894 3007 1329 3068 conﬂuxerunt.
1375 3003 1643 3066 Aderant
1671 3003 2020 3079 Antiochiae,

2188 3006 2286 3081 ίας,
2322 3012 2498 3081 παρῆν
2555 3006 2608 3064 δὲ
2668 3012 2695 3066 6
2753 3014 2851 3077 τῆς
2913 3008 3331 3091 ’Δλεξανδρείας,
3363 3015 3536 3091 παρῆν
3583 3012 3679 3068 καί
3729 3013 3758 3068 6

376 3096 759 3162 Alexandriae
788 3115 856 3157 ac
885 3093 1461 3174 Hierosolymorum,
1488 3092 1786 3172 simulque
1815 3109 2020 3152 omnes

2188 3120 2212 3150 ν
2285 3095 2670 3175 Ἰεροσολύμων
2746 3097 2994 3178 πρόεδρος
3028 3147 3046 3175 ,
3107 3103 3242 3176 ὁμοῦ
3296 3102 3394 3168 τῆς
3478 3100 3653 3176 Ἐῴας
3709 3109 3760 3162 οἱ

378 3187 636 3254 Orientis
683 3185 986 3268 praesides,
1023 3184 1281 3264 itemque
1328 3181 1403 3244 ab
1437 3181 1763 3246 Occidente
1790 3199 2019 3255 omnes,

2193 3206 2299 3250 nec
2369 3189 2468 3252 τῆς
2548 3185 2810 3265 Ἐσπέρας
2864 3185 2959 3244 κα)
3034 3189 3177 3244 οὗτοι
3237 3187 3429 3253 πάντες
3488 3185 3610 3244 ἄνευ
3666 3190 3762 3244 τοῦ

380 3285 595 3358 praeter
625 3275 830 3336 Romus
887 3272 1261 3353 antiquioris,
1296 3280 1355 3333 et
1381 3270 1674 3334 Sardiniae
1713 3269 2020 3350 praesules.

2188 3294 2201 3338 ;
2258 3273 2606 3352 πρεσϐυτέρας
2680 3273 2918 3355 Ῥώμης,
2978 3275 3074 3331 καῖ
3131 3282 3221 3334 τοῦ
3275 3277 3366 3332 τὸν
3447 3275 3501 3334 ἐν
3558 3275 3765 3354 Σαρδοῖ

384 3365 524 3440 (Hos
553 3365 711 3427 enim
731 3363 922 3444 gravis
946 3361 1189 3424 morbus
1233 3361 1388 3422 intra
1417 3360 1568 3423 ﬁnes
1598 3359 2020 3437 continuerat.)

2188 3363 2285 3419 ἷνον
2365 3360 2610 3442 ἔχοντος⁶
2701 3366 2915 3428 τούτους
3000 3363 3099 3443 γὰρ
3175 3365 3326 3430 νόσος
3383 3366 3575 3442 βαρεῖα
3652 3365 3764 3422 τῶν

379 3457 455 3519 Αι
499 3455 801 3518 Romanus
849 3453 1153 3515 hominem
1203 3451 1387 3512 sacris
1431 3450 1646 3512 litteris
1699 3449 2021 3525 eruditum,

381 3547 480 3628 qui
509 3564 647 3607 suas
664 3544 821 3607 vices
838 3542 1135 3624 impleret,
1164 3540 1500 3602 destinavit.
1535 3537 1856 3618 Gregorius
1883 3556 2022 3600 vero

377 3637 439 3698 in
461 3633 734 3697 Sardonii
754 3633 949 3695 locum
974 3630 1255 3691 suﬂ'ectus
1282 3639 1388 3690 est.
1416 3627 1702 3701 Quocirca
1722 3645 1854 3688 cum
1893 3645 2022 3689 ma-

378 3745 556 3806 gnum
592 3724 692 3786 illo
725 3723 824 3785 die
856 3726 946 3801 (ut
979 3737 1084 3800 par
1113 3720 1266 3798 erat)
1297 3718 1372 3780 de
1403 3718 1586 3779 sacris
1619 3717 1855 3780 Litteris
1885 3734 2020 3777 cer-

379 3826 575 3878 tamen
597 3821 790 3876 ortum
817 3821 1001 3890 esset,
1033 3809 1164 3871 aliis
1195 3808 1434 3890 quidem
1469 3825 1696 3883 rerum,
1727 3807 1857 3868 aliis
1885 3824 2022 3868 vero

2108 3452 2262 3531 ὁρίων
2293 3450 2430 3508 εἵσω
2489 3465 2770 3532 κατεῖχεν.
2809 3450 2940 3510 Αλλ’
3001 3456 3028 3510 6
3082 3453 3179 3530 μὲν
3236 3455 3333 3523 τῆς
3393 3452 3607 3529 Ῥώμης
3664 3455 3764 3511 τὸν

2107 3539 2220 3597 ἀντ’
2283 3540 2442 3597 αὐτοῦ
2499 3541 2811 3618 ωνεροῦντα
2877 3555 2996 3606 τοῖς
3078 3543 3223 3621 ὀρθῖς
3293 3542 3452 3623 λόγος
3523 3542 3759 3620 ἔπεμπε.

2107 3633 2399 3710 Γρηγόριος
2479 3628 2533 3686 δὲ
2611 3632 2703 3688 τὸν
2787 3639 2880 3689 τοῦ
2937 3630 3185 3713 Σαρδῴου
3265 3633 3426 3690 τόπον
3495 3631 3760 3711 ἐπλήρου.

2107 3719 2322 3788 Πολλῆς
2378 3719 2467 3777 οὖν
2532 3719 2706 3800 λόγων
2764 3720 2942 3790 πάλης
3023 3723 3157 3780 κατᾶ
3238 3723 3434 3790 ταύτην
3506 3721 3572 3790 δὴ
3659 3725 3762 3792 τήν

2104 3809 2304 3890 ἡμέραν
2363 3813 2438 3877 ὡς
2498 3811 2541 3866 εἰ
2599 3809 2939 3886 κινουμένης,
2991 3813 3077 3869 καὶ
3132 3818 3240 3869 τῶν
3290 3805 3396 3888 ’μὲν
3438 3824 3554 3876 τοῖς
3613 3834 3762 3892 πρα-

378 3906 696 3967 verborum
721 3901 934 3962 fiducia
959 3898 1146 3972 fretis,
1173 3898 1310 3960 dum
1345 3896 1610 3959 haeretici
1640 3897 1762 3958 acri
1782 3914 1850 3958 ac
1881 3914 2020 3956 sua-

2188 3919 2271 3952 ασι
2318 3899 2380 3954 τὸ
2427 3897 2639 3976 θαῤῥεῖν
2687 3897 2948 3978 ἐχόντων,
2981 3904 3086 3956 τῶν
3141 3897 3196 3956 δὲ
3246 3911 3363 3966 τοῖς
3405 3900 3608 3978 ῥήμασι
3671 3898 3765 3957 καὶ

380 3992 538 4054 sorio
589 3990 845 4070 quodam
879 4004 1176 4061 sermone,
1212 4005 1327 4066 quo
1371 3986 1675 4046 veritatem
1726 3984 2020 4046 occultare

2188 3991 2249 4062 νῇ
2317 3994 2424 4044 τῶν
2494 3989 2770 4066 αἱρετικῶν
2845 3994 2912 4064 τῇ
2992 3987 3339 4066 πιθανολογίᾳ
3425 3989 3758 4069 χρωμένων,

378 4078 792 4160 opinabantur,
825 4085 1097 4157 utuntur;
1123 4075 1223 4136 ille
1246 4093 1384 4136 vere
1406 4091 1729 4153 generosus
1750 4091 1818 4134 ac
1848 4071 2020 4132 inex-

2188 4072 2200 4127 ἰ
2249 4075 2415 4152 ταύτῃ
2472 4074 2697 4152 βλάπτει
2745 4075 2844 4144 τὴν
2899 4075 3151 4147 ἀλήθειαν
3204 4075 3482 4153 οἰομένων,
3537 4079 3565 4134 6
3629 4099 3765 4156 γεν-

379 4167 1075 4251 pugnabilislingua,qua
1094 4173 1216 4226 tum
1249 4162 1448 4225 divina
1477 4162 1808 4244 opitulante
1837 4160 2020 4251 gratia

2188 4173 2259 4225 [ος
2305 4163 2471 4227 ὅντως
2523 4164 2731 4228 ἐκεῖνος
2788 4165 2876 4221 καὶ
2933 4165 3030 4233 τὴν
3089 4163 3330 4244 γλῶτταν
3374 4164 3764 4248 ἀπρόσμαχος,

380 4249 704 4342 plurimum
737 4257 1051 4319 roboratus
1075 4263 1186 4334 est,
1208 4253 1295 4315 sic
1328 4271 1534 4314 eorum
1568 4269 1754 4312 nexus
1784 4249 2020 4342 tantavi

2188 4273 2225 4307 :s
2279 4251 2343 4320 δὴ
2388 4254 2474 4309 καὶ
2536 4252 2739 4330 μᾶλλον
2809 4254 2974 4322 αὐτὴν
3041 4256 3329 4330 στομωθεθς
3387 4261 3456 4324 τῆ
3515 4257 3763 4335 συνεργίᾳ

380 4340 670 4411 orationis
701 4357 759 4410 et
807 4346 1022 4409 ardore
1053 4343 1303 4424 spiritus
1361 4342 1534 4422 regit,
1569 4349 1631 4402 ut
1661 4359 1762 4402 eos
1795 4340 1894 4422 qui
1926 4340 2020 4401 di-

2188 4366 2204 4407 :
2264 4346 2508 4427 χάριτος,
2565 4346 2704 4403 οὕτω
2761 4347 2854 4412 τὰς
2939 4345 3152 4403 ἐκείνων
3209 4346 3521 4422 συμπλοκὰς
3580 4346 3764 4405 διελύ-

375 4437 551 4500 cendi
581 4437 756 4499 laude
790 4435 1110 4514 plurimum
1146 4431 1523 4512 praestabant,
1554 4438 1748 4492 mutos
1778 4435 2020 4492 omnino

2188 4457 2236 4490 ιο
2294 4434 2506 4510 δυνάμει
2564 4434 2725 4514 λὸγοῦ
2782 4437 2870 4492 καὶ
2919 4437 3214 4511 πνεύματος
3264 4437 3350 4493 καὶ
3380 4434 3548 4501 οὕτως
3601 4437 3764 4518 31906-

375 4525 678 4601 redderet,
713 4534 772 4586 et
801 4541 1010 4586 eorum
1045 4522 1277 4598 linguas
1323 4520 1557 4601 penitus
1587 4520 1819 4582 auferre
1851 4519 2020 4581 vide-

2188 4547 2225 4588 ις
2283 4526 2470 4588 αὐτοὺς
2543 4527 2665 4588 τοὺς
2723 4524 2921 4605 σφόδρα
2976 4525 3100 4605 περί
3155 4527 3215 4582 τὸ
3274 4524 3453 4604 λέγειν
3511 4515 3764 4602 ἑτοίμους

377 4621 564 4690 retur,
590 4633 656 4675 ac
689 4613 730 4674 ii
764 4621 1052 4693 praeterea
1075 4611 1186 4692 ipsi
1215 4610 1482 4684 silentes,
1513 4627 1647 4672 sese
1676 4611 1858 4671 victos
1891 4627 2020 4671 esse

2188 4613 2409 4691 γάσατο,
2443 4616 2515 4680 ὡς
2575 4615 2662 4671 καὶ
2692 4615 2851 4680 αὐτὰς
2904 4612 3047 4681 δόξαι
3081 4613 3276 4693 σχεδὸν
3319 4617 3488 4672 αὐτῶν
3519 4616 3608 4672 καὶ
3665 4616 3763 4680 τὰς

375 4707 728 4768 faterentur.
755 4703 963 4784 Itaque
995 4701 1232 4765 Patrum
1285 4701 1530 4779 quidem
1561 4702 1820 4780 synodus
1852 4700 2020 4780 plau-

2188 4704 2350 4768 b11ac
2401 4701 2694 4783 περιελεῖν,
2742 4706 2828 4763 καὶ
2887 4711 2963 4779 τῷ
3017 4710 3222 4776 σιωπᾷν
3283 4705 3468 4770 αὐτοὺς
3526 4703 3766 4768 ἐκείνους

381 4793 580 4874 debat,
604 4793 1017 4855 haereticorum
1045 4809 1182 4852 vero
1205 4789 1546 4871 multitudo,
1570 4789 1692 4861 alii,
1725 4797 1786 4851 et
1815 4787 1856 4850 ii
1888 4787 2024 4868 qui-

377 4883 513 4945 dem
562 4882 941 4961 illustriores,
975 4879 1244 4961 deposito
1301 4896 1530 4954 errore,
1564 4878 1785 4941 nostris
1820 4876 2024 4938 adhae-

376 4970 731 5046 rescebant;
765 4968 864 5032 alii
896 4987 1034 5030 vero
1067 4967 1306 5050 plurimi
1339 4974 1582 5050 prapter
1602 4965 2024 5029 verecundiam

379 5061 440 5123 in
474 5061 737 5123 medium
791 5058 1032 5140 prodire
1065 5077 1181 5120 non
1230 5057 1549 5119 audebant.
1583 5055 1754 5119 Hunc
1804 5054 2024 5118 exitum

378 5151 635 5232 synodus
665 5149 893 5225 habuit,
928 5147 1210 5228 solusque
1267 5148 1589 5226 Gregorius
1621 5162 1728 5228 per
1755 5144 2024 5207 omnium

380 5258 504 5321 ora,
536 5247 595 5300 et
625 5239 955 5318 praesertim
990 5239 1252 5313 Patrum,
1287 5235 1592 5300 volitabat.

458 5416 659 5482 XXVI.
690 5417 763 5480 At
788 5416 916 5479 aliis
954 5423 1078 5478 tum
1103 5414 1558 5488 admirantibus,
1587 5422 1714 5476 tum
1749 5423 1884 5476 vota
1915 5432 2020 5495 pro

377 5509 479 5573 illo
504 5505 1276 5588 facientibus,archipraasul
1293 5523 1496 5566 secum
1515 5505 1679 5566 illum
1693 5503 2019 5585 accipiens,

375 5598 449 5662 ad
474 5615 678 5678 regem
708 5594 950 5659 adducit
983 5616 997 5660 :
1033 5591 1163 5677 Hic,
1194 5611 1296 5656 rex
1326 5595 1551 5676 optime
1580 5593 1860 5675 (dicens),
1896 5593 2018 5672 hic,

2107 4795 2205 4860 τὴν
2237 4797 2401 4862 ἧτταν
2459 4793 2770 4872 ὁμολογεῖν,
2829 4791 2894 4850 Ἠ
2927 4793 3024 4869 μὲν
3057 4801 3144 4850 οὖν
3202 4793 3412 4858 σύνοδος
3443 4799 3550 4851 τῶν
3580 4793 3764 4851 Πατέ-

2110 4905 2213 4962 ρων
2248 4881 2520 4960 ἐκρότουν,
2563 4883 2597 4950 ἡ
2633 4880 2688 4938 δὲ
2745 4889 2849 4940 τῶν
2881 4885 3154 4960 αἱρετικῶν
3203 4881 3404 4948 πληθὺς
3435 4884 3482 4938 οἱ
3531 4881 3630 4958 μὲν
3661 4887 3765 4950 τῆς

2107 4971 2316 5040 πλάνης
2369 4970 2827 5048 μεταϐαλλόμενοι
2871 4972 3250 5051 προσεχώρουν
3305 4984 3421 5036 τοῖς
3453 4971 3765 5050 ἡμετέροις,

2108 5063 2194 5118 καὶ
2221 5067 2328 5117 τῶν
2357 5061 2762 5138 ἐπισημοτέρων
2793 5059 3004 5118 πολλοί·
3064 5061 3110 5116 οἱ
3140 5059 3194 5117 δὲ
3221 5059 3400 5138 πολλῇ
3428 5065 3496 5137 τῇ
3527 5061 3762 5141 αἷσχύνῃ

2109 5149 2586 5208 συνεκαλύπτοντω
2620 5157 2868 5208 Τοιοῦτον
2897 5148 2964 5218 δὴ
3001 5150 3061 5206 16
3090 5147 3252 5229 πέρας
3281 5150 3379 5216 τῆς
3410 5147 3628 5205 συνόδου
3657 5147 3765 5206 λα-

2108 5237 2303 5306 ϐούσης
2347 5239 2531 5315 μόνος.
2589 5239 2881 5318 Γρηγόριος
2931 5237 2984 5294 ἐν
3041 5250 3159 5302 τοῖς
3201 5237 3447 5294 ἁπάντων
3493 5238 3763 5315 στόμασιν

2103 5328 2170 5397 ἦν
2199 5329 2286 5385 καὶ
2308 5326 2482 5408 πολλὰ
2511 5325 2577 5396 δὴ
2612 5333 2712 5383 τῶν
2742 5326 2990 5407 Πατέρων
3017 5327 3114 5403 μὲν
3145 5327 3761 5408 ὺπερεκπληττομὲνων.

2306 5406 2315 5425 ,
2449 5419 2477 5430 ν
2890 5406 2896 5407 ,
3251 5406 3254 5408 ν

2188 5417 2295 5492 κς
2323 5465 2338 5481 .
2397 5427 2512 5475 Των
2569 5414 2624 5472 δὲ
2701 5418 2788 5474 καὶ
2839 5414 3282 5496 ὑπερευχομὲνων
3340 5415 3519 5490 αὐτοῦ,
3578 5418 3607 5472 6
3656 5416 3766 5495 ἆρ-

2104 5509 2316 5586 χιερεὺς
2374 5504 2488 5581 μεθ’
2575 5506 2762 5567 ἑαυτοῦ
2831 5504 3008 5563 λαϐὼν
3082 5507 3214 5584 πρὸς
3299 5507 3390 5562 τὸν
3465 5513 3764 5584 κρατοῦντα

2105 5595 2326 5676 εἰσάγει,
2385 5598 2574 5680 Οὗτος,
2632 5596 2826 5679 Αὲγων,
2860 5596 2888 5652 ό
2942 5594 3182 5677 ἀριστεὺς
3241 5592 3482 5674 βασιλεῦ,
3512 5594 3664 5662 οὗτος
3727 5597 3757 5654 6
