3918 6138
234 323 326 388 221

1227 319 1415 384 VITA
1459 316 1519 380 S.
1567 311 1941 379 GREGORII
1982 311 2523 380 AGRIGENTINI.

3437 304 3557 375 222

231 459 446 538 νικητής,
499 456 644 523 οὗτος
707 457 770 514 τὸ
835 453 1025 537 τεῖχος
1083 460 1182 525 τῆς
1238 455 1499 533 ἡμετέρας
1569 456 1819 518 πίστεως,

1994 467 2176 530 luam,
2210 456 2300 511 est
2328 449 2431 513 ille
2456 449 2665 527 victor,
2699 465 2769 512 ac
2799 451 3020 511 nostra;
3048 446 3188 511 ﬁdei
3215 465 3552 529 propugna-

232 553 340 611 Τότε
389 551 478 624 μὲν
524 547 612 605 οὖν
667 557 760 607 τοῦ
813 547 1075 622 θαύματος
1134 546 1294 621 μόνον
1355 549 1442 603 καὶ
1498 552 1604 602 τῶν
1668 544 1826 602 ἐπαί-

1994 540 2129 600 lum.
2158 538 2306 601 Tum
2331 559 2433 602 rex
2459 558 2527 602 ac
2550 545 2862 602 universus
2889 539 3288 602 circumstans
3308 547 3550 602 senatus

229 663 315 698 νων
369 637 394 695 ὅ
445 660 498 694 τε
550 635 799 713 βασιλεὺς
849 637 938 692 καὶ
990 638 1024 703 ἡ
1075 634 1203 713 περὶ
1250 636 1407 692 αὐτὸν
1462 642 1605 693 πᾶσα
1662 633 1825 712 βουλή

1908 629 2376 691 admirationeac
2411 631 2684 693 laudibus
2705 633 2863 693 hunc
2887 628 3407 709 exceperunt.Mnx
3423 628 3546 690 Deo

231 729 492 808 γενόμενοι,
548 728 637 784 καὶ
696 733 811 800 Θεῷ
869 726 966 793 τὴν
1038 725 1196 805 χάριν
1268 723 1668 804 ὁμολογοῦντες,
1737 729 1827 780 σὺν

1994 719 2120 808 ιιίεε
2144 728 2411 798 agentes,
2449 721 2632 783 multa
2662 740 2797 783 cum
2845 721 3185 783 reverentia
3229 728 3293 783 et
3323 721 3554 781 honore

227 817 346 874 αἰδοῖ
405 824 582 873 τοῦτον
652 815 752 892 ὅσῃ
821 817 908 872 καὶ
975 819 1108 889 τιμῇ
1159 813 1505 891 παρέπεμπον
1542 833 1554 846 ·
1615 813 1825 892 ὕστερον

229 905 273 963 δὲ
317 906 392 962 καὶ
443 904 745 976 ἰδιαζόντως
810 905 964 961 αὒτὸν
1027 905 1056 959 ὃ
1115 905 1328 980 κρατιὸν
1385 901 1830 979 μετάκαλεσάμε-

227 1016 300 1058 νος
348 993 427 1050 καὶ
475 996 548 1056 εἷς
606 993 798 1071 λόγους
846 992 1035 1064 ἐλθὼν,
1092 993 1180 1048 καὶ
1229 993 1383 1070 γνοὺς
1432 993 1510 1056 τίς
1536 1015 1592 1048 τε
1624 993 1715 1060 εἴη
1748 984 1831 1048 καὶ

229 1084 323 1140 ὅθεν
370 1082 502 1159 ἥκει,
568 1083 660 1140 καί
719 1083 893 1149 πόσην
951 1082 1150 1149 ἐπῆλθε
1207 1086 1334 1160 γῆν,
1389 1083 1468 1146 τίς
1521 1103 1577 1138 τε
1625 1085 1658 1151 ἡ
1693 1081 1828 1137 αἰτία

226 1179 305 1240 τῆς
364 1171 660 1247 ἀποδημίας
725 1173 890 1252 αὐτῷ,
963 1174 1048 1227 καὶ
1122 1172 1238 1228 τίνα
1302 1173 1391 1226 τὸν
1464 1173 1597 1246 μετὰ
1671 1178 1829 1227 ταῦτα

227 1263 392 1318 σκοπὸν
442 1264 660 1339 τίθεται,
723 1260 918 1340 σφὸδρα
969 1263 1066 1327 τῆς
1134 1260 1354 1338 γνώμης
1413 1262 1570 1317 αὐτὸν
1616 1261 1827 1338 ἀγάμε-

226 1373 318 1423 νος,
345 1353 411 1414 ὡς
463 1350 736 1428 κρείττονά
767 1372 843 1425 τε,
888 1349 923 1416 ἦ
968 1351 1102 1406 κατὰ
1143 1349 1414 1425 ἄνθρωπον
1459 1349 1596 1428 ἑώρα
1626 1351 1832 1406 καὶτοῦ

227 1440 343 1513 αὖτῷ
369 1440 417 1502 ἒς
446 1438 572 1514 ὄψιν
609 1439 782 1496 ἐλθεῖν
812 1437 1014 1500 πολλὰς
1063 1443 1138 1512 τῷ
1172 1440 1286 1513 Θεῷ
1314 1442 1402 1496 καὶ
1449 1447 1526 1513 τῷ
1583 1441 1831 1519 ἀρχιερεῖ

226 1529 356 1586 αὖτοῦ
404 1531 632 1609 χάριτας
691 1527 917 1608 ὀφείλειν
973 1525 1315 1606 διωμολόγει.
1379 1521 1436 1586 Ὀ
1492 1527 1546 1584 δὲ
1615 1529 1828 1606 Γρηγό·

224 1640 336 1694 ριος,
367 1625 458 1685 τῆς
489 1617 752 1697 προτέρας
804 1616 1028 1694 γνώμης
1057 1616 1348 1696 ἐχόμενος,
1401 1620 1498 1685 τήν
1530 1619 1625 1694 μὲν
1657 1619 1834 1674 ἐκεῖσε

221 1706 460 1785 διατριϐὴν
510 1706 609 1762 καὶ
665 1706 825 1780 τιμὴν
870 1705 986 1762 λίαν
1042 1704 1397 1786 δυσχεραίνων
1445 1707 1530 1786 ἧν,
1587 1709 1741 1764 παντὶ
1781 1705 1835 1762 δὲ

1911 806 2303 872 deduxerunt.
2324 809 2557 872 Deinde
2579 829 2679 872 rex
2694 812 2891 891 ipsum
2907 809 3554 890 accersivit,simulque

1915 915 2048 958 cum
2086 898 2185 961 illo
2216 899 2472 981 locutus,
2505 901 2776 980 quisnam
2805 908 2982 974 esset,
3009 918 3077 961 ac
3103 900 3263 961 unde
3284 898 3549 977 gentium

1911 987 2162 1061 veniret,
2199 994 2255 1049 et
2283 1007 2428 1068 quas
2461 989 2624 1051 orbis
2667 991 2944 1070 regiones
2996 997 3389 1069 peragrasset,
3424 1006 3553 1069 quas

1914 1077 1998 1137 illi
2031 1076 2270 1138 demum
2303 1085 2480 1140 tantae
2511 1080 3004 1161 peregrinationis
3036 1099 3372 1160 causa,quae
3398 1098 3552 1158 prae-

1916 1174 2076 1227 terea
2102 1186 2269 1230 mens
2285 1168 2775 1249 fuisset,agnovit.
2796 1171 3150 1242 Quofactum
3175 1179 3285 1244 est,
3302 1170 3550 1232 utilium

1915 1274 1986 1316 ex
2022 1257 2220 1318 animo
2279 1259 2665 1320 vehementer
2715 1258 3041 1333 admirans,
3096 1260 3336 1321 homine
3370 1259 3554 1321 multo

1913 1345 2196 1424 majorem
2229 1347 2582 1420 aestimaret,
2607 1347 2882 1428 quodque
2916 1349 2974 1410 in
3007 1350 3136 1428 ejus
3163 1356 3549 1429 conspectum

1917 1435 2192 1509 venisset,
2228 1435 2443 1496 multas
2474 1437 2587 1498 hoc
2619 1437 2861 1498 nomine
2895 1438 3014 1499 Deo
3055 1446 3114 1499 et
3143 1437 3556 1518 archipraesuli

1915 1525 2134 1604 gratias
2163 1524 2386 1586 debere
2417 1527 2686 1590 fateatur.
2722 1529 2798 1589 At
2845 1545 2983 1589 vero
3015 1526 3339 1605 Gregorius
3369 1527 3554 1608 priori

1920 1614 2218 1696 proposito
2250 1614 2514 1697 innixus,
2548 1617 3040 1678 consuetudinem
3073 1618 3232 1681 illam
3265 1636 3333 1679 ac
3357 1619 3553 1679 hono-

1917 1723 2042 1766 rem
2077 1723 2230 1784 azgre
2262 1705 2580 1767 admodum
2636 1707 2867 1768 ferebat
2916 1713 3061 1786 quin
3119 1707 3338 1769 abitum
3386 1707 3554 1769 illinc

221 1798 374 1871 τρόπω
423 1797 516 1862 τὴν
592 1795 936 1874 ἀναχώρησιν
1006 1795 1539 1872 πραγματευόμενος.
1617 1793 1830 1871 Ἀμέλεὶ

1994 1794 2110 1855 )dis
2140 1795 2416 1855 omnibus
2447 1796 2863 1860 meditabatur.
2905 1797 3075 1859 Hunc
3106 1797 3365 1877 denique
3394 1795 3552 1858 Mar-

221 1887 294 1941 καὶ
341 1883 418 1940 διὰ
470 1907 620 1947 τινος
706 1883 1007 1961 Μαρκιανοῦ
1090 1885 1144 1947 ὃς
1216 1884 1280 1950 ἦν
1351 1885 1688 1959 ᾠκειωμένος
1758 1892 1835 1961 τῷ

221 1973 408 2050 βασιλεῖ
459 1974 660 2040 ταύτην
722 1973 924 2050 εὕρετο,
981 1975 1067 2029 καὶ
1117 1974 1202 2029 kal
1258 1975 1446 2052 ῥητοῖς
1503 1997 1640 2031 τισιν
1698 1976 1828 2032 ἆπο·

222 2063 465 2119 στέὶλεται
524 2063 609 2143 ἐφ’
667 2066 710 2137 ᾦ
767 2065 840 2126 εἷς
899 2054 1113 2138 Ῥώμην
1169 2085 1226 2118 τε
1283 2063 1583 2143 κατελθεῖν,
1636 2065 1724 2121 καὶ
1769 2066 1834 2124 τὰ

223 2152 376 2209 ἐκεῖσε
423 2151 608 2220 κάλλη
657 2153 1138 2232 περισκεψάμενος,
1189 2155 1277 2209 καὶ
1322 2153 1386 2222 δὴ
1425 2155 1510 2210 καὶ
1538 2159 1645 2210 τῶν
1677 2176 1833 2232 κορυ-

223 2243 364 2321 φαίων
436 2243 811 2321 προσγυνητὴς
894 2242 1176 2319 γενόμενος
1264 2242 1603 2322 ἆποστδλων,
1690 2247 1833 2307 αὖθις

220 2331 530 2410 ὑποστρέψας
605 2331 685 2388 διὰ
759 2331 996 2411 τάχὲων,
1061 2327 1155 2387 καί
1213 2339 1302 2388 τοῦ
1358 2331 1546 2392 λοιποῦ
1601 2346 1834 2390 συνεῖναι

221 2428 283 2494 τῷ
330 2422 566 2497 βασιλεῖ.
646 2422 904 2500 Πρότερον
974 2419 1027 2476 δὲ
1086 2420 1121 2488 ἥ
1193 2421 1399 2479 ἐκεῖνον
1456 2424 1549 2491 τὴν
1625 2415 1836 2500 Ῥώμην

221 2510 518 2568 καταλαϐεῖν
595 2513 884 2591 φθάσαντες
955 2514 1000 2567 οἱ
1069 2512 1200 2590 πρὸς
1273 2515 1364 2568 τοῦ
1433 2514 1626 2570 πάππα
1696 2515 1838 2589 παρὰ

219 2601 301 2668 τῆν
363 2599 579 2658 σύνοδον
649 2600 928 2666 σταλέντες
1004 2601 1304 2674 ἐπίσκοποι,
1392 2603 1548 2659 αὒτόν
1620 2625 1675 2660 τε
1748 2605 1838 2659 τὸν

221 2692 437 2771 πάππαν,
498 2691 592 2747 καὶ
663 2691 862 2753 πάντας
928 2690 1046 2753 τοὺς
1107 2691 1162 2747 ἐν
1219 2697 1284 2767 τῇ
1351 2691 1504 2771 χώρᾳ
1560 2693 1651 2749 τοῦ
1722 2689 1840 2772 περὶ

220 2781 350 2836 αὺτὸν
403 2779 730 2855 ἒμπίπλῶσι
787 2779 1074 2855 θαύματος,
1136 2777 1412 2852 Ἀσμένοις
1473 2781 1561 2838 οὗν
1614 2783 1700 2839 κάὶ
1740 2785 1836 2839 αὒ-

219 2881 314 2930 τοῖς
379 2868 590 2933 ἐκεῖνος
662 2870 956 2948 ἐπιφανεὶς,
1030 2867 1236 2944 μᾶλλον
1307 2871 1574 2947 ὁρώμενος
1626 2874 1697 2936 εἰς
1742 2871 1838 2929 ἔκ-

218 2955 385 3023 πληξιν
437 2960 578 3036 ἦγεν
631 2957 666 3025 ἤ
697 2956 1044 3032 ἂκουόμενος.
1093 2960 1310 3037 Φεύγων
1340 2960 1397 3015 σὲ
1447 2961 1540 3027 τὰς
1580 2961 1837 3041 ὀχλήσεις

219 3049 340 3125 παρὰ
385 3053 452 3122 τῇ
509 3052 652 3122 μονῇ
707 3054 797 3102 τοῦ
855 3047 1002 3125 ἀγίον
1060 3046 1206 3104 Σάϐα
1275 3050 1564 3127 ἡσυχάζειν
1624 3049 1834 3129 διέγνω,

217 3136 294 3198 τὰς
347 3143 598 3217 σῦνεχετς
654 3135 910 3193 ἓκκλίνων
980 3137 1257 3218 προόδους,
1322 3141 1408 3195 καὶ
1456 3142 1586 3220 πρὸς
1636 3141 1837 3216 μηδένα

220 3223 454 3300 μηδαμῶς
490 3224 1004 3305 παῤῥησιαζόμενος.

280 3493 398 3556 ΚΖ’,
486 3495 580 3551 Ἐν
663 3495 864 3557 τούτοις
951 3493 1005 3550 δὲ
1090 3493 1443 3573 διατρίϐοντος
1520 3497 1827 3576 Γρηγορίου,

215 3583 285 3638 καὶ
357 3586 384 3639 ὁ
463 3583 894 3663 Ἀκραγαντίνων
978 3584 1265 3646 ἐπίσκοπος
1349 3583 1614 3663 Θεόδωρος
1697 3585 1834 3643 οὕτω

213 3669 516 3747 καλούμενος
580 3675 635 3736 ὃς
688 3671 790 3740 ἤδη
851 3675 1278 3753 κεχειροτόνειτο
1323 3675 1456 3748 μετὰ
1489 3677 1828 3751 Ποταμίωνα,

213 3760 291 3814 καὶ
337 3762 487 3825 adad;
543 3761 817 3819 ἀπολείπει
859 3765 948 3820 τὸν
997 3763 1133 3837 βίον.
1159 3764 1351 3818 Φ·3εται
1381 3761 1444 3830 δὴ
1471 3765 1649 3829 στάσις
1679 3768 1734 3820 ἓν
1757 3771 1834 3836 τῷ

212 3846 308 3923 λαῷ
331 3852 416 3908 καὶ
446 3850 629 3907 ἄλλων
662 3851 824 3908 ἄλλον
857 3850 1324 3929 προϐαλλομένων,
1379 3852 1473 3908 οἷα
1521 3852 1668 3932 φιλεῖ
1714 3867 1832 3918 ταῖς

210 3943 444 4004 τοιούτοις
503 3939 834 4016 συμϐαίνειν,
892 3942 1108 4021 ταραχὴ
1160 3943 1222 3998 τὸ
1275 3941 1477 4008 πλῆθος
1547 3956 1828 4022 κατεῖχεν,

211 4031 258 4085 Οἱ
308 4032 396 4105 μὲν
455 4032 557 4108 γὰρ
617 4029 846 4088 Σαϐῖνόν
905 4055 1024 4088 τινα
1084 4030 1455 4110 πρεσϐύτερον,
1515 4035 1560 4088 οἱ
1611 4032 1666 4088 δὲ
1700 4044 1832 4110 Κρι-

209 4133 486 4194 σκεντϊνον,
523 4122 571 4176 οἱ
604 4119 658 4176 δὲ
688 4123 779 4177 τὸν
810 4119 1186 4199 ἆρχιδιάκονον
1234 4121 1460 4196 Εὗπλον,
1516 4123 1602 4178 καὶ
1657 4122 1832 4198 ἕτερος

207 4205 359 4284 ἕτερον
416 4212 490 4272 εἷς
549 4211 640 4266 τὸν
711 4210 894 4288 θρόνον
969 4212 1197 4281 καθίζειν
1255 4210 1496 4269 ἔσπευδε.
1559 4215 1629 4269 Τὸ
1680 4212 1833 4289 κῦρος

1918 1885 2071 1946 ciani
2107 1885 2442 1965 cujusdam,
2471 1886 2717 1967 quiregi
2751 1906 3035 1970 perquam
3071 1887 3371 1949 familiaris
3401 1893 3548 1966 erat,

1917 1993 2097 2053 opera
2127 1984 2499 2039 consecutus.
2537 1977 2911 2040 cautionibus
2942 1997 3009 2040 ac
3041 1978 3268 2058 legibus
3300 1979 3554 2059 quibus-

1917 2063 2051 2125 dam
2109 2063 2388 2126 dimissus
2445 2074 2555 2141 cst,
2617 2067 2902 2130 nimirum
2951 2068 3232 2131 inviseret
3262 2068 3554 2130 Romam:

1918 2171 2172 2232 cumque
2197 2154 2360 2216 urbis
2382 2154 2543 2217 illius
2558 2158 3061 2236 pulchritudinem
3077 2178 3143 2220 ac
3168 2159 3552 2238 magniﬁcen-

1921 2243 2057 2302 tiam
2091 2243 2360 2324 vidisset,
2389 2253 2664 2325 essetque
2692 2266 2957 2309 summos
2989 2249 3292 2330 apostolos
3323 2265 3562 2308 venera-

1921 2338 2034 2408 tus,
2063 2349 2269 2392 rursus
2295 2351 2472 2413 quam
2505 2335 2820 2396 celerrime
2854 2346 3073 2415 posset,
3121 2345 3552 2412 reverteretur,

1920 2421 2074 2499 regis
2108 2421 2497 2483 contubernio
2530 2424 2590 2484 in
2625 2431 2926 2503 posterum
2962 2427 3336 2488 adhaesurus.
3370 2431 3555 2489 Porro

1923 2519 2235 2589 antequam
2268 2510 2364 2571 ille
2395 2511 2640 2573 Romam
2665 2513 2871 2583 adiret,
2901 2515 3162 2595 episcopi
3187 2534 3334 2595 quos
3357 2513 3558 2576 Ponti-

1924 2599 2012 2660 fex
2034 2599 2316 2660 Maximus
2335 2599 2406 2661 ad
2439 2601 2758 2664 concilium
2792 2603 3054 2678 miserat,
3083 2605 3211 2684 ejus
3234 2605 3552 2666 adventum

1924 2696 2385 2763 anteverteraut,
2415 2693 2872 2772 pontiﬁcemque
2893 2693 3114 2772 ipsum,
3139 2712 3206 2755 ac
3225 2711 3430 2754 omnes
3454 2711 3556 2754 re-

1923 2778 2022 2857 gni
2051 2778 2316 2858 ejusdem
2353 2781 2632 2860 praesules
2657 2781 2715 2842 in
2746 2782 3057 2844 maximam
3101 2783 3261 2843 illius
3293 2781 3554 2843 admira-

1923 2868 2142 2929 tionem
2178 2879 2510 2933 evexerant.
2568 2871 2968 2943 Quamobrem
3019 2872 3267 2934 illustris
3317 2872 3418 2933 ille
3470 2871 3560 2931 vir

1922 2966 2292 3036 exspectatus
2314 2959 2576 3034 advenit,
2611 2969 2670 3021 et
2693 2962 2975 3039 majorem
3001 2960 3119 3021 illis
3150 2981 3257 3023 sua
3289 2979 3554 3042 praesen-

1921 3047 2204 3126 tia,quam
2231 3048 2492 3127 cujusvis
2518 3050 2609 3110 sui
2657 3050 3406 3131 prmdicatione,stuporem
3451 3049 3550 3110 in—

1921 3135 2106 3197 duxit.
2144 3137 2431 3199 Caeterum
2460 3139 2691 3200 turbam
2718 3140 2930 3214 vitans,
2959 3141 3419 3221 frequentesque
3450 3141 3552 3201 ho-

1920 3225 2148 3286 minum
2183 3245 2532 3306 congressus
2553 3228 2882 3303 declinans,
2915 3249 3108 3310 neque
3138 3239 3366 3292 temere
3395 3246 3550 3302 sese,

1918 3333 2030 3376 nec
2077 3316 2411 3378 inconsulto
2467 3319 2726 3396 cujusvis
2777 3318 3137 3400 colloquium
3189 3321 3362 3394 dans,
3388 3319 3556 3399 juxta

1917 3404 2034 3465 divi
2066 3406 2235 3467 Saba!
2268 3407 2636 3469 domicilium
2670 3410 3032 3470 commorari
3063 3410 3351 3472 decrevit.

1994 3493 2220 3558 XXVII.
2257 3496 2399 3558 Cum
2434 3498 2563 3559 hinc
2592 3498 2833 3560 interim
2858 3499 3013 3578 apud
3031 3499 3380 3578 Gregorium
3411 3516 3552 3577 age-

1915 3593 2142 3656 rentur,
2176 3583 2523 3647 Theodorus
2552 3586 2855 3666 Agrigenti
2891 3589 3224 3668 episcopus,
3281 3587 3384 3663 qui
3430 3589 3554 3666 jam

1919 3674 2251 3735 Potamioni
2284 3685 2674 3747 successerat,
2704 3677 2819 3738 vita
2841 3679 2968 3754 ipse
3001 3677 3222 3756 pariter
3241 3676 3556 3737 defunctus

1918 3770 2030 3822 est.
2065 3762 2210 3823 Inde
2240 3763 2381 3825 dum
2413 3764 2514 3826 alii
2537 3766 2719 3826 alium
2757 3775 3160 3846 proponerent
3184 3772 3273 3838 (ut
3305 3785 3411 3826 usu
3432 3765 3557 3826 fere

1917 3852 1975 3912 in
2004 3851 2296 3930 ejusmodi
2321 3854 2614 3930 suffragiis
2645 3857 2882 3918 evenire
2917 3856 3094 3932 solet)
3116 3854 3328 3917 seditio
3361 3855 3420 3916 in
3456 3873 3557 3934 po-

1919 3942 2055 4020 pulo
2080 3943 2361 4016 nascitur,
2388 3950 2445 4003 et
2471 3945 2756 4006 tumultus
2784 3964 2815 4005 a
2841 3945 3223 4006 multitudine
3239 3945 3550 4006 conflatur.

1917 4032 2033 4095 Alii
2065 4032 2223 4093 enim
2275 4031 2559 4094 Sabinum
2607 4035 2922 4115 quemdam
2973 4036 3402 4116 presbyterum,
3456 4034 3556 4096 alii

1918 4122 2398 4200 Crescentinum,
2430 4122 2528 4182 alii
2553 4125 3037 4184 arrhidiaconum
3063 4125 3341 4198 Euplum,
3371 4131 3428 4185 et
3448 4123 3555 4186 alii

1917 4212 2064 4272 alios
2094 4212 2151 4272 in
2185 4213 2326 4273 sede
2360 4211 2656 4274 collocare
2685 4213 3025 4276 studebant.
3063 4214 3327 4294 Cumque
3372 4232 3553 4273 unus-

208 4295 281 4350 οὗν
329 4299 551 4355 ἑκάστω
611 4301 752 4378 παρὰ
807 4307 899 4358 τοῦ
957 4301 1150 4356 πάππα
1204 4307 1514 4371 ζητοῦντος,
1565 4303 1638 4365 εἷς
1693 4292 1827 4358 Ῥω-

2001 4303 2166 4381 isque
2197 4300 2568 4379 designatum
2601 4321 2634 4363 a
2665 4321 2730 4363 se
2757 4305 3104 4364 auctoritate
3136 4292 3428 4381 pontificis
3460 4304 3553 4363 fir-

210 4408 302 4450 μην
355 4389 668 4468 ὀιαπερῶσι³
731 4391 815 4446 καὶ
865 4393 939 4464 τῷ
994 4389 1188 4446 πάππα
1240 4389 1402 4445 ταῦτα
1459 4392 1596 4446 κατὰ
1626 4392 1686 4446 τὸ
1717 4390 1828 4454 ἔθος

1994 4391 2086 4460 ινί,
2122 4400 2434 4471 ratumque
2469 4391 2600 4453 fieri
2629 4392 2828 4472 vellet,
2878 4394 3130 4454 Romam
3157 4391 3244 4451 ire
3276 4409 3550 4472 perrexe-

210 4472 509 4539 ἀνατιθέασι,
578 4478 746 4545 Συνῆν
803 4478 856 4534 δὲ
933 4483 1117 4540 αὐτοῖς
1193 4479 1281 4534 καὶ
1353 4480 1590 4557 Χαρίτων
1662 4482 1688 4534 ὁ
1737 4486 1828 4536 τοῦ

1994 4487 2069 4551 nt,
2103 4497 2227 4539 rem
2267 4480 2352 4558 (ut
2386 4481 2568 4540 moris
2621 4483 2730 4559 est)
2765 4481 3058 4561 pontificis
3121 4499 3278 4542 max.
3307 4480 3554 4542 arbitrio

210 4567 471 4641 Γρηγορίου
531 4568 732 4644 πατήρ,
794 4566 1146 4623 Εἷαελθόντων
1203 4570 1291 4623 οὗν
1363 4570 1494 4645 πρὸς
1564 4569 1720 4626 αὐτὸν
1787 4567 1830 4623 οἱ

1996 4568 2283 4632 rmissuri.
2321 4569 2544 4631 Horum
2580 4570 2637 4631 in
2664 4571 2944 4633 comitatu
2969 4570 3250 4633 Chariten
3285 4569 3555 4650 Gregorii

212 4651 293 4722 μὲν
345 4656 460 4730 περὶ
519 4654 748 4711 Σαϐῖνον
806 4656 858 4711 ἐν
910 4657 983 4711 ἐνὶ
1033 4655 1178 4734 μέρει
1232 4655 1486 4735 ἔστησαν,
1542 4659 1585 4712 οἱ
1619 4655 1671 4711 δὲ
1700 4660 1828 4734 περὶ

213 4747 560 4815 Κρισκεντῖνον
620 4745 856 4822 ἑτέρωθι,
918 4747 964 4800 οἱ
1030 4743 1084 4799 δὲ
1145 4745 1270 4820 περί
1325 4743 1528 4801 Εὗπλον
1576 4746 1661 4800 καὶ
1717 4744 1828 4808 τοὺς

210 4823 401 4895 λοιποὺς
458 4833 626 4889 ὀπίσω
684 4834 884 4890 τούτων
943 4833 1128 4899 ἔταξαν
1189 4833 1428 4898 ἑαυτοὺς·
1503 4836 1597 4897 ἰὶς
1651 4832 1705 4889 δὲ
1735 4834 1826 4889 καὶ

210 4913 534 4989 ἐρωτηθέντες
600 4923 716 4978 τίνα
787 4922 1059 4999 βούλοιντο
1131 4927 1571 5002 χειροτονηθῆναι
1644 4924 1828 4986 αὐτοῖς

210 5003 495 5082 ἐπίσκοπον,
572 5013 617 5065 οἱ
687 5011 786 5084 μὲν
858 5011 1111 5090 Σαϐῖνον,
1185 5015 1232 5067 οἱ
1315 5010 1369 5066 δὲ
1456 5023 1828 5090 Κρισκεντϊνον

209 5095 430 5165 ᾐτοῦντο,
492 5099 651 5164 Τμῖν
710 5097 787 5174 δὲ,
829 5103 986 5180 φησὶν
1042 5114 1159 5164 τοῖς
1191 5101 1307 5178 περὶ
1335 5099 1539 5157 Εὗπλον
1571 5101 1824 5178 ἐπιστρα-

211 5185 305 5260 φεὶς
359 5189 385 5242 ὁ
444 5189 689 5265 πάππας,
746 5193 797 5247 τί
854 5216 984 5250 ποτε
1041 5192 1138 5271 ἄρα
1189 5191 1341 5249 δοκεῖ
1374 5212 1388 5270 ;
1422 5193 1564 5250 Οἱδὲ
1593 5191 1677 5248 διὰ
1710 5202 1825 5250 Χα-

211 5273 401 5346 ρίτωνος
434 5275 788 5355 ἀπεκρίναντο
822 5298 836 5314 ⁸
890 5281 960 5340 "0
993 5281 1143 5340 δοκεῖ
1199 5288 1276 5356 τῷ
1335 5288 1449 5355 Θεῴ
1508 5281 1709 5355 μᾶλλον
1740 5283 1826 5339 καὶ

211 5365 267 5434 τῇ
315 5370 380 5440 σῇ
437 5363 715 5446 διακρίσει,
782 5373 927 5427 ιοῦτο
975 5371 1040 5439 δὴ
1089 5371 1179 5427 καὶ
1218 5372 1466 5426 εὒκταῖον
1496 5372 1633 5444 ἡμῖν
1669 5372 1824 5449 γενέ-

211 5453 332 5512 σθαι.
389 5455 456 5511 “Ο
528 5457 624 5534 γὰρ
677 5457 740 5512 ἂν
809 5461 941 5536 αὒτῇ
1013 5462 1342 5536 δοκιμάσειε,
1402 5467 1557 5516 τοῦτο
1613 5461 1823 5522 πάντως

211 5541 284 5593 καὶ
310 5543 377 5603 ὡς
408 5546 524 5616 Θεῷ
581 5543 766 5603 δοκοῦν
820 5548 1163 5628 λογιούμεθα.
1212 5553 1346 5607 Εἶτα
1399 5551 1426 5604 ὁ
1459 5549 1676 5617 πάππας
1705 5563 1821 5613 τοῖς

211 5629 310 5706 περὶ
377 5629 600 5690 Σαϐῖνον
671 5638 757 5693 καὶ
844 5648 1237 5720 Κρισκεντῖνον,
1314 5641 1819 5719 Συμφρονῆταντεςν

1915 4666 2081 4734 pater
2140 4661 2363 4718 aderat.
2424 4659 2601 4738 Atqui
2659 4659 2774 4720 illis
2824 4663 3074 4723 Romam
3107 4659 3546 4732 accedentibus,

1912 4765 2044 4806 cum
2099 4745 2238 4806 hinc
2261 4746 2540 4825 Sabinus,
2568 4747 2708 4809 inde
2732 4749 3156 4811 Crescentinus
3177 4748 3552 4827 consisteret,

1914 4834 2137 4913 Euplus
2167 4854 2234 4896 ac
2265 4836 2478 4916 reliqui
2512 4837 2647 4897 illos
2678 4837 2886 4898 ordine
2919 4837 3341 4918 sequebantur.
3387 4837 3553 4907 Quo-

1912 4925 2070 4986 circa
2091 4925 2462 5004 interrogati,
2489 4946 2806 5008 quemnam
2828 4926 2941 4987 sibi
2962 4928 3178 4988 vellent
3206 4926 3550 5005 episcopum

1915 5014 2157 5092 praefici,
2183 5015 2315 5075 aliis
2343 5014 2651 5077 Sabinum.
2671 5017 2803 5075 aliis
2831 5016 3279 5077 Crescentinum
3307 5017 3551 5095 petenti-

1913 5103 2046 5172 bus,
2109 5103 2370 5183 pontifex
2425 5122 2750 5164 conversus
2804 5104 2878 5164 ad
2937 5122 3062 5178 eos,
3124 5104 3222 5183 qui
3277 5111 3445 5163 erant
3477 5102 3549 5164 ab

1910 5191 2098 5272 Euplo
2129 5209 2142 5253 :
2169 5192 2320 5264 Quid
2353 5192 3007 5272 vobis,inquit,videtur
3031 5198 3059 5254 ?
3080 5192 3124 5253 Ii
3154 5211 3260 5272 per
3281 5191 3553 5255 Charito-

1911 5299 2045 5341 nem
2080 5281 2540 5360 responderunt,
2577 5300 2640 5341 se
2677 5282 2844 5342 illum
2881 5281 2980 5362 qui
3013 5283 3132 5344 Deo
3167 5283 3224 5343 in
3259 5281 3556 5360 primis,et

1910 5369 2066 5429 illius
2109 5369 2336 5448 judicio
2378 5369 2697 5446 videretur,
2760 5379 3170 5451 suscepturus.
3235 5369 3356 5431 Hoc
3411 5391 3554 5432 sane

1907 5457 2083 5518 nobis
2116 5457 2324 5537 (aiunt)
2361 5459 2473 5519 erit
2497 5458 2754 5539 optabile
2788 5478 2804 5534 ;
2840 5460 2992 5538 quod
3024 5459 3183 5520 enim
3212 5459 3550 5539 tuojudicio

1909 5554 2511 5628 probaveris,idipsum
2536 5570 2763 5628 quoque
2783 5557 2900 5614 Deo
2924 5557 3148 5626 placere
3169 5559 3408 5614 omnino
3430 5558 3554 5613 exi-

1905 5638 2238 5701 stimamus.
2303 5636 2533 5701 Deinde
2591 5638 2852 5719 pontifex
2899 5637 2971 5698 iis
3029 5637 3196 5718 quia
3225 5636 3446 5700 Sabino
3479 5653 3548 5697 ac
