3918 6138
230 333 330 402 ἳῖὗ

226 468 540 530 ὖποδεδυκότα
650 469 736 526 καὶ
830 469 1189 548 κρυπτόμενον
1310 470 1401 526 τὸν

226 557 535 638 Ἐπιδραμὼν
588 561 677 614 οὖν
734 560 828 614 καί
886 563 983 625 τῆς
1023 559 1210 637 χειρὸς
1270 557 1478 614 ἰκείνου
1541 556 1834 635 λαϐόμενος

223 651 337 726 πρὸς
387 649 498 712 τοὺς
556 646 840 719 ζῆτοῦντᾱς
898 646 1079 727 ἐξῆγε,
1137 646 1480 727 χαλεπαίνων
1541 646 1652 720 ἅμα
1733 653 1830 704 καὶ

225 739 467 817 κεκραγὼς
537 737 616 794 ὅτι
692 737 944 815 μεγάλοις
983 784 998 811 ,
1068 739 1140 800 ὡς
1212 735 1382 794 ἔοικεν
1412 785 1428 810 ,
1502 735 1834 814 ἐγκλήμασιν

224 826 390 907 ἔνοχος
447 826 542 899 ὢν,
573 827 668 882 καί
725 826 809 885 διὰ
861 829 1025 882 ταῦτα
1082 827 1166 883 καὶ
1210 828 1349 905 παρὰ
1399 825 1598 904 ἀνδρῶν
1655 827 1835 884 τοιού-

225 938 314 972 των
377 917 717 994 ζητούμενος,
783 916 948 997 φυγάς
1004 937 1062 972 τε
1132 917 1234 996 πρὸ
1302 917 1401 982 τὴν
1469 916 1637 992 μονὴν
1694 915 1833 973 ἔλθοι

223 1006 294 1062 καὶ
335 1004 558 1062 κίνδυνον
614 1005 804 1068 αὐτοῖς
860 1009 919 1064 οὐ
967 1005 1153 1084 μικρὸν
1209 1005 1470 1084 ἐπαγάγοι
1528 1007 1834 1082 κρυπτόμε-

225 1116 318 1156 νος.
370 1094 461 1150 Καὶ
506 1100 672 1151 ταῦτα
731 1093 830 1168 μὲν
864 1095 938 1156 ὡς
996 1093 1203 1158 ἐκεῖνος
1260 1093 1415 1166 ᾤετο·
1480 1096 1508 1150 6
1550 1092 1605 1149 δὲ
1672 1092 1836 1168 μηδὲν

227 1182 444 1259 εἰρηκὼς,
479 1181 594 1238 ἐπεὶ
637 1179 769 1257 μηδ’
803 1186 926 1262 εἶχέ
967 1205 1019 1238 τι
1049 1184 1182 1261 πρὸς
1226 1184 1384 1241 αὐτὸν
1413 1185 1442 1239 6
1485 1182 1668 1261 λόγος,
1702 1204 1837 1239 σιω-

224 1279 320 1328 πῶν
373 1271 530 1347 ἐξῄει.
571 1263 664 1336 Ὠς
714 1269 769 1327 δὲ
797 1273 885 1327 καὶ
938 1271 1085 1328 εἶδον
1114 1274 1271 1328 αὐτὸν
1315 1273 1362 1328 οἱ
1415 1272 1693 1328 ἐπίσκοποι
1759 1265 1844 1328 καὶ

226 1361 521 1440 ἐπέγνωσαν,
587 1366 656 1437 τῇ
737 1359 863 1438 περὶ
933 1364 1105 1419 αὐτῶν
1168 1359 1306 1418 αἰδοῖ
1361 1359 1681 1434 νικηθέντες,
1748 1361 1843 1417 πί-

225 1450 385 1508 πτουσί
451 1472 506 1506 τε
589 1451 736 1513 εὐθὺς
822 1451 892 1514 εἰς
986 1451 1182 1528 γόνατα
1216 1497 1232 1525 ,
1303 1452 1391 1508 καὶ
1460 1456 1564 1507 πᾶν
1646 1451 1844 1507 ἐκείνου

224 1541 644 1617 περιεπτύσσοντο
709 1537 892 1614 μέλος,
952 1537 1098 1595 οὐδὲν
1157 1543 1295 1618 μέγα
1373 1554 1550 1597 ποιεῖν
1608 1540 1845 1614 νομίζον-

222 1649 313 1702 τες,
362 1630 404 1684 εἰ
453 1630 545 1684 τὸν
601 1633 774 1703 τιμῆς
822 1628 1082 1695 τοσαύτης
1138 1629 1278 1708 παρά
1333 1650 1390 1685 τε
1447 1641 1562 1691 τοῖς
1616 1649 1844 1707 πρωτοις

221 1723 312 1772 τῶν
375 1717 428 1772 ἐν
495 1724 568 1795 τῇ
645 1715 848 1790 συνόδῳ
915 1717 1164 1794 Πατὲρων
1221 1719 1309 1774 καὶ
1369 1719 1520 1774 οὗτφό
1584 1716 1845 1795 βασιλέως

1225 331 1412 400 VITA
1455 335 1514 398 S.
1562 330 1931 396 GREGORII
1973 327 2525 399 AGRIGENTINI.

3444 324 3563 401 226

1517 471 1824 548 Τρηγόριον,

2025 488 2051 530 s
2083 488 2430 551 ergo,manu
2456 469 2616 533 illius
2639 470 3036 552 apprehensa,
3064 489 3130 533 se
3157 471 3563 547 quaerentibus

1917 557 2296 640 educebat,in
2328 560 2493 622 illum
2521 561 2789 641 saeviens,
2819 560 3108 622 clamabat
3139 561 3368 640 magnis
3399 560 3562 622 illum

1921 646 2008 726 (ut
2030 649 2371 730 apparebat)
2399 649 2718 712 obnoxium
2751 658 2812 712 et
2832 650 3183 712 obstrictum
3211 667 3344 713 esse
3367 650 3566 712 crimi-

1917 735 2177 818 nibus,et
2194 747 2505 820 prepterea
2529 739 2601 799 ab
2625 738 2923 818 ejusmodi
2953 738 3086 800 viris
3112 739 3360 818 inquiri:
3383 740 3563 800 item-

1917 843 2032 908 que
2090 828 2324 888 exulem
2380 846 2447 888 ac
2487 828 2820 907 profugum,
2858 827 3149 908 templum
3184 828 3355 908 illud,
3392 837 3454 888 ut
3483 828 3565 890 ibi

1916 905 2424 992 lateret,petiisse,
2444 905 2510 979 ac
2524 933 2698 995 grave
2719 917 2834 978 sibi
2857 905 3564 997 hocnuminepericulum

1919 1003 2211 1066 attulisse.
2241 1004 2312 1065 Et
2339 1006 2440 1066 ille
2472 1007 2713 1088 quidem
2737 1006 2861 1067 haec
2885 1006 2963 1066 ita
2987 1024 3049 1066 sc
3068 1005 3291 1068 habere
3321 1005 3567 1068 arbitra-

1921 1091 2094 1154 batur
2127 1113 2142 1168 ;
2176 1093 2274 1155 ille
2307 1104 2512 1155 contra
2543 1093 2691 1164 nihil
2739 1095 2994 1168 locutus,
3029 1095 3194 1175 quasi
3229 1095 3388 1155 nulla
3418 1095 3567 1156 sub»

1925 1191 2083 1244 esset
2111 1182 2224 1242 sibi
2256 1185 2406 1244 ratio
2438 1184 2507 1245 ad
2550 1183 3037 1261 reSpondendum
3071 1184 3254 1245 silens
3286 1185 3566 1264 egredie-

1927 1271 2120 1332 batur.
2152 1270 2264 1333 Ubi
2295 1290 2432 1332 Vero
2483 1273 2761 1333 viderunt
2791 1272 2954 1332 illum
2989 1273 3251 1354 episcopi
3282 1283 3340 1334 et
3387 1293 3569 1351 agno-

1925 1360 2391 1440 verunt,pudore
2417 1377 2555 1438 erga
2584 1362 2773 1440 illum,
2798 1359 3015 1442 allecti,
3041 1363 3287 1442 ejusque
3318 1363 3569 1440 genibus

1927 1448 2205 1523 advoluti,
2234 1451 2711 1530 complexuntur,
2738 1450 3016 1528 magnise
3067 1449 3214 1511 nihil
3237 1469 3415 1529 agere
3437 1452 3564 1532 opi-

1930 1546 2159 1614 nantes,
2194 1539 2243 1599 si
2276 1557 2450 1621 quem
2485 1559 2518 1600 a
2547 1539 2785 1601 concilii
2829 1538 3122 1611 Patribus,
3155 1550 3330 1621 atque
3358 1541 3505 1603 adeo
3535 1559 3570 1603 a

1929 1645 2069 1706 rege
2098 1627 2227 1706 ipso
2256 1628 2581 1689 honoriﬁce
2608 1635 2918 1708 exceptum
2951 1627 3241 1708 viderant,
3273 1628 3387 1709 ipsi
3417 1647 3570 1710 quo-

1929 1735 2044 1797 que
2066 1735 2298 1777 summo
2325 1718 2552 1779 honore
2577 1719 3366 1797 complecterentur.Verum
3386 1718 3570 1780 enim-

221 1805 488 1882 ἦξιιινμένον
551 1807 640 1864 καὶ
687 1807 832 1866 αὐτοὶ
887 1813 1047 1882 τιμᾷν
1107 1807 1367 1885 ἔγνωσαν.
1430 1811 1503 1865 Οὐ
1545 1809 1653 1882 μὴν
1711 1805 1839 1862 ἀλλὰ

2020 1825 2067 1867 ’0
2090 1806 2258 1868 divus
2282 1805 2748 1888 Gregorius,non
2771 1808 3014 1886 segnius
3035 1826 3102 1869 se
3122 1807 3576 1883 demittens,ho~

223 1900 301 1954 καί
354 1899 381 1952 6
435 1900 587 1961 θεῖος
643 1897 960 1976 Γρηγόριος,
1018 1896 1215 1977 σφόδρα
1272 1903 1365 1955 τοῦ
1424 1897 1635 1976 μετρίου
1693 1897 1839 1974 γινό-

2020 1914 2134 1957 rem
2166 1896 2283 1957 illis
2315 1885 2502 1958 nihilo
2537 1885 3258 1976 minoremrependebat.
3295 1896 3415 1959 Sub
3447 1898 3572 1959 haec

224 2009 384 2066 μενος,
415 1984 568 2043 οὐδὲν
611 1990 795 2049 αὐτοῖς
826 1985 1047 2042 ἔλαττον
1097 1985 1165 2042 τά
1193 1992 1291 2054 τῆς
1340 1990 1508 2062 τιμῆς
1560 1984 1843 2043 ἀντεδίδου·

223 2077 329 2132 εἶτά
373 2076 459 2132 καὶ
501 2077 586 2139 τίς
619 2075 774 2132 αὐτὸν
828 2078 855 2132 6
883 2074 1063 2132 καλῶν
1114 2076 1206 2143 εἴη
1251 2076 1527 2152 ἀκηκοὼς,
1559 2083 1636 2150 τῷ
1687 2083 1850 2132 ταῦτα

222 2166 364 2230 οὕτως
423 2167 790 2238 οἰκονομοῦντι
850 2166 965 2240 Θεῷ
1016 2165 1327 2241 πειθόμενος
1378 2165 1586 2226 εἵπετο.
1653 2167 1742 2222 Ἐν
1796 2164 1851 2221 δὲ

223 2263 287 2328 τῷ
337 2254 526 2330 μεταξὺ
593 2256 684 2311 τὸν
744 2254 802 2311 ἔκ
874 2253 1060 2318 παιδὸς
1118 2254 1317 2312 ἐκείνου
1374 2255 1491 2331 βίον
1547 2257 1575 2310 6
1642 2255 1850 2331 Μάρκος

221 2342 397 2420 διεξῄει
473 2349 555 2416 τῷ
633 2343 828 2416 πάππα
893 2344 961 2401 τά
1033 2365 1088 2399 τε
1145 2351 1238 2399 τοῦ
1302 2344 1505 2422 τρόπου
1570 2343 1853 2420 κατέλεγεν

221 2433 392 2511 ἀγαθὰ,
448 2433 541 2491 καὶ
592 2431 736 2496 ὅπως
783 2431 938 2488 αὐτὸν
999 2431 1060 2488 ἐκ
1108 2433 1248 2496 θείας
1303 2430 1480 2508 ὅψεως
1510 2431 1570 2488 ἐκ
1611 2433 1854 2494 Σικελίας

223 2519 525 2600 παραλαϐὼν
617 2522 690 2585 εἷς
795 2522 913 2584 τοὺς
997 2521 1166 2598 ἱεροὺς
1265 2521 1538 2599 ἀπήνεγκε
1635 2523 1851 2585 τόπους.

225 2601 430 2685 Ὀμοίως
486 2609 545 2666 δὲ
601 2611 688 2666 καὶ
736 2611 764 2665 6
819 2608 1040 2674 πάππας
1090 2610 1123 2664 ἃ
1151 2610 1294 2688 παρὰ
1340 2609 1448 2666 τῶν
1489 2610 1549 2666 ἐκ
1578 2616 1678 2678 τῆς
1730 2634 1857 2667 συν-

223 2697 325 2755 όδου
375 2697 815 2765 κατεληλυθότων
873 2697 1109 2775 ἀκοίᾶσοι,
1170 2707 1440 2756 κοινοῦται
1500 2706 1578 2772 τῷ
1637 2699 1857 2777 Μάρκῳ,

225 2790 298 2844 καὶ
338 2787 485 2854 ὅπως
516 2787 681 2844 κάκεῖ
721 2799 839 2851 τοῖς
887 2786 1067 2867 λόγοις
1117 2789 1394 2866 ἀστράψας
1440 2789 1505 2845 τὰ
1546 2793 1654 2846 τῶν
1710 2791 1857 2866 αἱρε-

221 2883 369 2934 τικῶν
396 2875 648 2958 ἐνέφραξε
669 2879 934 2951 στόματα.

290 2966 371 3030 Λ’.
422 2966 516 3025 Ἐν
566 2969 612 3040 ᾧ
660 2964 714 3022 δὲ
763 2969 908 3022 οὗτοι
959 2972 1121 3023 ταῦτα
1170 2969 1294 3045 πρὸς
1350 2965 1612 3038 ἀλλήλους
1664 2966 1856 3044 διωμι-

222 3054 412 3136 λονῦντο,
461 3056 599 3123 ἧκόν
652 3057 738 3112 καὶ
779 3057 825 3111 οἱ
884 3057 1167 3112 ἒπίσκοποι
1225 3055 1342 3129 μεθ’
1401 3057 1601 3112 ἑαυτῶν
1641 3055 1860 3136 ἔχοντες

220 3148 298 3201 τὸν
353 3145 647 3224 Γρηγὸριον
706 3143 854 3201 Ἐπεὶ
908 3143 964 3200 δὲ
1034 3146 1124 3202 καὶ
1192 3143 1419 3211 πλησίον
1490 3145 1579 3216 ἦν,
1638 3148 1705 3204 τὰ
1760 3151 1858 3213 τῆς

1933 1985 2182 2048 audiens
2229 1985 2279 2046 is
2312 1987 2409 2066 qui
2441 1984 2790 2066 Gregorium
2844 1987 3226 2062 accersierat,
3265 1987 3399 2049 talia
3427 1999 3573 2049 nutu

1937 2072 2040 2134 Dei
2071 2075 2197 2153 regi
2227 2084 2284 2136 et
2312 2075 2716 2138 administrari
2749 2094 3090 2154 persuasus,
3116 2075 3250 2137 illos
3280 2077 3574 2156 sequeba-

1937 2172 2048 2224 tur.
2080 2163 2232 2224 Dum
2266 2165 2392 2226 haec
2422 2172 2702 2246 aguntur,
2735 2165 2987 2238 Marcus,
3023 2165 3123 2245 qui
3164 2165 3296 2246 ejus
3325 2165 3513 2246 ipsius
3543 2181 3578 2225 a

1939 2270 2121 2333 puero
2153 2251 2288 2327 vita,
2313 2254 2484 2333 quive
2508 2254 2858 2315 innocentes
2889 2271 3084 2315 mores
3117 2254 3386 2328 fuissent,
3422 2271 3575 2334 pon-

1938 2341 2080 2402 tiﬁci
2113 2359 2264 2404 max.
2300 2341 2595 2417 narrabat,
2626 2342 3125 2423 quemadmodum
3159 2361 3229 2404 ex
3259 2343 3457 2403 divina
3485 2350 3575 2402 vi-

1938 2430 2109 2492 sione
2153 2440 2519 2511 assumptum
2553 2450 2624 2493 ex
2671 2430 2869 2493 Sicilia
2911 2431 2984 2493 ad
3031 2439 3233 2493 sancta
3261 2449 3396 2492 eum
3451 2431 3580 2492 loca

1939 2519 2293 2582 advexisset.
2326 2519 2654 2582 [dentidem
2676 2520 2957 2602 pontifex,
2983 2539 3114 2601 quae
3143 2540 3176 2582 a
3194 2519 3420 2600 synodo
3449 2539 3579 2600 pro-

1941 2608 2115 2670 fectis
2164 2609 2454 2690 audierat,
2488 2611 2686 2673 Marco
2741 2611 3164 2690 communicat,
3201 2609 3482 2670 nimirum
3518 2615 3581 2670 ut

1941 2697 2270 2760 litterarum
2305 2700 2644 2778 praestantia
2672 2717 2990 2763 coruscans
3031 2699 3444 2763 haereticorum
3475 2716 3580 2760 ora

1942 2787 2064 2849 illic
2095 2788 2479 2854 obstruxerit.

2020 2964 2190 3027 XXX.
2224 2967 2475 3029 interim
2517 2987 2654 3030 vero
2687 2969 2825 3030 dum
2881 2969 3007 3031 haec
3037 2969 3125 3030 illi
3177 2975 3378 3030 mutuo
3411 2987 3580 3031 com-

1945 3059 2581 3138 mentantur,episcopi
2615 3057 2970 3136 Gregorium
2991 3077 3190 3120 secum
3218 3058 3583 3120 adducentes

1942 3143 2248 3205 redierunt
2283 3165 2298 3205 :
2355 3146 2456 3225 qui
2487 3165 2620 3208 cum
2656 3146 2899 3227 propius
2935 3148 3345 3221 accessissent,
3380 3146 3584 3208 forma;

224 3241 414 3315 μορφῆς
465 3235 616 3309 αὒτῷ
664 3231 804 3313 ἴχνη
851 3234 981 3309 πρὸς
1037 3233 1136 3299 τὴν
1196 3235 1476 3311 ὁραθεϊσαν
1527 3234 1649 3310 ὄψιν
1705 3235 1839 3290 ἀντι-

2020 3233 2099 3293 ius
2143 3233 2502 3296 lineamenta
2548 3236 2621 3297 ad
2670 3235 2982 3310 visionem,
3017 3253 3192 3316 quam
3246 3237 3303 3296 in
3357 3235 3582 3296 somnis

221 3322 568 3403 παραϐάλλων
653 3325 681 3379 ὁ
764 3322 988 3388 πάππας
1063 3325 1220 3382 αὐτὸν
1306 3323 1511 3382 ἐκεῖνον
1577 3323 1858 3382 ἐπέπειστο

221 3413 420 3488 βλέπειν
482 3414 582 3471 τὸν
651 3411 705 3468 ’ἐν
770 3425 888 3475 τοῖς
942 3410 1128 3476 ὕπνοις
1184 3415 1328 3487 αὖτῷ
1397 3411 1854 3491 ὑποδεδειγμένον,

223 3502 414 3582 Σφόδρα
485 3503 582 3560 οὗν
647 3503 976 3582 φιλοφρόνως
1049 3501 1208 3558 αὒτὸν
1277 3502 1657 3578 ἀσπασάμενος
1686 3551 1702 3582 ,
1771 3503 1859 3559 καὶ

221 3593 330 3655 τοὺς
383 3599 462 3667 τῷ
532 3595 702 3669 καιρῷ
771 3592 1140 3669 προσήκοντας
1225 3593 1605 3671 χαριστηρίους
1663 3591 1856 3672 λόγους

225 3677 689 3760 ἐπιφθεγξάμενος,
749 3680 803 3736 ἐν
866 3701 967 3736 τινι
1036 3681 1204 3759 θρόνῳ
1259 3682 1572 3748 καθεσθῆναι
1628 3681 1853 3741 κελεύει.

226 3775 394 3848 Παρῆν
462 3769 521 3826 δὲ
594 3772 680 3826 καὶ
737 3771 767 3825 6
836 3769 1047 3848 Μάρκος
1105 3769 1289 3834 αὐτοῖς
1357 3767 1740 3849 συμπαρεδρος,
1799 3773 1857 3828 ὃν

224 3860 538 3935 θεασάμενος
613 3862 641 3915 6
710 3859 998 3938 Γρηγόριος
1067 3860 1156 3916 καὶ
1207 3858 1297 3941 ὑφ’
1356 3858 1553 3928 ἡδονῆς
1625 3860 1858 3940 δακρύων

224 3949 332 4012 τοὺς
361 3948 670 4029 ὀφθαλμοὺς
728 3947 1048 4027 πληρωθεὶς,
1081 3951 1173 4006 τοῦ
1227 3971 1285 4006 τε
1341 3951 1522 4029 θρόνου
1571 3952 1642 4016 ὡς
1700 3951 1860 4030 εἶχεν

227 4037 461 4112 ἀναπηδᾷ
513 4041 605 4095 καὶ
661 4039 770 4094 τῶν
827 4036 1004 4094 ποδῶν
1059 4039 1259 4096 ἐκείνου
1308 4037 1626 4114 λαϐόμενος,
1679 4043 1864 4120 μυρίας

226 4129 343 4204 πρὸς
375 4129 508 4184 Θεὸν
545 4129 877 4206 εὐχαριστῶν
924 4127 1066 4207 ἠφίει
1109 4128 1312 4208 φωνάς,
1350 4128 1486 4194 Δόξα
1527 4150 1636 4205 σοι,
1668 4129 1860 4210 λέγων,

1939 3320 2188 3403 viderat,
2221 3324 2535 3387 conferens
2585 3325 2864 3406 pontifex,
2900 3325 3176 3386 eumdem
3223 3325 3445 3406 ipsum,
3481 3326 3584 3406 qui

1941 3409 2057 3472 sibi
2087 3411 2146 3473 in
2177 3415 2376 3494 quiete
2404 3415 2563 3476 visus
2592 3415 2803 3492 fuerat,
2839 3415 3060 3477 intueri
3092 3421 3182 3476 est
3237 3432 3581 3496 persuasus.

1941 3498 2138 3572 Quare
2201 3503 2470 3565 hilariter
2541 3504 2707 3566 illum
2766 3504 3086 3566 admodum
3152 3503 3585 3584 complexatus,

1943 3592 2185 3672 Deoque
2206 3594 2708 3673 quemadmodum
2745 3605 2978 3675 tempus
2996 3591 3349 3674 postulabat,
3371 3592 3584 3670 gratias

1940 3697 2143 3761 agens,
2177 3682 2236 3743 in
2263 3682 2406 3744 sede
2426 3683 2740 3744 locandum
2766 3683 3054 3764 praecipit.
3084 3683 3307 3744 Aderat
3338 3691 3398 3742 et
3423 3684 3583 3742 Mar-

1941 3787 2046 3830 cus
2067 3772 2299 3832 cteteris
2319 3771 2608 3834 assidens.
2625 3773 2811 3845 Quem
2838 3771 3154 3850 Gregorius
3185 3771 3580 3850 conspicatus,

1943 3859 2072 3938 ejus
2103 3870 2237 3920 sunt
2268 3861 2482 3924 elicitze
2511 3861 2722 3940 gaudio
2765 3861 3057 3941 lacrymaz,
3092 3878 3160 3922 ac
3189 3878 3223 3921 a
3254 3862 3419 3936 sede,
3451 3877 3582 3920 cum

1948 3948 2205 4028 primum
2238 3950 2446 4030 potuit,
2480 3950 2924 4028 exsiliens,sese
2947 3950 3019 4012 ad
3049 3950 3208 4012 illius
3240 3949 3421 4028 pedes
3443 3967 3586 4030 pro-

1939 4038 2108 4118 jecit,
2142 4036 2385 4120 Deoque
2439 4039 2798 4122 multiplices
2845 4048 2904 4102 et
2951 4039 3319 4102 immortales
3373 4039 3590 4119 gratias

1946 4128 2063 4205 egit
2095 4146 2108 4190 :
2145 4125 2228 4189 Te
2256 4127 2465 4207 gloria.
2497 4129 2732 4192 Christe
2764 4131 2890 4192 Rex
2937 4128 3281 4210 (inquiens),
3315 4135 3371 4189 te
3403 4129 3590 4207 gloria

227 4217 368 4295 Κύριε
418 4215 665 4292 βασιλεῦ,
698 4214 821 4282 δόξα
864 4226 970 4276 σοι.
1005 4215 1137 4274 Ἰδοὺ
1191 4219 1278 4274 καί
1307 4216 1468 4274 πάλιν
1517 4221 1546 4272 ὁ
1606 4219 1734 4294 ἐμὸς
1769 4220 1839 4275 οὗ

2020 4225 2140 4280 εοθι.
2173 4216 2261 4278 En
2304 4217 2413 4280 tibi
2444 4236 2652 4280 rursus
2693 4227 2956 4279 servator
3003 4236 3193 4294 meus,
3229 4217 3346 4278 dux
3393 4235 3584 4293 meus,

226 4325 306 4369 τος
356 4306 544 4384 σωτὴρ
572 4308 600 4362 ὁ
631 4306 757 4380 ἐμὸς
801 4304 1018 4384 ὁδηγὸς,
1051 4307 1087 4374 ἡ
1116 4311 1214 4373 τῆς
1265 4305 1400 4382 ἐμῆς
1433 4305 1641 4374 ἐλπίδος
1689 4307 1836 4388 ἀρχή

2021 4305 2076 4366 ei
2100 4324 2249 4367 meze
2272 4307 2650 4389 principium.
2675 4307 2904 4370 Deinde
2934 4308 3196 4370 Marcum
3227 4306 3421 4386 ipsum
3449 4307 3593 4368 allo-

230 4394 358 4451 Εἶτα
415 4397 510 4451 καί
560 4397 692 4472 πρὸς
743 4395 899 4453 αὐτὸν
949 4397 1044 4451 τὸν
1103 4401 1338 4473 Μάρκον,
1391 4394 1544 4475 Ἰδοὺ,
1592 4398 1772 4476 φησὶν,
1823 4399 1839 4454 ί

2020 4395 2188 4456 nitur:
2221 4394 2376 4458 Ecce
2402 4403 2590 4473 tuum,
2624 4399 2816 4472 Pater,
2837 4397 2960 4477 jam
2993 4397 3220 4477 pridem
3240 4395 3587 4477 praedictum

229 4484 409 4564 Πάτερ,
440 4487 505 4541 τὸ
533 4484 676 4562 παρά
724 4490 818 4541 σοῦ
855 4503 948 4560 μοι
979 4482 1267 4563 προῤῥηθὲν
1297 4483 1452 4547 τέλος
1502 4483 1696 4564 εἴληφε
1753 4496 1839 4546 νῦν

2023 4483 2292 4546 ticinium
2327 4504 2485 4548 nunc
2503 4488 2682 4550 linem
2713 4487 3104 4568 accepit,fore
3134 4494 3196 4548 ut
3231 4505 3338 4548 nos
3365 4485 3589 4566 denuo,

227 4573 306 4627 καὶ
357 4572 522 4631 πάλιν
579 4571 846 4644 ἀλλήλους
901 4573 1038 4632 κατά
1097 4595 1158 4652 γε
1213 4574 1306 4642 τὴν
1337 4581 1605 4653 παροῦσαν
1663 4577 1838 4654 ὁρῶμε

2020 4591 2063 4636 ιο
2110 4573 2286 4636 etiam
2336 4577 2616 4657 praesenti
2646 4578 2780 4654 vita,
2816 4589 3024 4640 mutuo
3065 4577 3428 4641 videremus.
3484 4577 3589 4641 His

228 4663 382 4731 ζωήν.
444 4670 620 4721 Ταῦτα
676 4668 771 4720 τοῦ
828 4665 1120 4740 Γρηγορίου
1161 4665 1292 4742 πρὸς
1350 4665 1440 4720 τὸν
1504 4665 1718 4742 Μάρκον
1777 4664 1871 4722 οὒκ

231 4747 468 4830 ἀδακρυτὶ
526 4751 798 4831 λέγοντος,
853 4751 1141 4827 ἒθαύμαζόν
1199 4773 1257 4808 τε
1327 4755 1376 4810 οἱ
1447 4753 1728 4835 παρόντες,
1787 4756 1872 4812 καὶ

231 4843 321 4905 τῆς
376 4847 554 4920 χαρᾶς
599 4840 973 4904 κοινωνοῦντες
1031 4842 1438 4900 συνεκοινώνουν
1500 4845 1586 4900 καὶ
1615 4850 1721 4900 τῶν
1773 4843 1872 4900 δα-

233 4929 416 5001 κρύων.
495 4922 553 4989 Ὀ
611 4928 668 4987 δὲ
739 4928 804 4999 δή
873 4931 1098 4994 πάππας
1167 4932 1288 4994 τοὺς
1361 4933 1460 5008 μὲν
1530 4939 1871 5012 παρεστῶτας

231 5017 462 5084 ἅπαντας
523 5020 582 5078 ἐκ
610 5019 775 5096 μέσου
830 5021 1082 5100 ποιήσας,
1117 5019 1206 5077 δύο
1249 5018 1305 5076 δὲ
1356 5021 1548 5097 μόνους
1590 5023 1694 5078 τῶν
1748 5021 1872 5079 ἑπι-

232 5109 441 5164 σκόπων
499 5111 586 5165 καὶ
640 5110 732 5164 τὸν
803 5109 1096 5187 Γρηγὸριον
1126 5107 1312 5185 μένειν
1367 5109 1642 5185 κελεύσας,
1675 5111 1870 5184 πάντα,

232 5197 298 5260 ὡς
347 5198 478 5277 εἶχε
507 5200 571 5254 τὰ
605 5205 697 5255 τοῦ
726 5195 990 5278 δράματος
1034 5197 1388 5277 ἀπαγγέλλει,
1420 5201 1487 5255 τά
1537 5222 1597 5256 τε
1631 5202 1728 5266 τῆς
1768 5202 1876 5258 τῶν

231 5284 408 5364 ὄχλων
474 5288 734 5364 στάσεως,
798 5288 886 5343 καὶ
955 5288 1021 5342 τὰ
1092 5293 1193 5354 τῆς
1264 5309 1644 5366 κατασχουσης
1719 5292 1876 5349 αὐτὸν

232 5373 476 5451 ἀπορίας,
531 5376 655 5434 εἶτα
714 5377 804 5433 καὶ
861 5376 928 5432 τὰ
980 5381 1081 5442 τῆς
1126 5377 1470 5456 ἐπιφανείσης
1541 5378 1684 5453 αὐτῷ
1737 5379 1876 5444 θείας

233 5461 425 5538 ὄψεωςο
480 5467 568 5522 γαί
619 5466 701 5522 ὅτι
763 5465 960 5523 ἄνωθεν
1023 5463 1127 5534 ἤδη
1191 5465 1478 5531 ἐπίσκοπος
1529 5472 1628 5537 τῆς
1679 5465 1878 5548 Ἀκρα-

234 5554 484 5630 γαντίνων
530 5554 851 5624 Ἐκκλησίας
901 5555 1370 5636 κεχειροτόνηται.
1408 5555 1586 5622 Οὕτως
1639 5558 1879 5624 εἰπόντος

235 5644 321 5700 τοῦ
346 5644 538 5702 πάππα
567 5645 596 5703 ὅ
649 5645 940 5725 Γρηγόριος
966 5645 1069 5714 τὴν
1113 5646 1404 5724 ἰερωσόνην
1452 5647 1628 5705 ὀκνῶν
1670 5647 1736 5718 ἦν
1793 5647 1878 5708 καὶ

1955 4681 2071 4724 non
2095 4665 2225 4726 sine
2249 4664 2566 4746 lacrymisa
2588 4666 2872 4746 Gregorio
2894 4667 3084 4742 dictis,
3115 4673 3438 4748 praesentes
3458 4685 3592 4729 om-

1954 4771 2061 4814 nes
2111 4753 2456 4836 mirabatur,
2491 4756 2807 4837 gaudiique
2857 4757 3174 4837 participes
3222 4757 3380 4829 lacti,
3413 4757 3595 4837 lacry-

1957 4860 2084 4904 mas
2121 4861 2252 4904 cum
2286 4843 2404 4905 illis
2457 4845 2999 4910 communicabant.
3032 4853 3112 4907 At
3157 4864 3295 4907 vero
3328 4847 3596 4908 Pontifex

1955 4934 2104 4996 Max.
2163 4941 2482 5013 prmsentes
2512 4951 2723 4998 omnes
2769 4934 3032 5014 dimittit,
3066 4935 3228 4997 solos
3282 4936 3595 5014 episcopos

1959 5023 2110 5085 duos
2138 5032 2314 5104 atque
2363 5025 2706 5104 Gregorium
2741 5026 2980 5098 retinet,
3012 5023 3215 5085 omnia
3259 5023 3378 5084 illis
3410 5023 3499 5103 (ut
3529 5041 3593 5085 se

1959 5111 2205 5189 habent)
2230 5121 2380 5187 acta,
2413 5123 2544 5174 tum
2579 5113 2764 5175 turba:
2792 5113 3169 5188 seditionem,
3210 5121 3330 5173 tum
3363 5112 3597 5174 dubita-

1959 5202 2206 5280 tionem,
2239 5218 2416 5276 quam
2469 5201 2776 5274 habuerat,
2812 5202 3135 5277 edisserit;
3202 5219 3388 5283 eaque
3435 5202 3599 5264 addit

1959 5307 2090 5370 qua;
2119 5289 2233 5350 sibi
2275 5289 2336 5350 in
2367 5289 2614 5353 somniis
2657 5291 2935 5354 divinitus
2963 5299 3385 5373 apparuerant,
3430 5311 3600 5354 asse-

1961 5397 2102 5440 rens
2151 5379 2317 5441 illum
2372 5380 2854 5460 Agrigentiorum
2913 5381 3194 5446 Ecclesia:
3251 5382 3600 5464 episcopum

1963 5468 2194 5530 coalitus
2243 5468 2499 5531 electum
2535 5488 2689 5533 esse.
2721 5469 2859 5534 Haec
2911 5489 3043 5534 cum
3079 5472 3338 5552 pontifex
3369 5473 3603 5536 locutus

1963 5565 2142 5634 esset,
2177 5556 2496 5638 Gregorius
2523 5561 2920 5624 sacerdotium
2969 5561 3301 5626 detrectare
3329 5580 3398 5625 ac
3423 5579 3602 5625 recu-

1961 5664 2116 5728 sare,
2133 5647 2445 5731 indignum
2457 5666 2525 5715 se
2549 5651 2865 5734 minusque
2887 5657 3051 5716 tanto
3065 5651 3298 5734 fastigio
3321 5651 3602 5716 idoneum
