3918 6138
291 307 406 380 227
1589 306 1870 377 MENSIS
1911 299 2356 378 NOVEMBER.
3544 299 3662 374 228

293 449 512 512 obnixe
557 463 934 511 asseverans.
968 445 1150 508 Porro
1205 463 1338 508 cum
1375 444 1633 525 pontifex
1666 445 1817 506 nihil
1862 445 1938 508 ob

2097 447 2473 525 κϐαλλόμενος,
2551 450 2758 516 ἀνάξιον
2848 449 3034 507 ἑαυτὸν
3120 452 3258 505 εἶναι
3347 447 3660 525 πράγματος

294 540 352 601 id
385 539 612 600 hortari
637 555 842 599 rursus
871 555 939 597 ac
974 535 1229 596 minitari
1259 533 1591 608 desisteret,
1619 532 1938 612 Gregorius

2097 539 2270 597 τούτου
2318 538 2728 615 διατεινόμενος.
2795 537 2942 596 Ἐπεὶ
3013 536 3066 594 δὲ
3120 538 3205 593 καὶ
3260 535 3399 599 οὖθις
3434 538 3461 590 ὃ
3511 537 3661 591 πάπι

293 630 382 690 vir
433 638 698 701 sanctus,
734 626 952 687 veritus
982 643 1059 685 ne
1113 623 1547 704 quodammodo
1603 621 1936 685 insolenter

2097 650 2120 693 ς
2166 629 2260 685 οὒκ
2308 629 2462 708 ἀνίει,
2508 627 2828 706 παρακαλῶν
2878 630 2964 684 καὶ
3008 627 3119 698 ἅμα
3175 623 3376 704 φοϐῶν,
3410 623 3582 687 δείσας
3633 627 3660 680 ὁ

293 719 594 780 videretur
623 716 1048 788 intumescere,
1074 732 1143 774 ac
1175 731 1282 775 suo
1307 711 1521 772 damno
1553 711 1658 774 Dei
1690 713 1929 774 nutibus

2097 721 2152 782 ὸς
2207 719 2495 798 Γρηγόριος
2536 720 2612 794 μὴ
2683 718 2801 776 καθ’
2860 717 3034 796 ἕτερόν
3096 738 3219 772 τινα
3277 715 3471 793 τρόπον
3529 717 3660 790 θρα-

295 807 616 881 adversari,
648 804 838 883 exigui
898 807 1204 881 temporis,
1259 819 1375 878 quo
1426 819 1553 862 rem
1597 802 1928 864 accuratius

2097 813 2250 866 ἐσθαι
2301 807 2424 886 δόξῃ
2474 811 2561 866 καὶ
2593 810 2723 865 Θεοῦ
2772 809 3018 883 νεύμασιν
3070 806 3154 862 ἐπὶ
3201 809 3350 860 γακῶ
3407 810 3483 877 τῷ
3532 805 3661 859 ἐαυ-

296 897 713 978 perpenderet,
748 891 1016 953 inducias
1067 894 1238 970 petit.
1281 889 1521 951 Interim
1551 909 1685 954 cum
1735 894 1928 954 Marco

294 988 586 1050 monacho
641 989 1014 1064 pernoctans,
1050 979 1324 1059 precibus
1366 979 1700 1062 insistebat,
1739 1001 1930 1062 neque

295 1078 478 1138 multo
540 1083 670 1155 post
725 1070 920 1133 eidem
1001 1087 1106 1150 per
1162 1076 1339 1130 totam
1397 1078 1631 1132 noctem
1687 1089 1930 1132 somnus

293 1165 576 1243 obrepsit.

374 1252 582 1316 XXXI.
635 1250 901 1313 Audiens
955 1257 1175 1328 autem,
1229 1249 1382 1329 quod
1430 1247 1716 1311 Chariton
1775 1259 1941 1330 pater

293 1364 410 1407 una
457 1361 588 1404 cum
622 1341 738 1402 illis
767 1338 1174 1418 Agrigentinis
1228 1339 1484 1413 adesset,
1521 1358 1639 1398 non
1687 1340 1939 1419 amplius

290 1433 406 1496 sibi
439 1434 498 1494 in
534 1430 834 1506 reliquum
866 1427 941 1488 de
973 1427 1219 1504 negocio
1263 1425 1748 1489 contendendum
1779 1436 1937 1489 ratus

291 1531 404 1599 est,
431 1521 535 1582 sed
567 1519 639 1580 ad
673 1519 866 1595 fugam
897 1515 1249 1593 capiendam
1273 1533 1406 1576 sese
1442 1523 1597 1577 totus
1621 1519 1934 1580 convertit.

292 1612 586 1674 Caeterum
617 1609 871 1678 Marcus,
899 1607 1028 1684 ejus
1058 1603 1306 1666 abcessu
1339 1603 1534 1665 divina
1563 1606 1939 1684 providentia

2012 905 2102 958 τοῦ
2152 897 2470 976 ἀντιλέγειν,
2505 899 2733 956 αἰτεῖταί
2765 920 2882 954 τινα
2939 898 3132 976 χρόνον
3183 895 3389 972 βραχὺν
3419 895 3490 957 εἷς
3539 892 3661 949 διά-

2015 993 2230 1063 σκεψιν,
2294 989 2430 1045 Εἶτα
2459 994 2535 1062 τῷ
2589 995 2818 1068 μοναχῷ
2865 988 3061 1065 Μάρκῳ
3109 983 3659 1068 συνδιανυκτερεύσας,

2016 1062 2154 1156 εὐχῇ
2216 1079 2401 1134 ἑαυτὸν
2461 1062 2910 1158 ἐκδίδωσιξμηδὲ
2955 1062 3138 1156 τβραχὺ
3196 1081 3272 1148 τῷ
3334 1072 3479 1145 ὕπνῳ
3541 1062 3664 1150 παρ’

2020 1166 2151 1233 ὅλην
2185 1168 2346 1235 αὐτὴν
2391 1190 2425 1246 χ
2437 1168 2761 1244 ρησοὶμενος.

2105 1257 2242 1318 AA'.
2295 1254 2553 1320 Ἀκούσας
2599 1255 2652 1311 δὲ
2700 1255 2780 1312 ὅτι
2827 1256 2914 1312 καὶ
2944 1255 2971 1310 6
3021 1255 3195 1332 πατὴρ
3248 1253 3486 1332 Χαρίτων
3534 1251 3664 1307 σύν-

2023 1367 2133 1420 αμα
2189 1358 2306 1409 τοῖς
2351 1345 2531 1408 ἄλλοις
2585 1343 3014 1423 Ἀκραγαντίνοις
3077 1347 3276 1419 παρῆν,
3324 1341 3495 1398 οῦκὲτι
3540 1340 3664 1398 λοι-

2025 1437 2122 1490 πὸν
2178 1433 2488 1505 ὲπιδοιάζων
2519 1435 2584 1509 ᾖν
2628 1433 2681 1488 ἐν
2722 1441 2798 1508 τῷ
2847 1432 3200 1511 προκειμένῳ,
3241 1429 3358 1488 ἀλλ’
3415 1429 3532 1495 ὅλος
3590 1433 3666 1496 εἷς

2021 1525 2188 1602 φυγὴν
2256 1523 2497 1599 ἔϐλεψεν.
2567 1515 2623 1581 Ὀ
2696 1522 2748 1578 δὲ
2817 1522 2881 1589 δὴ
2961 1524 3194 1601 Μάρκος,
3263 1521 3373 1594 θείᾳ
3443 1521 3666 1599 προνοίᾳ

2022 1614 2276 1691 συγγνοὺς
2351 1616 2492 1688 αύτῴ
2562 1615 2654 1669 τὸν
2741 1612 2994 1691 δρασμὸν,
3071 1620 3200 1670 Θεοῦ
3283 1612 3492 1673 πάντως
3561 1610 3666 1676 τὴν

293 1706 627 1782 perspecto,
654 1695 936 1776 pleraque
967 1693 1074 1769 illi,
1105 1692 1228 1782 Deo
1253 1693 1650 1772 proculdubio
1675 1695 1934 1775 linguam

2097 1710 2261 1759 ῶτταν
2308 1703 2702 1775 ὑποκινοῦντος,
2751 1700 2923 1757 πολλὰ
2982 1702 3112 1778 πρὸς
3181 1701 3336 1758 αὺτὸν
3398 1702 3515 1778 περὶ
3566 1707 3666 1757 τοῦ

291 1781 422 1868 ejus
452 1787 821 1858 moderante,
846 1783 920 1844 de
946 1781 1216 1842 morandi
1239 1784 1590 1844 necessitate
1621 1783 1923 1847 disseruit.

2097 1817 2123 1848 ν
2170 1792 2346 1867 μένειν
2390 1789 2607 1866 διεξήει,
2641 1794 2738 1847 καὶ
2792 1789 3096 1846 τελευταῖον
3141 1791 3230 1845 καὶ
3278 1788 3374 1856 τῆς
3422 1787 3664 1866 προῤῥή-

288 1879 543 1941 Demum
579 1873 765 1936 divini
793 1872 957 1934 senis
989 1870 1327 1932 vaticinium
1357 1871 1418 1932 in
1472 1879 1816 1935 memoriam
1846 1873 1933 1934 ilii

2097 1903 2150 1944 υς
2209 1882 2363 1939 αὐτὸν
2408 1888 2500 1936 τοῦ
2546 1882 2789 1959 γέροντος
2847 1879 3230 1955 ἀνεμίμνησκε,
3263 1876 3387 1956 παρ’
3437 1882 3482 1949 ᾧ
3529 1877 3665 1934 τέσ-

291 1967 605 2039 revocavit,
639 1961 794 2044 apud
846 1980 1020 2042 quem
1072 1961 1394 2022 continuos
1437 1971 1696 2038 quatuor
1747 1981 1933 2024 annos

295 2062 384 2140 (ut
411 2056 686 2138 superius
715 2069 992 2114 sermone
1025 2050 1496 2132 perstrinximus)
1544 2052 1936 2134 philosophia;

291 2143 702 2231 perdiscenda
749 2159 926 2231 causa
969 2149 1369 2231 commoratus
1401 2149 1508 2201 θεῖ.
1545 2141 1759 2203 Annon
1812 2145 1937 2205 1ΙίΒο

293 2229 403 2299 tibi
454 2235 541 2295 vir
589 2232 690 2294 ille
745 2229 971 2294 dierum
1020 2230 1322 2310 antiquus,
1369 2231 1648 2292 virtutum
1700 2231 1932 2312 plenus,

297 2325 612 2405 divinaque
670 2319 966 2400 sapientia
1021 2318 1326 2399 praeditus,
1359 2323 1434 2382 ad
1487 2338 1661 2398 quem
1705 2321 1934 2400 jamdiu

297 2414 628 2495 disciplinae
659 2418 836 2472 causa
857 2408 1178 2470 accessisti:
1210 2427 1328 2469 non
1362 2409 1508 2490 haec,
1537 2411 1804 2492 inquam,
1830 2411 1937 2471 tibi

285 2508 408 2587 jam
439 2502 666 2586 pridem
701 2499 800 2562 ille
831 2497 1175 2559 vaticinatus
1206 2496 1340 2560 est?
1383 2497 1572 2574 Tune,
1607 2509 1746 2560 tune
1779 2499 1931 2580 (oro)

282 2597 368 2658 ita
411 2589 746 2656 rationibus
806 2588 922 2649 tuis
970 2587 1123 2648 male
1181 2596 1559 2667 prospectum
1617 2588 1934 2649 volueris?

291 2683 532 2748 Scilicet
579 2698 686 2760 pro
718 2684 1016 2738 tantorum
1054 2674 1322 2736 laborum
1367 2675 1646 2755 repositis
1675 2677 1734 2738 in
1785 2676 1934 2738 cmlo

297 2771 552 2854 praemiis
582 2769 758 2847 iram,
790 2773 844 2827 et
883 2783 987 2854 pro
1037 2763 1438 2854 beneficentia
1463 2765 1935 2854 exsecrationem

286 2852 556 2924 referes!
607 2860 742 2920 Haec
776 2862 836 2916 et
879 2852 992 2914 alia
1041 2853 1100 2913 id
1136 2872 1324 2932 genus
1365 2854 1547 2915 multa
1577 2853 1805 2917 Marcus
1846 2854 1934 2918 illi

287 2947 688 3025 locutus,vixa
704 2943 1006 3026 proposito
1023 2944 1408 3023 compescuit.
1439 2943 1591 3006 Hinc
1615 2964 1730 3006 non
1764 2944 1934 3008 multi

291 3039 630 3122 praeteriere
643 3035 791 3130 dies,
810 3051 940 3095 cum
964 3031 1223 3130 pontifex
1247 3033 1479 3096 Siculos
1495 3053 1704 3098 omnes
1723 3035 1932 3097 adesse
1949 3080 1990 3130 α

286 3121 622 3210 imperavit:
648 3123 749 3206 qui
781 3141 914 3185 cum
939 3140 1046 3202 per
1065 3121 1320 3185 Marcum
1351 3124 1744 3204 cognovisset,
1770 3125 1928 3188 Cha-

2017 1993 2180 2047 σαρας
2287 1969 2440 2034 ὅλους
2533 1971 2762 2050 χρόνους
2856 1969 3062 2032 ἐκεῖνος
3157 1967 3666 2048 προσφιλοσοφήσας

2018 2061 2330 2139 ἐτύγχανεν,
2391 2062 2463 2121 ὡς
2531 2057 2633 2126 ἤδη
2691 2059 2889 2138 φθάσας
2940 2059 2968 2114 ὁ
3029 2057 3188 2135 λόγος
3247 2055 3537 2125 ἐδήλωσεν.
3589 2057 3667 2115 Οῦ

2017 2153 2182 2211 ταῦτά
2239 2172 2320 2206 σοι
2369 2163 2616 2213 κακεῖνος
2668 2151 2696 2205 ὀ
2758 2148 2984 2210 παλαιὸς
3039 2150 3254 2227 ἡμερῶν
3306 2148 3392 2208 καὶ
3446 2146 3665 2225 πλήρης

2019 2240 2240 2318 ἀρετῶν,
2274 2240 2301 2294 6
2351 2241 2543 2316 μεστὸς
2593 2242 2780 2306 θεϊκῆς
2831 2239 3038 2319 σοφίας,
3071 2237 3196 2316 παρ’
3237 2240 3280 2311 ᾧ
3329 2239 3419 2294 τὸν
3466 2244 3668 2293 τοσοῦ-

2020 2352 2109 2386 τον
2179 2330 2461 2408 ἐφοίτησας
2523 2330 2738 2408 χρὸνον,
2801 2327 2860 2384 οῦ
2928 2328 3090 2383 ταῦτά
3160 2349 3242 2384 σοι
3301 2327 3544 2390 κάκεῖνος
3604 2325 3668 2381 ἐκ

2018 2417 2220 2478 πολλοῦ
2273 2418 2669 2498 προεθέσπισε;
2731 2418 2819 2485 Μὴ
2876 2418 2938 2474 σύ
3005 2438 3090 2495 γε,
3141 2417 3221 2492 μὴ
3293 2415 3429 2473 οὕτω
3481 2421 3665 2482 κακῶς

2019 2510 2138 2586 περὶ
2205 2515 2446 2582 σεαυτοῦ,
2532 2511 2610 2584 μὴ
2667 2508 2769 2563 ικαὶ
2839 2505 3040 2581 μᾶλλον
3116 2506 3311 2582 ἀποίσῃ
3381 2505 3494 2562 ἀντὶ
3562 2504 3668 2581 μὲν

2016 2594 2246 2673 ἀμοιϐῆς
2315 2613 2580 2653 τοσούτων
2637 2597 2814 2652 πόνων
2873 2596 3061 2675 ὀργὴν,
3123 2595 3237 2652 ἀντὶ
3292 2594 3347 2651 δὲ
3421 2594 3666 2673 εὐλογίας

2018 2686 2272 2764 κατάραν,
2326 2693 2498 2743 Ταῦτα
2569 2688 2658 2742 καὶ
2717 2684 2890 2742 πολλὰ
2947 2693 3162 2744 τοιαῦτα
3230 2687 3354 2764 πρὸς
3418 2685 3573 2744 αὐτὸν
3637 2685 3668 2739 6

2017 2776 2225 2853 Μάρκος
2275 2777 2542 2854 συνείρων,
2578 2776 2730 2850 μόλις
2780 2775 2968 2843 ἔστησε
3016 2781 3115 2843 τῆς
3163 2779 3357 2855 ὁρμῆς.
3405 2779 3478 2833 Ού
3518 2772 3663 2830 πολ-

2016 2863 2101 2920 λαὶ
2146 2863 2416 2944 παρῆλθον
2473 2867 2684 2943 ἡμέραι,
2738 2866 2825 2922 καὶ
2885 2877 3132 2943 παρεῖναι
3176 2861 3294 2921 κατ’
3342 2861 3468 2939 ὄψιν
3518 2863 3667 2937 αῦτῷ

2015 2955 2134 3018 τοὺς
2190 2953 2440 3018 Σικελοὺς
2497 2953 2736 3020 ἅπαντας
2813 2955 3160 3032 προστάσσει.
3221 2955 3413 3011 Μαθὼν
3473 2949 3526 3008 δὲ
3575 2949 3668 3008 διὰ

2017 3045 2250 3124 Μάρκοῦ,
2285 3043 2364 3100 ὅτι
2423 3045 2600 3116 πατὴρ
2659 3045 2687 3100 6
2748 3045 2986 3122 Χαρίτων
3028 3043 3121 3102 τοῦ
3176 3043 3470 3122 Γρὲγορίου,
3505 3042 3668 3121 ἀκρι-

2012 3131 2117 3196 ϐῶς
2173 3132 2500 3190 ὑπεϐλέπετο
2556 3134 2643 3190 καὶ
2698 3133 2980 3190 ἀνεσκόπει
3035 3135 3126 3190 τὸν
3182 3131 3363 3211 ἄνδρα,
3423 3133 3508 3188 καὶ
3563 3133 3665 3196 τὰς

287 3220 534 3279 ritonem
559 3211 812 3286 Gregorii
836 3220 1055 3283 patrem
1079 3228 1224 3276 esse.
1253 3214 1544 3272 hominem
1567 3214 1695 3272 ﬁxis
1723 3214 1926 3285 oculis,

2097 3223 2214 3302 κρὰς
2297 3224 2516 3293 εἰκάζων
2599 3225 2673 3286 ὡς
2756 3221 2872 3279 λίαν
2956 3224 3258 3301 παρεικυίας
3343 3222 3663 3297 ἒθαύμαζεν.

288 3309 467 3391 idque
496 3323 671 3388 quam
717 3301 1004 3364 occultius
1036 3303 1166 3391 fieri
1199 3311 1448 3385 poterat,
1483 3304 1844 3382 intuebatur,
1868 3315 1927 3368 et

287 3390 732 3462 accuratissime
756 3390 1196 3467 considerabat,
1218 3392 1584 3475 figuramque
1603 3409 1660 3456 et
1681 3395 1932 3458 formam

288 3488 602 3552 conferens
652 3481 996 3562 mirabatur,
1029 3501 1202 3561 quam
1233 3483 1400 3544 valde
1429 3483 1542 3564 ipsi
1577 3484 1730 3546 inter
1761 3502 1827 3546 se
1856 3484 1934 3546 si-

290 3579 462 3641 miles
493 3583 718 3638 essent.
742 3571 1013 3652 Reliquae
1041 3589 1182 3633 vero
1206 3571 1574 3634 multitudini
1609 3573 1929 3654 (siquidem

285 3672 571 3749 frequens
619 3662 846 3741 aderat)
884 3679 898 3721 :
955 3659 1059 3722 Eia
1110 3661 1342 3743 (inquit)
1397 3661 1666 3726 cantibus
1695 3682 1763 3726 ac
1811 3664 1933 3725 lau-

238 3817 243 3823 .
287 3758 462 3823 dibus
475 3756 547 3817 ad
562 3769 796 3816 sacrum
821 3768 1189 3812 summorum
1211 3751 1631 3830 Apostolorum
1646 3753 1932 3833 templum

283 3849 569 3912 adeamus
611 3859 818 3906 omnes
848 3839 1183 3920 unanimes,
1217 3859 1335 3902 una
1377 3859 1518 3904 voce
1547 3842 1930 3923 supplicatio-

287 3957 396 4001 nes
423 3937 546 3999 Deo
573 3929 896 4014 peracturi,
922 3941 983 3990 et
1012 3947 1192 4010 super
1218 3948 1398 4010 quem
1433 3932 1787 3994 admirabile
1817 3933 1931 3995 ali-

288 4027 444 4110 quod
459 4027 689 4103 signum
706 4019 1199 4110 illuxerit,pro_cul
1214 4019 1395 4110 dubio
1407 4021 1540 4095 erit,
1567 4021 1933 4102 quiliujusce

286 4106 490 4201 populi
521 4112 930 4201 praefecturam
953 4108 1256 4189 suscipiet.
1287 4106 1426 4172 Haec
1449 4111 1614 4186 dixit,
1642 4112 1933 4191 protinus-

2009 3309 2178 3370 Ἀλλὰ
2221 3318 2374 3371 τοῦτο
2419 3313 2516 3386 μὲν
2568 3313 2640 3377 ὡς
2678 3312 2795 3368 οἶόν
2851 3334 2910 3370 τε.
2953 3311 3252 3386 λανθήνων,
3299 3313 3431 3391 πρὸς
3486 3309 3539 3366 δέ
3599 3313 3667 3368 τὸ

2017 3400 2202 3458 λοιπόν
2263 3400 2485 3473 πλῆθος,
2547 3400 2662 3458 ἐπεὶ
2717 3402 2985 3477 παρῆσαν,
3043 3401 3203 3483 ’¹Λγε,
3249 3405 3432 3483 φησὶν,
3483 3398 3668 3457 ἅπαν-

2014 3514 2124 3565 τες,
2189 3493 2280 3548 σὺν
2324 3491 2566 3567 ψαλμοῖς
2624 3495 2712 3549 καὶ
2771 3491 2954 3565 ὕμνοις
3017 3494 3148 3573 πρὸς
3207 3494 3295 3549 τὸν
3366 3492 3506 3570 ἱερὸν
3553 3490 3666 3546 τῶν

2018 3582 2310 3662 κορυφαίων
2369 3583 2494 3636 ναὸν
2552 3581 2882 3660 ἀφικώμεθα,
2931 3589 3027 3656 μιᾷ
3087 3581 3298 3659 γνώμῃ,
3359 3587 3455 3656 μιᾷ
3511 3586 3670 3660 φωνῇ

2016 3677 2107 3728 τοῦ
2163 3676 2294 3728 Θεοῦ
2349 3669 2683 3748 δεησόμενοι,
2718 3671 2813 3727 καῗ
2861 3671 2942 3749 ἐφ’
3001 3675 3046 3746 ᾧ
3075 3672 3136 3727 ἂν
3195 3674 3424 3746 σημεῖόν
3452 3693 3502 3727 τι
3553 3672 3665 3727 τῶν

2017 3758 2325 3840 παραδόξων
2397 3759 2652 3842 ἐπιφανῇ,
2713 3759 2918 3826 ἐκεῖνος
2995 3760 3140 3818 ἔσται
3211 3761 3420 3824 πάντως
3487 3761 3574 3817 καὶ
3638 3761 3668 3816 6

2015 3860 2107 3909 τοῦ
2209 3848 2339 3908 λαοῦ
2411 3848 2558 3907 τοῦδε
2637 3851 2736 3919 τὴν
2833 3855 3153 3930 προστασίαν
3256 3849 3663 3925 ἀναδεξόμενος·

2015 3949 2189 3998 Ταῦτα
2244 3939 2392 4015 εἶπε,
2439 3945 2536 3996 καί
2599 3941 2741 4005 εὐθὺς
2783 3941 2818 4009 ἡ
2870 3939 3026 4004 πόλις
3071 3940 3300 3998 ἐκινεῖτο
3360 3945 3526 4020 πᾶσα,
3570 3940 3669 3996 καὶ

2015 4029 2206 4094 πάντες
2267 4029 2512 4110 ἐξῄεσαν,
2557 4027 2678 4086 ὅσον
2723 4051 2780 4085 τε
2831 4031 2889 4086 ἓν
2935 4027 3145 4109 ἀνδράσι
3191 4032 3279 4087 καὶ
3321 4027 3541 4110 γυναιξὶ,
3573 4031 3673 4086 καὶ

2015 4116 2140 4176 ὅσον
2172 4115 2340 4198 ἄρχον
2371 4141 2430 4176 τε
2461 4120 2548 4175 καὶ
2576 4118 2900 4198 ἀρχόμενον,

285 4198 400 4292 que
432 4205 710 4268 universa
749 4198 952 4262 civitas
981 4207 1278 4261 commota
1306 4209 1416 4276 est,
1449 4218 1516 4277 ac
1546 4219 1756 4264 omnes
1786 4221 1924 4265 cum
1965 4205 2100 4282 viri,
2139 4213 2261 4270 tum
2298 4207 2604 4284 mulieres,
2637 4217 2762 4269 tam
2824 4207 3080 4290 domini,
3111 4226 3286 4290 quam
3334 4208 3488 4271 servi
3519 4227 3675 4290 pro-

283 4296 595 4364 cedebant.

364 4383 596 4450 XXXII.
643 4380 859 4445 Postea
887 4397 1028 4442 vero
1058 4397 1235 4458 quam
1279 4397 1406 4440 rem
1439 4379 1697 4442 divinam
1731 4381 1926 4445 facere
1948 4389 1993 4442 D

286 4481 616 4558 ceperunt,
651 4472 974 4549 Gregorius
1008 4467 1398 4547 Evangelium
1445 4468 1554 4530 sibi
1586 4469 1647 4532 in
1678 4471 1793 4534 hoc
1822 4481 1935 4535 tra-

286 4569 475 4631 ditum
533 4565 616 4626 ita
655 4560 948 4622 concinne
997 4565 1057 4620 et
1101 4568 1239 4638 apte
1286 4558 1449 4640 legit,
1483 4567 1546 4620 ut
1593 4561 1936 4626 Charitonis

287 4666 766 4732 caeterorumque
793 4647 1134 4710 auditorum
1183 4649 1412 4710 animos
1443 4649 1743 4731 voluptate
1799 4671 1935 4733 per.

282 4746 578 4810 funderet.
614 4738 801 4805 Simul
822 4756 891 4800 ac
909 4756 1050 4800 vero
1081 4737 1458 4818 Evangelium
1483 4740 1789 4821 impletum
1818 4748 1928 4818 est,

285 4833 562 4900 columba
590 4831 665 4894 ab
696 4828 864 4893 altari
910 4827 1216 4910 advolans,
1253 4828 1430 4909 capiti
1485 4829 1645 4892 illius
1686 4831 1927 4894 insedit.

284 4924 682 5000 Quamobrem
737 4925 1049 4982 universus
1098 4918 1352 4999 populus
1397 4925 1641 5000 stupore
1689 4921 1778 5000 (ut
1827 4937 1936 5001 par

283 5016 432 5098 erat)
467 5016 738 5092 allectus,
771 5007 982 5098 gaudio
1013 5016 1072 5070 et
1122 5007 1516 5098 admiratione
1547 5009 1780 5090 plenus,
1815 5029 1935 5072 non

281 5097 540 5188 amplius
592 5107 801 5166 orabat
829 5097 1198 5188 exploratum
1232 5097 1348 5159 sibi
1393 5098 1546 5175 fieri,
1584 5107 1780 5160 utrum
1833 5103 1932 5181 qui

283 5187 628 5273 designatus
663 5187 924 5272 pontifex
938 5187 1152 5263 fuerat,
1184 5206 1342 5250 nunc
1365 5190 1489 5252 Deo
1526 5189 1816 5251 creandas
1842 5191 1934 5251 vi-

284 5285 547 5347 deretur.
583 5285 786 5362 Itaque
809 5279 1067 5340 crastino
1097 5278 1193 5339 die
1219 5277 1484 5357 pontifex
1517 5288 1774 5355 creatur,
1804 5286 1932 5342 tra-

285 5373 564 5454 diturque
583 5366 1014 5450 Agrigentinis,
1038 5367 1158 5428 imo
1188 5384 1327 5429 vero
1344 5367 1481 5428 huic
1511 5368 1721 5445 isti,uti
1747 5369 1930 5450 probo

284 5459 856 5544 pastori,rationales
870 5475 1009 5519 oves
1030 5474 1065 5517 a
1094 5455 1376 5536 pontifice
1391 5456 1648 5520 Maximo
1679 5459 1932 5521 credun-

282 5561 400 5629 tur,
441 5553 620 5633 eique
673 5549 934 5632 priorem
967 5545 1099 5608 vitaz
1125 5545 1447 5622 rationem,
1480 5564 1550 5608 ac
1595 5546 1930 5610 institutum

283 5640 657 5726 suggerebat,
695 5648 754 5704 et
783 5637 950 5702 illum
981 5635 1052 5702 ad
1085 5653 1281 5713 casus,
1313 5653 1348 5699 a
1389 5635 1606 5718 quibus
1633 5636 1932 5719 impeten-

2089 4386 2217 4450 AB'.
2279 4384 2428 4444 Ἐπεὶ
2459 4385 2512 4442 δὲ
2559 4388 2643 4444 καὶ
2699 4392 2798 4457 τῆς
2840 4389 2979 4454 θείας
3032 4388 3268 4469 ἤρχοντο
3306 4387 3670 4468 λειτουργίας,

2045 4475 2073 4531 6
2118 4476 2406 4555 Γρηγόριος
2464 4475 2751 4556 ἒπιτραπὲν
2807 4479 2949 4553 αύτῷ
3005 4481 3066 4536 τὸ
3123 4483 3268 4536 θεῖοι
3341 4477 3674 4555 Εὖαγγὲλιον

2014 4563 2458 4642 ὑπαναγινώσκει,
2528 4565 2695 4628 οὕτως
2767 4567 3059 4648 εὒφώνως,
3135 4568 3299 4630 οὕτως
3370 4567 3671 4647 εὐτέχνως,

2015 4654 2089 4717 ὡς
2147 4653 2382 4732 χαρίτων
2412 4655 2499 4710 καὶ
2551 4652 2744 4723 ἡδονῆς
2791 4657 2885 4718 τὰς
2935 4662 3042 4713 τῶν
3101 4656 3374 4736 ἀκροατῶν
3432 4655 3673 4735 πληρῶ-

2015 4763 2103 4798 σαι
2153 4743 2358 4822 ψυχάς,
2417 4742 2567 4820 ’Ἅμα
2609 4741 2664 4799 δὲ
2717 4746 2780 4801 τὸ
2833 4745 3154 4824 Εὖαγγέλιον
3206 4745 3526 4823 ἐπληροῦτο,
3572 4748 3674 4804 καὶ

2015 4833 2295 4910 περιστερὰ
2363 4838 2453 4888 τοῦ
2509 4833 2875 4911 θυσιαστηρίου
2945 4835 3329 4893 ὲκπετασθεῖσα
3533 4837 3672 4892 τού-

2015 4941 2107 4977 του
2165 4920 2441 4979 ὲπεκάθισε
2498 4921 2726 5001 κεφαλῇ,
2788 4922 3082 5000 Θαμϐηθείς
3157 4925 3245 4982 οῦν
3303 4930 3405 4987 πᾶς
3463 4927 3491 4980 ὁ
3533 4923 3674 5000 λαὸς

2016 5011 2090 5073 ὡς
2145 5011 2284 5076 εἰκὸς
2343 5011 2430 5068 ἐπὶ
2485 5013 2680 5090 τούτῳ,
2729 5013 2815 5070 καὶ
2858 5020 3032 5094 χαρᾶς
3093 5013 3206 5091 ἅμα
3262 5013 3356 5070 καί
3393 5014 3672 5089 θαύματος

2015 5104 2345 5180 πληρωθεὶς,
2405 5102 2498 5158 οῦκ
2558 5100 2731 5161 ἐδεῖτο
2788 5107 2978 5178 μαθεῖν
3037 5101 3118 5159 ὅτι
3179 5110 3294 5178 Θεῷ
3335 5101 3570 5182 ἀρέσκων
3641 5103 3672 5160 6

2017 5191 2145 5268 πρὸς
2210 5191 2543 5270 χειροτονίαν
2627 5199 2716 5247 νῦν
2785 5193 3130 5272 εἰσαγόμενος
3167 5239 3182 5255 .
3262 5199 3670 5272 Χειροτονεῖται

2016 5289 2290 5358 τοιγαροῦν
2374 5281 2448 5344 είς
2517 5281 2616 5348 τη)
2701 5279 2876 5362 αὔριον
2958 5285 3046 5340 καὶ
3128 5279 3468 5361 παραδίδοται
3541 5295 3669 5348 τοῖς

2016 5364 2467 5448 Ἀκραγαντίνοις,
2531 5369 2735 5443 μᾶλλον
2794 5371 2849 5428 δὲ
2907 5371 3089 5446 ἐκείνῳ
3143 5374 3282 5430 οὗτοι
3353 5371 3496 5452 παρὰ
3565 5377 3669 5428 τοῦ

2013 5459 2207 5515 πάππα
2265 5461 2339 5524 ὡς
2391 5457 2540 5534 καλῷ
2601 5461 2814 5532 ποιμένι
2870 5460 3062 5541 λογικὰ
3134 5461 3462 5519 πιστεύονται
3519 5461 3668 5538 πρό-

2013 5545 2171 5611 ϐατα.
2232 5547 2321 5606 Ἐν
2381 5551 2427 5624 ᾧ
2481 5547 2537 5606 δὲ
2580 5552 2869 5632 Γρηγύριος
2931 5550 2988 5608 ἐν
3039 5557 3110 5630 τῇ
3171 5543 3350 5629 Ῥώμῃ
3409 5545 3664 5628 διέτριϐε,

2012 5636 2174 5703 ταῦτά
2243 5640 2290 5698 οἱ
2347 5635 2640 5718 συμϐαίνει,
2714 5645 2886 5710 Συνῆν
2958 5641 3057 5721 μὲν
3126 5643 3269 5717 αὖτῷ
3336 5639 3546 5719 Μάρκος
3632 5640 3664 5699 6
