3918 6138
176 305 260 381 299'
1127 296 1315 372 VITA
1358 305 1419 369 s.
1464 292 1832 369 easdem!
1875 245 2411 366 AGRIGENTINI.
3334 282 3454 365 230

172 447 430 530 προῤῥηθεῖς,
481 446 578 512 τῆς
640 465 700 502 τε
767 442 1024 523 προτέρας
1096 443 1254 499 αὐτὸν
1311 441 1783 530 ἀναμιμνήσκωνΑ

1959 440 2405 515 erat,generose
2433 431 2824 514 perferendos
2854 431 3448 530 animabat.Quadam

174 520 428 608 iamiam“.
472 537 558 592 καὶ
652 520 956 612 ὑπαλείφων
1035 531 1286 609 γενναίως
1353 529 1525 611 φέρειν
1616 529 1737 592 τοὺς

1938 532 1996 586 te
2025 542 2156 585 cum
2183 522 2466 586 Chariton
2490 520 2758 598 Gregorii
2784 529 2947 600 pater
2970 521 3126 584 lecto
3151 521 3450 612 surrexis-

173 625 541 701 ἐπελευσομένους
613 623 756 697 αύτῷ
811 610 1156 700 πειρασμοὺς.
1232 619 1321 676 Ἐν
1371 610 1474 694 μιᾷ
1530 616 1584 674 δὲ
1632 624 1738 674 τῶν

1938 611 2154 692 (neque
2178 610 2471 701 enim-lilii
2501 610 2721 672 oblivio
2753 610 2920 701 illum
2948 618 3328 692 ceperat,nec
3347 611 3457 701 Vdo-

173 723 326 774 νδκτῶν
372 697 594 792 Χαρίτων
651 697 934 778 ὶξαναστᾶς
994 712 1022 766 ὁ
1067 716 1158 768 τοῦ
1200 710 1490 788 Γρηγορίου
1537 708 1736 782 πατὴρ,

1931 719 2011 762 3m
2047 710 2280 780 tempus
2311 697 2694 780 absterserat,
2727 699 2831 761 sed
2865 701 3043 762 corde
3065 708 3238 782 atque
3260 700 3456 762 animo

173 804 259 864 0-362
296 805 378 882 γὰρ
415 787 580 873 λῆθην
637 797 900 877 ἐλάμϐανε
931 799 1022 857 τοῦ
1077 787 1287 874 παιδὸς,
1321 795 1436 855 οὐδὲ
1487 800 1514 854 ὁ
1549 796 1742 877 χρόνος

1931 797 2041 850 :tus
2065 789 2240 850 vitam
2263 787 2494 869 agebat)
2514 808 2581 850 ac
2606 797 2726 850 tum
2753 789 3006 852 maxime
3039 790 3168 869 ejus
3193 791 3456 852 animum

174 896 244 962 τὴν
284 876 439 960 ὀδύνην
511 876 790 971 ἐμάρανεν,
851 887 966 945 ἀλλ’
1038 889 1293 946 ἓκόπτετο
1358 889 1425 944 τὰ
1455 876 1741 965 σπλάγχνα

1931 876 2161 938 ιτίεείιηί
2193 877 2299 938 ﬁlii
2333 877 2618 939 memoria
2647 877 2948 951 subiisset,
2982 879 3234 960 perinde
3253 899 3323 942 ac
3345 880 3460 942 do—

175 985 238 1040 καὶ
280 983 362 1049 τὴν
421 965 632 1059 καρδίαν
691 965 993 1059 ἐστρέφετο,
1051 979 1172 1035 τότε
1243 975 1297 1032 δὲ
1363 977 1450 1034 καὶ
1513 974 1744 1052 μάλιστα

1931 987 1951 1027 a
1983 965 2287 1059 (urens,ad
2322 965 2454 1026 illos
2484 972 3039 1059 intempestanocte
3071 979 3460 1059 properat,ac

177 1079 244 1130 τοῦ
279 1069 498 1145 φιλτάτου
544 1069 732 1127 τέκνοῦ
783 1068 1004 1145 μνήμην
1052 1064 1252 1139 λαϐὼν,
1291 1066 1519 1130 ἀναστὰς
1567 1063 1748 1141 ὥσπερ

1931 1074 1976 1145 ι
1999 1055 2298 1136 lacrymis,
2347 1064 2468 1145 tum
2499 1056 2771 1136 suspiriis
2798 1057 2981 1118 ﬁlium
3013 1057 3368 1139 appellabat,
3404 1065 3464 1120 et

179 1162 239 1217 καὶ
368 1161 509 1217 πάθει
560 1159 787 1235 μεθύων,
820 1156 955 1236 ἂωρῗ
1005 1159 1111 1213 τῶν
1156 1162 1355 1213 νυκτῶν
1407 1153 1748 1232 παραγίνεται

1931 1144 1986 1206 id
2013 1135 2496 1206 Marcumvirum
2540 1135 2888 1225 prudentem
2925 1135 3107 1209 suam
3133 1147 3321 1228 ipsius
3353 1147 3464 1209 vle-

177 1250 274 1326 πρὸς
319 1247 507 1313 αὖτοὺς,
561 1231 704 1305 Εἶτα
751 1231 964 1324 δάκρόσί
1017 1269 1074 1302 τε
1127 1245 1213 1301 καὶ
1269 1231 1593 1322 στεναγμοῖς
1653 1242 1752 1298 ἆν-

1931 1231 2106 1296 rabat
2137 1232 2554 1326 calamitatem,
2592 1233 2890 1326 simulque
2923 1236 3158 1299 illorum
3193 1237 3469 1318 precibus

179 1321 370 1394 εκαλεττο
413 1339 501 1394 τὸν
553 1335 740 1411 παῖδα,
775 1321 862 1392 καί
911 1336 986 1400 ὡς
1015 1347 1144 1412 πρὸς
1195 1332 1364 1390 εἰδότα
1392 1321 1482 1391 τὸν
1541 1332 1753 1412 Μάρκον

1931 1323 2060 1384 loris
2089 1322 2554 1385 consolationem
2587 1321 2703 1385 sibi
2733 1337 3053 1405 suppetere
3093 1326 3468 1407 precabatur.

176 1425 451 1506 ἰξετρᾶγῴδει
522 1427 621 1494 τὴν
694 1425 960 1503 συμφορὰν
986 1471 1004 1498 ,
1071 1421 1168 1479 καὶ
1238 1421 1350 1498 ἅμα
1420 1422 1487 1490 τῆ
1557 1422 1755 1506 τούτων

1931 1431 2020 1473 rro
2053 1414 2284 1477 Marcus
2311 1419 2509 1475 erecto
2539 1412 2737 1474 animo
2769 1414 2934 1476 illum
2963 1433 3090 1476 esse
3129 1416 3328 1496 jussit,
3361 1417 3470 1478 ad-

178 1485 282 1595 είχῇ
325 1485 642 1596 παραψυχὴν
688 1485 880 1591 ᾐτεῖτό
930 1485 1023 1572 τοῦ
1061 1485 1286 1574 πάθους·
1313 1485 1521 1572 λαϐεῖν.
1585 1501 1642 1570 Ὀ
1701 1508 1756 1566 δὲ

1931 1501 2110 1596 litque
2144 1510 2420 1596 oportere
2449 1520 2514 1564 se
2546 1501 2882 1596 reminisci,
2915 1523 3048 1596 quae
3076 1485 3216 1566 olim
3247 1485 3374 1586 ipse
3399 1505 3475 1568 de

175 1584 340 1684 Marp-mc
395 1584 586 1673 ¹ἀνίστη
661 1584 720 1664 τε
789 1603 946 1660 αὐτὸν
1012 1604 1098 1660 καὶ
1140 1605 1531 1679 ἀνεμίμνησκεν
1599 1602 1634 1658 α’
1702 1623 1760 1657 τε

1931 1611 1962 1651 ο
1994 1591 2190 1654 eidem
2224 1591 2472 1667 dixerat,
2508 1584 2790 1654 nimirum
2844 1611 2910 1655 se
2937 1584 3156 1656 ﬁlium
3216 1584 3474 1657 visurum

303 1703 384 1753 τοῦ
434 1693 622 1758 παιδὸς
693 1693 856 1751 πάλαι
915 1705 1171 1773 προεῖπεν
1229 1693 1394 1767 αύτῷ,
1453 1691 1534 1750 ὅτι
1605 1691 1764 1749 αὒτὸν

1931 1699 1999 1758 se,
2034 1691 2345 1764 propterea
2365 1691 2430 1743 ut
2459 1692 2748 1773 Speraret,
2786 1683 3002 1762 aiebat,
3029 1704 3095 1748 se
3129 1687 3482 1767 promissio-

176 1771 343 1860 ὄψεται,
370 1785 454 1842 καὶ
498 1783 608 1860 ὅτι,
644 1782 871 1847 Εύελπις
914 1771 1027 1863 ἔσο,
1061 1781 1254 1861 φησΐν,
1287 1784 1358 1848 ὡς
1389 1783 1449 1841 ού
1499 1783 1764 1860 ψεύσομαι

1931 1793 1984 1834 m
2012 1791 2182 1835 suam
2215 1771 2554 1852 neutiquam
2590 1771 3029 1839 frustraturum.

175 1875 245 1940 τὴν
269 1873 566 1954 δπόσχεσιν.

230 1961 334 2026 Al".
388 1961 621 2020 Ἤκουσε
687 1964 928 2042 Χαρίτων
995 1966 1186 2036 ταῦτα,
1243 1962 1332 2018 καὶ
1401 1961 1498 2030 τὴν
1553 1957 1766 2040 καρδίαν

175 2051 284 2117 tibi»;
331 2050 586 2109 ἐπάλλετο
623 2052 712 2109 καὶ
761 2065 887 2115 ταῖς
935 2049 1139 2108 ἐλπίσιν
1183 2048 1383 2127 ἤρτητο
1424 2049 1512 2106 καὶ
1569 2050 1770 2126 ἀγωνίᾳ

174 2141 262 2198 τότε
320 2142 405 2198 καί
447 2141 657 2217 μᾶλλον
714 2139 1062 2208 κατείληπτο.
1119 2139 1281 2196 Πόθεν
1311 2137 1365 2195 δε
1420 2137 1484 2194 ἂν
1536 2138 1633 2195 καὶ
1666 2137 1770 2193 ἐπ-

177 2229 280 2308 έγνω
325 2231 408 2287 τὸν
465 2229 781 2310 Γρηγόριον,
815 2228 900 2286 διὰ
953 2228 1203 2286 τοσούτου
1259 2228 1356 2303 μὲν
1415 2229 1571 2285 αὐτὸν
1633 2225 1770 2306 ὁρῶν

176 2318 347 2398 χρόνον,
401 2317 614 2388 ἡλικίαν
664 2318 718 2374 δὲ
787 2318 899 2394 ἅμα
971 2319 1059 2374 καὶ
1113 2317 1306 2397 σχῆμα
1382 2315 1772 2394 μεταϐαλόντα,

175 2410 218 2463 ού
266 2409 360 2484 μὴν
426 2407 570 2465 ἀλλᾶ
629 2408 712 2465 καὶ
774 2407 1052 2488 ἐγκρατείᾳ
1121 2406 1374 2486 τοσαύτῃ,
1411 2407 1540 2484 πρὸς
1586 2403 1639 2460 δὲ
1689 2403 1775 2460 καὶ

177 2499 448 2571 κακοπαθείᾳ
519 2497 620 2567 τὴν
696 2496 838 2576 ὥραν
906 2497 1247 2576 ἐκτρίψαντα.
1336 2493 1485 2552 Ἀλλ’
1570 2495 1773 2557 ἐκεῖνος

174 2584 383 2663 ἱγίνωσκέ
434 2608 493 2644 τε
554 2586 637 2663 μὴ
697 2586 1049 2665 γινώσκοντα,
1111 2585 1198 2642 καὶ
1255 2589 1361 2642 τῶν
1425 2590 1510 2642 τοῦ
1577 2585 1774 2661 πατρὸς

176 2672 314 2753 λόγων
365 2676 594 2756 ἀκούων,
647 2675 955 2734 ἒπαθαίνετο
1008 2674 1104 2750 μὲν
1151 2673 1297 2732 ἔνδον
1351 2675 1438 2731 καὶ
1496 2674 1776 2752 συνεστρέ-

174 2786 270 2843 esto
303 2766 393 2836 τὴν
449 2766 666 2846 ψυχὴν,
713 2765 912 2845 ἐπεῖχε
969 2763 1024 2820 δὲ
1080 2761 1226 2839 ὅμως
1285 2765 1472 2821 ἑαυτὸν
1529 2765 1615 2820 καὶ
1673 2765 1778 2819 τῶν

1931 1949 2185 2014 XXXIII.
2234 1950 2491 2040 ,Audivit
2543 1950 2668 2014 haec
2721 1951 2998 2015 Cbariton
3048 1955 3486 2040 confestimque

1851 2041 2031 2104 corde
2064 2039 2318 2120 prosilit,
2369 2058 2594 2121 speque
2634 2040 2835 2104 animo
2885 2043 3229 2126 ﬁuctuabat,
3261 2065 3328 2108 ac
3359 2039 3482 2109 tum

1854 2129 2034 2191 multo
2068 2135 2250 2208 magis
2275 2147 2494 2208 angore
2517 2129 2894 2193 detinebatur
2919 2153 2936 2209 ;
2959 2152 3154 2212 neque
3173 2153 3309 2198 vero
3333 2137 3486 2200 Gre-

1852 2219 2446 2299 gorium,quanquam
2471 2219 2642 2280 toties
2662 2217 3245 2301 viderat,agnoscere
3267 2225 3482 2305 potuit,

1857 2325 2044 2388 usque
2074 2307 2221 2368 adeo
2243 2325 2355 2386 qua
2377 2314 2570 2382 aetate,
2603 2325 2719 2388 qua
2749 2309 2933 2388 ﬁgura
2958 2319 3016 2372 et
3037 2311 3196 2374 cultu
3220 2314 3484 2394 corporis

1856 2398 2201 2457 immutatus
2226 2405 2387 2473 erat;
2420 2399 2629 2475 ingens
2649 2398 2807 2460 enim
2831 2399 2892 2460 in
2914 2401 3077 2461 omni
3097 2419 3164 2463 re
3185 2403 3490 2465 continen-

1861 2484 2118 2567 tia,addo
2140 2484 2314 2546 etiam
2341 2485 2630 2548 malorum
2655 2487 3234 2570 tolerantia,omnem
3260 2491 3493 2554 absum-

1861 2583 2062 2657 pserat
2093 2574 2623 2656 pulchritudinem.
2676 2578 2755 2638 At
2785 2578 2884 2640 ille
2917 2598 3035 2640 non
3065 2591 3488 2660 agnoscentem

1860 2666 2120 2743 agnovit,
2153 2684 2610 2747 sermonemque
2634 2667 2816 2746 patris
2844 2669 3115 2744 audiens,
3149 2669 3368 2732 acriter
3399 2671 3492 2732 in-

1864 2764 1956 2816 tus
1988 2755 2231 2817 aﬁ‘ectus
2262 2755 2463 2817 animo
2506 2755 2934 2831 incalescebat,
2985 2776 3052 2819 se
3106 2758 3494 2821 nihilominus

174 2849 365 2932 δακρύων
412 2843 660 2932 ἕκρᾶτειξ
708 2843 1034 2932 Ε’ίταηπρὸς
1095 2854 1186 2909 τὸν
1244 2855 1520 2933 Χαρίτωνα
1577 2856 1780 2910 πυνθα-

1931 2863 1993 2906 se
2041 2843 2404 2917 continebat,
2449 2844 2684 2924 sibique
2715 2849 3084 2933 temperabat
3113 2866 3145 2911 ιι
3195 2848 3493 2929 lacrymis.

174 2941 376 3024 νόμενος,
410 2935 474 3002 Ἠ
529 2942 587 3000 δὲ
616 2945 709 3001 τοῦ
753 2941 940 3007 παιδὸς
974 2939 1118 3000 τοῦδε
1178 2932 1380 3021 μάτηρ,
1415 2943 1462 2999 ὦ
1517 2941 1778 3022 ἄνθρωπε,

1931 2933 2744 3024 eindequmritaCharitone,
2783 2932 3046 3015 Hujusce
3081 2940 3248 3018 pueri
3283 2947 3493 3014 mater,

174 3039 272 3108 ποῦ,
321 3022 493 3113 φησὶν,
557 3031 701 3113 ἄρτι,
759 3039 914 3110 ποῦ;
981 3032 1040 3090 Ὀ
1111 3029 1166 3087 δὲ
1239 3032 1432 3112 χρόνος
1505 3030 1557 3098 ἒξ
1627 3032 1783 3110 οῦπερ

1931 3042 2026 3086 me
2061 3023 2149 3084 vir
2178 3023 2531 3105 (inquiens),
2558 3023 2659 3087 ubi
2691 3023 2953 3101 interim,
2979 3025 3076 3088 ubi
3099 3025 3217 3104 agit
3237 3027 3261 3088 Υ
3279 3026 3362 3090 Ex
3380 3048 3498 3106 quo

174 3117 293 3185 οὗτος
345 3120 618 3194 ἀπώλετο,
649 3127 812 3187 πόσος
847 3137 863 3196 ;
924 3119 985 3179 ’0
1015 3117 1068 3176 δὲ
1100 3120 1196 3188 τὴν
1235 3119 1440 3200 μητέρα
1471 3119 1567 3194 μέν
1611 3127 1783 3192 ζῶσαν

1931 3131 2006 3176 :ro
2039 3113 2134 3176 hic
2167 3115 2359 3195 periit,
2395 3122 2682 3193 quantum
2736 3116 2984 3178 interest
3033 3117 3361 3198 temporis?
3393 3115 3502 3180 Ille

1800 3196 1843 3248 ο
1871 3211 2116 3265 matrem
2148 3203 2389 3284 quidem
2421 3203 2636 3286 vivere,
2669 3223 2736 3267 ac
2787 3205 3090 3285 lugentem
3139 3196 3302 3269 domi
3351 3207 3500 3270 reli-

1867 3293 2090 3374 quisse,
2123 3301 2401 3355 caeterum
2431 3293 2504 3355 ab
2544 3295 2764 3358 amisso
2805 3295 2928 3357 ﬁlio
2977 3295 3262 3359 tredecim
3315 3314 3505 3359 annos

1867 3382 2158 3445 interesse
2182 3381 2346 3445 dixit.
2371 3383 2480 3445 Hic
2512 3382 2832 3462 Gregorius
2866 3384 3112 3466 (aliquid
3143 3393 3303 3448 enim
3333 3406 3504 3450 com-

1872 3472 2095 3534 moveri
2127 3471 2293 3556 illum
2329 3479 2795 3535 consentaneum
2821 3473 2960 3556 fuit)
2991 3475 3197 3536 matris
3218 3477 3505 3556 lacrymas

1872 3560 2071 3622 animo
2099 3545 2524 3640 complectens,
2558 3562 2658 3642 qui
2684 3571 2906 3643 patrem
2929 3545 3114 3643 paulo
3144 3572 3281 3626 ante
3312 3545 3502 3645 lacry-

1876 3659 2133 3711 mantem
2161 3650 2402 3726 viderat,
2437 3668 2632 3731 neque
2663 3651 2886 3714 diutius
2933 3653 3134 3716 ferens
3174 3653 3343 3715 illum
3389 3661 3507 3717 tam

1872 3739 2128 3819 graviter
2155 3739 2293 3818 angi
2319 3738 2472 3820 (pari
2497 3739 2655 3801 enim
2687 3748 2746 3802 et
2767 3739 2896 3821 ipse
2926 3741 3179 3803 naturali
3201 3742 3507 3806 charitatis

1875 3829 2089 3892 ardore
2111 3837 2444 3892 commotus
2466 3836 2596 3910 est),
2619 3828 2812 3892 subito
2829 3831 3086 3893 suffusus
3103 3832 3308 3895 oculos
3331 3834 3512 3914 lacry-

174 3929 364 4002 παρτὸς,
392 3918 462 3985 Ὠ
524 3929 716 4008 πάτερ,
749 3927 941 4008 λέγων,
977 3928 1086 4007 ἐγὼ
1141 3929 1234 3993 σὸς
1284 3929 1420 4010 υἱὸς,
1451 3928 1580 4011 ἐγὼ,
1626 3931 1783 4011 πάτερ

1931 3923 2011 3997 is,
2071 3919 2216 4011 sede
2255 3919 2545 4011 exiliens,
2606 3921 2855 4011 pedibus
2902 3920 3085 4003 patris
3121 3921 3455 3986 advolvitur
3491 3940 3506 3988 :

176 4013 416 4094 φιλόπαις,
481 4019 545 4074 ὃν
598 4016 793 4099 σφόδρα
850 4017 1143 4092 ἐπιζητεῖς,
1188 4023 1286 4086 τῆς
1345 4009 1511 4099 εὐχῆς
1566 4009 1598 4076 ίὸ
1652 4009 1783 4098 βλαέ

1931 4019 2050 4072 ater
2076 4009 2540 4093 (inquiens),ego
2567 4019 2704 4074 tuus
2728 4010 2908 4094 ﬁlius;
2933 4013 3505 4096 ego,inquam,sum,

175 4105 276 4169 στὸς
313 4107 406 4174 τῆς
449 4106 710 4184 ὑμετέρας
766 4107 897 4183 ὶγὼ,
930 4109 957 4163 ὁ
1006 4107 1143 4164 κατά
1193 4129 1254 4186 γε
1308 4109 1370 4164 τὸ
1401 4111 1492 4165 σὸν
1550 4107 1783 4186 βούλημα

1931 4108 2045 4163 ater
2063 4100 2494 4176 amantissime,
2517 4101 2856 4182 Gregorius,
2882 4123 3058 4185 quem
3087 4113 3393 4186 tantopere
3414 4107 3514 4169 in-

177 4189 218 4255 ἒξ
264 4195 424 4253 αύτῶν
497 4194 698 4253 ὠδίνων
769 4201 884 4269 Θεῷ
969 4197 1309 4275 καθιερωθεῖς
1381 4200 1409 4254 ὁ
1481 4199 1783 4279 Γρηγόριος⁴

1931 4192 2094 4270 uiris,
2125 4192 2335 4253 vestris
2352 4191 2630 4272 precibus
2651 4193 2713 4254 in
2745 4191 2940 4257 lucem
2972 4194 3188 4271 editus,
3213 4213 3305 4277 ac,
3332 4205 3512 4260 utvo-

182 4280 299 4351 Πλὴν
354 4283 474 4343 ἀλλ’
523 4285 713 4366 ἔμοιγέ
756 4284 906 4352 ’ἱλεος
963 4285 1086 4354 εἴης
1141 4295 1232 4344 τοῦ
1283 4288 1572 4364 δράματος,
1605 4310 1783 4368 πατερ1

1931 4280 2064 4358 iisti,
2098 4279 2171 4342 ab
2203 4280 2347 4360 ipsis
2372 4279 2682 4345 cunabulis
2718 4285 2841 4346 Deo
2872 4292 3156 4349 sacratus.
3191 4283 3514 4348 Verumta-

179 4371 248 4427 καὶ
300 4372 463 4449 μηδὲν
522 4397 617 4452 μοι
675 4381 766 4433 τοῦ
809 4375 1004 4442 πάθους
1060 4377 1290 4454 μηνίσῃς
1335 4378 1410 4442 ὡς
1457 4376 1672 4435 πολλῶν
1702 4377 1783 4435 δα·

1931 4389 2044 4444 ιεη,
2081 4371 2162 4431 mi
2193 4377 2356 4452 pater
2383 4369 2702 4451 (obsecro),
2730 4373 3517 4457 miserere,mihique,quod

179 4462 322 4538 ιρύων
375 4465 529 4539 αἰτίῳ
575 4486 658 4522 σοι
706 4465 998 4545 γενομένῳ.
1051 4467 1222 4524 Ταῦτᾶ
1263 4487 1321 4522 τε
1365 4465 1537 4546 ἔλεγε,
1569 4468 1657 4524 καὶ
1687 4467 1783 4543 ἅμσ

1931 4459 2206 4520 imissum
2235 4469 2323 4523 est
2345 4462 2642 4540 condoua,
2667 4483 2779 4528 nec
2809 4481 2904 4527 me
2935 4465 3020 4528 uti
3061 4466 3378 4528 multarum
3435 4465 3519 4528 la-

181 4553 367 4638 περιφῦς
437 4555 714 4626 ἠσπάζετο
785 4556 876 4613 τὸν
932 4554 1156 4634 πατέρα.
1216 4562 1318 4614 Τοῦ
1389 4553 1446 4612 δὲ
1503 4557 1649 4636 χαρὰ
1703 4557 1783 4632 μὲ·

1931 4567 2216 4631 rymarum
2234 4560 2536 4615 auctorem
2556 4573 2681 4636 prae
2694 4555 2900 4618 dolore
2919 4555 3172 4638 amplius
3196 4556 3518 4621 insectere.

180 4637 374 4717 ἇῤῥητος
429 4642 699 4720 ἐλάμϐανε
747 4644 848 4714 τὴν
901 4643 1142 4723 καρδίαν,
1174 4647 1262 4703 καὶ
1316 4647 1394 4722 τῷ
1424 4645 1656 4726 περιόντι
1703 4651 1783 4712 τῆς

1931 4658 2024 4702 ,ωο
2055 4638 2224 4716 dixit,
2268 4642 2567 4720 simulque
2604 4646 2915 4727 complexu
2968 4637 3198 4728 patrem
3255 4646 3520 4710 tenebat.

182 4731 473 4809 εὖφροσύνης
537 4735 570 4802 ἠ
611 4734 829 4814 γλῶσσα
876 4733 1170 4804 πεπέδητο.
1232 4735 1371 4793 erm
1425 4737 1546 4802 τοὺς
1605 4735 1783 4816 ὀφθαλ·

1931 4730 2178 4800 ῑυοεὶτοα
2229 4731 2430 4793 laetitia
2486 4733 2754 4813 quaedam
2799 4735 3169 4798 admirabilis
3218 4754 3324 4798 cor
3365 4735 3526 4797 illius

181 4821 294 4892 μοὺς
370 4823 714 4905 ἆτενὲστερον
795 4823 1096 4884 ἐπιϐάλλων
1184 4833 1262 4901 τῷ
1344 4826 1639 4904 Γρηγορίῳ,
1708 4826 1783 4896 τη

1931 4820 2093 4895 ubiit,
2125 4839 2195 4884 ac
2214 4820 2552 4884 incredibili
2579 4824 2792 4903 gaudio
2822 4825 2955 4905 ejus
2975 4825 3162 4906 ipsius
3183 4824 3383 4904 lingua
3409 4827 3528 4884 im-

181 4906 283 4983 ὄψιν
345 4933 402 4968 τε
474 4915 872 4994 περιεργότερον
925 4915 1240 4996 ἀνιχνεύων,
1300 4915 1387 4972 καὶ
1454 4917 1524 4981 ὡς
1596 4915 1659 4970 ἂν
1728 4938 1778 4972 τι

1933 4911 2260 4976 ediebatur.
2291 4913 2516 4975 Deinde
2567 4914 2643 4976 ad
2701 4913 3052 4993 Gregorium
3095 4914 3300 4977 oculos
3357 4913 3530 4976 ﬁxius

176 3208 255 3286 ἕφη
303 3213 384 3268 καὶ
451 3213 746 3270 πενθοῦσαν
805 3209 947 3269 οἴκοι
1015 3208 1359 3292 καταλιπεῖν,
1408 3209 1782 3289 τρισκαιδέκα-

172 3319 245 3355 τον
292 3297 343 3356 δὲ
383 3308 461 3377 τῷ
506 3299 655 3360 ’τταιδὶ
701 3299 1006 3358 ἀπολωλότι
1063 3298 1330 3368 διηνύσθαι
1387 3301 1607 3380 χρόνον.
1658 3299 1786 3359 Ἐν-

172 3387 305 3445 ταῦθα
346 3391 638 3470 Γρηγόριος
695 3391 771 3470 (τί
831 3390 932 3468 γὰρ
988 3391 1078 3448 καὶ
1131 3393 1320 3447 παθεῖν
1353 3389 1480 3471 ἔδει)
1516 3409 1540 3470 ;
1596 3393 1661 3451 τὰ
1689 3391 1788 3467 μὲν

173 3474 248 3544 τῆς
295 3483 494 3560 μητρὸς
543 3478 741 3560 δάκρυα
791 3479 876 3536 ἐπὶ
902 3485 1022 3537 νοῦν
1079 3477 1282 3560 λαϐὼν,
1307 3482 1375 3537 τα
1419 3478 1474 3538 δε
1530 3488 1621 3539 τοῦ
1675 3504 1788 3538 πα-

174 3567 267 3643 Ipsi;
311 3567 410 3636 ἤδη
468 3570 563 3627 καὶ
620 3569 878 3650 καθορῶδ,
926 3569 1011 3626 καὶ
1049 3569 1129 3645 μὴ
1186 3568 1356 3650 φέρων
1417 3567 1554 3627 οὕτω
1606 3569 1787 3634 δεινῶς

175 3656 497 3736 κοπτόμενον,
558 3659 672 3733 ἅμα
741 3656 796 3714 δὲ
858 3659 944 3716 καὶ
1001 3660 1158 3723 αὐτὸς
1229 3657 1427 3738 φίλτρῳ
1497 3667 1790 3739 συγγενικῴ

174 3748 369 3814 νικηθεὶς
389 3795 406 3825 ,
484 3747 723 3828 δακρύων
793 3770 850 3805 τε
920 3746 1214 3828 πληροῦται
1279 3750 1399 3814 τοὺς
1464 3749 1786 3831 ὀφθαλμοὺς,

175 3837 244 3891 καὶ
289 3837 537 3920 καθέδρας
600 3837 883 3905 Εξαναστᾶς
931 3852 1048 3905 τοῖς
1103 3840 1230 3896 ποσὶ
1281 3839 1654 3918 περιπλέκεται
1701 3847 1792 3898 τοῦ

182 4998 307 5059 εἴποι
363 5003 458 5061 σὺν
509 5003 750 5083 ἀκριϐείᾳ
815 5007 1001 5062 τοῦτον
1067 5004 1389 5084 ῥινηλατῶν,
1437 5007 1526 5062 καὶ
1602 5027 1807 5064 πιστω-

181 5090 268 5153 θεὶς
321 5092 480 5149 αῦτὸυ
534 5093 677 5150 εἶναι
734 5093 828 5150 τὸν
884 5092 1156 5174 φίλτατον,
1201 5097 1357 5154 αύτὸν
1416 5095 1660 5176 ἀτεχνῶς
1717 5095 1809 5152 τόν

184 5180 306 5235 θεῖον
344 5182 666 5263 Γρηγόριον,
724 5181 1065 5262 ἀντιπεριφὺς
1120 5186 1210 5241 καὶ
1265 5185 1440 5256 αὐτὸς,
1499 5184 1663 5264 ἐφίλει
1721 5187 1808 5243 καὶ

1891 5003 2205 5084 adjiciens,
2237 5010 2545 5082 aspectum
2574 5003 2702 5082 ejus
2725 5002 3060 5064 accuratius
3089 5001 3434 5080 vestigabat,
3470 5011 3531 5065 et

1893 5091 2182 5172 sagaciter
2215 5092 2301 5170 (ut
2332 5090 2412 5151 ita
2441 5091 2651 5170 dicam)
2675 5091 3019 5156 venabatur.
3046 5091 3196 5163 Tum
3229 5092 3423 5172 ipsum
3444 5091 3532 5154 di-

1894 5201 2027 5244 vum
2056 5181 2406 5258 Gregorium
2441 5180 2892 5243 dilectissimum
2949 5182 3136 5244 ﬁlium
3169 5200 3300 5244 esse
3329 5182 3534 5246 certis-

183 5269 242 5331 ὡς
292 5268 476 5337 ἥδιστα
534 5276 936 5352 κατησπάζετο,
994 5274 1080 5329 καὶ
1137 5273 1224 5354 ὑφ’
1284 5273 1480 5342 ἡδονῆς
1539 5273 1783 5354 δακρύοντ

1931 5274 2048 5334 ime
2077 5284 2420 5351 persuasus,
2453 5269 2612 5332 hunc
2643 5269 2902 5334 vicissim
2933 5271 3538 5354 complexus,suavis—

186 5354 492 5438 ωνεδᾶκρυε,
545 5359 710 5426 Μόλις
769 5364 857 5420 οῦν
913 5367 1019 5419 τῶν
1071 5359 1303 5442 δακρύων
1361 5365 1542 5429 αὐτοῖς
1605 5387 1780 5422 παυσα

1931 5360 2046 5423 ime
2095 5355 2498 5433 osculabatur,
2559 5377 2629 5422 ac
2675 5377 2812 5423 cum
2863 5361 3224 5443 lacrymante
3253 5361 3376 5424 ﬁlio
3405 5361 3536 5443 ipse

189 5445 362 5528 μένων,
434 5451 464 5505 ὁ
540 5451 750 5528 Μάρκος
834 5450 1164 5532 ἀμφοτέρους
1247 5451 1567 5530 παραλαϐὼν
1651 5453 1814 5519 οὕτως

1899 5450 2120 5533 pariter
2149 5466 2272 5531 prae
2299 5447 2502 5510 laetitia
2546 5447 3006 5530 lacrymabatur.
3044 5451 3310 5534 Cumque
3363 5470 3398 5514 a
3442 5452 3537 5514 la-

189 5536 293 5622 ιῖχε
333 5534 458 5614 παρ’
491 5535 627 5606 ὅλην
669 5540 767 5610 τήν
799 5541 982 5615 νύκτα,
1013 5539 1217 5609 πολλὰς
1269 5541 1359 5598 σὺν
1389 5539 1573 5619 ἐκείνῳ
1625 5539 1778 5620 διομο

1934 5539 2116 5622 rymis
2137 5538 2440 5622 paulisper
2461 5545 2854 5621 temperatum
2866 5542 3284 5617 esset,Marcus
3302 5551 3539 5605 utrum-

191 5621 453 5706 λυποῦντας
482 5634 566 5706 τῷ
590 5630 760 5708 Κυρίῳ
788 5635 1037 5712 χάριτας.

1899 5649 2016 5714 que
2047 5629 2404 5713 suscipiens,
2457 5647 2672 5709 magno
2716 5633 2841 5696 Deo
2869 5631 3090 5714 gratias
3119 5636 3255 5714 egit,
3289 5630 3542 5713 illosque

1902 5731 2024 5789 tota
2051 5731 2227 5790 nocte
2254 5737 2461 5790 secum
2490 5718 2714 5785 habuit.
