3918 6138
384 219 495 294 231

387 473 521 518 cum
555 452 832 515 Chariten
863 471 931 515 ac
962 453 1130 514 divus
1160 453 1479 533 Gregorius
1539 465 1731 529 erant,
1765 454 2026 536 pontifici

385 560 594 604 rursus
645 541 946 617 assistunt,
1012 561 1080 607 ac
1138 550 1400 603 mutuam
1433 542 1811 624 voluptatem,
1849 561 2024 625 quam

386 639 763 712 acceperant,
824 639 1192 712 repetentes,
1247 651 1515 710 magnam
1573 633 1841 711 ejusdem
1900 641 2024 694 tum

386 722 571 793 vultu,
606 729 728 781 tum
747 719 950 782 habitu
972 719 1462 798 significationem
1489 721 1803 785 faciebant.
1831 720 2025 783 Ponti-

385 810 478 872 fex
512 809 583 870 ad
617 828 709 885 ea,
741 827 875 888 quae
901 816 1299 870 consentanea
1317 818 1537 888 essent,
1566 810 1846 890 populum
1874 811 2021 873 hor-

386 909 563 971 tatus,
589 897 816 970 docuit,
854 906 915 958 ut
934 896 1217 976 Gregorio
1239 901 1294 960 in
1319 898 1596 960 omnibus
1623 899 1757 960 illos
1784 917 2018 979 parere,

387 997 446 1050 et
480 988 552 1048 ab
582 988 710 1067 ipso
743 986 818 1046 ali
851 994 1158 1066 oporteat;
1213 987 1518 1049 Charitoni
1565 1007 1704 1049 vero
1759 989 2018 1049 laetitiam

384 1077 729 1154 gratulatus,
779 1073 965 1134 ﬁlium
1011 1075 1096 1134 illi
1144 1075 1411 1138 tradidit.
1447 1074 1715 1153 Cumque
1765 1075 2024 1139 Felicem

385 1167 754 1246 episcopum,
791 1163 960 1242 cujus
993 1182 1174 1243 opera
1203 1164 1522 1244 Gregorius
1546 1166 1604 1225 in
1625 1167 1766 1227 sede
1791 1165 2025 1228 locare-

385 1261 498 1326 tur,
539 1256 764 1314 socium
799 1251 918 1312 illis
943 1253 1329 1331 adjunxisset,
1365 1254 1527 1315 laetos
1578 1255 1742 1316 laetus
1772 1259 1897 1335 ipse
1931 1255 2024 1316 di-

384 1339 796 1404 misit.Verum
830 1360 966 1402 cum
998 1339 1358 1403 Panormum
1386 1342 1595 1404 urbem
1630 1344 2020 1424 appulissent,

380 1433 469 1494 vir
497 1432 732 1512 quidam
772 1430 1098 1492 monachus
1144 1431 1369 1507 habitu,
1428 1433 1698 1512 leprosus
1743 1453 2018 1514 corpore,

381 1539 632 1584 currens
659 1538 728 1582 ac
759 1519 1028 1598 Gregorii
1055 1521 1238 1601 pedes
1259 1522 1628 1602 complexus,
1658 1522 1855 1584 multis
1887 1542 2020 1585 cum

381 1609 660 1691 lacrymis
686 1627 755 1670 ac
789 1609 1012 1689 ejulatu
1048 1610 1236 1671 morbi
1267 1609 1618 1672 levationem
1643 1611 2014 1675 obsecrabat.
2044 1604 2082 1654 Β

379 1700 520 1762 ille:
554 1698 618 1762 Si
649 1696 844 1759 credis
906 1698 1145 1778 (inquit)
1177 1698 1326 1762 nihil
1378 1717 1512 1762 esse
1545 1701 1704 1780 quod
1749 1701 1872 1763 Deo
1903 1721 2023 1763 non

381 1789 458 1850 sit
483 1788 640 1850 factu
700 1805 806 1868 per
863 1787 1058 1869 facile,
1120 1805 1262 1851 ecce
1317 1789 1376 1850 in
1411 1791 1656 1851 nomine
1685 1793 1812 1867 ejus
1841 1808 2023 1852 sanus

381 1887 530 1941 esto.
564 1878 702 1939 Haec
731 1876 900 1950 dixit,
926 1877 1316 1959 leprosusque
1341 1887 1624 1959 purgatus
1648 1888 1758 1941 est.
1793 1879 2019 1943 Viden-

382 1977 478 2030 tes
539 1974 732 2027 autem
792 1965 1250 2046 obstupuerunt,
1308 1985 1378 2030 ac
1427 1966 1676 2030 sublatis
1719 1969 2014 2046 manibus,

380 2057 566 2119 Deum
601 2064 718 2116 tam
753 2055 1166 2117 admirabilem
1200 2056 1260 2116 in
1305 2059 1527 2118 sanctis
1574 2075 1642 2118 ac
1692 2058 2018 2137 gloriosum

379 2143 942 2209 celebrabant.Hinc
967 2145 1038 2206 ad
1071 2145 1322 2219 ﬂumen,
1357 2144 1864 2226 ubiPeripolaeum
1887 2166 2017 2209 em-

379 2236 613 2318 porium
649 2241 796 2309 erat,
825 2233 1066 2314 proprio
1097 2234 1340 2296 nomine
1369 2235 1454 2294 sic
1485 2235 1865 2316 appellatum,
1902 2236 2013 2299 de-

376 2323 777 2386 scendunt.At
791 2321 890 2384 ubi
914 2322 1072 2383 cives
1086 2322 1397 2404 episcopos
1413 2341 1551 2385 suos
1575 2343 1707 2385 cum
1727 2323 2013 2405 Gregorio

378 2413 632 2496 quodam
667 2411 781 2473 sibi
813 2429 1060 2492 prorsus
1090 2412 1391 2492 incognito
1417 2411 1696 2491 (necdum
1729 2414 1887 2475 enim
1910 2433 2014 2476 au-

375 2504 630 2575 dierant,
657 2520 787 2582 qua:
803 2501 963 2563 circa
980 2500 1362 2564 Charitonem
1391 2511 1519 2563 acta
1542 2513 1743 2564 essent
1746 2516 1791 2582 ),
1816 2521 2014 2565 rever-

377 2611 475 2655 sos
509 2610 643 2654 esse
674 2589 1223 2665 rescivere,turbati
1252 2591 1661 2666 vehementer,
1699 2610 1764 2652 ac
1789 2592 2019 2654 dubita-

371 2683 541 2746 tione
573 2680 737 2761 pleni
766 2679 1205 2760 (existimarant
1233 2679 1390 2740 enim
1445 2697 1626 2740 unum
1664 2699 1734 2742 ex
1766 2681 1839 2743 iis
1869 2701 2018 2763 quos

370 2770 490 2853 ipsi
522 2767 1190 2849 designarent,electum
1219 2768 1598 2846 iri),currunt
1629 2769 2018 2834 nihilominus

373 2858 2014 2941 omnes,obviamquepassimillisprodeunt,quibuscum

1683 229 1965 296 MENSIS
2004 229 2448 298 NOVEMBER.

467 361 719 427 XXXIV.
757 362 916 426 Bene
939 370 1135 426 autem
1168 382 1339 427 mane
1360 365 1747 445 Agrigentini,
1775 365 2017 447 quibus-
2037 385 2073 424 Α

3616 230 3716 303 232

2181 367 2319 430 AA’.
2380 364 2622 446 Πρωίὲας
2677 364 2732 422 δὲ
2791 388 3085 444 γενομενης
3144 367 3261 425 κατ’
3315 367 3436 444 ὄψιν
3491 368 3634 426 πάλιν
3678 374 3720 427 οἱ

2110 455 2518 536 Ἀκραγαντττοι
2570 459 2646 528 τῷ
2709 455 2903 528 πάππα
2972 457 3341 532 παρίστανται”
3407 459 3496 513 σὺν
3563 463 3719 524 αὖτοῖς

2107 544 2161 602 δὲ
2211 548 2298 603 καὶ
2357 545 2620 622 Χαρίτων,
2679 545 2765 601 καὶ
2824 547 2978 608 αὐτὸς
3039 548 3064 603 ὖ
3120 549 3263 610 θεῖος
3318 546 3612 626 Γρηγόριος,
3665 548 3720 616 ἧς

2106 635 2428 711 ἀπήμαυσαν
2492 632 2680 700 tam;
2738 633 3001 705 ἀλλήλους
3045 635 3515 712 ἀναγνωρίσαντες,
3566 637 3724 716 σαφῶς

2104 729 2180 796 τῷ
2237 745 2294 779 τε
2326 724 2570 803 σχήματι
2601 724 2686 780 καὶ
2719 730 2794 797 τῷ
2851 723 3120 804 προσώπῳ
3167 725 3607 800 καταμηνύοντες,
3659 729 3725 798 τῷ

2103 811 2242 887 λαῷ.
2301 814 2481 870 Τοίνυν
2541 815 2568 868 ὁ
2633 812 2880 887 πάππας,
2933 813 3000 868 τὰ
3048 814 3348 882 καθήκοντα
3404 814 3723 892 παραινέσας,

2103 903 2189 959 καὶ
2245 901 2394 966 ὅπως
2443 902 2554 982 χρὴ
2610 902 2781 959 πάντα
2852 909 2928 977 τῷ
2987 903 3261 982 Γρηγορίῳ
3331 903 3585 977 μείθεσθαι
3649 903 3726 960 καὶ

2103 991 2498 1065 ποιμαίνεσθαι’
2559 997 2636 1064 τῷ
2687 992 2947 1070 Χαρίτωνι
3002 990 3055 1047 δὲ
3113 997 3208 1058 τῆς
3268 992 3581 1070 εὖφροσύνης
3610 1015 3725 1068 συγ-

2107 1081 2463 1154 κοινωνήσας,
2534 1082 2620 1136 καὶ
2689 1082 2780 1136 τὸν
2849 1082 2958 1138 υἱὸν
3037 1080 3321 1161 παραδοὺς,
3378 1078 3610 1145 δεδωκώς
3677 1105 3727 1139 τε

2107 1169 2289 1234 αὐτοῖς
2373 1171 2461 1226 καὶ
2543 1171 2828 1226 Φιλικᾶτον
2884 1171 3194 1248 ἒπίσκοπον,
3269 1173 3314 1246 ᾧ
3397 1169 3730 1249 ἐπετέτραπτο

2107 1259 2195 1314 τὸν
2292 1259 2580 1337 Γρηγόριον
2664 1256 2945 1337 ἐνιδρύσαι,
3030 1258 3467 1339 εὐφραινομένους
3563 1260 3730 1325 αὐτούς

2106 1348 2514 1426 εὐφραινόμενος
2577 1345 2913 1406 ἀποστέλλει.
2983 1347 3398 1405 Καταλαϐόντων
3464 1346 3519 1404 δὲ
3576 1351 3730 1406 αὐτων

2105 1436 2201 1504 τὴν
2265 1442 2611 1515 Πανορμιτῶν
2668 1435 2846 1507 πόλιν,
2882 1437 3014 1514 ἁνήρ
3071 1460 3175 1510 τις,
3207 1439 3267 1494 τὸ
3324 1443 3517 1518 σχῆμα
3571 1461 3728 1514 μονα-

2105 1526 2228 1604 χὸς,
2286 1527 2348 1580 τὸ
2407 1526 2562 1600 σῶμα
2612 1523 2826 1606 λεπρὸς,
2877 1523 3089 1603 δραμὼν
3138 1527 3225 1582 καὶ
3274 1524 3587 1602 λαϐόμενος,
3636 1535 3731 1584 τῶν

2104 1624 2196 1672 τοῦ
2249 1614 2537 1692 Γρηγορίου
2593 1611 2789 1694 ποδῶν,
2835 1612 2959 1671 ἐϐόα
3016 1615 3243 1695 κράζων,
3296 1617 3383 1672 καὶ
3431 1615 3733 1696 ἀπαλλαγὴν

2104 1703 2289 1779 ᾐτεῖτο
2344 1709 2436 1759 του
2475 1703 2693 1767 πάθους.
2761 1703 2820 1761 Ὀ
2875 1702 2950 1778 δὲ,
3006 1705 3063 1761 Εἰ
3120 1705 3408 1778 πιστεύεις,
3455 1707 3610 1785 φησὶν
3661 1706 3733 1763 ὅτι

2105 1790 2272 1868 μηδέν
2329 1790 2580 1848 ἀδύνατον
2615 1797 2692 1865 τῷ
2751 1799 2887 1871 Θεῷ,
2922 1792 3028 1849 ἰδοὺ
3071 1793 3229 1871 ὑγιὴς
3261 1793 3348 1850 ἐπι
3394 1800 3471 1866 τῷ
3529 1795 3736 1871 ὀνόματι

2105 1880 2158 1936 αθ
2236 1887 2260 1897 ~
2322 1880 2344 1902 ἰ
2547 1889 2570 1900 ~
2695 1880 2720 1901 ἰ
2992 1884 3005 1900 ο
3202 1885 3214 1900 ι
3335 1905 3345 1914 .
3720 1893 3734 1914 ς

2146 1903 2264 1937 που
2321 1903 2431 1941 εσο.
2467 1889 2640 1938 Ταυτα
2696 1903 2820 1961 εφη,
2853 1882 2942 1937 καὶ
2987 1901 3014 1937 ο
3063 1879 3255 1960 λεπρος
3307 1882 3626 1962 ἐκαθαίρετο,
3656 1905 3736 1949 και

2105 1973 2152 2026 οἱ
2209 1972 2432 2048 δρῶντες
2497 1967 2785 2050 ἒξίσταντο,
2842 1971 2932 2026 καὶ
2990 1970 3082 2027 σὺν
3133 1971 3356 2046 θαύματι
3413 1985 3607 2052 χεῖρας
3648 1971 3737 2030 αἴ-

2105 2078 2306 2136 ροντες,
2367 2059 2458 2112 τὸν
2530 2056 2584 2112 ἐν
2665 2057 2837 2135 ἁγίοις
2910 2057 3049 2114 οὕτω
3117 2061 3416 2134 θαυμαστὸν
3487 2058 3734 2132 ἐδόξαζον.

2104 2145 2370 2206 Ἐντεῦθεν
2425 2148 2499 2209 εἷς
2550 2147 2639 2202 τὸν
2699 2148 2942 2222 ποταμὸν
3001 2149 3357 2227 καταίρουσιν,
3392 2148 3513 2205 ἔνθα
3543 2149 3606 2218 δὴ
3663 2163 3742 2216 καὶ

2093 2237 2153 2292 τὸ
2208 2235 2466 2313 ὶμπόριον
2523 2235 2613 2310 ἧν,
2674 2237 2736 2292 τὸ
2797 2235 2932 2294 οὕτω
2989 2236 3316 2313 καλούμενον
3379 2239 3740 2319 Περιπόλαιον.

2094 2325 2332 2383 Γνωσθὲν
2391 2322 2444 2381 δὲ
2501 2337 2620 2389 τοῖς
2697 2330 2796 2392 τῆς
2854 2325 3063 2391 πόλεως
3122 2326 3202 2383 ὅτι
3261 2330 3397 2402 μετὰ
3469 2329 3744 2408 Γρηγορίου

2093 2416 2237 2476 τινὸς
2293 2412 2410 2471 ούδὲ
2453 2414 2514 2470 τὸ
2575 2417 2825 2493 παράπαν
2885 2417 3071 2479 αὐτοῖς
3129 2417 3599 2498 γνωρίμου,ὀὸπω
3655 2419 3746 2496 γὰρ

2097 2506 2350 2560 επύθοντο
2409 2504 2474 2559 τὰ
2504 2505 2619 2582 περὶ
2680 2506 2772 2560 τὸν
2831 2506 3131 2583 Χαρίτωνα,
3167 2507 3213 2562 οἱ
3246 2507 3416 2564 αὐτῶν
3477 2507 3746 2565 ἐπίσκοποι

2098 2592 2429 2662 ἑπανήκουσε
2466 2638 2484 2667 ,
2570 2591 2768 2674 σφόδρα
2855 2591 3297 2675 διατάραχθέντες
3367 2596 3463 2652 καὶ
3535 2596 3745 2669 ἀπορίας

2099 2679 2545 2762 ἀναπλησθέντες,
2581 2680 2672 2738 ἕνα
2726 2683 2826 2761 γὰρ
2883 2681 3218 2761 προσεδόκων
3273 2691 3380 2741 τῶν
3429 2683 3528 2742 ὑπ’
3585 2686 3744 2743 αὐτῶν

2099 2768 2545 2849 προϐαλλομένων
2595 2772 2694 2838 τὴν
2753 2777 2929 2851 ψῇφον
2979 2771 3189 2854 λαϐεῖν,
3231 2774 3378 2845 ὅμως
3436 2795 3745 2853 προσυπαν-

2097 2865 2292 2923 τῶντες
2348 2859 2520 2917 θέουσι
2573 2859 2856 2936 πανδημεί⁶
2905 2861 3021 2937 μεθ’
3076 2865 3152 2919 ὧν
3195 2863 3406 2933 ἀπήντα
3464 2865 3609 2921 καὶὸ
3652 2867 3745 2928 τῆς

378 2949 636 3013 occurrit
666 2949 840 3011 etiam
873 2966 1094 3028 praeses
1123 2949 1243 3024 ille,
1263 2949 1361 3030 qui
1388 2955 1811 3013 monasterium
1845 2951 2042 3035 inno-,

2115 2951 2277 3007 ἐκεῖσε
2327 2950 2491 3026 μονῆς
2570 2950 2964 3031 ἀφηγούμενος,
3022 2952 3087 3018 ἣν
3137 2957 3235 3020 τῆς
3291 2955 3554 3032 παναγίου
3610 2958 3748 3029 Παρ-

376 3038 534 3101 centi
560 3037 788 3116 Virgini
821 3036 927 3098 Dei
959 3039 1126 3098 Matri
1167 3039 1393 3118 primus
1435 3037 1558 3099 illic
1612 3052 2013 3120 nuncuparat.

2115 3039 2247 3096 lévou
2302 3041 2388 3096 καὶ
2447 3039 2782 3118 Θεομήτορος
2833 3041 3198 3116 ὲπωνόμαζον.
3255 3040 3404 3099 Οῧτω
3450 3044 3545 3100 σὺν
3602 3040 3747 3120 ὄχλῳ

371 3127 575 3209 Itaque
605 3126 888 3204 Gregorio
912 3133 1106 3188 navim
1134 3126 1460 3206 egredienti
1491 3127 1644 3189 obvii
1675 3147 1810 3189 cum
1842 3129 2017 3192 turba

375 3218 544 3280 ﬁunt.
577 3215 684 3279 Ille
716 3216 931 3297 populo
962 3216 1263 3279 silentium
1307 3234 1484 3278 manu
1519 3215 1815 3300 indicens,
1850 3218 2015 3298 posi-

376 3308 574 3389 tisque
599 3309 656 3369 in
683 3316 900 3369 terram
932 3307 1424 3388 genibus,oravit,
1461 3324 1529 3368 ac
1561 3325 1692 3368 mox
1727 3307 2012 3389 templum

375 3397 645 3479 protinus
671 3395 836 3477 petit.

452 3485 680 3550 XXXV.
715 3487 1007 3547 Caeterum
1037 3485 1196 3548 inter
1225 3485 1650 3548 ambulandum
1685 3485 2011 3548 monachus

372 3577 612 3659 quidam
637 3593 840 3638 errore
861 3573 1075 3636 mentis
1097 3575 1360 3649 affectus,
1383 3574 1484 3656 qui
1515 3593 1626 3636 nec
1657 3574 1816 3656 loqui
1843 3583 2011 3656 pote-

367 3675 484 3742 rat,
517 3684 627 3728 nec
658 3665 888 3726 aurium
935 3666 1176 3725 omnino
1233 3682 1446 3726 sensus
1506 3665 1802 3745 particeps
1861 3672 2009 3745 erat,

374 3755 606 3819 obviam
636 3753 724 3816 illi
755 3753 1074 3834 profectus,
1111 3755 1243 3834 ejus
1268 3753 1339 3814 ad
1374 3754 1557 3835 pedes
1579 3752 1912 3834 procubuit.
1939 3754 2014 3816 At

375 3853 593 3926 praeses
622 3841 1114 3924 procumbentem
1165 3842 1562 3923 propellebat,
1615 3861 1727 3904 nec
1778 3843 2014 3906 sinebat

372 3934 558 4016 pedes
573 3932 733 3992 illius
745 3929 1340 4010 contingere.Verum
1359 3950 1493 3992 cum
1517 3931 1835 4010 Gregorius
1853 3933 2013 3994 hunc

373 4038 748 4104 nequaquam
781 4037 986 4082 arcere
1016 4038 1051 4081 a
1081 4038 1146 4082 se
1189 4021 1594 4102 praecepisset,
1627 4021 2015 4082 vehementer

375 4109 1257 4194 suspirans,commiserationis
1280 4110 1566 4191 lacrymas
1591 4110 2013 4191 profudit,ma-

375 4220 612 4283 nusque
637 4201 697 4262 in
727 4199 942 4263 cmlum
973 4199 1292 4262 attollens:
1329 4199 1581 4261 Domine
1611 4202 1748 4262 Jesu
1782 4199 2014 4262 Christe

371 4293 639 4374 (inquit),
675 4293 827 4354 Deus
858 4297 1084 4369 noster,
1118 4289 1254 4350 coeli
1296 4295 1588 4368 terraeque
1618 4297 1869 4365 creator,
1912 4295 2012 4370 qui

2099 3126 2287 3193 ἐξιοττι
2371 3136 2463 3185 τοῦ
2528 3128 2718 3185 πλοίου
2788 3136 2866 3203 τῷ
2944 3133 3216 3208 Γρηγορίῳ
3276 3132 3372 3198 τὴν
3457 3132 3748 3196 ὑπάντησιν

2098 3217 2393 3277 ἐποιοῦντο.
2440 3227 2479 3276 O
2539 3215 2619 3299 δὲ,
2651 3219 2861 3286 σιωπὴν
2891 3225 2968 3293 τῷ
3013 3217 3129 3294 λαῷ
3184 3225 3252 3297 τῇ
3295 3221 3443 3300 χειρὶ
3474 3222 3744 3296 σημήνας,

2095 3308 2207 3372 θείς
2263 3308 2328 3363 τὰ
2383 3307 2582 3386 γόνατα
2637 3309 3003 3388 προσηύχετο,
3068 3309 3158 3365 καὶ
3228 3311 3364 3383 μετὰ
3417 3311 3522 3378 τὴν
3584 3308 3749 3388 εὒχὴν

2094 3397 2179 3453 ἐπὶ
2207 3398 2299 3453 τὸν
2329 3399 2452 3453 ναὸν
2483 3397 2786 3476 ἐπορεύετο,

2174 3485 2303 3548 ΛΕ’.
2361 3487 2452 3543 Ἐν
2480 3499 2524 3563 up
2569 3485 2623 3544 δὲ
2665 3488 2763 3555 τὴν
2807 3487 3020 3566 πορείαν
3081 3487 3345 3563 ἐποιεῖτο,
3381 3489 3632 3569 μοναχός
3665 3509 3744 3550 τις

2094 3577 2418 3655 παράφορος,
2472 3577 2610 3652 μήτε
2667 3575 2841 3655 λέγειν
2900 3575 3185 3653 δυνάμενος
3234 3580 3373 3654 μήτε
3429 3579 3544 3654 μὴς
3614 3576 3748 3638 ὅλως

2095 3665 2326 3742 ἀκούειν,
2387 3665 2851 3744 προσυπαντήσας,
2911 3680 3030 3730 τοῖς
3101 3667 3298 3724 ἐκείνου
3371 3671 3505 3724 ποσί
3577 3687 3749 3741 προσο

2096 3755 2335 3817 ἔπιπτεν,
2404 3753 2464 3812 Ὀ
2541 3757 2638 3830 μὲν
2713 3755 2801 3811 οὖν
2878 3757 3173 3835 ἡγούμενος
3248 3753 3497 3813 διωθεῖτο
3584 3777 3751 3834 προσ-

2094 3845 2355 3901 πίπτοντα
2412 3845 2500 3900 καὶ
2555 3846 2647 3901 οὒκ
2698 3845 2786 3900 εἲά
2827 3851 2934 3901 τῶν
2980 3843 3153 3902 ποδῶν
3206 3843 3488 3902 ὃίπτεσθαι³
3541 3847 3570 3902 6
3616 3845 3751 3923 ἱερὸς

2095 3931 2151 3989 δὲ
2222 3933 2534 4012 Γρηγόριος,
2597 3933 2862 4008 μηδαμῶς
2932 3934 3200 4013 ἀπείργειν
3253 3933 3750 4014 ἐγκελευσάμενος,

2096 4021 2237 4101 μέγα
2293 4043 2350 4079 τε
2406 4022 2680 4097 στενάξας,
2743 4025 2828 4079 καὶ
2887 4025 3157 4088 συππαθὲς
3206 4024 3426 4103 ὲπαφεὶς
3502 4022 3751 4104 δακρυον,

2095 4114 2189 4177 τὰς
2243 4125 2436 4193 χεῖρας
2470 4134 2528 4168 τε
2585 4113 2712 4193 ἄρας
2760 4119 2834 4175 εἰς
2895 4113 3136 4191 οὐρανὸν,
3173 4114 3349 4190 Κύριε,
3384 4114 3578 4193 φησὶν.
3644 4114 3755 4178 Ἰη-

2097 4204 2190 4259 σοῦ
2241 4203 2456 4280 Χριστὲ,
2512 4203 2540 4258 ὀ
2605 4205 2735 4268 Θεὸς
2790 4205 2974 4277 ἡμῶν,
3020 4203 3047 4258 6
3106 4204 3334 4271 ποιήσας
3377 4205 3471 4258 τὸν
3536 4202 3757 4281 οὒρανὸν

2094 4295 2182 4348 καὶ
2238 4293 2338 4359 τὴν
2399 4294 2525 4369 γῆν,
2565 4293 2594 4348 ό
2653 4291 2741 4348 ἐπὶ
2796 4299 2864 4369 τῇ
2921 4293 3175 4367 πορουσίᾳ
3207 4313 3300 4348 σου
3350 4297 3418 4368 τῇ
3449 4293 3585 4370 ἁγίᾳ
3642 4292 3758 4356 τοὺς

371 4385 641 4464 leprosos
672 4397 870 4442 coram
895 4379 1093 4440 divina
1125 4379 1438 4456 praesentia
1467 4385 1566 4439 tua
1595 4379 1837 4459 sanasti,
1872 4397 2009 4440 sur-
2035 4396 2042 4446 ι

2115 4382 2315 4460 ιεπροὺς
2397 4382 2681 4456 ἰασάμενος
2752 4383 2840 4439 καὶ
2896 4381 3008 4437 ὦτα
3087 4381 3389 4461 κωφεύοντα
3463 4378 3755 4452 διανοίξας,

372 4473 479 4534 das
504 4488 677 4532 aures
707 4467 1016 4550 aperuisti,
1047 4474 1241 4528 mutos
1274 4467 1489 4546 linguae
1523 4468 1850 4545 restituisti,
1885 4468 2014 4550 ipse

373 4563 533 4624 hunc
563 4577 798 4621 servum
832 4567 998 4620 tuum
1034 4556 1377 4620 incredibili
1421 4565 1519 4618 tua
1550 4557 1817 4638 potentia
1845 4577 2010 4634 sana,

374 4662 442 4713 ut
471 4667 690 4713 nomen
722 4658 888 4710 tuum
921 4655 1190 4710 sanctum
1225 4647 1499 4710 laudibus
1530 4655 1816 4727 perpetuo
1847 4648 2014 4710 cele-

371 4741 528 4806 bret.
562 4742 659 4804 Sic
690 4737 860 4820 dixit,
886 4747 943 4799 et
962 4739 1402 4821 apprehensum
1428 4736 1784 4798 monachum
1807 4745 2013 4798 conte-

373 4833 510 4894 stim
543 4828 758 4910 erexit,
793 4846 884 4910 ac,
938 4830 1005 4891 In
1035 4831 1278 4890 nomine
1303 4829 1445 4888 Jesu
1476 4824 1692 4889 Christi
1727 4825 1877 4906 (ait),
1912 4823 2014 4908 qui

374 4924 627 4985 daamoni
660 4919 839 4982 surdo
870 4938 940 4981 ac
971 4926 1156 4992 muto,
1191 4915 1518 5005 utproprio
1542 4916 1820 4994 figmento
1852 4936 2018 4996 egre-

371 5012 636 5088 deretur,
673 5009 1008 5090 imperavit,
1047 5008 1311 5089 perfecte
1343 5015 1402 5068 et
1431 5005 1681 5086 loquere
1742 5014 1802 5068 et
1848 5007 2011 5083 audi,

373 5104 684 5182 Deumque
714 5099 1090 5161 conditorem
1125 5107 1294 5159 tuum
1329 5093 1524 5156 lauda.
1558 5091 1824 5156 Necdum
1848 5096 2014 5175 loqui

373 5192 655 5265 desierat,
713 5207 845 5250 cum
886 5187 1044 5269 quod
1079 5190 1311 5268 petebat
1362 5183 1635 5246 effectum
1683 5192 1818 5263 est;
1877 5205 2014 5247 nam

373 5281 468 5342 cui
500 5289 674 5342 antea
704 5278 906 5358 lingua
937 5277 1152 5357 vincta,
1183 5285 1242 5338 et
1272 5273 1510 5337 auditus
1529 5272 1770 5335 vitiatus
1799 5275 2011 5353 fuerat,

372 5370 631 5432 clamare
660 5371 874 5450 erepit:
908 5368 1119 5444 Magna
1148 5371 1308 5439 sunt,
1371 5361 1625 5438 Christe,
1681 5382 1863 5443 opera
1892 5374 2015 5445 tua,

373 5477 505 5540 quae
525 5477 632 5541 per
651 5459 809 5520 hunc
821 5458 1010 5518 virum
1023 5455 1247 5535 justum
1273 5450 1773 5541 edidisti.Deinde
1791 5453 2020 5517 addidit

369 5549 461 5614 vir
493 5540 774 5612 sanctus:
805 5544 1098 5619 Quantum
1134 5543 1384 5606 interest
1431 5540 1741 5620 temporis,
1795 5561 1870 5606 ex
1901 5563 2016 5626 quo

2095 4471 2189 4526 καί
2221 4469 2470 4549 γλώσσης
2528 4468 2751 4546 δεσμοὺς
2805 4468 3076 4544 διαλυσας,
3137 4471 3292 4535 αὒτὸς
3351 4470 3446 4525 καί
3502 4471 3602 4527 τὸν
3634 4466 3758 4528 δοῦ-

2095 4557 2188 4615 λόν
2232 4580 2327 4616 σο.)
2384 4565 2590 4636 τοῦτον,
2625 4559 2837 4639 ἀοράτῳ
2889 4557 3106 4634 δυνάμει
3150 4563 3217 4634 τῇ
3274 4563 3344 4634 σῇ
3399 4559 3758 4638 θεράπευσον,

2095 4649 2189 4704 ’ίνα
2251 4645 2529 4719 δοξαζηταί
2587 4671 2680 4706 σου
2729 4649 2817 4704 ἀεὶ
2866 4650 2928 4705 τὸ
2991 4647 3252 4725 πανάγιον
3307 4645 3505 4723 ὄνομα,
3577 4646 3760 4710 Οὕτως

2097 4737 2222 4818 ἔφη,
2282 4741 2371 4794 καί
2422 4747 2514 4797 τοῦ
2562 4746 2806 4818 μοναχοῦ
2871 4736 3188 4818 λαϐόμενος,
3239 4736 3484 4802 ἃνίστησί
3543 4757 3606 4793 τε
3672 4739 3762 4794 εὖ-

2096 4829 2208 4902 θὺς,
2251 4829 2359 4903 καὶ,
2400 4826 2492 4885 Ἐν
2549 4835 2626 4903 τῷ
2675 4828 2897 4902 ὀνόματι
2956 4826 3132 4895 Ἰησοῦ
3183 4833 3427 4905 Χριστοῦ,
3461 4825 3643 4905 λέγει,
3671 4829 3764 4882 τοῦ

2098 4916 2437 4982 ἐπιτάξαντος
2495 4919 2572 4994 τῷ
2619 4919 2784 4998 κωφῷ
2834 4919 2924 4976 καὶ
2975 4915 3158 4990 ἆλάλῳ
3213 4913 3417 4991 δαίμονι
3482 4917 3585 4974 τοῦ
3634 4915 3764 4974 ἰδίου

2098 5006 2412 5082 πλάσματος
2469 5005 2720 5084 ἐξελθεῖν,
2754 5006 2905 5064 λάλει
2957 5006 3149 5086 ὀρθῶς,
3184 5004 3343 5062 ἄκουέ
3394 5026 3454 5061 τε
3516 5007 3613 5063 καὶ
3665 5005 3765 5062 αἴ·-

2101 5118 2174 5152 νει
2203 5099 2294 5153 τὸν
2337 5099 2638 5167 ποιήσαντά
2669 5118 2727 5153 σε
2774 5098 2928 5155 Θεόν.
2959 5096 3120 5154 Οὒπω
3155 5095 3307 5158 τέλος
3361 5095 3536 5176 εἶχεν
3571 5096 3602 5152 6
3663 5094 3765 5150 λό-

2097 5208 2214 5266 γος,
2250 5187 2337 5242 καὶ
2396 5191 2469 5250 είς
2526 5186 2679 5266 ἔργον
2727 5185 2980 5260 ἐξέϐαινε,
3016 5186 3106 5242 καὶ
3157 5185 3184 5241 6
3229 5185 3405 5263 κωφὸς
3469 5185 3615 5262 βοᾷν
3663 5182 3767 5263 ἦρ·-

2097 5274 2244 5357 ξατο,
2307 5275 2527 5353 Μεγάλα
2558 5298 2651 5334 σου
2706 5277 2773 5334 τὰ
2830 5275 2979 5355 ἔργα,
3042 5274 3257 5353 Χριστὲ,
3309 5273 3376 5330 τὰ
3433 5269 3495 5328 δὲ
3527 5271 3619 5332 διὰ
3675 5278 3772 5329 τοῦ

2097 5363 2299 5423 δικαίου
2351 5364 2499 5423 τοῦδε
2527 5365 2842 5442 τελούμενα.
2900 5365 3037 5423 Εἶτα
3094 5362 3336 5443 προσθείς
3379 5363 3411 5419 6'
3461 5362 3766 5444 μακάριος,

2098 5456 2269 5513 Πόσον
2318 5455 2458 5532 ἔτος,
2491 5458 2680 5536 φησίν,
2713 5454 2802 5535 ἀφ’
2862 5454 2921 5511 οὗ
2979 5451 3247 5521 πεπέδητο
3288 5454 3324 5522 ἡ
3382 5454 3546 5535 φωνή
3590 5473 3608 5528 ;
3670 5453 3770 5511 Καὶ

2098 5547 2126 5602 ὸ
2184 5547 2352 5612 ίαθεὶς
2403 5550 2703 5624 μεμνῆσθαι
2751 5545 2853 5628 ἔφη
2905 5543 3176 5622 μηδέποτε
3203 5543 3238 5613 ἢ
3296 5542 3526 5601 ἀκοῦσαι
3559 5542 3760 5625 φωνῆς
