  <div class='ocr_page' id='page_1' title='image "/cluster/home/n/w/nwhite01/storage/ocr_20150623/116/mdp.39015008903554/124.png"; bbox 0 0 3918 6138; ppageno 0'>
   <div class='ocr_carea' id='block_1_1' title="bbox 207 263 317 334">
    <p class='ocr_par' dir='ltr' id='par_1_1' title="bbox 207 263 317 334">
     <span class='ocr_line' id='line_1_1' title="bbox 207 263 317 334; baseline 0.009 -1"><span class='ocrx_word' id='word_1_1' title='bbox 207 263 317 334; x_wconf 82' lang='lat'><strong>233</strong></span> 
     </span>
    </p>
   </div>
   <div class='ocr_carea' id='block_1_2' title="bbox 1743 414 1767 434">
    <p class='ocr_par' dir='ltr' id='par_1_2' title="bbox 1743 414 1767 434">
     <span class='ocr_line' id='line_1_2' title="bbox 1743 414 1767 434; baseline 0 0"><span class='ocrx_word' id='word_1_2' title='bbox 1743 414 1767 434; x_wconf 75' lang='grc' dir='ltr'><strong><em>ν</em></strong></span> 
     </span>
    </p>
   </div>
   <div class='ocr_carea' id='block_1_3' title="bbox 1244 271 2530 350">
    <p class='ocr_par' dir='ltr' id='par_1_3' title="bbox 1244 271 2530 350">
     <span class='ocr_line' id='line_1_3' title="bbox 1244 271 2530 350; baseline 0.005 -7"><span class='ocrx_word' id='word_1_3' title='bbox 1244 271 1431 343; x_wconf 80' lang='lat' dir='ltr'><strong>VITA</strong></span> <span class='ocrx_word' id='word_1_4' title='bbox 1474 280 1534 342; x_wconf 93' lang='lat' dir='ltr'><strong>S.</strong></span> <span class='ocrx_word' id='word_1_5' title='bbox 1580 277 1947 344; x_wconf 83' lang='lat' dir='ltr'><strong>GREGORII</strong></span> <span class='ocrx_word' id='word_1_6' title='bbox 1989 281 2530 350; x_wconf 78' lang='lat' dir='ltr'><strong>AGBIGENTINI.</strong></span> 
     </span>
    </p>
   </div>
   <div class='ocr_carea' id='block_1_4' title="bbox 3453 291 3566 360">
    <p class='ocr_par' dir='ltr' id='par_1_4' title="bbox 3453 291 3566 360">
     <span class='ocr_line' id='line_1_4' title="bbox 3453 291 3566 360; baseline 0.018 -2"><span class='ocrx_word' id='word_1_7' title='bbox 3453 291 3566 360; x_wconf 75' lang='grc'><strong>234</strong></span> 
     </span>
    </p>
   </div>
   <div class='ocr_carea' id='block_1_5' title="bbox 203 407 1834 506">
    <p class='ocr_par' dir='ltr' id='par_1_5' title="bbox 203 407 1829 506">
     <span class='ocr_line' id='line_1_5' title="bbox 203 407 1829 506; baseline 0.017 -54"><span class='ocrx_word' id='word_1_8' title='bbox 203 407 549 506; x_wconf 65' lang='grc' dir='ltr'>ἀνθρωπίνης,</span> <span class='ocrx_word' id='word_1_9' title='bbox 608 409 646 476; x_wconf 72' lang='grc' dir='ltr'><strong>ἦ</strong></span> <span class='ocrx_word' id='word_1_10' title='bbox 699 410 786 468; x_wconf 82' lang='grc' dir='ltr'><strong>καὶ</strong></span> <span class='ocrx_word' id='word_1_11' title='bbox 841 411 1014 506; x_wconf 77' lang='grc' dir='ltr'>βραχὺ</span> <span class='ocrx_word' id='word_1_12' title='bbox 1067 434 1118 469; x_wconf 88' lang='grc' dir='ltr'><strong>τι</strong></span> <span class='ocrx_word' id='word_1_13' title='bbox 1175 413 1486 493; x_wconf 77' lang='grc' dir='ltr'>φθέγξασθαι</span> <span class='ocrx_word' id='word_1_14' title='bbox 1547 418 1677 494; x_wconf 80' lang='grc' dir='ltr'>πρὸς</span> <span class='ocrx_word' id='word_1_15' title='bbox 1734 414 1829 506; x_wconf 55' lang='grc' dir='ltr'><strong>ὅνῇ</strong></span> 
     </span>
    </p>
   </div>
   <div class='ocr_carea' id='block_1_6' title="bbox 2005 407 3564 506">
    <p class='ocr_par' dir='ltr' id='par_1_6' title="bbox 2005 415 3564 506">
     <span class='ocr_line' id='line_1_6' title="bbox 2005 415 3564 506; baseline 0.012 -32"><span class='ocrx_word' id='word_1_16' title='bbox 2005 434 2019 474; x_wconf 73' lang='grc' dir='ltr'><strong>ι</strong></span> <span class='ocrx_word' id='word_1_17' title='bbox 2053 415 2156 476; x_wconf 94' lang='lat' dir='ltr'><strong>tibi</strong></span> <span class='ocrx_word' id='word_1_18' title='bbox 2190 425 2279 478; x_wconf 87' lang='lat' dir='ltr'><strong>est</strong></span> <span class='ocrx_word' id='word_1_19' title='bbox 2310 419 2642 500; x_wconf 86' lang='lat' dir='ltr'><strong>impedita?</strong></span> <span class='ocrx_word' id='word_1_20' title='bbox 2672 420 2779 484; x_wconf 86' lang='lat' dir='ltr'><strong>Ille</strong></span> <span class='ocrx_word' id='word_1_21' title='bbox 2811 441 3110 506; x_wconf 78' lang='lat' dir='ltr'><strong>nunquam</strong></span> <span class='ocrx_word' id='word_1_22' title='bbox 3146 443 3209 488; x_wconf 89' lang='lat' dir='ltr'><strong>se</strong></span> <span class='ocrx_word' id='word_1_23' title='bbox 3245 427 3330 489; x_wconf 84' lang='lat' dir='ltr'><strong>vel</strong></span> <span class='ocrx_word' id='word_1_24' title='bbox 3362 447 3564 492; x_wconf 92' lang='lat' dir='ltr'><strong>vocem</strong></span> 
     </span>
    </p>
   </div>
   <div class='ocr_carea' id='block_1_7' title="bbox 203 493 1838 580">
    <p class='ocr_par' dir='ltr' id='par_1_7' title="bbox 203 493 1838 580">
     <span class='ocr_line' id='line_1_7' title="bbox 203 493 1838 580; baseline 0.009 -26"><span class='ocrx_word' id='word_1_25' title='bbox 203 519 314 554; x_wconf 83' lang='grc' dir='ltr'>τινα</span> <span class='ocrx_word' id='word_1_26' title='bbox 342 505 470 576; x_wconf 77' lang='grc' dir='ltr'>γοῦν</span> <span class='ocrx_word' id='word_1_27' title='bbox 519 497 825 567; x_wconf 75' lang='grc' dir='ltr'>δυνηθῆναι.</span> <span class='ocrx_word' id='word_1_28' title='bbox 885 493 942 559; x_wconf 72' lang='grc' dir='ltr'><strong>Ὀ</strong></span> <span class='ocrx_word' id='word_1_29' title='bbox 971 501 1154 576; x_wconf 78' lang='grc' dir='ltr'>μέντοι</span> <span class='ocrx_word' id='word_1_30' title='bbox 1215 507 1484 580; x_wconf 85' lang='grc' dir='ltr'>προεστὼς</span> <span class='ocrx_word' id='word_1_31' title='bbox 1543 493 1640 572; x_wconf 67' lang='grc' dir='ltr'><strong>τῆς</strong></span> <span class='ocrx_word' id='word_1_32' title='bbox 1672 504 1838 580; x_wconf 83' lang='grc' dir='ltr'>μονῆς</span> 
     </span>
    </p>
   </div>
   <div class='ocr_carea' id='block_1_8' title="bbox 200 585 1834 671">
    <p class='ocr_par' dir='ltr' id='par_1_8' title="bbox 200 585 1834 671">
     <span class='ocr_line' id='line_1_8' title="bbox 200 585 1834 671; baseline 0.006 -29"><span class='ocrx_word' id='word_1_33' title='bbox 200 585 382 664; x_wconf 74' lang='grc' dir='ltr'>ὃγδοον</span> <span class='ocrx_word' id='word_1_34' title='bbox 413 588 532 651; x_wconf 77' lang='grc' dir='ltr'>ἔτος</span> <span class='ocrx_word' id='word_1_35' title='bbox 565 592 720 648; x_wconf 77' lang='grc' dir='ltr'>αὐτὸν</span> <span class='ocrx_word' id='word_1_36' title='bbox 749 589 897 668; x_wconf 76' lang='grc' dir='ltr'>ἄγειν</span> <span class='ocrx_word' id='word_1_37' title='bbox 947 592 1129 667; x_wconf 65' lang='grc' dir='ltr'>ὁπότε,</span> <span class='ocrx_word' id='word_1_38' title='bbox 1182 592 1309 671; x_wconf 77' lang='grc' dir='ltr'>ἔφη,</span> <span class='ocrx_word' id='word_1_39' title='bbox 1362 596 1452 651; x_wconf 88' lang='grc' dir='ltr'><strong>καὶ</strong></span> <span class='ocrx_word' id='word_1_40' title='bbox 1495 594 1834 668; x_wconf 74' lang='grc' dir='ltr'>ἀπεκείρατο,</span> 
     </span>
    </p>
   </div>
   <div class='ocr_carea' id='block_1_9' title="bbox 197 676 1836 762">
    <p class='ocr_par' dir='ltr' id='par_1_9' title="bbox 197 676 1836 762">
     <span class='ocr_line' id='line_1_9' title="bbox 197 676 1836 762; baseline 0.005 -31"><span class='ocrx_word' id='word_1_41' title='bbox 197 676 370 732; x_wconf 83' lang='grc' dir='ltr'>εἴκοσι</span> <span class='ocrx_word' id='word_1_42' title='bbox 426 676 483 732; x_wconf 72' lang='grc' dir='ltr'>δὲ</span> <span class='ocrx_word' id='word_1_43' title='bbox 539 677 640 745; x_wconf 71' lang='grc' dir='ltr'>ἤδη</span> <span class='ocrx_word' id='word_1_44' title='bbox 701 680 927 758; x_wconf 85' lang='grc' dir='ltr'>χρόνους</span> <span class='ocrx_word' id='word_1_45' title='bbox 976 680 1032 736; x_wconf 82' lang='grc' dir='ltr'><strong>ἐν</strong></span> <span class='ocrx_word' id='word_1_46' title='bbox 1077 687 1150 757; x_wconf 77' lang='grc' dir='ltr'><strong>τῇ</strong></span> <span class='ocrx_word' id='word_1_47' title='bbox 1199 691 1338 760; x_wconf 81' lang='grc' dir='ltr'>μονῇ</span> <span class='ocrx_word' id='word_1_48' title='bbox 1367 682 1627 762; x_wconf 78' lang='grc' dir='ltr'>διαρίψαι.</span> <span class='ocrx_word' id='word_1_49' title='bbox 1662 681 1836 746; x_wconf 77' lang='grc' dir='ltr'>Φόϐος</span> 
     </span>
    </p>
   </div>
   <div class='ocr_carea' id='block_1_10' title="bbox 197 765 1834 849">
    <p class='ocr_par' dir='ltr' id='par_1_10' title="bbox 197 765 1834 849">
     <span class='ocr_line' id='line_1_10' title="bbox 197 765 1834 849; baseline 0.005 -28"><span class='ocrx_word' id='word_1_50' title='bbox 197 765 278 822; x_wconf 80' lang='grc' dir='ltr'><strong>ἐπὶ</strong></span> <span class='ocrx_word' id='word_1_51' title='bbox 332 773 489 823; x_wconf 81' lang='grc' dir='ltr'>τοῦτο</span> <span class='ocrx_word' id='word_1_52' title='bbox 546 766 708 832; x_wconf 83' lang='grc' dir='ltr'>πολὺς</span> <span class='ocrx_word' id='word_1_53' title='bbox 755 766 948 849; x_wconf 74' lang='grc' dir='ltr'>εἴληφε</span> <span class='ocrx_word' id='word_1_54' title='bbox 1012 771 1135 836; x_wconf 80' lang='grc' dir='ltr'>τοὺς</span> <span class='ocrx_word' id='word_1_55' title='bbox 1202 774 1488 849; x_wconf 81' lang='grc' dir='ltr'>παρόντας,</span> <span class='ocrx_word' id='word_1_56' title='bbox 1559 773 1655 830; x_wconf 73' lang='grc' dir='ltr'>καῖ</span> <span class='ocrx_word' id='word_1_57' title='bbox 1705 775 1834 836; x_wconf 82' lang='grc' dir='ltr'>Θεὸς</span> 
     </span>
    </p>
   </div>
   <div class='ocr_carea' id='block_1_11' title="bbox 194 856 944 936">
    <p class='ocr_par' dir='ltr' id='par_1_11' title="bbox 194 856 944 936">
     <span class='ocr_line' id='line_1_11' title="bbox 194 856 944 936; baseline 0.013 -27"><span class='ocrx_word' id='word_1_58' title='bbox 194 856 290 911; x_wconf 78' lang='grc' dir='ltr'><strong>ὑπὸ</strong></span> <span class='ocrx_word' id='word_1_59' title='bbox 322 856 539 913; x_wconf 73' lang='grc' dir='ltr'>πάντων</span> <span class='ocrx_word' id='word_1_60' title='bbox 569 856 944 936; x_wconf 84' lang='grc' dir='ltr'>ἐμεγαλύνετο.</span> 
     </span>
    </p>
   </div>
   <div class='ocr_carea' id='block_1_12' title="bbox 272 1033 1834 1121">
    <p class='ocr_par' dir='ltr' id='par_1_12' title="bbox 272 1033 1834 1121">
     <span class='ocr_line' id='line_1_12' title="bbox 272 1033 1834 1121; baseline 0.006 -32"><span class='ocrx_word' id='word_1_61' title='bbox 272 1033 423 1108; x_wconf 58' lang='lat' dir='ltr'><strong>Ag’.</strong></span> <span class='ocrx_word' id='word_1_62' title='bbox 464 1035 692 1092; x_wconf 82' lang='grc' dir='ltr'>Είσιόντι</span> <span class='ocrx_word' id='word_1_63' title='bbox 743 1036 799 1093; x_wconf 78' lang='grc' dir='ltr'>δὲ</span> <span class='ocrx_word' id='word_1_64' title='bbox 859 1037 958 1104; x_wconf 73' lang='grc' dir='ltr'><strong>τήν</strong></span> <span class='ocrx_word' id='word_1_65' title='bbox 1015 1036 1170 1096; x_wconf 84' lang='grc' dir='ltr'>πόλιν</span> <span class='ocrx_word' id='word_1_66' title='bbox 1214 1046 1291 1113; x_wconf 86' lang='grc' dir='ltr'>τῷ</span> <span class='ocrx_word' id='word_1_67' title='bbox 1323 1040 1587 1121; x_wconf 83' lang='grc' dir='ltr'>μακαρίῳ,</span> <span class='ocrx_word' id='word_1_68' title='bbox 1620 1041 1754 1099; x_wconf 77' lang='grc' dir='ltr'>πολὺ</span> <span class='ocrx_word' id='word_1_69' title='bbox 1785 1065 1834 1098; x_wconf 90' lang='grc' dir='ltr'><strong>τι</strong></span> 
     </span>
    </p>
   </div>
   <div class='ocr_carea' id='block_1_13' title="bbox 201 1120 1834 1210">
    <p class='ocr_par' dir='ltr' id='par_1_13' title="bbox 201 1120 1834 1210">
     <span class='ocr_line' id='line_1_13' title="bbox 201 1120 1834 1210; baseline 0.004 -33"><span class='ocrx_word' id='word_1_70' title='bbox 201 1120 399 1189; x_wconf 77' lang='grc' dir='ltr'>πλῆθος</span> <span class='ocrx_word' id='word_1_71' title='bbox 471 1128 614 1200; x_wconf 74' lang='grc' dir='ltr'>αὐτῷ</span> <span class='ocrx_word' id='word_1_72' title='bbox 682 1129 1052 1207; x_wconf 84' lang='grc' dir='ltr'>προσυπήντα,</span> <span class='ocrx_word' id='word_1_73' title='bbox 1126 1129 1186 1184; x_wconf 72' lang='grc' dir='ltr'>οὗ</span> <span class='ocrx_word' id='word_1_74' title='bbox 1256 1136 1363 1185; x_wconf 86' lang='grc' dir='ltr'>τῶν</span> <span class='ocrx_word' id='word_1_75' title='bbox 1447 1120 1834 1210; x_wconf 78' lang='grc' dir='ltr'>ἐπιτύχόντων,</span> 
     </span>
    </p>
   </div>
   <div class='ocr_carea' id='block_1_14' title="bbox 202 1211 1832 1300">
    <p class='ocr_par' dir='ltr' id='par_1_14' title="bbox 202 1211 1832 1300">
     <span class='ocr_line' id='line_1_14' title="bbox 202 1211 1832 1300; baseline 0.009 -35"><span class='ocrx_word' id='word_1_76' title='bbox 202 1211 336 1268; x_wconf 74' lang='grc' dir='ltr'>ἀλλὰ</span> <span class='ocrx_word' id='word_1_77' title='bbox 415 1214 505 1270; x_wconf 64' lang='grc' dir='ltr'><strong>καί</strong></span> <span class='ocrx_word' id='word_1_78' title='bbox 578 1221 682 1271; x_wconf 84' lang='grc' dir='ltr'>τῶν</span> <span class='ocrx_word' id='word_1_79' title='bbox 754 1215 1016 1291; x_wconf 78' lang='grc' dir='ltr'><strong>ἀξιώμασι</strong></span> <span class='ocrx_word' id='word_1_80' title='bbox 1085 1221 1147 1274; x_wconf 86' lang='grc' dir='ltr'>τὸ</span> <span class='ocrx_word' id='word_1_81' title='bbox 1230 1216 1486 1299; x_wconf 78' lang='grc' dir='ltr'>διαφέρειν</span> <span class='ocrx_word' id='word_1_82' title='bbox 1569 1221 1832 1300; x_wconf 80' lang='grc' dir='ltr'>ἐχόντων.</span> 
     </span>
    </p>
   </div>
   <div class='ocr_carea' id='block_1_15' title="bbox 204 1303 1842 1386">
    <p class='ocr_par' dir='ltr' id='par_1_15' title="bbox 204 1303 1842 1386">
     <span class='ocr_line' id='line_1_15' title="bbox 204 1303 1842 1386; baseline 0.006 -26"><span class='ocrx_word' id='word_1_83' title='bbox 204 1303 460 1385; x_wconf 82' lang='grc' dir='ltr'>Ἐπτέρου</span> <span class='ocrx_word' id='word_1_84' title='bbox 512 1308 612 1386; x_wconf 82' lang='grc' dir='ltr'><strong>γὰρ</strong></span> <span class='ocrx_word' id='word_1_85' title='bbox 670 1312 788 1366; x_wconf 80' lang='grc' dir='ltr'>οἷον</span> <span class='ocrx_word' id='word_1_86' title='bbox 843 1311 1030 1374; x_wconf 78' lang='grc' dir='ltr'>αὐτοὺς</span> <span class='ocrx_word' id='word_1_87' title='bbox 1075 1310 1170 1367; x_wconf 77' lang='grc' dir='ltr'><strong>καΐ</strong></span> <span class='ocrx_word' id='word_1_88' title='bbox 1223 1310 1470 1385; x_wconf 78' lang='grc' dir='ltr'>ἀνεκίνει,</span> <span class='ocrx_word' id='word_1_89' title='bbox 1523 1313 1610 1370; x_wconf 77' lang='grc' dir='ltr'>καὶ</span> <span class='ocrx_word' id='word_1_90' title='bbox 1641 1311 1842 1370; x_wconf 79' lang='grc' dir='ltr'>διάπυ-</span> 
     </span>
    </p>
   </div>
   <div class='ocr_carea' id='block_1_16' title="bbox 203 1395 1842 1482">
    <p class='ocr_par' dir='ltr' id='par_1_16' title="bbox 203 1395 1842 1482">
     <span class='ocr_line' id='line_1_16' title="bbox 203 1395 1842 1482; baseline 0.007 -35"><span class='ocrx_word' id='word_1_91' title='bbox 203 1415 292 1470; x_wconf 90' lang='grc' dir='ltr'><strong>ρον</strong></span> <span class='ocrx_word' id='word_1_92' title='bbox 348 1395 516 1452; x_wconf 80' lang='grc' dir='ltr'>ἐποίει</span> <span class='ocrx_word' id='word_1_93' title='bbox 573 1399 664 1453; x_wconf 87' lang='grc' dir='ltr'>τὸν</span> <span class='ocrx_word' id='word_1_94' title='bbox 734 1413 866 1476; x_wconf 84' lang='grc' dir='ltr'>προς</span> <span class='ocrx_word' id='word_1_95' title='bbox 937 1401 1229 1478; x_wconf 67' lang='grc' dir='ltr'>Γρηγιίριον</span> <span class='ocrx_word' id='word_1_96' title='bbox 1317 1399 1484 1480; x_wconf 81' lang='grc' dir='ltr'>ἔρωτα</span> <span class='ocrx_word' id='word_1_97' title='bbox 1569 1405 1598 1459; x_wconf 85' lang='grc' dir='ltr'>ὁ</span> <span class='ocrx_word' id='word_1_98' title='bbox 1666 1405 1842 1482; x_wconf 73' lang='grc' dir='ltr'>κωφὸς</span> 
     </span>
    </p>
   </div>
   <div class='ocr_carea' id='block_1_17' title="bbox 207 1483 1842 1569">
    <p class='ocr_par' dir='ltr' id='par_1_17' title="bbox 207 1483 1842 1569">
     <span class='ocr_line' id='line_1_17' title="bbox 207 1483 1842 1569; baseline 0.006 -31"><span class='ocrx_word' id='word_1_99' title='bbox 207 1485 288 1538; x_wconf 72' lang='grc' dir='ltr'>καὶ</span> <span class='ocrx_word' id='word_1_100' title='bbox 347 1483 570 1559; x_wconf 66' lang='grc' dir='ltr'>Ξλαλος,</span> <span class='ocrx_word' id='word_1_101' title='bbox 643 1487 700 1550; x_wconf 83' lang='grc' dir='ltr'>ὃς</span> <span class='ocrx_word' id='word_1_102' title='bbox 775 1490 1230 1567; x_wconf 82' lang='grc' dir='ltr'>προπορευόμενος</span> <span class='ocrx_word' id='word_1_103' title='bbox 1287 1491 1406 1546; x_wconf 85' lang='grc' dir='ltr'>καθ’</span> <span class='ocrx_word' id='word_1_104' title='bbox 1475 1493 1564 1553; x_wconf 80' lang='grc' dir='ltr'>οὓς</span> <span class='ocrx_word' id='word_1_105' title='bbox 1637 1493 1842 1569; x_wconf 82' lang='grc' dir='ltr'>γένοιτο</span> 
     </span>
    </p>
   </div>
   <div class='ocr_carea' id='block_1_18' title="bbox 202 1569 1842 1655">
    <p class='ocr_par' dir='ltr' id='par_1_18' title="bbox 202 1569 1842 1655">
     <span class='ocr_line' id='line_1_18' title="bbox 202 1569 1842 1655; baseline 0.005 -27"><span class='ocrx_word' id='word_1_106' title='bbox 202 1569 329 1628; x_wconf 73' lang='grc' dir='ltr'>ἐϐόα</span> <span class='ocrx_word' id='word_1_107' title='bbox 387 1576 492 1649; x_wconf 75' lang='grc' dir='ltr'>ἀεὶ,</span> <span class='ocrx_word' id='word_1_108' title='bbox 553 1577 646 1632; x_wconf 75' lang='grc' dir='ltr'>καὶ</span> <span class='ocrx_word' id='word_1_109' title='bbox 704 1577 864 1655; x_wconf 79' lang='grc' dir='ltr'>κήρυξ</span> <span class='ocrx_word' id='word_1_110' title='bbox 919 1577 1164 1654; x_wconf 82' lang='grc' dir='ltr'>λαμπρὸς</span> <span class='ocrx_word' id='word_1_111' title='bbox 1205 1585 1299 1638; x_wconf 82' lang='grc' dir='ltr'>τοῦ</span> <span class='ocrx_word' id='word_1_112' title='bbox 1355 1579 1692 1646; x_wconf 80' lang='grc' dir='ltr'>τελεσθέντος</span> <span class='ocrx_word' id='word_1_113' title='bbox 1740 1583 1842 1637; x_wconf 80' lang='grc' dir='ltr'><strong>ὺπ-</strong></span> 
     </span>
    </p>
   </div>
   <div class='ocr_carea' id='block_1_19' title="bbox 205 1665 1843 1748">
    <p class='ocr_par' dir='ltr' id='par_1_19' title="bbox 205 1665 1843 1748">
     <span class='ocr_line' id='line_1_19' title="bbox 205 1665 1843 1748; baseline -0.002 -20"><span class='ocrx_word' id='word_1_114' title='bbox 205 1667 347 1742; x_wconf 77' lang='grc' dir='ltr'>ἦρχε</span> <span class='ocrx_word' id='word_1_115' title='bbox 376 1665 667 1738; x_wconf 81' lang='grc' dir='ltr'>θαύματος.</span> <span class='ocrx_word' id='word_1_116' title='bbox 729 1668 1003 1724; x_wconf 84' lang='grc' dir='ltr'>Τοσούτων</span> <span class='ocrx_word' id='word_1_117' title='bbox 1033 1666 1121 1724; x_wconf 81' lang='grc' dir='ltr'><strong>οὖν</strong></span> <span class='ocrx_word' id='word_1_118' title='bbox 1171 1674 1278 1725; x_wconf 84' lang='grc' dir='ltr'>τῶν</span> <span class='ocrx_word' id='word_1_119' title='bbox 1326 1668 1504 1726; x_wconf 76' lang='grc' dir='ltr'>ἄλλων</span> <span class='ocrx_word' id='word_1_120' title='bbox 1531 1692 1843 1748; x_wconf 79' lang='grc' dir='ltr'>προσυπαν-</span> 
     </span>
    </p>
   </div>
   <div class='ocr_carea' id='block_1_20' title="bbox 1924 503 3564 596">
    <p class='ocr_par' dir='ltr' id='par_1_20' title="bbox 1924 503 3564 596">
     <span class='ocr_line' id='line_1_20' title="bbox 1924 503 3564 596; baseline 0.008 -31"><span class='ocrx_word' id='word_1_121' title='bbox 1924 503 2180 596; x_wconf 82' lang='lat' dir='ltr'><strong>hominis</strong></span> <span class='ocrx_word' id='word_1_122' title='bbox 2237 509 2472 571; x_wconf 88' lang='lat' dir='ltr'><strong>audisse</strong></span> <span class='ocrx_word' id='word_1_123' title='bbox 2533 510 2700 585; x_wconf 91' lang='lat' dir='ltr'><strong>dixit,</strong></span> <span class='ocrx_word' id='word_1_124' title='bbox 2760 514 2849 575; x_wconf 87' lang='lat' dir='ltr'><strong>vel</strong></span> <span class='ocrx_word' id='word_1_125' title='bbox 2898 503 3226 595; x_wconf 83' lang='lat' dir='ltr'><strong>quemlibet</strong></span> <span class='ocrx_word' id='word_1_126' title='bbox 3259 517 3564 596; x_wconf 83' lang='lat' dir='ltr'><strong>paululum</strong></span> 
     </span>
    </p>
   </div>
   <div class='ocr_carea' id='block_1_21' title="bbox 1921 593 3567 682">
    <p class='ocr_par' dir='ltr' id='par_1_21' title="bbox 1921 593 3567 682">
     <span class='ocr_line' id='line_1_21' title="bbox 1921 593 3567 682; baseline 0.01 -29"><span class='ocrx_word' id='word_1_127' title='bbox 1921 593 2085 654; x_wconf 72' lang='lat' dir='ltr'><strong>aﬂari</strong></span> <span class='ocrx_word' id='word_1_128' title='bbox 2118 599 2399 675; x_wconf 89' lang='lat' dir='ltr'><strong>potuisse.</strong></span> <span class='ocrx_word' id='word_1_129' title='bbox 2425 597 2574 660; x_wconf 91' lang='lat' dir='ltr'><strong>Tum</strong></span> <span class='ocrx_word' id='word_1_130' title='bbox 2604 593 2950 665; x_wconf 85' lang='lat' dir='ltr'><strong>monasterii</strong></span> <span class='ocrx_word' id='word_1_131' title='bbox 2975 622 3192 682; x_wconf 81' lang='lat' dir='ltr'><strong>praeses</strong></span> <span class='ocrx_word' id='word_1_132' title='bbox 3217 593 3350 667; x_wconf 81' lang='lat' dir='ltr'><strong>octo</strong></span> <span class='ocrx_word' id='word_1_133' title='bbox 3378 623 3567 669; x_wconf 87' lang='lat' dir='ltr'><strong>annos</strong></span> 
     </span>
    </p>
   </div>
   <div class='ocr_carea' id='block_1_22' title="bbox 1921 682 3567 772">
    <p class='ocr_par' dir='ltr' id='par_1_22' title="bbox 1921 682 3567 772">
     <span class='ocr_line' id='line_1_22' title="bbox 1921 682 3567 772; baseline 0.009 -29"><span class='ocrx_word' id='word_1_134' title='bbox 1921 682 2086 744; x_wconf 90' lang='lat' dir='ltr'><strong>illum</strong></span> <span class='ocrx_word' id='word_1_135' title='bbox 2120 703 2315 764; x_wconf 86' lang='lat' dir='ltr'><strong>agere,</strong></span> <span class='ocrx_word' id='word_1_136' title='bbox 2352 707 2486 749; x_wconf 91' lang='lat' dir='ltr'><strong>cum</strong></span> <span class='ocrx_word' id='word_1_137' title='bbox 2524 697 2728 753; x_wconf 88' lang='lat' dir='ltr'><strong>tonsus</strong></span> <span class='ocrx_word' id='word_1_138' title='bbox 2755 701 2842 754; x_wconf 90' lang='lat' dir='ltr'><strong>est</strong></span> <span class='ocrx_word' id='word_1_139' title='bbox 2873 713 2885 752; x_wconf 94' lang='lat'><strong>:</strong></span> <span class='ocrx_word' id='word_1_140' title='bbox 2923 702 3200 755; x_wconf 65' lang='lat' dir='ltr'><strong>caeterum</strong></span> <span class='ocrx_word' id='word_1_141' title='bbox 3235 696 3435 772; x_wconf 82' lang='lat' dir='ltr'><strong>viginti</strong></span> <span class='ocrx_word' id='word_1_142' title='bbox 3465 715 3567 758; x_wconf 90' lang='lat' dir='ltr'><strong>an-</strong></span> 
     </span>
    </p>
   </div>
   <div class='ocr_carea' id='block_1_23' title="bbox 1920 773 3566 862">
    <p class='ocr_par' dir='ltr' id='par_1_23' title="bbox 1920 773 3566 862">
     <span class='ocr_line' id='line_1_23' title="bbox 1920 773 3566 862; baseline 0.009 -30"><span class='ocrx_word' id='word_1_143' title='bbox 1920 790 2030 833; x_wconf 91' lang='lat' dir='ltr'><strong>nos</strong></span> <span class='ocrx_word' id='word_1_144' title='bbox 2050 773 2111 833; x_wconf 95' lang='lat' dir='ltr'><strong>in</strong></span> <span class='ocrx_word' id='word_1_145' title='bbox 2137 781 2495 838; x_wconf 88' lang='lat' dir='ltr'><strong>monasterio</strong></span> <span class='ocrx_word' id='word_1_146' title='bbox 2509 789 2935 842; x_wconf 83' lang='lat' dir='ltr'><strong>commoratum</strong></span> <span class='ocrx_word' id='word_1_147' title='bbox 2953 782 3121 844; x_wconf 83' lang='lat' dir='ltr'><strong>dixit.</strong></span> <span class='ocrx_word' id='word_1_148' title='bbox 3152 785 3214 846; x_wconf 91' lang='lat' dir='ltr'><strong>In</strong></span> <span class='ocrx_word' id='word_1_149' title='bbox 3234 785 3566 862; x_wconf 86' lang='lat' dir='ltr'><strong>bocingens</strong></span> 
     </span>
    </p>
   </div>
   <div class='ocr_carea' id='block_1_24' title="bbox 1925 868 3562 954">
    <p class='ocr_par' dir='ltr' id='par_1_24' title="bbox 1925 868 3562 954">
     <span class='ocr_line' id='line_1_24' title="bbox 1925 868 3562 954; baseline 0.01 -35"><span class='ocrx_word' id='word_1_150' title='bbox 1925 872 2244 954; x_wconf 59' lang='lat' dir='ltr'><strong>praesentes</strong></span> <span class='ocrx_word' id='word_1_151' title='bbox 2316 883 2524 927; x_wconf 91' lang='lat' dir='ltr'><strong>omnes</strong></span> <span class='ocrx_word' id='word_1_152' title='bbox 2595 868 2770 930; x_wconf 83' lang='lat' dir='ltr'><strong>timor</strong></span> <span class='ocrx_word' id='word_1_153' title='bbox 2829 869 3096 946; x_wconf 86' lang='lat' dir='ltr'><strong>incessit,</strong></span> <span class='ocrx_word' id='word_1_154' title='bbox 3158 871 3435 954; x_wconf 90' lang='lat' dir='ltr'><strong>Deusque</strong></span> <span class='ocrx_word' id='word_1_155' title='bbox 3489 874 3562 936; x_wconf 91' lang='lat' dir='ltr'><strong>ab</strong></span> 
     </span>
    </p>
   </div>
   <div class='ocr_carea' id='block_1_25' title="bbox 1923 949 3009 1032">
    <p class='ocr_par' dir='ltr' id='par_1_25' title="bbox 1923 949 3009 1032">
     <span class='ocr_line' id='line_1_25' title="bbox 1923 949 3009 1032; baseline 0.011 -23"><span class='ocrx_word' id='word_1_156' title='bbox 1923 949 2201 1012; x_wconf 90' lang='lat' dir='ltr'><strong>omnibus</strong></span> <span class='ocrx_word' id='word_1_157' title='bbox 2233 954 2541 1032; x_wconf 83' lang='lat' dir='ltr'><strong>magniﬁce</strong></span> <span class='ocrx_word' id='word_1_158' title='bbox 2571 956 3009 1021; x_wconf 83' lang='lat' dir='ltr'><strong>celebrabatur.</strong></span> 
     </span>
    </p>
   </div>
   <div class='ocr_carea' id='block_1_26' title="bbox 2005 1037 3563 1130">
    <p class='ocr_par' dir='ltr' id='par_1_26' title="bbox 2005 1037 3563 1130">
     <span class='ocr_line' id='line_1_26' title="bbox 2005 1037 3563 1130; baseline 0.009 -30"><span class='ocrx_word' id='word_1_159' title='bbox 2005 1037 2269 1101; x_wconf 81' lang='lat' dir='ltr'><strong>XXXVI.</strong></span> <span class='ocrx_word' id='word_1_160' title='bbox 2307 1043 2665 1120; x_wconf 86' lang='lat' dir='ltr'><strong>lngredienti</strong></span> <span class='ocrx_word' id='word_1_161' title='bbox 2698 1046 3015 1127; x_wconf 90' lang='lat' dir='ltr'><strong>civitatem,</strong></span> <span class='ocrx_word' id='word_1_162' title='bbox 3049 1067 3256 1127; x_wconf 87' lang='lat' dir='ltr'><strong>magna</strong></span> <span class='ocrx_word' id='word_1_163' title='bbox 3295 1052 3563 1130; x_wconf 82' lang='lat' dir='ltr'><strong>quaedam</strong></span> 
     </span>
    </p>
   </div>
   <div class='ocr_carea' id='block_1_27' title="bbox 1923 1136 3567 1220">
    <p class='ocr_par' dir='ltr' id='par_1_27' title="bbox 1923 1136 3567 1220">
     <span class='ocr_line' id='line_1_27' title="bbox 1923 1136 3567 1220; baseline 0.008 -27"><span class='ocrx_word' id='word_1_164' title='bbox 1923 1136 2247 1220; x_wconf 82' lang='lat' dir='ltr'><strong>multitudo,</strong></span> <span class='ocrx_word' id='word_1_165' title='bbox 2272 1154 2385 1197; x_wconf 92' lang='lat' dir='ltr'><strong>non</strong></span> <span class='ocrx_word' id='word_1_166' title='bbox 2412 1144 2803 1213; x_wconf 77' lang='lat' dir='ltr'><strong>gregariorum</strong></span> <span class='ocrx_word' id='word_1_167' title='bbox 2825 1146 3186 1216; x_wconf 88' lang='lat' dir='ltr'><strong>quidem,sed</strong></span> <span class='ocrx_word' id='word_1_168' title='bbox 3211 1147 3444 1206; x_wconf 83' lang='lat' dir='ltr'><strong>illorum</strong></span> <span class='ocrx_word' id='word_1_169' title='bbox 3467 1151 3567 1220; x_wconf 89' lang='lat' dir='ltr'><strong>qui</strong></span> 
     </span>
    </p>
   </div>
   <div class='ocr_carea' id='block_1_28' title="bbox 1927 1217 3568 1308">
    <p class='ocr_par' dir='ltr' id='par_1_28' title="bbox 1927 1217 3568 1308">
     <span class='ocr_line' id='line_1_28' title="bbox 1927 1217 3568 1308; baseline 0.009 -31"><span class='ocrx_word' id='word_1_170' title='bbox 1927 1217 2255 1308; x_wconf 71' lang='lat' dir='ltr'><strong>honoribus</strong></span> <span class='ocrx_word' id='word_1_171' title='bbox 2285 1239 2352 1282; x_wconf 84' lang='lat' dir='ltr'><strong>ac</strong></span> <span class='ocrx_word' id='word_1_172' title='bbox 2383 1223 2666 1298; x_wconf 83' lang='lat' dir='ltr'><strong>dignitate</strong></span> <span class='ocrx_word' id='word_1_173' title='bbox 2695 1225 2923 1287; x_wconf 88' lang='lat' dir='ltr'><strong>caeteris</strong></span> <span class='ocrx_word' id='word_1_174' title='bbox 2948 1227 3342 1308; x_wconf 87' lang='lat' dir='ltr'><strong>antestabant,</strong></span> <span class='ocrx_word' id='word_1_175' title='bbox 3362 1217 3568 1292; x_wconf 82' lang='lat' dir='ltr'><strong>occur-</strong></span> 
     </span>
    </p>
   </div>
   <div class='ocr_carea' id='block_1_29' title="bbox 1926 1306 3566 1392">
    <p class='ocr_par' dir='ltr' id='par_1_29' title="bbox 1926 1306 3566 1392">
     <span class='ocr_line' id='line_1_29' title="bbox 1926 1306 3566 1392; baseline 0.009 -27"><span class='ocrx_word' id='word_1_176' title='bbox 1926 1307 2022 1369; x_wconf 86' lang='lat' dir='ltr'><strong>rit.</strong></span> <span class='ocrx_word' id='word_1_177' title='bbox 2057 1306 2273 1370; x_wconf 87' lang='lat' dir='ltr'><strong>Eorum</strong></span> <span class='ocrx_word' id='word_1_178' title='bbox 2300 1311 2459 1372; x_wconf 90' lang='lat' dir='ltr'><strong>enim</strong></span> <span class='ocrx_word' id='word_1_179' title='bbox 2478 1312 2710 1374; x_wconf 87' lang='lat' dir='ltr'><strong>animos</strong></span> <span class='ocrx_word' id='word_1_180' title='bbox 2729 1314 2790 1375; x_wconf 92' lang='lat' dir='ltr'><strong>in</strong></span> <span class='ocrx_word' id='word_1_181' title='bbox 2813 1316 3074 1377; x_wconf 89' lang='lat' dir='ltr'><strong>sublime</strong></span> <span class='ocrx_word' id='word_1_182' title='bbox 3089 1306 3382 1392; x_wconf 80' lang='lat' dir='ltr'><strong>evexerat,</strong></span> <span class='ocrx_word' id='word_1_183' title='bbox 3406 1337 3566 1380; x_wconf 91' lang='lat' dir='ltr'><strong>com-</strong></span> 
     </span>
    </p>
   </div>
   <div class='ocr_carea' id='block_1_30' title="bbox 1930 1397 3568 1480">
    <p class='ocr_par' dir='ltr' id='par_1_30' title="bbox 1930 1397 3568 1480">
     <span class='ocr_line' id='line_1_30' title="bbox 1930 1397 3568 1480; baseline 0.007 -24"><span class='ocrx_word' id='word_1_184' title='bbox 1930 1405 2211 1477; x_wconf 84' lang='lat' dir='ltr'><strong>moverat,</strong></span> <span class='ocrx_word' id='word_1_185' title='bbox 2241 1397 2422 1480; x_wconf 91' lang='lat' dir='ltr'><strong>inque</strong></span> <span class='ocrx_word' id='word_1_186' title='bbox 2453 1401 2726 1478; x_wconf 83' lang='lat' dir='ltr'><strong>Gregorii</strong></span> <span class='ocrx_word' id='word_1_187' title='bbox 2760 1421 3023 1465; x_wconf 90' lang='lat' dir='ltr'><strong>amorem</strong></span> <span class='ocrx_word' id='word_1_188' title='bbox 3056 1407 3436 1467; x_wconf 89' lang='lat' dir='ltr'><strong>vehementer</strong></span> <span class='ocrx_word' id='word_1_189' title='bbox 3465 1407 3568 1468; x_wconf 92' lang='lat' dir='ltr'><strong>in-</strong></span> 
     </span>
    </p>
   </div>
   <div class='ocr_carea' id='block_1_31' title="bbox 1927 1487 3567 1576">
    <p class='ocr_par' dir='ltr' id='par_1_31' title="bbox 1927 1487 3567 1576">
     <span class='ocr_line' id='line_1_31' title="bbox 1927 1487 3567 1576; baseline 0.008 -32"><span class='ocrx_word' id='word_1_190' title='bbox 1927 1487 2253 1549; x_wconf 85' lang='lat' dir='ltr'><strong>ﬂammarat</strong></span> <span class='ocrx_word' id='word_1_191' title='bbox 2283 1489 2497 1552; x_wconf 86' lang='lat' dir='ltr'><strong>surdus</strong></span> <span class='ocrx_word' id='word_1_192' title='bbox 2525 1491 2648 1568; x_wconf 89' lang='lat' dir='ltr'><strong>ille,</strong></span> <span class='ocrx_word' id='word_1_193' title='bbox 2678 1491 2958 1572; x_wconf 89' lang='lat' dir='ltr'><strong>idemque</strong></span> <span class='ocrx_word' id='word_1_194' title='bbox 2990 1501 3228 1556; x_wconf 87' lang='lat' dir='ltr'><strong>mutus:</strong></span> <span class='ocrx_word' id='word_1_195' title='bbox 3261 1495 3364 1576; x_wconf 88' lang='lat' dir='ltr'><strong>qui</strong></span> <span class='ocrx_word' id='word_1_196' title='bbox 3392 1504 3567 1558; x_wconf 86' lang='lat' dir='ltr'><strong>ante-</strong></span> 
     </span>
    </p>
   </div>
   <div class='ocr_carea' id='block_1_32' title="bbox 1927 1576 3569 1663">
    <p class='ocr_par' dir='ltr' id='par_1_32' title="bbox 1927 1576 3569 1663">
     <span class='ocr_line' id='line_1_32' title="bbox 1927 1576 3569 1663; baseline 0.008 -29"><span class='ocrx_word' id='word_1_197' title='bbox 1927 1585 2182 1652; x_wconf 91' lang='lat' dir='ltr'><strong>vertens,</strong></span> <span class='ocrx_word' id='word_1_198' title='bbox 2206 1576 2362 1657; x_wconf 81' lang='lat' dir='ltr'><strong>apud</strong></span> <span class='ocrx_word' id='word_1_199' title='bbox 2385 1596 2617 1652; x_wconf 85' lang='lat' dir='ltr'><strong>omnes,</strong></span> <span class='ocrx_word' id='word_1_200' title='bbox 2641 1600 2788 1661; x_wconf 91' lang='lat' dir='ltr'><strong>quos</strong></span> <span class='ocrx_word' id='word_1_201' title='bbox 2819 1582 3076 1644; x_wconf 85' lang='lat' dir='ltr'><strong>habebat</strong></span> <span class='ocrx_word' id='word_1_202' title='bbox 3095 1582 3569 1663; x_wconf 88' lang='lat' dir='ltr'><strong>obvios,semper</strong></span> 
     </span>
    </p>
   </div>
   <div class='ocr_carea' id='block_1_33' title="bbox 1925 1665 3568 1753">
    <p class='ocr_par' dir='ltr' id='par_1_33' title="bbox 1925 1665 3568 1753">
     <span class='ocr_line' id='line_1_33' title="bbox 1925 1665 3568 1753; baseline 0.006 -27"><span class='ocrx_word' id='word_1_203' title='bbox 1925 1665 2237 1746; x_wconf 86' lang='lat' dir='ltr'><strong>clamabat,</strong></span> <span class='ocrx_word' id='word_1_204' title='bbox 2271 1684 2455 1750; x_wconf 90' lang='lat' dir='ltr'><strong>seque</strong></span> <span class='ocrx_word' id='word_1_205' title='bbox 2489 1687 2822 1748; x_wconf 60' lang='lat' dir='ltr'><strong>praeconem</strong></span> <span class='ocrx_word' id='word_1_206' title='bbox 2857 1672 3067 1750; x_wconf 86' lang='lat' dir='ltr'><strong>patrati</strong></span> <span class='ocrx_word' id='word_1_207' title='bbox 3116 1671 3390 1734; x_wconf 89' lang='lat' dir='ltr'><strong>miraculi</strong></span> <span class='ocrx_word' id='word_1_208' title='bbox 3425 1691 3568 1753; x_wconf 65' lang='lat' dir='ltr'><strong>prae-</strong></span> 
     </span>
    </p>
   </div>
   <div class='ocr_carea' id='block_1_34' title="bbox 205 1754 1834 1842">
    <p class='ocr_par' dir='ltr' id='par_1_34' title="bbox 205 1755 1834 1842">
     <span class='ocr_line' id='line_1_34' title="bbox 205 1755 1834 1842; baseline 0.004 -34"><span class='ocrx_word' id='word_1_209' title='bbox 205 1755 441 1828; x_wconf 71' lang='grc' dir='ltr'>τώιτων,</span> <span class='ocrx_word' id='word_1_210' title='bbox 481 1755 650 1842; x_wconf 71' lang='grc' dir='ltr'>ἦὶερα</span> <span class='ocrx_word' id='word_1_211' title='bbox 677 1761 771 1812; x_wconf 82' lang='grc' dir='ltr'><strong>τοῦ</strong></span> <span class='ocrx_word' id='word_1_212' title='bbox 822 1757 1110 1834; x_wconf 76' lang='grc' dir='ltr'>Γρηγορίω</span> <span class='ocrx_word' id='word_1_213' title='bbox 1163 1760 1345 1837; x_wconf 78' lang='grc' dir='ltr'>μήτηρ</span> <span class='ocrx_word' id='word_1_214' title='bbox 1402 1760 1537 1834; x_wconf 77' lang='grc' dir='ltr'>μετὰ</span> <span class='ocrx_word' id='word_1_215' title='bbox 1594 1761 1679 1816; x_wconf 81' lang='grc' dir='ltr'><strong>καὶ</strong></span> <span class='ocrx_word' id='word_1_216' title='bbox 1738 1760 1834 1815; x_wconf 57' lang='grc' dir='ltr'><strong>τῶν</strong></span> 
     </span>
    </p>
   </div>
   <div class='ocr_carea' id='block_1_35' title="bbox 2005 1754 3570 1842">
    <p class='ocr_par' dir='ltr' id='par_1_35' title="bbox 2005 1754 3570 1839">
     <span class='ocr_line' id='line_1_35' title="bbox 2005 1754 3570 1839; baseline 0.007 -25"><span class='ocrx_word' id='word_1_217' title='bbox 2005 1754 2597 1821; x_wconf 60' lang='lat' dir='ltr'><strong>ibatillustremﬂum</strong></span> <span class='ocrx_word' id='word_1_218' title='bbox 2613 1758 2790 1838; x_wconf 83' lang='lat' dir='ltr'><strong>igitur</strong></span> <span class='ocrx_word' id='word_1_219' title='bbox 2804 1759 3074 1839; x_wconf 85' lang='lat' dir='ltr'><strong>Gregorii</strong></span> <span class='ocrx_word' id='word_1_220' title='bbox 3108 1770 3314 1836; x_wconf 88' lang='lat' dir='ltr'><strong>mater,</strong></span> <span class='ocrx_word' id='word_1_221' title='bbox 3353 1762 3570 1824; x_wconf 87' lang='lat' dir='ltr'><strong>mulier</strong></span> 
     </span>
    </p>
   </div>
   <div class='ocr_carea' id='block_1_36' title="bbox 206 1841 1834 1936">
    <p class='ocr_par' dir='ltr' id='par_1_36' title="bbox 206 1841 1834 1920">
     <span class='ocr_line' id='line_1_36' title="bbox 206 1841 1834 1920; baseline 0.007 -23"><span class='ocrx_word' id='word_1_222' title='bbox 206 1841 414 1899; x_wconf 76' lang='grc' dir='ltr'>λοιπῶν</span> <span class='ocrx_word' id='word_1_223' title='bbox 473 1841 824 1920; x_wconf 79' lang='grc' dir='ltr'>πρεσϐυτίδων</span> <span class='ocrx_word' id='word_1_224' title='bbox 873 1846 1019 1908; x_wconf 77' lang='grc' dir='ltr'>ἐντός</span> <span class='ocrx_word' id='word_1_225' title='bbox 1080 1847 1313 1916; x_wconf 74' lang='grc' dir='ltr'>εἱστήκει</span> <span class='ocrx_word' id='word_1_226' title='bbox 1367 1854 1464 1915; x_wconf 80' lang='grc' dir='ltr'>τῆς</span> <span class='ocrx_word' id='word_1_227' title='bbox 1516 1848 1689 1916; x_wconf 66' lang='grc' dir='ltr'>πύλης</span> <span class='ocrx_word' id='word_1_228' title='bbox 1749 1854 1834 1916; x_wconf 73' lang='grc' dir='ltr'>τῆς</span> 
     </span>
    </p>
   </div>
   <div class='ocr_carea' id='block_1_37' title="bbox 2005 1841 3565 1936">
    <p class='ocr_par' dir='ltr' id='par_1_37' title="bbox 2005 1844 3565 1936">
     <span class='ocr_line' id='line_1_37' title="bbox 2005 1844 3565 1936; baseline 0.006 -31"><span class='ocrx_word' id='word_1_229' title='bbox 2005 1852 2155 1936; x_wconf 80' lang='lat' dir='ltr'><strong>ncta,</strong></span> <span class='ocrx_word' id='word_1_230' title='bbox 2190 1844 2471 1936; x_wconf 85' lang='lat' dir='ltr'><strong>aliisﬁlio</strong></span> <span class='ocrx_word' id='word_1_231' title='bbox 2501 1846 2728 1910; x_wconf 88' lang='lat' dir='ltr'><strong>obviam</strong></span> <span class='ocrx_word' id='word_1_232' title='bbox 2779 1849 3230 1929; x_wconf 77' lang='lat' dir='ltr'><strong>prodeuntibus,</strong></span> <span class='ocrx_word' id='word_1_233' title='bbox 3274 1851 3565 1936; x_wconf 10' lang='lat' dir='ltr'><strong>ipsa‘cum</strong></span> 
     </span>
    </p>
   </div>
   <div class='ocr_carea' id='block_1_38' title="bbox 203 1931 1834 2019">
    <p class='ocr_par' dir='ltr' id='par_1_38' title="bbox 203 1931 1834 2014">
     <span class='ocr_line' id='line_1_38' title="bbox 203 1931 1834 2014; baseline 0.005 -27"><span class='ocrx_word' id='word_1_234' title='bbox 203 1931 436 2007; x_wconf 81' lang='grc' dir='ltr'>πόλεως,</span> <span class='ocrx_word' id='word_1_235' title='bbox 469 1931 573 1999; x_wconf 74' lang='grc' dir='ltr'>ἤδη</span> <span class='ocrx_word' id='word_1_236' title='bbox 605 1934 702 2007; x_wconf 76' lang='grc' dir='ltr'>μέν</span> <span class='ocrx_word' id='word_1_237' title='bbox 729 1957 848 1992; x_wconf 87' lang='grc' dir='ltr'>τινα</span> <span class='ocrx_word' id='word_1_238' title='bbox 891 1935 1089 2014; x_wconf 81' lang='grc' dir='ltr'>τρόπον</span> <span class='ocrx_word' id='word_1_239' title='bbox 1149 1937 1423 2004; x_wconf 79' lang='grc' dir='ltr'>ἀκηκουῖα</span> <span class='ocrx_word' id='word_1_240' title='bbox 1466 1939 1532 1994; x_wconf 80' lang='grc' dir='ltr'><strong>τὰ</strong></span> <span class='ocrx_word' id='word_1_241' title='bbox 1591 1941 1728 1996; x_wconf 83' lang='grc' dir='ltr'>κατὰ</span> <span class='ocrx_word' id='word_1_242' title='bbox 1757 1941 1834 1995; x_wconf 45' lang='grc' dir='ltr'><strong>τὸς</strong></span> 
     </span>
    </p>
   </div>
   <div class='ocr_carea' id='block_1_39' title="bbox 2005 1931 3568 2019">
    <p class='ocr_par' dir='ltr' id='par_1_39' title="bbox 2005 1933 3568 2019">
     <span class='ocr_line' id='line_1_39' title="bbox 2005 1933 3568 2019; baseline 0.005 -25"><span class='ocrx_word' id='word_1_243' title='bbox 2005 1933 2180 2013; x_wconf 91' lang='lat' dir='ltr'><strong>liquis</strong></span> <span class='ocrx_word' id='word_1_244' title='bbox 2209 1935 2552 1999; x_wconf 87' lang='lat' dir='ltr'><strong>senioribus</strong></span> <span class='ocrx_word' id='word_1_245' title='bbox 2582 1939 2819 2000; x_wconf 82' lang='lat' dir='ltr'><strong>feminis</strong></span> <span class='ocrx_word' id='word_1_246' title='bbox 2848 1941 3003 2001; x_wconf 88' lang='lat' dir='ltr'><strong>intra</strong></span> <span class='ocrx_word' id='word_1_247' title='bbox 3044 1948 3271 2019; x_wconf 92' lang='lat' dir='ltr'><strong>portam</strong></span> <span class='ocrx_word' id='word_1_248' title='bbox 3315 1933 3568 2002; x_wconf 87' lang='lat' dir='ltr'><strong>civitatis</strong></span> 
     </span>
    </p>
   </div>
   <div class='ocr_carea' id='block_1_40' title="bbox 193 2020 1834 2107">
    <p class='ocr_par' dir='ltr' id='par_1_40' title="bbox 193 2020 1834 2104">
     <span class='ocr_line' id='line_1_40' title="bbox 193 2020 1834 2104; baseline 0.005 -28"><span class='ocrx_word' id='word_1_249' title='bbox 193 2023 304 2077; x_wconf 79' lang='grc' dir='ltr'>υἱόν</span> <span class='ocrx_word' id='word_1_250' title='bbox 335 2041 351 2054; x_wconf 65' lang='grc' dir='ltr'><strong>θ</strong></span> <span class='ocrx_word' id='word_1_251' title='bbox 411 2020 531 2078; x_wconf 72' lang='grc' dir='ltr'>οὐδὲ</span> <span class='ocrx_word' id='word_1_252' title='bbox 589 2023 688 2102; x_wconf 77' lang='grc' dir='ltr'><strong>γὰρ</strong></span> <span class='ocrx_word' id='word_1_253' title='bbox 747 2022 912 2088; x_wconf 74' lang='grc' dir='ltr'>οὕτως</span> <span class='ocrx_word' id='word_1_254' title='bbox 969 2025 1176 2100; x_wconf 76' lang='grc' dir='ltr'>ἀμελὴς</span> <span class='ocrx_word' id='word_1_255' title='bbox 1251 2029 1489 2104; x_wconf 77' lang='grc' dir='ltr'>Χαρίτων</span> <span class='ocrx_word' id='word_1_256' title='bbox 1559 2031 1587 2084; x_wconf 98' lang='lat'><strong>6</strong></span> <span class='ocrx_word' id='word_1_257' title='bbox 1650 2029 1834 2095; x_wconf 72' lang='grc' dir='ltr'>ταύτης</span> 
     </span>
    </p>
   </div>
   <div class='ocr_carea' id='block_1_41' title="bbox 2005 2020 3563 2107">
    <p class='ocr_par' dir='ltr' id='par_1_41' title="bbox 2007 2021 3563 2107">
     <span class='ocr_line' id='line_1_41' title="bbox 2007 2021 3563 2107; baseline 0.004 -26"><span class='ocrx_word' id='word_1_258' title='bbox 2007 2021 2292 2084; x_wconf 87' lang='lat' dir='ltr'><strong>bstitisset</strong></span> <span class='ocrx_word' id='word_1_259' title='bbox 2321 2031 2450 2101; x_wconf 88' lang='lat' dir='ltr'><strong>(nec</strong></span> <span class='ocrx_word' id='word_1_260' title='bbox 2481 2026 2642 2088; x_wconf 90' lang='lat' dir='ltr'><strong>enim</strong></span> <span class='ocrx_word' id='word_1_261' title='bbox 2685 2045 2811 2107; x_wconf 75' lang='lat' dir='ltr'><strong>quae</strong></span> <span class='ocrx_word' id='word_1_262' title='bbox 2845 2027 2966 2089; x_wconf 92' lang='lat' dir='ltr'><strong>ﬁlio</strong></span> <span class='ocrx_word' id='word_1_263' title='bbox 3000 2028 3140 2089; x_wconf 92' lang='lat' dir='ltr'><strong>olim</strong></span> <span class='ocrx_word' id='word_1_264' title='bbox 3172 2027 3563 2106; x_wconf 84' lang='lat' dir='ltr'><strong>contigerant,</strong></span> 
     </span>
    </p>
   </div>
   <div class='ocr_carea' id='block_1_42' title="bbox 195 2111 1851 2190">
    <p class='ocr_par' dir='ltr' id='par_1_42' title="bbox 195 2111 1851 2190">
     <span class='ocr_line' id='line_1_42' title="bbox 195 2111 1851 2190; baseline 0.004 -23"><span class='ocrx_word' id='word_1_265' title='bbox 195 2111 353 2190; x_wconf 69' lang='grc' dir='ltr'>ἀνὴρ,</span> <span class='ocrx_word' id='word_1_266' title='bbox 413 2113 487 2174; x_wconf 83' lang='grc' dir='ltr'>ὡς</span> <span class='ocrx_word' id='word_1_267' title='bbox 545 2114 623 2187; x_wconf 76' lang='grc' dir='ltr'><strong>μὴ</strong></span> <span class='ocrx_word' id='word_1_268' title='bbox 681 2114 939 2181; x_wconf 77' lang='grc' dir='ltr'><strong>τοσαύτης</strong></span> <span class='ocrx_word' id='word_1_269' title='bbox 996 2113 1186 2182; x_wconf 78' lang='grc' dir='ltr'>ἡδονῆς</span> <span class='ocrx_word' id='word_1_270' title='bbox 1250 2118 1499 2173; x_wconf 77' lang='grc' dir='ltr'>κοινωνὸν</span> <span class='ocrx_word' id='word_1_271' title='bbox 1555 2118 1729 2174; x_wconf 72' lang='grc' dir='ltr'>θέσθαι</span> <span class='ocrx_word' id='word_1_272' title='bbox 1761 2119 1851 2174; x_wconf 87' lang='grc' dir='ltr'><strong>καὶ</strong></span> 
     </span>
    </p>
   </div>
   <div class='ocr_carea' id='block_1_43' title="bbox 194 2201 1850 2280">
    <p class='ocr_par' dir='ltr' id='par_1_43' title="bbox 194 2201 1850 2280">
     <span class='ocr_line' id='line_1_43' title="bbox 194 2201 1850 2280; baseline 0.007 -26"><span class='ocrx_word' id='word_1_273' title='bbox 194 2201 291 2265; x_wconf 74' lang='grc' dir='ltr'>τὴν</span> <span class='ocrx_word' id='word_1_274' title='bbox 346 2213 580 2277; x_wconf 77' lang='grc' dir='ltr'>γυναῖκα</span> <span class='ocrx_word' id='word_1_275' title='bbox 633 2203 720 2257; x_wconf 85' lang='grc' dir='ltr'><strong>καὶ</strong></span> <span class='ocrx_word' id='word_1_276' title='bbox 777 2202 1041 2280; x_wconf 79' lang='grc' dir='ltr'>πόῤῥωθεν</span> <span class='ocrx_word' id='word_1_277' title='bbox 1103 2204 1283 2277; x_wconf 78' lang='grc' dir='ltr'>οὖσαν,</span> <span class='ocrx_word' id='word_1_278' title='bbox 1344 2203 1464 2262; x_wconf 80' lang='grc' dir='ltr'>ἀλλ’</span> <span class='ocrx_word' id='word_1_279' title='bbox 1515 2206 1608 2263; x_wconf 83' lang='grc' dir='ltr'>οὖν</span> <span class='ocrx_word' id='word_1_280' title='bbox 1651 2209 1738 2262; x_wconf 82' lang='grc' dir='ltr'><strong>καὶ</strong></span> <span class='ocrx_word' id='word_1_281' title='bbox 1773 2206 1850 2265; x_wconf 77' lang='grc' dir='ltr'>ἔτι</span> 
     </span>
    </p>
   </div>
   <div class='ocr_carea' id='block_1_44' title="bbox 198 2288 1849 2374">
    <p class='ocr_par' dir='ltr' id='par_1_44' title="bbox 198 2288 1849 2374">
     <span class='ocr_line' id='line_1_44' title="bbox 198 2288 1849 2374; baseline 0.004 -30"><span class='ocrx_word' id='word_1_282' title='bbox 198 2288 378 2367; x_wconf 75' lang='grc' dir='ltr'>ὥσπερ</span> <span class='ocrx_word' id='word_1_283' title='bbox 406 2294 487 2362; x_wconf 81' lang='grc' dir='ltr'><strong>τῷ</strong></span> <span class='ocrx_word' id='word_1_284' title='bbox 534 2289 807 2368; x_wconf 79' lang='grc' dir='ltr'>παραδόξῳ</span> <span class='ocrx_word' id='word_1_285' title='bbox 861 2294 957 2348; x_wconf 73' lang='grc' dir='ltr'>τοῦ</span> <span class='ocrx_word' id='word_1_286' title='bbox 1011 2293 1324 2372; x_wconf 75' lang='grc' dir='ltr'>πράγματος</span> <span class='ocrx_word' id='word_1_287' title='bbox 1378 2294 1646 2374; x_wconf 77' lang='grc' dir='ltr'>μετέωρος</span> <span class='ocrx_word' id='word_1_288' title='bbox 1720 2296 1849 2353; x_wconf 75' lang='grc' dir='ltr'>οὖσα</span> 
     </span>
    </p>
   </div>
   <div class='ocr_carea' id='block_1_45' title="bbox 200 2378 1848 2462">
    <p class='ocr_par' dir='ltr' id='par_1_45' title="bbox 200 2378 1848 2462">
     <span class='ocr_line' id='line_1_45' title="bbox 200 2378 1848 2462; baseline 0.004 -28"><span class='ocrx_word' id='word_1_289' title='bbox 200 2380 300 2446; x_wconf 71' lang='grc' dir='ltr'><strong>τὴν</strong></span> <span class='ocrx_word' id='word_1_290' title='bbox 358 2378 546 2458; x_wconf 63' lang='grc' dir='ltr'>φρένα,</span> <span class='ocrx_word' id='word_1_291' title='bbox 604 2384 691 2436; x_wconf 79' lang='grc' dir='ltr'>καὶ</span> <span class='ocrx_word' id='word_1_292' title='bbox 745 2384 840 2440; x_wconf 79' lang='grc' dir='ltr'>οὐκ</span> <span class='ocrx_word' id='word_1_293' title='bbox 897 2379 1100 2461; x_wconf 76' lang='grc' dir='ltr'>ἔχουσα</span> <span class='ocrx_word' id='word_1_294' title='bbox 1156 2395 1276 2448; x_wconf 76' lang='grc' dir='ltr'>τοῖς</span> <span class='ocrx_word' id='word_1_295' title='bbox 1324 2381 1634 2462; x_wconf 80' lang='grc' dir='ltr'>λεγομένοις</span> <span class='ocrx_word' id='word_1_296' title='bbox 1668 2388 1848 2444; x_wconf 79' lang='grc' dir='ltr'>συντί-</span> 
     </span>
    </p>
   </div>
   <div class='ocr_carea' id='block_1_46' title="bbox 201 2469 1845 2551">
    <p class='ocr_par' dir='ltr' id='par_1_46' title="bbox 201 2469 1845 2551">
     <span class='ocr_line' id='line_1_46' title="bbox 201 2469 1845 2551; baseline 0.004 -26"><span class='ocrx_word' id='word_1_297' title='bbox 201 2473 410 2531; x_wconf 84' lang='grc' dir='ltr'>θεσθαι,</span> <span class='ocrx_word' id='word_1_298' title='bbox 474 2469 624 2526; x_wconf 79' lang='grc' dir='ltr'>Ἐπεὶ</span> <span class='ocrx_word' id='word_1_299' title='bbox 676 2469 732 2525; x_wconf 76' lang='grc' dir='ltr'>δὲ</span> <span class='ocrx_word' id='word_1_300' title='bbox 782 2470 868 2527; x_wconf 78' lang='grc' dir='ltr'><strong>καὶ</strong></span> <span class='ocrx_word' id='word_1_301' title='bbox 916 2471 1181 2551; x_wconf 79' lang='grc' dir='ltr'>πόῤῥωθεν</span> <span class='ocrx_word' id='word_1_302' title='bbox 1224 2471 1425 2540; x_wconf 74' lang='grc' dir='ltr'>ἥκοντα</span> <span class='ocrx_word' id='word_1_303' title='bbox 1464 2477 1558 2531; x_wconf 74' lang='grc' dir='ltr'>τὸν</span> <span class='ocrx_word' id='word_1_304' title='bbox 1591 2477 1700 2535; x_wconf 72' lang='grc' dir='ltr'>οἷὸν</span> <span class='ocrx_word' id='word_1_305' title='bbox 1733 2475 1845 2531; x_wconf 81' lang='grc' dir='ltr'>εἶδε</span> 
     </span>
    </p>
   </div>
   <div class='ocr_carea' id='block_1_47' title="bbox 204 2557 1844 2640">
    <p class='ocr_par' dir='ltr' id='par_1_47' title="bbox 204 2557 1844 2640">
     <span class='ocr_line' id='line_1_47' title="bbox 204 2557 1844 2640; baseline 0.003 -24"><span class='ocrx_word' id='word_1_306' title='bbox 204 2561 291 2616; x_wconf 82' lang='grc' dir='ltr'><strong>καὶ</strong></span> <span class='ocrx_word' id='word_1_307' title='bbox 317 2565 422 2624; x_wconf 73' lang='grc' dir='ltr'>τῆν</span> <span class='ocrx_word' id='word_1_308' title='bbox 451 2557 577 2632; x_wconf 74' lang='grc' dir='ltr'>ὄψιν</span> <span class='ocrx_word' id='word_1_309' title='bbox 625 2559 850 2637; x_wconf 70' lang='grc' dir='ltr'>ἆδὲγνω⁹</span> <span class='ocrx_word' id='word_1_310' title='bbox 910 2557 1106 2640; x_wconf 66' lang='grc' dir='ltr'>σφόδρα</span> <span class='ocrx_word' id='word_1_311' title='bbox 1164 2561 1264 2640; x_wconf 79' lang='grc' dir='ltr'><strong>γὰρ</strong></span> <span class='ocrx_word' id='word_1_312' title='bbox 1321 2563 1412 2620; x_wconf 82' lang='grc' dir='ltr'><strong>καὶ</strong></span> <span class='ocrx_word' id='word_1_313' title='bbox 1471 2576 1605 2628; x_wconf 77' lang='grc' dir='ltr'>παῖς</span> <span class='ocrx_word' id='word_1_314' title='bbox 1658 2563 1732 2622; x_wconf 81' lang='grc' dir='ltr'>ὢν</span> <span class='ocrx_word' id='word_1_315' title='bbox 1769 2563 1844 2621; x_wconf 70' lang='grc' dir='ltr'>ἔτι</span> 
     </span>
    </p>
   </div>
   <div class='ocr_carea' id='block_1_48' title="bbox 204 2647 1840 2731">
    <p class='ocr_par' dir='ltr' id='par_1_48' title="bbox 204 2647 1840 2731">
     <span class='ocr_line' id='line_1_48' title="bbox 204 2647 1840 2731; baseline 0.003 -26"><span class='ocrx_word' id='word_1_316' title='bbox 204 2656 280 2724; x_wconf 74' lang='grc' dir='ltr'>τῷ</span> <span class='ocrx_word' id='word_1_317' title='bbox 333 2650 495 2727; x_wconf 80' lang='grc' dir='ltr'>πατρὶ</span> <span class='ocrx_word' id='word_1_318' title='bbox 523 2650 827 2723; x_wconf 84' lang='grc' dir='ltr'>παρομοὶως</span> <span class='ocrx_word' id='word_1_319' title='bbox 883 2647 969 2726; x_wconf 77' lang='grc' dir='ltr'>ἦν,</span> <span class='ocrx_word' id='word_1_320' title='bbox 1031 2653 1104 2717; x_wconf 79' lang='grc' dir='ltr'>ὡς</span> <span class='ocrx_word' id='word_1_321' title='bbox 1131 2650 1234 2718; x_wconf 74' lang='grc' dir='ltr'>ἤδη</span> <span class='ocrx_word' id='word_1_322' title='bbox 1283 2657 1381 2710; x_wconf 64' lang='grc' dir='ltr'>καλε</span> <span class='ocrx_word' id='word_1_323' title='bbox 1423 2651 1840 2731; x_wconf 80' lang='grc' dir='ltr'>προδεδήλωται,</span> 
     </span>
    </p>
   </div>
   <div class='ocr_carea' id='block_1_49' title="bbox 205 2737 1843 2822">
    <p class='ocr_par' dir='ltr' id='par_1_49' title="bbox 205 2737 1843 2822">
     <span class='ocr_line' id='line_1_49' title="bbox 205 2737 1843 2822; baseline 0.002 -27"><span class='ocrx_word' id='word_1_324' title='bbox 205 2741 290 2796; x_wconf 79' lang='grc' dir='ltr'>καὶ</span> <span class='ocrx_word' id='word_1_325' title='bbox 349 2739 488 2815; x_wconf 79' lang='grc' dir='ltr'>ἀνὴρ</span> <span class='ocrx_word' id='word_1_326' title='bbox 557 2738 612 2794; x_wconf 79' lang='grc' dir='ltr'>δὲ</span> <span class='ocrx_word' id='word_1_327' title='bbox 682 2737 842 2795; x_wconf 79' lang='grc' dir='ltr'>πάλιν</span> <span class='ocrx_word' id='word_1_328' title='bbox 909 2741 1191 2818; x_wconf 86' lang='grc' dir='ltr'>γενόμενος</span> <span class='ocrx_word' id='word_1_329' title='bbox 1261 2745 1327 2802; x_wconf 80' lang='grc' dir='ltr'>τὰ</span> <span class='ocrx_word' id='word_1_330' title='bbox 1396 2743 1492 2810; x_wconf 74' lang='grc' dir='ltr'>τῆς</span> <span class='ocrx_word' id='word_1_331' title='bbox 1564 2742 1843 2822; x_wconf 82' lang='grc' dir='ltr'>ἐμφερείας</span> 
     </span>
    </p>
   </div>
   <div class='ocr_carea' id='block_1_50' title="bbox 1932 2111 3571 2196">
    <p class='ocr_par' dir='ltr' id='par_1_50' title="bbox 1932 2111 3571 2196">
     <span class='ocr_line' id='line_1_50' title="bbox 1932 2111 3571 2196; baseline 0.004 -24"><span class='ocrx_word' id='word_1_332' title='bbox 1932 2111 2307 2190; x_wconf 85' lang='lat' dir='ltr'><strong>aliquatenus</strong></span> <span class='ocrx_word' id='word_1_333' title='bbox 2338 2113 2496 2176; x_wconf 87' lang='lat' dir='ltr'><strong>illam</strong></span> <span class='ocrx_word' id='word_1_334' title='bbox 2531 2115 2814 2191; x_wconf 87' lang='lat' dir='ltr'><strong>latebant,</strong></span> <span class='ocrx_word' id='word_1_335' title='bbox 2843 2116 3134 2196; x_wconf 87' lang='lat' dir='ltr'><strong>siquidem</strong></span> <span class='ocrx_word' id='word_1_336' title='bbox 3169 2115 3452 2180; x_wconf 85' lang='lat' dir='ltr'><strong>Chariton</strong></span> <span class='ocrx_word' id='word_1_337' title='bbox 3488 2120 3571 2179; x_wconf 81' lang='lat' dir='ltr'><strong>vir</strong></span> 
     </span>
    </p>
   </div>
   <div class='ocr_carea' id='block_1_51' title="bbox 1935 2201 3564 2286">
    <p class='ocr_par' dir='ltr' id='par_1_51' title="bbox 1935 2201 3564 2286">
     <span class='ocr_line' id='line_1_51' title="bbox 1935 2201 3564 2286; baseline 0.003 -25"><span class='ocrx_word' id='word_1_338' title='bbox 1935 2201 2218 2280; x_wconf 52' lang='lat' dir='ltr'><strong>ejus,non</strong></span> <span class='ocrx_word' id='word_1_339' title='bbox 2244 2220 2434 2282; x_wconf 88' lang='lat' dir='ltr'><strong>usque</strong></span> <span class='ocrx_word' id='word_1_340' title='bbox 2489 2205 2638 2265; x_wconf 89' lang='lat' dir='ltr'><strong>adeo</strong></span> <span class='ocrx_word' id='word_1_341' title='bbox 2692 2206 2892 2282; x_wconf 83' lang='lat' dir='ltr'><strong>segnis</strong></span> <span class='ocrx_word' id='word_1_342' title='bbox 2949 2205 3078 2280; x_wconf 81' lang='lat' dir='ltr'><strong>fuit,</strong></span> <span class='ocrx_word' id='word_1_343' title='bbox 3136 2207 3275 2286; x_wconf 89' lang='lat' dir='ltr'><strong>quin</strong></span> <span class='ocrx_word' id='word_1_344' title='bbox 3316 2223 3564 2268; x_wconf 81' lang='lat' dir='ltr'><strong>uxorem</strong></span> 
     </span>
    </p>
   </div>
   <div class='ocr_carea' id='block_1_52' title="bbox 1935 2293 3569 2374">
    <p class='ocr_par' dir='ltr' id='par_1_52' title="bbox 1935 2293 3569 2374">
     <span class='ocr_line' id='line_1_52' title="bbox 1935 2293 3569 2374; baseline 0.003 -22"><span class='ocrx_word' id='word_1_345' title='bbox 1935 2309 2269 2370; x_wconf 89' lang='lat' dir='ltr'><strong>quanquam</strong></span> <span class='ocrx_word' id='word_1_346' title='bbox 2293 2293 2469 2370; x_wconf 88' lang='lat' dir='ltr'><strong>longe</strong></span> <span class='ocrx_word' id='word_1_347' title='bbox 2493 2293 2766 2372; x_wconf 90' lang='lat' dir='ltr'><strong>positam,</strong></span> <span class='ocrx_word' id='word_1_348' title='bbox 2784 2303 2899 2354; x_wconf 91' lang='lat' dir='ltr'><strong>tam</strong></span> <span class='ocrx_word' id='word_1_349' title='bbox 2922 2293 3179 2372; x_wconf 88' lang='lat' dir='ltr'><strong>ingentis</strong></span> <span class='ocrx_word' id='word_1_350' title='bbox 3203 2295 3417 2357; x_wconf 76' lang='lat' dir='ltr'><strong>laetitiae</strong></span> <span class='ocrx_word' id='word_1_351' title='bbox 3437 2312 3569 2374; x_wconf 90' lang='lat' dir='ltr'><strong>par-</strong></span> 
     </span>
    </p>
   </div>
   <div class='ocr_carea' id='block_1_53' title="bbox 1935 2380 3571 2463">
    <p class='ocr_par' dir='ltr' id='par_1_53' title="bbox 1935 2380 3571 2463">
     <span class='ocr_line' id='line_1_53' title="bbox 1935 2380 3571 2463; baseline 0.004 -22"><span class='ocrx_word' id='word_1_352' title='bbox 1935 2380 2174 2459; x_wconf 90' lang='lat' dir='ltr'><strong>ticipem</strong></span> <span class='ocrx_word' id='word_1_353' title='bbox 2205 2381 2447 2457; x_wconf 88' lang='lat' dir='ltr'><strong>faceret)</strong></span> <span class='ocrx_word' id='word_1_354' title='bbox 2478 2382 2729 2463; x_wconf 87' lang='lat' dir='ltr'><strong>proinde</strong></span> <span class='ocrx_word' id='word_1_355' title='bbox 2753 2383 3068 2461; x_wconf 87' lang='lat' dir='ltr'><strong>repentino</strong></span> <span class='ocrx_word' id='word_1_356' title='bbox 3100 2384 3212 2446; x_wconf 89' lang='lat' dir='ltr'><strong>hoc</strong></span> <span class='ocrx_word' id='word_1_357' title='bbox 3235 2393 3292 2445; x_wconf 89' lang='lat' dir='ltr'><strong>et</strong></span> <span class='ocrx_word' id='word_1_358' title='bbox 3317 2385 3571 2447; x_wconf 87' lang='lat' dir='ltr'><strong>admira-</strong></span> 
     </span>
    </p>
   </div>
   <div class='ocr_carea' id='block_1_54' title="bbox 1934 2470 3563 2552">
    <p class='ocr_par' dir='ltr' id='par_1_54' title="bbox 1934 2470 3563 2552">
     <span class='ocr_line' id='line_1_54' title="bbox 1934 2470 3563 2552; baseline 0.002 -21"><span class='ocrx_word' id='word_1_359' title='bbox 1934 2470 2038 2531; x_wconf 89' lang='lat' dir='ltr'><strong>bili</strong></span> <span class='ocrx_word' id='word_1_360' title='bbox 2070 2471 2276 2532; x_wconf 90' lang='lat' dir='ltr'><strong>nuntio</strong></span> <span class='ocrx_word' id='word_1_361' title='bbox 2306 2471 2610 2552; x_wconf 84' lang='lat' dir='ltr'><strong>suspensis</strong></span> <span class='ocrx_word' id='word_1_362' title='bbox 2631 2472 2824 2536; x_wconf 90' lang='lat' dir='ltr'><strong>adhuc</strong></span> <span class='ocrx_word' id='word_1_363' title='bbox 2844 2480 2904 2535; x_wconf 86' lang='lat' dir='ltr'><strong>et</strong></span> <span class='ocrx_word' id='word_1_364' title='bbox 2932 2473 3146 2534; x_wconf 87' lang='lat' dir='ltr'><strong>erectis</strong></span> <span class='ocrx_word' id='word_1_365' title='bbox 3175 2473 3388 2534; x_wconf 89' lang='lat' dir='ltr'><strong>animis</strong></span> <span class='ocrx_word' id='word_1_366' title='bbox 3418 2482 3563 2548; x_wconf 89' lang='lat' dir='ltr'><strong>erat,</strong></span> 
     </span>
    </p>
   </div>
   <div class='ocr_carea' id='block_1_55' title="bbox 1931 2560 3568 2642">
    <p class='ocr_par' dir='ltr' id='par_1_55' title="bbox 1931 2560 3568 2642">
     <span class='ocr_line' id='line_1_55' title="bbox 1931 2560 3568 2642; baseline 0.002 -21"><span class='ocrx_word' id='word_1_367' title='bbox 1931 2579 2125 2641; x_wconf 90' lang='lat' dir='ltr'><strong>neque</strong></span> <span class='ocrx_word' id='word_1_368' title='bbox 2152 2561 2325 2622; x_wconf 88' lang='lat' dir='ltr'><strong>dictis</strong></span> <span class='ocrx_word' id='word_1_369' title='bbox 2352 2561 2736 2639; x_wconf 89' lang='lat' dir='ltr'><strong>acquiescere</strong></span> <span class='ocrx_word' id='word_1_370' title='bbox 2769 2567 3016 2642; x_wconf 85' lang='lat' dir='ltr'><strong>poterat.</strong></span> <span class='ocrx_word' id='word_1_371' title='bbox 3041 2561 3116 2623; x_wconf 89' lang='lat' dir='ltr'><strong>At</strong></span> <span class='ocrx_word' id='word_1_372' title='bbox 3137 2560 3240 2622; x_wconf 89' lang='lat' dir='ltr'><strong>ubi</strong></span> <span class='ocrx_word' id='word_1_373' title='bbox 3267 2562 3447 2624; x_wconf 87' lang='lat' dir='ltr'><strong>lilium</strong></span> <span class='ocrx_word' id='word_1_374' title='bbox 3472 2579 3568 2624; x_wconf 85' lang='lat' dir='ltr'><strong>ve-</strong></span> 
     </span>
    </p>
   </div>
   <div class='ocr_carea' id='block_1_56' title="bbox 1932 2649 3563 2730">
    <p class='ocr_par' dir='ltr' id='par_1_56' title="bbox 1932 2649 3563 2730">
     <span class='ocr_line' id='line_1_56' title="bbox 1932 2649 3563 2730; baseline 0.001 -20"><span class='ocrx_word' id='word_1_375' title='bbox 1932 2650 2193 2712; x_wconf 90' lang='lat' dir='ltr'><strong>nientem</strong></span> <span class='ocrx_word' id='word_1_376' title='bbox 2223 2649 2458 2713; x_wconf 86' lang='lat' dir='ltr'><strong>eminus</strong></span> <span class='ocrx_word' id='word_1_377' title='bbox 2507 2649 2848 2730; x_wconf 82' lang='lat' dir='ltr'><strong>conspicata</strong></span> <span class='ocrx_word' id='word_1_378' title='bbox 2897 2658 3010 2724; x_wconf 87' lang='lat' dir='ltr'><strong>est,</strong></span> <span class='ocrx_word' id='word_1_379' title='bbox 3069 2649 3276 2712; x_wconf 82' lang='lat' dir='ltr'><strong>faciem</strong></span> <span class='ocrx_word' id='word_1_380' title='bbox 3307 2651 3563 2729; x_wconf 84' lang='lat' dir='ltr'><strong>agnovit,</strong></span> 
     </span>
    </p>
   </div>
   <div class='ocr_carea' id='block_1_57' title="bbox 1931 2738 3567 2820">
    <p class='ocr_par' dir='ltr' id='par_1_57' title="bbox 1931 2738 3567 2820">
     <span class='ocr_line' id='line_1_57' title="bbox 1931 2738 3567 2820; baseline 0.001 -20"><span class='ocrx_word' id='word_1_381' title='bbox 1931 2739 2081 2819; x_wconf 87' lang='lat' dir='ltr'><strong>patri</strong></span> <span class='ocrx_word' id='word_1_382' title='bbox 2107 2739 2264 2802; x_wconf 78' lang='lat' dir='ltr'><strong>enim</strong></span> <span class='ocrx_word' id='word_1_383' title='bbox 2291 2757 2439 2820; x_wconf 89' lang='lat' dir='ltr'><strong>puer</strong></span> <span class='ocrx_word' id='word_1_384' title='bbox 2459 2739 2654 2802; x_wconf 85' lang='lat' dir='ltr'><strong>adhuc</strong></span> <span class='ocrx_word' id='word_1_385' title='bbox 2675 2738 2966 2802; x_wconf 87' lang='lat' dir='ltr'><strong>exsistens</strong></span> <span class='ocrx_word' id='word_1_386' title='bbox 2990 2756 3094 2819; x_wconf 86' lang='lat' dir='ltr'><strong>per</strong></span> <span class='ocrx_word' id='word_1_387' title='bbox 3123 2740 3324 2801; x_wconf 86' lang='lat' dir='ltr'><strong>omnia</strong></span> <span class='ocrx_word' id='word_1_388' title='bbox 3357 2748 3567 2812; x_wconf 83' lang='lat' dir='ltr'><strong>(utnon</strong></span> 
     </span>
    </p>
   </div>
   <div class='ocr_carea' id='block_1_58' title="bbox 206 2827 1834 2911">
    <p class='ocr_par' dir='ltr' id='par_1_58' title="bbox 206 2827 1834 2911">
     <span class='ocr_line' id='line_1_58' title="bbox 206 2827 1834 2911; baseline 0.002 -27"><span class='ocrx_word' id='word_1_389' title='bbox 206 2827 344 2907; x_wconf 79' lang='grc' dir='ltr'>ἴχνη</span> <span class='ocrx_word' id='word_1_390' title='bbox 395 2827 635 2898; x_wconf 75' lang='grc' dir='ltr'>διέσωζεο</span> <span class='ocrx_word' id='word_1_391' title='bbox 695 2828 756 2884; x_wconf 86' lang='grc' dir='ltr'><strong>τό</strong></span> <span class='ocrx_word' id='word_1_392' title='bbox 803 2851 860 2884; x_wconf 78' lang='grc' dir='ltr'><strong>τε</strong></span> <span class='ocrx_word' id='word_1_393' title='bbox 919 2829 1008 2886; x_wconf 79' lang='grc' dir='ltr'>οὖν</span> <span class='ocrx_word' id='word_1_394' title='bbox 1063 2831 1242 2896; x_wconf 86' lang='grc' dir='ltr'>καλὼς</span> <span class='ocrx_word' id='word_1_395' title='bbox 1301 2833 1458 2890; x_wconf 74' lang='grc' dir='ltr'>αὐτὸν</span> <span class='ocrx_word' id='word_1_396' title='bbox 1531 2831 1834 2911; x_wconf 63' lang='grc' dir='ltr'><strong>ἐπιγνοῦσα1</strong></span> 
     </span>
    </p>
   </div>
   <div class='ocr_carea' id='block_1_59' title="bbox 2005 2827 3557 2911">
    <p class='ocr_par' dir='ltr' id='par_1_59' title="bbox 2005 2827 3557 2908">
     <span class='ocr_line' id='line_1_59' title="bbox 2005 2827 3557 2908; baseline -0.001 -19"><span class='ocrx_word' id='word_1_397' title='bbox 2005 2853 2011 2889; x_wconf 76' lang='grc' dir='ltr'><strong>ι</strong></span> <span class='ocrx_word' id='word_1_398' title='bbox 2041 2828 2271 2908; x_wconf 82' lang='lat' dir='ltr'><strong>pridem</strong></span> <span class='ocrx_word' id='word_1_399' title='bbox 2305 2827 2680 2908; x_wconf 90' lang='lat' dir='ltr'><strong>perspicuum</strong></span> <span class='ocrx_word' id='word_1_400' title='bbox 2713 2828 2928 2890; x_wconf 82' lang='lat' dir='ltr'><strong>factum</strong></span> <span class='ocrx_word' id='word_1_401' title='bbox 2960 2829 3071 2908; x_wconf 90' lang='lat' dir='ltr'><strong>est)</strong></span> <span class='ocrx_word' id='word_1_402' title='bbox 3131 2827 3342 2890; x_wconf 90' lang='lat' dir='ltr'><strong>similis</strong></span> <span class='ocrx_word' id='word_1_403' title='bbox 3394 2835 3557 2889; x_wconf 89' lang='lat' dir='ltr'><strong>erat:</strong></span> 
     </span>
    </p>
   </div>
   <div class='ocr_carea' id='block_1_60' title="bbox 204 2916 1834 2999">
    <p class='ocr_par' dir='ltr' id='par_1_60' title="bbox 204 2916 1834 2999">
     <span class='ocr_line' id='line_1_60' title="bbox 204 2916 1834 2999; baseline 0.001 -25"><span class='ocrx_word' id='word_1_404' title='bbox 204 2920 318 2975; x_wconf 62' lang='grc' dir='ltr'>ἐπεὶ</span> <span class='ocrx_word' id='word_1_405' title='bbox 375 2916 544 2994; x_wconf 72' lang='grc' dir='ltr'>μηδὲν</span> <span class='ocrx_word' id='word_1_406' title='bbox 601 2916 893 2997; x_wconf 77' lang='grc' dir='ltr'>ἀμφίϐολον</span> <span class='ocrx_word' id='word_1_407' title='bbox 950 2919 1284 2998; x_wconf 79' lang='grc' dir='ltr'>ὑπελείπετο,</span> <span class='ocrx_word' id='word_1_408' title='bbox 1342 2921 1481 2979; x_wconf 76' lang='grc' dir='ltr'>ἀλλὰ</span> <span class='ocrx_word' id='word_1_409' title='bbox 1523 2925 1761 2999; x_wconf 78' lang='grc' dir='ltr'>καθαρῶς</span> <span class='ocrx_word' id='word_1_410' title='bbox 1817 2925 1834 2977; x_wconf 72' lang='grc' dir='ltr'><strong>ἑ</strong></span> 
     </span>
    </p>
   </div>
   <div class='ocr_carea' id='block_1_61' title="bbox 2005 2916 3573 2999">
    <p class='ocr_par' dir='ltr' id='par_1_61' title="bbox 2011 2916 3573 2997">
     <span class='ocr_line' id='line_1_61' title="bbox 2011 2916 3573 2997; baseline 0.001 -19"><span class='ocrx_word' id='word_1_411' title='bbox 2011 2918 2071 2978; x_wconf 88' lang='lat' dir='ltr'><strong>in</strong></span> <span class='ocrx_word' id='word_1_412' title='bbox 2103 2926 2160 2978; x_wconf 89' lang='lat' dir='ltr'><strong>et</strong></span> <span class='ocrx_word' id='word_1_413' title='bbox 2191 2918 2280 2978; x_wconf 89' lang='lat' dir='ltr'><strong>vir</strong></span> <span class='ocrx_word' id='word_1_414' title='bbox 2309 2918 2521 2994; x_wconf 81' lang='lat' dir='ltr'><strong>factus,</strong></span> <span class='ocrx_word' id='word_1_415' title='bbox 2557 2917 2794 2997; x_wconf 80' lang='lat' dir='ltr'><strong>vestigia</strong></span> <span class='ocrx_word' id='word_1_416' title='bbox 2809 2916 3219 2978; x_wconf 87' lang='lat' dir='ltr'><strong>similitudinis</strong></span> <span class='ocrx_word' id='word_1_417' title='bbox 3249 2936 3573 2980; x_wconf 89' lang='lat' dir='ltr'><strong>conserva-</strong></span> 
     </span>
    </p>
   </div>
   <div class='ocr_carea' id='block_1_62' title="bbox 207 3005 1834 3091">
    <p class='ocr_par' dir='ltr' id='par_1_62' title="bbox 207 3008 1834 3091">
     <span class='ocr_line' id='line_1_62' title="bbox 207 3008 1834 3091; baseline 0.002 -27"><span class='ocrx_word' id='word_1_418' title='bbox 207 3010 501 3087; x_wconf 81' lang='grc' dir='ltr'>Γρηγόριος</span> <span class='ocrx_word' id='word_1_419' title='bbox 561 3008 666 3072; x_wconf 80' lang='grc' dir='ltr'>υἱὸς</span> <span class='ocrx_word' id='word_1_420' title='bbox 725 3008 888 3076; x_wconf 72' lang='grc' dir='ltr'>αὐτῆς</span> <span class='ocrx_word' id='word_1_421' title='bbox 939 3009 1269 3091; x_wconf 82' lang='grc' dir='ltr'>ἐγνωρίζετο,</span> <span class='ocrx_word' id='word_1_422' title='bbox 1325 3010 1558 3083; x_wconf 78' lang='grc' dir='ltr'>δακρύων</span> <span class='ocrx_word' id='word_1_423' title='bbox 1600 3011 1698 3087; x_wconf 75' lang='grc' dir='ltr'>μὲν</span> <span class='ocrx_word' id='word_1_424' title='bbox 1729 3013 1834 3076; x_wconf 75' lang='grc' dir='ltr'>τοὺς</span> 
     </span>
    </p>
   </div>
   <div class='ocr_carea' id='block_1_63' title="bbox 2005 3005 3568 3091">
    <p class='ocr_par' dir='ltr' id='par_1_63' title="bbox 2005 3005 3568 3086">
     <span class='ocr_line' id='line_1_63' title="bbox 2005 3005 3568 3086; baseline 0.002 -21"><span class='ocrx_word' id='word_1_425' title='bbox 2005 3053 2029 3070; x_wconf 88' lang='grc'><strong>..</strong></span> <span class='ocrx_word' id='word_1_426' title='bbox 2063 3006 2457 3079; x_wconf 87' lang='lat' dir='ltr'><strong>Quamobrem</strong></span> <span class='ocrx_word' id='word_1_427' title='bbox 2491 3025 2626 3068; x_wconf 89' lang='lat' dir='ltr'><strong>cum</strong></span> <span class='ocrx_word' id='word_1_428' title='bbox 2659 3008 2846 3067; x_wconf 89' lang='lat' dir='ltr'><strong>ﬁlium</strong></span> <span class='ocrx_word' id='word_1_429' title='bbox 2877 3005 3060 3086; x_wconf 89' lang='lat' dir='ltr'><strong>probe</strong></span> <span class='ocrx_word' id='word_1_430' title='bbox 3104 3016 3474 3084; x_wconf 85' lang='lat' dir='ltr'><strong>agnosceret,</strong></span> <span class='ocrx_word' id='word_1_431' title='bbox 3510 3014 3568 3068; x_wconf 89' lang='lat' dir='ltr'><strong>et</strong></span> 
     </span>
    </p>
   </div>
   <div class='ocr_carea' id='block_1_64' title="bbox 205 3095 1834 3178">
    <p class='ocr_par' dir='ltr' id='par_1_64' title="bbox 205 3097 1834 3178">
     <span class='ocr_line' id='line_1_64' title="bbox 205 3097 1834 3178; baseline 0.003 -25"><span class='ocrx_word' id='word_1_432' title='bbox 205 3097 530 3176; x_wconf 71' lang='grc' dir='ltr'>ὀφθαλμοὺς,</span> <span class='ocrx_word' id='word_1_433' title='bbox 592 3104 766 3177; x_wconf 80' lang='grc' dir='ltr'>χαρᾶς</span> <span class='ocrx_word' id='word_1_434' title='bbox 824 3097 880 3153; x_wconf 82' lang='grc' dir='ltr'>δὲ</span> <span class='ocrx_word' id='word_1_435' title='bbox 937 3099 1035 3166; x_wconf 79' lang='grc' dir='ltr'><strong>τὴν</strong></span> <span class='ocrx_word' id='word_1_436' title='bbox 1085 3099 1300 3178; x_wconf 77' lang='grc' dir='ltr'>καρδίαν</span> <span class='ocrx_word' id='word_1_437' title='bbox 1349 3100 1559 3178; x_wconf 83' lang='grc' dir='ltr'>πλήρης</span> <span class='ocrx_word' id='word_1_438' title='bbox 1617 3100 1834 3178; x_wconf 70' lang='grc' dir='ltr'>ἐγίνετο,</span> 
     </span>
    </p>
   </div>
   <div class='ocr_carea' id='block_1_65' title="bbox 2005 3095 3566 3178">
    <p class='ocr_par' dir='ltr' id='par_1_65' title="bbox 2009 3095 3566 3176">
     <span class='ocr_line' id='line_1_65' title="bbox 2009 3095 3566 3176; baseline -0.001 -17"><span class='ocrx_word' id='word_1_439' title='bbox 2009 3115 2149 3176; x_wconf 89' lang='lat' dir='ltr'><strong>ceps</strong></span> <span class='ocrx_word' id='word_1_440' title='bbox 2179 3096 2325 3158; x_wconf 91' lang='lat' dir='ltr'><strong>nihil</strong></span> <span class='ocrx_word' id='word_1_441' title='bbox 2355 3097 2468 3158; x_wconf 85' lang='lat' dir='ltr'><strong>sibi</strong></span> <span class='ocrx_word' id='word_1_442' title='bbox 2489 3095 2808 3176; x_wconf 88' lang='lat' dir='ltr'><strong>quidquam</strong></span> <span class='ocrx_word' id='word_1_443' title='bbox 2839 3095 3301 3176; x_wconf 85' lang='lat' dir='ltr'><strong>relinqueretur,</strong></span> <span class='ocrx_word' id='word_1_444' title='bbox 3328 3097 3566 3176; x_wconf 83' lang='lat' dir='ltr'><strong>quomi-</strong></span> 
     </span>
    </p>
   </div>
   <div class='ocr_carea' id='block_1_66' title="bbox 204 3183 1834 3271">
    <p class='ocr_par' dir='ltr' id='par_1_66' title="bbox 204 3187 1834 3271">
     <span class='ocr_line' id='line_1_66' title="bbox 204 3187 1834 3271; baseline 0.001 -26"><span class='ocrx_word' id='word_1_445' title='bbox 204 3193 290 3246; x_wconf 78' lang='grc' dir='ltr'>καὶ</span> <span class='ocrx_word' id='word_1_446' title='bbox 344 3188 518 3250; x_wconf 78' lang='grc' dir='ltr'>ὅντως</span> <span class='ocrx_word' id='word_1_447' title='bbox 574 3188 703 3264; x_wconf 80' lang='grc' dir='ltr'>πρὸς</span> <span class='ocrx_word' id='word_1_448' title='bbox 761 3187 956 3254; x_wconf 74' lang='grc' dir='ltr'>ἑαυτὴν</span> <span class='ocrx_word' id='word_1_449' title='bbox 1013 3191 1193 3266; x_wconf 75' lang='grc' dir='ltr'>φησὶν,</span> <span class='ocrx_word' id='word_1_450' title='bbox 1254 3193 1329 3249; x_wconf 83' lang='grc' dir='ltr'>Ού</span> <span class='ocrx_word' id='word_1_451' title='bbox 1381 3189 1603 3268; x_wconf 79' lang='grc' dir='ltr'>ψευδὴς,</span> <span class='ocrx_word' id='word_1_452' title='bbox 1639 3189 1834 3271; x_wconf 71' lang='grc' dir='ltr'><strong>ἔλεγεν1</strong></span> 
     </span>
    </p>
   </div>
   <div class='ocr_carea' id='block_1_67' title="bbox 2005 3183 3566 3271">
    <p class='ocr_par' dir='ltr' id='par_1_67' title="bbox 2005 3183 3566 3266">
     <span class='ocr_line' id='line_1_67' title="bbox 2005 3183 3566 3266; baseline 0.001 -21"><span class='ocrx_word' id='word_1_453' title='bbox 2005 3204 2044 3247; x_wconf 60' lang='lat' dir='ltr'><strong>is</strong></span> <span class='ocrx_word' id='word_1_454' title='bbox 2073 3187 2392 3264; x_wconf 82' lang='lat' dir='ltr'><strong>Gregorius</strong></span> <span class='ocrx_word' id='word_1_455' title='bbox 2421 3187 2511 3247; x_wconf 91' lang='lat' dir='ltr'><strong>sui</strong></span> <span class='ocrx_word' id='word_1_456' title='bbox 2540 3186 2725 3264; x_wconf 88' lang='lat' dir='ltr'><strong>ipsius</strong></span> <span class='ocrx_word' id='word_1_457' title='bbox 2752 3184 2910 3246; x_wconf 88' lang='lat' dir='ltr'><strong>ﬁlius</strong></span> <span class='ocrx_word' id='word_1_458' title='bbox 2933 3183 3283 3246; x_wconf 83' lang='lat' dir='ltr'><strong>manifestus</strong></span> <span class='ocrx_word' id='word_1_459' title='bbox 3313 3203 3566 3266; x_wconf 83' lang='lat' dir='ltr'><strong>appare-</strong></span> 
     </span>
    </p>
   </div>
   <div class='ocr_carea' id='block_1_68' title="bbox 201 3273 1834 3356">
    <p class='ocr_par' dir='ltr' id='par_1_68' title="bbox 201 3274 1834 3356">
     <span class='ocr_line' id='line_1_68' title="bbox 201 3274 1834 3356; baseline 0.004 -26"><span class='ocrx_word' id='word_1_460' title='bbox 201 3284 261 3338; x_wconf 65' lang='grc' dir='ltr'>ὠ</span> <span class='ocrx_word' id='word_1_461' title='bbox 317 3275 519 3352; x_wconf 79' lang='grc' dir='ltr'>ψευδὴς</span> <span class='ocrx_word' id='word_1_462' title='bbox 577 3274 698 3344; x_wconf 77' lang='grc' dir='ltr'><strong>ἔφυς</strong></span> <span class='ocrx_word' id='word_1_463' title='bbox 759 3277 785 3332; x_wconf 79' lang='lat'><strong>6</strong></span> <span class='ocrx_word' id='word_1_464' title='bbox 829 3277 993 3333; x_wconf 83' lang='grc' dir='ltr'>ταῦτά</span> <span class='ocrx_word' id='word_1_465' title='bbox 1039 3299 1136 3344; x_wconf 82' lang='grc' dir='ltr'><strong>μοι</strong></span> <span class='ocrx_word' id='word_1_466' title='bbox 1185 3281 1287 3356; x_wconf 79' lang='grc' dir='ltr'><strong>πρὸ</strong></span> <span class='ocrx_word' id='word_1_467' title='bbox 1335 3278 1535 3336; x_wconf 79' lang='grc' dir='ltr'>πολλοῦ</span> <span class='ocrx_word' id='word_1_468' title='bbox 1589 3280 1834 3356; x_wconf 76' lang='grc' dir='ltr'><strong>εἰρηκὼς1</strong></span> 
     </span>
    </p>
   </div>
   <div class='ocr_carea' id='block_1_69' title="bbox 2005 3273 3568 3356">
    <p class='ocr_par' dir='ltr' id='par_1_69' title="bbox 2005 3273 3568 3354">
     <span class='ocr_line' id='line_1_69' title="bbox 2005 3273 3568 3354; baseline -0.002 -16"><span class='ocrx_word' id='word_1_469' title='bbox 2005 3285 2018 3338; x_wconf 86' lang='lat' dir='ltr'><strong>t</strong></span> <span class='ocrx_word' id='word_1_470' title='bbox 2046 3296 2058 3338; x_wconf 92' lang='lat'>:</span> <span class='ocrx_word' id='word_1_471' title='bbox 2094 3283 2216 3336; x_wconf 82' lang='lat' dir='ltr'><strong>tum</strong></span> <span class='ocrx_word' id='word_1_472' title='bbox 2249 3275 2311 3336; x_wconf 91' lang='lat' dir='ltr'><strong>in</strong></span> <span class='ocrx_word' id='word_1_473' title='bbox 2341 3274 2630 3354; x_wconf 78' lang='lat' dir='ltr'><strong>lacrymas</strong></span> <span class='ocrx_word' id='word_1_474' title='bbox 2654 3282 2711 3335; x_wconf 91' lang='lat' dir='ltr'><strong>et</strong></span> <span class='ocrx_word' id='word_1_475' title='bbox 2739 3273 2941 3336; x_wconf 89' lang='lat' dir='ltr'><strong>cordis</strong></span> <span class='ocrx_word' id='word_1_476' title='bbox 2968 3273 3245 3352; x_wconf 87' lang='lat' dir='ltr'><strong>gaudium</strong></span> <span class='ocrx_word' id='word_1_477' title='bbox 3271 3274 3568 3348; x_wconf 84' lang='lat' dir='ltr'><strong>ell‘usa,ita</strong></span> 
     </span>
    </p>
   </div>
   <div class='ocr_carea' id='block_1_70' title="bbox 203 3358 1834 3444">
    <p class='ocr_par' dir='ltr' id='par_1_70' title="bbox 203 3366 1834 3444">
     <span class='ocr_line' id='line_1_70' title="bbox 203 3366 1834 3444; baseline 0.001 -20"><span class='ocrx_word' id='word_1_478' title='bbox 203 3369 286 3424; x_wconf 82' lang='grc' dir='ltr'>ὅτι</span> <span class='ocrx_word' id='word_1_479' title='bbox 341 3367 439 3423; x_wconf 68' lang='grc' dir='ltr'>κᾶν</span> <span class='ocrx_word' id='word_1_480' title='bbox 496 3371 566 3442; x_wconf 76' lang='grc' dir='ltr'>τῇ</span> <span class='ocrx_word' id='word_1_481' title='bbox 618 3366 856 3444; x_wconf 74' lang='grc' dir='ltr'>παρούσῃ</span> <span class='ocrx_word' id='word_1_482' title='bbox 913 3372 1028 3442; x_wconf 79' lang='grc' dir='ltr'><strong>ζωῇ</strong></span> <span class='ocrx_word' id='word_1_483' title='bbox 1077 3369 1165 3424; x_wconf 85' lang='grc' dir='ltr'><strong>καὶ</strong></span> <span class='ocrx_word' id='word_1_484' title='bbox 1204 3374 1375 3439; x_wconf 84' lang='grc' dir='ltr'>ζῶντα</span> <span class='ocrx_word' id='word_1_485' title='bbox 1403 3369 1490 3426; x_wconf 67' lang='grc' dir='ltr'><strong>καὶ</strong></span> <span class='ocrx_word' id='word_1_486' title='bbox 1523 3370 1657 3444; x_wconf 84' lang='grc' dir='ltr'>μετὰ</span> <span class='ocrx_word' id='word_1_487' title='bbox 1688 3368 1834 3437; x_wconf 77' lang='grc' dir='ltr'>δόξης</span> 
     </span>
    </p>
   </div>
   <div class='ocr_carea' id='block_1_71' title="bbox 2005 3358 3568 3444">
    <p class='ocr_par' dir='ltr' id='par_1_71' title="bbox 2005 3358 3568 3442">
     <span class='ocr_line' id='line_1_71' title="bbox 2005 3358 3568 3442; baseline -0.002 -17"><span class='ocrx_word' id='word_1_488' title='bbox 2005 3382 2104 3425; x_wconf 84' lang='lat' dir='ltr'><strong>me</strong></span> <span class='ocrx_word' id='word_1_489' title='bbox 2133 3381 2336 3426; x_wconf 89' lang='lat' dir='ltr'><strong>secum</strong></span> <span class='ocrx_word' id='word_1_490' title='bbox 2357 3362 2483 3442; x_wconf 89' lang='lat' dir='ltr'><strong>ipsa</strong></span> <span class='ocrx_word' id='word_1_491' title='bbox 2504 3361 2860 3438; x_wconf 87' lang='lat' dir='ltr'><strong>loquebatur</strong></span> <span class='ocrx_word' id='word_1_492' title='bbox 2885 3379 2898 3423; x_wconf 91' lang='lat'><strong>:</strong></span> <span class='ocrx_word' id='word_1_493' title='bbox 2931 3358 3060 3422; x_wconf 86' lang='lat' dir='ltr'><strong>Non</strong></span> <span class='ocrx_word' id='word_1_494' title='bbox 3083 3369 3142 3421; x_wconf 90' lang='lat' dir='ltr'><strong>tu</strong></span> <span class='ocrx_word' id='word_1_495' title='bbox 3167 3361 3568 3437; x_wconf 86' lang='lat' dir='ltr'><strong>mendax,non</strong></span> 
     </span>
    </p>
   </div>
   <div class='ocr_carea' id='block_1_72' title="bbox 1865 3076 1904 3126">
    <p class='ocr_par' dir='ltr' id='par_1_72' title="bbox 1865 3076 1904 3126">
     <span class='ocr_line' id='line_1_72' title="bbox 1865 3076 1904 3126; baseline 0 0"><span class='ocrx_word' id='word_1_496' title='bbox 1865 3076 1904 3126; x_wconf 92' lang='lat' dir='ltr'>C</span> 
     </span>
    </p>
   </div>
   <div class='ocr_carea' id='block_1_73' title="bbox 201 3451 1844 3533">
    <p class='ocr_par' dir='ltr' id='par_1_73' title="bbox 201 3451 1844 3533">
     <span class='ocr_line' id='line_1_73' title="bbox 201 3451 1844 3533; baseline 0.001 -22"><span class='ocrx_word' id='word_1_497' title='bbox 201 3477 292 3533; x_wconf 69' lang='grc' dir='ltr'><strong>τον</strong></span> <span class='ocrx_word' id='word_1_498' title='bbox 320 3456 456 3532; x_wconf 78' lang='grc' dir='ltr'>ἐμὸν</span> <span class='ocrx_word' id='word_1_499' title='bbox 485 3451 654 3511; x_wconf 78' lang='grc' dir='ltr'>παῖδα</span> <span class='ocrx_word' id='word_1_500' title='bbox 682 3453 958 3530; x_wconf 79' lang='grc' dir='ltr'>θεάσομαι.</span> <span class='ocrx_word' id='word_1_501' title='bbox 1011 3452 1174 3512; x_wconf 77' lang='grc' dir='ltr'>Ἀλλὰ</span> <span class='ocrx_word' id='word_1_502' title='bbox 1209 3463 1371 3515; x_wconf 81' lang='grc' dir='ltr'>ταῦτα</span> <span class='ocrx_word' id='word_1_503' title='bbox 1421 3456 1519 3533; x_wconf 82' lang='grc' dir='ltr'>μὲν</span> <span class='ocrx_word' id='word_1_504' title='bbox 1575 3461 1610 3523; x_wconf 81' lang='grc' dir='ltr'><strong>ἡ</strong></span> <span class='ocrx_word' id='word_1_505' title='bbox 1664 3460 1844 3533; x_wconf 81' lang='grc' dir='ltr'>μήτηρ</span> 
     </span>
    </p>
   </div>
   <div class='ocr_carea' id='block_1_74' title="bbox 203 3543 1844 3625">
    <p class='ocr_par' dir='ltr' id='par_1_74' title="bbox 203 3543 1844 3625">
     <span class='ocr_line' id='line_1_74' title="bbox 203 3543 1844 3625; baseline 0.001 -21"><span class='ocrx_word' id='word_1_506' title='bbox 203 3550 293 3604; x_wconf 81' lang='grc' dir='ltr'><strong>τὸν</strong></span> <span class='ocrx_word' id='word_1_507' title='bbox 351 3546 572 3624; x_wconf 72' lang='grc' dir='ltr'>Μάργον</span> <span class='ocrx_word' id='word_1_508' title='bbox 636 3543 997 3620; x_wconf 74' lang='grc' dir='ltr'>αἰνιττομένη*</span> <span class='ocrx_word' id='word_1_509' title='bbox 1061 3548 1088 3603; x_wconf 90' lang='lat'><strong>6</strong></span> <span class='ocrx_word' id='word_1_510' title='bbox 1146 3544 1202 3602; x_wconf 82' lang='grc' dir='ltr'>δὲ</span> <span class='ocrx_word' id='word_1_511' title='bbox 1249 3549 1385 3604; x_wconf 78' lang='grc' dir='ltr'>κατὰ</span> <span class='ocrx_word' id='word_1_512' title='bbox 1427 3555 1633 3624; x_wconf 78' lang='grc' dir='ltr'>πνεόμα</span> <span class='ocrx_word' id='word_1_513' title='bbox 1680 3550 1844 3625; x_wconf 80' lang='grc' dir='ltr'>ταύτῃ</span> 
     </span>
    </p>
   </div>
   <div class='ocr_carea' id='block_1_75' title="bbox 205 3633 1845 3715">
    <p class='ocr_par' dir='ltr' id='par_1_75' title="bbox 205 3633 1845 3715">
     <span class='ocr_line' id='line_1_75' title="bbox 205 3633 1845 3715; baseline -0.001 -21"><span class='ocrx_word' id='word_1_514' title='bbox 205 3637 324 3694; x_wconf 79' lang='grc' dir='ltr'>τότε</span> <span class='ocrx_word' id='word_1_515' title='bbox 381 3638 585 3711; x_wconf 74' lang='grc' dir='ltr'>πατὴρ,</span> <span class='ocrx_word' id='word_1_516' title='bbox 645 3634 859 3712; x_wconf 84' lang='grc' dir='ltr'>ἐπείπερ</span> <span class='ocrx_word' id='word_1_517' title='bbox 914 3633 1126 3713; x_wconf 73' lang='grc' dir='ltr'>ἤγγισε,</span> <span class='ocrx_word' id='word_1_518' title='bbox 1187 3638 1285 3693; x_wconf 75' lang='grc' dir='ltr'>καὶ</span> <span class='ocrx_word' id='word_1_519' title='bbox 1342 3637 1441 3704; x_wconf 76' lang='grc' dir='ltr'><strong>τὴν</strong></span> <span class='ocrx_word' id='word_1_520' title='bbox 1498 3637 1702 3712; x_wconf 84' lang='grc' dir='ltr'>μητέρα</span> <span class='ocrx_word' id='word_1_521' title='bbox 1753 3661 1845 3715; x_wconf 90' lang='grc' dir='ltr'>γι-</span> 
     </span>
    </p>
   </div>
   <div class='ocr_carea' id='block_1_76' title="bbox 207 3721 1846 3801">
    <p class='ocr_par' dir='ltr' id='par_1_76' title="bbox 207 3721 1846 3801">
     <span class='ocr_line' id='line_1_76' title="bbox 207 3721 1846 3801; baseline 0.002 -23"><span class='ocrx_word' id='word_1_522' title='bbox 207 3729 512 3784; x_wconf 55' lang='lat' dir='ltr'><strong>abnosz</strong></span> <span class='ocrx_word' id='word_1_523' title='bbox 573 3722 730 3801; x_wconf 75' lang='grc' dir='ltr'>ἔγνω,</span> <span class='ocrx_word' id='word_1_524' title='bbox 803 3721 1109 3798; x_wconf 76' lang='grc' dir='ltr'>περιϐάλλει</span> <span class='ocrx_word' id='word_1_525' title='bbox 1184 3745 1242 3781; x_wconf 86' lang='grc' dir='ltr'><strong>τε</strong></span> <span class='ocrx_word' id='word_1_526' title='bbox 1311 3727 1447 3783; x_wconf 85' lang='grc' dir='ltr'>πάνυ</span> <span class='ocrx_word' id='word_1_527' title='bbox 1518 3724 1688 3794; x_wconf 79' lang='grc' dir='ltr'>ἡδέως</span> <span class='ocrx_word' id='word_1_528' title='bbox 1765 3730 1846 3784; x_wconf 74' lang='grc' dir='ltr'><strong>καὶ</strong></span> 
     </span>
    </p>
   </div>
   <div class='ocr_carea' id='block_1_77' title="bbox 1931 3450 3568 3534">
    <p class='ocr_par' dir='ltr' id='par_1_77' title="bbox 1931 3450 3568 3534">
     <span class='ocr_line' id='line_1_77' title="bbox 1931 3450 3568 3534; baseline -0.001 -20"><span class='ocrx_word' id='word_1_529' title='bbox 1931 3462 1991 3516; x_wconf 84' lang='grc' dir='ltr'><strong>ιιι</strong></span> <span class='ocrx_word' id='word_1_530' title='bbox 2026 3454 2305 3534; x_wconf 81' lang='lat' dir='ltr'><strong>(inquam)</strong></span> <span class='ocrx_word' id='word_1_531' title='bbox 2334 3452 2581 3513; x_wconf 89' lang='lat' dir='ltr'><strong>mendax</strong></span> <span class='ocrx_word' id='word_1_532' title='bbox 2636 3450 2822 3524; x_wconf 89' lang='lat' dir='ltr'><strong>fuisti,</strong></span> <span class='ocrx_word' id='word_1_533' title='bbox 2871 3450 2974 3525; x_wconf 90' lang='lat' dir='ltr'><strong>qui</strong></span> <span class='ocrx_word' id='word_1_534' title='bbox 3000 3451 3126 3528; x_wconf 84' lang='lat' dir='ltr'><strong>jam</strong></span> <span class='ocrx_word' id='word_1_535' title='bbox 3178 3450 3406 3529; x_wconf 87' lang='lat' dir='ltr'><strong>pridem</strong></span> <span class='ocrx_word' id='word_1_536' title='bbox 3442 3451 3568 3512; x_wconf 86' lang='lat' dir='ltr'><strong>haec</strong></span> 
     </span>
    </p>
   </div>
   <div class='ocr_carea' id='block_1_78' title="bbox 1930 3539 3565 3618">
    <p class='ocr_par' dir='ltr' id='par_1_78' title="bbox 1930 3539 3565 3618">
     <span class='ocr_line' id='line_1_78' title="bbox 1930 3539 3565 3618; baseline -0.002 -15"><span class='ocrx_word' id='word_1_537' title='bbox 1930 3541 2074 3604; x_wconf 88' lang='lat' dir='ltr'><strong>mihi</strong></span> <span class='ocrx_word' id='word_1_538' title='bbox 2105 3543 2359 3616; x_wconf 82' lang='lat' dir='ltr'><strong>dixeras,</strong></span> <span class='ocrx_word' id='word_1_539' title='bbox 2398 3559 2491 3601; x_wconf 91' lang='lat' dir='ltr'><strong>me</strong></span> <span class='ocrx_word' id='word_1_540' title='bbox 2525 3542 2632 3601; x_wconf 89' lang='lat' dir='ltr'><strong>hac</strong></span> <span class='ocrx_word' id='word_1_541' title='bbox 2667 3540 2839 3601; x_wconf 89' lang='lat' dir='ltr'><strong>etiam</strong></span> <span class='ocrx_word' id='word_1_542' title='bbox 2895 3539 3172 3618; x_wconf 72' lang='lat' dir='ltr'><strong>praesenti</strong></span> <span class='ocrx_word' id='word_1_543' title='bbox 3217 3539 3338 3598; x_wconf 88' lang='lat' dir='ltr'><strong>vita</strong></span> <span class='ocrx_word' id='word_1_544' title='bbox 3378 3539 3565 3600; x_wconf 85' lang='lat' dir='ltr'><strong>ﬁlium</strong></span> 
     </span>
    </p>
   </div>
   <div class='ocr_carea' id='block_1_79' title="bbox 1931 3626 3564 3708">
    <p class='ocr_par' dir='ltr' id='par_1_79' title="bbox 1931 3626 3564 3708">
     <span class='ocr_line' id='line_1_79' title="bbox 1931 3626 3564 3708; baseline -0.004 -15"><span class='ocrx_word' id='word_1_545' title='bbox 1931 3650 2128 3693; x_wconf 87' lang='lat' dir='ltr'><strong>meum</strong></span> <span class='ocrx_word' id='word_1_546' title='bbox 2153 3649 2287 3692; x_wconf 90' lang='lat' dir='ltr'><strong>cum</strong></span> <span class='ocrx_word' id='word_1_547' title='bbox 2313 3629 2499 3708; x_wconf 89' lang='lat' dir='ltr'><strong>gloria</strong></span> <span class='ocrx_word' id='word_1_548' title='bbox 2523 3631 2782 3691; x_wconf 88' lang='lat' dir='ltr'><strong>visuram</strong></span> <span class='ocrx_word' id='word_1_549' title='bbox 2808 3645 2820 3685; x_wconf 89' lang='lat'>:</span> <span class='ocrx_word' id='word_1_550' title='bbox 2852 3627 3068 3707; x_wconf 87' lang='lat' dir='ltr'><strong>quibus</strong></span> <span class='ocrx_word' id='word_1_551' title='bbox 3084 3626 3283 3689; x_wconf 87' lang='lat' dir='ltr'><strong>verbis</strong></span> <span class='ocrx_word' id='word_1_552' title='bbox 3304 3628 3564 3687; x_wconf 87' lang='lat' dir='ltr'><strong>Marcum</strong></span> 
     </span>
    </p>
   </div>
   <div class='ocr_carea' id='block_1_80' title="bbox 1929 3714 3560 3797">
    <p class='ocr_par' dir='ltr' id='par_1_80' title="bbox 1929 3714 3560 3797">
     <span class='ocr_line' id='line_1_80' title="bbox 1929 3714 3560 3797; baseline -0.002 -17"><span class='ocrx_word' id='word_1_553' title='bbox 1929 3720 2185 3782; x_wconf 88' lang='lat' dir='ltr'><strong>latenter</strong></span> <span class='ocrx_word' id='word_1_554' title='bbox 2205 3717 2764 3797; x_wconf 87' lang='lat' dir='ltr'><strong>designabat.Porro</strong></span> <span class='ocrx_word' id='word_1_555' title='bbox 2784 3714 2942 3776; x_wconf 88' lang='lat' dir='ltr'><strong>ﬁlius</strong></span> <span class='ocrx_word' id='word_1_556' title='bbox 2955 3715 3280 3776; x_wconf 88' lang='lat' dir='ltr'><strong>secundum</strong></span> <span class='ocrx_word' id='word_1_557' title='bbox 3297 3733 3560 3789; x_wconf 90' lang='lat' dir='ltr'><strong>carnem,</strong></span> 
     </span>
    </p>
   </div>
   <div class='ocr_carea' id='block_1_81' title="bbox 204 3805 1834 3895">
    <p class='ocr_par' dir='ltr' id='par_1_81' title="bbox 204 3811 1834 3895">
     <span class='ocr_line' id='line_1_81' title="bbox 204 3811 1834 3895; baseline 0 -22"><span class='ocrx_word' id='word_1_558' title='bbox 204 3816 584 3885; x_wconf 70' lang='grc' dir='ltr'>ἀσπασάμενος</span> <span class='ocrx_word' id='word_1_559' title='bbox 618 3816 801 3892; x_wconf 89' lang='grc' dir='ltr'>μόνον,</span> <span class='ocrx_word' id='word_1_560' title='bbox 853 3811 969 3870; x_wconf 74' lang='grc' dir='ltr'>οὒδὲ</span> <span class='ocrx_word' id='word_1_561' title='bbox 1029 3815 1130 3894; x_wconf 83' lang='grc' dir='ltr'><strong>γὰρ</strong></span> <span class='ocrx_word' id='word_1_562' title='bbox 1188 3812 1528 3895; x_wconf 80' lang='grc' dir='ltr'>ἐνδιατρίϐειν</span> <span class='ocrx_word' id='word_1_563' title='bbox 1584 3818 1612 3871; x_wconf 90' lang='lat'><strong>6</strong></span> <span class='ocrx_word' id='word_1_564' title='bbox 1661 3818 1834 3893; x_wconf 73' lang='grc' dir='ltr'>καιρός</span> 
     </span>
    </p>
   </div>
   <div class='ocr_carea' id='block_1_82' title="bbox 2005 3805 3563 3895">
    <p class='ocr_par' dir='ltr' id='par_1_82' title="bbox 2010 3805 3563 3886">
     <span class='ocr_line' id='line_1_82' title="bbox 2010 3805 3563 3886; baseline -0.002 -16"><span class='ocrx_word' id='word_1_565' title='bbox 2010 3811 2028 3870; x_wconf 92' lang='lat' dir='ltr'><strong>i</strong></span> <span class='ocrx_word' id='word_1_566' title='bbox 2059 3818 2198 3871; x_wconf 92' lang='lat' dir='ltr'><strong>tunc</strong></span> <span class='ocrx_word' id='word_1_567' title='bbox 2227 3808 2423 3870; x_wconf 91' lang='lat' dir='ltr'><strong>eidem</strong></span> <span class='ocrx_word' id='word_1_568' title='bbox 2450 3809 2615 3886; x_wconf 84' lang='lat' dir='ltr'><strong>juxta</strong></span> <span class='ocrx_word' id='word_1_569' title='bbox 2644 3806 2914 3883; x_wconf 83' lang='lat' dir='ltr'><strong>Spiritum</strong></span> <span class='ocrx_word' id='word_1_570' title='bbox 2950 3813 3116 3883; x_wconf 87' lang='lat' dir='ltr'><strong>pater</strong></span> <span class='ocrx_word' id='word_1_571' title='bbox 3145 3813 3291 3878; x_wconf 89' lang='lat' dir='ltr'><strong>erat,</strong></span> <span class='ocrx_word' id='word_1_572' title='bbox 3325 3805 3426 3865; x_wconf 89' lang='lat' dir='ltr'><strong>ubi</strong></span> <span class='ocrx_word' id='word_1_573' title='bbox 3459 3825 3563 3867; x_wconf 93' lang='lat' dir='ltr'><strong>co-</strong></span> 
     </span>
    </p>
   </div>
   <div class='ocr_carea' id='block_1_83' title="bbox 205 3896 1834 3994">
    <p class='ocr_par' dir='ltr' id='par_1_83' title="bbox 205 3900 1834 3985">
     <span class='ocr_line' id='line_1_83' title="bbox 205 3900 1834 3985; baseline 0.001 -25"><span class='ocrx_word' id='word_1_574' title='bbox 205 3907 324 3983; x_wconf 78' lang='grc' dir='ltr'>περὶ</span> <span class='ocrx_word' id='word_1_575' title='bbox 350 3913 521 3964; x_wconf 81' lang='grc' dir='ltr'>ταῦτα</span> <span class='ocrx_word' id='word_1_576' title='bbox 553 3900 740 3978; x_wconf 77' lang='grc' dir='ltr'>ἑδιδου,</span> <span class='ocrx_word' id='word_1_577' title='bbox 774 3903 908 3976; x_wconf 79' lang='grc' dir='ltr'>μετὰ</span> <span class='ocrx_word' id='word_1_578' title='bbox 949 3905 1150 3969; x_wconf 85' lang='grc' dir='ltr'>παντὸς</span> <span class='ocrx_word' id='word_1_579' title='bbox 1190 3912 1282 3963; x_wconf 78' lang='grc' dir='ltr'><strong>τοῦ</strong></span> <span class='ocrx_word' id='word_1_580' title='bbox 1325 3905 1558 3975; x_wconf 72' lang='grc' dir='ltr'>πλήθους</span> <span class='ocrx_word' id='word_1_581' title='bbox 1594 3908 1654 3962; x_wconf 80' lang='grc' dir='ltr'>τὸ</span> <span class='ocrx_word' id='word_1_582' title='bbox 1709 3909 1834 3985; x_wconf 57' lang='grc' dir='ltr'>ἱερὸι</span> 
     </span>
    </p>
   </div>
   <div class='ocr_carea' id='block_1_84' title="bbox 2005 3896 3563 3994">
    <p class='ocr_par' dir='ltr' id='par_1_84' title="bbox 2005 3896 3563 3994">
     <span class='ocr_line' id='line_1_84' title="bbox 2005 3896 3563 3994; baseline -0.003 -32"><span class='ocrx_word' id='word_1_583' title='bbox 2005 3902 2127 3962; x_wconf 78' lang='lat' dir='ltr'><strong>inus</strong></span> <span class='ocrx_word' id='word_1_584' title='bbox 2147 3896 3046 3994; x_wconf 68' lang='lat' dir='ltr'><strong>apprOpinquavit,ma[remque</strong></span> <span class='ocrx_word' id='word_1_585' title='bbox 3059 3911 3124 3954; x_wconf 91' lang='lat' dir='ltr'><strong>se</strong></span> <span class='ocrx_word' id='word_1_586' title='bbox 3144 3902 3563 3973; x_wconf 87' lang='lat' dir='ltr'><strong>agnoscentem</strong></span> 
     </span>
    </p>
   </div>
   <div class='ocr_carea' id='block_1_85' title="bbox 205 3982 1834 4085">
    <p class='ocr_par' dir='ltr' id='par_1_85' title="bbox 205 3982 1834 4085">
     <span class='ocr_line' id='line_1_85' title="bbox 205 3982 1834 4085; baseline 0 -33"><span class='ocrx_word' id='word_1_587' title='bbox 205 3982 400 4072; x_wconf 66' lang='grc' dir='ltr'>εἰσῄει.</span> <span class='ocrx_word' id='word_1_588' title='bbox 479 3993 585 4060; x_wconf 73' lang='grc' dir='ltr'><strong>Τῆς</strong></span> <span class='ocrx_word' id='word_1_589' title='bbox 656 3989 710 4048; x_wconf 70' lang='grc' dir='ltr'>δὲ</span> <span class='ocrx_word' id='word_1_590' title='bbox 779 3993 923 4085; x_wconf 73' lang='grc' dir='ltr'>θείας</span> <span class='ocrx_word' id='word_1_591' title='bbox 979 3993 1303 4085; x_wconf 73' lang='grc' dir='ltr'>τελουμένης</span> <span class='ocrx_word' id='word_1_592' title='bbox 1360 3982 1766 4074; x_wconf 78' lang='grc' dir='ltr'>μυσταγωγίας,</span> <span class='ocrx_word' id='word_1_593' title='bbox 1817 3999 1834 4052; x_wconf 79' lang='grc' dir='ltr'><strong><em>ε</em></strong></span> 
     </span>
    </p>
   </div>
   <div class='ocr_carea' id='block_1_86' title="bbox 2005 3982 3566 4085">
    <p class='ocr_par' dir='ltr' id='par_1_86' title="bbox 2005 3982 3566 4068">
     <span class='ocr_line' id='line_1_86' title="bbox 2005 3982 3566 4068; baseline -0.004 -18"><span class='ocrx_word' id='word_1_594' title='bbox 2005 3987 2321 4068; x_wconf 87' lang='lat' dir='ltr'><strong>novit,eam</strong></span> <span class='ocrx_word' id='word_1_595' title='bbox 2344 3982 2693 4045; x_wconf 72' lang='lat' dir='ltr'><strong>suavissime</strong></span> <span class='ocrx_word' id='word_1_596' title='bbox 2715 3982 3008 4060; x_wconf 86' lang='lat' dir='ltr'><strong>ambiens,</strong></span> <span class='ocrx_word' id='word_1_597' title='bbox 3036 3990 3380 4062; x_wconf 88' lang='lat' dir='ltr'><strong>tantumque</strong></span> <span class='ocrx_word' id='word_1_598' title='bbox 3407 4002 3566 4044; x_wconf 92' lang='lat' dir='ltr'><strong>com-</strong></span> 
     </span>
    </p>
   </div>
   <div class='ocr_carea' id='block_1_87' title="bbox 203 4071 1834 4174">
    <p class='ocr_par' dir='ltr' id='par_1_87' title="bbox 203 4071 1834 4174">
     <span class='ocr_line' id='line_1_87' title="bbox 203 4071 1834 4174; baseline -0.001 -31"><span class='ocrx_word' id='word_1_599' title='bbox 203 4071 508 4164; x_wconf 71' lang='grc' dir='ltr'>καθιδρῦσαι</span> <span class='ocrx_word' id='word_1_600' title='bbox 580 4082 736 4138; x_wconf 67' lang='grc' dir='ltr'>αὐτὸν</span> <span class='ocrx_word' id='word_1_601' title='bbox 807 4079 1073 4148; x_wconf 77' lang='grc' dir='ltr'>ἐληλυθὼς</span> <span class='ocrx_word' id='word_1_602' title='bbox 1157 4084 1467 4174; x_wconf 77' lang='grc' dir='ltr'>ἐπίσκοπος,</span> <span class='ocrx_word' id='word_1_603' title='bbox 1547 4071 1637 4142; x_wconf 64' lang='grc' dir='ltr'><strong>καί</strong></span> <span class='ocrx_word' id='word_1_604' title='bbox 1705 4071 1834 4152; x_wconf 74' lang='grc' dir='ltr'>τινες</span> 
     </span>
    </p>
   </div>
   <div class='ocr_carea' id='block_1_88' title="bbox 2005 4071 3565 4174">
    <p class='ocr_par' dir='ltr' id='par_1_88' title="bbox 2005 4071 3565 4154">
     <span class='ocr_line' id='line_1_88' title="bbox 2005 4071 3565 4154; baseline -0.004 -13"><span class='ocrx_word' id='word_1_605' title='bbox 2005 4086 2196 4141; x_wconf 68' lang='lat' dir='ltr'><strong>axatns</strong></span> <span class='ocrx_word' id='word_1_606' title='bbox 2215 4080 2367 4150; x_wconf 91' lang='lat' dir='ltr'><strong>(nam</strong></span> <span class='ocrx_word' id='word_1_607' title='bbox 2396 4073 2710 4154; x_wconf 88' lang='lat' dir='ltr'><strong>quominus</strong></span> <span class='ocrx_word' id='word_1_608' title='bbox 2726 4071 2787 4132; x_wconf 91' lang='lat' dir='ltr'><strong>in</strong></span> <span class='ocrx_word' id='word_1_609' title='bbox 2806 4071 2900 4132; x_wconf 92' lang='lat' dir='ltr'><strong>his</strong></span> <span class='ocrx_word' id='word_1_610' title='bbox 2917 4071 3139 4133; x_wconf 88' lang='lat' dir='ltr'><strong>diutius</strong></span> <span class='ocrx_word' id='word_1_611' title='bbox 3165 4072 3565 4135; x_wconf 89' lang='lat' dir='ltr'><strong>immoraren-</strong></span> 
     </span>
    </p>
   </div>
   <div class='ocr_carea' id='block_1_89' title="bbox 192 4163 1834 4262">
    <p class='ocr_par' dir='ltr' id='par_1_89' title="bbox 192 4163 1834 4254">
     <span class='ocr_line' id='line_1_89' title="bbox 192 4163 1834 4254; baseline 0.001 -23"><span class='ocrx_word' id='word_1_612' title='bbox 192 4182 296 4232; x_wconf 81' lang='grc' dir='ltr'>τῶν</span> <span class='ocrx_word' id='word_1_613' title='bbox 347 4163 507 4238; x_wconf 76' lang='grc' dir='ltr'>ἆξῖων</span> <span class='ocrx_word' id='word_1_614' title='bbox 567 4170 740 4247; x_wconf 80' lang='grc' dir='ltr'>ἄλλοι,</span> <span class='ocrx_word' id='word_1_615' title='bbox 801 4172 900 4239; x_wconf 76' lang='grc' dir='ltr'>τὴν</span> <span class='ocrx_word' id='word_1_616' title='bbox 955 4172 1141 4247; x_wconf 80' lang='grc' dir='ltr'>ὁμοίαν</span> <span class='ocrx_word' id='word_1_617' title='bbox 1193 4180 1262 4252; x_wconf 80' lang='grc' dir='ltr'><strong>τῇ</strong></span> <span class='ocrx_word' id='word_1_618' title='bbox 1315 4173 1478 4236; x_wconf 76' lang='grc' dir='ltr'>πάλαι</span> <span class='ocrx_word' id='word_1_619' title='bbox 1550 4183 1834 4254; x_wconf 82' lang='grc' dir='ltr'>περιστερᾷ</span> 
     </span>
    </p>
   </div>
   <div class='ocr_carea' id='block_1_90' title="bbox 2005 4163 3566 4262">
    <p class='ocr_par' dir='ltr' id='par_1_90' title="bbox 2005 4163 3566 4262">
     <span class='ocr_line' id='line_1_90' title="bbox 2005 4163 3566 4262; baseline -0.004 -30"><span class='ocrx_word' id='word_1_620' title='bbox 2005 4189 2045 4247; x_wconf 75' lang='lat' dir='ltr'><strong>r,</strong></span> <span class='ocrx_word' id='word_1_621' title='bbox 2071 4175 2338 4249; x_wconf 89' lang='lat' dir='ltr'><strong>tempore</strong></span> <span class='ocrx_word' id='word_1_622' title='bbox 2368 4163 2833 4262; x_wconf 74' lang='lat' dir='ltr'><strong>excludebautur</strong></span> <span class='ocrx_word' id='word_1_623' title='bbox 2864 4179 3147 4262; x_wconf 37' lang='lat' dir='ltr'><strong>una&#39;cur‘n</strong></span> <span class='ocrx_word' id='word_1_624' title='bbox 3183 4163 3566 4262; x_wconf 77' lang='lat' dir='ltr'><strong>multitudine</strong></span> 
     </span>
    </p>
   </div>
   <div class='ocr_carea' id='block_1_91' title="bbox 194 4251 1834 4340">
    <p class='ocr_par' dir='ltr' id='par_1_91' title="bbox 194 4251 1830 4338">
     <span class='ocr_line' id='line_1_91' title="bbox 194 4251 1830 4338; baseline -0.001 -17"><span class='ocrx_word' id='word_1_625' title='bbox 194 4265 392 4322; x_wconf 71' lang='grc' dir='ltr'>ἄνωθεν</span> <span class='ocrx_word' id='word_1_626' title='bbox 466 4260 722 4338; x_wconf 79' lang='grc' dir='ltr'>καθορῶσι</span> <span class='ocrx_word' id='word_1_627' title='bbox 809 4262 894 4316; x_wconf 81' lang='grc' dir='ltr'><strong>καὶ</strong></span> <span class='ocrx_word' id='word_1_628' title='bbox 977 4263 1137 4318; x_wconf 60' lang='grc' dir='ltr'>πάλιν</span> <span class='ocrx_word' id='word_1_629' title='bbox 1219 4251 1654 4320; x_wconf 80' lang='grc' dir='ltr'>ἐπικαταπτᾶσαν</span> <span class='ocrx_word' id='word_1_630' title='bbox 1745 4266 1830 4321; x_wconf 81' lang='grc' dir='ltr'>καὶ</span> 
     </span>
    </p>
   </div>
   <div class='ocr_carea' id='block_1_92' title="bbox 2005 4251 3564 4340">
    <p class='ocr_par' dir='ltr' id='par_1_92' title="bbox 2005 4251 3564 4340">
     <span class='ocr_line' id='line_1_92' title="bbox 2005 4251 3564 4340; baseline -0.004 -18"><span class='ocrx_word' id='word_1_631' title='bbox 2005 4260 2202 4340; x_wconf 84' lang='lat' dir='ltr'><strong>nplum</strong></span> <span class='ocrx_word' id='word_1_632' title='bbox 2234 4253 2610 4333; x_wconf 80' lang='lat' dir='ltr'><strong>ingreditur:</strong></span> <span class='ocrx_word' id='word_1_633' title='bbox 2648 4251 2749 4314; x_wconf 89' lang='lat' dir='ltr'><strong>ubi</strong></span> <span class='ocrx_word' id='word_1_634' title='bbox 2783 4251 3034 4340; x_wconf 83' lang='lat' dir='ltr'><strong>peractis</strong></span> <span class='ocrx_word' id='word_1_635' title='bbox 3083 4251 3298 4312; x_wconf 90' lang='lat' dir='ltr'><strong>divinis</strong></span> <span class='ocrx_word' id='word_1_636' title='bbox 3343 4264 3564 4332; x_wconf 84' lang='lat' dir='ltr'><strong>myste-</strong></span> 
     </span>
    </p>
   </div>
   <div class='ocr_carea' id='block_1_93' title="bbox 191 4339 1834 4442">
    <p class='ocr_par' dir='ltr' id='par_1_93' title="bbox 191 4351 1070 4434">
     <span class='ocr_line' id='line_1_93' title="bbox 191 4351 1070 4434; baseline -0.006 -22"><span class='ocrx_word' id='word_1_637' title='bbox 191 4351 614 4434; x_wconf 68' lang='grc' dir='ltr'>περιαιᾶσασαν</span> <span class='ocrx_word' id='word_1_638' title='bbox 637 4352 730 4406; x_wconf 85' lang='grc' dir='ltr'>τὸν</span> <span class='ocrx_word' id='word_1_639' title='bbox 758 4351 1070 4430; x_wconf 83' lang='grc' dir='ltr'>Γρηγόριον,</span> 
     </span>
    </p>
   </div>
   <div class='ocr_carea' id='block_1_94' title="bbox 2005 4339 3565 4442">
    <p class='ocr_par' dir='ltr' id='par_1_94' title="bbox 2005 4339 3565 4442">
     <span class='ocr_line' id='line_1_94' title="bbox 2005 4339 3565 4442; baseline -0.004 -31"><span class='ocrx_word' id='word_1_640' title='bbox 2005 4339 2364 4430; x_wconf 21' lang='grc' dir='ltr'>ι,ίερὶεεοριιε</span> <span class='ocrx_word' id='word_1_641' title='bbox 2388 4343 2487 4422; x_wconf 87' lang='lat' dir='ltr'><strong>qui</strong></span> <span class='ocrx_word' id='word_1_642' title='bbox 2509 4344 2666 4404; x_wconf 93' lang='lat' dir='ltr'><strong>hunc</strong></span> <span class='ocrx_word' id='word_1_643' title='bbox 2692 4341 2753 4442; x_wconf 75' lang='lat' dir='ltr'><strong>in</strong></span> <span class='ocrx_word' id='word_1_644' title='bbox 2778 4340 2981 4442; x_wconf 79' lang='lat' dir='ltr'><strong>sedem</strong></span> <span class='ocrx_word' id='word_1_645' title='bbox 3009 4339 3268 4400; x_wconf 90' lang='lat' dir='ltr'><strong>locatum</strong></span> <span class='ocrx_word' id='word_1_646' title='bbox 3293 4354 3565 4442; x_wconf 55' lang='lat' dir='ltr'><strong>venerat,</strong></span> 
     </span>
    </p>
   </div>
   <div class='ocr_carea' id='block_1_95' title="bbox 189 4432 3564 4523">
    <p class='ocr_par' dir='ltr' id='par_1_95' title="bbox 189 4432 3564 4523">
     <span class='ocr_line' id='line_1_95' title="bbox 189 4432 3564 4523; baseline -0.002 -16"><span class='ocrx_word' id='word_1_647' title='bbox 189 4432 388 4507; x_wconf 81' lang='lat' dir='ltr'><strong>acalii</strong></span> <span class='ocrx_word' id='word_1_648' title='bbox 413 4450 704 4522; x_wconf 68' lang='lat' dir='ltr'><strong>praeterea</strong></span> <span class='ocrx_word' id='word_1_649' title='bbox 733 4441 842 4500; x_wconf 87' lang='lat' dir='ltr'><strong>viri</strong></span> <span class='ocrx_word' id='word_1_650' title='bbox 869 4438 1032 4519; x_wconf 86' lang='lat' dir='ltr'><strong>digni</strong></span> <span class='ocrx_word' id='word_1_651' title='bbox 1061 4439 1426 4516; x_wconf 89' lang='lat' dir='ltr'><strong>columbam,</strong></span> <span class='ocrx_word' id='word_1_652' title='bbox 1454 4441 1539 4503; x_wconf 92' lang='lat' dir='ltr'><strong>illi</strong></span> <span class='ocrx_word' id='word_1_653' title='bbox 1571 4461 1704 4523; x_wconf 85' lang='lat' dir='ltr'><strong>quae</strong></span> <span class='ocrx_word' id='word_1_654' title='bbox 1755 4443 1897 4506; x_wconf 92' lang='lat' dir='ltr'><strong>olim</strong></span> <span class='ocrx_word' id='word_1_655' title='bbox 1930 4439 2161 4505; x_wconf 69' lang='lat' dir='ltr'><strong>coalitus</strong></span> <span class='ocrx_word' id='word_1_656' title='bbox 2194 4433 2521 4509; x_wconf 79' lang='lat' dir='ltr'><strong>advolaret,</strong></span> <span class='ocrx_word' id='word_1_657' title='bbox 2559 4432 2923 4514; x_wconf 90' lang='lat' dir='ltr'><strong>persimilem</strong></span> <span class='ocrx_word' id='word_1_658' title='bbox 2957 4447 3166 4492; x_wconf 87' lang='lat' dir='ltr'><strong>rursus</strong></span> <span class='ocrx_word' id='word_1_659' title='bbox 3197 4449 3230 4492; x_wconf 90' lang='lat' dir='ltr'><strong>e</strong></span> <span class='ocrx_word' id='word_1_660' title='bbox 3261 4433 3415 4496; x_wconf 72' lang='lat' dir='ltr'><strong>coelo</strong></span> <span class='ocrx_word' id='word_1_661' title='bbox 3452 4432 3564 4500; x_wconf 53' lang='lat' dir='ltr'><strong>de;</strong></span> 
     </span>
    </p>
   </div>
   <div class='ocr_carea' id='block_1_96' title="bbox 188 4526 3154 4623">
    <p class='ocr_par' dir='ltr' id='par_1_96' title="bbox 188 4526 3154 4623">
     <span class='ocr_line' id='line_1_96' title="bbox 188 4526 3154 4623; baseline 0.005 -29"><span class='ocrx_word' id='word_1_662' title='bbox 188 4533 519 4604; x_wconf 86' lang='lat' dir='ltr'><strong>volantem,</strong></span> <span class='ocrx_word' id='word_1_663' title='bbox 553 4526 903 4607; x_wconf 83' lang='lat' dir='ltr'><strong>Gregorium</strong></span> <span class='ocrx_word' id='word_1_664' title='bbox 934 4528 1292 4592; x_wconf 86' lang='lat' dir='ltr'><strong>adumbrare</strong></span> <span class='ocrx_word' id='word_1_665' title='bbox 1317 4531 1721 4612; x_wconf 86' lang='lat' dir='ltr'><strong>conspiciunt.</strong></span> <span class='ocrx_word' id='word_1_666' title='bbox 2027 4619 2090 4623; x_wconf 23' lang='grc' dir='ltr'>α*</span> <span class='ocrx_word' id='word_1_667' title='bbox 2159 4619 2260 4623; x_wconf 43' lang='grc' dir='ltr'><strong>η-</strong></span> <span class='ocrx_word' id='word_1_668' title='bbox 2312 4617 2355 4623; x_wconf 93' lang='lat'>__</span> <span class='ocrx_word' id='word_1_669' title='bbox 2523 4613 2574 4623; x_wconf 87' lang='lat'><strong>__</strong></span> <span class='ocrx_word' id='word_1_670' title='bbox 2617 4621 2624 4623; x_wconf 95' lang='lat'>_</span> <span class='ocrx_word' id='word_1_671' title='bbox 2802 4610 2815 4623; x_wconf 87' lang='lat'>_</span> <span class='ocrx_word' id='word_1_672' title='bbox 2871 4610 2907 4621; x_wconf 55' lang='grc' dir='ltr'><strong>η</strong></span> <span class='ocrx_word' id='word_1_673' title='bbox 3061 4611 3070 4621; x_wconf 89' lang='lat'><strong>_</strong></span> <span class='ocrx_word' id='word_1_674' title='bbox 3144 4611 3154 4623; x_wconf 65' lang='grc'><strong>,</strong></span> 
     </span>
    </p>
   </div>
   <div class='ocr_carea' id='block_1_97' title="bbox 273 4610 1834 4714">
    <p class='ocr_par' dir='ltr' id='par_1_97' title="bbox 273 4610 1829 4700">
     <span class='ocr_line' id='line_1_97' title="bbox 273 4610 1829 4700; baseline -0.004 -19"><span class='ocrx_word' id='word_1_675' title='bbox 273 4622 399 4682; x_wconf 83' lang='lat' dir='ltr'><strong>AZ’.</strong></span> <span class='ocrx_word' id='word_1_676' title='bbox 471 4627 646 4680; x_wconf 82' lang='grc' dir='ltr'>Ταῦτα</span> <span class='ocrx_word' id='word_1_677' title='bbox 723 4618 907 4687; x_wconf 75' lang='grc' dir='ltr'>ἐπειδὴ</span> <span class='ocrx_word' id='word_1_678' title='bbox 983 4621 1177 4698; x_wconf 81' lang='grc' dir='ltr'>φανερᾶ</span> <span class='ocrx_word' id='word_1_679' title='bbox 1246 4610 1484 4699; x_wconf 69' lang='grc' dir='ltr'>γεγόνει,</span> <span class='ocrx_word' id='word_1_680' title='bbox 1540 4635 1658 4689; x_wconf 79' lang='grc' dir='ltr'>τοῖς</span> <span class='ocrx_word' id='word_1_681' title='bbox 1733 4626 1829 4700; x_wconf 73' lang='grc' dir='ltr'>μὲν</span> 
     </span>
    </p>
   </div>
   <div class='ocr_carea' id='block_1_98' title="bbox 2005 4610 3564 4714">
    <p class='ocr_par' dir='ltr' id='par_1_98' title="bbox 2005 4610 3564 4714">
     <span class='ocr_line' id='line_1_98' title="bbox 2005 4610 3564 4714; baseline -0.004 -29"><span class='ocrx_word' id='word_1_682' title='bbox 2005 4619 2283 4685; x_wconf 82' lang='lat' dir='ltr'><strong>XXXVII.</strong></span> <span class='ocrx_word' id='word_1_683' title='bbox 2310 4613 2580 4714; x_wconf 66' lang='lat' dir='ltr'><strong>Hatcubi</strong></span> <span class='ocrx_word' id='word_1_684' title='bbox 2613 4610 2950 4714; x_wconf 42' lang='lat' dir='ltr'><strong>tumuli-iis</strong></span> <span class='ocrx_word' id='word_1_685' title='bbox 2973 4611 3076 4690; x_wconf 89' lang='lat' dir='ltr'><strong>qui</strong></span> <span class='ocrx_word' id='word_1_686' title='bbox 3106 4611 3404 4714; x_wconf 76' lang='lat' dir='ltr'><strong>viderunt,</strong></span> <span class='ocrx_word' id='word_1_687' title='bbox 3441 4625 3564 4679; x_wconf 94' lang='lat' dir='ltr'><strong>tum</strong></span> 
     </span>
    </p>
   </div>
   <div class='ocr_carea' id='block_1_99' title="bbox 193 4699 1834 4802">
    <p class='ocr_par' dir='ltr' id='par_1_99' title="bbox 193 4706 1831 4787">
     <span class='ocr_line' id='line_1_99' title="bbox 193 4706 1831 4787; baseline 0.001 -21"><span class='ocrx_word' id='word_1_688' title='bbox 193 4712 381 4786; x_wconf 74' lang='grc' dir='ltr'>ἰδοῦσι,</span> <span class='ocrx_word' id='word_1_689' title='bbox 443 4723 562 4772; x_wconf 68' lang='grc' dir='ltr'>τοῖς</span> <span class='ocrx_word' id='word_1_690' title='bbox 620 4706 675 4765; x_wconf 81' lang='grc' dir='ltr'>δὲ</span> <span class='ocrx_word' id='word_1_691' title='bbox 730 4710 818 4766; x_wconf 80' lang='grc' dir='ltr'><strong>καὶ</strong></span> <span class='ocrx_word' id='word_1_692' title='bbox 872 4711 1015 4786; x_wconf 82' lang='grc' dir='ltr'>παρὰ</span> <span class='ocrx_word' id='word_1_693' title='bbox 1068 4707 1284 4766; x_wconf 75' lang='grc' dir='ltr'>ἰδόντων</span> <span class='ocrx_word' id='word_1_694' title='bbox 1312 4711 1627 4787; x_wconf 77' lang='grc' dir='ltr'>ἀκούσασιν,</span> <span class='ocrx_word' id='word_1_695' title='bbox 1659 4714 1831 4771; x_wconf 68' lang='grc' dir='ltr'>οὐκέτι</span> 
     </span>
    </p>
   </div>
   <div class='ocr_carea' id='block_1_100' title="bbox 2005 4699 3568 4802">
    <p class='ocr_par' dir='ltr' id='par_1_100' title="bbox 2005 4699 3568 4802">
     <span class='ocr_line' id='line_1_100' title="bbox 2005 4699 3568 4802; baseline -0.003 -29"><span class='ocrx_word' id='word_1_696' title='bbox 2005 4713 2020 4773; x_wconf 94' lang='lat' dir='ltr'><strong>i</strong></span> <span class='ocrx_word' id='word_1_697' title='bbox 2051 4711 2320 4772; x_wconf 88' lang='lat' dir='ltr'><strong>videntes</strong></span> <span class='ocrx_word' id='word_1_698' title='bbox 2350 4704 2698 4777; x_wconf 87' lang='lat' dir='ltr'><strong>audierunt,</strong></span> <span class='ocrx_word' id='word_1_699' title='bbox 2734 4699 2997 4802; x_wconf 77' lang='lat' dir='ltr'><strong>iudicata</strong></span> <span class='ocrx_word' id='word_1_700' title='bbox 3024 4709 3182 4782; x_wconf 90' lang='lat' dir='ltr'><strong>sunt,</strong></span> <span class='ocrx_word' id='word_1_701' title='bbox 3218 4704 3424 4767; x_wconf 88' lang='lat' dir='ltr'><strong>civitas</strong></span> <span class='ocrx_word' id='word_1_702' title='bbox 3447 4726 3568 4768; x_wconf 91' lang='lat' dir='ltr'><strong>non</strong></span> 
     </span>
    </p>
   </div>
   <div class='ocr_carea' id='block_1_101' title="bbox 195 4789 1834 4890">
    <p class='ocr_par' dir='ltr' id='par_1_101' title="bbox 195 4797 1833 4890">
     <span class='ocr_line' id='line_1_101' title="bbox 195 4797 1833 4890; baseline 0.001 -31"><span class='ocrx_word' id='word_1_703' title='bbox 195 4801 412 4879; x_wconf 74' lang='grc' dir='ltr'>μέλλειν</span> <span class='ocrx_word' id='word_1_704' title='bbox 473 4801 510 4866; x_wconf 76' lang='grc' dir='ltr'><strong>ἡ</strong></span> <span class='ocrx_word' id='word_1_705' title='bbox 561 4797 713 4861; x_wconf 85' lang='grc' dir='ltr'>πόλις</span> <span class='ocrx_word' id='word_1_706' title='bbox 770 4797 1030 4876; x_wconf 80' lang='grc' dir='ltr'>ἔγνωσαν,</span> <span class='ocrx_word' id='word_1_707' title='bbox 1091 4797 1208 4855; x_wconf 79' lang='grc' dir='ltr'>ἀλλ’</span> <span class='ocrx_word' id='word_1_708' title='bbox 1246 4799 1380 4890; x_wconf 7' lang='lat' dir='ltr'><strong>gold;</strong></span> <span class='ocrx_word' id='word_1_709' title='bbox 1434 4801 1576 4860; x_wconf 78' lang='grc' dir='ltr'>ἐστιν</span> <span class='ocrx_word' id='word_1_710' title='bbox 1625 4805 1833 4867; x_wconf 66' lang='grc' dir='ltr'>ἐκεῖνος</span> 
     </span>
    </p>
   </div>
   <div class='ocr_carea' id='block_1_102' title="bbox 2005 4789 3567 4890">
    <p class='ocr_par' dir='ltr' id='par_1_102' title="bbox 2005 4789 3567 4890">
     <span class='ocr_line' id='line_1_102' title="bbox 2005 4789 3567 4890; baseline -0.005 -27"><span class='ocrx_word' id='word_1_711' title='bbox 2005 4801 2142 4863; x_wconf 80' lang='lat' dir='ltr'><strong>itius</strong></span> <span class='ocrx_word' id='word_1_712' title='bbox 2173 4806 2446 4862; x_wconf 89' lang='lat' dir='ltr'><strong>cunctata</strong></span> <span class='ocrx_word' id='word_1_713' title='bbox 2473 4801 2584 4874; x_wconf 87' lang='lat' dir='ltr'><strong>est,</strong></span> <span class='ocrx_word' id='word_1_714' title='bbox 2613 4790 2723 4890; x_wconf 80' lang='lat' dir='ltr'><strong>sed</strong></span> <span class='ocrx_word' id='word_1_715' title='bbox 2756 4789 2947 4870; x_wconf 87' lang='lat' dir='ltr'><strong>qualis</strong></span> <span class='ocrx_word' id='word_1_716' title='bbox 2978 4799 3136 4890; x_wconf 77' lang='lat' dir='ltr'><strong>esset</strong></span> <span class='ocrx_word' id='word_1_717' title='bbox 3193 4792 3320 4890; x_wconf 75' lang='lat' dir='ltr'><strong>ille,</strong></span> <span class='ocrx_word' id='word_1_718' title='bbox 3385 4795 3567 4890; x_wconf 76' lang='lat' dir='ltr'><strong>probe</strong></span> 
     </span>
    </p>
   </div>
   <div class='ocr_carea' id='block_1_103' title="bbox 193 4881 1834 4981">
    <p class='ocr_par' dir='ltr' id='par_1_103' title="bbox 193 4885 1834 4972">
     <span class='ocr_line' id='line_1_103' title="bbox 193 4885 1834 4972; baseline 0.002 -28"><span class='ocrx_word' id='word_1_719' title='bbox 193 4891 371 4954; x_wconf 69' lang='grc' dir='ltr'>καλῶς</span> <span class='ocrx_word' id='word_1_720' title='bbox 399 4885 622 4967; x_wconf 80' lang='grc' dir='ltr'>εἰδότες,</span> <span class='ocrx_word' id='word_1_721' title='bbox 675 4889 822 4952; x_wconf 68' lang='grc' dir='ltr'>εὐθὺς</span> <span class='ocrx_word' id='word_1_722' title='bbox 881 4889 966 4953; x_wconf 75' lang='grc' dir='ltr'>οὓς</span> <span class='ocrx_word' id='word_1_723' title='bbox 1025 4887 1188 4968; x_wconf 80' lang='grc' dir='ltr'>εἶχον</span> <span class='ocrx_word' id='word_1_724' title='bbox 1240 4886 1665 4965; x_wconf 83' lang='grc' dir='ltr'>δαιμονῶνταςῆ</span> <span class='ocrx_word' id='word_1_725' title='bbox 1695 4913 1834 4972; x_wconf 86' lang='grc' dir='ltr'>παρ-</span> 
     </span>
    </p>
   </div>
   <div class='ocr_carea' id='block_1_104' title="bbox 2005 4881 3560 4981">
    <p class='ocr_par' dir='ltr' id='par_1_104' title="bbox 2005 4881 3560 4981">
     <span class='ocr_line' id='line_1_104' title="bbox 2005 4881 3560 4981; baseline -0.004 -29"><span class='ocrx_word' id='word_1_726' title='bbox 2005 4889 2317 4971; x_wconf 86' lang='lat' dir='ltr'><strong>rspiciens,</strong></span> <span class='ocrx_word' id='word_1_727' title='bbox 2353 4903 2500 4968; x_wconf 88' lang='lat' dir='ltr'><strong>quos</strong></span> <span class='ocrx_word' id='word_1_728' title='bbox 2531 4902 2564 4944; x_wconf 92' lang='lat' dir='ltr'><strong>a</strong></span> <span class='ocrx_word' id='word_1_729' title='bbox 2593 4883 2865 4944; x_wconf 83' lang='lat' dir='ltr'><strong>daemone</strong></span> <span class='ocrx_word' id='word_1_730' title='bbox 2898 4881 3198 4981; x_wconf 25' lang='lat' dir='ltr'><strong>percitosa</strong></span> <span class='ocrx_word' id='word_1_731' title='bbox 3225 4881 3560 4981; x_wconf 72' lang='lat' dir='ltr'><strong>languidos,</strong></span> 
     </span>
    </p>
   </div>
   <div class='ocr_carea' id='block_1_105' title="bbox 197 4968 1834 5060">
    <p class='ocr_par' dir='ltr' id='par_1_105' title="bbox 197 4968 1834 5060">
     <span class='ocr_line' id='line_1_105' title="bbox 197 4968 1834 5060; baseline 0.001 -23"><span class='ocrx_word' id='word_1_732' title='bbox 197 4982 438 5059; x_wconf 81' lang='grc' dir='ltr'>ειμένοος</span> <span class='ocrx_word' id='word_1_733' title='bbox 499 4976 537 5043; x_wconf 67' lang='grc' dir='ltr'><strong>ἦ</strong></span> <span class='ocrx_word' id='word_1_734' title='bbox 594 4975 769 5039; x_wconf 79' lang='grc' dir='ltr'>ἄλλως</span> <span class='ocrx_word' id='word_1_735' title='bbox 812 4979 1084 5051; x_wconf 81' lang='grc' dir='ltr'>νοσήμασι</span> <span class='ocrx_word' id='word_1_736' title='bbox 1134 4978 1369 5058; x_wconf 86' lang='grc' dir='ltr'>χρονίοις</span> <span class='ocrx_word' id='word_1_737' title='bbox 1398 4968 1834 5060; x_wconf 66' lang='grc' dir='ltr'>κατεσχημένούς</span> 
     </span>
    </p>
   </div>
   <div class='ocr_carea' id='block_1_106' title="bbox 2005 4968 3566 5060">
    <p class='ocr_par' dir='ltr' id='par_1_106' title="bbox 2005 4968 3566 5043">
     <span class='ocr_line' id='line_1_106' title="bbox 2005 4968 3566 5043; baseline -0.006 0"><span class='ocrx_word' id='word_1_738' title='bbox 2005 4982 2013 5043; x_wconf 88' lang='lat' dir='ltr'><strong>l</strong></span> <span class='ocrx_word' id='word_1_739' title='bbox 2047 4968 2329 5042; x_wconf 86' lang='lat' dir='ltr'><strong>diuturno</strong></span> <span class='ocrx_word' id='word_1_740' title='bbox 2362 4974 2567 5036; x_wconf 86' lang='lat' dir='ltr'><strong>inorbo</strong></span> <span class='ocrx_word' id='word_1_741' title='bbox 2599 4972 2874 5032; x_wconf 86' lang='lat' dir='ltr'><strong>detentos</strong></span> <span class='ocrx_word' id='word_1_742' title='bbox 2904 4968 3108 5030; x_wconf 86' lang='lat' dir='ltr'><strong>habuit</strong></span> <span class='ocrx_word' id='word_1_743' title='bbox 3129 4971 3200 5030; x_wconf 90' lang='lat' dir='ltr'><strong>ad</strong></span> <span class='ocrx_word' id='word_1_744' title='bbox 3233 4969 3401 5032; x_wconf 85' lang='lat' dir='ltr'><strong>illum</strong></span> <span class='ocrx_word' id='word_1_745' title='bbox 3429 4991 3566 5034; x_wconf 90' lang='lat' dir='ltr'><strong>con-</strong></span> 
     </span>
    </p>
   </div>
   <div class='ocr_carea' id='block_1_107' title="bbox 197 5063 1839 5147">
    <p class='ocr_par' dir='ltr' id='par_1_107' title="bbox 197 5063 1839 5147">
     <span class='ocr_line' id='line_1_107' title="bbox 197 5063 1839 5147; baseline 0.004 -27"><span class='ocrx_word' id='word_1_746' title='bbox 197 5074 398 5132; x_wconf 62' lang='grc' dir='ltr'>πάντας</span> <span class='ocrx_word' id='word_1_747' title='bbox 470 5069 606 5146; x_wconf 67' lang='grc' dir='ltr'><strong>⁴ῇγον</strong></span> <span class='ocrx_word' id='word_1_748' title='bbox 675 5063 1102 5138; x_wconf 77' lang='grc' dir='ltr'>διαϐαστάζοντες</span> <span class='ocrx_word' id='word_1_749' title='bbox 1184 5066 1309 5147; x_wconf 78' lang='grc' dir='ltr'>παρ’</span> <span class='ocrx_word' id='word_1_750' title='bbox 1381 5071 1557 5129; x_wconf 73' lang='grc' dir='ltr'>αὐτόν.</span> <span class='ocrx_word' id='word_1_751' title='bbox 1635 5073 1736 5136; x_wconf 79' lang='grc' dir='ltr'>Οὒς</span> <span class='ocrx_word' id='word_1_752' title='bbox 1811 5073 1839 5127; x_wconf 93' lang='lat'><strong>6</strong></span> 
     </span>
    </p>
   </div>
   <div class='ocr_carea' id='block_1_108' title="bbox 199 5155 1838 5241">
    <p class='ocr_par' dir='ltr' id='par_1_108' title="bbox 199 5155 1838 5241">
     <span class='ocr_line' id='line_1_108' title="bbox 199 5155 1838 5241; baseline 0.005 -31"><span class='ocrx_word' id='word_1_753' title='bbox 199 5164 366 5241; x_wconf 76' lang='grc' dir='ltr'>μέγας</span> <span class='ocrx_word' id='word_1_754' title='bbox 399 5157 690 5238; x_wconf 77' lang='grc' dir='ltr'>Γρηγόριος</span> <span class='ocrx_word' id='word_1_755' title='bbox 717 5155 857 5236; x_wconf 75' lang='grc' dir='ltr'>εἰ)χῇ</span> <span class='ocrx_word' id='word_1_756' title='bbox 891 5157 1030 5232; x_wconf 75' lang='grc' dir='ltr'>μόνῃ</span> <span class='ocrx_word' id='word_1_757' title='bbox 1060 5159 1146 5215; x_wconf 82' lang='grc' dir='ltr'><strong>καὶ</strong></span> <span class='ocrx_word' id='word_1_758' title='bbox 1197 5159 1306 5237; x_wconf 69' lang='grc' dir='ltr'><strong>ἁφῇ</strong></span> <span class='ocrx_word' id='word_1_759' title='bbox 1355 5165 1548 5238; x_wconf 77' lang='grc' dir='ltr'>χειρῶν</span> <span class='ocrx_word' id='word_1_760' title='bbox 1613 5161 1838 5236; x_wconf 66' lang='grc' dir='ltr'>ἑτοίμως</span> 
     </span>
    </p>
   </div>
   <div class='ocr_carea' id='block_1_109' title="bbox 194 5246 1832 5326">
    <p class='ocr_par' dir='ltr' id='par_1_109' title="bbox 194 5246 1832 5326">
     <span class='ocr_line' id='line_1_109' title="bbox 194 5246 1832 5326; baseline 0.002 -23"><span class='ocrx_word' id='word_1_761' title='bbox 194 5254 330 5314; x_wconf 79' lang='grc' dir='ltr'>ἰᾶτο,</span> <span class='ocrx_word' id='word_1_762' title='bbox 390 5250 490 5309; x_wconf 73' lang='grc' dir='ltr'><strong>Καὶ</strong></span> <span class='ocrx_word' id='word_1_763' title='bbox 544 5253 651 5304; x_wconf 80' lang='grc' dir='ltr'>τῶν</span> <span class='ocrx_word' id='word_1_764' title='bbox 708 5247 804 5322; x_wconf 81' lang='grc' dir='ltr'>μὲν</span> <span class='ocrx_word' id='word_1_765' title='bbox 862 5246 1126 5322; x_wconf 63' lang='grc' dir='ltr'>σωμέτων</span> <span class='ocrx_word' id='word_1_766' title='bbox 1185 5248 1367 5314; x_wconf 74' lang='grc' dir='ltr'>αὐτοῖς</span> <span class='ocrx_word' id='word_1_767' title='bbox 1414 5248 1576 5315; x_wconf 78' lang='grc' dir='ltr'>οὕτως</span> <span class='ocrx_word' id='word_1_768' title='bbox 1631 5250 1832 5326; x_wconf 80' lang='grc' dir='ltr'>ἐπεμε-</span> 
     </span>
    </p>
   </div>
   <div class='ocr_carea' id='block_1_110' title="bbox 188 5333 1832 5422">
    <p class='ocr_par' dir='ltr' id='par_1_110' title="bbox 188 5333 1832 5422">
     <span class='ocr_line' id='line_1_110' title="bbox 188 5333 1832 5422; baseline -0.001 -24"><span class='ocrx_word' id='word_1_769' title='bbox 188 5341 362 5422; x_wconf 72' lang='grc' dir='ltr'>λεῖτο,</span> <span class='ocrx_word' id='word_1_770' title='bbox 423 5339 518 5402; x_wconf 76' lang='grc' dir='ltr'><strong>τὰς</strong></span> <span class='ocrx_word' id='word_1_771' title='bbox 574 5334 631 5392; x_wconf 76' lang='grc' dir='ltr'>δὲ</span> <span class='ocrx_word' id='word_1_772' title='bbox 685 5357 745 5415; x_wconf 86' lang='grc' dir='ltr'><strong>γε</strong></span> <span class='ocrx_word' id='word_1_773' title='bbox 800 5336 983 5413; x_wconf 79' lang='grc' dir='ltr'>ψνψὰς</span> <span class='ocrx_word' id='word_1_774' title='bbox 1027 5337 1116 5394; x_wconf 82' lang='grc' dir='ltr'>καὶ</span> <span class='ocrx_word' id='word_1_775' title='bbox 1165 5333 1250 5392; x_wconf 81' lang='grc' dir='ltr'><strong>διὰ</strong></span> <span class='ocrx_word' id='word_1_776' title='bbox 1278 5339 1477 5394; x_wconf 87' lang='grc' dir='ltr'>τούτων</span> <span class='ocrx_word' id='word_1_777' title='bbox 1508 5338 1606 5414; x_wconf 78' lang='grc' dir='ltr'>μὲν</span> <span class='ocrx_word' id='word_1_778' title='bbox 1637 5341 1832 5405; x_wconf 75' lang='grc' dir='ltr'>ἱκανῶς</span> 
     </span>
    </p>
   </div>
   <div class='ocr_carea' id='block_1_111' title="bbox 185 5423 1832 5511">
    <p class='ocr_par' dir='ltr' id='par_1_111' title="bbox 185 5423 1832 5511">
     <span class='ocr_line' id='line_1_111' title="bbox 185 5423 1832 5511; baseline -0.003 -26"><span class='ocrx_word' id='word_1_779' title='bbox 185 5432 492 5511; x_wconf 67' lang='grc' dir='ltr'>ἐθεράπευε,</span> <span class='ocrx_word' id='word_1_780' title='bbox 553 5423 814 5494; x_wconf 73' lang='grc' dir='ltr'>διδάσκων</span> <span class='ocrx_word' id='word_1_781' title='bbox 870 5424 1059 5490; x_wconf 73' lang='grc' dir='ltr'>αὐτοὺς</span> <span class='ocrx_word' id='word_1_782' title='bbox 1113 5425 1202 5483; x_wconf 82' lang='grc' dir='ltr'><strong>καὶ</strong></span> <span class='ocrx_word' id='word_1_783' title='bbox 1259 5423 1460 5490; x_wconf 84' lang='grc' dir='ltr'>δεικνὺς</span> <span class='ocrx_word' id='word_1_784' title='bbox 1510 5429 1583 5494; x_wconf 80' lang='grc' dir='ltr'><strong>ὡς</strong></span> <span class='ocrx_word' id='word_1_785' title='bbox 1631 5430 1832 5487; x_wconf 72' lang='grc' dir='ltr'>τούτων</span> 
     </span>
    </p>
   </div>
   <div class='ocr_carea' id='block_1_112' title="bbox 182 5513 1831 5595">
    <p class='ocr_par' dir='ltr' id='par_1_112' title="bbox 182 5513 1831 5595">
     <span class='ocr_line' id='line_1_112' title="bbox 182 5513 1831 5595; baseline -0.002 -16"><span class='ocrx_word' id='word_1_786' title='bbox 182 5521 247 5578; x_wconf 76' lang='grc' dir='ltr'><strong>τὰ</strong></span> <span class='ocrx_word' id='word_1_787' title='bbox 305 5519 544 5578; x_wconf 78' lang='grc' dir='ltr'>πλεῖστα</span> <span class='ocrx_word' id='word_1_788' title='bbox 599 5514 841 5595; x_wconf 72' lang='grc' dir='ltr'>ψυχικῆς</span> <span class='ocrx_word' id='word_1_789' title='bbox 894 5513 1062 5578; x_wconf 78' lang='grc' dir='ltr'>αἰτίας</span> <span class='ocrx_word' id='word_1_790' title='bbox 1093 5513 1342 5592; x_wconf 79' lang='grc' dir='ltr'>ἐξῆπται,</span> <span class='ocrx_word' id='word_1_791' title='bbox 1371 5513 1621 5586; x_wconf 74' lang='grc' dir='ltr'>κάκείνης</span> <span class='ocrx_word' id='word_1_792' title='bbox 1655 5516 1741 5576; x_wconf 78' lang='grc' dir='ltr'>ἐπὶ</span> <span class='ocrx_word' id='word_1_793' title='bbox 1770 5521 1831 5575; x_wconf 83' lang='grc' dir='ltr'>τὸ</span> 
     </span>
    </p>
   </div>
   <div class='ocr_carea' id='block_1_113' title="bbox 182 5602 1832 5694">
    <p class='ocr_par' dir='ltr' id='par_1_113' title="bbox 182 5602 1832 5694">
     <span class='ocr_line' id='line_1_113' title="bbox 182 5602 1832 5694; baseline -0.004 -23"><span class='ocrx_word' id='word_1_794' title='bbox 182 5609 397 5694; x_wconf 67' lang='grc' dir='ltr'>βέλτιον</span> <span class='ocrx_word' id='word_1_795' title='bbox 449 5602 950 5686; x_wconf 77' lang='grc' dir='ltr'>μεταϐαλλομένης,</span> <span class='ocrx_word' id='word_1_796' title='bbox 1003 5605 1090 5663; x_wconf 84' lang='grc' dir='ltr'><strong>καὶ</strong></span> <span class='ocrx_word' id='word_1_797' title='bbox 1118 5611 1287 5664; x_wconf 81' lang='grc' dir='ltr'>ταῦτα</span> <span class='ocrx_word' id='word_1_798' title='bbox 1315 5609 1503 5665; x_wconf 81' lang='grc' dir='ltr'>θᾶττον</span> <span class='ocrx_word' id='word_1_799' title='bbox 1546 5607 1644 5676; x_wconf 78' lang='grc' dir='ltr'>τὴν</span> <span class='ocrx_word' id='word_1_800' title='bbox 1685 5606 1832 5665; x_wconf 72' lang='grc' dir='ltr'>ἴασιν</span> 
     </span>
    </p>
   </div>
   <div class='ocr_carea' id='block_1_114' title="bbox 436 5743 1101 5813">
    <p class='ocr_par' dir='ltr' id='par_1_114' title="bbox 436 5743 1101 5813">
     <span class='ocr_line' id='line_1_114' title="bbox 436 5743 1101 5813; baseline 0 -4"><span class='ocrx_word' id='word_1_801' title='bbox 436 5743 697 5810; x_wconf 68' lang='grc' dir='ltr'>Ριιτιιοι.</span> <span class='ocrx_word' id='word_1_802' title='bbox 737 5743 850 5810; x_wconf 81' lang='lat' dir='ltr'><strong>GR.</strong></span> <span class='ocrx_word' id='word_1_803' title='bbox 897 5743 1101 5813; x_wconf 81' lang='lat' dir='ltr'><strong>CXVI.</strong></span> 
     </span>
    </p>
   </div>
   <div class='ocr_carea' id='block_1_115' title="bbox 1922 5060 3564 5140">
    <p class='ocr_par' dir='ltr' id='par_1_115' title="bbox 1922 5060 3564 5140">
     <span class='ocr_line' id='line_1_115' title="bbox 1922 5060 3564 5140; baseline -0.007 -6"><span class='ocrx_word' id='word_1_804' title='bbox 1922 5069 2118 5134; x_wconf 76' lang='lat' dir='ltr'><strong>festim</strong></span> <span class='ocrx_word' id='word_1_805' title='bbox 2151 5084 2363 5130; x_wconf 90' lang='lat' dir='ltr'><strong>omnes</strong></span> <span class='ocrx_word' id='word_1_806' title='bbox 2412 5060 2692 5124; x_wconf 83' lang='lat' dir='ltr'><strong>adduxit:</strong></span> <span class='ocrx_word' id='word_1_807' title='bbox 2747 5077 2894 5138; x_wconf 90' lang='lat' dir='ltr'><strong>quos</strong></span> <span class='ocrx_word' id='word_1_808' title='bbox 2938 5060 3267 5136; x_wconf 86' lang='lat' dir='ltr'><strong>Gregorius</strong></span> <span class='ocrx_word' id='word_1_809' title='bbox 3317 5079 3564 5140; x_wconf 89' lang='lat' dir='ltr'><strong>magnus</strong></span> 
     </span>
    </p>
   </div>
   <div class='ocr_carea' id='block_1_116' title="bbox 1923 5148 3569 5240">
    <p class='ocr_par' dir='ltr' id='par_1_116' title="bbox 1923 5148 3569 5240">
     <span class='ocr_line' id='line_1_116' title="bbox 1923 5148 3569 5240; baseline -0.005 -20"><span class='ocrx_word' id='word_1_810' title='bbox 1923 5161 2047 5222; x_wconf 84' lang='lat' dir='ltr'><strong>sola</strong></span> <span class='ocrx_word' id='word_1_811' title='bbox 2080 5156 2418 5240; x_wconf 90' lang='lat' dir='ltr'><strong>precatione</strong></span> <span class='ocrx_word' id='word_1_812' title='bbox 2449 5171 2517 5213; x_wconf 89' lang='lat' dir='ltr'><strong>ac</strong></span> <span class='ocrx_word' id='word_1_813' title='bbox 2540 5157 3121 5240; x_wconf 71' lang='lat' dir='ltr'><strong>contactumanuum</strong></span> <span class='ocrx_word' id='word_1_814' title='bbox 3153 5148 3569 5240; x_wconf 84' lang='lat' dir='ltr'><strong>incunctanter</strong></span> 
     </span>
    </p>
   </div>
   <div class='ocr_carea' id='block_1_117' title="bbox 1923 5235 3570 5325">
    <p class='ocr_par' dir='ltr' id='par_1_117' title="bbox 1923 5235 3570 5325">
     <span class='ocr_line' id='line_1_117' title="bbox 1923 5235 3570 5325; baseline -0.005 -15"><span class='ocrx_word' id='word_1_815' title='bbox 1923 5235 2391 5325; x_wconf 83' lang='lat' dir='ltr'><strong>sanabat.Atque</strong></span> <span class='ocrx_word' id='word_1_816' title='bbox 2409 5255 2659 5319; x_wconf 90' lang='lat' dir='ltr'><strong>corpora</strong></span> <span class='ocrx_word' id='word_1_817' title='bbox 2684 5235 2926 5317; x_wconf 88' lang='lat' dir='ltr'><strong>quidem</strong></span> <span class='ocrx_word' id='word_1_818' title='bbox 2948 5235 3030 5297; x_wconf 88' lang='lat' dir='ltr'><strong>ita</strong></span> <span class='ocrx_word' id='word_1_819' title='bbox 3047 5237 3314 5319; x_wconf 79' lang='lat' dir='ltr'><strong>curabat;</strong></span> <span class='ocrx_word' id='word_1_820' title='bbox 3341 5241 3570 5302; x_wconf 90' lang='lat' dir='ltr'><strong>animas</strong></span> 
     </span>
    </p>
   </div>
   <div class='ocr_carea' id='block_1_118' title="bbox 1918 5325 3574 5417">
    <p class='ocr_par' dir='ltr' id='par_1_118' title="bbox 1918 5325 3574 5417">
     <span class='ocr_line' id='line_1_118' title="bbox 1918 5325 3574 5417; baseline -0.003 -19"><span class='ocrx_word' id='word_1_821' title='bbox 1918 5355 2056 5400; x_wconf 90' lang='lat' dir='ltr'><strong>vero</strong></span> <span class='ocrx_word' id='word_1_822' title='bbox 2090 5354 2194 5417; x_wconf 89' lang='lat' dir='ltr'><strong>per</strong></span> <span class='ocrx_word' id='word_1_823' title='bbox 2227 5336 2352 5396; x_wconf 75' lang='lat' dir='ltr'><strong>hrec</strong></span> <span class='ocrx_word' id='word_1_824' title='bbox 2373 5330 2593 5394; x_wconf 84' lang='lat' dir='ltr'><strong>affatim</strong></span> <span class='ocrx_word' id='word_1_825' title='bbox 2627 5325 2892 5403; x_wconf 87' lang='lat' dir='ltr'><strong>sanabat,</strong></span> <span class='ocrx_word' id='word_1_826' title='bbox 2925 5327 3206 5389; x_wconf 86' lang='lat' dir='ltr'><strong>nimirum</strong></span> <span class='ocrx_word' id='word_1_827' title='bbox 3235 5328 3375 5391; x_wconf 91' lang='lat' dir='ltr'><strong>dum</strong></span> <span class='ocrx_word' id='word_1_828' title='bbox 3393 5331 3574 5393; x_wconf 90' lang='lat' dir='ltr'><strong>doce-</strong></span> 
     </span>
    </p>
   </div>
   <div class='ocr_carea' id='block_1_119' title="bbox 1915 5417 3570 5505">
    <p class='ocr_par' dir='ltr' id='par_1_119' title="bbox 1915 5417 3570 5505">
     <span class='ocr_line' id='line_1_119' title="bbox 1915 5417 3570 5505; baseline -0.005 -14"><span class='ocrx_word' id='word_1_829' title='bbox 1915 5435 2008 5490; x_wconf 88' lang='lat' dir='ltr'><strong>ret</strong></span> <span class='ocrx_word' id='word_1_830' title='bbox 2034 5427 2170 5490; x_wconf 89' lang='lat' dir='ltr'><strong>illos</strong></span> <span class='ocrx_word' id='word_1_831' title='bbox 2199 5433 2373 5505; x_wconf 87' lang='lat' dir='ltr'><strong>atque</strong></span> <span class='ocrx_word' id='word_1_832' title='bbox 2406 5419 2770 5498; x_wconf 89' lang='lat' dir='ltr'><strong>ostenderet,</strong></span> <span class='ocrx_word' id='word_1_833' title='bbox 2805 5417 3087 5498; x_wconf 90' lang='lat' dir='ltr'><strong>pleraque</strong></span> <span class='ocrx_word' id='word_1_834' title='bbox 3117 5435 3188 5481; x_wconf 85' lang='lat' dir='ltr'><strong>ex</strong></span> <span class='ocrx_word' id='word_1_835' title='bbox 3233 5419 3328 5481; x_wconf 90' lang='lat' dir='ltr'><strong>his</strong></span> <span class='ocrx_word' id='word_1_836' title='bbox 3386 5422 3570 5484; x_wconf 82' lang='lat' dir='ltr'><strong>animi</strong></span> 
     </span>
    </p>
   </div>
   <div class='ocr_carea' id='block_1_120' title="bbox 1914 5507 3648 5596">
    <p class='ocr_par' dir='ltr' id='par_1_120' title="bbox 1914 5507 3648 5596">
     <span class='ocr_line' id='line_1_120' title="bbox 1914 5507 3648 5596; baseline -0.005 -16"><span class='ocrx_word' id='word_1_837' title='bbox 1914 5516 2092 5596; x_wconf 89' lang='lat' dir='ltr'><strong>culpa</strong></span> <span class='ocrx_word' id='word_1_838' title='bbox 2119 5514 2306 5576; x_wconf 90' lang='lat' dir='ltr'><strong>oriri:</strong></span> <span class='ocrx_word' id='word_1_839' title='bbox 2342 5530 2458 5593; x_wconf 91' lang='lat' dir='ltr'><strong>quo</strong></span> <span class='ocrx_word' id='word_1_840' title='bbox 2519 5511 2579 5572; x_wconf 87' lang='lat' dir='ltr'><strong>in</strong></span> <span class='ocrx_word' id='word_1_841' title='bbox 2640 5508 2852 5570; x_wconf 90' lang='lat' dir='ltr'><strong>melius</strong></span> <span class='ocrx_word' id='word_1_842' title='bbox 2910 5507 3257 5583; x_wconf 85' lang='lat' dir='ltr'><strong>constituto,</strong></span> <span class='ocrx_word' id='word_1_843' title='bbox 3317 5528 3569 5591; x_wconf 88' lang='lat' dir='ltr'><strong>corpora</strong></span> <span class='ocrx_word' id='word_1_844' title='bbox 3637 5545 3648 5555; x_wconf 85' lang='lat'><strong>-</strong></span> 
     </span>
    </p>
   </div>
   <div class='ocr_carea' id='block_1_121' title="bbox 1917 5596 3562 5689">
    <p class='ocr_par' dir='ltr' id='par_1_121' title="bbox 1917 5596 3562 5689">
     <span class='ocr_line' id='line_1_121' title="bbox 1917 5596 3562 5689; baseline -0.003 -19"><span class='ocrx_word' id='word_1_845' title='bbox 1917 5622 2152 5689; x_wconf 92' lang='lat' dir='ltr'><strong>quoque</strong></span> <span class='ocrx_word' id='word_1_846' title='bbox 2182 5601 2440 5667; x_wconf 87' lang='lat' dir='ltr'><strong>celerius</strong></span> <span class='ocrx_word' id='word_1_847' title='bbox 2470 5598 2838 5663; x_wconf 87' lang='lat' dir='ltr'><strong>curationem</strong></span> <span class='ocrx_word' id='word_1_848' title='bbox 2869 5596 3222 5679; x_wconf 87' lang='lat' dir='ltr'><strong>suscipiunt.</strong></span> <span class='ocrx_word' id='word_1_849' title='bbox 3256 5596 3562 5683; x_wconf 83' lang='lat' dir='ltr'><strong>Imprimis</strong></span> 
     </span>
    </p>
   </div>
   <div class='ocr_carea' id='block_1_122' title="bbox 3132 5738 3168 5802">
    <p class='ocr_par' dir='ltr' id='par_1_122' title="bbox 3132 5738 3168 5802">
     <span class='ocr_line' id='line_1_122' title="bbox 3132 5738 3168 5802; baseline 0 0"><span class='ocrx_word' id='word_1_850' title='bbox 3132 5738 3168 5802; x_wconf 92' lang='lat'>8</span> 
     </span>
    </p>
   </div>
  </div>
