3918 6138
367 261 502 334 235

1690 257 1972 326 MENSIS
2007 256 2449 326 NOVEMBER.

3634 237 3749 319 236

368 423 511 467 vero
544 400 848 484 exemplar
876 417 1010 464 sese
1039 395 1156 464 illis
1206 399 1339 462 vitae
1369 405 1545 462 recta;
1579 399 2008 462 constituendae

2179 424 2329 481 λεται,
2368 401 2472 478 Πρὸ
2502 397 2555 454 δὲ
2587 398 2786 455 τούτων
2833 396 2990 461 αὐτὸς
3033 395 3101 463 ἧν
3157 400 3342 460 αιῖιτοϊς
3403 393 3742 473 παράδειγμα

376 495 848 578 pulcherrimum
881 495 1008 576 ipse
1036 493 1372 576 praestabat,
1405 493 1492 554 sic
1516 492 1804 572 vivens,ut
1825 493 2013 555 oratio

375 587 650 668 superius
674 585 977 657 indicavit,
1001 587 1264 663 seipsum
1290 590 1512 644 tantum
1535 582 2009 662 supereminens,

377 684 726 756 tantumque
750 672 1061 754 utriusque
1085 674 1215 735 vitae
1233 672 1494 734 medium
1517 681 2010 753 agens,quantum

377 766 490 827 sibi
523 783 628 846 per
656 763 956 844 dignitatis
987 761 1399 826 excellentiam
1432 759 1666 823 licebat.
1713 759 1847 822 Post
1891 762 2015 824 hac

377 856 552 916 etiam
586 855 744 918 viros
770 852 889 914 illis
919 860 1040 914 tum
1074 852 1438 926 sacerdotes,
1471 857 1594 912 tum
1645 851 1944 924 diaconos,
1983 869 2017 912 a

377 944 589 1024 quibus
619 943 818 1004 divina
847 949 904 1002 et
933 959 1064 1022 qum
1093 941 1248 1002 ultra
1269 959 1381 1002 nos
1406 948 1564 1017 sunt,
1592 949 2017 1021 peragerentur

373 1033 864 1111 constituit,quos
884 1031 972 1091 illi
995 1030 1292 1092 intuentes
1310 1030 1752 1111 imitantesque,
1775 1030 1834 1090 in
1852 1030 2015 1092 viros

371 1123 586 1184 virtute
639 1120 1009 1182 clarissimos
1065 1121 1403 1183 evaderent.
1470 1119 1632 1182 Inter
1680 1120 1786 1181 hos
1817 1138 2014 1181 sacros

371 1213 529 1273 viros
551 1209 886 1291 complures
915 1209 1029 1270 viri
1055 1217 1397 1288 praestantes
1426 1209 1680 1285 fuerunt,
1708 1209 1768 1269 in
1803 1209 2016 1290 quibus

371 1299 672 1375 Erasmus,
726 1299 1066 1360 Platonicus
1121 1317 1191 1360 ac
1249 1297 1674 1380 Philadelphus
1722 1299 2016 1380 praecipue

371 1390 638 1451 illustres
661 1389 919 1464 nituere,
935 1387 1036 1468 qui
1058 1405 1191 1448 cum
1219 1388 1317 1448 illo
1341 1387 1664 1468 plurimum
1689 1396 2015 1463 versantes,

371 1497 442 1539 ac
474 1480 606 1557 ejus
632 1477 834 1552 vitam,
869 1477 1062 1558 quoad
1117 1476 1252 1538 ﬁeri
1284 1485 1537 1557 poterat,
1568 1477 1920 1554 etﬁngentes
1953 1496 2020 1538 ac

375 1569 802 1647 exprimentes,
824 1567 1087 1645 insignes
1112 1573 1178 1628 ut
1201 1567 1303 1646 qui
1329 1565 1583 1628 maxime
1602 1567 1757 1647 apud
1781 1585 2020 1628 omnem

2095 490 2402 564 κάλλιστον,
2467 487 2606 546 οὕτω
2661 488 2807 564 βιοὺς
2870 489 2945 549 ὡς
3003 483 3286 565 προλαϐὼν
3347 483 3504 550 ἔδειξε
3561 483 3743 562 λόγος,

2097 580 2305 655 μᾶλλον
2359 577 2412 635 δὲ
2470 586 2720 636 τοσοῦτον
2778 575 3086 654 ὑπερϐαλὼν
3140 576 3327 632 ἑαυτὸν
3384 575 3472 632 καὶ
3501 579 3750 631 τοσοῦτον

2097 669 2262 735 δείξας
2324 669 2575 748 ἐκατέρου
2632 668 2747 744 βίου
2804 667 2865 722 τὸ
2915 666 3080 742 μέσον
3130 665 3253 723 ὅσον
3306 664 3372 731 ἦν
3416 665 3500 720 καὶ
3552 666 3616 720 τὸ
3649 668 3749 730 τῆς

2098 758 2242 823 ἀξίας
2299 756 2567 838 διάφορον.
2630 757 2782 815 Μετὰ
2829 754 2884 811 δὲ
2934 757 3132 813 τούτων
3184 757 3269 812 καὶ
3320 753 3508 832 ἄνδρας
3563 757 3749 815 αὐτοῖς

2098 847 2306 926 ἐφίστη,
2343 847 2511 925 ἱερέας
2543 867 2600 902 τε
2650 848 2737 902 καὶ
2768 844 3065 920 διακόνους,
3120 847 3209 900 καὶ
3257 848 3343 908 οἷς
3399 845 3463 899 τὰ
3518 843 3642 900 θεῖά
3689 862 3749 898 τε

2096 939 2184 994 καὶ
2213 938 2342 1015 ὑπὲρ
2373 939 2516 1010 ἡμᾶς
2550 936 2780 1009 ἀνεῖται,
2836 937 2965 1012 πρὸς
3027 937 3113 998 οὒς
3165 935 3410 993 κάκεῖνοι
3462 931 3749 1005 βλέποντες

2097 1028 2185 1083 καὶ
2243 1027 2549 1100 ζηλοῦντες,
2612 1026 2762 1104 ἄκροι
2820 1027 2920 1093 τὴν
2978 1025 3172 1102 ἀρετὴν
3218 1022 3442 1099 ἔμελλον
3471 1019 3750 1089 ἀποϐήσευ

2097 1120 2235 1174 σθαι.
2274 1117 2484 1174 Τούτων
2514 1123 2618 1173 τῶν
2648 1117 2800 1193 ἱερῶν
2859 1113 3060 1191 ἀνδρῶν
3105 1115 3195 1170 καὶ
3259 1112 3410 1170 ἄλλοι
3469 1113 3565 1188 μὲν
3619 1114 3748 1167 επι-

2099 1207 2287 1285 φανεῖς
2345 1205 2705 1280 κατέστησαν,
2768 1205 2821 1260 ἐν
2881 1209 3063 1268 αὐτοῖς
3123 1202 3177 1259 δὲ
3247 1204 3452 1266 τούτοις
3511 1201 3748 1276 μάλιστα

2097 1294 2362 1375 διαφανῶς
2418 1295 2743 1371 ἐξέλαμψαν,
2807 1293 3082 1372 ’Ἐρασμὸς
3141 1314 3198 1348 τε
3255 1293 3344 1348 καὶ
3405 1289 3747 1353 Πλατώνικος

2097 1389 2184 1442 καὶ
2212 1383 2558 1464 Φιλάδελφος,
2591 1383 2644 1440 οἵ
2679 1405 2738 1461 γε
2772 1387 2914 1456 αὒτῷ
2961 1387 3048 1438 καὶ
3098 1383 3163 1438 τὰ
3219 1380 3450 1438 πλεῖστα
3500 1381 3746 1443 συνόντες

2100 1477 2187 1532 καὶ
2244 1475 2327 1538 εἴς
2389 1474 2513 1532 ὅσον
2575 1475 2696 1542 ἐνῆν
2753 1477 2845 1530 τὸν
2889 1473 3086 1530 ἐκείνου
3129 1473 3243 1549 βίον
3284 1471 3745 1547 ἀποματτόμενοι,

2101 1566 2485 1640 ἐπισημότατοι
2546 1565 2688 1642 παρὰ
2757 1565 2903 1638 πάσῃ
2973 1561 3218 1634 πολιτείᾳ
3291 1562 3569 1640 γεγὸνασι,
3646 1560 3751 1617 Καὶ

374 1655 804 1736 rempublicam
838 1655 972 1717 facti
999 1665 1158 1719 sunt.
1184 1655 1322 1717 Haec
1353 1673 1496 1718 sane
1516 1656 2012 1738 quemadmodum

2179 1665 2268 1713 ὂτα
2299 1655 2399 1729 μὲν
2430 1654 2595 1718 οὕτως
2632 1653 2943 1732 ἒπράττετο,

371 1746 782 1824 eXposuimus,
815 1746 898 1806 ita
929 1762 993 1806 se
1024 1745 1344 1807 habebant.

455 1833 770 1898 XXXVIII.
804 1834 1124 1898 Nonnullis
1155 1841 1287 1915 post
1313 1835 1525 1897 diebus
1574 1855 1708 1898 cum
1754 1838 1824 1899 Ι).
1859 1836 2012 1898 Gre-

2179 1832 2322 1894 AH’.
2357 1832 2484 1888 Μεθ’
2542 1831 2742 1909 ἡμέρας
2799 1829 2852 1886 δέ
2883 1852 3028 1895 τινας
3083 1831 3182 1898 τὴν
3240 1829 3399 1887 πόλιν
3442 1837 3532 1886 τοῦ
3563 1851 3750 1905 μακα-

375 1925 575 2003 gorius
607 1924 905 1985 civitatem
939 1923 1154 2000 obiret,
1189 1942 1306 2005 quo
1351 1924 1732 2008 miseratione
1775 1935 2012 2005 paterna

2187 1944 2214 1978 υ
2271 1922 2592 2000 περιιόντος,
2645 1920 2730 1999 ἐφ’
2787 1924 2832 1995 ᾧ
2887 1924 3007 1983 τοὺς
3051 1919 3103 1975 ἐν
3163 1921 3338 1984 νόσοις
3409 1918 3749 1998 σπλάγχνοις

376 2020 628 2093 aegrotos
656 2013 956 2087 inviseret,
991 2011 1107 2074 alia
1136 2013 1376 2093 quidem
1411 2033 1547 2076 cum
1583 2033 1857 2090 numero,
1895 2024 2012 2076 tum

2183 2025 2382 2092 τρικοῖς
2456 2010 2862 2085 ἐπισκέψασθαι,
2936 2010 3024 2066 καὶ
3082 2008 3220 2066 ἄλλα
3292 2009 3388 2085 μὲν
3461 2009 3745 2066 τετέλεστο

376 2101 780 2182 magnitudine
795 2102 1041 2181 majora,
1063 2121 1240 2182 quam
1265 2109 1328 2164 ut
1349 2103 1535 2165 oratio
1561 2104 2012 2185 complectatur,

2179 2099 2366 2180 γαλεϊα
2424 2101 2644 2179 κρείττω
2701 2099 2861 2177 λόγου
2915 2106 2992 2174 τῷ
3041 2121 3096 2155 τε
3154 2098 3345 2169 πλήθει
3405 2100 3491 2156 καὶ
3525 2106 3603 2174 τῷ
3631 2120 3742 2174 με-

377 2192 537 2254 edita
568 2201 728 2255 sunt.
757 2192 874 2256 Sed
907 2210 1116 2269 unum,
1171 2193 1333 2270 quod
1391 2194 1634 2258 auribus
1693 2197 1901 2258 vestris
1933 2205 2012 2258 esl

2179 2197 2262 2270 let,
2325 2191 2380 2247 ἓν
2435 2189 2489 2246 δέ
2546 2189 2610 2257 δὴ
2668 2191 2755 2246 καὶ
2805 2187 2946 2264 τόδε,
2999 2189 3026 2245 ὃ
3061 2203 3185 2253 ταῖς
3221 2189 3496 2269 ὑμετέραις
3545 2189 3747 2252 ἀκοαῖς

378 2288 608 2361 gratum
634 2281 922 2358 futurum,
955 2280 1296 2359 largiamur.
1343 2281 1598 2346 Sabinus
1618 2284 1856 2365 quidam
1880 2303 2012 2366 pre-

2179 2283 2419 2361 ρίσομαι.
2509 2278 2736 2344 Σαϐῖνός
2820 2302 2902 2343 τις
2986 2277 3376 2357 πρεσϐύτερος,
3459 2280 3748 2358 θυγάτριον

380 2371 578 2451 sbyter
605 2370 847 2432 ﬁliolam
879 2369 1185 2450 pulchram
1218 2370 1460 2451 quidem
1495 2391 1563 2438 ac
1594 2373 1766 2436 valde
1791 2375 2012 2454 gratio-

2179 2393 2244 2428 ων
2274 2371 2373 2438 τὴν
2403 2371 2499 2446 μὲν
2529 2370 2670 2450 ὥραν
2701 2371 2788 2426 καὶ
2837 2370 2973 2426 πάνυ
3022 2368 3294 2448 λαμπρὰν,
3352 2370 3490 2443 νόσῳ
3531 2367 3586 2425 δὲ
3636 2367 3746 2437 ⁴ἤδη

379 2477 505 2521 sam
530 2459 754 2536 habuit,
782 2467 1061 2523 caeterum
1089 2461 1299 2522 morbo
1322 2461 1608 2524 diuturno
1623 2463 1745 2543 jam
1770 2482 2015 2544 oppres-

380 2565 670 2629 sam,quae
689 2566 899 2612 novem
924 2549 1096 2610 annis
1119 2567 1355 2612 movere
1371 2567 1435 2612 se
1452 2570 1752 2632 nunquam
1773 2554 2016 2616 omnino

379 2645 678 2717 potuerat.
712 2637 767 2699 Is
797 2657 932 2700 cum
962 2639 1202 2700 beatum
1235 2638 1428 2701 virum
1485 2657 1556 2701 ea
1608 2646 2014 2703 transeuntem

379 2725 666 2803 audisset,
726 2726 883 2790 illam
935 2744 1054 2789 una
1081 2744 1215 2790 cum
1247 2745 1429 2789 uxore
1487 2729 1569 2791 uti
1624 2729 2014 2791 inanimatum

2100 2461 2424 2540 παρειμένην
2481 2460 2694 2540 χρονίᾳ,
2756 2462 2842 2516 καὶ
2899 2458 2981 2538 ἔφ’
3042 2457 3186 2523 ὅλοις
3238 2459 3389 2514 ἐννέα
3433 2460 3651 2539 χρόνοις
3679 2462 3746 2516 τὸ

2101 2549 2345 2628 παράπαν
2401 2553 2681 2618 κινηθῆναι
2738 2551 2817 2625 μὴ
2875 2547 3193 2629 δυναμένην,
3254 2547 3436 2617 ἐπειδή
3464 2550 3746 2628 περιιόντα

2099 2639 2315 2696 ἐπύθετο
2372 2642 2462 2696 τὸν
2518 2640 2799 2718 μακάριον,
2862 2637 3160 2718 ἐξαγαγὼν,
3218 2638 3333 2715 ἅμα
3391 2644 3458 2714 τῇ
3519 2643 3744 2718 γυναικὶ

2099 2731 2175 2794 ὡς
2204 2731 2393 2808 φόρτον
2427 2729 2642 2808 ἄψυχον
2671 2731 2868 2796 ταύτην
2926 2730 3029 2807 πρὸ
3085 2735 3179 2785 τοῦ
3237 2727 3482 2792 πυλῶνος
3533 2729 3689 2785 ἐτίθει
3725 2749 3740 2763 ·

382 2816 674 2896 quoddam
705 2815 938 2897 pondus
966 2824 1104 2878 ante
1130 2816 1488 2879 vestibulum
1533 2822 1824 2899 exposuit.
1855 2818 2012 2900 (Illac

2179 2823 2306 2875 εἴθεν
2361 2820 2462 2898 γὰρ
2521 2817 2711 2894 ἔμελλε
2769 2819 2856 2875 καὶ
2909 2821 2936 2874 ὁ
2997 2817 3169 2896 μέγας
3234 2815 3526 2898 διέρχεθαι.
3565 2810 3659 2884 εΩς
3689 2817 3749 2874 δὲ

382 2905 541 2967 enim
598 2906 685 2968 vir
744 2923 996 2985 magnus
1051 2907 1166 2967 iter
1214 2906 1478 2970 facturus
1527 2911 1697 2984 erat).
1729 2911 1852 2983 Quo
1879 2910 2012 2973 illuc

2198 2911 2285 2965 καὶ
2313 2915 2391 2984 τῷ
2420 2911 2569 2982 τοπῷ
2618 2906 2862 2988 ἤγγιζον,
2911 2910 2947 2976 ἡ
2999 2909 3182 2986 μήτηρ
3241 2913 3338 2975 τῆς
3395 2909 3587 2992 κόρης,
3649 2913 3748 2965 οἷα

383 3003 718 3075 appetente,
751 2995 964 3075 puellae
1013 3002 1200 3057 mater
1233 2997 1322 3076 (ut
1383 3016 1508 3059 mos
1560 3007 1649 3061 est
1708 2999 2012 3081 matribus]

2212 2999 2277 3060 τὰ
2334 2996 2579 3074 μητέρων
2633 3000 2721 3054 καὶ
2778 3005 2942 3056 ταῦτα
2995 2999 3250 3076 θυγατρὸς
3321 2993 3570 3066 τοιαότης
3640 3000 3744 3054 ἂν·

378 3094 514 3150 ﬁlize
529 3094 1027 3177 pulchritudineac
1048 3103 1202 3151 aetate
1225 3094 1486 3153 ﬂorentis
1507 3111 1703 3154 casum
1730 3099 2012 3169 miserata,

2179 3087 2294 3156 ἱσης
2352 3087 2463 3166 ὥρᾳ
2519 3107 2578 3143 τε
2635 3089 2722 3144 καὶ
2773 3109 2982 3158 νεοτητι
3046 3087 3182 3148 πάνυ
3248 3089 3534 3166 περιπαθὲς
3605 3090 3746 3145 ἀνα.

381 3183 505 3236 tum
537 3175 925 3238 vehementer
945 3176 1088 3237 ﬂere
1116 3193 1184 3238 ac
1213 3193 1743 3256 currere,seseque
1771 3179 2012 3258 hujusce

2179 3178 2394 3249 αύσασα,
2428 3176 2523 3232 ita?
2566 3175 2855 3254 δραμοῦσα,
2904 3177 3098 3244 ἑαυτὴν
3147 3189 3265 3249 τοῖς
3323 3178 3508 3234 τούτου
3567 3200 3744 3256 προσ-

381 3264 565 3344 patris
593 3265 662 3326 ad
699 3264 881 3343 pedes
914 3265 1234 3344 projicere.
1271 3266 1378 3327 Ille
1421 3266 1562 3346 quid
1595 3285 1743 3346 opus
1771 3256 2012 3330 haberel

2179 3287 2270 3323 ττει
2300 3265 2477 3328 ποσίν.
2514 3256 2572 3324 (Ο
2599 3263 2653 3322 δὲ
2683 3265 2955 3345 ἐρωτήσας
2985 3267 3046 3322 οὗ
3106 3263 3299 3340 δέοιτο,
3342 3266 3438 3321 καί
3495 3267 3594 3334 τὴν
3649 3268 3742 3322 αἷ-

382 3361 782 3435 percontatus,
844 3372 1079 3416 causam
1142 3353 1366 3429 didicit,
1414 3355 1659 3435 ejusque
1700 3375 1768 3418 ac
1813 3355 2012 3420 Sabini

2179 3377 2213 3411 ιν
2280 3357 2460 3431 μαθών
2529 3356 2889 3432 κατοικτείρας
2957 3376 3017 3410 τε
3081 3356 3279 3422 ταύτην
3350 3357 3436 3411 καὶ
3506 3354 3746 3414 Σαϐῖνον

384 3442 772 3506 calamitatem
836 3444 1169 3518 miseratus,
1231 3445 1444 3523 positis
1496 3445 1745 3523 genibus
1804 3450 2011 3530 oravit,

2179 3468 2196 3509 ς
2253 3452 2547 3524 συμφορᾶς,
2606 3443 2720 3507 θεὶς
2771 3446 2838 3501 τὰ
2874 3444 3070 3522 γόνατα
3121 3443 3451 3524 προσηὺξατο
3510 3444 3689 3524 λέγων
3729 3465 3747 3482 ο

383 3532 623 3595 dicens:
657 3534 907 3595 Domine
937 3536 1079 3595 Jesu
1109 3533 1365 3609 Christe,
1420 3537 1580 3598 Deus
1629 3544 1856 3615 noster,
1914 3557 2008 3615 ne,

2179 3557 2255 3612 ριε
2314 3533 2490 3602 Ἰησοῦ
2553 3534 2767 3613 Χριστὲ,
2829 3535 2856 3590 ὁ
2915 3534 3045 3598 Θεὸς
3098 3535 3278 3609 ἡμῶν,
3330 3532 3474 3590 ’έπιδε
3518 3537 3612 3592 καὶ
3654 3543 3747 3593 νῦν

375 3641 598 3702 quaeso,
630 3630 856 3684 avertas
889 3624 1091 3684 oculos
1123 3641 1155 3684 a
1179 3623 1456 3704 precibus
1487 3626 1641 3687 ser~i
1665 3625 1770 3702 tui,
1803 3645 2012 3708 meque

2179 3625 2311 3692 ιτὶιν
2366 3625 2673 3705 προσευχὴν
2731 3631 2823 3681 τοῦ
2873 3622 3055 3681 δούλου
3116 3645 3230 3704 σου,
3302 3626 3388 3681 καὶ
3442 3623 3746 3682 ἐπάκουσὸν

374 3712 554 3774 hodie
585 3712 868 3774 humilem
897 3712 1137 3786 exaudi,
1173 3723 1352 3794 atque
1384 3714 1535 3776 hanc
1556 3717 1806 3796 puellam
1831 3719 2012 3796 gratia

2179 3738 2197 3770 ›
2228 3722 2318 3773 τοῦ
2352 3722 2608 3772 ταπεινοῦ
2653 3715 2907 3792 σήμερον,
2969 3715 3058 3770 καὶ
3115 3713 3394 3788 ἐπίσκεψαι
3443 3714 3540 3782 τὴν
3567 3713 3743 3772 παῖδα

372 3819 442 3864 ac
475 3802 737 3881 potentia
767 3801 851 3864 tui
881 3803 1065 3864 sancti
1119 3802 1376 3882 Spiritus
1405 3804 1638 3884 erigens
1669 3807 1877 3870 invise.
1911 3807 2012 3870 His

2179 3807 2293 3874 511w
2323 3805 2624 3876 ἀναστήσας
2679 3805 2841 3871 αὐτὴν
2900 3808 2964 3879 τῇ
3023 3804 3203 3883 χάριτι
3262 3807 3348 3860 καὶ
3403 3801 3618 3880 δυνάμει
3647 3813 3745 3863 τοῦ

375 3890 858 3965 dictis,surrexit,
891 3911 957 3954 ac
979 3892 1146 3971 signo
1172 3894 1364 3955 crucis
1391 3895 1640 3973 puellam
1666 3895 2010 3976 obsignans,

2179 3897 2353 3974 ναγίου
2407 3915 2500 3951 σου
2558 3894 2886 3970 Πνεύματος.
2946 3899 3121 3951 Ταῦτα
3190 3894 3352 3949 εἰπὼν
3411 3894 3496 3949 ιιαὶ
3551 3891 3743 3951 διανα-

373 3977 438 4039 In
471 3983 712 4041 nomine
742 3979 882 4042 Jesu
913 3980 1133 4043 Christi
1162 3983 1280 4062 (ait)
1315 4001 1594 4064 exsurge,
1625 3993 1683 4046 et
1718 3993 1806 4046 sta
1837 4005 2012 4067 super

2179 4006 2221 4050 ις
2276 3991 2352 4059 τῷ
2409 3985 2616 4058 σημείῳ
2671 3990 2762 4040 τοῦ
2817 3988 3038 4058 σταυροῦ
3087 3983 3356 4062 σφραγίζει
3403 3987 3501 4050 τὴν
3547 3985 3740 4064 κόρην,

374 4069 561 4148 pedes
589 4077 740 4132 tuos.
775 4071 915 4133 Haec
948 4070 1043 4132 ille
1075 4070 1241 4152 dixit,
1277 4080 1334 4133 et
1359 4074 1555 4154 puella
1582 4076 1846 4154 protinus
1876 4095 2012 4139 sur-

2179 4072 2268 4128 ιέν
2323 4079 2400 4147 τῷ
2454 4072 2672 4147 ὀνόματι
2732 4075 2824 4129 τοῦ
2874 4077 3100 4149 Χριστοῦ
3138 4071 3309 4150 λέγει·
3347 4091 3378 4132 ε
3411 4071 3624 4150 Ἔγειρε
3651 4075 3742 4130 καὶ

370 4155 543 4233 rexit,
577 4165 753 4238 atque
804 4158 1133 4237 singulares
1182 4159 1506 4224 immortali
1560 4165 1679 4225 Deo
1741 4164 2011 4228 universi

2179 4160 2245 4228 iet
2303 4161 2389 4218 ἐπὶ
2444 4163 2566 4226 τοὺς
2623 4159 2786 4226 πόδας
2835 4183 2949 4224 σου.
2986 4183 3010 4220 ι
3047 4161 3228 4225 Οὕτως
3257 4163 3285 4218 ὁ
3316 4161 3412 4238 μὲν
3441 4163 3600 4219 εἶπεν
3631 4179 3648 4196 ⁶
3701 4165 3739 4232 ἡ

370 4246 587 4322 gratias
600 4257 872 4327 egerunt;
891 4247 1095 4310 aderat
1121 4251 1276 4311 enim
1296 4260 1510 4312 cuncta
1531 4250 1784 4315 civitatis
1806 4255 2011 4317 multi-

2179 4250 2453 4332 ἀνιστατο,
2483 4253 2571 4308 καὶ
2619 4252 2929 4332 εὐχαριστία
2987 4257 3131 4308 πᾶσα
3185 4259 3263 4326 τῷ
3321 4260 3438 4327 Θεῷ
3493 4250 3738 4327 ἀνεπέμ-

353 4335 534 4424 .tudo,
570 4355 708 4414 quae
737 4338 924 4401 virum
959 4348 1224 4401 sanctum
1259 4341 1334 4402 ob
1365 4359 1435 4402 ea
1464 4359 1592 4421 quae
1621 4343 1694 4404 ab
1725 4343 1852 4424 ipso
1901 4345 2007 4407 lie-

2179 4363 2245 4403 :o.
2277 4328 2374 4399 Ἠν
2403 4328 2502 4420 γᾶρ
2531 4341 2590 4396 τὸ
2621 4328 2824 4408 πληθος
2883 4339 3024 4397 ἅπαν
3074 4341 3174 4410 τῆς
3231 4341 3440 4406 πόλεως
3471 4343 3737 4419 ἑπόμενον

369 4423 530 4536 bant,
567 4427 984 4505 admiratione,
1015 4438 1077 4491 ut
1108 4446 1214 4508 par
1265 4439 1414 4510 erat,
1444 4423 1764 4510 perculsa,
1799 4451 2012 4515 seque-

2196 4431 2360 4536 ςιγίῳ,
2399 4433 2487 4487 καὶ
2529 4442 2648 4494 τοῖς
2694 4428 2782 4486 ὑπ’
2841 4432 3002 4536 fiqu
3057 4431 3380 4536 γινομένοις,
3437 4433 3525 4536 ξος.
3565 4433 3733 4536 εἰκός,

370 4512 566 4578 batur.
595 4516 859 4597 Cumque
882 4517 1215 4579 universam
1247 4519 1543 4582 civitatem
1568 4512 2003 4602 pertransisset,

2179 4520 2547 4596 πληττόμενον.
2610 4527 2788 4576 Πᾶσαν
2835 4518 2891 4576 δὲ
2950 4521 3052 4589 τὴν
3099 4521 3258 4579 πόλιν
3288 4519 3601 4600 περιελθὼν,
3647 4525 3740 4579 καὶ

368 4602 788 4696 omnibusque,
823 4624 952 4686 quae
981 4606 1097 4668 illis
1130 4609 1264 4669 usui
1296 4619 1516 4686 essent,
1581 4615 2002 4696 prospexisset,

2179 4632 2220 4667 τι
2252 4610 2316 4666 τὰ
2346 4611 2477 4690 πρὸς
2519 4611 2618 4678 τὴν
2677 4611 2862 4690 χρείαν
2903 4613 3293 4692 παρεσχηκὼς,
3355 4613 3430 4675 εἰς
3483 4611 3584 4680 τὴν
3636 4611 3736 4668 ἐκ-

367 4691 442 4783 ad
476 4693 815 4783 ecclesiam,
852 4714 984 4758 cum
1021 4697 1419 4762 ecclesiastico
1471 4691 1625 4763 cmtu
1654 4691 2002 4768 rever-litori

2179 4700 2317 4767 ισίαν
2373 4703 2542 4776 αὖθις,
2602 4700 2807 4776 σύναμα
2861 4704 2938 4775 τῷ
3006 4691 3190 4779 κλήρῳ
3253 4702 3406 4758 παντὶ
3465 4703 3735 4783 ὲπάνεισι,

368 4779 707 4859 divinisque
739 4786 990 4865 peractis
1019 4787 1349 4862 sacriﬁciis,
1376 4789 1776 4854 ecclesiastico
1801 4793 2002 4870 coetui,

2233 4791 2331 4858 τὴν
2387 4791 2527 4846 θείαν
2584 4788 2908 4870 λειτουργίαν
2977 4791 3309 4870 ἐπιτελέσας,
3382 4793 3458 4864 τῷ
3523 4779 3734 4860 laudm;

365 4871 562 4964 viduis
617 4892 686 4964 ac
747 4875 986 4955 pupillis
1037 4876 1321 4941 omnibus
1367 4898 1632 4942 mensam
1680 4883 2001 4964 apposuit;

2182 4883 2348 4951 στικῷ
2424 4899 2482 4934 τε
2564 4877 2903 4958 κληρώματι,
2963 4881 3051 4935 καὶ
3118 4880 3315 4959 χήραις
3387 4879 3582 4943 πάσαις
3642 4883 3732 4937 καὶ

366 4963 584 5042 quibus
614 4963 766 5045 ipse,
802 4965 899 5028 vili
929 4967 1198 5030 accintus
1231 4987 1448 5048 panno,
1484 4989 1602 5032 una
1649 4963 1784 5033 curn
1817 4973 2005 5036 tribus

362 5052 652 5144 diaconis,
687 5054 764 5144 de
797 5055 1014 5136 quibus
1049 5059 1410 5120 mentionem
1445 5059 2001 5144 fecimus,Erasmo,

363 5141 756 5231 Philadelpho
782 5154 840 5206 et
860 5145 1183 5224 Platonico,
1213 5148 1607 5212 ministrabat.
1632 5148 1834 5231 Neque
1867 5141 2002 5214 vero

363 5229 520 5321 illius
549 5241 739 5294 mater
767 5234 839 5296 ab
865 5236 1158 5311 ejusmodi
1191 5239 1520 5301 ministerio
1552 5229 1758 5302 aberat
1789 5264 1804 5318 ;
1857 5241 2001 5321 quin

360 5319 491 5398 ipsa
523 5340 640 5381 una
673 5341 805 5385 cum
838 5324 1092 5406 ancillis,
1148 5337 1438 5407 quotquot
1481 5330 1750 5407 aderant,
1811 5319 2002 5393 viduis

361 5408 551 5485 pedes
573 5410 804 5501 illarum
830 5411 1176 5490 lavando,ac
1195 5436 1371 5478 omne
1395 5418 1625 5497 pietatis
1647 5419 1997 5501 obsequium

265 5523 272 5532 ι
359 5499 721 5590 praestando,
758 5501 1190 5564 ministrabant.
1215 5503 1279 5567 In
1307 5507 1417 5567 hoc
1447 5516 1642 5570 autem
1679 5499 1998 5590 Gregorius

357 5586 761 5673 incumbebat,
799 5600 863 5656 ut
923 5593 1107 5656 sacris
1153 5593 1422 5660 initiatos
1463 5603 1589 5660 tum
1666 5599 1741 5662 ad
1805 5586 1993 5666 virtu-

2087 4970 2342 5050 ὀρφανοῖς
2409 4967 2669 5045 τραπέζας
2729 4969 2993 5048 παραθεὶς,
3056 4971 3216 5032 acra;
3272 4966 3508 5036 διηκόνει
3569 4969 3734 5046 [Haec

2085 5055 2431 5133 διεζωσμένος
2491 5056 2601 5132 ἅμα
2658 5071 2777 5122 τοῖς
2848 5060 3266 5133 μνημονευθετσι
3338 5060 3475 5136 τρισὶ
3545 5057 3734 5117 διακό-

2087 5170 2219 5225 νοις³
2282 5147 2553 5226 Ἐράσμῳ,
2610 5144 2926 5226 Φιλαδέλφω
2980 5149 3067 5203 καὶ
3123 5169 3197 5220 τῳ
3248 5145 3599 5221 Πλατωνίκῳ.
3658 5151 3732 5208 Ob

2085 5239 2192 5314 μὴν
2248 5235 2362 5294 οὐδὲ
2418 5238 2454 5304 ἡ
2513 5237 2694 5313 μήτηρ
2765 5239 2922 5296 αὐτοῦ
2991 5242 3088 5305 τῆς
3157 5237 3405 5304 τοιαύτης
3475 5239 3729 5316 ἒργασίας

2083 5326 2504 5406 ἀπελιμπᾶνετο,
2561 5324 2699 5382 ἀλλὰ
2751 5327 2840 5382 σὺν
2899 5331 3031 5403 αὐτῇ
3090 5327 3176 5383 καὶ
3233 5326 3353 5383 ὅσαι
3407 5329 3512 5384 τῶν
3565 5332 3729 5408 θερα-

2081 5415 2332 5474 παινίδων
2388 5419 2633 5496 ὃπῆρχον
2705 5430 2826 5481 ταῖς
2891 5419 3090 5497 χήραις
3161 5414 3572 5496 έξυπηρετοῠντο
3653 5440 3730 5474 νι-

2083 5507 2308 5567 πτουσαί
2364 5528 2423 5564 τε
2472 5508 2594 5570 τοὺς
2653 5504 2818 5572 πόδας
2866 5509 3062 5589 αὐτῶν,
3100 5508 3190 5567 καὶ
3220 5507 3318 5576 τὴν
3348 5505 3518 5575 ἄλλην
3549 5514 3728 5566 πᾶσαν

2083 5597 2364 5681 θεραπείαν
2396 5595 2801 5683 προσφέρουσαι.
2863 5596 3062 5680 ’Ἔργον
3120 5595 3175 5656 δὲ
3213 5598 3280 5672 ἦν
3323 5601 3401 5678 τῷ
3448 5598 3730 5688 Γρηγορίῳ
