3992 6134
165 253 248 327 23:
1269 274 1452 348 VITA
1495 284 1554 347 δ.
1600 273 1970 350 GREGORII
2011 272 2553 355 AGRIGENTINI.
3475 297 3593 364 238

166 406 260 467 τοὺς
296 410 394 460 106
438 405 688 509 πλήρεις
749 414 1038 509 ῥυθμίζειν
1095 419 1222 496 πρὸς
1271 416 1462 497 ἀρετὴν
1507 420 1572 476 τὰ
1625 421 1744 477 θεῖά
1803 443 1859 478 τε

1946 427 2086 502 tem,
2140 429 2263 482 tum
2321 422 2393 484 ad
2442 422 2682 504 eloquia
2727 423 2928 486 divina
2981 426 3346 504 meditanda,
3393 431 3593 494 infor-

166 501 590 594 Ὗασηξεοᾶζειν
659 501 989 579 ἐκμελετᾷν
1046 506 1223 585 λόγια,
1272 509 1360 564 καὶ
1404 510 1476 573 ὡς
1529 509 1646 566 οἶόν
1692 531 1749 566 τε
1779 512 1860 567 τὸι

1955 501 2167 586 maret,
2219 501 2834 593 eorumque—sensus,
2881 531 3058 594 quam
3109 501 3595 582 commodissime

169 587 265 639 ’δοῦν
298 587 486 643 αὐτῶν
523 587 922 652 ἂναπτύσσειν
934 644 946 656 .

1951 605 2174 675 posset,
2209 587 2554 678 explicaret.

243 674 374 776 AB".
459 676 617 735 Αλλ’
701 683 836 740 ἐπεὶ
895 685 1148 742 ἀδύνατον
1225 687 1288 755 ἦν
1359 686 1495 744 οῧτω
1564 687 1860 768 φιλοπόνως

1955 674 1966 675 ί
2028 674 2301 776 XXXIX.
2315 687 2430 776 Sed
2445 687 2682 768 quando
2707 687 2835 750 ﬁeri
2860 707 2979 751 non
3000 699 3220 773 potest,
3237 711 3595 776 quemquam

186 764 437 858 nitidum
493 771 610 839 τὴν
692 773 927 852 ἁρετὴν,
1000 777 1092 832 τὸν
1159 785 1251 835 τοῦ
1319 800 1550 857 πονήρου
1619 779 1860 855 δαίμονος

1952 779 2067 833 tam
2102 774 2310 836 sedulo
2334 764 2610 839 virtutem
2645 764 3068 858 consectari,ut
3093 764 3282 843 hostis
3305 764 3597 846 damonis

198 859 360 933 οθόνον
422 857 766 944 διαφυγεῖν,
801 865 915 943 ὥρα
969 873 1055 922 νῦν
1104 865 1329 930 ἐξειπεῖν
1389 867 1528 931 οἵοις
1561 871 1862 947 περιπίπτει

205 963 537 1025 πειρασμοῖς.
591 951 840 1018 Ζαϐἷνος
901 955 1001 1032 γὰρ
1058 957 1143 1010 καὶ
1201 965 1595 1033 Κρισκεντϊνος,
1632 959 1719 1022 οὓς
1775 962 1862 1015 καὶ

210 1037 233 1092 δ
281 1037 432 1115 λόγος
480 1042 708 1120 φθάσας
772 1042 1043 1112 ἐδήλωσεν
1095 1045 1195 1100 ὑπὸ
1223 1046 1318 1100 τοῦ
1368 1044 1601 1116 πλήθους
1633 1048 1706 1112 εἷς
1763 1049 1861 1115 τὴν

215 1126 494 1196 ἐπισκοπὴν
561 1129 1006 1209 προϐιϐάζεσθαι,
1068 1135 1210 1190 οὗτοι
1272 1133 1359 1191 ἐπὶ
1417 1136 1478 1190 τὸ
1549 1137 1676 1194 αὐτὸ
1732 1158 1859 1193 ιιυν⁶

216 1215 459 1291 ἐλθόντες,
513 1222 613 1276 καὶ
667 1223 744 1283 εἷς
805 1219 1093 1303 συμϐάσεις
1140 1223 1513 1302 χωρὴσαντες,
1547 1224 1712 1282 πάλαι
1765 1227 1862 1303 γὰρ

218 1304 436 1385 διάροροι
499 1295 956 1384 καθειστήκεσαν,
1018 1295 1181 1374 «Et»;
1213 1295 1342 1368 ⁴πότε
1401 1313 1592 1393 ἡμεῖς,
1655 1295 1858 1392 ἕλεγδνί,

215 1393 665 1470 ὕποταγησομεθα
725 1405 802 1472 τῷ
869 1402 1024 1475 γόητι
1089 1400 1255 1473 τούτῳ
1311 1401 1400 1456 καὶ
1457 1404 1742 1481 φαρμακῷ,
1804 1403 1861 1467 ὃς

216 1483 450 1558 μαγείαις
512 1482 634 1560 ἅμα
689 1486 784 1543 καὶ
839 1490 1097 1565 τεθτρείας
1165 1488 1343 1561 ἐξιστᾷ
1397 1492 1516 1556 τοὺς
1587 1491 1868 1558 εὐηθεστέ-

216 1592 321 1646 pou;
392 1575 507 1627 τῶν
585 1573 773 1647 ξένων,
847 1575 993 1641 ὅπως
1063 1577 1422 1657 διαπεφευγὼς
1493 1586 1597 1635 τῶν
1668 1578 1867 1636 ἐνθένδε

216 1663 364 1734 μάγῳ
426 1663 538 1720 τινὶ
613 1665 920 1744 παρέμεινε,
970 1665 1215 1722 κάκεῖθεν
1276 1673 1449 1723 πᾶσαν
1513 1671 1866 1748 κακοτεχνίαν

217 1748 529 1826 ἐξέπλησε,
604 1751 821 1808 πλανῶν
891 1756 1014 1818 τοὺς
1085 1754 1410 1834 ἀνθρώπους,
1489 1760 1580 1814 οἶα
1653 1756 1708 1813 δὲ
1778 1761 1864 1815 καὶ

221 1840 382 1911 Σίμων
438 1840 658 1906 ἐκεῖνος
703 1839 904 1916 δαίμων
960 1842 1302 1922 ἐξανθρώπων
1346 1846 1651 1920 γενόμενος.
1707 1837 1859 1924 Ὀρᾳς

227 1931 404 2005 facit):
455 1929 576 2014 οὗθ’
612 1927 750 1992 ὅλως
793 1930 949 1987 ἐσθίει
999 1931 1115 1989 οὔτε
1159 1935 1319 2009 πίνει,
1353 1935 1381 1990 ὃ
1423 1933 1518 1990 καΐ
1578 1937 1624 1991 οἱ
1667 1933 1857 2010 δαίμο-

233 2038 294 2079 ιες
333 2016 547 2092 κομιθῆ
609 2028 873 2098 ποιοῦσι;
923 2029 1094 2079 Ταῦτα
1150 2025 1278 2101 πρὸς
1307 2021 1571 2094 ἀλλήλους
1623 2026 1857 2090 εἰπόντες

223 2105 717 2182 προσλαμϐάνονται
780 2108 896 2185 μεθ’
955 2111 1152 2167 ἑαυτῶν
1207 2113 1296 2169 καὶ
1350 2119 1444 2171 τοῦ
1501 2112 1700 2194 κλήρου
1772 2137 1859 2171 τι-

215 2196 315 2259 νάςο
372 2197 739 2254 ὒποσπῶνται
782 2197 836 2254 δὲ
885 2202 972 2256 καὶ
1014 2206 1107 2257 106
1135 2201 1266 2258 λαοῦ
1311 2199 1471 2281 μέρος
1515 2205 1608 2260 οὐκ
1656 2202 1858 2283 ὀλίγον,

210 2288 288 2340 καὶ
356 2284 552 2363 ὅρκοις
631 2285 898 2358 ἀλλήλους
971 2287 1501 2365 κατεμπεδώσαντες,
1573 2289 1743 2368 δρᾶμά
1813 2316 1863 2349 τι

208 2377 594 2448 nauigans;
640 2381 739 2443 τῆς
769 2385 862 2434 τοῦ
909 2379 1255 2445 κεκινηκοτός
1303 2379 1490 2442 αὐτοὺς
1520 2381 1648 2458 πρὸς
1704 2381 1867 2440 ταῦτα

207 2467 572 2545 κακοτεχνίας
647 2464 880 2532 ἐπάξιον.
943 2466 1256 2542 Ἀκολάστῳ
1320 2469 1420 2548 γάρ
1488 2493 1589 2527 τινι
1663 2474 1867 2549 γυναικὶ

208 2554 619 2632 προσελθόντες,
677 2557 772 2623 τήν
817 2556 959 2635 ὥραν
1017 2556 1353 2637 περικαλλεῖ,
1398 2558 1627 2634 τοῦνομα
1697 2559 1862 2618 Εὔδο-

207 2644 344 2720 ιίαν,
409 2646 512 2701 καὶ
581 2645 783 2714 ταύτην
839 2647 1115 2726 χρήμασιν
1171 2646 1569 2722 ἀναπείσαντες,
1615 2657 1711 2728 φεῦ
1765 2655 1858 2717 τῆς

210 2732 538 2800 ἂναιδείαςί
615 2737 710 2792 106
772 2735 1068 2792 ἐπισκόπου
1133 2736 1415 2793 κατειπεῖν
1482 2738 1860 2817 ἀναγκάζουσιν

206 2824 274 2887 ὡς
334 2821 440 2901 ἄρα
504 2823 602 2890 εἴη
663 2825 826 2892 αὐτὴν
881 2823 1152 2902 ἐγνωκώς,
1201 2817 1292 2885 Ὠς
1352 2827 1442 2881 οὖν
1495 2824 1724 2903 ἤρτυσαν
1764 2832 1862 2896 τὴν

204 2909 530 2992 ἐπιϐουλὴν,
578 2913 794 2984 ἐζήτουν
838 2914 1020 2990 καιρὸν
1077 2914 1193 2969 καθ’
1252 2915 1310 2969 ὃν
1353 2912 1418 2971 ἂν
1473 2912 1610 2972 εἴσω
1667 2917 1862 2983 ταύτην

203 2999 512 3078 παραϐύεται
573 3012 672 3062 106
737 3002 1079 3060 ἐπισκοπείου
1132 2996 1472 3072 δυνήσονται,
1531 3003 1705 3084 ’Ὥραν
1773 3006 1862 3063 οὖν

201 3090 537 3166 ξυλάξαντες
607 3089 725 3150 καθ’
779 3093 847 3159 ἣν
922 3095 950 3148 ὁ
1015 3091 1183 3170 μέγας
1241 3093 1420 3167 μέσων
1490 3093 1690 3150 νύκτων
1749 3092 1860 3170 ἅμα

1949 860 2210 925 declinet
2231 863 2542 939 invidiam,
2569 866 2749 928 instat
2779 885 2958 948 nunc,
2995 877 3080 949 ut,
3106 870 3432 950 quasillum
3461 881 3594 934 ten-

1952 953 2208 1014 tationes
2267 953 2617 1030 invaserint,
2679 974 3137 1037 persequamur.
3198 957 3456 1022 Sabinus
3526 979 3596 1024 ac

1948 1040 2396 1124 Crescentinus,
2420 1063 2570 1125 quos
2592 1045 2868 1125 superius
2896 1064 2929 1108 a
2952 1046 3336 1110 multitudine
3364 1049 3599 1130 episco-

1945 1149 2054 1211 pos
2081 1131 2424 1210 designatos
2448 1132 2636 1196 fuisse
2657 1135 3592 1218 demonstravimus,ambo,inito

1945 1219 2191 1295 fmdere,
2229 1221 2571 1301 conspirant
2603 1222 2724 1300 (diu
2780 1223 2937 1285 enim
2971 1231 3206 1287 mutuas
3256 1225 3595 1290 simultates

1945 1311 2304 1390 gesserant).
2337 1310 2658 1392 Quousque
2687 1330 2796 1373 nos
2831 1312 3158 1394 (dicentes)
3190 1315 3330 1376 huic
3363 1315 3593 1396 impos-

1947 1397 2062 1458 tori
2113 1407 2294 1478 atque
2329 1401 2592 1462 veneﬁco
2647 1401 3064 1480 subjiciemur,
3102 1402 3206 1479 qui
3252 1401 3474 1481 ignaris
3521 1423 3594 1468 ac

1952 1488 2422 1566 simplicioribus
2469 1489 2816 1552 hominibus
2847 1490 3306 1553 admirationem
3362 1494 3594 1571 praesti-

1948 1573 2060 1652 giis
2079 1595 2145 1638 ac
2163 1577 2512 1656 imposturis
2534 1580 2794 1642 excitat?
2813 1583 2904 1642 An
2927 1579 3275 1658 ignoramus
3297 1582 3593 1657 quemad-

1950 1664 2190 1726 modum
2218 1667 2355 1728 hinc
2383 1667 2682 1748 eﬂ‘ugerit,
2707 1678 2767 1730 et
2789 1688 2924 1730 cum
2956 1668 3212 1749 quodam
3239 1687 3407 1748 mago
3433 1688 3597 1733 man-

1948 1754 2115 1830 serit,
2151 1774 2184 1816 a
2236 1775 2354 1836 quo
2387 1758 2672 1819 nefariam
2726 1759 2881 1820 hanc
2929 1766 2988 1818 et
3018 1758 3348 1820 maleﬁcam
3403 1767 3593 1822 artem

1947 1843 2161 1920 hausit,
2225 1865 2341 1926 qua
2398 1847 2744 1910 hominibus
2811 1847 2999 1909 instar
3069 1846 3332 1909 Simonis
3403 1849 3589 1924 illius,

1943 1931 2175 1994 daemon
2201 1953 2270 1996 ex
2295 1935 2646 1998 hominibus
2668 1937 2882 2009 factus,
2911 1935 3192 2017 imponit?
3213 1934 3342 1998 Non
3366 1936 3590 2013 cernis,

1943 2033 2006 2083 ut
2031 2040 2227 2099 neque
2256 2026 2498 2086 omnino
2522 2027 2816 2099 comedat,
2840 2042 3035 2104 neque
3065 2023 3251 2098 bibat,
3277 2025 3434 2106 quod
3463 2025 3592 2086 dae-

1945 2129 2155 2174 mones
2184 2113 2442 2175 subinde
2465 2113 2718 2176 faciunt?
2747 2114 2884 2194 Haec
2914 2114 3073 2176 inter
3094 2131 3161 2176 se
3182 2114 3593 2195 commentati,

1947 2216 2148 2261 secum
2181 2201 2358 2262 etiam
2392 2203 2646 2272 clericos
2677 2202 2966 2284 quosdam
3003 2202 3329 2277 asciscunt,
3361 2211 3422 2264 et
3473 2220 3594 2263 non

1947 2291 2212 2368 exiguam
2243 2292 2446 2372 populi
2479 2303 2711 2374 partem
2737 2291 3104 2363 convellunt,
3140 2291 3321 2355 ﬁdem
3342 2292 3500 2354 inter
3529 2310 3595 2354 se

1941 2379 2369 2459 jusjurandum
2394 2381 2896 2462 dant,captiosum
2925 2381 3596 2462 ﬁgmentum,arte,quze

1948 2467 2022 2529 ad
2056 2469 2168 2530 hoc
2199 2468 2334 2532 illos
2359 2467 3029 2551 impellebat,insidiosa
3055 2469 3301 2548 dignum
3335 2470 3593 2531 commi-

1949 2556 2286 2619 niscuntur.
2323 2559 2475 2622 Nam
2509 2558 2820 2620 mulierem
2852 2556 3170 2638 quamdam
3201 2555 3592 2638 impudicam,

1947 2645 2210 2726 alioquin
2231 2645 3024 2726 pulchritudineinsignem,
3049 2643 3376 2706 Eudociam
3391 2645 3593 2706 nomi-

1947 2735 2632 2815 ne,conveniunt:quam
2656 2735 2912 2817 pecunia
2941 2741 3281 2814 corruptam
3305 2733 3597 2796 inducunt

1947 2831 2153 2885 contra
2171 2824 2701 2906 episcopum(pr0h
2715 2821 3158 2906 pudorl)palam
3183 2839 3317 2884 sese
3328 2839 3402 2882 cu
3415 2839 3464 2883 sn
3481 2820 3585 2884 illo

1945 2913 2346 2976 concubuisse
2367 2913 2777 2976 testimonium
2802 2913 3032 2988 dicere;
3053 2910 3312 2992 quicum
3339 2910 3591 2990 perfidia

1945 3011 2006 3065 et
2033 3002 2210 3084 plena
2239 3001 2478 3066 subdoli
2496 3021 2563 3065 ac
2586 3002 2810 3065 versuti
2835 3001 3023 3063 animi
3040 2999 3293 3062 consilia
3317 2999 3592 3064 institue-

1940 3100 2106 3166 runt,
2147 3099 2448 3168 quatenus
2495 3097 2556 3153 in
2587 3091 2938 3172 episcopum
2990 3089 3150 3151 illam
3189 3087 3585 3154 insinuarent.

202 3195 317 3246 τοῖς
383 3185 572 3261 τρισῖν
629 3181 850 3245 ἐκείνοις
894 3181 1239 3245 οἰκειοτάτοις
1299 3187 1407 3239 τῶν
1471 3179 1726 3242 διακόνων
1787 3186 1857 3246 εἱς

1946 3178 2142 3253 Quare
2171 3189 2408 3261 tempus
2439 3179 2779 3255 observant,
2814 3197 2932 3259 quo
2961 3178 3054 3240 vir
3082 3194 3334 3256 magnus
3378 3178 3590 3241 mediis

202 3277 290 3330 τὸν
351 3275 486 3328 ναὸν
547 3273 760 3350 κατῄει,
817 3271 912 3334 τὰς
985 3272 1224 3340 συνήθεις
1295 3269 1612 3329 ἐπιτελέσων
1669 3272 1857 3352 εὐχάς.

197 3361 286 3420 Ἐν
345 3362 528 3438 ταύτῃ
584 3359 651 3424 δὴ
699 3359 974 3440 χρήμασιν
1031 3362 1077 3416 οἱ
1115 3357 1383 3417 ἐπίϐουλοι
1441 3361 1562 3424 τοὺς
1603 3363 1861 3440 θυρωροὺς

197 3451 617 3532 δισιρθείραντες
652 3498 668 3525 ,
743 3450 1040 3527 εἰσάγουσιν
1112 3451 1186 3513 εἰς
1273 3450 1365 3506 τὸν
1448 3449 1541 3506 τοῦ
1623 3450 1860 3530 μεγάλου

196 3543 557 3599 utan-{nov
613 3540 713 3605 τὴν
767 3540 958 3619 κόρην,
1016 3539 1102 3594 καὶ
1159 3537 1213 3595 ἐν
1269 3539 1436 3616 γωνίᾳ
1496 3541 1681 3597 ἱστῶσι
1734 3546 1855 3617 μιᾷ.

201 3621 255 3689 ’0
317 3629 404 3706 δέ,
437 3629 560 3686 ἐπεὶ
609 3629 703 3693 τὰς
750 3629 914 3708 εὒχὰς
971 3625 1076 3695 ἤδη
1121 3626 1404 3703 τελέσειεν,
1467 3627 1619 3705 ἀνῄει
1672 3650 1728 3685 τε
1788 3631 1858 3694 εἰς

200 3721 358 3775 αὑτὸν
423 3720 518 3774 καὶ
547 3714 749 3792 βιϐλίον
805 3715 890 3774 ἐπὶ
919 3729 1114 3794 χεῖρας
1171 3715 1350 3793 λαβὼν
1392 3716 1485 3773 τὸν
1532 3717 1646 3793 βίον
1688 3739 1861 3796 προσ-

201 3809 451 3887 εχόντως
483 3804 627 3882 διῄει
684 3808 776 3864 106
828 3804 1029 3862 πολλοῦ
1079 3808 1170 3862 τόν
1198 3826 1256 3861 τε
1315 3803 1476 3884 λόγον
1524 3807 1611 3864 καὶ
1641 3808 1858 3885 τρόπον,

198 3897 456 3957 Ἰωάννου
485 3902 582 3953 τοῦ
612 3895 984 3974 Χρυσοστόμου
1013 3896 1173 3975 φημί.

275 4081 382 4140 I’.
463 4069 535 4132 Ἠ
600 4071 656 4128 δὲ
723 4072 789 4140 δὴ
856 4073 991 4153 κόρη
1047 4074 1119 4139 εἷς
1175 4071 1339 4131 ὕπνον
1407 4073 1522 4150 ἄρτι
1589 4095 1856 4156 κατενεί-

196 4171 358 4224 θεῖσα
412 4164 604 4241 βαθὺν,
637 4161 743 4220 οὔτ’
792 4164 969 4231 ἐκείνη
1018 4165 1108 4221 τὸν
1155 4164 1324 4242 μέγαν
1351 4161 1634 4221 ἀνελθόντα
1691 4170 1859 4233 συνῆ-

196 4278 308 4318 ur.
377 4254 517 4313 Οὔτε
576 4252 734 4310 πάλιν
791 4253 946 4319 αὐτὸς
1003 4253 1102 4322 τὴν
1153 4253 1318 4334 κόρην
1377 4253 1538 4329 ἐώρα.
1569 4253 1735 4312 Πόθεν
1795 4252 1856 4312 ἂν

195 4347 280 4402 καὶ
343 4345 672 4402 ὑπώπτευσε
729 4345 930 4422 καθαρᾷ
979 4345 1197 4420 τοιαύτῃ
1248 4347 1402 4422 ψυχῇ
1430 4344 1519 4400 καὶ
1575 4344 1852 4424 παρθένος,

193 4434 588 4509 ιρυπτομένην
644 4433 717 4496 ὡς
763 4433 880 4489 οἷόν
933 4455 991 4490 τε
1038 4437 1126 4489 καὶ
1169 4431 1442 4489 διαλαθεῖν
1497 4431 1852 4510 βουλομένην.

1943 3268 2219 3331 noctibus
2264 3287 2382 3329 una
2412 3287 2546 3330 cum
2578 3268 2850 3330 diaconis
2901 3267 3020 3328 illis
3051 3266 3243 3328 tribus
3271 3264 3384 3327 sibi
3414 3266 3586 3328 fami-

1942 3356 2274 3420 liarissimis
2298 3357 2358 3418 in
2375 3359 2662 3440 templum
2678 3357 2747 3419 ad
2763 3365 3076 3420 consuetas
3099 3373 3309 3436 preces
3331 3356 3589 3418 descen-

1943 3447 2087 3509 dere
2133 3446 2387 3509 solebat.
2423 3445 2812 3510 Insidiatores
2865 3446 3106 3507 interim
3141 3443 3418 3524 pecunia,
3451 3463 3586 3507 cum

1937 3535 2292 3616 janitoribus
2313 3537 2725 3616 pasciscuntur
2749 3542 2813 3596 ut
2842 3534 3100 3616 puellam
3133 3533 3196 3594 in
3227 3533 3446 3594 lectum
3474 3534 3586 3594 viri

1944 3627 2138 3704 magni
2171 3623 2528 3686 submittere
2561 3625 2757 3704 liceat,
2791 3633 2852 3685 et
2882 3623 3012 3704 ipse
3041 3621 3103 3682 in
3135 3619 3356 3698 angulo
3385 3624 3585 3682 consi-

1945 3713 2116 3777 dunt.
2153 3711 2282 3789 Ille,
2316 3713 2528 3775 solutis
2579 3712 2879 3793 precibus,
2913 3709 3256 3772 cubiculum
3304 3707 3469 3786 petit,
3506 3709 3584 3784 li-

1945 3802 2240 3882 brumque
2273 3820 2454 3863 manu
2487 3801 2890 3882 prehendens,
2914 3798 3092 3860 vitam
3121 3797 3368 3860 Joannis
3395 3797 3585 3879 Chry-

1940 3890 2208 3968 sostomi,
2246 3898 2310 3952 ut
2364 3889 2509 3952 clari
2541 3889 2782 3966 litteris,
2815 3888 2899 3950 ita
2942 3884 3208 3948 moribus
3238 3896 3296 3949 et
3343 3883 3584 3966 ingenio

1940 3980 2212 4055 maximi,
2247 3980 2660 4044 attendissime
2691 3976 3013 4060 percurrit.

2017 4072 2144 4136 XL.
2178 4070 2365 4133 Porro
2401 4068 2600 4150 puella
2630 4066 2966 4132 arctissimo
2994 4064 3170 4147 paulo
3199 4076 3340 4128 ante
3375 4083 3586 4128 somno

1940 4160 2208 4235 detenta,
2244 4177 2439 4240 neque
2470 4159 2601 4240 ipsa
2630 4158 2822 4220 virum
2855 4174 3132 4236 magnum
3160 4155 3585 4240 ascendentem

1939 4249 2146 4326 sensit,
2181 4267 2380 4329 neque
2428 4239 2635 4308 rursus
2679 4248 2807 4327 ipse
2860 4244 3118 4326 puellam
3175 4243 3338 4304 vidit.
3391 4239 3582 4318 Unde,

1940 4337 2217 4414 obsecro,
2247 4337 2454 4398 isthaac
2513 4335 2805 4397 innocens
2836 4343 2895 4396 et
2955 4330 3335 4393 immaculata
3382 4330 3583 4391 anima

1941 4427 2232 4506 suspicari
2263 4425 2473 4488 habuit
2504 4426 2763 4505 puellam
2797 4430 2977 4504 prout
3005 4428 3237 4502 poterat
3265 4418 3582 4494 occultari,

199 4515 253 4584 Ὀ
306 4524 423 4602 μὲν
452 4527 548 4581 οὖν
593 4522 730 4581 οὕτω
759 4524 894 4599 μετὰ
942 4524 1041 4590 τὴν
1087 4523 1383 4601 ἀνάγνωσιν
1431 4520 1518 4578 ἐπὶ
1561 4521 1654 4588 τὸς
1698 4522 1856 4579 ἑωθι-

1946 4524 2002 4578 et
2030 4516 2319 4578 libentem
2350 4515 2476 4576 illic
2505 4516 2762 4576 latenter
2808 4511 3142 4602 conjectam
3173 4527 3239 4572 se
3264 4508 3525 4602 voluisse
3553 4515 3583 4571 ἲ

196 4617 289 4678 τὰς
352 4614 558 4690 καθῄει
601 4613 763 4671 πάλιν
826 4611 990 4687 ᾠδάςο
1050 4612 1164 4669 ἐπεὶ
1221 4610 1277 4666 δὲ
1319 4612 1408 4668 καὶ
1462 4611 1655 4676 ταύτας
1715 4609 1861 4681 πλή-

197 4707 386 4784 circa:
441 4705 597 4780 ἀνῄει
642 4703 848 4780 σόναμα
877 4708 954 4776 τῷ
1003 4701 1186 4781 κλήρῳ
1213 4701 1371 4758 παντὶ
1425 4701 1513 4758 καὶ
1563 4714 1682 4765 τοῖς
1739 4723 1866 4759 συν-

199 4797 430 4852 ελθοῦσι
499 4799 593 4849 τοῦ
662 4794 948 4865 πλήθους,.
981 4791 1104 4849 εἶτα
1173 4791 1262 4846 καὶ
1329 4801 1609 4869 παραινεῖν
1681 4793 1866 4853 αὐτοῖς

200 4883 416 4962 ἤρξατο
471 4884 541 4938 τὰ
598 4883 858 4962 σωτήρια,
899 4883 988 4939 καὶ
1040 4880 1253 4957 ἕτοιμος
1311 4878 1376 4947 ἧν
1425 4881 1514 4934 καὶ
1557 4881 1710 4936 θείων
1766 4877 1863 4936 λο-

197 4977 333 5052 τίων
391 4972 694 5050 ἀναγνώσει
748 4975 842 5037 τὰς
900 4970 1110 5028 ἐκείνων
1178 4973 1366 5049 θρέψαι
1421 4970 1624 5049 ψυχὰς,
1689 4967 1866 5045 ὥσπερ

199 5065 424 5120 εἴθιστο
470 5061 592 5119 καθ’
652 5063 884 5129 ἑκάστην
937 5073 1137 5139 ποιεῖν,
1173 5059 1356 5117 αὐτίκα
1417 5062 1465 5116 οἱ
1521 5059 1638 5137 περὶ
1700 5067 1865 5137 Κρισ-

200 5167 482 5228 ιεγτϊνον,
530 5153 728 5232 θηρῖων
779 5150 929 5219 δίκην
985 5150 1180 5229 ἀγρίων
1235 5147 1380 5206 ἔνδον
1433 5147 1862 5212 συνεισπεσόντες

202 5244 297 5312 τίς
375 5265 442 5301 τε
493 5246 660 5324 γόρης
719 5237 1191 5316 ἐπιλαμϐάνονται,
1250 5238 1340 5296 καὶ
1397 5239 1472 5302 εἷς
1542 5238 1604 5293 τὸ
1657 5235 1860 5304 πλῆθος

201 5332 478 5415 ἐξάγουσι,
537 5336 674 5412 βοῆς
730 5332 842 5415 ἅμα
915 5331 1005 5386 καὶ
1071 5326 1285 5407 θορύϐου
1349 5328 1437 5384 καὶ
1492 5325 1747 5415 ταραχῆς,
1795 5327 1862 5382 τὰ

202 5412 378 5484 πάντα
429 5412 788 5506 ¹ιιιξληροιῖὶντες.
827 5412 887 5480 Ὀ
934 5419 1195 5498 ἀσελγὴς,
1226 5420 1254 5474 '0
1298 5417 1515 5498 ἐναγὴς,
1553 5417 1581 5472 ὁ
1627 5414 1857 5506 ἀνάξιος,

207 5518 246 5571 εξ
301 5518 488 5595 μιαροὶ
546 5505 626 5590 τῷ
684 5514 822 5587 ὄντι,
856 5509 996 5567 κατᾶ
1053 5515 1144 5564 τοῦ
1199 5506 1394 5589 σφόδρα
1446 5508 1672 5584 καθαροῦ
1725 5505 1859 5595 κρά-

199 5593 423 5693 ζοντες,
459 5609 545 5667 καὶ
619 5606 739 5683 ἅμα
796 5624 874 5679 τῳ
929 5597 1118 5672 πλήθει
1178 5601 1272 5669 τὴν
1324 5599 1533 5678 ἑταίραν
1605 5593 1861 5676 παραδει-

1948 4605 2058 4669 ille
2087 4604 2268 4686 igitur
2297 4612 2432 4686 post
2455 4604 2769 4666 lectionem
2798 4601 2872 4664 ad
2905 4599 3220 4662 matutinas
3264 4597 3471 4660 laudes
3500 4600 3588 4660 ire

1948 4693 2281 4776 contendit,
2313 4692 2530 4774 quibus
2559 4689 2832 4773 expletis,
2868 4709 2986 4753 una
3031 4707 3167 4751 cum
3203 4687 3368 4750 omni
3419 4703 3587 4749 sacro

1949 4784 2182 4858 ordine,
2214 4801 2285 4846 ac
2312 4782 2445 4844 aliis
2465 4801 2533 4844 ex
2560 4780 2778 4864 populo
2801 4779 3219 4842 comitantibus
3249 4776 3583 4839 revertitur.

1949 4872 2099 4936 Tum
2158 4871 2382 4934 hortari
2430 4871 2590 4952 illos,
2623 4888 2692 4932 ac
2753 4869 3035 4934 salutaria
3083 4883 3332 4929 monere
3388 4867 3586 4945 cmpit,

1949 4963 2220 5043 illudque
2261 4959 2590 5037 laborabat,
2625 4967 2712 5040 ut,
2744 4958 2904 5040 quod
2948 4955 3199 5034 singulis
3226 4955 3352 5016 fere
3377 4953 3591 5043 diebus

1947 5041 2779 5132 agere—consueveraneorum
2801 5046 3034 5108 animos
3057 5044 3390 5132 divinarum
3405 5041 3588 5132 _Litte-

1944 5129 2147 5204 rarum
2168 5141 2426 5202 lectione
2438 5137 2894 5200 reﬁceret.Tum
2910 5129 3386 5197 Crescentiniani
3401 5129 3592 5192 instar

1943 5232 2204 5294 terarum
2235 5227 2556 5308 agrestium
2605 5225 2925 5300 irruentes,
2959 5221 3215 5305 puellam
3267 5219 3587 5300 arripiunt,

1945 5335 2200 5397 eamque
2224 5334 2424 5380 coram
2449 5314 2667 5396 populo
2687 5319 2974 5388 statuunt,
2999 5309 3590 5386 clamore,turbatio-

1946 5427 2047 5482 ne,
2074 5425 2143 5469 ac
2168 5405 2421 5467 tumultu
2445 5404 2644 5467 omnia
2671 5402 2927 5485 implent
2963 5423 2979 5464 :
3015 5401 3314 5482 Improbe,
3340 5402 3595 5463 sceleste

1945 5517 2016 5561 ac
2037 5493 2548 5576 exsecrabilis,qui
2575 5512 2713 5557 vere
2740 5493 2954 5556 nefarii
2975 5497 3376 5567 erant,contra
3397 5489 3592 5553 virum

1947 5587 2194 5654 omnino
2239 5593 2506 5652 sanctum
2566 5584 2988 5666 vociferantes,
3021 5581 3170 5650 nihil
3221 5583 3416 5646 minus
3462 5597 3597 5647 sese
