3918 6138
395 292 516 362 2'39
1016 297 1017 300 ‘
1703 291 1982 355 MENSIS
2022 279 2466 354 NOVEMBER.
3641 267 3747 344 2‘40

401 426 766 494 multitudini
796 425 1211 491 ostendebant.
1243 427 1455 490 Caeteri
1479 425 1619 488 talia
1639 423 2034 502 videntes,ad-
2061 446 2072 480 Α

2158 423 2357 486 νύντες,
2411 430 2470 478 0t
2525 418 2578 476 δέ
2628 429 2790 479 ταῦτα
2847 420 3074 490 ὁρῶντες
3124 415 3374 486 ἐκπλήξει
3419 437 3476 472 τε
3523 416 3748 495 εἴχοντο,

404 520 722 583 miratione
743 537 810 580 ac
831 518 1198 580 dubitatione
1225 515 1788 596 percellebantur.N
1796 534 1888 576 am
1918 533 2053 575 mu-

2158 515 2234 578 τήν
2292 512 2389 586 μὲν
2447 510 2653 589 φαύλην
2706 509 2909 576 ἐκείνην
2961 521 3188 586 γυναῖκα
3247 506 3382 563 εἴσω
3429 507 3519 564 τοῦ
3573 528 3753 564 κοιτω-

403 610 614 673 lierem
646 608 809 670 illam
835 609 1103 670 vitiosam
1133 607 1287 668 intra
1318 605 1660 667 cubiculum
1692 613 2051 683 praesentem

407 697 783 761 cernebant:
848 696 1023 757 vitam
1075 712 1212 756 vero
1267 713 1336 756 ac
1388 711 1584 756 mores
1628 694 1733 754 viri
1786 691 2054 773 praeclari

407 787 750 867 hujusmodi
780 783 1215 862 sUSpicionibus
1241 783 1494 844 maxime
1524 783 1820 845 adversari
1853 801 1919 843 ac
1951 799 2054 843 re—

413 895 682 958 pugnare
715 874 1109 937 noverant.At
1130 890 1269 933 vero
1298 873 1696 953 sycophantm,
1729 873 1967 950 injectis
1998 870 2056 931 in

410 966 603 1026 virum
620 973 888 1026 sanctum
906 961 1235 1037 manibus(o
1250 961 1542 1023 insaniam
1563 959 2055 1040 detestabileml),

413 1072 524 1135 per
552 1053 752 1115 omnia
783 1053 912 1112 loca
959 1051 1299 1112 trahebant.
1335 1050 1442 1111 Hic
1475 1051 1790 1111 multitudo
1845 1049 2060 1110 amaris

415 1162 552 1206 cum
569 1142 839 1222 lacrymis
860 1140 1082 1222 pariter
1109 1139 1627 1219 Iugebat,perinde
1650 1157 1717 1200 ac
1739 1141 1786 1199 si
1811 1140 2059 1220 quisque

415 1231 683 1311 illorum,
711 1231 893 1304 idem,
926 1229 1027 1309 qui
1080 1229 1206 1289 hac
1239 1237 1563 1308 pateretur,
1594 1229 1928 1290 exsisteret.
1977 1226 2062 1289 Ita

415 1323 543 1382 haec
577 1337 807 1392 omnes,
846 1327 1011 1379 extra
1065 1336 1282 1398 paucos
1313 1318 1488 1396 longe
1541 1317 2057 1396 flagitiosissimos,

415 1409 612 1489 iisque
643 1407 932 1486 exceptis,
957 1406 1060 1484 qui
1086 1407 1306 1486 impuri
1330 1416 1505 1486 atque
1533 1406 1760 1486 profani
1790 1407 2061 1486 conjura-

418 1499 566 1559 tioni
611 1507 1063 1568 consenserant,
1099 1495 1174 1556 de
1217 1496 1320 1556 illo
1351 1497 1604 1575 graviter
1659 1495 2056 1574 perferebant.

417 1587 520 1648 Isti
552 1587 709 1648 enim
736 1585 985 1646 meliora
1009 1584 1224 1658 secuti,
1246 1585 1616 1662 ﬁgmentum,
1648 1595 1709 1646 ut
1728 1603 1860 1646 sese
1881 1585 2064 1646 habe-

419 1676 540 1751 bat,
575 1674 880 1754 suspicati,
907 1683 1142 1753 tempus
1169 1673 1240 1734 ab
1273 1691 1342 1734 ea
1386 1693 1503 1755 quo
1535 1683 1692 1735 esset
1721 1675 1781 1734 in
1813 1674 2058 1736 domum

419 1765 779 1836 introducta,
813 1763 1288 1824 sciscitabantur.
1325 1761 1430 1824 Illa
1482 1763 1571 1842 (ut
1600 1763 1810 1824 edocta
1839 1763 2056 1842 fuerat)
2085 1794 2121 1843 Β

421 1873 455 1916 a
480 1851 1120 1932 vespertinislaudibus
1144 1851 1253 1912 sub
1278 1853 1528 1931 primam
1555 1852 1678 1914 fere
1704 1853 1896 1913 noctis
1912 1851 2028 1930 vigi
2045 1885 2062 1897 -

419 1943 588 2014 liam,
623 1942 794 2003 dixit.
848 1941 939 2004 Ad
973 1941 1098 2002 haec
1132 1960 1265 2003 cum
1316 1940 1739 2021 Philadelphus
1769 1941 2060 2002 diaconus

422 2032 833 2111 propheticum
847 2029 993 2090 illud
1011 2027 1892 2110 respondisset:«0bmutescant
1910 2029 2061 2090 labia

424 2119 758 2200 mendacia,
781 2136 913 2198 quae
935 2118 1287 2180 veteratorie
1306 2118 1592 2197 injustum
1621 2119 1950 2195 loquuntur
1965 2119 2055 2194 9,»

421 2208 869 2270 Crescentimus
899 2206 1206 2286 improbus
1237 2207 1403 2269 illum
1435 2207 1730 2269 invadens
1749 2209 2063 2288 percussit.

424 2300 573 2361 Tum
606 2296 988 2358 multitudine
1035 2306 1244 2358 contra
1293 2296 1458 2358 illum
1494 2297 1806 2359 confestim
1861 2297 2065 2358 insur-

423 2396 620 2466 gente,
659 2404 866 2467 parum
895 2385 1254 2467 abfuit,quin
1274 2386 1692 2448 crudelissime
1725 2395 2062 2461 necaretur,

424 2477 542 2538 nisi
572 2476 659 2537 vir
690 2493 936 2554 magnus
967 2492 1290 2536 conversus
1320 2493 1422 2536 eos
1453 2475 1865 2537 adhortatione
1897 2495 2068 2536 com-

426 2565 778 2647 pescuisset.
807 2564 885 2626 Se
909 2583 1047 2625 vero
1073 2563 1398 2625 tortoribus
1420 2573 1691 2644 prompte
1717 2566 2069 2627 trahendum

427 2655 714 2718 exhibuit.
750 2655 827 2714 At
855 2653 984 2714 haec
1015 2653 1319 2732 praecipua
1347 2671 1526 2714 causa
1557 2653 1685 2726 fuit,
1725 2661 1783 2712 ut
1836 2652 1976 2714 dum
2007 2671 2072 2714 se

423 2751 552 2824 ipse
580 2743 665 2803 uti
696 2760 863 2802 reum
897 2741 1378 2802 criminatoribus
1423 2743 1621 2821 offert,
1652 2759 1925 2819 magnam
1961 2761 2070 2822 po-

426 2834 563 2911 pulo
598 2830 962 2910 suspicionis
989 2832 1362 2892 occasionem
1398 2830 1736 2902 dederit,ne
1763 2831 2073 2893 crimenin

428 2939 493 2982 se
536 2920 807 2999 recipere
857 2919 1105 2995 videret,
1131 2921 1350 2999 illaque
1395 2921 1644 2981 omnino
1677 2939 1812 2981 vera
1845 2930 2067 2996 essent,

429 3029 562 3087 quae
609 3016 814 3070 contra
845 3027 908 3069 se
952 3017 1330 3070 accusatores
1377 3009 1780 3079 intenderant.
1818 3018 1874 3070 et
1929 3030 2070 3090 pro-

2137 603 2312 658 νίσκου
2381 605 2646 678 παροῦσαν
2711 598 3037 678 βλέποντες,
3107 599 3197 653 τὸν
3261 604 3353 653 τοῦ
3419 595 3645 673 μεγάλου
3709 594 3759 651 δὲ

2139 692 2248 766 βίον
2304 687 2530 766 ἀκριϐῶς
2587 687 2778 749 εὶδότες
2837 690 2969 765 πρὸς
3025 687 3270 752 τοιαύτας
3319 686 3563 748 ὑπονοίας
3621 685 3760 741 ἀντι-

2139 784 2518 858 φθεγγομενον,
2585 781 2645 834 Οἱ
2701 775 2753 832 δὲ
2811 775 2875 844 δὴ
2909 776 3251 854 συκοφάνται,
3287 787 3480 854 χεῖρας
3515 781 3586 846 τῷ
3641 773 3764 850 ἁγίῳ

2140 867 2479 931 ἐπιϐαλόντες
2540 866 2700 940 μέσον
2752 873 2844 922 τοῦ
2902 866 3232 938 ἐπισκοπίου,
3266 866 3311 919 ὦ
3341 865 3529 938 μανίας
3586 861 3768 937 δαιμο-

2142 959 2338 1025 νικῆςί
2398 955 2663 1030 ἓλκαυσιν,
2710 957 2929 1013 ἐνταῦθα
2987 957 3075 1011 καὶ
3131 956 3191 1010 τὸ
3239 953 3441 1020 πλῆθος
3502 953 3682 1026 μικρόν
3721 975 3767 1007 τι

2143 1048 2278 1123 μετὰ
2335 1045 2567 1124 δακρύων
2639 1049 2827 1108 κοινῶς
2884 1043 3173 1119 ὠλόλυξαν,
3237 1046 3323 1099 καὶ
3395 1045 3574 1120 ὣσπερ
3627 1043 3770 1105 αὐτὸς

2142 1137 2215 1194 ὢν
2254 1136 2473 1198 ἕκαστος
2530 1137 2557 1190 ὁ
2615 1144 2774 1194 ταῦτα
2829 1135 3083 1214 πάσχων,
3146 1133 3325 1197 Οὕτως
3397 1132 3524 1210 ὑπὲρ
3587 1131 3770 1189 ἐκείνου

2142 1227 2332 1290 πάντες
2383 1223 2563 1286 δεινῶς
2627 1223 2936 1301 ἐκόπτοντο,
2982 1222 3125 1290 πλὴν
3181 1221 3372 1301 ὀλίγων
3421 1227 3530 1278 τῶν
3587 1218 3770 1300 σφόδρα

2143 1313 2539 1390 πονηροτάτων,
2594 1316 2682 1368 καὶ
2739 1313 2865 1369 ὅσον
2921 1315 3244 1378 ἒκοινώνησε
3295 1313 3395 1378 τῆς
3455 1310 3771 1384 συνωμοσίας

2142 1416 2260 1466 τοῖς
2328 1403 2581 1480 ἀνιέροις,
2643 1404 2690 1458 οἱ
2749 1401 2928 1476 μέντοι
3014 1423 3073 1479 γε
3127 1407 3222 1478 τῇς
3280 1400 3482 1478 ἀγαθῆς
3555 1397 3770 1476 μερίδος,

2144 1493 2272 1570 ὅπερ
2333 1493 2398 1559 ἧν
2453 1493 2519 1547 τὰ
2579 1498 2668 1548 τοῦ
2722 1489 2983 1568 δράματος
3034 1493 3477 1569 ὑποπτεύσαντες,
3511 1490 3602 1545 τὸν
3658 1510 3775 1544 και-

2144 1568 2254 1658 ρὸν-
2294 1581 2516 1660 ἠρώτων
2577 1580 2694 1636 καθ’
2753 1580 2811 1635 ὃν
2867 1581 3033 1657 ταύτῃ
3094 1582 3221 1659 φησί
3283 1568 3546 1640 συνέλθοι.
3597 1568 3657 1634 Ἠ
3702 1575 3774 1649 δὲ,

2143 1673 2317 1733 καθὼς
2373 1667 2793 1748 προεδεδίδακτο,
2855 1671 3001 1725 Μετὰ
3072 1671 3193 1733 τοὺς
3257 1669 3553 1744 ἑσπερίους,
3607 1665 3779 1744 ἔλεγεν

2143 1763 2359 1835 ὕμνους,
2423 1763 2557 1818 κατὰ
2616 1762 2833 1840 πρώτην
2891 1761 3122 1837 μάλιστα
3189 1766 3287 1828 τῆς
3359 1762 3546 1824 νυκτὸς
3615 1757 3780 1837 φυλα-

2143 1851 2267 1918 κήν.
2332 1850 2662 1930 Φιλαδελφου
2734 1849 2788 1906 δὲ
2845 1854 2937 1908 τοῦ
3007 1849 3249 1930 διακόνου
3310 1850 3442 1927 πρὸς
3510 1854 3672 1905 ταῦτα
3726 1847 3781 1901 τὰ

2144 1943 2473 2020 προφητικὸν
2544 1925 2726 2012 ἐκείνῳ
2812 1941 3072 2020 εἰπόντος,
3171 1962 3194 1995 α
3229 1925 3435 1996 ’Ἄλάλα
3507 1940 3784 2016 γενηθήτω

2143 2033 2208 2087 τὰ
2265 2032 2427 2110 χείλη
2487 2031 2552 2086 τὰ
2603 2029 2752 2085 δόλια
2821 2031 2887 2085 τὰ
2944 2030 3204 2087 λαλοῦντα
3258 2036 3392 2085 κατὰ
3449 2035 3545 2084 τοῦ
3599 2025 3787 2084 δικαίου

2150 2121 2370 2195 ἀνομίαν
2404 2143 2428 2173 γι
2471 2167 2486 2197 ,
2560 2118 2772 2197 δραμὼν
2839 2122 2866 2175 ὁ
2937 2120 3135 2198 ἆνίερος
3207 2129 3585 2197 Κρισκενττνος
3655 2115 3785 2172 παίει

2151 2211 2284 2266 κατὰ
2344 2207 2535 2286 κόῤῥης
2608 2207 2786 2269 αὐτόν.
2864 2207 2984 2264 Ἐπὶ
3052 2209 3224 2281 τούτῳ
3292 2206 3785 2276 καταστασιάζουσιθ

2153 2299 2310 2357 αὒτοῦ
2370 2305 2472 2354 πᾶν
2533 2299 2594 2354 τὸ
2653 2297 2879 2370 πλῆθος,
2941 2299 3027 2353 καὶ
3106 2303 3296 2376 μικροῦ
3354 2295 3414 2352 ἂν
3471 2301 3657 2352 τοῦτον
3710 2295 3788 2349 καὶ

2151 2387 2518 2466 διεσπάσαντο,
2581 2388 2626 2442 εἷ
2696 2387 2774 2462 μὴ
2845 2390 2871 2442 ὁ
2944 2385 3136 2465 μέγας,
3191 2385 3553 2465 ἐπιστραφεὶς,
3615 2387 3785 2444 αὖτοὺς

2153 2479 2246 2552 μὲν
2339 2475 2642 2554 παραινέσει
2731 2479 2996 2554 κατέσχεν
3029 2524 3042 2550 ,
3116 2477 3303 2531 ἑαυτὸν
3384 2472 3439 2529 δὲ
3532 2472 3784 2550 παρέσχεν

2156 2567 2378 2640 ἑτοίμως
2430 2565 2574 2643 ἄγειν
2613 2577 2732 2628 τοῖς
2762 2563 2994 2626 ἕλκουσι.
3048 2567 3211 2622 Τοῦτο
3253 2563 3308 2620 δὲ
3341 2562 3404 2630 δὴ
3445 2564 3538 2623 καὶ
3568 2559 3784 2638 μάλιστα

2154 2659 2214 2711 τὸ
2283 2655 2542 2734 παρέχειν
2603 2655 2788 2711 ἑαυτὸν
2839 2657 2914 2718 ὡς
2969 2655 3248 2710 ὅπεύθυνον
3311 2653 3544 2728 ὑποψίας
3613 2650 3784 2730 χώραν

2156 2743 2321 2801 ἐδίδου
2375 2751 2451 2816 τῷ
2507 2742 2683 2819 δήμῳ,
2717 2745 2827 2823 καὶ,
2864 2744 3004 2812 Μήτι
3066 2765 3126 2820 γε
3165 2739 3264 2822 ἄρα
3306 2744 3393 2798 καὶ
3437 2741 3616 2809 ἀληθῆ
3646 2742 3680 2807 ἦ
3728 2738 3786 2795 τὰ

2155 2836 2297 2914 παρὰ
2357 2841 2462 2890 τῶν
2522 2831 2835 2912 κατηγόρων
2896 2833 3240 2911 είσαγόμενα,
3301 2830 3513 2912 ἔλεγον,
3571 2831 3656 2887 καὶ
3710 2827 3786 2884 διὰ

2154 2933 2309 2981 τοῦτο
2362 2927 2422 2980 τὸ
2474 2921 2703 2985 συνειδὸς
2762 2921 2906 2980 ἔνδον
2939 2929 3266 3001 κατηγοροῦν
3322 2921 3469 3002 ἔχων
3501 2921 3597 2978 οὒκ
3648 2921 3787 2974 ἀντι-

2155 3013 2343 3092 πρᾶξαι
2417 3013 2620 3093 μόνον,
2680 3011 2799 3067 ἄλλ’
2884 3011 3000 3070 οὐδὲ
3075 3013 3348 3069 ἀντειπεῖν
3417 3012 3554 3090 πρὸς
3621 3008 3786 3071 αὐτοὺς

431 3108 638 3180 pterea
663 3099 1032 3161 conscientia
1057 3099 1224 3160 illum
1247 3099 1493 3160 interior
1519 3100 1838 3179 evinceret,
1870 3110 1931 3161 ut
1956 3120 2072 3165 non

2159 3103 2393 3162 δύναται.
2433 3106 2530 3162 Καὶ
2559 3113 2678 3165 τους
2711 3102 2810 3177 μὲν
2837 3109 3000 3159 ταῦτα
3030 3101 3257 3164 ἒκλόνει,

429 3191 623 3252 solum
668 3207 773 3269 pro
804 3207 867 3250 se
896 3188 1117 3268 aliquid
1149 3207 1343 3269 agere,
1381 3191 1483 3251 sed
1518 3209 1590 3250 ne
1633 3191 1791 3270 loqui
1823 3192 2067 3267 quidem
2114 3201 2319 3257 contra
2346 3193 2670 3274 quidquam
2724 3191 2994 3254 auderet.
3031 3190 3134 3253 His
3166 3208 3310 3253 sane
3341 3186 3791 3271 cogitationibus

427 3279 664 3341 illorum
696 3278 880 3339 animi
913 3279 1359 3357 torquebantur.

509 3367 652 3428 XLI.
707 3365 940 3428 [nterea
969 3385 1107 3427 vero
1160 3366 1420 3447 improbi
1453 3368 1728 3428 homines
1779 3371 2072 3435 seditione

429 3456 816 3536 praevalentes
885 3455 1074 3516 virum
1146 3466 1416 3518 sanctum
1479 3457 1656 3518 domo
1729 3461 2067 3534 exturbant.

432 3563 691 3622 eumque
741 3545 799 3604 in
834 3545 1160 3606 custodiam
1197 3546 1454 3625 tradunt,
1491 3545 1772 3626 lignoque
1819 3549 2070 3627 pedibus

430 3635 586 3695 illius
619 3634 840 3713 injecto
872 3635 1308 3696 communiunt.
1340 3633 1481 3696 Erat
1507 3644 1704 3697 autem
1737 3637 1836 3698 illa
1867 3647 2070 3702 custo-

429 3723 549 3795 dia,
585 3741 699 3802 qua
754 3741 995 3802 magnus
1045 3724 1148 3785 ille
1204 3724 1525 3801 Gregorius
1577 3724 1770 3804 Lybis,
1805 3729 1908 3804 qui
1962 3747 2067 3810 pro

429 3813 666 3874 Christo
719 3823 969 3874 mortem
1024 3814 1297 3893 cppetiit,
1332 3814 1605 3875 detentus
1652 3814 1861 3878 fuerat.
1919 3817 2066 3880 Cum

430 3901 608 3978 igitur
655 3899 811 3960 fama
857 3900 1011 3981 apud
1071 3920 1278 3961 omnes
1321 3912 1748 3977 crebresceret,
1788 3905 2068 3986 frequens

432 3989 698 4068 quaedam
734 3989 1053 4050 multitudo
1078 4009 1182 4068 pro
1216 3990 1444 4052 foribus
1476 3994 1733 4055 carceris
1765 3993 2064 4075 haerebat;

435 4094 684 4154 quorum
715 4076 812 4137 alii
847 4079 1143 4153 manibus,
1171 4079 1271 4140 alii
1296 4080 1546 4158 pedibus
1577 4092 1774 4160 portas
1806 4085 2068 4163 perfrin-

432 4164 668 4244 gebant,
696 4165 1195 4229 nonnulliferreis
1223 4169 1485 4229 vectibus
1517 4170 1791 4231 demoliri
1813 4191 1880 4234 ac
1905 4192 2070 4236 ever-

2237 3374 2380 3436 MA’.
2446 3373 2536 3431 Ἐν
2564 3373 2799 3448 τοσούτῳ
2857 3370 2910 3428 δὲ
2942 3372 3046 3428 τῶν
3107 3371 3324 3452 ἀνιέρων
3369 3371 3587 3429 ἐκείνων
3638 3372 3791 3446 ὓπερ-

2154 3487 2366 3546 σχυσαν
2405 3464 2735 3536 τὸσύστημα,
2766 3464 2860 3519 τοῦ
2891 3462 3242 3520 ἒπισκοπείου
3271 3483 3331 3518 τε
3362 3463 3453 3518 τὸν
3489 3461 3639 3539 ἅγιον
3670 3457 3789 3524 ἐξω-

2151 3559 2318 3628 θοῦσι,
2354 3555 2440 3610 καὶ
2491 3553 2668 3631 εἱρκτῆ
2698 3559 2884 3609 τοῦτον
2943 3549 3310 3629 παραδιδόασι,
3338 3553 3458 3613 τοὺς
3511 3548 3673 3612 πόδας
3719 3555 3789 3621 τῷ

2152 3643 2286 3717 ξύλῳ
2337 3642 2778 3722 ἀσφαλισάμενοι,
2814 3642 2992 3719 εἱρκτὴ
3024 3640 3077 3696 δὲ
3132 3643 3200 3707 ἦν
3257 3640 3431 3708 ἐκείνη
3493 3641 3530 3707 ἣ
3573 3641 3659 3696 καὶ
3705 3638 3788 3693 τὸν

2152 3735 2286 3791 πάνυ
2361 3733 2650 3811 Γρηγόριον
2720 3733 2808 3787 τὸν
2880 3728 3034 3789 Λίϐυν
3119 3732 3180 3787 τὸ
3253 3731 3574 3810 μαρτυρικὸν
3641 3726 3782 3788 τέλος

2150 3825 2278 3902 ὑπὲρ
2350 3828 2573 3902 Χριστοῦ
2645 3819 2922 3896 δεξάμενον
2982 3819 3118 3880 εἶδε.
3194 3823 3298 3888 Τῆς
3372 3821 3564 3898 φήμης
3625 3817 3783 3875 τοίνυν

2151 3915 2352 3976 πάντας
2415 3911 2823 3989 δισδραμούσης,
2883 3907 3021 3966 πολύ
3092 3931 3142 3966 τι
3213 3907 3416 3978 πλῆθος
3473 3910 3608 3988 πρὸς
3669 3909 3784 3967 ταῖς

2150 4005 2325 4081 θύραις
2381 3999 2681 4078 συνηνέχθη
2737 4004 2836 4065 τῆς
2892 3999 3153 4078 φυλακῆς·
3213 3999 3300 4054 καὶ
3341 3997 3546 4054 τούτων
3595 3999 3643 4052 οἱ
3696 3995 3787 4070 μὲν

2153 4094 2308 4172 χερσὶ
2362 4092 2448 4147 καὶ
2506 4089 2668 4147 ποσῖν
2726 4086 2874 4151 ἰδίοις
2917 4088 3012 4150 τὰς
3059 4085 3224 4152 πύλας
3281 4087 3612 4166 ἐναράσσειν,
3643 4087 3687 4143 οἳ
3739 4082 3788 4138 δὲ

2153 4184 2238 4237 καὶ
2297 4179 2536 4257 μοχλοῖς
2581 4176 2823 4255 σιδηροῖς
2872 4176 3186 4254 ἀναῤῥησειν
3243 4176 3404 4240 αὐτὰς
3463 4175 3784 4256 ἐπεχείρουν,

431 4267 558 4318 tere
580 4255 712 4316 illas
734 4256 1346 4334 agrediebantur.Non
1378 4259 1628 4320 deerant
1653 4263 1956 4342 etiam,qui
1981 4281 2072 4324 se-

2158 4269 2260 4325 είσῖ
2454 4269 2504 4324 οἳ
2579 4268 2664 4322 καὶ
2716 4266 2851 4323 κᾶτα
2908 4265 3200 4344 συμμορίας
3257 4266 3541 4328 συστάντες
3592 4255 3790 4321 ἀνελεῖν

433 4346 660 4407 ditione
682 4347 741 4406 in
775 4347 992 4426 populo
1023 4348 1194 4426 facta,
1219 4347 1498 4408 Sabinum
1519 4367 1585 4408 ac
1618 4349 2067 4414 Crescentinum

2158 4357 2381 4415 Σαϐϊνόν
2453 4378 2508 4412 τε
2577 4357 2664 4412 καὶ
2743 4365 3116 4433 Κρισκενττνον
3187 4352 3489 4415 ἐϐούλοντο.
3552 4350 3700 4410 Ἀλλ’
3763 4353 3787 4406 ὁ

433 4433 773 4495 interficere
825 4435 1182 4512 cogitabant.
1222 4437 1436 4496 Verum
1472 4456 1603 4497 cum
1631 4439 1846 4499 Christi
1879 4441 2064 4502 disci-

2158 4450 2384 4527 Χριστοῦ
2435 4447 2677 4522 μαθητής
2728 4467 2784 4501 τε
2833 4447 2919 4500 καὶ
2973 4444 3222 4515 ζηλωτὴς
3275 4445 3378 4501 τῶν
3411 4442 3788 4521 μελετωμένων

435 4524 608 4601 putus
630 4541 696 4583 ac
728 4523 989 4582 imitator
1017 4523 1140 4584 haec
1173 4524 1304 4584 illos
1351 4524 1624 4586 meditari
1658 4533 1971 4605 sensisset,
2001 4549 2072 4592 ex

2158 4520 2352 4596 τούτων
2411 4520 2742 4614 αἰσθόμενος,
2776 4533 2975 4590 ἔνδοθεν
3025 4536 3211 4598 αὐτοὺς
3257 4520 3545 4614 παρεκάλει
3601 4533 3784 4610 λέγων’

435 4629 674 4703 carcere
720 4612 880 4690 ipsos
913 4611 1257 4673 hortabatur
1289 4637 1302 4674 :
1359 4613 1743 4696 Nequaquam
1780 4635 1906 4692 vos,
1943 4619 2067 4695 filii,

2158 4632 2244 4696 Μὴ
2288 4630 2444 4702 ὑμεῖς
2505 4647 2589 4703 γε,
2622 4625 2666 4679 ὦ
2723 4624 2902 4700 τέκνα,
2938 4621 3106 4698 μηδὲν
3154 4631 3389 4682 τοιοῦτον
3444 4628 3564 4701 περὶ
3613 4622 3785 4684 αὐτοὺς

439 4699 683 4795 (aiebat)
747 4699 860 4795 tale
911 4700 1233 4795 quidquam
1288 4702 1347 4761 in
1383 4703 1516 4762 illos
1575 4705 2069 4771 deliberaveritis.

2158 4699 2529 4795 βουλεύσησθε,
2572 4699 2725 4788 μηδὲ
2778 4699 2985 4790 γένοιτό
3043 4736 3143 4769 τινι
3204 4713 3254 4778 ἐξ
3309 4716 3454 4790 ὑμῶν
3514 4699 3675 4793 χεῖρα
3725 4707 3786 4764 δι’

431 4791 754 4852 Aversetur
782 4790 891 4849 hoc
924 4793 1100 4869 Deus,
1138 4802 1198 4850 ut
1220 4799 1475 4852 vestrum
1509 4794 1723 4872 aliquis
1757 4815 1964 4858 manus
2014 4807 2072 4860 et

2158 4790 2249 4883 έμὲ
2299 4805 2390 4861 καί
2453 4806 2636 4882 ψυχήν
2705 4802 2949 4877 μολυναν
3015 4805 3090 4878 μὴ
3147 4804 3221 4863 εἷς
3278 4790 3550 4860 τοσοῦτον-
3591 4801 3783 4876 ἥκοιμι,

430 4879 685 4940 animam
722 4887 969 4958 pr0pter
1013 4897 1108 4939 me
1145 4888 1258 4940 tam
1313 4880 1467 4941 fcede
1500 4895 1882 4963 conspurcat.
1942 4884 2070 4948 Non

2158 4879 2333 4970 τέκνα,
2401 4879 2724 4972 δυστυχίας,
2785 4891 2990 4966 μᾶλλον
3047 4890 3100 4947 δὲ
3155 4891 3421 4956 ἀπωλείας
3495 4893 3628 4971 ἐγώ.
3704 4889 3787 4946 Διό

430 4985 716 5048 eousque,
775 4967 902 5047 filii,
963 4974 1272 5049 quisquam
1343 4969 1702 5032 infelicitatis
1776 4974 2072 5038 deveniat.

2158 4994 2316 5044 ταῦτα
2369 4985 2466 5060 μὲν
2521 4982 2700 5039 ἐατέον
2751 4983 3024 5060 ἀνθρώπου
3080 4981 3255 5058 ἕνεκα,
3307 4985 3400 5039 καί
3458 4989 3625 5040 ταῦτα
3669 4979 3788 5036 δυσ-

427 5056 853 5149 Ριζωδιοιεηὶῐη
885 5075 979 5117 me
1005 5059 1187 5134 magis
1213 5075 1344 5118 esse
1369 5060 1908 5139 perdendumzirleo
1931 5082 2071 5144 per-

2158 5078 2316 5145 τήνου
2372 5085 2572 5135 ποιεῖν,
2633 5078 2734 5128 Τοῦ
2784 5072 2878 5132 τὰς
2924 5074 3078 5149 θύρας
3110 5068 3166 5126 δὲ
3226 5071 3473 5149 ἀράσσειν
3527 5074 3615 5128 καὶ
3641 5075 3789 5146 θορυ-

429 5146 704 5206 mittendi
754 5156 911 5219 sunt,
953 5156 1018 5206 ut
1066 5146 1125 5206 in
1185 5148 1487 5210 hominem
1536 5151 1822 5212 miserum
1868 5154 2072 5216 saevire

2158 5164 2273 5222 ϐεϊν
2328 5161 2720 5242 ὑποσχομένοις
2779 5162 2948 5239 εῦχῆς
2988 5146 3230 5239 ἔχεσθε,
3264 5146 3363 5218 *καὶ
3414 5161 3558 5239 παρὰ
3617 5160 3790 5236 Κυρίου

428 5236 798 5332 pos_sint._Ab
823 5235 1223 5312 infringendis
1255 5256 1400 5332 vero
1426 5239 1754 5320 foribus,ab
1780 5244 1942 5304 omni
1974 5252 2070 5305 tu-

2158 5257 2342 5332 μένετε
2375 5235 2804 5323 έθιδίκησιν,
2839 5235 2936 5304 κᾶν
2967 5235 3151 5324 μηδεὶς
3203 5235 3356 5312 δκνος
3384 5235 3514 5326 ὑμῖν
3565 5235 3792 5330 ἐνοχλῇ,

427 5324 614 5384 multa
641 5323 1036 5424 abstinentes,
1072 5334 1262 5405 orate,
1299 5327 1708 5411 ultionemque
1739 5349 1771 5391 a
1816 5332 2068 5397 Domino

2158 5323 2243 5401 καὶ
2312 5347 2486 5402 αὐτοθι
2546 5339 2992 5421 προσκαρτερεττέ
3053 5362 3143 5413 μοι
3214 5323 3491 5418 φυλακῆς,
3559 5323 3792 5415 μήηκαῖ

426 5420 782 5492 exspectate.
820 5412 986 5483 Quod
1019 5413 1068 5473 si
1099 5415 1230 5494 quis
1259 5416 1425 5477 vobis
1465 5420 1762 5497 negotium
1795 5423 2068 5486 facesse-

2158 5460 2204 5494 τι
2264 5449 2452 5518 χεῖρον
2485 5434 2533 5491 οἱ
2577 5412 2732 5511 θῆρες
2757 5412 2900 5509 ’περὶ
2931 5425 3025 5506 ἐμὲ
3074 5412 3462 5509 βουλεύσονται.
3525 5412 3699 5488 ταῦτα
3739 5422 3791 5483 δὲ

502 5585 535 5640 9
563 5586 718 5652 Psal.
746 5602 923 5662 Lxxu,
958 5589 1018 5660 8.
