3992 6134
455 375 574 448 243

1755 366 2034 433 MENSIS
2075 363 2516 430 NOVEMBER.

3720 362 3842 430 244

447 507 930 593 addebant,quod
955 506 1030 571 de
1051 504 1331 572 custodia
1353 521 1546 587 nuper
1565 501 1896 593 acciderat:
1932 500 2088 593 quod

2193 503 2448 574 ιαθιστᾴν’
2508 501 2552 558 εί
2585 497 2629 556 δ’
2691 496 2973 593 aha-6M6
3029 499 3108 593 τὸ-
3124 520 3184 578 γε
3246 498 3414 581 χωρίς
3444 497 3662 560 συνόδου
3719 501 3839 581 γρί-

448 622 585 668 cum
609 611 726 665 tam
752 591 1042 680 magnum
1069 599 1398 680 praesertim
1425 603 1613 668 esset,
1643 611 1720 654 ne
1750 592 1837 654 illi
1860 591 2102 680 quidem

452 679 978 755 necessitatem’sui
1003 679 1330 750 excusandi
1354 683 1533 745 tribui
1555 691 1854 764 oportere:
1885 679 2106 760 alioqui

455 783 507 844 si
555 783 686 843 sine
716 779 968 842 concilio
1019 775 1458 856 judicarentur,
1495 773 1624 834 fore
1665 771 1931 833 omnium
1982 769 2102 830 ini-

457 871 813 950 quissimum
864 865 1234 928 asserebant.
1266 863 1402 926 Haec
1430 859 2101 950 multitudine_concla-

458 947 678 1031 mante,
713 956 1005 1018 exarchus
1058 953 1250 1030 palam
1285 951 1641 1034 perterritus
1672 958 1781 1011 est.
1815 947 2104 1021 Quocirca

459 1049 534 1110 de
558 1048 700 1110 sede
722 1043 1284 1124 surrexit,dixitque
1301 1042 1373 1102 ad
1401 1040 1738 1121 pontiﬁcem
1757 1039 2100 1114 maximum,

457 1157 572 1218 quo
586 1136 660 1198 de
673 1135 782 1198 hac
796 1143 916 1196 tota
936 1151 1111 1194 causa
1128 1129 1774 1218 cognosceret,referre
1797 1136 2097 1218 oportere.

455 1216 528 1290 Ut
573 1233 792 1298 tamen,
828 1241 962 1286 cum
996 1221 1135 1285 illuc
1169 1219 1491 1284 accesserit
1523 1216 1742 1298 aliquid
1775 1216 1965 1278 relatu
2007 1216 2102 1277 di-

455 1333 635 1394 gnum
687 1313 924 1385 habeat,
963 1309 1248 1374 Sabinum
1281 1327 1349 1370 ac
1409 1306 1860 1370 Crescentinum
1893 1305 2105 1368 adesse

451 1404 648 1486 jubet,
679 1403 1056 1484 puellamque
1087 1416 1290 1461 coram
1317 1397 1462 1479 ipsis
1488 1405 1902 1478 percontatur,
1937 1414 2013 1456 an
2037 1413 2107 1457 ea

458 1513 594 1575 quae
649 1491 738 1553 illi
790 1491 866 1552 de
919 1488 1215 1568 ejusmodi
1275 1487 1520 1575 homine
1570 1486 1931 1575 nuntiarant,
1969 1502 2102 1546 vera

461 1574 704 1642 omnino
729 1577 1064 1642 essent.llla
1089 1595 1226 1638 vero
1249 1574 1622 1648 fatetur.Quo
1649 1574 1831 1653 dicto,
1868 1575 2105 1654 impuro

460 1670 654 1732 amata
677 1668 1089 1749 spiritu,humi
1110 1664 1920 1744 trahebatur,confestimque
1939 1665 2107 1742 juxta

462 1759 568 1820 viri
617 1758 806 1821 sancti
838 1763 1134 1838 prostrata
1164 1755 1348 1836 pedes
1410 1753 1796 1834 miserabilis,
1828 1753 2106 1816 dentibus

2188 594 2362 647 νεσθαι
2420 596 2525 646 τῶν
2555 590 2767 646 πάντων
2811 587 2992 665 ἔλεγον
3051 588 3401 651 ἀδικώτατον.
3460 601 3694 650 Τοιαῦτα
3748 599 3839 648 τοῦ

2187 679 2422 752 πλήθους
2479 681 2736 759 βοῶντος,
2773 682 2801 736 6
2858 677 3083 758 ἔξαρχος
3140 683 3363 760 φανερὸς
3411 681 3479 750 ἧν
3533 681 3839 762 κατάφοϐος

2187 771 2440 848 γεγονὼς·
2521 769 2636 827 ὅθεν
2703 771 2790 826 καὶ
2856 775 2950 826 τοῦ
3019 771 3117 845 μὲν
3187 773 3430 847 βήματος
3501 771 3839 852 ἐξανίστατο,

2188 861 2319 938 πρὸς
2359 858 2413 915 δὲ
2465 861 2558 917 τὸν
2586 860 2810 916 πάππαν
2859 857 3133 938 ἀναφέρειν
3163 861 3332 916 πάντα
3390 858 3498 917 δεῖν
3557 861 3838 941 ἔφασκειν.

2186 948 2377 1022 ’Ὀμως
2435 949 2527 1005 ’ίνα
2587 949 2671 1005 καὶ
2726 972 2774 1005 τι
2837 951 3264 1028 παραγενόμενος
3321 951 3448 1025 πρὸς
3506 950 3671 1008 αὐτὸν
3732 951 3843 1006 ἀπ-

2187 1038 2462 1117 αγγέλλειν
2521 1038 2670 1119 ἔχοι,
2719 1037 2948 1096 Σαϐϊνόν
3006 1062 3063 1096 τε
3120 1041 3206 1095 καὶ
3265 1048 3646 1117 Κρισκεντῖνον
3701 1063 3840 1117 προ-

2187 1126 2552 1204 καλεσάμενος
2627 1128 2764 1183 κατὰ
2850 1129 3133 1208 πρόσωπον
3192 1128 3363 1185 αὐτῶν
3446 1129 3545 1197 τὴν
3632 1131 3845 1208 ἑταίραν

2187 1218 2394 1296 ἠρώτα,
2462 1220 2520 1276 EI
2593 1216 2769 1284 ἀληθῆ
2829 1240 2891 1294 γε
2941 1219 3108 1300 ταῦτα
3163 1221 3315 1300 φησὶ,
3363 1219 3497 1298 ἅπερ
3552 1219 3704 1276 οὗτοι
3759 1226 3849 1275 τοῦ

2189 1305 2373 1386 ἀνδρὸς
2426 1306 2903 1386 καταγγέλλουσιν.
2967 1299 3029 1365 Ἠ
3087 1307 3164 1384 δὲ,
3223 1311 3342 1382 Ναὶ,
3395 1309 3546 1388 φησὶ,
3584 1311 3676 1365 καὶ
3737 1306 3848 1384 ἅμα

2187 1403 2264 1468 τῷ
2321 1395 2466 1474 λόγῷ
2541 1397 2761 1472 πονήρῷ
2830 1396 3093 1472 πνεύματι
3147 1398 3481 1477 κατάσχετος
3561 1411 3847 1476 γεγονυῖα,

2188 1491 2254 1560 τῇ
2311 1492 2376 1562 γῇ
2408 1483 2843 1564 προσηῤῥάχθην,
2879 1485 3083 1556 ἐλεεινή
3116 1507 3172 1542 τε
3207 1487 3348 1556 παρᾶ
3389 1487 3512 1550 τοὺς
3541 1495 3639 1544 τοῦ
3697 1487 3849 1564 ἁγίου

2189 1574 2353 1638 πόδας
2438 1575 2579 1639 εὒθὺς
2633 1574 2802 1630 ἔκειτο
2831 1623 2847 1648 ,
2920 1589 3192 1654 τετριγυῖα
3263 1576 3386 1640 τοὺς
3446 1575 3696 1656 ὀδόντας,
3753 1576 3848 1631 καῖ

2188 1664 2352 1743 ἀφρὸν
2434 1670 2527 1720 τοῦ
2622 1665 2886 1738 στὸματος
2984 1665 3346 1728 ἇποπιύουσα.
3436 1668 3575 1743 Πρὸς
3680 1673 3847 1724 ταῦτα

2190 1755 2350 1831 φρίκη
2394 1753 2514 1815 τοὺς
2569 1754 2802 1831 ὁρῶντας
2859 1751 3150 1832 ἐλάμϐανε,
3209 1755 3297 1810 καὶ
3348 1753 3506 1812 πλέον
3555 1753 3727 1830 μηδὲν
3773 1758 3847 1818 εἰς

461 1847 744 1922 stridens,
774 1855 951 1928 atque
1001 1864 1106 1908 ore
1150 1863 1392 1926 spumas
1425 1862 1604 1923 agens
1654 1841 2106 1923 procumbebat.

2195 1843 2368 1897 πίστιν
2415 1841 2529 1898 ’τῶν
2563 1839 2866 1920 λεγομένων
2909 1841 3083 1910 ἠξίουν
3135 1850 3318 1914 ζητεῖν
3361 1845 3453 1900 τὸν
3497 1845 3730 1924 ἔξαρχον
3760 1841 3847 1900 καὶ

461 1941 614 2000 Tum
644 1955 747 2000 eos
765 1936 864 2018 qui
887 1936 1360 2010 aderant,tantus
1381 1941 1630 2014 repente
1655 1942 1846 1994 terror
1867 1933 2100 2006 invasit,

2193 1935 2421 2011 μάλιστά
2479 1957 2539 2014 γε
2597 1937 2710 1991 ὅσοι
2753 1937 2815 1992 τὸ
2876 1935 3107 2002 συνειδὸς
3169 1938 3313 2016 ὑγιὲς
3358 1940 3545 2018 εἶχον,
3585 1941 3677 1996 καὶ
3722 1939 3848 2019 οὒχὶ

461 2035 525 2088 ut
571 2025 720 2088 nihil
752 2033 1040 2107 praeterea
1069 2024 1130 2085 in
1164 2024 1343 2086 fidem
1394 2023 1690 2086 dictorum
1723 2022 1798 2084 ab
1847 2022 2104 2084 exarcho

2193 2025 2323 2081 πάνυ
2380 2026 2476 2093 τὴν
2538 2026 2724 2106 ψυχὴν
2781 2024 3110 2104 ἐτύφλωττον
3142 2029 3188 2082 οἱ
3248 2025 3302 2083 δὲ
3363 2031 3477 2104 περὶ
3536 2029 3635 2084 τὸν
3667 2027 3846 2084 Σαϐῖ-

463 2115 847 2196 quaarendum
909 2131 1042 2176 esse
1091 2113 1544 2186 arbitrarentur,
1611 2111 1940 2191 praesertim
2002 2113 2106 2188 qui

2193 2137 2280 2172 νον
2337 2116 2516 2193 μιαροὶ
2588 2112 2930 2194 συκοφάνται,
2991 2113 3128 2190 μηδὲ
3187 2117 3278 2172 τὸν
3329 2121 3598 2195 περιφανῆ
3662 2117 3846 2174 τοῦτον

462 2212 630 2266 erant
653 2221 794 2265 sana
820 2211 1044 2284 mente,
1072 2220 1266 2279 neque
1281 2203 1484 2262 animo
1507 2199 1676 2262 valde
1689 2199 2103 2262 caacutiebant.

459 2293 765 2356 Sabiniani
787 2309 924 2354 vero
940 2291 1198 2373 improbi
1218 2309 1394 2371 sycop
1407 2289 1603 2352 hantaa
1614 2287 1802 2350 virum
1818 2289 2111 2368 insignem

465 2382 616 2444 nihil
649 2382 840 2455 veriti,
877 2379 1324 2452 cavillabantur,
1359 2378 1716 2460 aiebantque
1751 2398 1765 2442 :
1799 2376 1952 2449 Quid
1984 2379 2116 2441 aliis

465 2469 715 2532 testibus
745 2469 1107 2549 indigemus,
1135 2469 1374 2551 quando
1401 2467 1477 2530 de
1509 2468 1800 2530 voluntate
1826 2486 1935 2529 sua
1953 2469 2114 2530 Deus

460 2579 571 2623 nos
599 2567 718 2622 tam
747 2560 1061 2622 manifeste
1087 2558 1379 2620 certiores
1399 2557 1574 2620 faciat
1598 2558 1628 2619 ?
1654 2555 1870 2619 Omnia
1893 2558 2114 2636 praesti-

459 2649 574 2727 giis
630 2646 1035 2723 ascribebant,
1087 2653 1146 2708 et
1190 2646 1621 2707 miraculorum
1678 2645 1795 2705 vim
1849 2645 2111 2706 divinam

460 2737 852 2816 imposturam
883 2732 1284 2815 appellabant.
1319 2735 1397 2795 At
1426 2732 1632 2795 Sabini
1657 2751 1804 2795 uxor
1824 2752 1946 2796 una
1974 2751 2109 2796 cum

460 2825 746 2904 filia,quaa
767 2841 922 2885 caeca
951 2823 1250 2903 surdaque
1282 2822 1455 2904 paulo
1481 2828 1621 2884 ante
1649 2821 1862 2897 fuerat,
1887 2841 1956 2884 ac
1992 2823 2112 2903 ple-

463 2915 633 2994 rique
664 2912 765 2975 alii
799 2930 869 2974 ex
900 2912 994 2988 iis,
1024 2911 1126 2993 qui
1160 2912 1349 2973 sanati
1401 2911 1656 2986 fuerant,
1689 2911 1762 2973 ad
1795 2911 1954 2973 beati
1998 2912 2110 2974 viri

460 3003 643 3083 pedes
659 3019 792 3063 sese
815 3002 1025 3064 ﬂentes
1047 3001 1443 3082 projecere,et
1466 3018 1538 3062 ne
1565 3008 1768 3062 contra
1781 3019 1845 3063 se
1865 3002 1940 3063 ob
1966 3002 2110 3063 alio-

459 3109 593 3153 rum
619 3090 885 3153 convicia
915 3109 981 3152 ac
1015 3089 1430 3170 petulantiam,
1455 3090 1892 3172 impiorumque
1924 3091 2107 3154 male-

2199 2203 2516 2267 αἰδεσθέντες
2577 2202 2827 2284 ἔλεγχον.
2887 2206 2986 2262 Καὶ
3045 2207 3094 2260 τί
3149 2205 3248 2284 γὰρ
3319 2203 3450 2262 ἄλλο
3501 2207 3592 2263 καὶ
3661 2206 3840 2279 εἶπὸν,

2197 2293 2363 2358 οὕτως
2433 2295 2536 2351 ὑπὸ
2608 2301 2738 2350 Θεοῦ
2808 2298 2964 2353 αὐτοῦ
3019 2295 3584 2374 καταμαρτυρούμενοι
3649 2297 3842 2374 μαγείᾳ

2196 2385 2255 2439 τὸ
2337 2390 2439 2439 πᾶν
2495 2382 2714 2458 ἐδίδουν,
2775 2385 2861 2440 καὶ
2933 2385 3183 2461 γοητείαν
3239 2385 3337 2453 τὴν
3418 2387 3843 2464 θαυματουργίαν

2196 2471 2439 2533 ἐκάλουν.
2503 2465 2565 2528 Ἠ
2624 2471 2677 2528 δὲ
2727 2481 2819 2532 τοῦ
2875 2471 3135 2528 Σαϐαίνου
3178 2473 3311 2550 γυνθ⁸
3362 2473 3474 2549 ἅμα
3515 2472 3585 2550 δῇ
3634 2475 3842 2552 θυγατρὶ

2195 2561 2291 2617 καὶ
2350 2564 2378 2618 6
2426 2561 2557 2618 ποτὲ
2617 2559 2812 2627 ἅλαλος
2869 2563 2956 2618 καὶ
2986 2563 3188 2641 κωφὸς,
3221 2563 3310 2618 κοὶ
3359 2559 3510 2618 ἄλλοι
3539 2565 3654 2618 τῶν
3683 2567 3840 2641 θερα-

2196 2650 2485 2706 πεύθὲντων
2536 2651 2755 2730 συχνοὶ,
2805 2650 3164 2729 προσέπιπτον
3220 2671 3273 2707 τε
3324 2664 3441 2717 τοῖς
3503 2657 3601 2708 τοῦ
3661 2673 3838 2727 μακα-

2195 2741 2304 2816 ρίου
2366 2741 2489 2814 μοσὶ
2541 2738 2838 2809 κλαίοντες,
2906 2742 2994 2797 καὶ
3052 2739 3219 2815 μηδὲν
3269 2744 3452 2806 αὐτοῖς
3497 2746 3841 2816 μνησικακῆ-

2195 2852 2279 2886 σαι
2336 2834 2434 2896 τῆς
2489 2829 2678 2908 ἑτέρων
2732 2829 2907 2885 ἕνεκεν
2967 2831 3268 2909 παροινίας,
3326 2829 3463 2906 μηδὲ
3513 2831 3615 2898 τῆς
3671 2831 3838 2908 βλασ-

2194 2918 2394 2997 φημίας
2451 2919 2558 2973 τῶν
2587 2916 2790 2974 ἀσεϐῶν
2835 2916 3066 2981 ἐδέοντο,
3129 2909 3190 2975 Ἠ
3250 2917 3305 2975 δέ
3351 2938 3410 2996 γε
3469 2919 3698 2995 ῥηθετσα
3750 2926 3838 2976 τοῦ

2195 3005 2415 3064 Σαϐίνου
2489 3007 2620 3084 γυνή
2694 3008 2855 3085 ὀργῆς
2942 3006 3246 3074 πλησθεϊσα
3313 3006 3518 3072 δικαίας
3595 3010 3684 3066 καί
3765 3013 3839 3079 τῷ

2194 3097 2390 3162 ταύτης
2426 3093 2568 3174 ἀνδρὶ
2596 3093 2790 3173 σφόδρα
2847 3095 3033 3172 πικρὸν
3077 3117 3125 3150 τι
3177 3095 3266 3151 καί
3292 3095 3514 3170 μανικὸν
3573 3094 3835 3172 βλέψασα,

463 3179 784 3243 dicentiam
820 3190 1198 3260 acceptarum
1262 3180 1612 3259 injuriarum
1645 3180 2107 3258 indignationem

2199 3184 2488 3251 ’Λπόστηθί
2544 3205 2670 3258 μου,
2736 3182 2908 3262 ἔλεγε,
2966 3184 3123 3259 μιαρὲ
3183 3185 3268 3241 καὶ
3332 3183 3451 3258 ἐμοί
3518 3185 3610 3241 καὶ
3669 3189 3838 3254 σαυτῷ

460 3277 786 3340 exsereret,
827 3267 1244 3332 obsecrabant.
1278 3268 1462 3330 Porro
1483 3269 1688 3331 eadem
1712 3269 1918 3332 Sabini
1941 3289 2109 3351 uxor,

451 3361 612 3439 justa
640 3357 714 3418 de
746 3375 926 3419 causa
957 3357 1284 3438 indignata,
1317 3358 1505 3419 virum
1534 3377 1705 3420 suum
1741 3367 1902 3420 torve
1949 3359 2110 3440 aspi-

462 3466 624 3522 cere,
659 3466 726 3508 ac
756 3453 980 3509 acriter
1008 3447 1325 3528 increpare
1353 3451 1554 3529 erepit,
1589 3455 1649 3508 et
1679 3448 1880 3510 dicere
1916 3470 1928 3512 :
1963 3447 2114 3512 Hinc

455 3537 689 3599 facesse
726 3538 1008 3615 sceleste,
1043 3537 1192 3597 mihi
1232 3545 1292 3598 et
1324 3536 1431 3598 tibi
1482 3536 1594 3618 ipsi
1645 3537 1868 3618 pariter
1897 3537 2114 3602 insidi-

457 3635 609 3689 ator.
643 3625 919 3688 Haaccine
951 3625 1180 3687 homini
1214 3625 1509 3707 benefico,
1542 3625 1734 3708 deque
1769 3627 1939 3690 nobis
1971 3629 2115 3710 opti-

2197 3271 2462 3347 ἐπίϐουλε,
2514 3274 2572 3337 ὃς
2629 3275 2718 3329 τὸν
2771 3274 2928 3348 ἡμῶν
2981 3275 3195 3352 σωτῆρα
3251 3275 3338 3329 καὶ
3395 3273 3698 3352 εὐεργέτην,
3752 3273 3836 3327 τὸν

2197 3362 2342 3439 λὸγῷ
2390 3363 2538 3437 μόνῳ
2566 3363 2626 3417 τὸ
2681 3363 2953 3442 θυγάτριον
3012 3365 3166 3437 ἡμῶν
3214 3363 3606 3441 θεραπεύσαντα
3663 3361 3836 3418 τοιού-

2195 3474 2306 3514 τοις
2376 3452 2632 3528 ἠμείψω,
2693 3455 2785 3507 καὶ
2859 3451 2976 3511 οῦδὲ
3033 3453 3196 3510 ταῦτά
3261 3474 3344 3510 σοι
3407 3450 3682 3528 βλέποντι,
3753 3457 3834 3506 νῦν

2197 3540 2366 3615 ἄθλιε,
2400 3541 2652 3616 μετάνοία
2709 3541 2798 3596 τὸν
2855 3540 3113 3620 λογισμὸν
3161 3539 3552 3621 ἐπεισέρχεται,
3619 3548 3834 3601 Τοιαῦτα

2197 3631 2292 3697 τῆς
2364 3631 2611 3708 γὺναικὸς
2669 3629 2928 3708 λεγούσης
2973 3633 3000 3686 6
3061 3628 3285 3694 Σαϐῖνος
3356 3631 3454 3698 τὴν
3516 3652 3574 3687 τε
3651 3631 3833 3711 χροιὰν

451 3733 545 3776 me
595 3717 829 3792 merito,
863 3715 966 3796 qui
1022 3717 1148 3776 solo
1205 3733 1485 3777 sermone
1551 3715 1786 3778 filiolan
1854 3726 2107 3780 nostram

2199 3716 2386 3794 ἤμειϐε
2439 3721 2618 3776 καὶτὸ
2675 3741 2956 3799 προσωπον
3016 3723 3155 3792 αὗτῷ
3211 3718 3518 3794 συνέπιπτε,
3554 3722 3644 3776 καὶ
3701 3717 3830 3778 ὅλως

452 3805 694 3866 sanitati
749 3804 1039 3878 restituit,
1089 3804 1383 3867 beneficia
1426 3803 1710 3887 rependis
1735 3811 1764 3868 ?
1792 3806 1998 3888 Neque
2031 3817 2107 3886 te,

2199 3810 2405 3888 ἄφωνος
2481 3809 2567 3882 ἧν,
2629 3810 2701 3872 εἰς
2788 3817 2972 3868 τοῦτον
3027 3807 3090 3874 δὴ
3166 3814 3265 3874 τῆς
3322 3806 3471 3874 δίκης
3543 3805 3828 3888 προϐάσης.

454 3894 682 3970 infelix,
716 3894 856 3956 talia
905 3901 1286 3956 contuentem
1343 3913 1501 3956 nunc
1552 3894 1672 3956 ulla
1727 3896 2150 3976 cogitationum
2209 3897 2542 3960 istiusmodi
2595 3895 2756 3960 subit
2805 3897 3202 3977 paenitentia?
3252 3897 3389 3959 Haec
3441 3915 3576 3958 cum
3629 3895 3834 3958 mulier

459 3991 942 4061 persequeretur,
977 3982 1232 4068 Sabinus
1261 3983 1519 4044 colorem
1557 3983 1830 4062 mutavit,
1865 4003 2052 4068 seque
2081 3990 2141 4051 in
2174 3997 2391 4050 terram
2419 3987 2660 4067 abjecit,
2691 3987 2852 4050 vocis
2882 3987 3125 4049 omnino
3149 4004 3362 4068 expers
3394 3985 3578 4049 factus
3607 4005 3622 4050 :
3656 4002 3832 4066 usque

459 4089 532 4132 eo
566 4069 764 4130 divina
797 4089 931 4131 sese
961 4066 1224 4132 vindicta
1255 4073 1485 4135 extulit.

538 4157 736 4221 XLIII.
775 4158 854 4220 Ex
887 4177 1002 4240 quo
1035 4177 1173 4220 vero
1207 4161 1498 4222 exarchus
1529 4161 1678 4225 nihil
1728 4163 1881 4224 ultra
1913 4175 2107 4228 contra

2277 4167 2418 4226 Ml".
2484 4165 2639 4224 Ἐπεὶ
2699 4166 2866 4242 μηδὲν
2923 4171 3078 4246 εἶχεν
3115 4169 3142 4223 6
3201 4163 3420 4245 ἔξαρχος
3475 4163 3600 4244 παρ’
3659 4157 3832 4225 ἑαυτοῦ

461 4265 527 4310 se
557 4248 935 4310 statuendum
965 4247 1193 4322 habuit,
1226 4267 1433 4311 rursus
1467 4256 1555 4311 vir
1586 4251 1792 4312 beatus
1815 4251 1873 4313 in
1907 4263 2107 4314 custo-

2193 4259 2585 4338 ἀποφήνασθαι,
2649 4259 2794 4324 αὖθις
2873 4263 2901 4317 6
2959 4261 3221 4338 μακάριος
3277 4265 3526 4340 ὥρμησεν
3583 4256 3670 4316 ἐπὶ
3741 4257 3830 4322 τὴν

464 4337 620 4398 diam
655 4338 960 4417 conjectus
990 4346 1100 4430 est,
1131 4337 1324 4430 done_c
1365 4341 1647 4430 universa
1695 4341 1818 4401 haec
1849 4341 2107 4430 pontifici

2195 4349 2429 4430 εἱρκτὴν,
2481 4349 2675 4430 μέχρις
2707 4349 2768 4405 ἂν
2827 4352 2892 4406 τὰ
2946 4349 3067 4407 κατ’
3124 4353 3280 4409 αὐτὸν
3337 4358 3412 4425 τῷ
3456 4351 3648 4424 πὰππᾳ
3696 4368 3830 4426 γνω-

467 4443 619 4524 max.
662 4427 1235 4538 perspecta'fierent.
1266 4425 1556 4538 Celei-um
1590 4428 1691 4489 ille
1749 4429 2014 4509 praeibat,
2049 4440 2107 4493 et

2195 4441 2292 4495 σιὰ
2352 4439 2632 4517 γένωνται,
2669 4439 2860 4520 προῄει
2916 4438 2970 4496 δέ
3017 4442 3214 4504 παντὸς
3273 4441 3414 4516 αὖτῷ
3461 4446 3554 4496 τοῦ
3611 4439 3828 4509 πλήθοϋς

463 4514 776 4608 universus
826 4514 1078 4594 populus
1121 4512 1618 4596 subsequebatur,
1652 4517 1810 4580 hunc
1863 4519 2102 4601 quidem

2193 4512 2518 4608 Eosnopévou
2596 4512 2683 4585 καὶ
2716 4512 2831 4585 ’τδν
2891 4528 2986 4605 μὲν
3069 4529 3354 4607 εὐφημίαις
3388 4512 3659 4606 μυρίαις,
3717 4528 3830 4608 τοὺς

463 4602 736 4663 maximis
761 4601 1058 4678 laudibus,
1091 4604 1590 4684 quadruplatores
1607 4625 1743 4668 vero
1769 4608 1902 4671 illos
1936 4610 2103 4672 innu-

2193 4601 2244 4674 δέ
2297 4618 2626 4698 συκοφάντας
2688 4601 2921 4683 πολλαῖς
2966 4632 3089 4682 ταῖς
3119 4601 3294 4698 ὒίϐρεσι
3337 4601 3657 4696 βάλλοντος..
3712 4607 3830 4675 Ἐσ-

461 4691 643 4786 meris
693 4692 1071 4755 contumeliis
1104 4705 1478 4773 prosecutus.
1512 4698 1643 4758 lam
1696 4716 1837 4760 vero
1895 4718 2107 4782 vesper

2193 4707 2356 4786 πέρας
2436 4691 2491 4764 δὲ
2555 4706 2654 4774 ἤδη
2734 4691 3196 4784 καταλαϐούσηςξ
3230 4691 3410 4776 ἐπειδὴ
3469 4707 3679 4767 δέδοκτο
3745 4707 3828 4761 τὸν

457 4780 798 4845 advenerat.
835 4783 1101 4845 Proinde
1133 4802 1265 4844 cum
1297 4785 1423 4864 jam
1452 4795 1608 4848 esset
1655 4780 2106 4864 decretum,'vi-

2196 4797 2457 4876 μακάριον
2514 4797 2648 4874 πρὸς
2715 4797 2804 4853 τὸν
2860 4790 3082 4855 πάππαν
3147 4799 3534 4869 ἆποσταλῆται,
3596 4794 3826 4855 συνεϐού-

459 4888 593 4933 rum
643 4879 920 4967 sanctum
966 4871 1040 4932 ad
1100 4873 1441 4951 pontificem
1488 4875 1750 4952 mittere,
1782 4877 1976 4940 visum
2025 4888 2107 4942 est

2194 4884 2312 4945 λευε
2346 4871 2446 4963 ⁷τῷ
2476 4871 2687 4966 ἐξάρχῳ
2744 4887 2871 4967 ἀωρὶ
2927 4892 3032 4943 τῶν
3093 4894 3319 4964 νυκτῶν,
3353 4889 3438 4944 καὶ
3486 4893 3578 4943 τοῦ
3609 4885 3824 4954 πλήθους

459 4960 719 5024 exarcho
767 4961 1122 5042 intempesta
1155 4968 1350 5036 nocte,
1385 4962 1665 5028 universo
1725 4967 1943 5048 populo
1980 4967 2113 5030 dor-

461 5048 707 5124 miente,
744 5067 851 5130 per
879 5058 1135 5130 portam,
1170 5068 1288 5133 qua
1329 5052 1594 5116 tenditur
1623 5055 1695 5117 ad
1731 5074 1915 5138 mare,
1951 5057 2112 5123 hunc

457 5138 610 5200 clam
663 5156 698 5201 e
727 5140 965 5201 civitate
1009 5138 1310 5204 deducere
1348 5162 1364 5218 ;
1417 5141 1918 5209 animadverterat
1950 5149 2110 5212 enim

459 5228 900 5292 multitudinem
925 5227 1006 5305 id,
1037 5229 1084 5290 si
1110 5231 1468 5298 rescivisset.
1496 5251 1616 5295 non
1641 5235 2060 5315 permissuram
2089 5260 2103 5300 :

455 5316 616 5390 quod
672 5335 817 5379 sane
848 5335 916 5378 ex
948 5319 1242 5382 sententia
1273 5321 1511 5385 cecidit.
1573 5322 1720 5384 Nam
1753 5327 1986 5389 occulte
2016 5327 2108 5389 ci-

457 5403 632 5495 vitate
667 5421 941 5495 egressus
964 5407 1180 5495 est.,At
1215 5420 1492 5487 parentes
1522 5412 1652 5490 ejus
1675 5414 1901 5495 (neque
1945 5417 2107 5478 enim

457 5492 618 5572 quod
667 5493 842 5554 fiebat
872 5492 1239 5572 ignorabant)
1275 5496 1460 5558 filium
1515 5501 1725 5562 ﬂentes
1756 5492 1825 5564 ac
1875 5504 2108 5567 lamen-

455 5585 653 5643 tantes
679 5581 1122 5671 sequebantur:
1163 5593 1222 5645 et
1249 5584 1389 5648 licet
1413 5605 1483 5648 ex
1516 5587 1588 5648 iis
1618 5609 1748 5671 qum
1780 5611 2107 5670 praecesse-

496 5677 588 5750 nt,
642 5669 774 5750 quis
807 5669 1016 5733 horum
1051 5672 1282 5736 futurus
1332 5674 1465 5738 finis
1497 5669 1677 5761 esset,
1713 5669 1795 5740 uti
1830 5681 2102 5760 ejusdem

2193 4975 2520 5054 ἠρεμοῦντος
2580 4977 2800 5050 παντὸς,
2848 4975 2931 5033 διὰ
2987 4976 3084 5046 τῆς
3141 4977 3402 5058 φερούσης
3463 4973 3547 5032 διὰ
3596 4977 3693 5044 τὴν
3745 4972 3825 5029 θά-

2193 5063 2388 5122 λατταν
2450 5064 2649 5140 πύλης,
2682 5064 2846 5143 λάθρα
2874 5070 2972 5132 τῆς
3029 5065 3242 5127 πόλεως
3294 5067 3475 5122 τοῦτον
3533 5063 3824 5144 ἐξαγαγεῖν·

2195 5152 2308 5228 ᾔδει
2337 5154 2437 5232 γὰρ
2467 5155 2540 5215 ὡς
2573 5153 2669 5210 οὒκ
2717 5152 2946 5234 ἥσυχίαν
2977 5153 3079 5220 ἕξει
3110 5156 3171 5211 τὸ
3201 5154 3405 5223 πλῆθος
3451 5155 3768 5229 αἰσθὸμενον*
3801 5147 3825 5202 ὃ

2193 5240 2258 5305 δὴ
2313 5245 2398 5298 καὶ
2456 5244 2592 5298 κατὰ
2635 5242 2858 5320 γνώμην
2928 5243 3243 5324 ὲπράττετο,
3290 5245 3376 5300 καὶ
3421 5241 3558 5320 ἐξῄει
3615 5241 3823 5320 κρυφίως

2193 5331 2290 5398 τῆς
2349 5329 2574 5398 πόλεως.
2629 5331 2696 5388 Ἠ
2755 5330 2810 5388 δὲ
2865 5334 3047 5410 μήτηρ
3095 5336 3187 5389 καὶ
3251 5336 3278 5389 6
3335 5333 3532 5412 πατὴρ,
3569 5329 3680 5389 οῦδὲ
3736 5328 3826 5405 γὰρ

2193 5421 2463 5485 κάκείνους
2521 5420 2770 5478 ἐλάνθασε
2827 5424 2887 5478 τὸ
2949 5424 3256 5502 γινόμενον,
3315 5421 3534 5479 ε’ίποντο
3589 5428 3663 5496 τῷ
3713 5419 3823 5493 υἱῷ,

2194 5509 2465 5576 κλαίοντές
2525 5532 2580 5566 τε
2613 5517 2814 5590 πικρῶς
2861 5514 2951 5569 καὶ
3007 5511 3409 5593 ξλοφνρόμενοι,
3454 5511 3542 5568 καὶ
3573 5515 3686 5567 οἷον
3738 5506 3824 5578 μὲν

2193 5599 2337 5657 ἔσται
2397 5602 2457 5657 τὸ
2488 5601 2678 5680 πέρας,
2710 5599 2771 5656 ἐκ
2801 5606 2906 5658 τῶν
2960 5601 3060 5670 ἤδη
3111 5602 3424 5681 φθασάντων
3454 5599 3628 5663 καλῶς
3687 5594 3821 5653 εἰκά-

2189 5697 2390 5766 ζοντες,
2425 5689 2570 5767 ὅμως
2633 5687 2687 5745 δὲ
2743 5693 2833 5749 οἷα
2890 5706 3070 5771 γονεῖς
3104 5699 3179 5768 τῷ
3237 5688 3420 5768 ἀδήλῳ
3476 5691 3573 5759 τὴν
3626 5683 3820 5769 καρδίαν
