3918 6138
180 355 305 425 245

1226 357 1415 425 VITA
1455 356 1514 423 S.
1561 352 1931 424 GREGORII
1970 350 2513 421 AGRIGENTINI.

3442 352 3567 429 246

175 496 603 575 διαδονοόμενοι,
680 494 839 557 Ἀλλ’
901 499 929 556 6
985 494 1243 579 μακάριος
1315 501 1422 556 τῶν
1474 520 1533 555 τε
1589 495 1722 574 δακρι

2004 493 2230 568 ιίιενεε,
2272 490 2457 573 probe
2487 491 2880 574 conjicerent,
2901 490 3319 571 nihilominus,
3354 502 3419 559 ut
3448 514 3551 578 pa.

175 589 435 662 ἐπειρᾶτο
493 588 678 646 παύειν
748 589 965 662 αὖτοὺς,
1011 589 1098 646 καὶ
1154 589 1387 669 ἡσυχίαν
1435 588 1584 667 ἄγειν
1633 610 1722 663 παι

2007 593 2112 647 ιιοε
2161 600 2361 645 rerum
2392 582 2815 647 incertitudine
2862 583 3042 646 corde
3074 583 3381 648 nutabant.
3431 585 3554 652 νε.

172 699 277 757 νει,
316 681 406 736 καὶ
458 676 642 747 ἔπειδή
703 680 839 753 πρὸς
900 681 976 752 τῷ
1024 678 1253 757 αἰγιαλῷ
1311 681 1551 758 ἧγγισεν,
1580 678 1719 757 εὔιε(

2006 693 2040 736 n
2074 674 2308 736 divinus
2335 672 2424 735 vir
2451 674 2599 736 ﬂere
2629 672 2765 735 illos
2797 672 3172 754 prohibebat,
3213 683 3457 757 tutoque
3483 696 3553 741 ac

167 766 386 838 μᾶλλον
458 767 587 846 ὑπὲρ
638 765 806 825 αὗτοῦ
882 767 1203 841 παραινέσας
1263 766 1380 842 μετ’
1437 769 1681 843 εὖθυμίας

2007 782 2041 824 o
2072 763 2272 826 animo
2313 780 2448 825 esse
2479 761 2849 825 hortabatur.
2901 761 3014 826 Ubi
3046 781 3183 826 vero
3217 764 3377 827 littus
3411 784 3553 847 pro-

162 859 347 932 πλοίῳ
400 856 674 917 ἐπέϐαινε.
741 860 1015 935 Συνεισῇει
1073 856 1126 914 δὲ
1170 860 1310 934 αὒτῷ
1340 865 1445 917 τῶν
1503 858 1600 932 μὲν
1642 857 1823 917 ἄλλων

162 948 341 1012 οοῖἰεὶς
392 947 473 1005 ὅτι
531 948 613 1022 μὴ
671 948 835 1025 μόνος
894 946 1263 1022 Πλατωνικὸς,
1322 950 1379 1013 ὃς
1437 949 1578 1023 αὐτῷ
1630 947 1821 1005 καὶτὰ

163 1041 300 1116 πρὸς
374 1039 665 1117 ὑπηρεσίαν
716 1039 1020 1101 καθίστατο,
1098 1040 1201 1096 Τὸν
1255 1036 1312 1095 δὲ
1381 1036 1658 1096 ἀπόπλουν
1711 1036 1819 1107 ἠδη

161 1130 440 1184 ποιεῖσθαι
502 1125 747 1200 μέλλων,
776 1126 952 1184 πολλὰ
1000 1129 1180 1193 αὐτοῖς
1229 1129 1478 1206 περὶτῆς
1535 1126 1819 1193 ἐκκλησίας

161 1219 253 1274 καὶ
309 1227 406 1276 τοῦ
460 1218 714 1291 ποιμνίου
785 1215 1182 1295 διεμαρτύρετο,
1243 1219 1316 1281 ὡς
1370 1222 1447 1292 τῷ
1499 1223 1615 1289 Θεῷ
1658 1215 1819 1293 λόγον

158 1313 271 1361 τῶν
335 1308 406 1370 εἷς
462 1307 627 1372 αὒτὴν
680 1306 1057 1384 πραττομένων
1107 1304 1411 1385 ὖφὲξοντας.
1476 1308 1536 1363 Οἱ
1567 1303 1622 1360 δὲ
1682 1302 1819 1379 μηδὲ

159 1394 311 1453 οὕτω
359 1396 456 1461 τῆς
504 1395 766 1472 πονηρίας
811 1394 1053 1474 ὑφέντες,
1083 1394 1150 1462 ἦν
1197 1397 1298 1474 γὰρ
1347 1393 1411 1462 δὴ
1446 1396 1531 1451 καὶ
1588 1397 1615 1451 6
1664 1392 1820 1472 ἔξαρ-

161 1506 268 1565 χος
352 1487 472 1546 οἷος
504 1487 624 1561 περὶ
678 1485 809 1541 αὐτὰ
856 1482 1024 1559 μηδὲν
1079 1491 1184 1541 τῶν
1234 1487 1577 1559 ωκὸφαντῶν
1632 1483 1821 1563 διαφέο

160 1594 277 1650 pano
336 1573 402 1628 τά
442 1594 503 1628 τε
560 1570 697 1628 ἄλλα
745 1585 864 1635 τοῖς
913 1574 1233 1653 κατηγόροις
1291 1573 1511 1647 ἐτίθετο,
1557 1573 1647 1630 καὶ
1701 1573 1819 1628 τότε

162 1661 623 1741 ἀποκρινάμενος,
688 1660 884 1728 Μηδεὶς
963 1661 1101 1719 ἔστω
1155 1685 1237 1719 σοι
1309 1662 1466 1739 λόγος
1524 1662 1648 1740 περί
1720 1682 1821 1727 της

1903 853 2037 935 pius
2093 850 2360 930 contigit,
2396 868 2500 912 eos
2554 860 2619 913 ut
2655 870 2761 932 pro
2815 869 2882 913 se
2937 859 3199 932 orarent,
3252 863 3547 933 precatus,

1903 941 2186 1005 alacriter
2211 957 2418 1001 navem
2451 940 2822 1003 conscendit.
2859 941 3040 1003 Porro
3063 939 3437 1006 Platonicum
3460 964 3553 1009 se-

1901 1050 2038 1096 cum
2072 1028 2296 1105 habuit,
2333 1037 2618 1110 praeterea
2653 1030 2981 1104 neminem,
3014 1036 3116 1111 qui
3148 1040 3207 1093 et
3237 1034 3389 1113 ipse,
3418 1053 3553 1114 quae

1903 1121 1976 1183 ad
2008 1118 2440 1197 navigationem
2475 1118 2813 1181 necessaria
2845 1127 3037 1195 erant,
3073 1119 3270 1184 eidem
3319 1122 3547 1186 instru-

1900 1217 2088 1272 xerat.
2123 1207 2271 1271 Cum
2299 1224 2438 1283 vero
2454 1208 2578 1287 jam
2606 1226 2670 1269 se
2701 1207 3052 1287 navigationi
3075 1216 3232 1272 esset
3263 1212 3551 1274 commis-

1902 1316 2098 1371 surus,
2131 1296 2385 1359 multum
2417 1297 2491 1359 de
2515 1297 2808 1371 Ecclesia,
2844 1296 3038 1377 deque
3067 1316 3244 1378 grege
3273 1300 3410 1363 illos
3440 1301 3548 1365 im-

1902 1389 2128 1469 plorata
2162 1384 2278 1448 (ide
2308 1384 2633 1449 obtestatus
2665 1396 2756 1448 est
2792 1408 2805 1449 :
2865 1404 3082 1466 nempe
3110 1404 3217 1468 pro
3244 1390 3546 1470 omnibus,

1905 1480 1966 1540 in
1997 1475 2212 1559 quibus
2243 1483 2450 1537 contra
2478 1475 2669 1558 ipsam
2712 1475 2919 1539 saevire
2949 1495 3018 1538 ac
3050 1478 3304 1556 grassari
3336 1497 3547 1560 perre-

1903 1567 2124 1641 xerint,
2157 1567 2282 1629 Deo
2326 1564 2617 1628 rationem
2654 1583 2786 1628 esse
2844 1565 3205 1630 reddituros.
3239 1566 3314 1629 Hi
3345 1588 3420 1630 ne
3461 1570 3550 1631 sic

1905 1656 2147 1738 quidem
2170 1674 2204 1719 a
2228 1655 2489 1736 nequitia
2507 1664 2912 1735 temperarunt
2934 1674 3040 1720 sua
3065 1679 3078 1716 :
3114 1657 3410 1737 siquidem
3435 1677 3546 1721 nec

164 1750 527 1831 Ἐκιιλησίας,
589 1752 747 1830 φησὶν
803 1751 850 1808 ὦ
905 1752 1182 1830 Γρήγόριε’
1240 1759 1477 1816 τοιοῦτος
1530 1752 1630 1829 γὰρ
1686 1752 1711 1817 ἦ

2001 1746 2197 1809 irchus
2243 1744 2374 1826 ipse
2407 1744 2468 1808 in
2527 1746 2658 1825 ejus
2700 1763 2881 1809 causa
2931 1765 2966 1808 a
2993 1746 3380 1828 aequissimis
3429 1748 3548 1810 illis

162 1839 393 1916 εὕρηται
456 1840 569 1897 ἀντὶ
638 1848 735 1898 σοῦ
789 1842 918 1919 πρὸς
974 1842 1033 1897 ὃν
1092 1841 1207 1900 οὐδὲ
1263 1844 1370 1898 τῶν
1413 1841 1618 1921 ἐχθρῶν
1655 1843 1709 1899 οὗ

2000 1834 2248 1898 minibus
2297 1834 2624 1916 quidquam
2654 1836 2779 1898 fere
2832 1834 3111 1917 distabat,
3143 1854 3280 1899 cum
3323 1836 3547 1919 alioqui

161 1928 284 2009 ἔχει
355 1950 405 1984 τι
471 1931 914 2009 προφασίσασθαι.
971 1935 1141 1989 Ταῦτα
1197 1929 1250 1987 δὲ
1299 1930 1418 2007 περί
1474 1952 1614 1995 τινος
1662 1928 1708 1985 ἕ)

1995 1926 2352 1990 delatoribus
2380 1932 2500 1987 tum
2546 1926 2723 2006 judex
2767 1934 2933 1989 esset
2962 1926 3253 1990 delectus.
3302 1926 3542 1991 Nullum

158 2019 395 2075 Λευκίου
452 2022 740 2098 αἱρετικοῦ,
800 2021 858 2083 ὃς
912 2023 1030 2099 περὶ
1081 2021 1182 2088 τὴν
1235 2021 1375 2095 ἑῴαν
1428 2018 1689 2083 πολλάκις

1997 2020 2003 2077 ι
2035 2016 2295 2098 posthaec
2325 2014 2516 2095 (dixit)
2546 2015 2816 2095 Gregorii
2838 2016 3015 2080 liceat
3034 2017 3111 2079 de
3132 2014 3398 2079 Ecclesia
3417 2035 3544 2080 ser-

158 2110 451 2185 Γρηγορίῳ
529 2115 636 2165 τῶν
709 2108 1018 2188 παραδόξων
1090 2110 1266 2166 ἕνεκεν
1341 2114 1440 2176 τῆς
1508 2107 1813 2182 οἰκονομίας

159 2206 402 2276 Χριστοῦ
462 2194 744 2274 δογμάτων
796 2197 1096 2278 διαλεχθεὶς
1150 2201 1238 2260 καὶ
1314 2196 1628 2262 τοσαυτάκις
1687 2200 1813 2254 επι-

160 2289 486 2367 στομηθεὶς,
544 2286 792 2368 διάφορος
851 2289 948 2364 μὲν
993 2288 1136 2364 αὖτῷ
1190 2289 1252 2346 ἐκ
1302 2286 1508 2347 πολ).οὖ
1562 2286 1820 2367 ἐγεγόνει,

160 2378 285 2433 τότε
345 2374 579 2454 δὲπαρά
625 2399 727 2433 τινι
774 2377 1140 2456 κρυπτόμενος
1187 2382 1292 2434 τῶν
1324 2382 1422 2443 τῆς
1464 2375 1698 2451 πόλεως,
1731 2377 1823 2432 τὸν

158 2487 218 2522 τε
247 2488 503 2523 manu
556 2473 743 2524 τοῦτον
770 2473 871 2534 τῆς
902 2465 1152 2535 διαϐολῆς
1204 2467 1357 2530 αὖτδς
1388 2467 1453 2535 ἦν
1498 2469 1525 2523 6
1555 2473 1631 2540 τῷ
1678 2472 1822 2544 Γρη-

162 2556 335 2634 γορίῳ
364 2555 584 2635 κιρνῶν,
641 2556 766 2618 τοῖς
818 2556 1166 2636 συκοφάνταις
1196 2559 1456 2637 ὑποφυεϊς
1515 2557 1602 2612 καὶ
1652 2561 1823 2613 πᾶσαν

162 2648 356 2710 αὺτοῖς
385 2646 653 2709 ὑποτιθεὶς
711 2646 811 2713 τὴν
844 2646 1049 2713 σκηνὴν
1088 2653 1179 2704 τοῦ
1227 2645 1489 2724 δράματος
1540 2648 1587 2720 ᾧ
1640 2642 1706 2711 δὴ
1738 2646 1824 2701 καὶ

164 2736 287 2791 τότε
353 2735 416 2790 τὰ
488 2736 589 2801 τῆς
648 2734 948 2803 ἐπισκοπῆς
994 2735 1336 2814 ἐνεχείριζον.
1397 2732 1551 2791 Ἀλλ’
1617 2735 1666 2791 οἱ
1724 2733 1824 2809 μὲν

167 2831 408 2881 τοσαῦτα
463 2824 701 2887 εἰπόντες
756 2823 940 2882 πλέειν
990 2825 1331 2901 ἀπέπεμπον
1388 2827 1436 2879 οἱ
1493 2821 1547 2879 δὲ
1595 2822 1660 2890 δὴ
1716 2829 1823 2880 τῶν

168 2914 606 2991 Ἀκραγαντίνων
662 2913 924 2993 ἄρχοντές
966 2935 1025 2970 τε
1082 2915 1170 2971 καὶ
1234 2915 1296 2971 τὸ
1358 2912 1546 2969 λοιπὸν
1588 2911 1817 2986 πλῆθος,

167 3001 361 3069 ἐπειδῆ
417 3004 537 3081 περὶ
607 3003 707 3061 τὴν
764 3001 838 3059 ἕω
893 3004 1029 3061 κατὰ
1084 3003 1181 3070 τὴν
1240 3001 1482 3082 φυλακὴν
1522 3000 1823 3080 ἁθροισθέν-

163 3114 281 3167 τες,
348 3093 426 3167 μὴ
486 3090 686 3169 εὕροιεν
743 3094 836 3150 τὸν
892 3095 1207 3172 Γρηγόριον,
1268 3091 1492 3171 ἤρξαντο
1560 3091 1821 3168 ταράττε-

168 3186 288 3238 σθαι
364 3184 454 3238 καὶ
521 3185 762 3259 θρηνεῖν,
837 3184 924 3237 καὶ
1014 3183 1336 3257 νομίσαντες
1420 3182 1589 3260 κρύφα
1664 3181 1821 3236 αὒτὸν

162 3270 509 3349 ἆνῃρεῖσθαι,
584 3272 777 3328 στάσιν
851 3273 987 3328 κατά
1027 3293 1087 3328 τε
1149 3278 1242 3328 τοῦ
1307 3270 1532 3349 ἐξάρχου
1582 3271 1670 3326 καὶ
1728 3271 1823 3326 τοῦ

159 3381 403 3439 πονηρου
477 3358 744 3439 συνεδρίου
814 3359 1069 3440 χαλεπὴν
1134 3361 1395 3426 ἀνῆπτον.
1471 3360 1568 3417 Καὶ
1611 3359 1821 3438 πρῶτον

163 3452 261 3522 μὲν
323 3455 429 3527 πῦρ
489 3446 763 3525 λαϐόντες,
798 3451 1089 3531 ὒφάπτουσι
1142 3451 1265 3515 τοὺς
1319 3447 1503 3513 οἴκους
1555 3452 1661 3507 τὼν
1721 3471 1814 3505 συ-

164 3541 450 3618 κοςιαντὼν
534 3538 761 3597 Σαϐίνου
845 3541 930 3596 καὶ
1019 3544 1410 3619 Κρισκεντίνουο
1497 3539 1680 3595 ἔπειτα
1764 3536 1819 3593 δὲ

165 3631 248 3683 καὶ
327 3628 523 3707 αὐτοὺς
602 3628 829 3691 ἐκείνους
890 3631 1092 3708 ὁρμῶσι
1151 3627 1594 3708 διαχειρίσασθαι.
1662 3624 1811 3684 Ἀλλ’

166 3717 308 3774 οὗτοι
373 3718 478 3791 μὲν
540 3720 614 3779 εἰς
670 3720 770 3785 τὴν
824 3718 1114 3786 ἒκκλησίαν
1172 3718 1633 3796 προσπεφευγότες
1691 3714 1811 3773 δια-

167 3804 324 3884 δρῷσι
371 3807 464 3863 τόν
494 3805 748 3870 κίνδυνον,
795 3808 1004 3871 Φοᾶσας
1038 3808 1135 3886 γὰρ
1189 3810 1216 3863 ὁ
1276 3806 1513 3886 Χαρίτων
1568 3809 1630 3863 τὸ
1676 3806 1816 3874 πλῆ-

165 3904 251 3955 θος
298 3901 439 3957 κατὰ
495 3898 659 3963 πόδας
692 3903 875 3965 αὖτοϊς
920 3901 1181 3975 ἑπόμενον
1240 3900 1410 3978 εἴργει
1460 3902 1521 3955 τὸ
1578 3900 1656 3972 μὴ
1717 3897 1813 3955 καὶ

168 3998 256 4047 τοῦ
313 3990 462 4066 ἱεροῦ
515 3986 662 4044 ἔνδον
723 3989 911 4051 αὖτοὺς
971 3986 1297 4067 ἀποσφάξαι,
1346 3990 1439 4043 σὺν
1481 3989 1582 4063 βοῆ
1638 3986 1815 4063 πολλῇ

170 4079 251 4133 καὶ
296 4076 459 4151 μόλις
502 4079 689 4142 αὐτοὺς
742 4100 835 4137 του
864 4077 1260 4157 ἐγχειρήματος
1310 4077 1642 4140 ἀποπαύσας.
1710 4076 1814 4133 Καὶ

167 4167 230 4221 τὰ
284 4165 387 4240 μὲν
440 4167 543 4232 τῆς
604 4167 840 4226 στάσεως
903 4165 1004 4222 ὦδε
1060 4168 1124 4223 τὸ
1155 4167 1317 4244 πέρας
1372 4166 1526 4246 εἶχε,
1564 4163 1814 4222 Καταλα-

165 4252 348 4316 ὃόντος
392 4253 449 4310 δὲ
482 4262 573 4313 τοῦ
628 4256 776 4334 ἁγίου
805 4257 904 4325 τὴν
958 4248 1170 4332 Ῥώμην
1203 4258 1231 4312 6
1282 4254 1505 4316 πᾶππας
1536 4255 1634 4321 τὴν
1689 4253 1816 4310 ἐπι-

170 4343 364 4411 στολὴν
425 4342 708 4419 δεξάμενος
766 4353 860 4402 τοῦ
911 4343 1137 4425 ἐξάρχου
1194 4347 1281 4401 καὶ
1350 4345 1413 4400 τὰ
1471 4342 1816 4422 γεγραμμένα

170 4432 581 4507 ἀναλεξάμενος,
642 4431 880 4509 θάμϐους
936 4434 1049 4508 ἅμα
1107 4432 1205 4490 καΐ
1266 4434 1431 4491 θυι.ιοῦ
1487 4432 1814 4508 πληρωθεὶς,

170 4524 253 4579 καὶ
299 4521 439 4597 μηδὲ
496 4525 571 4584 εἰς
600 4523 726 4597 ὄψιν
786 4522 964 4580 ἐλθεῖν
995 4524 1139 4595 αὖτῷ
1198 4524 1289 4579 τὸν
1348 4519 1500 4600 ἅγιον
1557 4519 1811 4591 ἀξιώσας,

167 4610 378 4687 ἄιριτον
438 4611 646 4668 ἐκέλευε
676 4612 967 4691 συρόμενόν
1012 4632 1069 4668 τε
1099 4612 1188 4667 καὶ
1216 4609 1560 4687 ὑϐριζόμενον
1588 4617 1657 4685 τῇ
1710 4633 1813 4688 φυ-

169 4702 302 4777 λακῇ
330 4698 586 4778 δίδοσθαι,
615 4701 710 4763 τάς
740 4721 799 4757 τε
836 4713 1030 4780 χεῖρας
1073 4699 1211 4757 ἀλλὰ
1244 4700 1342 4775 μὲν
1370 4698 1465 4756 καί
1496 4698 1618 4763 τοὺς
1651 4697 1814 4763 πόδας

174 4787 355 4864 σίδηρα
410 4787 768 4853 διαδεθέντας.
808 4781 866 4849 Ὀ
911 4788 965 4846 δὲ
995 4790 1083 4848 καὶ
1113 4788 1283 4854 οὕτως
1326 4789 1813 4867 ἒμπαροινούμενος

176 4882 257 4934 καὶ
312 4885 381 4954 τῇ
410 4881 591 4956 εἱρκτῇ
644 4877 1047 4954 ἐμϐαλλόμενος
1078 4880 1167 4935 καὶ
1205 4877 1559 4954 δεσμούμενος
1589 4881 1646 4933 εν
1702 4884 1815 4935 πᾶ·-

178 4989 254 5023 om
306 4969 481 5041 ἑαυτῷ
533 4970 733 5044 ὁμοίως
786 4970 878 5040 ἦν,
912 4969 1001 5024 καὶ
1061 4968 1302 5025 ὓπόθεσιν
1361 4969 1422 5025 οὒ
1473 4967 1664 5046 μικρὰν
1709 4967 1819 5046 *τήν

178 5054 382 5131 ἀτιμίαν
440 5062 538 5124 τῆς
582 5060 715 5134 πρὸς
768 5059 904 5114 Θεὸν
973 5057 1213 5114 ἐποιεῖτο
1270 5057 1633 5136 εὐχαριστίας.
1707 5040 1818 5113 τἸνα

176 5142 225 5200 δὲ
277 5148 363 5202 καὶ
438 5146 647 5221 μᾶλλον
704 5144 1066 5220 ἀπαράκλιτος
1136 5148 1170 5219 ᾖ
1228 5146 1477 5225 ἀνιαροῖς
1536 5155 1816 5211 τοσούτοις

175 5238 712 5317 περιστοιχιζόμενος,
773 5233 889 5292 οὐδὲ
967 5238 1056 5293 τὸν
1134 5233 1376 5293 διάκονον
1434 5238 1577 5309 αὐτῷ
1660 5235 1810 5292 Πλα-

175 5326 381 5381 τωνικὸν
439 5329 510 5386 εἷς
539 5328 641 5393 τὴν
691 5324 938 5405 φυλακην
972 5325 1123 5405 εἴων,
1158 5324 1280 5382 ἀλλ’
1335 5324 1501 5406 ἑτέρῳ
1529 5326 1629 5382 τινὶ
1660 5327 1812 5400 τόπῳ

177 5426 289 5469 xm
298 5429 408 5472 ϊνον
436 5415 906 5493 ἑγκατακλείουσι.

1899 2122 2138 2168 monem
2169 2103 2392 2167 habere
2426 2127 2443 2186 ;
2478 2105 2671 2167 virum
2707 2106 2868 2169 enim
2902 2104 3197 2185 ejusmodi
3227 2105 3287 2166 in
3324 2108 3412 2169 tui
3445 2108 3540 2169 lo-

1905 2214 2039 2258 cum
2065 2193 2538 2276 subrogavimus,
2564 2195 2627 2256 in
2657 2213 2832 2277 quem
2854 2213 2930 2260 ne
2953 2195 3278 2258 adversarii
3301 2196 3544 2277 quidem

1904 2284 2127 2367 aliquid
2180 2285 2402 2349 habent
2432 2285 2695 2365 culpare.
2747 2284 2886 2347 Haec
2943 2294 3144 2347 autem
3176 2284 3252 2347 de
3300 2286 3543 2350 Eleusin

1905 2375 2167 2457 quodam
2196 2373 2479 2438 haeretico
2502 2372 2758 2451 dicebat,
2784 2375 2886 2455 qui
2919 2374 2980 2436 in
3002 2372 3248 2439 Oriente
3266 2393 3548 2456 saepenu-

1909 2483 2075 2528 mero
2127 2484 2262 2527 cum
2295 2463 2585 2545 Gregorio
2632 2464 2709 2527 de
2735 2463 3103 2527 admirandis
3147 2464 3546 2546 dogmatibus,

1906 2555 2103 2635 deque
2127 2572 2398 2632 munere,
2433 2553 2594 2636 quod
2626 2551 2921 2631 Christus,
2948 2555 3050 2616 Dei
3079 2552 3344 2617 Patrisin
3375 2555 3550 2618 terris

1908 2644 2166 2724 legatum
2228 2661 2455 2723 agens,
2514 2641 2786 2717 obierat,
2845 2641 3142 2706 acerrime
3196 2642 3546 2725 disputarat,

1907 2752 2041 2798 cum
2100 2732 2290 2795 nihilo
2354 2732 2554 2795 secius
2617 2734 2790 2813 plane
2853 2749 3170 2811 repressus
3232 2734 3306 2796 ab
3366 2753 3437 2798 eo
3479 2754 3551 2798 ac

1909 2821 2096 2884 victus
2124 2822 2357 2884 fuisset.
2392 2820 2501 2885 Hic
2524 2820 2889 2903 jampridem
2932 2821 3129 2886 eidem
3171 2823 3548 2888 admirabilis
3594 2882 3595 2885 η

1899 2908 2253 2991 habebatur,
2287 2911 2456 2991 isque
2483 2918 2605 2972 tum
2636 2910 2794 2991 apud
2848 2911 3035 2974 civem
3061 2912 3380 2993 quemdam
3413 2914 3555 2977 lati-

1898 2998 2081 3071 tabat,
2115 2999 2217 3081 qui
2267 3000 2635 3062 delatoribus
2681 3001 3060 3081 conjunctus,
3118 3002 3273 3065 hanc
3331 3011 3555 3066 contu-

1904 3088 2099 3150 meliae
2148 3088 2447 3170 potionem
2478 3088 2748 3167 Gregorii
2798 3088 3014 3152 callide
3065 3091 3542 3167 commiscuerat,

1904 3178 2141 3261 illisque
2189 3196 2429 3241 omnem
2477 3187 2642 3239 actus
2686 3196 2954 3253 scenam,
3008 3180 3123 3242 hoc
3174 3188 3287 3258 est,
3339 3182 3547 3260 ﬂagitii

1906 3269 2216 3330 materiam
2261 3276 2439 3348 atque
2470 3265 2803 3347 subjectum
2860 3268 3241 3344 ministrarat,
3276 3270 3372 3332 cui
3422 3278 3547 3334 tum

1904 3356 1991 3418 illi
2040 3357 2440 3436 episcopatum
2474 3356 2995 3420 concrediderant.
3049 3355 3155 3419 His
3200 3358 3399 3436 dictis,
3434 3378 3548 3422 na-

1903 3438 2255 3526 vigationem
2287 3446 2386 3509 ille
2416 3445 2618 3508 subiit.
2654 3447 3023 3526 Agrigentini
3064 3466 3202 3510 vero
3233 3448 3344 3510 viri
3376 3450 3547 3530 prin-

1905 3535 2068 3617 cipes
2091 3554 2208 3597 una
2239 3553 2372 3597 cum
2397 3534 2629 3616 reliqua
2652 3536 3194 3613 multitudine,cum
3218 3538 3550 3601 custodiam

1895 3643 2131 3686 summo
2163 3643 2336 3685 mane
2369 3624 2522 3686 facto
2553 3625 2791 3703 agmine
2820 3624 3359 3706 petiissent,neque
3387 3628 3547 3689 Gre-

1895 3714 2126 3792 gorium
2157 3713 2569 3793 reperiissent,
2606 3712 2845 3776 turbare
2876 3713 3096 3787 omnia,
3126 3713 3546 3790 commiscere,

1896 3822 1966 3865 ac
1986 3801 2301 3864 lamentari
2332 3810 2666 3882 coeperunt.
2698 3801 3120 3865 Existimantes
3142 3810 3340 3865 autem
3374 3803 3544 3866 illum

1897 3892 2047 3954 clam
2098 3891 2172 3953 de
2220 3889 2420 3952 medio
2452 3890 2775 3966 sublatum,
2812 3891 3127 3956 tumultum
3169 3911 3238 3955 ac
3294 3893 3544 3956 seditio-

1901 3999 2037 4043 nem
2062 3986 2267 4043 contra
2290 3979 2635 4060 exarchum,
2655 3981 2905 4062 ejusque
2926 3999 3290 4045 assessorem
3319 3985 3540 4047 moles-

1898 4070 2186 4132 tissimam
2205 4068 2565 4131 excitarunt.
2585 4068 2669 4131 Ac
2697 4070 2954 4150 primum
2976 4071 3217 4149 quidem
3243 4073 3449 4137 Sabini
3469 4093 3541 4137 ac

1896 4158 2265 4222 Crescentini
2287 4158 2780 4240 sycophantarum
2816 4161 3025 4222 domos
3046 4162 3400 4238 incendunt;
3431 4163 3547 4228 de-

1896 4248 2040 4311 inde
2095 4247 2229 4310 illos
2258 4247 2419 4328 ipsos
2466 4247 2811 4310 interﬁcere
2856 4249 3122 4311 adoritur
3159 4273 3174 4321 ;
3230 4250 3338 4314 sed
3383 4253 3424 4313 ii
3470 4253 3545 4314 ad

1899 4338 2213 4401 ecclesiam
2249 4339 2387 4416 fuga
2420 4356 2553 4400 sese
2582 4338 2940 4418 recipientes
2983 4339 3317 4419 periculum
3349 4341 3547 4405 decli-

1898 4436 2139 4489 narunt.
2184 4426 2406 4489 Verum
2440 4426 2721 4490 Chariton
2772 4427 2963 4489 turbae
2995 4428 3127 4491 illos
3171 4430 3545 4511 insequentis

1900 4516 2162 4597 vestigiis
2192 4516 2502 4593 insistens,
2536 4517 2755 4592 ell‘ecit,
2792 4536 2867 4580 ne
2917 4518 3075 4582 intra
3107 4521 3394 4601 templum
3438 4522 3544 4600 ju-

1840 4583 2267 4689 DgulaITentur,
2300 4605 2395 4669 vix
2426 4607 2560 4668 illos
2591 4626 2806 4687 magno
2851 4608 3112 4671 clamore
3140 4610 3212 4671 ab
3234 4583 3546 4691 ejusmodi

1900 4697 2179 4778 petitione
2210 4716 2278 4760 ac
2312 4695 2538 4761 insultu
2590 4696 3020 4777 comprimens.
3054 4701 3255 4779 Itaque
3304 4701 3546 4763 seditio-

1899 4787 2357 4871 nem_ejusmodi
2390 4787 2522 4848 tinis
2547 4787 2797 4867 excepit.
2833 4785 2977 4849 Cum
3014 4807 3150 4850 vero
3184 4788 3276 4851 vir
3305 4797 3544 4853 sanctus

1897 4876 2144 4939 Romam
2201 4876 2590 4957 pervenisset,
2628 4877 2892 4956 pontifex
2947 4895 3103 4941 max.
3160 4880 3419 4958 acceptis
3464 4879 3537 4941 ab

1900 4967 2155 5031 exarcho
2186 4966 2425 5044 litteris,
2456 4967 2652 5048 iisque
2688 4986 2823 5043 quae
2852 4964 2928 5028 ab
2955 4967 3082 5046 ipso
3125 4967 3539 5030 scribebantur

1902 5048 2175 5134 cognitis,
2203 5056 2595 5120 admiratione
2623 5076 2691 5119 ac
2721 5057 2812 5120 ira
2844 5057 3077 5137 plenus,
3111 5076 3227 5120 non
3272 5066 3362 5119 est
3391 5077 3534 5136 pas-

1899 5163 2003 5209 sus
2033 5147 2225 5207 virum
2275 5154 2544 5208 sanctum
2580 5146 2863 5225 suiipsius
2891 5146 3058 5209 adire
3108 5148 3481 5226 praesentiam
3517 5168 3532 5225 ;

1897 5235 2041 5317 quin
2073 5236 2250 5297 etiam
2285 5235 2506 5298 indicta
2529 5253 2703 5298 causa
2723 5242 2972 5297 tractum
2998 5235 3162 5298 illum
3187 5244 3361 5317 atque
3382 5255 3530 5299 cou-

1896 5324 2213 5388 tumellose
2243 5326 2508 5399 illusum,
2538 5323 2812 5387 manibus
2843 5335 3130 5407 praeterea
3165 5326 3533 5407 pedibusque

1893 5422 2101 5477 catena
2146 5416 2435 5496 vinctum,
2467 5416 2526 5476 in
2586 5432 2887 5476 carcerem
2921 5415 3361 5495 conjiciendum
3408 5417 3529 5478 im-

181 5505 402 5577 paravit.
458 5503 755 5568 Caeterum
814 5502 915 5566 ille
965 5503 1224 5566 ludibrio
1260 5513 1376 5566 tam
1428 5503 1683 5585 turpiter
1729 5503 1987 5581 habitus,
2020 5505 2079 5567 in
2112 5523 2538 5586 carceremque
2579 5522 2649 5567 ac
2701 5504 2951 5567 vinculis
3008 5504 3396 5585 mancipatus,
3431 5507 3529 5566 ni-

181 5589 480 5657 hilominus
538 5593 914 5657 omnibusin
968 5594 1150 5655 rebus
1195 5595 1288 5655 sui
1344 5593 1558 5657 similis
1618 5612 1751 5658 esse
1804 5597 2087 5677 perrexit,
2122 5606 2296 5677 atque
2338 5595 2699 5659 contumelia
2730 5594 2792 5657 in
2845 5613 3113 5674 magnam
3163 5594 3524 5675 agendarum

185 5681 291 5745 Deo
332 5687 652 5766 gratiarum
685 5685 1064 5749 occasionem
1122 5702 1263 5748 usus
1294 5691 1404 5749 est.
1444 5683 1517 5749 Ut
1568 5704 1706 5756 vero
1764 5688 2213 5769 consolationis,
2246 5696 2329 5756 tot
2376 5688 2805 5773 circumseptus
2846 5685 3154 5770 molestiis,
3194 5684 3375 5766 magis
3415 5701 3523 5746 ex-
