3918 6138
381 345 498 414 247

1679 351 1958 414 MENSIS
2001 350 2441 416 NOVEMBER.

3621 355 3725 422 248

382 505 521 568 pers
550 493 730 569 esset,
764 505 840 550 ne
887 486 1254 551 Platonicum
1307 487 1546 568 quidem
1598 485 1914 548 diaconum
1965 487 2026 547 in
2080 485 2352 550 custodia
2401 503 2535 549 cum
2585 486 2716 570 ipso
2768 505 2900 552 esse
2952 486 3398 572 permiserunt:
3451 491 3553 556 sed
3599 493 3722 557 alibi

383 578 641 655 quodam
676 578 736 639 in
768 578 896 640 loco
928 580 1222 660 captivum
1249 579 1418 640 illum
1455 578 1752 640 detinent.

464 668 662 732 XLIV.
719 670 950 732 Interea
979 669 1118 730 dum
1171 669 1260 728 vir
1307 667 1511 728 beatus
1562 667 1797 729 vincula
1851 674 2082 747 pate-A

383 769 568 831 retur,
611 758 1037 840 precibusque,
1097 767 1162 819 ut
1215 758 1300 818 illi
1358 757 1540 818 moris
1611 764 1757 831 erat,
1813 756 2028 818 mediis

383 849 660 910 noctibus
720 848 1050 928 invigilans,
1085 847 1431 922 excubaret,
1463 847 1560 908 lux
1619 864 1757 907 eum
1818 847 2029 924 ingens

385 938 817 1001 circumfulsit:
871 947 929 998 et
955 955 1095 998 ecce
1145 935 1224 996 ibi
1256 936 1369 997 viri
1420 936 1560 1010 duo,
1595 937 1784 997 forma
1827 935 2026 996 cultu-

386 1047 500 1110 que
531 1027 796 1106 corporis
818 1027 1118 1106 apostolos
1139 1026 1492 1105 referentes,
1520 1026 1826 1099 assistunt,
1853 1043 2027 1087 eum-

386 1136 502 1198 que
548 1116 642 1178 his
677 1115 880 1177 verbis
931 1116 1236 1179 aﬂ‘antur:
1286 1114 1458 1176 Salve
1509 1113 1727 1176 Christi
1784 1115 2028 1192 famule,

383 1206 676 1287 nobisque
721 1205 935 1267 dilecte
966 1205 1215 1284 Gregori
1246 1228 1260 1276 ;
1314 1203 1604 1284 Dominus
1664 1204 1890 1266 idcirco
1923 1223 2032 1266 nos

383 1295 638 1369 misit,ut
662 1303 718 1355 te
741 1293 1247 1375 vinculis,quibns
1267 1294 1486 1374 injuste
1510 1293 1768 1374 illigatus
1794 1312 1882 1374 es,
1906 1294 2032 1354 sol-

381 1404 681 1458 veremus,
715 1403 783 1446 ac
840 1402 949 1445 nos
981 1384 1223 1465 quidem
1271 1381 1346 1444 ob
1381 1386 1770 1446 constantiam
1821 1401 1888 1445 ac
1922 1403 2030 1462 pa-

383 1475 648 1536 tientiam
685 1483 838 1535 tuam
876 1474 1014 1547 huc,
1052 1487 1108 1534 te
1137 1481 1202 1535 ut
1247 1474 1440 1534 lmtum
1479 1473 1894 1548 redderemus,
1928 1491 2029 1533 ac-

385 1564 958 1643 cessimus.0portet
987 1563 1145 1624 enim
1173 1571 1229 1624 et
1261 1565 1413 1624 hanc
1447 1563 1653 1624 urbem
1692 1563 1897 1624 multis
1927 1562 2036 1624 abs

386 1666 448 1716 te
506 1654 693 1733 signis
721 1653 894 1714 editis
945 1652 1083 1713 frui.
1116 1652 1252 1715 Haec
1304 1653 1482 1714 simul
1535 1671 1602 1714 ac
1634 1652 1817 1714 locuti
1869 1660 2030 1724 sunt,

385 1744 621 1805 vincula
652 1744 993 1822 tetigerunt,
1029 1761 1160 1824 quae
1187 1742 1261 1803 ab
1291 1743 1423 1822 ejus
1455 1741 1727 1804 manibus
1756 1741 2034 1823 pedibus-

386 1852 502 1914 que
539 1841 789 1914 repente
820 1833 1169 1895 ceciderunt
1204 1855 1219 1904 ;
1277 1851 1413 1895 mox
1450 1831 1798 1913 Gregorium
1829 1849 2032 1893 assur-

385 1930 648 2002 gentem,
685 1930 1185 2002 trementemque,
1221 1941 1454 1984 necnon
1509 1923 1724 2000 gratias
1759 1929 2032 2000 agentem

2189 667 2333 728 ΜΝ.
2401 677 2503 727 Τοῦ
2549 673 2807 750 μακαρίου
2843 672 3013 730 τοίνυν
3072 673 3124 728 ἐν
3166 675 3233 749 τῇ
3281 672 3488 751 φυλακῇ
3529 673 3734 755 διακαρ-

2111 765 2404 836 τεροῦντος,
2467 761 2553 816 καὶ
2609 767 2678 836 τῇ
2737 763 2898 840 εὐχῇ,
2939 765 3011 826 ὡς
3072 762 3210 842 ἔθος,
3263 763 3732 842 ἐπαγρυπνοῦντος,

2113 851 2229 924 περὶ
2274 848 2438 922 μέσας
2471 849 2661 911 νύκτας
2717 849 2914 930 σιεδὸν
2975 858 3085 929 φῶς
3144 873 3201 908 τε
3233 853 3372 931 μέγα
3426 853 3738 931 περιλάμπει

2113 940 2293 1010 αὐτὸν,
2329 939 2416 993 καὶ
2469 937 2576 994 ἰδοὺ
2619 938 2708 995 δύο
2766 939 2945 1020 ἄνδρες
3003 941 3058 998 ἐν
3113 943 3362 1021 σχήματι
3419 943 3742 1016 ἀποστολικῷ

2114 1028 2444 1101 ἐπιστάντες,
2535 1029 2746 1108 Χαίροις
2773 1077 2788 1104 ,
2874 1034 3017 1106 αῦτῷ
3099 1029 3350 1108 λέγουσι,
3436 1030 3584 1089 δοῦλε
3662 1044 3745 1092 τοῦ

2117 1123 2344 1194 Χριστοῦ
2416 1122 2512 1174 καὶ
2573 1120 2710 1192 ἡμῖν
2785 1119 3103 1196 ἧγαπημένε
3161 1122 3441 1199 Γρηγόριε,
3489 1123 3517 1176 ὁ
3571 1123 3740 1200 Κύριος

2114 1204 2446 1261 ἀπέσταλκεν
2504 1207 2646 1280 ἡμᾶς
2705 1207 2861 1264 λῦσαί
2912 1230 2970 1264 σε
3019 1215 3125 1265 τῶν
3182 1207 3391 1284 δεσμῶν
3420 1211 3510 1273 οἷς
3566 1209 3742 1274 ἀδίκους

2115 1291 2398 1372 ἐνδέδεσαι,
2456 1295 2552 1352 καὶ
2593 1297 2760 1371 ἡμεῖς
2805 1295 2860 1354 δὲ
2931 1295 3327 1378 ἆπόδεχόμενοι
3368 1321 3426 1356 σε
3486 1305 3582 1366 τῆς
3627 1322 3743 1380 οιαρο

2114 1385 2288 1460 τερίας
2361 1386 2450 1441 καὶ
2520 1390 2618 1452 τῆς
2691 1386 2963 1462 ὑπομονῆς
3036 1391 3306 1466 πάρεσμεν
3369 1395 3744 1468 συνευφραιθη·

2114 1473 2332 1548 σὸμενοί
2401 1494 2508 1536 σοι.
2559 1483 2656 1532 Δεϊ
2698 1474 2752 1530 δὲ
2799 1478 2886 1532 καὶ
2930 1477 3028 1544 τὴ)
3087 1475 3244 1534 πόλιν
3286 1479 3484 1545 ταύτην
3547 1479 3749 1536 πολλῶν

2118 1564 2219 1620 τῶν
2289 1565 2390 1620 ὑπὸ
2457 1570 2549 1620 σοῦ
2607 1563 3076 1641 τελεσθησομὲνων
3144 1565 3441 1626 ἀπολαῦσαι
3499 1571 3749 1643 σημείων.

2118 1661 2293 1711 Ταῦτα
2323 1651 2534 1730 ἔλεγον,
2564 1654 2655 1710 καὶ
2706 1654 2820 1729 ἅμα
2880 1661 2984 1712 τῶν
3044 1651 3256 1730 δεσμῶν
3301 1656 3565 1723 ἥπτοντο.
3596 1660 3652 1717 Οἱ
3705 1657 3754 1713 δὲ

2118 1741 2265 1806 εὒθὺς
2315 1747 2422 1796 τῶν
2479 1764 2534 1798 τε
2595 1743 2796 1823 χειρῶν
2855 1745 3020 1805 αὐτοῦ
3090 1748 3178 1803 καὶ
3235 1743 3411 1804 ποδῶν
3469 1746 3754 1825 ἐξέπιπτον,

2119 1832 2204 1886 καὶ
2274 1830 2578 1888 ἂναστάδτα
2649 1831 2812 1889 πάλιν
2885 1836 2975 1891 τὸν
3045 1838 3332 1914 Γρηγόριον
3405 1837 3759 1911 ἀσπασάμενοι

2119 1921 2382 1995 τρέμοντά
2490 1945 2546 1978 τε
2633 1924 2722 1979 καὶ
2806 1924 2970 2002 χάριν
3068 1924 3433 2003 ὁμολογοῦντα
3523 1927 3758 1990 ἀπιόντες

385 2012 707 2092 complexi,
754 2011 1046 2074 abeuntes
1097 2030 1164 2072 ex
1224 2012 1411 2073 oculis
1453 2013 1583 2091 ejus
1632 2011 1819 2091 elapsi
1869 2017 1996 2070 sunt

2145 2009 2354 2089 ἄχοντο,
2416 2012 2540 2067 εἶτα
2597 2012 2694 2068 καί
2753 2012 2838 2070 ἐπὶ
2893 2015 2984 2070 τὸν
3043 2013 3382 2073 Πλατωνικὸν
3429 2015 3756 2096 ἀφικόμενοι,

384 2103 616 2166 Deinde
646 2102 717 2164 ad
769 2101 1133 2164 Platonicum
1167 2101 1545 2170 accedentes,
1580 2118 1648 2162 ac
1679 2102 1872 2179 ipsum
1905 2100 1990 2160 sol

2149 2100 2365 2165 ύσαντές
2423 2123 2479 2156 τε
2510 2102 2784 2176 κάκεῖνον,
2817 2105 2905 2159 καὶ
2964 2103 3157 2183 μέχρις
3216 2106 3276 2160 οὗ
3333 2106 3400 2171 ἦν
3442 2107 3754 2185 Γρηγόριος,

383 2201 614 2265 ventes,
648 2211 719 2255 eo
769 2193 870 2253 ubi
904 2192 1225 2272 Gregorius
1287 2200 1434 2266 erat,
1469 2191 1872 2263 deduxerunt,
1910 2188 1990 2250 ibi

2149 2187 2500 2270 δηγήσαντες,
2553 2195 2640 2248 καὶ
2685 2194 2841 2251 αύτὸν
2890 2193 3284 2268 ἀπελίμπανον.
3349 2185 3406 2252 Ὀ
3466 2193 3524 2251 δὲ
3577 2198 3648 2258 ὡς
3706 2195 3756 2251 ἐν

387 2302 504 2363 que
551 2283 722 2343 illum
753 2283 1072 2362 reliquere.
1127 2281 1238 2353 Qui
1292 2299 1410 2343 non
1469 2281 1662 2352 aliter,
1697 2299 1766 2340 ac
1817 2278 1865 2338 si
1902 2279 1992 2338 liae

2145 2301 2256 2350 πνῳ
2313 2287 2477 2336 ταῦτα
2547 2283 2707 2360 ὁρῶν,
2765 2279 3052 2360 ἐπειδήπερ
3120 2281 3171 2338 ἐν
3245 2281 3427 2342 ὲαῦτοῦ
3489 2284 3736 2363 ἐγεγόνει,

388 2374 517 2450 ipsa
548 2391 654 2452 per
681 2373 942 2453 quietem
974 2372 1241 2444 vidisset,
1277 2381 1589 2452 postquam
1625 2371 1697 2432 ad
1731 2389 1796 2431 se
1825 2368 2025 2437 rediit,

387 2463 737 2541 Gregorium
765 2463 1438 2537 intuitus,admiratione
1460 2479 1528 2522 ac
1551 2459 1764 2540 gaudio
1782 2459 2032 2520 atl'eclus

389 2561 497 2625 est,
526 2570 780 2632 moxque
809 2553 868 2613 in
903 2551 1149 2630 agendis
1180 2551 1301 2614 Deo
1342 2551 1546 2630 gratiis
1571 2558 1729 2610 totus
1760 2557 1853 2609 est
1881 2566 2029 2608 con-

386 2642 916 2704 versus.Praeterea
941 2643 1050 2703 hac
1080 2643 1207 2721 ipsa
1233 2642 1382 2702 hora
1407 2639 1566 2701 aliud
1591 2637 1858 2716 contigit.
1885 2635 2031 2698 Nam

388 2739 587 2794 custos
649 2731 907 2793 carceris
963 2730 1152 2792 ﬁlium
1197 2730 1427 2808 jamdiu
1492 2729 1727 2808 impuro
1776 2727 2034 2787 afﬂatum

391 2821 600 2899 spiritu
631 2819 861 2891 habuit,
895 2837 1071 2900 quem
1108 2819 1402 2881 columnae
1431 2817 1746 2896 illigatum,
1786 2833 1970 2896 prope
2001 2833 2036 2876 a

389 2914 512 2970 suis
534 2908 764 2970 aedibus
787 2907 1317 2970 observabat.Tum
1343 2926 1480 2969 vero
1503 2907 1883 2984 daemon,quo
1907 2906 2036 2966 erat

389 3006 722 3076 correptus,
751 2998 953 3059 fractis
977 2997 1228 3058 vinculis
1257 2997 1880 3077 puerumimpotenter
1912 2994 2036 3054 im-

2112 2370 2200 2424 καὶ
2256 2371 2348 2424 τὸν
2393 2372 2682 2447 Γρηγόριον
2717 2371 2966 2428 ἐθεάσατο
3015 2370 3319 2441 ἐκπλήξεώς
3371 2395 3429 2432 τε
3483 2377 3571 2430 καὶ
3636 2397 3742 2454 χα-

2115 2465 2207 2535 ρᾶς
2254 2457 2570 2536 ἐπληροῦτο,
2636 2462 2720 2516 καὶ
2768 2463 2894 2538 πρὸς
2952 2461 3050 2528 τὴν
3107 2463 3180 2525 εἰς
3234 2464 3364 2519 Θεὸν
3413 2464 3744 2544 εὐχαριστίαν

2117 2546 2388 2623 ἐτρέπετο.
2456 2551 2591 2626 Πρὸς
2632 2550 2836 2614 τούτοις
2893 2548 2948 2605 δὲ
2995 2552 3083 2607 καὶ
3130 2550 3308 2626 ἕτερόν
3334 2574 3386 2608 τι
3441 2553 3565 2611 κατ’
3593 2553 3746 2619 αὐτὴν

2118 2636 2356 2692 ἐτελεῖτο
2409 2637 2506 2705 τὴν
2551 2638 2714 2716 ὥραν·
2760 2640 2787 2696 ὃ
2842 2640 2942 2717 γὰρ
2972 2637 3038 2708 δὴ
3093 2639 3427 2721 δεσμοφύλας
3481 2647 3606 2723 εἶχε
3659 2642 3747 2718 μὲν

2117 2728 2226 2781 υἱὸν
2259 2730 2474 2804 πονῆρῷ
2503 2729 2762 2802 πνεύματι
2809 2730 3046 2808 κάτοχον
3105 2731 3330 2810 χρόνους
3374 2731 3480 2800 ἤδη
3511 2733 3748 2812 συχνοὺς,

2119 2817 2177 2872 ὃν
2230 2816 2316 2870 καὶ
2359 2818 2493 2872 κὶονι
2552 2817 2840 2891 περιδήσας
2884 2822 2986 2895 πρὸ
3031 2820 3133 2886 τῆς
3177 2819 3344 2883 οἰκίας
3405 2820 3597 2900 ἐτήρη,
3641 2822 3750 2878 τότε

2120 2903 2174 2961 δὲ
2210 2904 2267 2960 τὲ
2324 2904 2492 2981 δεσμὰ
2522 2905 2802 2986 διαῤῥήξας
2856 2911 2884 2964 ὁ
2915 2906 3118 2984 δαίμων
3175 2913 3268 2966 καί
3298 2911 3544 2988 ἀκρατῶς
3601 2910 3750 2967 ἐλαύ-

2121 3017 2224 3049 νων
2266 2996 2357 3051 τὸν
2411 2993 2580 3052 παῖδα
2623 2999 2725 3075 πρὸ
2782 3003 2888 3054 τῶν
2932 2997 3105 3055 ποδῶν
3146 2998 3405 3056 κατέϐαλε
3449 3009 3545 3058 τοῦ
3587 3001 3749 3080 ἁγίου,

393 3086 621 3166 pellens
635 3087 742 3147 viri
758 3087 942 3149 sancti
958 3087 1209 3168 pedibus
1223 3086 1590 3167 illicit,utqne
1606 3085 1769 3147 illum
1787 3103 1819 3145 a
1837 3084 1996 3164 preci

2149 3108 2172 3148 ς
2233 3089 2372 3158 αύτῷ
2435 3088 2522 3142 καὶ
2583 3087 2681 3154 τὴν
2737 3087 2904 3167 εῦχὴν
2963 3088 3294 3170 διετάραττε,
3351 3092 3496 3166 βοῶν
3559 3111 3615 3146 τε
3669 3092 3750 3146 καὶ

391 3175 501 3236 bus
531 3175 1271 3256 exturbavit,clamansque
1301 3193 1368 3237 ac
1401 3193 1466 3236 se
1496 3175 1783 3247 volutans,
1819 3193 1891 3235 ex
1927 3191 1994 3234 or

2148 3173 2426 3248 υλιόμενος
2509 3177 2596 3232 καὶ
2679 3178 2841 3256 ἀφρὸν
2923 3186 3014 3235 τοῦ
3064 3181 3326 3255 στόματος
3412 3181 3747 3260 παραπτύων.

391 3282 660 3343 spumam
685 3264 918 3344 agebat.
945 3264 1046 3326 Ille
1063 3254 1204 3328 vero
1235 3283 1310 3325 ne
1328 3265 1414 3325 sic
1441 3263 1682 3343 quidem
1708 3265 1780 3325 ab
1803 3264 1996 3324 orandi

2145 3273 2175 3320 ἱ)
2213 3262 2276 3318 δὲ
2319 3262 2454 3337 μηδὲ
2487 3264 2626 3322 οὕτω
2831 3271 3003 3347 εὐχῆς
3049 3254 3311 3348 ἀποστὰς,
3346 3254 3564 3348 ἄραςτδὲ
3611 3268 3748 3344 μᾶλο

389 3371 652 3434 cessans,
685 3353 828 3433 quin
859 3356 1054 3434 potius
1084 3353 1288 3415 oculos
1319 3372 1386 3415 ac
1422 3364 1684 3415 mentem
1721 3354 1776 3414 in
1811 3353 2026 3414 malum

392 3442 630 3516 tollens,
652 3443 782 3522 ejus
802 3443 902 3525 qui
923 3443 1238 3523 spirituum
1266 3443 1560 3521 legionem
1592 3441 1905 3523 profligare
1935 3459 2035 3521 po-

391 3531 523 3606 tuit,
561 3533 837 3595 auxilium
885 3533 1264 3613 implorabat.
1329 3532 1559 3594 Deinde
1618 3550 1792 3593 manu
1852 3548 2036 3609 super

389 3639 545 3700 aegre
591 3622 862 3683 atl'ectum
894 3621 1190 3701 imposita,
1227 3627 1310 3682 uti
1360 3639 1613 3702 nequam
1645 3638 1881 3681 servum
1919 3617 2033 3680 Do-

391 3711 590 3774 minus
615 3713 694 3791 10,
716 3710 1047 3774 daemonem
1075 3711 1389 3790 profugere
1416 3711 1629 3790 coegit.
1656 3711 1852 3789 Atque
1878 3710 2035 3770 hunc

389 3801 628 3881 quidem
664 3807 722 3862 in
752 3802 908 3863 hunc
942 3801 1180 3862 modum
1215 3818 1250 3862 a
1281 3801 1550 3862 daemone
1577 3799 1876 3861 liberavit.

467 3889 636 3953 XLV.
671 3894 750 3953 At
778 3909 914 3951 vero
939 3898 1139 3951 custos
1164 3891 1424 3951 carceris
1453 3908 1588 3950 cum
1615 3907 1826 3950 somno
1868 3889 2032 3949 solu-

389 3987 483 4040 tus
531 3979 908 4050 surrexisset,
944 3997 1135 4058 neque
1167 3979 1353 4039 tilium
1401 3979 1694 4040 columnae
1739 3977 2026 4055 illigatum

389 4067 656 4140 vidisset,
693 4067 1040 4130 existimans
1073 4069 1230 4130 hunc
1262 4088 1296 4130 a
1339 4069 1664 4130 swvissimo
1698 4068 1907 4146 Spiritu
1941 4067 2031 4129 la-

393 4157 627 4237 pidibus
655 4157 912 4236 allisnm,
945 4166 1043 4216 aut
1074 4159 1239 4238 aquis
1271 4158 1654 4238 praefocatum
1696 4174 1848 4229 esse,
1885 4158 2030 4218 flere

390 4247 760 4308 amarissime
813 4247 1011 4327 ccepit,
1068 4249 1399 4328 faciemque
1445 4247 1805 4326 percutiens,
1857 4245 2026 4306 illum

391 4336 791 4399 utimortuum
813 4335 1277 4399 lamentabatur:
1307 4355 1609 4398 carcerem
1626 4345 1817 4396 autem
1844 4353 2023 4396 accu-

389 4431 574 4488 ratius
623 4425 1006 4505 perlustrans,
1041 4443 1112 4486 ac
1161 4428 1287 4502 ejus
1319 4434 1517 4504 patere
1565 4426 1797 4502 januas,
1831 4424 2024 4486 lucem

391 4523 679 4596 praeterea
730 4515 918 4595 ipsam
977 4532 1256 4594 cernens,
1289 4514 1530 4594 capillos
1585 4523 1705 4574 tum
1737 4515 2024 4589 lacerare,

394 4623 546 4682 eque
564 4605 758 4683 capite
779 4603 1144 4682 convellere,
1173 4604 1379 4665 faciem
1407 4604 1544 4665 item
1582 4604 1881 4684 plangere,
1913 4623 2026 4683 pu-

2119 3355 2208 3409 λον
2266 3355 2338 3417 εἰς
2368 3356 2586 3430 οὐρανὸν
2641 3355 2900 3432 καὶὸμμα
2931 3359 3024 3414 καί
3077 3361 3222 3439 νοῦν,
3266 3360 3352 3415 καὶ
3399 3362 3492 3416 τὸν
3537 3358 3751 3435 δυνεὶμε⁸

2119 3466 2207 3499 νον
2283 3441 2520 3521 λεγεῶνα
2576 3447 2890 3518 πνευμάτων
2962 3448 3210 3524 ἐπιτιμᾷν
3278 3448 3746 3524 ἐπικαλεύμενος,

2119 3533 2240 3587 εἶτα
2310 3536 2398 3590 καὶ
2453 3547 2618 3614 χεῖρα
2678 3538 2754 3608 τῷ
2818 3537 3077 3616 πάσχοντι
3119 3539 3310 3620 ἐπιθὶς,
3369 3541 3606 3618 πονηρὸν
3662 3543 3749 3596 οἷα

2118 3621 2301 3678 δοῦλον
2351 3623 2612 3690 δεσπότης
2660 3623 2926 3705 δραπέτην
2955 3629 3049 3684 τὸτ
3098 3626 3317 3703 δαίμονα
3368 3629 3744 3708 ἀπειργάσατο,

2117 3714 2209 3768 καὶ
2236 3713 2418 3770 τοῦτον
2450 3713 2548 3790 μὲν
2577 3714 2742 3777 οὕτως
2773 3726 2865 3776 ¹τοῦ
2895 3715 3138 3792 δαίμονος
3170 3717 3527 3782 ἀπαλλάττει,

2195 3891 2334 3950 ME'.
2381 3891 2442 3950 Ὀ
2493 3890 2546 3948 δὲ
2595 3891 2924 3973 δεσμοφύλαξ
2971 3905 3063 3954 τοῦ
3119 3896 3280 3952 ὕπνου
3340 3895 3626 3961 διαναστὰς
3679 3899 3746 3959 ὡς

2119 3983 2202 4036 τὸν
2259 3983 2366 4037 υἱὸν
2427 3982 2520 4038 οῦκ
2561 3981 2675 4039 εἶδε
2737 3982 3114 4059 προδεδεμένον
3184 3993 3262 4060 τῷ
3316 3988 3482 4059 κίονι,
3536 3988 3748 4063 νομίσας

2115 4071 2249 4126 κατὰ
2321 4074 2524 4148 πετρῶν
2568 4073 2601 4140 ἢ
2645 4071 2762 4128 καθ’
2806 4072 2991 4137 ὕδατος
3061 4076 3164 4132 ὑπὸ
3205 4082 3299 4132 τοῦ
3367 4087 3600 4150 μανικοῦ
3639 4074 3751 4132 δαί-

2113 4181 2272 4232 μονος
2342 4160 2649 4240 ἆπεῤῥῖφθαι
2718 4162 2927 4237 τοῦτον,
2979 4163 3267 4221 ἆνὲκλαοσέ
3338 4187 3396 4221 τε
3471 4165 3596 4222 λίαν
3662 4188 3753 4221 πι-

2110 4250 2257 4324 κρὸν,
2305 4253 2392 4305 καὶ
2461 4251 2521 4305 τὸ
2565 4251 2847 4327 πρόσωπον
2919 4252 3088 4326 τύψας
3160 4255 3232 4319 ὡς
3305 4252 3407 4322 ἤδη
3471 4253 3761 4321 τεθνηκότα

2109 4339 2334 4417 ἐθρήνει,
2395 4336 2854 4415 περιϐλεψάμενος
2913 4339 2967 4397 δὲ
3025 4345 3114 4398 καὶ
3181 4343 3279 4410 τὴν
3337 4343 3586 4422 φυλακην
3643 4341 3759 4398 ἰδὼν

2109 4427 2191 4482 ὄτι
2245 4449 2302 4483 τε
2350 4427 2568 4494 κακείνη
2629 4429 2723 4493 τὰς
2782 4431 2936 4507 θύρας
2996 4430 3260 4512 ἠνὲῳκτο,
3292 4435 3378 4490 καὶ
3432 4439 3546 4511 φῶς
3601 4432 3758 4498 αὐτὴν

2111 4517 2480 4596 περιηύγαζεν.
2541 4516 2793 4596 ’Ἤρξατο
2848 4519 3046 4577 τίλλειν
3094 4523 3188 4584 τὰς
3238 4523 3426 4601 τρίχας
3504 4528 3606 4590 τῆς
3665 4541 3753 4575 κε-

2110 4605 2308 4683 φαλῆς,
2368 4608 2454 4662 καὶ
2524 4609 2586 4662 τὸ
2651 4609 2933 4685 πρόσωπον
2997 4611 3140 4674 αὖθις
3199 4613 3433 4686 τύπτειν,
3504 4611 3756 4690 ἐκπεφευ-

394 4703 523 4756 tans
544 4700 731 4754 virum
765 4702 1029 4754 sanctum
1066 4694 1416 4772 profugisse.
1445 4693 1658 4755 Postea
1681 4711 1816 4753 vero
1849 4711 1996 4772 quan

2145 4694 2256 4750 έναι
2306 4693 2455 4761 δόξας
2515 4698 2600 4753 τὸν
2651 4695 2826 4775 ἅγιον.
2889 4699 2984 4761 Ὠς
3032 4699 3086 4755 δὲ
3146 4701 3449 4777 παρέκυψεν
3508 4701 3647 4757 εἴσω
3681 4720 3748 4755 κα

389 4782 766 4863 introspexit,
789 4801 856 4843 ac
889 4782 1054 4842 illum
1093 4783 1239 4844 inibi
1273 4802 1391 4844 una
1418 4802 1553 4844 cum
1585 4784 1888 4846 Platonico
1919 4801 1996 4843 cat

2145 4781 2218 4839 ῐδε
2279 4791 2460 4842 τοῦτον
2517 4787 2722 4842 ἑστῶτα
2794 4789 2883 4845 καὶ
2937 4787 3152 4870 ᾅδοντα,
3211 4793 3298 4846 καὶ
3355 4792 3447 4847 τὸν
3517 4789 3749 4846 Πλατω-

391 4881 633 4934 nentem
682 4871 1010 4933 consistere
1054 4891 1173 4933 non
1205 4872 1423 4946 solum,
1469 4874 1570 4934 sed
1600 4873 1778 4934 etiam
1837 4871 1996 4932 titiun

2145 4876 2252 4930 ικὸν
2325 4875 2416 4931 σὺν
2488 4877 2652 4950 αὐτῷ,
2699 4879 2758 4935 οὗ
2799 4879 2907 4952 μὴν
2968 4879 3106 4936 ἀλλὰ
3167 4883 3255 4936 καὶ
3298 4881 3386 4936 τὸν
3443 4882 3558 4936 υἱὸν
3616 4880 3751 4948 αῦτῷ

390 4962 520 5042 ejus
549 4961 768 5022 decoro
799 4977 867 5021 ac
909 4961 1184 5040 prudenti
1211 4971 1454 5042 aspectu
1490 4980 1674 5041 prope
1717 4961 1880 5022 illum
1915 4979 1996 5040 poi

2145 4966 2494 5044 αθεστηκότα,
2529 4968 2616 5022 καὶ
2657 4969 2716 5023 ἒν
2747 4974 2927 5042 σεμνῷ
2966 4970 3053 5025 καὶ
3111 4970 3340 5049 σώφρονι
3385 4972 3462 5042 τῷ
3506 4970 3749 5048 σχήματι

391 5050 572 5111 situm
625 5049 796 5120 vidit,
829 5049 958 5129 ejus
984 5050 1250 5113 animum
1301 5059 1506 5131 stupor
1534 5052 1764 5125 invasit,
1799 5069 1864 5112 ac
1919 5069 1996 5112 vel

2145 5077 2214 5130 ξαρ
2257 5055 2540 5128 στάμενον,
2592 5055 2826 5131 θάμϐους
2882 5057 3212 5132 ἒμπίπλαται
3270 5061 3369 5127 τὴν
3425 5059 3639 5138 ψυχὴν,
3672 5054 3754 5111 καὶ

390 5157 522 5201 rum
581 5140 944 5220 conjectans,
997 5140 1181 5201 virum
1227 5143 1454 5221 justum
1500 5141 1848 5203 admiranda
1901 5141 1992 5202 hae

2145 5146 2169 5199 ὸ
2228 5144 2420 5211 ἀληθὲς
2479 5145 2692 5210 εἰκὶσας
2750 5151 3145 5225 Θαυματονργὸν
3210 5151 3350 5205 εἶναι
3408 5150 3501 5204 τὸν
3560 5147 3755 5203 δίκαιον

390 5227 674 5295 edidisse.
707 5246 1050 5301 accnrrens,
1085 5231 1214 5308 ejus
1249 5232 1498 5310 pedibus
1533 5232 1896 5311 provolutus,
1933 5232 2028 5292 ei-

391 5315 523 5375 dem
560 5323 830 5396 tanquam
864 5315 940 5377 de
968 5336 1031 5377 se
1061 5319 1284 5396 optime
1319 5323 1526 5382 merito
1571 5329 1779 5400 partim
1812 5322 2028 5398 gratias

387 5403 614 5480 agebat,
642 5405 852 5483 partim
881 5407 1107 5465 veniam
1142 5427 1244 5484 pro
1277 5408 1349 5469 iis
1372 5430 1502 5488 qum
1531 5414 2024 5490 gesserat,impo—

384 5493 510 5554 sitis
562 5493 646 5554 illi
679 5494 928 5555 vinculis
985 5497 1336 5571 postulabat.
1371 5498 1596 5560 Exinde
1648 5503 1835 5562 multo
1890 5517 2022 5561 cum

465 5669 523 5721 i0
547 5670 727 5734 Marc.
761 5689 814 5748 ν,
839 5670 876 5731 2
905 5689 1073 5753 seqq.

2111 5233 2322 5310 δραμὼν
2380 5241 2699 5310 προσπίπτει
2747 5251 2862 5298 τοῖς
2907 5240 3093 5297 τούτου
3136 5241 3286 5316 ποσὶ,
3336 5247 3490 5297 τοῦτο
3548 5238 3643 5311 μὲν
3674 5233 3752 5314 ἐφ’

2111 5326 2198 5388 οἷς
2245 5326 2519 5381 ἐπεπὸνθει
2580 5326 2934 5405 εὖχαριστών,
2969 5335 3122 5384 τοῦτο
3171 5327 3224 5383 δὲ
3297 5327 3380 5406 ἐφ’
3437 5331 3526 5392 οἷς
3577 5326 3751 5403 ἔδρασε

2110 5413 2276 5488 δεσμὰ
2358 5416 2578 5492 περιθεὶς
2647 5415 2968 5492 συγγνώμην
3040 5418 3218 5489 αἰτῶν,
3269 5419 3356 5474 καὶ
3427 5414 3480 5481 ἐξ
3556 5415 3750 5471 ἐκείνου

2109 5502 2255 5583 φόϐμ
2284 5525 2340 5561 τε
2371 5503 2570 5577 πωλλῷ
2601 5506 2691 5562 τὸν
2719 5505 2871 5582 ἅγιον
2926 5504 3183 5583 διηκόνει,
3210 5509 3296 5564 καὶ
3357 5507 3513 5563 παντὶ
3572 5506 3746 5583 τρὺπῳ
