3918 6138
211 319 311 391 249

1207 321 1396 387 VITA
1440 319 1518 400 S.
1547 321 1918 399 GREGORII
1958 321 2497 388 AGRIGENTINI.

3423 305 3566 396 250,

209 459 263 516 τὰ
322 457 443 536 πρὸς
495 454 772 536 θεραπείαν
825 453 1059 537 ἐνεργεῖν
1127 453 1399 520 ἔσπευδεν.
1464 456 1569 526 Τῆς
1624 457 1756 538 φήμη

1993 473 2108 519 lore
2141 464 2344 520 sancto
2376 455 2502 517 viro
2538 450 2932 536 ministrabat,
2959 451 3134 536 eique
3156 468 3337 515 omne
3363 449 3540 516 obse-

211 551 362 609 τοίνυν
393 548 700 627 πανταχόσε
758 546 1064 615 διαθεούσης
1094 549 1182 605 καὶ
1238 550 1370 626 γυνή
1429 570 1510 613 τις
1566 548 1672 604 τῶν
1725 549 1816 604 εύ-

206 645 371 719 γενῶν,
427 639 700 716 Θυγάτριον
762 637 961 718 ἔχουσα
1032 643 1331 713 συγκῦπτον
1414 638 1612 716 χαμαὶ,
1663 645 1813 696 τοῦτο

209 729 304 803 μεθ’
351 729 532 797 ἔαυτῆς
582 725 839 802 λαϐοῦσα,
891 729 1022 801 πρὸς
1073 729 1164 784 τὸν
1212 727 1365 805 ἅγιον
1405 727 1458 784 ἐν
1506 733 1573 804 τῇ
1603 725 1811 804 φυλακῇ

207 819 400 895 γίνεται,
431 819 518 874 καὶ
565 820 668 874 τῶν
719 818 902 874 τούτου
956 817 1208 892 ἁψαμένη
1267 814 1463 892 ποδῶν,
1527 816 1808 890 Ἐλέησον,

208 907 438 985 {larga-6
466 904 672 964 παιδίον
714 928 840 986 μου,
874 905 1053 982 ὥσπερ
1101 906 1129 962 ὁ
1193 907 1437 983 Χριστὸς,
1499 908 1559 962 οὗ
1608 907 1669 962 σὺ
1716 928 1813 980 μι-

209 997 359 1071 patric
408 998 502 1063 τὴν
564 994 731 1052 πάλαι
784 985 1210 1073 συγκόπτουσαν.
1285 985 1342 1052 Ὀ
1414 993 1469 1051 δὲ
1527 1002 1659 1052 Θεοῦ
1715 995 1813 1070 μὲν

208 1084 297 1142 ἐστι
342 1091 488 1142 τοῦτο
548 1083 736 1160 μόνου,
798 1084 928 1162 πρὸς
985 1083 1152 1151 αὐτὴν
1202 1084 1445 1162 εἴρηκεν
1496 1085 1616 1141 ἐπεὸ⁸
1667 1083 1722 1140 δὲ
1756 1105 1812 1139 σε

207 1177 358 1232 πίστιν
383 1173 712 1231 πλουτοῦσαν
759 1173 858 1240 τὴν
904 1171 1080 1232 πολλὰ
1120 1170 1415 1248 δυναμένην
1472 1177 1601 1248 ὁρῶ,
1633 1175 1812 1230 πάντα

207 1265 287 1342 γὰρ
335 1285 486 1342 φησιν
537 1264 758 1340 Χριστὸς
807 1261 998 1320 δυνατὰ
1035 1265 1113 1336 τῷ
1159 1263 1485 1337 πιστεύοντι,
1535 1263 1808 1332 κατάλλη-

205 1355 282 1410 Ᾱόν
327 1375 412 1410 σω
467 1356 536 1431 τῇ
594 1354 766 1409 πίστει
831 1354 891 1409 τὸ
949 1351 1115 1430 πέρας
1186 1351 1557 1422 ἀκολουθήσει.
1631 1353 1812 1418 Οὕτως

206 1443 360 1516 εἰπὼν,
402 1440 686 1517 εὐξάμενός
742 1463 800 1498 τε
874 1443 960 1497 καί
1031 1453 1199 1522 χεῖρα
1267 1440 1461 1504 ἐπιθεὶς
1530 1449 1598 1518 τῇ
1670 1441 1813 1499 παιδὶ

205 1533 308 1610 ὓγιῆ
359 1529 583 1588 δείκνυσι
642 1540 1001 1612 παραχρῆμα,
1058 1530 1126 1600 ἢν
1184 1533 1218 1599 ἦ
1280 1533 1462 1610 μήτηρ
1493 1535 1812 1609 τεθεραπευ-

205 1623 345 1696 μένην
393 1622 540 1685 εὐθὺς
606 1618 864 1696 λαϐοῦσα,
936 1622 1068 1691 αύτή
1141 1623 1197 1677 τὲ
1271 1627 1446 1702 χαρᾶς
1519 1621 1816 1698 ἒπληροῦτο

205 1711 280 1768 καὶ
344 1712 406 1766 τα
467 1713 575 1777 τῆς
645 1710 985 1791 εὐχαριστίας
1039 1709 1282 1768 ἀπεδίδου
1350 1718 1488 1786 Θεῷ,
1563 1713 1651 1768 καὶ
1725 1713 1815 1768 σὺν

1901 546 2020 627 quii
2052 545 2314 609 ofﬁcium
2351 553 2628 626 praestare
2651 545 2859 609 sedulo
2886 543 3206 607 nitebatur.
3230 541 3542 606 Increbre-

1902 643 2109 697 scente
2157 635 2335 715 igitur
2365 635 2539 712 fama,
2602 644 2662 698 et
2719 636 2944 712 ubique
2999 642 3272 713 vagante,
3327 633 3542 696 mulier

1897 725 2191 807 quaedam,
2265 726 2442 788 claris
2499 733 2630 788 orta
2688 725 3006 806 natalibus,
3072 725 3314 786 ﬁliolam
3377 721 3544 784 humi

1896 823 2250 894 prostratam
2287 813 2538 896 habens,
2569 815 2721 878 hanc
2749 833 2954 877 secum
2987 814 3308 890 arripiens,
3347 811 3540 873 virum

1895 911 2164 965 sanctum
2198 903 2256 964 in
2287 905 2556 967 custodia
2588 906 2758 984 petit,
2795 905 3075 986 illiusque
3109 904 3419 985 complexa
3444 919 3547 982 pe'

1896 993 2041 1056 des:
2078 995 2386 1068 Miserere,
2423 996 2638 1077 inquit,
2672 997 2808 1058 ﬁliae
2841 1015 3010 1070 mete,
3037 995 3541 1077 quemadmodum

1897 1091 1954 1143 et
2002 1083 2372 1159 Christus“,
2405 1086 2575 1165 cujus
2607 1104 2669 1147 es
2719 1085 3007 1165 imitator,
3045 1085 3362 1146 mulierem
3398 1103 3544 1145 con-

1896 1178 2142 1234 tractam
2176 1191 2242 1234 ac
2273 1173 2616 1236 inclinatam
2651 1173 2791 1235 olim
2826 1175 3041 1238 erexit.
3073 1175 3184 1236 ille
3217 1176 3328 1236 hoc
3357 1173 3543 1234 solius

1895 1280 2027 1323 esse
2057 1261 2165 1322 Dei
2192 1262 2528 1342 reSpondit.
2567 1264 3124 1337 Verumenimvero,
3162 1263 3367 1343 inquit.
3405 1281 3540 1323 cum

1897 1358 1952 1412 te
1983 1350 2232 1412 uberem
2265 1370 2333 1412 ac
2366 1353 2726 1432 locupletem
2788 1352 2962 1415 ﬁdem
3013 1353 3238 1415 habere
3285 1351 3540 1432 videam,

1901 1439 2132 1520 (omnia
2164 1440 2459 1521 siquidem
2504 1440 2702 1504 ﬁdelis
2763 1451 3042 1522 prmstare
3103 1443 3319 1521 potest)
3370 1449 3546 1522 aptus

1902 1530 2038 1610 (nec
2102 1529 2160 1590 id
2221 1549 2364 1592 sane
2419 1531 2736 1608 immerito)
2803 1529 2943 1592 ﬁdei
2996 1540 3108 1592 tum
3146 1530 3282 1593 ﬁnis
3328 1529 3548 1591 subsec

1899 1627 2143 1697 quetur.
2173 1621 2320 1683 Cum
2350 1620 2432 1681 ita
2451 1620 2687 1683 locutus
2710 1631 2889 1700 esset,
2916 1621 3128 1702 puellae
3152 1639 3394 1681 manum
3419 1637 3549 1681 ora-

1902 1717 2068 1771 turus
2100 1709 2441 1790 imponens,
2470 1711 2780 1773 confestim
2817 1729 2947 1773 eam
2981 1710 3230 1772 sanitate
3261 1709 3496 1772 donavit
3527 1730 3543 1785 ;

205 1800 314 1866 αὖτῆ
380 1801 476 1869 τῆς
545 1798 728 1858 οἴκαδε
799 1800 1060 1879 φερούσης
1145 1797 1568 1875 ἐπελαμϐάνετο.
1641 1800 1752 1858 Πολ

1991 1817 2033 1859 n
2067 1808 2256 1862 mater
2285 1800 2521 1861 sanitati
2573 1799 2868 1861 redditam
2900 1801 3169 1862 hilariter
3215 1798 3538 1879 accipiens,

202 1895 390 1946 τοιαῦτα
417 1888 494 1946 ἔτι
556 1894 634 1962 τῷ
687 1887 1037 1966 δεσμωτηρίῳ
1090 1891 1274 1967 παρὼν
1322 1893 1614 1970 Γρηγόριος
1648 1890 1749 1947 ’διεσι

1994 1887 2112 1950 ldio
2146 1889 2404 1968 perfusa,
2439 1889 2808 1951 immortales
2863 1893 2984 1953 Deo
3043 1888 3259 1969 gratias
3307 1888 3541 1968 agebat,

203 1977 290 2053 λει,
333 1981 390 2035 οὗ
416 1981 504 2036 καί
560 1979 758 2059 χρόνον
811 1978 933 2035 ὅλον
985 1977 1160 2035 ἐκεῖσε
1193 1976 1574 2058 διενεγκόντος,
1610 1983 1637 2037 ὀ
1666 1982 1750 2038 πά·

1995 1987 2184 2058 :taque
2215 1997 2342 2040 cum
2379 1979 2506 2061 ipsa
2559 1978 2800 2041 domum
2850 1981 3128 2059 perrexit.
3163 1977 3456 2058 Pleraque
3484 1977 3542 2038 id

203 2089 290 2128 πας
338 2074 438 2125 τῶν
490 2067 614 2125 κατ’
672 2070 826 2125 αὐτὸν
883 2068 1062 2147 ὥσπερ
1109 2069 1486 2150 ἀναμνησθείς,
1537 2069 1750 2146 pernix}

1996 2085 2088 2127 ius
2119 2067 2234 2128 alia
2270 2069 2593 2148 Gregorius
2620 2087 2862 2133 carcere
2891 2068 3382 2130 adhucdetentus
3413 2066 3506 2129 edi
3528 2101 3543 2114 -

202 2179 277 2214 τον
326 2158 409 2213 τὸν
464 2156 574 2225 ἤδη
622 2155 880 2221 πολλάκις
929 2155 1150 2234 ῥηθέντα
1202 2158 1414 2236 Μάρκον
1443 2159 1633 2220 ἐποίει.
1669 2160 1749 2217 Ἐῖ

2003 2205 2014 2218 .
2048 2155 2154 2218 Hic
2181 2176 2314 2218 cum
2349 2177 2586 2220 omnem
2615 2160 2744 2240 ejus
2770 2167 2999 2221 aetatem
3023 2158 3249 2220 ibidem
3273 2165 3545 2218 constan-

205 2244 276 2300 οὖν
329 2248 411 2302 καὶ
476 2245 721 2325 ἀφίκετο,
795 2247 887 2302 σὺν
956 2247 1090 2324 ὀργῇ
1160 2250 1290 2324 πρὸς
1375 2249 1532 2304 αυτὸν
1617 2249 1752 2306 ἐκεϊκ

1993 2245 2136 2308 sime
2166 2248 2429 2309 victurus
2463 2256 2640 2322 esset,
2668 2249 2927 2328 pontifex
2952 2267 3104 2310 max.
3126 2266 3259 2325 quae
3283 2247 3344 2309 in
3377 2247 3540 2308 illum

206 2336 355 2392 πάντα
413 2335 480 2392 τὰ
547 2337 686 2392 κατὰ
755 2335 846 2392 τὸν
916 2333 1208 2414 Γρηγόριον
1260 2334 1475 2411 διεξήει,
1542 2337 1689 2401 ὅπως

2002 2344 2132 2398 latae
2158 2336 2390 2399 fuerant
2411 2337 2802 2400 contumelias
2832 2337 3543 2416 reminiscens,Marcum,

207 2423 276 2480 ὂέσ
315 2446 387 2487 to;
441 2426 574 2503 παρ’
631 2427 790 2482 αὐτὸν
843 2425 1018 2504 ἢχθη,
1072 2425 1156 2482 ἐπὶ
1207 2428 1421 2500 πορνείᾳ
1461 2424 1613 2494 δῆθεν
1643 2427 1754 2484 ἑαλι

2001 2443 2080 2487 3m
2113 2427 2257 2489 alias
2287 2446 2444 2506 saepe
2495 2429 2972 2506 memoravimus,
3041 2426 3378 2490 accersivit.
3435 2424 3548 2497 Qui

207 2513 306 2587 κὸς,
335 2515 418 2571 καὶ
446 2514 599 2577 ὅπως
630 2515 758 2592 παρ’
805 2514 960 2574 adeo;
1003 2517 1074 2577 εἱς
1119 2516 1181 2571 τὸ
1252 2514 1615 2596 δεσμωτήριον
1683 2541 1754 2574 πα

2001 2534 2041 2575 τι
2069 2526 2281 2597 przesto
2298 2518 2366 2579 ad
2379 2519 2603 2597 fuisset,
2626 2537 2745 2578 non
2769 2519 2897 2579 sine
2922 2515 3327 2596 indignatione
3347 2513 3548 2575 omnia

207 2602 422 2682 επὲμφθη
474 2605 572 2686 καὶ
629 2605 702 2667 είς
759 2603 834 2659 ἔτι
889 2603 983 2659 καὶ
1041 2611 1128 2661 νῦν
1175 2606 1306 2682 πρὸς
1363 2607 1430 2674 τῇ
1462 2606 1671 2686 φυλακῇ
1701 2606 1748 2663 δι

2000 2613 2112 2669 itra
2140 2606 2489 2685 Gregorium
2544 2616 2671 2670 acta
2722 2608 2999 2680 narravit,
3043 2603 3547 2684 quemadmodum

207 2706 446 2771 καρτερεῖ.
511 2684 576 2751 Ὀ
635 2690 689 2748 δὲ
748 2693 958 2771 Μάρκος
1017 2693 1158 2771 μέγα
1215 2684 1486 2774 στενάξας,
1547 2693 1660 2763 ἤδει
1724 2721 1754 2774 γ

1998 2684 2284 2758 adulterio
2310 2696 2739 2778 deprehensus,
2766 2697 2995 2758 vinctus
3018 2695 3088 2757 ad
3115 2714 3180 2757 se
3204 2693 3545 2774 perductus,

210 2783 286 2838 οἷα
311 2781 418 2839 καθ’
483 2782 611 2840 οἴου
665 2780 902 2861 λέγεται,
937 2780 1097 2848 δῆλος
1128 2783 1193 2850 ἧν
1225 2784 1344 2846 τοὺς
1377 2785 1510 2842 κατὰ
1538 2788 1757 2864 Γρηγορί

2004 2804 2090 2868 [ue
2120 2804 2423 2848 carcerem
2458 2805 2490 2848 a
2513 2805 2577 2848 se
2595 2785 2872 2848 detrusus
2900 2783 3234 2857 fuisset,ubi
3259 2785 3551 2845 hactenus

206 2871 472 2946 ῥάψαντας,
501 2869 622 2946 ἅμα
651 2869 705 2926 δὲ
764 2873 850 2928 καὶ
903 2873 1024 2936 τοὺς
1079 2874 1386 2937 πεισθέντας
1453 2874 1753 2951 ἀποκλαιόμ

2004 2876 2194 2938 ιιοάἰίς
2226 2884 2454 2955 septus,
2485 2875 2774 2956 patienter
2806 2875 3110 2955 perdurat.
3141 2873 3290 2937 Tum
3319 2872 3551 2935 Marcus

208 2982 296 3035 νος,
330 2963 412 3017 καὶ
444 2958 601 3018 ούδέν
655 2959 853 3039 ἕτερον,
913 2961 948 3028 ἢ
1006 2960 1218 3018 Γένοιτό
1249 2984 1365 3042 μοι,
1398 2961 1523 3042 ἔφη,
1584 2965 1620 3031 ⁵η
1651 2967 1755 3042 μερ¹

2004 2967 2196 3027 λθιηυὶι
2225 2965 2636 3029 vehementer.
2669 2964 2927 3028 Noverat
2957 2965 3143 3034 enim,
3184 2981 3551 3046 quaecunque

208 3050 244 3105 ὦ
301 3049 556 3121 δέσποτα,
616 3052 652 3118 ἡ
715 3049 831 3125 μετ’
889 3052 1070 3124 αὐτοῦ,
1133 3049 1343 3108 ἐπειδὰν
1392 3065 1464 3117 εἱς
1526 3056 1694 3132 κρίσιν
1751 3079 1755 3089 ε

2002 3054 2161 3115 illum
2191 3055 2559 3131 dicerentur,
2600 3065 2945 3136 perspectos
2969 3073 3038 3116 ac
3060 3054 3396 3134 exploratos
3417 3052 3549 3114 illos

207 3147 349 3214 κοινῷ
413 3145 578 3218 κριτῇ
649 3141 1076 3217 παρασταίημεν.
1141 3142 1334 3199 Τοῦτον
1404 3165 1496 3200 τον
1567 3143 1726 3221 λόγον

2000 3143 2184 3225 bebat,
2219 3147 2318 3226 qui
2343 3146 2469 3208 haec
2501 3155 2706 3208 contra
2732 3143 3080 3225 Gregorium
3109 3143 3547 3216 conﬂuxerant,

209 3230 402 3294 πάπποις
472 3232 552 3293 ὡς
625 3228 871 3306 ἤκουσεν,
947 3231 1102 3286 οἱονεὶ
1171 3233 1232 3287 τὸ
1288 3231 1436 3308 ῥῆμα
1497 3230 1756 3299 δυσωπηθι

2007 3233 2210 3311 iulque
2227 3232 2302 3296 ab
2325 3234 2421 3296 his
2448 3253 2766 3316 persuasos
2792 3233 3362 3315 deplorabat,neque
3388 3231 3554 3314 quid—

206 3319 290 3406 την
354 3322 484 3376 κατὰ
577 3327 668 3376 τοῦ
750 3320 1039 3397 Γρηγορίου
1121 3324 1456 3400 πεμφθεῖσαν
1539 3322 1753 3379 ἐπιστολ

2004 3341 2084 3384 am
2110 3323 2266 3384 aliud
2291 3324 2509 3400 aiebat,
2537 3343 2748 3406 quam:
2777 3326 2824 3387 Ο
2848 3324 3096 3394 utinam.
3133 3322 3399 3394 domine,
3426 3339 3551 3402 par-

209 3405 388 3468 ἒδείκνυ
448 3417 531 3484 τῷ
585 3411 806 3486 Μάρκῳ,
867 3408 1046 3485 ὥσπερ
1102 3409 1558 3491 ἀπολογούμενος,
1613 3411 1692 3468 ὅτι
1749 3437 1756 3487 ι

2004 3431 2028 3472 n
2062 3421 2120 3474 et
2151 3413 2295 3475 mibi
2328 3415 2507 3476 liceat
2535 3405 2654 3476 una
2684 3433 2820 3476 cum
2856 3414 2985 3494 ipso
3033 3412 3197 3474 adire
3243 3411 3551 3474 calamita-

207 3498 306 3565 είκῆ
356 3498 452 3556 καὶ
513 3500 590 3563 ὡς
648 3497 838 3578 ἔτυχεν
895 3497 1032 3554 ἀλλὰ
1093 3513 1211 3561 τοῖς
1271 3499 1408 3556 οὕτω
1478 3499 1596 3557 κατ’
1670 3505 1754 3560 αὐτ

2006 3521 2057 3576 n,
2091 3503 2328 3584 quando
2361 3504 2434 3565 ad
2465 3506 2801 3566 communis
2824 3503 3048 3584 judicis
3102 3502 3385 3564 subsellia
3431 3511 3553 3562 sta-

205 3588 578 3664 γεγραμμὲνοις
661 3591 749 3644 καὶ
831 3589 988 3652 αὐτὸς
1075 3589 1379 3663 πιστεύσας,
1464 3589 1559 3647 οὒκ
1628 3590 1752 3668 ἕκρυ

2007 3590 2027 3652 i
2056 3609 2282 3654 sumus.
2319 3592 2485 3654 Hunc
2515 3612 2853 3655 sermonem
2895 3612 3028 3653 cum
3053 3591 3316 3671 pontifex
3348 3591 3552 3652 audis-

205 3675 479 3736 ἀκόλαστον
554 3679 615 3733 τὸ
686 3677 1060 3754 πεπραγμένον
1138 3677 1482 3738 καταλιπεῖν.
1559 3678 1749 3737 Ἐπελθ

2010 3681 2117 3756 ,uti
2141 3681 2436 3761 ejusmodi
2453 3682 2649 3743 verbis
2669 3682 2925 3762 graviter
2947 3679 3550 3759 oﬂ'cnsus,epistolam

205 3763 250 3820 δὲ
286 3768 379 3834 τὴν
430 3765 725 3835 ἐπιστολήν
782 3769 810 3824 ὃ
869 3767 1101 3846 Μάρκος,
1159 3769 1248 3824 καὶ
1302 3768 1479 3839 ὥσπερ
1536 3768 1752 3846 ἐγγελάε

2027 3769 2382 3849 Gregorium
2439 3773 2719 3852 scriptam
2764 3772 2961 3833 eidem
2998 3770 3282 3845 ostendit,
3343 3777 3555 3830 utnon

204 3869 305 3918 τοῖς
332 3855 752 3935 γεγραμμένοις,
814 3857 1124 3934 Πράγμασιν
1178 3859 1388 3934 αὖτοϊς,
1447 3857 1572 3937 ἔφη,
1630 3857 1751 3914 ὧδὲ

2003 3878 2144 3920 nere
2173 3877 2236 3920 se
2265 3869 2366 3922 aut
2425 3860 2761 3924 inconsulto
2809 3878 3159 3942 persuasum
3207 3867 3550 3922 excusaret:

207 3967 348 4021 ποτα,
419 3947 766 4025 ἐπιτρεπτέον
835 3949 899 4004 τὰ
966 3945 1085 4004 κατ’
1157 3950 1313 4005 αὑτὸν
1368 3951 1456 4006 καὶ
1528 3949 1754 4016 ἐξεταστε

2008 3949 2019 4009 l
2049 3948 2120 4010 iis
2155 3949 2368 4012 litteris
2395 3959 2676 4032 tanquam
2714 3950 3051 4012 testimonio
3075 3949 3229 4010 bene
3261 3948 3555 4028 locuplete

206 4049 306 4101 τοῖς
369 4035 594 4101 δικαίοις
638 4035 1047 4117 ἀκολουθοῦντα,
1115 4039 1204 4094 καὶ
1272 4040 1391 4095 τότε
1449 4039 1576 4115 εἴσῃ
1650 4061 1753 4121 σαιρ

2012 4057 2038 4098 ri
2075 4047 2190 4100 tam
2225 4039 2512 4101 nefariam
2542 4040 2925 4120 injudicatam
2958 4038 3246 4102 noluisse.
3292 4037 3559 4101 Perlecta

207 4128 306 4191 οἷος
337 4126 430 4199 μὲν
461 4125 637 4198 οὗτος,
698 4125 813 4182 εἴτε
873 4127 1069 4197 πόρνης
1129 4125 1304 4206 φίλος,
1368 4127 1484 4184 εἴτε
1543 4127 1678 4185 ἀλλὰ
1751 4154 1754 4200 ι

2009 4147 2107 4188 ,cm
2170 4127 2426 4208 epistola
2480 4127 2730 4203 Marcus,
2780 4147 2848 4190 ac
2892 4129 3048 4190 velut
3081 4147 3148 4189 ea
3177 4147 3309 4209 quas
3341 4126 3556 4206 scripta

208 4212 350 4273 πλέον
405 4216 538 4292 ἐρῶ,
599 4215 781 4292 γνώσῃ
837 4213 891 4270 δὲ
925 4215 1010 4270 καὶ
1059 4217 1216 4278 αὖτὸς
1241 4217 1436 4295 τάχος,
1470 4218 1514 4272 εἰ
1543 4215 1598 4273 δὲ
1628 4217 1748 4274 θέλο

2006 4225 2104 4291 int,
2141 4217 2424 4297 irridens,
2463 4217 2862 4299 Rebusipsis,
2920 4219 3133 4299 inquit,
3195 4238 3230 4278 o
3289 4217 3553 4288 domine,

265 4308 279 4325 ι
348 4303 407 4324 νει
923 4304 935 4322 ι
1128 4303 1143 4321 ε
1242 4305 1256 4323 κ
1380 4305 1391 4326 ν
1523 4308 1536 4326 ο
1634 4307 1646 4328 r

208 4325 290 4360 και
344 4324 444 4371 ηοη
503 4304 765 4382 ἔγνωκας.
827 4306 1040 4368 Φθασας
1096 4303 1149 4358 δε
1208 4327 1297 4361 τον
1329 4303 1488 4383 λογον
1519 4327 1544 4362 ο
1576 4329 1755 4364 παππε

2011 4325 2120 4368 nec
2165 4307 2430 4368 convicia
2481 4319 2618 4368 sunt
2665 4309 3080 4388 expendenda,
3124 4306 3558 4386 diligenterque

209 4390 348 4473 Οἶδα,
406 4393 534 4474 ἔφη,
593 4394 677 4448 καὶ
733 4393 891 4456 αὐτὸς
953 4391 986 4448 ἃ
1039 4391 1206 4470 βούλῃ
1261 4392 1460 4472 λέγειν,
1515 4396 1756 4473 φησίν,ἒ

2016 4415 2180 4457 snam
2208 4397 2496 4476 justitiam
2528 4407 2830 4479 sequatur,
2889 4397 3365 4473 disquirendum.
3406 4394 3557 4456 Tum

210 4481 362 4552 πολλή
393 4505 473 4543 τις
502 4485 573 4550 ἦν
603 4484 636 4550 ὴ
666 4483 777 4538 θεία
809 4481 968 4562 χάρις
1018 4483 1135 4558 περὶ
1194 4484 1365 4558 αὐτὸν,
1427 4482 1548 4539 ἀλλ’
1604 4485 1757 4544 ύλισθ

2010 4485 2020 4545 i
2051 4485 2275 4565 liquido
2311 4486 2556 4565 patebit,
2592 4489 2780 4568 qualis
2813 4487 2898 4548 vir
2929 4485 3004 4548 sit
3033 4487 3251 4558 iste,an
3295 4493 3557 4546 scortum

211 4589 378 4632 σαντος
431 4570 638 4639 δηλαδή
699 4573 786 4628 καὶ
841 4572 974 4638 αύτή
1030 4571 1261 4638 ἀπέστη,
1339 4574 1433 4631 Καὶ
1493 4582 1657 4631 ταῦτα
1731 4599 1758 4649 μ

2038 4574 2198 4636 aliud
2231 4576 2399 4652 quid,
2437 4595 2509 4636 ne
2543 4579 2714 4653 plura
2749 4577 2969 4642 dicam.
3004 4575 3330 4656 depereat;
3373 4593 3558 4654 agno-

212 4659 398 4724 ἒκεῐνος
424 4665 519 4718 οἷα
547 4660 612 4727 δὴ
643 4659 914 4739 ἄνθρωπος
964 4662 1040 4734 μὴ
1096 4659 1309 4736 βλέπων
1367 4663 1431 4717 τὰ
1492 4660 1638 4738 ὄντα,
1693 4687 1759 4740 μτ

2008 4682 2045 4724 με
2076 4671 2135 4726 et
2160 4664 2285 4744 ipse
2317 4666 2626 4746 protinus;
2662 4666 2711 4725 si
2743 4665 3022 4745 volueris,
3070 4673 3126 4726 et
3159 4665 3282 4744 jam
3327 4682 3555 4741 cogno-

213 4746 274 4809 εἷς
301 4749 528 4824 καρδίαν,
564 4750 638 4813 ὥς
670 4771 831 4828 φησιν
861 4752 888 4805 ὁ
917 4752 1062 4814 θεῖος
1098 4749 1284 4827 λόγος,
1318 4753 1478 4828 ὁρῶν,

2012 4753 2067 4814 ti.
2101 4751 2240 4830 Ejus
2265 4757 2591 4816 orationem
2631 4755 2892 4835 pontifex
2926 4754 3294 4834 interpellat,
3333 4773 3397 4813 se
3429 4770 3559 4830 quae

211 4833 300 4896 ille
324 4837 587 4900 dicturus
641 4846 818 4914 esset,
851 4838 1030 4918 scire,
1065 4857 1283 4918 nempe
1336 4858 1604 4918 magnam
1664 4859 1803 4921 erga
1845 4841 2014 4904 illum
2053 4843 2161 4906 Dei
2217 4833 2674 4906 beneficentiam
2729 4844 3050 4919 exstitisse,
3085 4843 3191 4904 sed
3251 4843 3349 4904 illo
3407 4840 3562 4902 foede

213 4923 448 5004 labente,
481 4945 718 5008 pessum
762 4947 996 5008 quoque
1054 4929 1240 5007 ipsam
1292 4929 1531 4992 abiisse.
1590 4929 1659 4992 Et
1716 4932 1840 4992 haec
1886 4931 1988 4993 ille
2047 4931 2287 5014 quidem
2341 4943 2402 4995 ut
2435 4935 2752 5009 humanus,
2789 4953 2922 4994 cum
2975 4951 3101 4994 rem
3136 4938 3200 4992 ut
3258 4938 3405 5004 erat,
3439 4947 3560 4990 non

214 5017 578 5097 perspiceret,
611 5034 804 5096 neque
833 5035 938 5078 cor
969 5019 1051 5096 (ut
1075 5035 1275 5079 sermo
1296 5017 1534 5080 divinus
1563 5019 1756 5095 habet)
1788 5019 2147 5083 intueretur.

278 5099 420 5179 mg".
455 5108 595 5165 Εἶτα
623 5109 712 5162 καὶ
764 5109 880 5185 περὶ
932 5115 1023 5164 τοῦ
1076 5108 1190 5169 πῶς
1221 5105 1273 5164 δὲ
1320 5111 1582 5187 χρήσεται
1617 5116 1824 5188 Γρηγο-

2014 5110 2457 5172 I{LVlLDeinde
2479 5131 2640 5185 cum,
2663 5110 2946 5190 quidnam
2984 5109 3058 5168 de
3090 5107 3374 5186 Gregorio
3406 5105 3561 5169 esset

209 5195 290 5268 ρίῳ
341 5194 637 5269 σύμϐουλον
705 5200 795 5251 τὸν
867 5197 1078 5273 Μάρκον
1153 5196 1339 5253 ἐποίει.
1436 5191 1492 5254 Ὀ
1563 5195 1614 5253 δὲ
1687 5199 1756 5254 αὖ

2014 5200 2310 5268 tuendum,
2335 5199 2593 5261 Marcum
2620 5200 2678 5260 in
2704 5199 3019 5259 consilium
3040 5197 3436 5267 adhibuisset,
3463 5197 3561 5259 ille

209 5281 523 5340 συνεϐούλεδε
577 5288 715 5360 μήτε
773 5288 940 5362 χωρὶς
997 5295 1184 5344 τοῦτον
1231 5293 1323 5343 τοῦ
1367 5287 1604 5363 μεγάλου
1649 5289 1750 5366 ἱερέ

2009 5289 2225 5348 isilium
2259 5291 2448 5359 dedit,
2502 5308 2622 5350 non
2671 5288 2894 5369 absque
2952 5305 3164 5366 magno
3224 5285 3556 5362 sacerdote,

210 5371 288 5439 τῆς
341 5375 579 5453 μεγάλης
639 5378 774 5445 ωημί
826 5376 1020 5452 κρίνειν
1080 5375 1313 5446 πόλεως,
1373 5379 1510 5451 μήτε
1565 5378 1674 5450 μὴν
1738 5402 1757 5434 τ

2011 5377 2186 5448 'elsaa,
2223 5377 2488 5458 inquam,
2521 5379 2801 5451 civitatis,
2836 5377 3084 5456 ejusque
3117 5393 3259 5454 rege
3279 5375 3558 5454 judican-

211 5460 446 5529 βασιλέως
521 5465 699 5544 αὒτοὸ,
776 5464 894 5519 ἀλλ’
968 5464 1380 5545 ἀποστείλαντα,
1459 5469 1546 5522 καὶ
1604 5469 1722 5532 τοὺς

2008 5488 2056 5529 ιη
2085 5487 2237 5533 esse.
2273 5469 2602 5553 Propterea
2630 5471 2793 5532 illum
2821 5471 2963 5532 dare
2986 5487 3226 5551 operam
3260 5476 3555 5550 oportere,

282 5652 330 5703 ti
357 5653 496 5718 Luc.
531 5671 656 5736 xm,
691 5655 758 5717 11
793 5672 964 5736 seqq.
