3918 6138
172 295 306 380 251-

1475 317 1640 384 ΜΕΝ
1645 319 1760 384 SIS
1799 315 2244 388 NOVEMBER.

3418 303 3562 390 252‘

175 463 238 518 nt
263 455 557 526 delatores
588 463 748 546 ipsos
768 484 900 530 cum
926 467 1219 530 mandatis
1243 461 1800 543 remitteret,simul-

1973 461 2220 539 τηγὸρους
2275 458 2664 539 συναγαγόντα,
2727 459 2814 518 καὶ
2874 458 2971 530 τὴν
3027 459 3324 543 λεγομένην
3387 485 3530 539 συμο

172 567 290 629 que
339 553 673 624 mulierem,
738 559 909 638 cujus
964 561 1152 639 stupri
1211 555 1686 627 insimulabatur,
1737 571 1805 614 ac

174 657 310 701 eum
329 660 503 722 quem
520 646 577 706 in
592 648 720 726 ejus
744 648 936 709 locum
957 650 1323 711 sacerdotem
1350 645 1798 711 substituerent,

174 747 406 792 necnon
428 736 802 799 mandatores
823 758 1030 800 omnes
1057 739 1394 818 Byzantium
1421 733 1804 798 deducendos

172 831 612 904 curareteaque
629 828 1132 902 quemadmodum
1166 847 1296 890 sese
1328 827 1646 901 habebant,
1675 842 1805 904 quae

171 920 378 998 contra
421 933 717 996 quemque
765 917 1018 979 dicenda
1080 927 1299 986 essent,
1366 915 1801 998 praescriberet.

171 996 308 1060 Hinc
328 1021 463 1062 cum
491 1006 751 1082 pontifex
779 1008 1283 1088 max.utiliajuxta
1305 996 1380 1070 ac
1407 1015 1807 1068 consentanea

171 1089 370 1150 omnia
401 1093 750 1169 censuisset,
789 1098 922 1158 hinc
956 1098 1150 1165 mittit,
1180 1106 1299 1158 tum
1334 1097 1433 1178 qui
1457 1098 1751 1159 delatores
1773 1117 1805 1160 e

167 1179 372 1241 Sicilia
429 1184 745 1261 profectos.
804 1187 875 1247 ad
937 1189 1324 1266 quaestionem
1383 1207 1453 1250 ac
1508 1189 1804 1268 judicium

167 1269 552 1344 abducerent,
590 1284 709 1336 tum
755 1278 854 1355 qui
887 1277 1111 1339 litteras
1163 1277 1514 1356 patriarchae
1572 1279 1807 1359 ipsique

167 1362 291 1438 regi
349 1362 888 1446 Constantinopolis
945 1367 1249 1429 afferrent.
1312 1367 1379 1428 Hi
1439 1375 1632 1428 autem
1685 1369 1806 1430 duo

169 1459 338 1513 erant
367 1454 656 1532 episcopi,
691 1456 794 1526 qui
828 1465 999 1516 antea
1047 1457 1270 1537 synodo
1303 1459 1478 1518 etiam
1511 1457 1805 1519 interfue-

166 1550 321 1603 rant.
355 1542 540 1604 Porro
571 1563 673 1606 rex
706 1547 970 1618 itemque
1022 1547 1377 1626 patriarcha,
1436 1548 1696 1616 acceptis
1739 1566 1807 1609 ac

1887 555 2144 631 φθαρῆναι
2201 564 2451 628 γυναῖκα,
2513 551 2571 608 οὒ
2629 552 2739 626 μὴν
2793 551 2929 609 ἀλλὰ
2987 555 3075 610 καὶ
3131 552 3188 608 ὃν
3232 549 3347 610 ἀντ’
3376 555 3534 610 αὐτού

1889 639 2270 718 προϐάλλονται
2330 640 2491 720 ἱερέα,
2555 642 2740 705 αὖτοὺς
2795 663 2850 697 τε
2909 645 3109 707 πάντας
3167 642 3220 707 ἐς
3266 643 3367 710 τὴν
3424 644 3530 699 Βύ-

1886 737 2071 800 ζαντος
2129 730 2386 808 πέμπειν,
2443 732 2531 788 καὶ
2587 731 2650 787 τᾶ
2709 729 2828 787 κατ’
2877 733 3062 795 αὖτοὺς
3113 732 3292 811 ὥσπερ
3343 732 3530 814 ’έχουσι

1885 820 2020 875 κατὰ
2077 818 2234 896 μέρος
2291 820 2530 899 γράφειν,
2588 820 2658 877 "A
2717 819 2782 887 δὴ
2836 823 2920 876 καὶ
2977 821 3305 900 συμφέροντα
3349 825 3530 900 κρίνας

1887 910 1914 964 ὁ
1971 909 2213 976 πάπποις,
2268 908 2411 965 ἔνθεν
2467 909 2566 984 μὲν
2625 907 2831 964 στέλλει
2889 911 3009 974 τοὺς
3072 911 3176 966 ἀπὸ
3249 911 3527 987 Σικελίας,

1884 997 2004 1062 τοὺς
2063 996 2389 1074 κατηγόρους
2449 995 2768 1077 ἀπάξοντας,
2831 997 3032 1055 ἐκεῖθεν
3091 997 3145 1054 δὲ
3195 999 3312 1065 τοὺς
3361 1001 3534 1079 γράμ-

1888 1109 2031 1156 ματα
2082 1088 2210 1162 πρὸς
2290 1089 2380 1142 τὸν
2437 1087 2692 1166 ἀρχιερέα
2755 1087 3363 1154 Κωνσταντινουπόλεως
3440 1091 3534 1146 καὶ

1889 1177 2046 1234 αὐτὸν
2102 1175 2322 1252 βασιλέα
2379 1178 2718 1250 ναμίσοντας.
2779 1177 2931 1234 Οὗτοι
2991 1177 3044 1233 δὲ
3097 1177 3193 1256 ἄρα
3243 1179 3378 1246 ἦσαν
3424 1185 3532 1235 τῶν

1889 1265 2194 1323 ἐπισκόπων
2255 1268 2302 1321 οἱ
2361 1265 2470 1341 δύο,
2530 1266 2733 1329 οἵτινες
2790 1267 3159 1345 καὶπρότερον
3189 1271 3244 1322 ἓν
3305 1269 3372 1336 τῇ
3402 1290 3532 1325 συν-

1889 1353 1993 1430 όδῳ
2023 1356 2445 1433 παρα-γεγονότες
2505 1357 2774 1436 ὑπῆρχον.
2833 1347 2889 1414 Ὀ
2952 1355 3005 1414 δέ
3059 1356 3305 1433 βασιλεὺς
3364 1359 3450 1414 καὶ
3505 1361 3534 1414 ὁ

1893 1448 2254 1526 πατριάρχης,
2326 1446 2391 1501 τὰ
2461 1452 2680 1502 τοιαῦτα
2749 1443 3020 1522 δεξάμενοι
3087 1447 3375 1522 γράμματα
3443 1449 3535 1504 καὶ

1891 1536 2227 1612 ἀναγνόντες,
2293 1535 2488 1592 ἇπίστα
2545 1535 2718 1591 πάντα
2773 1537 2839 1591 τὰ
2899 1535 3032 1592 κατᾶ
3090 1538 3181 1591 τὸν
3244 1539 3536 1614 Γρηγόριον

169 1631 447 1706 perlectis
462 1637 752 1713 ejusmodi
780 1623 1234 1717 litteris,falsum
1259 1646 1317 1699 et
1341 1639 1579 1699 omnino
1605 1637 1800 1700 incre-

1973 1627 2186 1694 ήσαντο.
2248 1625 2447 1698 ⁸Ὀμως
2505 1627 2532 1680 ὁ
2593 1625 2690 1699 μὲν
2741 1624 2988 1700 βασιλεὺς
3047 1623 3253 1681 στέλλει
3285 1628 3398 1682 ma
3426 1633 3535 1683 τῶν

167 1718 351 1782 dibile
372 1723 622 1798 crimen,
649 1727 816 1805 cujus
847 1713 1167 1806 Gregorius
1192 1728 1567 1788 insimulatus
1594 1727 1800 1809 fuerat,

1974 1715 2197 1770 ιοτάτων
2257 1715 2544 1791 σπαθάριον
2614 1716 2913 1793 Μαρκιανὺν
2979 1713 3115 1771 οὕτω
3181 1713 3530 1790 καλούμενον,

161 1809 597 1890 judicaverunt.
646 1801 933 1888 Quocirca
971 1801 1078 1878 rex
1130 1818 1451 1892 quemdam
1509 1816 1582 1878 ab
1642 1801 1800 1895 regio

1973 1803 2094 1859 μλλει
2153 1801 2206 1859 δὲ
2262 1811 2444 1859 τοῦτον
2491 1803 2695 1878 σύναμα
2744 1816 2860 1868 τοῖς
2907 1804 3252 1868 ἐπισκόποις.
3310 1804 3532 1862 Στέλλει

167 1905 625 1966 armamentario
685 1925 938 1986 persano
995 1890 1378 1978 familiarem,
1446 1890 1800 1968 Marcianum

2000 1893 2086 1948 καὶ
2141 1895 2170 1948 ὁ
2230 1894 2566 1972 ποτριάρχης
2623 1893 2712 1948 τὸν
2759 1913 2816 1947 τε
2869 1890 3130 1970 Ἀγκύρας
3162 1891 3411 1972 πρὸεδρον
3441 1896 3534 1950 καὶ

167 1991 434 2073 nomine,
471 2014 586 2056 una
613 1983 748 2056 cum
785 1997 1084 2076 episcopis
1114 2001 1364 2057 Romam
1403 1996 1656 2057 remisit.
1691 1995 1800 2056 Pa«

1973 1983 2110 2053 ζίκου
2166 1983 2252 2038 καὶ
2307 1985 2398 2038 τὸν
2458 1983 2726 2060 Κορίνθο),
2800 1983 2877 2038 ναὶ
2934 1983 3040 2056 μὴν
3099 1983 3188 2039 καὶ
3245 1993 3535 2042 Κωνσταν-

171 2069 432 2144 triarcha
461 2083 666 2146 itidem
700 2069 964 2166 Ancyrae.
995 2069 1200 2167 ‘Cyzici
1247 2106 1315 2147 ac
1343 2085 1608 2148 Corinthi
1649 2103 1800 2160 prre-

1977 2097 2058 2147 ov,
2117 2075 2175 2130 δν
2235 2071 2616 2152 χαρτοφύλακα
2671 2085 2788 2136 τοῖς
2851 2069 3074 2134 πολλοῖς
3132 2074 3350 2140 σύνηθες
3404 2075 3536 2130 όνο-

170 2170 352 2251 sules,
389 2173 604 2248 quibus
635 2177 887 2237 accessit
916 2177 1364 2254 Constantinus,
1395 2195 1570 2255 quem
1622 2175 1806 2255 pleri-

171 2279 287 2338 que
315 2279 349 2322 a
378 2261 594 2326 libellis
624 2265 1026 2342 appellabant,
1059 2267 1233 2345 cujus
1264 2265 1486 2326 mentio
1530 2264 1806 2342 superius

169 2360 260 2415 est
288 2351 460 2432 facta,
492 2355 667 2415 simul
700 2355 1054 2416 destinavit:
1108 2354 1482 2426 mandantes,
1543 2364 1610 2415 ut
1639 2352 1700 2414 hi
1729 2352 1804 2413 ad

167 2442 342 2503 latam
373 2462 561 2524 usque
584 2445 960 2513 sententiam,
992 2444 1504 2525 quaestionemque
1528 2441 1804 2524 persolu-

169 2541 307 2599 tam,
340 2532 696 2610 Gregorium
717 2552 920 2597 secum
948 2533 1261 2594 haberent.

245 2620 453 2685 XLVI.
511 2621 557 2685 li
589 2642 722 2684 cum
753 2624 1004 2686 Romam
1038 2622 1344 2694 adiissent,
1379 2620 1620 2698 contigit
1648 2623 1803 2683 Mar-

166 2711 398 2771 cianum
427 2711 774 2787 gravissimo
809 2711 1018 2773 morbo
1048 2711 1338 2782 amictari,
1404 2709 1482 2771 ita
1525 2716 1586 2770 ut
1635 2727 1803 2789 spem

167 2798 244 2860 de
275 2797 432 2858 illius
455 2799 570 2859 vita
598 2798 816 2861 medici
852 2818 1092 2861 omnem
1148 2799 1579 2862 destituerem:
1636 2798 1805 2874 cujus

167 2886 257 2949 rei
288 2905 467 2948 causa
495 2886 708 2966 ingens
753 2889 1065 2970 episcOpos
1094 2888 1267 2949 dolor
1317 2889 1636 2950 invaserat.
1676 2886 1804 2948 Mox

166 2995 298 3038 cum
333 2995 570 3038 omnem
603 2996 804 3039 curam
836 2979 949 3040 fata
990 2978 1316 3058 vincerent,
1353 2985 1806 3057 extremumque

167 3064 438 3144 spiritum
471 3067 801 3141 anhelaret,
835 3085 902 3129 ac
933 3069 1060 3129 sole
1091 3068 1162 3129 ad
1187 3085 1467 3129 occasum
1499 3075 1802 3145 vergente,

1889 2165 2094 2237 μάζειν,
2156 2164 2272 2240 περὶ
2330 2171 2388 2220 οὗ
2448 2163 2531 2217 καὶ
2602 2161 2858 2240 πρότερον
2931 2164 2958 2218 δ
3027 2160 3187 2239 λόγος
3259 2163 3526 2238 ἐμνήσθη,

1889 2253 2267 2328 ἐντειλάμενοι,
2303 2252 2504 2312 τούτοις
2535 2251 2668 2325 μευὰ
2726 2251 2786 2305 τὸ
2843 2249 3006 2328 πέρας
3065 2256 3162 2319 τῆς
3205 2253 3536 2332 ὖποθέσεως,

1887 2343 1978 2398 τὸν
2008 2342 2296 2420 Γρηγόριον
2327 2337 2444 2416 μεθ’
2487 2339 2684 2395 ἑαυτῶν
2713 2338 2960 2418 ἀγαγεῖν.

1973 2607 2390 2667 Καταλαόὀντων
2439 2606 2490 2663 δὲ
2533 2608 2631 2674 τὴν
2685 2597 2921 2682 Ῥώμην,
2982 2606 3174 2675 συνέϐη
3229 2609 3319 2664 τὸν
3379 2615 3538 2687 Μαρ-

1887 2699 2070 2754 κιανὸν
2130 2698 2268 2768 νόσῳ
2337 2697 2604 2774 βαρυτάτῃ
2673 2709 3005 2775 περιπεσεῖν,
3081 2698 3170 2753 καὶ
3239 2699 3360 2762 τοὺς
3434 2699 3540 2773 μὲν

1886 2787 2094 2864 ἰατροὺς
2151 2786 2426 2864 ἀπειπεῖν,
2485 2784 2626 2861 λύπῃ
2683 2785 2738 2842 δὲ
2789 2785 2889 2864 ὅσῃ
2944 2787 3067 2851 τοὺς
3117 2786 3440 2851 ἐπισκόπους
3471 2791 3542 2845 τὸ

1887 2883 2106 2954 πρᾶγμα
2170 2873 2501 2952 περιϐαλεῖν.
2562 2875 2702 2942 Ἤδη
2763 2873 2816 2931 δὲ
2872 2877 2938 2932 τὰ
2997 2877 3204 2956 ἔσχατα
3251 2877 3536 2954 πνέοντος,

1885 2966 1982 3022 καῖ
2037 2972 2129 3023 τοῦ
2187 2964 2336 3034 ἡλίου
2384 2967 2500 3042 περὶ
2547 2964 2748 3041 δυσμὰς
2796 2963 2970 3045 ὄντος,
3018 2966 3264 3022 κάκείνου
3294 2965 3538 3042 μέλλον-

1887 3077 1974 3119 τος
2005 3053 2288 3126 ἐκλείπειν,
2335 3058 2370 3126 ἦ
2431 3056 2529 3132 πρὸ
2589 3054 2820 3133 βραχέος
2880 3059 3311 3129 μνημονευθεῖσα
3368 3056 3539 3132 γυνὴ,

170 3143 521 3233 ipse‘lucem
552 3156 707 3217 hanc
733 3157 1055 3219 relicturus
1084 3158 1404 3229 videretur,
1454 3174 1524 3217 ea
1568 3143 1800 3226 mulier,

1985 3143 2154 3214 δήπου
2184 3145 2359 3200 καὶτὸ
2409 3145 2682 3222 θυγάτριον
2740 3143 2974 3224 ἔναγχος
3033 3146 3171 3216 νόσῳ
3220 3146 3543 3224 περισχεθὲν

168 3244 337 3322 cujus
363 3243 543 3306 ﬁliam
577 3246 784 3307 morbo
812 3256 1144 3325 correptam
1199 3245 1468 3324 Gregorii
1525 3245 1806 3324 precibus

168 3335 537 3396 curationem
592 3353 784 3414 nuper
834 3335 1138 3417 accepisse
1195 3335 1476 3406 diximus,
1537 3333 1672 3396 illac
1703 3333 1806 3395 ubi

168 3419 499 3483 Marcianus
528 3421 588 3484 in
622 3422 774 3485 lecto
805 3423 1219 3503 decumbebat,
1269 3423 1636 3501 praeteriens,
1672 3441 1806 3483 ser-

166 3527 375 3572 vorum
409 3511 807 3590 plangentium
840 3531 909 3574 ac
939 3513 1386 3574 lamentantium
1435 3511 1691 3573 ﬂebilem
1739 3529 1806 3572 ac

167 3598 492 3662 luctuosam
527 3620 731 3663 vocem
775 3602 996 3663 audivit
1025 3624 1038 3664 :
1074 3603 1246 3681 cujus
1275 3620 1510 3662 causam
1545 3619 1806 3680 percon-

175 3696 312 3766 tata,
331 3689 577 3766 gratiam
595 3707 710 3751 non
743 3690 974 3771 celavit,
999 3691 1102 3752 sed
1132 3690 1318 3770 palam
1348 3689 1805 3751 beneﬁcentiam

166 3777 418 3858 evulgat,
454 3788 512 3840 et
541 3799 669 3860 quae
698 3780 828 3860 ipsa
855 3780 1227 3842 admirabilia
1285 3779 1344 3841 in
1385 3779 1504 3842 ﬁlia
1534 3780 1610 3842 sit
1639 3797 1808 3840 asse-

164 3878 322 3940 cuta,
358 3867 474 3929 illis
503 3869 835 3948 annuntiat,
871 3871 1310 3950 servatorisque
1352 3887 1567 3948 przeco,
1622 3876 1684 3930 et
1717 3867 1806 3928 rei

164 3963 342 4033 gestaa
371 3957 538 4017 testis
567 3957 853 4019 classicus
880 3959 1280 4022 constituitur.
1311 3958 1416 4020 Eia
1471 3962 1652 4035 agite,
1706 3957 1804 4017 in-

164 4044 315 4124 quit,
348 4044 622 4118 ﬁlii,fletu
645 4063 946 4124 represso,
971 4048 1118 4108 mihi
1136 4047 1805 4127 obtemperate,ipsum-

167 4151 283 4211 que
311 4132 386 4195 ab
416 4133 546 4213 ipso
571 4136 722 4196 lecto
741 4135 1322 4216 tollentes,alacriter
1347 4156 1441 4197 me
1459 4136 1802 4216 sequimini.

168 4221 374 4283 Virum
409 4223 568 4284 enim
605 4223 750 4286 mihi
780 4225 852 4287 ab
884 4227 1247 4305 experientia
1297 4225 1451 4286 bene
1502 4225 1804 4301 cognitum

169 4310 334 4386 vobis
367 4313 702 4394 ostendam,
737 4316 838 4395 qui
867 4335 970 4376 vos
1001 4333 1035 4376 a
1065 4315 1224 4377 luctu
1253 4315 1426 4375 facile
1460 4313 1803 4387 vindicabit,

1888 3237 1993 3293 τῶν
2051 3236 2341 3311 Γρηγορίου
2397 3234 2574 3312 εὖχῶν
2631 3232 2847 3308 ἠξίωτο,
2907 3235 2995 3291 καὶ
3049 3233 3338 3312 παραδόξου
3382 3239 3542 3310 θερα-

1890 3324 2038 3387 πείας
2098 3325 2374 3402 ἀπώνατο,
2434 3321 2518 3380 διὰ
2575 3323 2669 3390 τῆς
2729 3325 2895 3388 οἰκίας
2953 3325 3073 3380 τότε
3122 3324 3533 3404 παρερχομένη,

1889 3415 2008 3469 ἔνθα
2065 3415 2152 3469 καὶ
2222 3415 2253 3468 ὃ
2320 3415 2605 3489 σπαθάριος
2675 3412 2937 3491 κλινήρης
2987 3414 3288 3492 κατέκειτο,
3348 3415 3538 3471 ἀκούει

1890 3504 2021 3578 βοῆς
2052 3509 2345 3580 συμμιγοῦς
2377 3509 2482 3558 τῶν
2516 3501 2708 3559 παίδων
2740 3503 2896 3560 αὒτοῦ
2940 3503 3282 3578 κοπτομένων
3331 3525 3387 3560 τε
3448 3507 3541 3562 καὶ

1889 3593 2239 3668 θρηνούντων⁸
2273 3593 2360 3649 καὶ
2395 3590 2577 3659 ἐπειδὴ
2609 3592 2706 3659 τὴν
2739 3593 2912 3649 αἰτίαν
2955 3591 3195 3668 ἐπύθετο,
3253 3593 3312 3650 οὗ
3361 3595 3542 3671 κρύπ-

1890 3705 1968 3739 τει
1999 3705 2098 3750 την
2130 3684 2311 3763 χάριν,
2347 3681 2482 3738 ἀλλὰ
2511 3684 2758 3760 κηρύττει
2814 3689 2995 3764 σαφῶς
3054 3685 3151 3752 τὴν
3211 3685 3540 3764 εὒεργεσίαν,

1890 3773 1978 3829 καὶ
2035 3775 2108 3827 ὧν
2133 3776 2266 3848 αὖτῇ
2323 3772 2620 3850 τετύχηκεν
2677 3771 2761 3828 ἐπὶ
2819 3778 2886 3848 τῇ
2933 3774 3144 3852 θυγατρὶ
3203 3775 3536 3850 θαυμασίων,

1890 3865 1978 3919 καὶ
2040 3864 2224 3926 αὐτοῖς
2282 3860 2632 3940 ἀπαγγέλλει,
2682 3861 2777 3918 καί
2822 3868 3064 3936 μηνυτῆς
3101 3867 3193 3920 τοῦ
3235 3865 3538 3944 σωτηρίας,

1889 3953 2033 4015 εὐθὺς
2090 3959 2320 4030 γίνεται,
2357 3953 2444 4008 καὶ
2496 3951 2728 4026 ἀψευδὴς
2761 3953 2955 4028 μάρτυς
3004 3955 3102 4019 τῆς
3161 3955 3539 4032 πεπραγμένου

1888 4044 1998 4120 καί,
2062 4041 2218 4120 ⁵Ἀγε,
2281 4042 2464 4120 φησὶν,
2515 4041 2561 4096 ὦ
2621 4039 2836 4120 παῖδες,
2895 4040 3016 4116 ἐμοί
3072 4044 3397 4118 πειθόμενοι,
3445 4051 3545 4101 τοῦ

1887 4133 2078 4210 θρήνου
2137 4129 2232 4205 μὲν
2288 4132 2579 4202 παύσασθε,
2640 4136 2825 4185 τοῦτον
2871 4127 2915 4184 δ’
2968 4132 3099 4208 αὒτῇ
3149 4130 3304 4207 κλίνῃ
3335 4133 3541 4205 προθύ-

1891 4242 2003 4295 μως
2064 4219 2278 4296 ἄραντες
2333 4218 2459 4292 ἐμοὶ
2517 4219 2726 4281 ἕπεσθε,
2793 4218 2954 4284 Δείξω
3007 4221 3106 4298 γὰρ
3149 4222 3277 4295 ὑμῖν
3328 4220 3542 4298 ἅνθρω-

1890 4332 1988 4366 πον
2021 4309 2081 4365 ἐκ
2111 4311 2291 4386 πείρας
2353 4309 2508 4364 αὐτὸν
2569 4308 2857 4386 ἐγνωκυῖα,
2923 4310 2981 4371 ὃς
3021 4309 3114 4366 τοῦ
3164 4308 3382 4374 πένθους
3437 4312 3545 4388 ῥᾳ-

168 4409 227 4462 et
251 4400 556 4463 dominum
591 4412 848 4465 vestrum
875 4406 1058 4466 multa
1086 4423 1220 4464 cum
1245 4403 1549 4464 celeritate
1571 4403 1800 4464 sanitati

1973 4422 2011 4463 ις
2043 4401 2176 4470 ὅμᾶς
2206 4397 2501 4463 ἀπαλλάξει
2537 4399 2628 4453 σὺν
2656 4397 2839 4471 πολλῷ
2893 4399 3051 4478 τάχει
3110 4400 3203 4455 τὸν
3265 4397 3540 4461 δεσπότην

166 4490 459 4554 restituet.
487 4490 627 4570 Ejus
647 4499 907 4554 sermoni
932 4493 1086 4554 servi
1112 4499 1346 4572 parent,
1381 4492 1800 4573 dominumque

1973 4495 2035 4544 ὧν
2092 4489 2339 4563 ἰώμενος.
2395 4489 2669 4545 Πείθονται
2742 4501 2858 4552 τοῖς
2916 4489 3154 4567 ῥηθεῖσιν
3215 4491 3259 4546 οἱ
3322 4488 3542 4566 παῖδες,

166 4591 417 4659 repente
458 4581 753 4651 tollentes,
782 4581 946 4660 juxta
975 4581 1327 4662 custodiam,
1363 4581 1460 4642 ubi
1491 4581 1800 4661 Gregorius

1973 4579 2097 4634 ἱτὸν
2127 4579 2388 4644 δεσπότην
2444 4579 2587 4642 ειῦθῦς
2648 4575 2866 4655 ἄραντες
2911 4579 3043 4655 πρὸς
3087 4585 3154 4655 τῇ
3199 4581 3407 4657 φυλακῇ
3450 4603 3544 4636 τι-

168 4676 314 4744 erat,
351 4669 679 4750 deponunt.
706 4670 892 4744 Quem
916 4670 1017 4733 ille
1036 4669 1457 4733 ardentissima
1480 4671 1630 4732 febri
1653 4689 1800 4732 com-

1973 4691 2065 4725 ισιν
2127 4667 2244 4724 ἔνθα
2301 4668 2367 4735 ἦν
2427 4669 2738 4746 Γρηγόριος.
2801 4667 2948 4726 Ἰδὼν
3004 4667 3058 4724 δὲ
3123 4670 3280 4726 αὗτὸν
3333 4668 3547 4736 ἐκεῖνος

169 4765 396 4819 motum
429 4765 489 4820 et
516 4757 940 4820 inﬂammatum
973 4759 1294 4839 aspiciens,
1359 4759 1674 4820 miseratus
1721 4765 1800 4822 est

1973 4756 2068 4836 ip'p
2123 4764 2327 4833 πυρετῷ
2378 4758 2644 4836 κατάκρας
2699 4756 3109 4839 διακαιόμενον,
3158 4759 3399 4838 οἷκτείρει
3449 4761 3547 4815 τὸν

168 4847 844 4928 hominem,lectumque
868 4849 1144 4928 lacrymis
1171 4848 1475 4926 irrigabat.
1509 4850 1800 4910 Czeterum

1973 4847 2070 4927 ῖρα,
2129 4848 2215 4903 καὶ
2270 4849 2368 4914 τῆς
2425 4845 2609 4913 κλίνης
2664 4845 2861 4926 δάκρυα
2924 4847 3207 4928 καταχέει.
3277 4848 3547 4914 Φωνήσας

169 4936 354 4998 semel
387 4935 550 4997 illum
582 4945 758 5014 atque
787 4938 1004 5000 iterum
1059 4957 1275 5000 vocans
1331 4940 1492 5018 (eum
1545 4957 1800 5017 namque

1975 4935 2131 4991 αὐτὸν
2192 4933 2330 4999 ἅπαξ
2383 4935 2471 4991 καί
2525 4933 2624 5007 δὶς,
2685 4938 2758 5001 ὡς
2816 4935 2918 5003 ἤδη
2970 4939 3056 4993 καὶ
3109 4939 3143 5005 ἡ
3175 4939 3324 5015 φωνὴ
3357 4936 3451 4996 ιαῖ
3481 4939 3547 4994 τὸ

167 5044 273 5088 vox
303 5033 478 5106 atque
508 5045 718 5090 sensus
762 5028 1083 5099 defecerat,
1141 5047 1250 5092 nec
1289 5029 1608 5110 quidquam
1642 5028 1802 5108 loqui

171 5124 446 5195 poterat»,
495 5136 730 5179 manum
762 5117 1007 5194 quidem
1040 5117 1125 5181 illi
1156 5118 1244 5180 vir
1273 5118 1504 5180 divinus
1555 5119 1797 5198 adjecit,

170 5219 370 5265 mente
401 5223 538 5266 vero
564 5215 723 5270 totus
753 5207 814 5268 in
872 5209 1087 5270 coelum
1147 5217 1408 5288 erectus,
1469 5209 1801 5288 faciemque

168 5310 334 5352 suam
358 5301 711 5372 etwgrotum
736 5296 1009 5377 lacrymis
1033 5297 1608 5376 perfundens,Deum
1632 5297 1805 5359 obse-

166 5379 388 5442 crabat.
426 5384 604 5461 Atqui
637 5404 846 5463 preces
869 5404 1142 5447 somnum
1185 5406 1512 5466 peperere;
1563 5406 1807 5448 somnus

171 5481 392 5548 aegroto
439 5471 691 5533 salutem
726 5475 938 5536 attulit.
973 5473 1117 5538 Cum
1152 5477 1306 5536 enim
1341 5478 1605 5556 quinque
1633 5495 1808 5556 supra

171 5558 374 5637 viginti
404 5560 533 5622 dies
561 5562 852 5624 insomnis
877 5563 1541 5637 duxisset,arctissimus
1569 5573 1688 5627 tum
1723 5566 1807 5626 illi

170 5666 416 5713 somnus
455 5649 738 5735 obrepsit.
799 5652 966 5717 Servi
1019 5670 1180 5730 vero,
1215 5653 1315 5737 qui
1358 5653 1571 5716 mediis
1609 5654 1807 5718 eidem

1887 5032 2104 5105 φρονοῦν
2157 5027 2364 5081 ἐκεῖνον
2416 5024 2643 5082 ἐπέλιπε
2696 5027 2782 5082 καὶ
2814 5029 2908 5084 οὐκ
2940 5026 3099 5106 εἶχεν
3130 5024 3278 5083 οὒδέν
3312 5025 3550 5106 φθέγξα-

1885 5119 2026 5193 σθαι,
2088 5115 2186 5181 τὴν
2245 5114 2342 5181 μὲν
2401 5127 2566 5193 χεῖρα
2613 5113 2696 5171 ἐπ’
2745 5116 2900 5174 αὒτὸν
2955 5117 3154 5179 ὁθεῖος
3184 5115 3314 5194 ἀνὴρ
3342 5117 3545 5189 τίθησι,

1883 5206 1983 5272 τὴν
2041 5203 2094 5260 δὲ
2147 5201 2378 5259 διάνοιαν
2437 5202 2567 5270 ὅλην
2635 5202 2767 5284 αἴρει
2827 5206 2956 5282 πρὸς
3017 5207 3259 5284 οὗρανόν,
3313 5205 3400 5262 καὶ
3444 5203 3546 5263 δά-

1884 5316 2034 5372 κρυσι
2092 5295 2150 5349 τὸ
2204 5313 2260 5348 τε
2318 5296 2624 5370 πρὸσωπον,
2688 5295 2776 5349 καὶ
2829 5298 2919 5350 τὸν
2973 5294 3357 5366 κατακείμενον
3413 5293 3550 5370 βρέο

1890 5407 2031 5462 χων,
2091 5381 2261 5438 δέεται
2319 5390 2412 5438 τοῦ
2471 5391 2622 5445 Θεοῦ,
2683 5390 2925 5463 Παρεῖχε
2978 5383 3033 5438 δὲ
3081 5383 3117 5449 ἦ
3150 5384 3246 5458 μὲν
3279 5382 3415 5462 εὐχή
3447 5385 3544 5440 τὸν

1889 5475 2075 5554 ὕπνον,
2108 5478 2134 5531 ὁ
2174 5474 2228 5531 δὲ
2259 5474 2418 5541 ὕπνος
2463 5481 2537 5548 τῷ
2589 5483 2824 5533 νοσοῦντι
2890 5478 2988 5542 τὴν
3050 5476 3339 5553 σωτηρίαν,
3377 5475 3544 5531 Πέντε

1891 5566 1990 5642 γὰρ
2047 5567 2134 5622 καὶ
2193 5565 2399 5622 εἴκοσιν
2456 5564 2658 5643 ἡμέρας
2726 5563 3031 5627 διατελέσας
3106 5565 3320 5642 ἄϋπνος,
3393 5563 3544 5638 ὕπνῳ

1896 5657 2010 5711 τοτε
2041 5655 2195 5732 βαθεῖ
2253 5655 2576 5734 συνεσχέθη.
2638 5656 2710 5715 Τὰ
2754 5652 2810 5712 δὲ
2867 5652 3142 5735 παιδάρια,
3198 5655 3316 5733 περὶ
3374 5675 3544 5733 μεσας
