3918 6138
204 314 315 387 253
1224 316 1413 385 VITA
1457 317 1518 383 s.
1565 315 1934 384 GREGORII
1983 313 2525 386 AGRIGENTINI.
3453 303 3569 387 254

200 453 339 531 αὗτῷ
383 449 745 534 προσελθόντα
802 451 1016 530 νύκτας,
1069 451 1214 535 εὗρον
1272 455 1346 518 ὡς
1407 453 1562 531 ὁμὲν
1621 454 1842 535 πυρετὸς

2013 452 2205 516 ctibus
2221 452 2815 536 assistebant,febrim
2841 449 3260 530 recessisse,et
3281 460 3564 536 aegrotum

202 544 532 625 ἀπελήλατο,
565 548 594 602 6
624 545 680 603 δὲ
712 551 883 604 νοσῶν
933 544 1150 624 ἒῤῥωτο·
1184 545 1303 608 οἶος
1339 547 1366 602 6
1408 546 1671 625 μακάριος
1700 567 1842 624 παρ-

2007 545 2299 607 nvaluisse
2345 555 2720 626 repererunt.
2760 546 2876 609 Hos
2922 545 3011 607 vir
3040 554 3280 608 sanctus
3311 546 3561 627 monuit,

203 635 411 697 αινέσας
474 641 589 708 Θεῷ
643 637 740 704 τὴν
805 636 965 715 χάριν
1023 635 1117 702 τῆς
1175 636 1453 714 θεραπείας
1527 635 1842 713 ὁμολογεῖν,

2029 644 2272 716 recepta
2298 637 2545 698 sanitate
2568 638 2781 714 gratias
2802 637 2924 699 Deo
2957 637 3258 698 habendas
3282 636 3573 716 essetipse

200 726 359 788 αὖτὸς
386 724 466 781 ἕτι
496 725 590 792 τῆς
649 727 819 805 εὐχῆς
849 727 935 781 καὶ
978 728 1076 790 τῆς
1109 725 1396 803 ἀγρυπνίας
1455 725 1667 803 εἴχετο.
1717 727 1842 803 Περί

2007 725 2165 786 ierim
2227 725 2504 804 precibus
2533 745 2602 788 ac
2650 727 2863 806 vigiliis
2893 727 3153 789 vacabat.
3205 727 3572 790 Marcianum

198 812 247 869 δὲ
288 815 388 878 τάς
432 813 648 876 ἑωθινὰς
707 813 848 890 ᾠδὰς
901 819 1156 890 θυμιῶντι
1216 821 1292 887 τῷ
1341 814 1582 891 μακαρίῳ
1640 814 1842 884 ἀνεπή-

2007 814 2234 876 cundus
2258 814 2452 877 denuo
2495 835 2737 877 somnus
2756 817 3094 897 complexus
3111 824 3217 879 est.
3247 817 3416 878 Circa
3430 835 3571 879 vero

198 902 323 969 δησὲ
370 924 429 960 τε
463 906 491 960 6
527 906 828 982 Μαρκιανὸς
858 909 958 972 τῆς
1007 904 1218 982 κλίνης³
1251 905 1338 958 καὶ
1370 903 1493 983 παρ’
1545 905 1731 960 ἑαυτοῦ
1761 905 1842 960 τὸν

2007 904 2255 964 atutinas
2304 905 2532 980 laudes,
2567 914 2776 968 orante
2805 907 2931 967 viro
2976 913 3202 979 sancto,
3237 908 3572 969 Marcianus

198 993 483 1068 ἰασάμενον
570 996 910 1063 κατανοήσας
996 996 1082 1050 καὶ
1167 993 1412 1070 ἐπιγνοὺς
1496 993 1842 1071 προσέπιπτει

2007 1001 2092 1054 cto
2117 994 2390 1074 prosiliit,
2419 1005 2475 1055 et
2496 997 2596 1076 qui
2630 1015 2692 1056 se
2722 1004 2978 1069 sanarat,
3003 1017 3073 1056 ex
3106 1015 3168 1057 se
3201 995 3573 1076 perspiciens

201 1085 357 1141 σῦτοῦ
405 1097 525 1146 τοῖς
564 1085 684 1140 ποσὶ
731 1086 816 1141 καὶ
864 1084 1286 1163 περιεπτύσσετο
1344 1083 1584 1148 τούτουςο
1629 1084 1722 1138 τὸν
1769 1080 1842 1138 διὸ

2007 1101 2109 1163 ῃυθ
2132 1101 2520 1162 cognoscens,
2557 1086 2685 1163 ejus
2714 1087 2782 1146 ad
2819 1086 3003 1164 pedes
3035 1086 3398 1165 provolutus,
3436 1087 3572 1147 illos

201 1172 523 1249 πραγμάτων
581 1173 742 1230 αὐτὸν
798 1174 1042 1230 σώσαντα
1095 1175 1296 1249 ῥήμασι
1355 1185 1625 1251 χρηστοῖς
1684 1172 1842 1246 ἄμει-

2007 1171 2402 1252 iplexabatur,
2437 1174 2756 1252 verbisque
2786 1175 3001 1251 quibus
3047 1183 3274 1255 poterat
3301 1175 3574 1253 gratiosis

200 1258 444 1336 διέμενος,
492 1261 679 1318 ἔπειτα
722 1263 779 1318 δὲ
832 1263 996 1325 ἑστὼς
1053 1261 1271 1338 συνῇδεν
1314 1261 1458 1334 αὖτῷ
1516 1269 1621 1318 τῶν
1669 1261 1842 1335 ὕμνων

2007 1262 2300 1323 bneﬁcium
2335 1263 2392 1323 in
2427 1281 2492 1324 se
2540 1264 2826 1344 sanitatis,
2861 1265 3016 1345 quod
3066 1274 3194 1326 erat
3226 1265 3572 1339 maximum,

203 1352 263 1407 τὰ
327 1350 604 1414 ἐπίλοιπα.
653 1352 804 1410 Ἐπεὶ
849 1351 904 1408 δὲ
949 1352 1104 1416 τέλος
1161 1355 1196 1421 ἦ
1269 1353 1498 1426 ὑμνῳδία
1555 1351 1842 1428 ἐλάμϐανε,

2007 1351 2383 1413 unerabatur.
2439 1351 2704 1415 Subinde
2749 1372 2884 1415 vero
2930 1361 3113 1433 stans,
3165 1353 3391 1432 laudes,
3439 1373 3572 1431 qua;

201 1440 536 1506 καθεσθέντες
594 1441 666 1507 εἷξ
719 1441 911 1519 λόγως
956 1441 1144 1518 ᾔεσαν.
1206 1440 1496 1518 Ἐθαύμαζε
1531 1439 1586 1496 δὲ
1618 1442 1645 1496 6
1697 1445 1842 1517 Μαρ-

2008 1438 2182 1520 liquaa
2204 1448 2397 1521 erant,
2422 1461 2554 1503 cum
2590 1443 2687 1504 illo
2719 1443 2894 1504 simul
2929 1443 3420 1523 prosequebatur.
3455 1441 3572 1506 Ubi

200 1530 380 1595 κιανὸς
438 1529 542 1602 οἵῳ
584 1529 964 1606 συγκέκλειστο
1007 1533 1034 1586 6
1083 1531 1343 1608 μακάριος
1401 1530 1570 1609 τόπῳ,
1604 1528 1750 1592 ὅπως
1792 1550 1842 1584 τε

2007 1545 2070 1588 ro
2119 1529 2297 1592 dictio
2349 1532 2590 1592 laudum
2647 1534 2822 1593 ﬁnem
2877 1533 3125 1612 accepit,
3178 1531 3570 1610 sedentesque

196 1620 393 1682 ἄπνους
447 1621 534 1676 καὶ
592 1621 830 1699 ἀφεγγὴς
886 1619 977 1694 ἦν,
1014 1619 1130 1678 λίαν
1163 1623 1253 1678 τὸν
1299 1621 1603 1677 ἐνοικοῦντα
1659 1617 1842 1677 λυπεῖν

2007 1617 2088 1698 ιυί
2115 1620 2782 1703 cmperunt,mirabatur
2808 1631 3000 1684 autem
3031 1621 3387 1693 Marcianus,
3414 1639 3567 1700 quo-

197 1705 509 1783 δυνάμενος.
580 1709 688 1769 Καῖ
743 1717 908 1767 ταῦτα
966 1710 1064 1786 μὲν
1122 1711 1320 1767 ἐκεῖνοι
1379 1711 1508 1788 πρὸς
1578 1705 1842 1778 ἀλλήλους

2008 1725 2063 1767 m
2112 1709 2288 1771 modo
2345 1711 2432 1771 vir
2478 1711 2687 1772 beatus
2744 1712 2864 1774 illic
2923 1713 3238 1773 conclusus
3289 1718 3464 1781 esset,
3515 1716 3572 1770 et

194 1798 460 1869 ὡμίλουν.
1742 1827 1756 1840 ·
1865 1798 1902 1824 ⁸⁵
1926 1802 2223 1879 quomodo
2254 1803 2440 1864 silens
2461 1823 2666 1866 carere
2691 1823 2820 1868 sese
2840 1805 3068 1866 lumine
3087 1811 3410 1881 pateretur,
3435 1819 3568 1862 cum

194 1888 416 1970 alioqui
464 1887 877 1951 observantem
917 1905 1002 1964 se,
1041 1887 1244 1970 ibique
1273 1887 1702 1950 inhabitantem
1753 1887 2107 1966 gravissime
2143 1902 2337 1972 posset
2387 1893 2744 1956 offendere?
2791 1894 2862 1956 Et
2893 1896 3012 1956 haec
3069 1893 3308 1975 quidem
3343 1891 3425 1953 illi
3471 1891 3568 1950 in-

194 1979 384 2040 vicem
409 1977 836 2059 loquebantur.

283 2060 430 2132 MH'.
495 2073 555 2128 Οἱ
587 2068 642 2124 δὲ
696 2072 977 2127 ἐπίσκοποι
1027 2073 1074 2127 οἱ
1129 2070 1334 2157 σύναμα
1369 2077 1654 2150 Μαρκιανῷ
1709 2070 1842 2144 παρὰ

2013 2069 2265 2135 XLVIII.
2303 2076 2485 2136 Porro
2520 2077 2807 2156 episcopi,
2843 2078 2942 2159 qui
2973 2078 3044 2139 ab
3077 2095 3216 2155 rege
3249 2094 3381 2137 cum
3417 2075 3569 2137 Mar-

198 2158 479 2235 βασιλέως
541 2158 850 2232 σταλέντες,
917 2159 1004 2240 ἐφ’
1059 2164 1104 2233 ᾧ
1157 2161 1222 2216 τὰ
1277 2162 1398 2239 περὶ
1449 2161 1734 2238 Γρηγορίου
1777 2161 1842 2224 εἰς

2007 2180 2102 2222 mo
2133 2162 2300 2224 missi
2338 2163 2669 2238 fuerant,ut
2699 2158 2968 2244 GregOrii
2991 2186 3224 2228 causam
3259 2165 3570 2246 quzestioni

191 2247 406 2321 ἔρευναν
463 2250 710 2327 ἀγαγεῖν,
746 2250 819 2312 εἰς
877 2249 978 2316 τὴν
1024 2250 1190 2306 οἰκίαν
1234 2254 1372 2328 ¹ᾗπερ
1414 2252 1506 2306 τὸν
1563 2250 1848 2326 σπαθάριον

193 2337 391 2409 vestr;
607 2337 1176 2395 di‘?"
1364 2339 1753 2395 *‘e'

231 2383 252 2402 ς
443 2359 602 2417 γεγον
638 2353 751 2413 τες,
816 2359 900 2395 πει
959 2361 1061 2418 oux
1123 2361 1271 2418 ευρον
1324 2362 1481 2399 αυτον
1537 2361 1594 2396 τε
1627 2361 1845 2405 νηκεναι

196 2426 299 2496 ἤδη
359 2430 441 2484 καὶ
472 2435 613 2508 ταφῇ
671 2426 886 2495 δοθῆναι
937 2430 1029 2485 τὸν
1076 2428 1235 2507 ἄνδρα
1282 2432 1618 2505 νομίσαντες,
1651 2427 1847 2506 ᾔδεσαν

201 2519 322 2598 γὰρ³
377 2519 442 2574 τὸ
513 2523 610 2584 τῆς
682 2517 826 2580 θείας
882 2518 1042 2598 φάναι
1100 2520 1332 2598 Γραφῆς,
1395 2521 1647 2597 κραταιὰν
1705 2519 1847 2575 εἶναι

201 2605 298 2672 τὴν
348 2604 641 2684 ἆρῤωστίαν
694 2605 873 2678 αδτοῦ,
929 2605 1200 2686 σῦμφορὰν
1257 2609 1531 2664 ἐποιοῦντο
1588 2609 1650 2664 τὸ
1705 2614 1846 2684 πρᾶ-

203 2716 334 2774 γμ.α²
368 2695 457 2751 καὶ
503 2695 714 2772 θρήνοις
761 2694 994 2768 εἴκοντο,
1027 2696 1119 2753 τόν
1169 2719 1229 2753 τε
1273 2695 1424 2777 φίλον
1475 2695 1848 2770 ἀποκλαιόμε-

204 2805 303 2858 νοι,
334 2785 422 2841 καὶ
471 2784 584 2861 ἅμα
629 2786 692 2841 τὸ
734 2785 812 2860 μὴ
861 2785 1088 2864 μετρίως
1148 2786 1320 2844 ο⁶ίσειν
1375 2789 1467 2844 τὸν
1517 2785 1760 2863 βασιλέα,
1797 2785 1850 2842 ἐν

206 2875 482 2950 προσθήκῃ
546 2875 647 2940 τῆς
705 2879 976 2953 συμφορᾶς
1032 2875 1319 2951 τιθέμενοι.
1381 2875 1532 2933 Οὕτω
1590 2878 1694 2932 τῶν
1754 2875 1848 2931 ἂν·

207 2959 335 3039 δρῶν
392 2960 822 3041 ὀλοφυρομένων,
879 2959 986 3018 ἰδοὺ
1045 2963 1141 3020 καῖ
1199 2970 1306 3020 τῶν
1365 2965 1700 3042 θεραπόντων
1756 2970 1849 3020 τοῦ

206 3052 487 3119 σπαθαρίου
555 3056 663 3127 εἷς,
721 3050 899 3126 δρόμῳ
973 3055 1078 3117 τῶς
1151 3053 1391 3132 φυλακῆς
1465 3054 1845 3131 παραγεγονὼς

201 3139 305 3196 λόει
358 3143 450 3197 τὸν
480 3144 669 3218 θρῆνον
724 3141 1010 3220 εὐάγγελος
1058 3143 1242 3205 αὐτοῖς
1301 3145 1504 3223 φανεὶς,
1539 3144 1628 3198 καὶ
1676 3142 1847 3199 πάντα

201 3230 315 3297 ἑξῆς
367 3231 532 3287 εἰπὼν
589 3231 680 3287 τόν
738 3253 795 3288 τε
857 3234 1144 3307 ἰασάμενον
1203 3234 1288 3288 καὶ
1342 3233 1432 3288 τὸν
1488 3235 1586 3300 τῆς
1655 3233 1847 3295 ἰάσεως

1931 2259 2112 2330 atque
2155 2252 2384 2329 judicio
2416 2254 2758 2330 subderent,
2796 2257 3037 2318 domum
3083 2256 3183 2317 ubi
3235 2255 3569 2317 Marcianus

1929 2339 2338 2403 diversabatur
2371 2344 2640 2424 profecti,
2662 2365 2796 2406 cum
2823 2347 2992 2408 illum
3030 2348 3276 2407 minime
3304 2345 3570 2406 invenis-

1931 2439 2369 2512 sent,supremo
2392 2434 2510 2496 l'ato
2525 2437 2913 2518 concessisse,
2940 2434 3571 2515 hominemquesepul-

1931 2538 2032 2583 cro
2081 2523 2385 2583 conditum
2435 2527 2858 2600 existimantes,
2919 2526 3186 2588 sciebant
3258 2525 3418 2586 enim
3476 2531 3564 2599 (ut.

1931 2612 2131 2674 verbis
2176 2620 2307 2676 utar
2339 2615 2658 2696 Scriptura:
2710 2616 3125 2694 aegritudinem
3159 2615 3288 2695 ejus
3333 2631 3568 2694 gravem

1932 2718 2112 2764 esse:
2168 2704 2439 2766 tulerunt
2491 2705 2748 2784 graviter
2794 2714 2852 2768 et
2894 2709 3133 2779 acerbe,
3166 2704 3454 2780 luctuque
3505 2721 3573 2764 ac

1930 2790 2208 2867 squalore
2240 2791 2438 2867 obsiti,
2473 2794 2650 2855 amici
2683 2794 2904 2856 obitum
2945 2795 3263 2856 deflebant.
3297 2792 3367 2854 At
3397 2810 3570 2873 quam

1931 2879 2172 2959 quidem
2224 2883 2624 2944 calamitatem
2672 2902 2788 2946 non
2841 2884 3107 2964 exiguam
3161 2886 3574 2946 accessionem

1933 2969 2203 3050 faciebat,
2235 2971 2393 3048 quod
2450 2973 2890 3036 arbitrabantur
2937 2977 3049 3037 hoc
3106 2993 3311 3053 regem
3371 2972 3574 3053 inique

1931 3059 2248 3120 admodum
2285 3079 2415 3122 esse
2443 3062 2725 3127 laturum.
2747 3065 3017 3142 Cumque
3042 3070 3122 3126 ita
3152 3065 3261 3126 viri
3292 3064 3392 3125 isti
3425 3080 3572 3124 moe-

1931 3165 2068 3211 rore
2111 3150 2570 3232 conﬁcerentur,
2609 3171 2751 3217 ecce
2798 3154 2904 3216 tibi
2958 3174 3110 3216 unus
3156 3173 3229 3215 ex
3283 3151 3567 3214 Marciani

1933 3237 2241 3316 ministris,
2273 3257 2449 3301 cursu
2501 3249 2664 3302 recta
2690 3243 3016 3304 custodiam
3059 3251 3266 3325 petens
3299 3243 3566 3306 dolorem

198 3319 412 3397 τρόπον,
452 3319 590 3376 ἆλλὰ
644 3321 755 3395 μὴν
809 3323 896 3377 καὶ
959 3325 1050 3378 τὸν
1107 3323 1268 3378 τόπον
1299 3320 1415 3378 ἔνθα
1464 3321 1558 3377 καὶ
1601 3327 1688 3376 νῦν
1745 3321 1842 3396 ἔτι,

2007 3345 2171 3388 mem
2220 3327 2520 3405 abstersit,
2555 3331 2750 3394 lietum
2804 3333 2924 3395 illis
2955 3319 3229 3395 nuntium
3289 3332 3569 3403 efferens,

199 3410 377 3487 φησὶν,
444 3409 673 3488 ὑπάρχει
741 3414 814 3483 τῷ
870 3411 1142 3485 ἱασαμὲνῳ
1210 3410 1573 3489 προσομιλῶν,
1644 3415 1704 3468 Οἱ
1761 3410 1836 3484 δὲ,

200 3509 358 3558 ταῦτα
400 3501 746 3578 ἀκούσαντες,
795 3503 960 3582 τάχει
1021 3503 1206 3576 πολλῷ
1262 3506 1390 3583 πρὸς
1452 3503 1551 3570 τὴν
1605 3502 1846 3583 φυλακὴν

201 3589 365 3648 ἔθεον’
457 3595 579 3647 εἶτα
646 3593 735 3648 καὶ
803 3591 947 3649 ’ἑνδον
1022 3594 1296 3670 γενόμενοι
1357 3594 1675 3672 εὑρίσκουσιν
1749 3593 1847 3668 μὲν

201 3681 391 3758 ἅμφων
447 3681 585 3755 μετὰ
644 3687 946 3757 Μαρκιανοῦ
1003 3685 1092 3739 τὸν
1135 3682 1307 3761 μέγαν
1369 3683 1841 3759 συγκαθεζόμενον

203 3767 540 3848 Ἐπιγνόντες
599 3769 653 3825 δὲ
683 3773 867 3828 τοῦτον
902 3774 975 3836 είς
1033 3778 1135 3849 γῆν
1163 3774 1304 3850 παρὰ
1359 3773 1479 3835 τοὺς
1510 3775 1693 3838 αὐτοὺς
1736 3773 1843 3829 πό-

202 3859 288 3922 δας
359 3861 631 3934 πίπτουσι,
702 3863 793 3917 καὶ
861 3864 1212 3941 συμμερισταὶ
1274 3867 1370 3928 τῆς
1442 3862 1634 3936 ἀρετῆς
1707 3866 1847 3937 αὗτῷ

205 3951 285 4005 καὶ
333 3953 432 4018 τῆς
467 3951 608 4026 παρὰ
666 3958 797 4008 Θεοῦ
853 3955 1026 4030 εὐχῆς
1077 3953 1317 4029 γενέσθαι
1369 3951 1665 4027 εὒξάμενοι,
1705 3975 1846 4030 παρ-

204 4039 509 4110 εκαθέζοντο
556 4039 644 4094 καὶ
673 4041 844 4119 αὐτοὶ,
871 4040 937 4096 τά
988 4061 1044 4096 τε
1103 4039 1238 4096 ἄλλα
1287 4043 1376 4097 τὸν
1433 4041 1722 4120 Γρηγόριον
1754 4041 1849 4097 ἐκ-

204 4125 588 4202 πληττόμενοι,
621 4128 709 4184 καὶ
759 4128 905 4190 ὅπως
939 4131 966 4185 6
1017 4137 1254 4193 τοιοῦτος
1286 4130 1416 4206 πρός
1447 4151 1504 4185 τε
1535 4130 1632 4197 τὴν
1688 4152 1848 4187 συκο-

203 4225 419 4295 φαντίαν
472 4217 659 4294 πράως
709 4216 847 4274 οὕτω
895 4217 1117 4275 διέκειτο
1171 4220 1346 4276 καὶτὸ
1391 4217 1618 4299 ζοφῶδες
1674 4219 1848 4277 ἐκεῖνο

202 4307 285 4362 καὶ
339 4308 586 4387 σκοτινὸν
634 4308 894 4387 βάραθρον
938 4311 1012 4374 ὡς
1073 4307 1373 4387 περικαλλῆ
1437 4329 1552 4364 τινα
1610 4308 1846 4384 θάλαμον

201 4393 345 4468 ᾤκει.
401 4386 649 4473 ’Ἡροντο
705 4386 818 4477 οὖν,
879 4397 1046 4462 πόσος
1107 4386 1250 4472 αὖτῷ
1300 4412 1422 4462 τοῖς
1481 4397 1698 4475 δεσμοῖς
1737 4397 1842 4467 ἤδη

203 4486 390 4562 χρόνος
441 4482 642 4554 διῆλθε
706 4488 793 4543 καὶ
845 4486 1126 4565 μαθόντες³
1161 4486 1242 4544 ὅτι
1276 4486 1364 4544 δύο
1413 4487 1508 4554 ἔτη
1553 4490 1638 4544 καὶ
1668 4493 1842 4562 μῆνας

203 4573 477 4652 τέσσαρας,
537 4574 910 4656 ἕδυσχέραινόν
980 4598 1038 4634 τε
1096 4578 1181 4633 καὶ
1245 4575 1451 4645 πολλὴν
1503 4585 1593 4635 τοῦ
1649 4578 1841 4635 πάππα

205 4662 449 4737 ὠμότητα
481 4667 894 4742 κατεγίνωσκον,

1931 3416 2072 3477 dum
2099 3417 2296 3478 omnia
2329 3427 2450 3480 tum
2473 3420 2794 3502 medicum,
2822 3431 2943 3484 tum
2978 3423 3301 3484 curationis
3328 3421 3567 3482 modum

1929 3507 2232 3582 sigillatim
2296 3519 2629 3589 percenset,
2684 3511 2911 3573 addens
2958 3515 3131 3574 etiam
3192 3512 3412 3585 locum,
3468 3509 3573 3572 ubi

1931 3597 2254 3657 etiamnum
2319 3607 2522 3659 mutuo
2571 3600 2990 3681 loquebantur.
3051 3601 3155 3663 His
3210 3600 3447 3674 auditis,
3495 3599 3568 3660 ad

1930 3686 2254 3746 custodiam
2284 3687 2464 3750 multa
2496 3688 2804 3750 celeritate
2837 3690 3208 3752 contendunt
3238 3708 3253 3764 ;
3288 3707 3401 3768 quo
3433 3706 3569 3749 cum

1932 3774 2365 3854 pervenissent,
2390 3776 2882 3856 ingressi,ambos
2905 3780 3098 3840 virum
3127 3779 3406 3841 eximium
3432 3794 3566 3838 cum

1930 3865 2227 3926 Marciano
2250 3864 2554 3929 sedentem
2582 3869 2914 3932 offendunt.
2939 3870 3137 3948 Ipsum
3158 3876 3350 3929 autem
3377 3885 3564 3947 agno-

1931 3963 2186 4031 scentes,
2215 3957 2378 4035 juxta
2409 3957 2591 4037 pedes
2623 3957 2779 4020 illius
2808 3961 2970 4021 humi
3005 3960 3424 4039 procumbunt,
3459 3976 3561 4019 ro-

1932 4053 2234 4122 gantes,ut
2254 4047 2350 4126 qui
2382 4065 2758 4110 communem
2784 4068 2918 4112 cum
2952 4049 3052 4112 illo
3086 4067 3119 4110 a
3141 4048 3370 4111 Christo
3398 4057 3568 4127 pote-

1933 4140 2146 4196 statem
2187 4135 2580 4217 accepissent,
2618 4139 2981 4214 precationis
3025 4158 3266 4219 quoque
3309 4138 3572 4201 efﬁcacia

1933 4225 2664 4304 potirenturAssederunt
2687 4237 2743 4289 et
2774 4228 3240 4308 illi,Gregorium
3273 4247 3407 4290 cum
3439 4228 3572 4289 aliis

1933 4313 2006 4376 de
2033 4314 2227 4376 causis
2255 4315 2553 4391 admirati,
2595 4325 2713 4378 tum
2749 4319 2902 4400 quod
2944 4327 3058 4380 tam
3096 4325 3463 4378 mansuetum
3495 4317 3569 4378 ad

1928 4403 2253 4466 calumnias
2275 4423 2339 4467 se
2373 4413 2700 4485 prmstaret,
2726 4415 2846 4468 tum
2879 4409 3055 4470 etiam
3093 4406 3247 4488 quod
3281 4405 3570 4468 obscurus

1927 4492 2029 4555 ille
2049 4511 2114 4554 ac
2131 4495 2668 4560 tenebrosuscacer
2691 4494 2948 4560 thalamo
2974 4496 3206 4558 cuidam
3230 4495 3569 4572 pulcherri-

1862 4638 1904 4688 Ο
1927 4601 2021 4644 mo
2075 4584 2396 4662 persimilis
2425 4586 2753 4650 videretur.
2787 4587 3233 4666 Interrogantes
3268 4585 3465 4663 igitur,
3500 4603 3571 4646 ex

1921 4691 2038 4752 quo
2065 4683 2335 4753 tempore
2381 4675 2437 4735 in
2497 4677 2734 4737 vincula
2762 4678 2966 4739 fuisset
3017 4676 3343 4757 conjectus,
3384 4693 3570 4735 unum

206 4759 368 4832 atque
395 4752 649 4846 alterum
709 4761 1243 4846 annum,‘quatuor
1274 4767 1564 4837 praeterea
1609 4775 1845 4820 menses
1876 4778 2010 4823 esse
2040 4752 2484 4827 intellexerunt.
2521 4766 2690 4839 Quod
2740 4766 2822 4828 illi
2853 4784 3008 4846 aegre
3036 4752 3358 4829 admodum
3410 4764 3566 4826 tule-

209 4849 355 4916 runt,
388 4842 754 4928 nimiamque
783 4843 1079 4924 pontiﬁcis
1105 4845 1517 4908 crudelitatem
1546 4847 1986 4928 improbarunt.

282 4931 416 4990 MB'.
480 4923 853 5009 Ὠρμημένους
928 4933 981 4989 δὲ
1041 4936 1228 5000 αὐτοὺς
1301 4937 1386 4992 καὶ
1440 4942 1534 5012 τῇς
1611 4923 1847 5017 φυλακῆς

208 5018 398 5098 ἰξξίγειν
443 5023 538 5078 τὸν
568 5021 722 5100 ἅγιον
771 5023 974 5085 ἐκεῖνος
1029 5023 1253 5104 ἐπέσχεο
1316 5046 1344 5085 (
1381 5027 1470 5094 Μή
1521 5047 1659 5100 τινα,
1693 5030 1845 5104 φησὶ,

210 5109 360 5182 ἡμεῖς
419 5133 475 5167 τε
526 5125 646 5174 τοῖς
704 5113 1029 5189 κατηγόροις
1090 5113 1260 5182 λαϐὴν
1315 5113 1512 5190 δῶμεν,
1563 5117 1648 5171 καὶ
1703 5119 1847 5175 αὐτοὶ

213 5199 406 5264 ἑαυτοῖς
467 5204 659 5278 μῶμον
722 5205 1137 5283 προστρίψτρθε,
1178 5229 1200 5264 ι
1262 5203 1463 5263 ’Ἔνθεν
1521 5209 1846 5285 παραγίνον-

209 5307 283 5344 ται
341 5294 467 5368 πρὸς
528 5295 618 5348 τὸν
677 5293 903 5349 πάππαν
965 5291 1076 5369 ἅμα
1134 5301 1443 5369 Μαοκιανῴ.
1508 5296 1604 5353 Καὶ
1679 5297 1846 5361 οὕτως

212 5381 338 5451 αὖτῷ
383 5386 556 5438 πάντα
613 5382 680 5437 τὰ
737 5392 832 5440 τοῦ
880 5383 1146 5457 θαύματος
1193 5383 1405 5460 διεξῄει,
1443 5384 1534 5442 οἵα
1584 5406 1640 5441 τε
1691 5387 1842 5449 νόσος

216 5467 351 5523 αὐτὸν
404 5471 534 5550 εἶχε
591 5473 680 5527 καὶ
737 5473 867 5549 πρὸς
931 5474 1022 5528 τὸν
1080 5474 1301 5530 θάνατον
1357 5473 1578 5553 ἤλαυνε,
1638 5477 1724 5530 καὶ
1781 5476 1843 5543 ἧς

215 5554 360 5636 ἔτυχε
441 5559 568 5638 παρ’
628 5561 790 5618 αὐτοῦ
861 5565 1160 5640 θεραπείας,
1221 5565 1320 5621 Τὸν
1391 5563 1445 5619 δὲ
1523 5564 1839 5638 ἀκούσαντα,

219 5648 450 5721 μετάνοιά
506 5670 565 5706 τε
601 5649 788 5728 εἷσῇει,
825 5652 911 5706 καὶ
962 5659 1068 5710 τῶν
1120 5653 1191 5717 εἷς
1221 5655 1312 5710 τὸν
1364 5654 1516 5732 ἅγιον
1565 5661 1842 5732 προπετῶς

2007 4941 2181 5004 XLIX
2239 4945 2526 5006 Caeterum
2561 4963 2694 5006 cum
2731 4945 2768 5006 ii
2802 4947 2986 5007 virum
3021 4953 3287 5006 sanctum
3321 4959 3565 5004 carcere

1931 5032 2208 5094 emittere
2242 5035 2617 5113 molirentur,
2651 5035 2780 5114 ipse
2810 5033 3134 5114 prohibuit,
3159 5034 3339 5112 idque
3367 5047 3454 5108 se,
3489 5049 3566 5092 ne

1929 5138 2103 5201 quam
2133 5123 2577 5183 accusatoribus
2607 5141 2810 5182 ansam
2845 5121 3155 5202 praeberet,
3185 5119 3381 5180 facere
3401 5119 3570 5180 dicti-

1931 5209 2267 5282 tabat,neve
2291 5210 2735 5290 vituperationis
2753 5211 3005 5291 alicujus
3023 5212 3206 5292 ipsius
3229 5208 3342 5270 sibi
3365 5220 3566 5271 notam

1928 5298 2257 5359 inurercnt.
2291 5299 2636 5361 Pontiﬁcem
2672 5300 2926 5363 subinde
2959 5320 3089 5361 cum
3124 5299 3421 5362 Marciano
3458 5318 3555 5377 pe-

1930 5395 2078 5468 tunt,
2103 5389 2201 5468 qui
2233 5389 2443 5451 ordine
2471 5409 2704 5451 omnem
2729 5391 2816 5452 illi
2851 5391 3118 5452 miraculi
3150 5390 3366 5452 seriem
3401 5389 3566 5452 edis-

1927 5477 2092 5554 serit,
2128 5479 2626 5558 quemadmodum
2663 5481 2722 5541 in
2757 5481 3055 5552 morbum,
3092 5499 3208 5560 quo
3256 5497 3439 5560 prope
3470 5498 3569 5539 ex.

1927 5567 2175 5628 stinctus
2207 5577 2317 5642 est,
2353 5569 2479 5649 ipse
2509 5569 2860 5641 incurrerat,
2897 5569 3248 5650 qualemque
3281 5567 3458 5629 fuerit
3487 5565 3564 5627 ab

1927 5655 2054 5737 ipso
2083 5658 2446 5722 curationem
2479 5669 2806 5722 assecutus.
2841 5658 2980 5722 Ilaec
3011 5659 3176 5721 illum
3221 5656 3562 5718 audientem
