3918 6138
306 271 424 350 255
1607 286 1772 355 ΜΕΝ
1777 286 1888 353 SlS

2141 290 2374 358 MBER.
3555 287 3666 360 256

309 417 655 512 pmnitentia
684 425 884 486 secuta
916 428 1027 512 est,
1064 430 1121 486 et
1173 441 1305 505 quae
1334 423 1397 486 in
1455 422 1637 487 virum
1676 433 1928 489 sanctun

2141 429 2394 507 νασμὲνων
2451 427 2690 511 σφοδρῶς
2736 430 2923 490 ἑαυτοῦ
2969 431 3266 510 κατήγορος
3312 426 3398 512 ἧν,
3430 431 3517 488 καὶ
3565 429 3670 507 ἅμα

309 517 536 601 temere
557 511 906 601 admiserat,
930 511 1024 575 sui
1041 514 1406 576 accerrimus
1431 522 1742 578 accusator
1768 515 1928 578 factu:

2159 521 2349 598 γνώμῃ
2420 523 2507 578 καὶ
2555 523 2657 589 τὴν
2735 523 2950 601 μορφὴν
3004 521 3308 590 ἠλλοιοῦτο·
3373 511 3460 578 καὶ
3519 519 3670 589 δῆλος

309 599 813 681 reprehendebat,
838 602 1172 682 faciemque
1197 602 1374 664 simul
1397 621 1530 664 cum
1555 603 1806 666 consilio
1832 623 1958 666 mu-

313 690 472 750 tavit.
500 688 735 752 Vidisse
765 691 929 752 illum
960 691 1162 752 animo
1193 693 1583 754 vehementer
1623 711 1758 755 esse
1785 712 1954 755 com-

317 788 785 861 motum,graves
805 791 1222 862 ase,tanquam
1249 784 1377 862 ejus
1398 781 1670 845 criminis
1686 793 1954 860 auctore,

317 888 524 952 poenas
575 871 836 949 exigere.
873 871 1161 943 Quoniam
1210 889 1347 934 vero
1399 892 1535 934 eum
1583 882 1960 936 accusatores

318 969 784 1036 anteverterunt,
819 962 1186 1038 Agrigentini
1215 979 1454 1042 quoque
1499 970 1622 1024 tum
1657 963 1961 1044 principes

317 1049 594 1126 civitatis,
630 1058 750 1111 tum
786 1049 979 1131 plebei
1033 1070 1208 1131 quam
1245 1051 1481 1131 plurimi
1527 1053 1961 1134 cujuscumque

319 1139 544 1202 ordinis
572 1141 677 1201 viri
698 1141 1043 1221 frequentes
1066 1159 1184 1202 una
1200 1141 1378 1203 simul
1403 1141 1638 1204 sincera
1665 1143 1780 1205 fide
1803 1141 1958 1204 obli-

317 1229 433 1308 gati
481 1229 894 1294 advenerant:
946 1232 1259 1293 audientes
1304 1230 1547 1294 ubinam
1580 1231 1669 1293 vir
1717 1241 1960 1294 sanctus

2041 607 2240 686 ἐγίνετο
2271 609 2478 688 μεγάλα
2521 612 2618 677 τὴν
2666 612 2859 690 ψυχὴν
2906 609 3300 686 πληττόμὲνος,
3332 612 3418 666 καὶ
3468 611 3670 687 βαρείας

2040 699 2139 755 ὕπὸ
2219 707 2312 757 τοῦ
2389 698 2682 765 συνειδότος
2771 703 3213 778 εἰσπραττόμενος
3281 701 3374 765 τὰς
3444 702 3671 762 εὐθύνας.

2045 779 2136 852 Ὠς
2186 788 2240 844 δὲ
2271 789 2356 846 καὶ
2385 789 2682 846 κατέλαϐον
2712 794 2758 847 οἱ
2815 792 3131 868 κατήγοροι,
3166 793 3298 857 ἧκον
3340 788 3395 845 δὲ
3438 791 3525 846 καὶ
3572 790 3674 846 τῶν

2043 877 2465 956 Ἀκραγαντίνων
2541 878 2942 952 διαπεράσαντες
3009 881 3196 958 συχνοὶ
3263 879 3360 954 μὲν
3418 885 3522 934 τῶν
3581 878 3677 956 ἆρ-

2043 967 2277 1046 χόντων,
2336 970 2525 1047 συχνοὶ
2582 969 2635 1024 δὲ
2707 969 2794 1025 καὶ
2850 971 2955 1026 τῶν
3018 968 3355 1047 ἀρχομένων,
3419 969 3506 1024 καὶ
3561 966 3678 1024 ὅσον

2039 1057 2107 1124 ἧν
2162 1058 2388 1136 καθαρὸν
2430 1058 2528 1126 τῆς
2588 1059 2958 1138 συνωμωσίας,
3005 1058 3286 1132 μαθόντες,
3319 1057 3374 1113 ἐν
3430 1060 3475 1130 ᾧ
3531 1057 3595 1124 ἦν
3653 1059 3678 1112 6

2041 1147 2193 1223 ἅγιες
2251 1148 2650 1225 καθειργμένος,
2715 1145 2915 1222 σπουδῇ
2974 1149 3105 1225 πρὸς
3169 1148 3325 1205 αὐτὸν
3399 1145 3678 1224 ἀφικνοῦν-

2041 1257 2150 1308 ται,
2195 1239 2287 1292 οἷα
2335 1235 2574 1315 φίλτατοι
2637 1235 2818 1301 παίδες
2877 1235 3123 1317 φίλτατον
3190 1237 3274 1292 καὶ
3351 1234 3435 1291 διά
3490 1235 3679 1315 χρόνου

319 1319 549 1382 vinctus
594 1319 992 1395 detineretur,
1028 1320 1098 1382 ad
1137 1321 1297 1382 illum
1335 1328 1636 1383 maturant
1683 1321 1928 1384 celerite

2141 1324 2247 1404 ςέρα
2285 1325 2569 1401 θεώμενοι,
2606 1327 2691 1383 καὶ
2734 1323 2946 1393 πολλὴν
2987 1325 3068 1382 ὅτι
3125 1326 3250 1404 πρὸς
3283 1326 3436 1381 αὐτὸν
3486 1321 3680 1380 ἐπιδει-

318 1409 642 1489 proﬁcisci,
663 1418 722 1471 et
752 1417 1027 1490 tanquam
1057 1410 1161 1470 lilii
1183 1409 1521 1471 charissimi
1548 1430 1683 1472 eum
1712 1417 1814 1488 qui
1847 1410 1928 1473 sib

2141 1437 2255 1477 ντες
2299 1413 2446 1475 αἰδώ.
2503 1415 2662 1473 Ἐπεὶ
2717 1415 2770 1471 δὲ
2815 1416 2894 1490 μὴ
2952 1414 3146 1479 πάντες
3190 1412 3498 1493 περιϐαλεῖν
3553 1411 3684 1489 μηδὲ

321 1517 427 1578 pro
453 1509 724 1577 tempore
745 1498 1172 1562 dilectissimus
1195 1501 1368 1563 Pater
1388 1500 1715 1573 exstiterat,
1738 1501 1928 1563 intuer

2141 1517 2266 1561 ιτεῐν
2323 1506 2443 1570 τοὺς
2494 1507 2653 1565 αὒτοῢ
2711 1504 2875 1570 πόδας
2947 1505 3168 1584 ἴσχυον,
3229 1503 3496 1582 πόῤῥυῑθεν
3565 1502 3684 1559 ἔπι-

323 1595 412 1648 tes
471 1587 680 1669 majori
733 1607 848 1668 quo
906 1598 1181 1668 poterant
1233 1591 1461 1652 honore
1507 1609 1576 1652 ac
1631 1593 1923 1654 reverenti

2141 1619 2180 1650 ιδ
2249 1596 2338 1651 καὶ
2395 1597 2456 1651 τὸ
2512 1593 2702 1672 ἔδαφος
2758 1596 3133 1674 προσεκύνουν,
3195 1595 3396 1671 ῥήμασί
3468 1615 3526 1648 τε
3596 1594 3684 1674 καί

323 1676 981 1758 prosequebantur.Sed
999 1698 1132 1740 cum
1158 1697 1367 1741 omnes
1390 1680 1522 1760 ejus
1551 1680 1928 1761 circumplecl

2141 1705 2290 1761 ,ρυσιν
2383 1687 2456 1749 ὡς
2529 1683 2643 1740 ἐνὸν
2727 1673 2809 1740 τὺγ
2870 1683 3083 1763 φίλτρον
3167 1682 3552 1760 παρηλοῠντες,
3625 1673 3684 1738 Ὀ

322 1777 425 1869 aut
456 1775 659 1828 tenere
692 1767 877 1848 pedes
909 1769 1246 1869 nequirent,
1283 1769 1462 1847 longe
1493 1769 1666 1850 positi
1697 1789 1762 1831 se
1793 1770 1928 1832 incli

2141 1775 2244 1854 τήρ,
2303 1772 2566 1853 λέγοντες,
2633 1776 2660 1830 6
2732 1774 3031 1852 ἀρχιερεὺς,
3065 1774 3092 1829 ὀ
3135 1774 3336 1850 σωτὴρ,
3383 1774 3459 1846 μὴ
3527 1792 3688 1828 καταο

322 1854 563 1932 nabant,
590 1864 649 1918 et
669 1868 795 1919 tum
821 1856 1169 1934 verbis,tum
1195 1858 1470 1940 lacrymis
1492 1860 1681 1920 solum
1707 1859 1850 1922 illud
1869 1879 1928 1924 ve

2141 1886 2209 1939 ῃς
2267 1865 2436 1938 ἡμᾶς,
2472 1861 2608 1937 μηδὲ
2637 1869 2735 1930 τῆς
2769 1863 2962 1941 ὀλίγων
3024 1865 3209 1926 κακίας
3240 1865 3326 1918 καὶ
3385 1863 3447 1918 τὸ
3490 1859 3692 1935 σύμπαν

323 1945 703 2028 narabantur,
739 1948 1100 2028 nimiamque
1128 1947 1186 2010 in
1211 1948 1377 2010 illum
1406 1951 1626 2011 amoris
1642 1951 1928 2012 vehemen

2141 1965 2214 2015 εἲς
2277 1953 2478 2018 πλῆθος
2549 1951 3070 2028 παραπολαύσωμεν,
3129 1949 3300 2015 Πολὺς
3365 1957 3453 2007 νῦν
3524 1949 3693 2005 ἕνεκεν

322 2034 464 2098 tiam
499 2054 618 2116 pm
647 2056 713 2099 se
741 2037 1014 2100 ferebant
1047 2036 1350 2099 dicentes:
1382 2039 1582 2114 Pater,
1616 2039 1880 2120 pontifex
1909 2058 1928 2100 ε

2141 2076 2143 2093 ι
2189 2041 2506 2120 περιέστηκε
2561 2044 2750 2121 θρῆνος
2778 2044 2878 2108 τὴν
2929 2040 3109 2115 πόλιν,
3143 2039 3414 2119 ὀδύρονται
3476 2037 3530 2094 δὲ
3583 2038 3693 2117 χῆ-

323 2138 616 2202 servator,
653 2145 728 2189 ne
760 2145 869 2188 nos
917 2126 1182 2208 deseras,
1218 2145 1412 2207 neque
1443 2126 1616 2189 nobis
1646 2146 1966 2208 paucorum

327 2217 584 2296 pratitas
618 2216 910 2278 universae
941 2216 1305 2279 multitudini
1346 2216 1539 2279 fraudi
1567 2225 1670 2279 aut
1701 2217 1838 2280 vitio
1868 2219 1972 2280 deo

329 2313 443 2370 tur.
481 2308 702 2370 Multus
733 2325 890 2370 nunc
925 2307 1008 2370 tui
1039 2325 1220 2370 causa
1249 2307 1470 2388 luctus,
1503 2306 1715 2370 urbem
1749 2307 1972 2370 immu-

331 2395 493 2459 tavit.
529 2396 756 2477 Lugent
787 2396 1063 2477 orphani,
1097 2396 1408 2459 tristantur
1437 2397 1646 2473 viduae,
1681 2415 1973 2478 pauperes

326 2485 749 2550 lamentantur.
783 2487 896 2561 Qui
930 2505 1181 2568 corpore
1238 2495 1378 2549 sunt
1428 2487 1582 2549 male
1627 2487 1968 2562 constituto,

327 2577 550 2656 quique
601 2577 867 2639 animum
925 2577 1081 2639 male
1130 2577 1409 2639 affectum
1463 2575 1706 2655 habent,
1739 2576 1840 2636 alii
1871 2595 1972 2657 pa-

327 2672 504 2742 trem,
543 2667 644 2728 alii
676 2666 990 2748 przesidem
1019 2675 1080 2728 et
1112 2675 1447 2746 patronum,
1484 2664 1758 2726 nonnulli
1788 2664 1972 2727 bene-

328 2755 886 2838 factorem,plurimi
902 2764 1023 2816 tum
1040 2755 1224 2818 animi
1239 2763 1360 2818 tum
1381 2756 1651 2836 corporis
1671 2753 1968 2817 medicum

328 2844 642 2926 inquirunt
663 2852 721 2907 et
742 2852 1042 2927 repetunt.
1071 2843 1144 2905 Et
1165 2844 1292 2906 hinc
1323 2843 1563 2925 quidem
1591 2851 1678 2907 est
1711 2861 1971 2924 praesens

329 2933 581 2996 civitatis
608 2935 818 3008 facies,
853 2953 986 3016 quae
1019 2944 1291 3010 tanquam
1325 2933 1551 3010 ingenti
1601 2941 1775 2996 terra
1806 2943 1971 2995 motu

2052 2153 2160 2210 ραι,
2193 2129 2460 2210 ὀδύρονται
2507 2133 2603 2207 μὲν
2651 2133 2887 2211 ὀρφανοὶ,
2935 2129 3206 2208 ὀδύρονται
3259 2129 3488 2196 πένητες
3537 2131 3581 2185 οἱ
3633 2129 3690 2184 τὸ

2055 2227 2212 2294 σῶμα
2268 2220 2550 2298 μαλακῶς,
2613 2224 2661 2277 οἱ
2716 2219 2810 2284 ’τοίς
2872 2221 3052 2300 ψυχὰς
3120 2225 3298 2280 κακῶς
3358 2219 3605 2297 ἔχοντες,
3647 2218 3692 2272 οἱ

2055 2311 2152 2386 μὲν
2207 2311 2298 2367 τὸν
2368 2311 2592 2390 πατέρα,
2653 2314 2701 2368 οἱ
2773 2309 2823 2365 δὲ
2879 2310 2969 2368 τὸν
3012 2309 3340 2388 προστάτην,
3397 2310 3446 2364 οἱ
3501 2306 3554 2363 δὲ
3607 2308 3692 2364 τὸν

2054 2400 2357 2481 εὐεργέτην,
2389 2403 2436 2456 οἱ
2479 2399 2535 2456 δὲ
2591 2401 2680 2456 τὸν
2737 2400 2842 2456 τῶν
2886 2404 3078 2478 ψυχῷν
3128 2404 3410 2468 ζητοῦντες
3457 2399 3545 2455 καὶ
3597 2419 3692 2453 σω-

2053 2489 2236 2563 μάτων
2297 2491 2644 2566 θεραπευτην·
2708 2497 2794 2545 καί
2825 2491 2912 2544 νῦν
2967 2490 3029 2544 τὸ
3061 2487 3250 2566 σχῆμα
3307 2489 3408 2553 τῆς
3467 2485 3689 2566 πόλεως,

2052 2581 2290 2654 ὡσπερεῖ
2373 2585 2578 2652 σεισμῷ
2653 2576 2874 2654 μεγάλῳ
2954 2576 3419 2654 κατασεισθείσης,
3462 2575 3497 2642 ἢ
3577 2575 3692 2636 τοὺς

2052 2667 2280 2743 πύργους
2327 2667 2562 2742 πολέμου
2622 2668 2770 2739 νόπῳ
2821 2664 3258 2735 καταϐληθήσης.
3307 2672 3486 2722 Ταῦτα
3531 2664 3692 2720 πάντα

2052 2755 2228 2822 λύσεις
2300 2757 2594 2836 ἐπιφανείςο
2671 2757 2989 2836 ἐπιφανήσει
3069 2753 3123 2812 δὲ
3195 2756 3436 2835 πάντως,
3493 2757 3536 2809 εἰ
3602 2751 3690 2810 καῖ

2054 2847 2216 2920 μόνον
2272 2845 2450 2923 βούλει
2498 2849 2571 2911 ὡς
2632 2845 2714 2903 ἴδε
2765 2847 2851 2902 καὶ
2898 2847 3064 2920 ἡμεῖς
3113 2843 3306 2910 πάντες
3355 2846 3452 2901 σὺν
3482 2845 3562 2900 σοὶ
3613 2843 3692 2898 καὶ

2052 2938 2230 2992 θανεῖν
2289 2935 2517 3010 ἕτοιμοι,
2575 2936 2749 2994 Ταῦτα
2795 2936 2892 3011 μὲν
2965 2936 3027 2990 τὸ
3084 2933 3288 3001 πλῆθος
3339 2935 3440 2993 οἷα
3507 2930 3692 3012 σφόδρα

329 3043 646 3102 concussa,
682 3026 772 3087 vel
824 3024 1086 3088 turribus
1110 3025 1252 3105 jure
1281 3023 1425 3087 belli
1455 3023 1727 3104 dejectis,
1763 3023 1928 3101 despt

2141 3031 2282 3090 καῶς
2347 3029 2505 3084 αὐτοῦ
2535 3025 2778 3106 ἔχοντες,

328 3123 422 3177 cta
449 3115 624 3194 jacet.
682 3113 843 3196 Haec,
877 3115 928 3176 si
978 3115 1126 3176 tein
1172 3113 1339 3176 urbis
1392 3122 1715 3194 conspectu
1767 3112 2027 3189 dederis,
2063 3113 2268 3174 omnia
2318 3115 2619 3178 restitues.
2660 3114 2750 3175 llli
2808 3121 3030 3188 autem,
3060 3119 3291 3175 tantum
3323 3112 3374 3175 si
3423 3110 3691 3180 volueris,

325 3203 658 3266 illucesces.
712 3206 830 3265 Nos
859 3204 1154 3285 siquidem
1198 3221 1406 3264 omnes
1438 3211 1632 3265 tecum
1687 3201 1905 3275 vivere,
1941 3212 2133 3264 tecum
2191 3204 2338 3264 mori
2400 3205 2586 3284 parati
2617 3222 2844 3266 sumus.
2897 3203 3032 3266 Haec
3094 3203 3337 3281 quidem
3399 3197 3697 3263 multitudo

329 3295 412 3354 uti
445 3292 758 3372 impotenti
790 3293 950 3356 illius
982 3296 1241 3373 flagrans
1269 3291 1596 3366 desiderio,
1625 3291 1882 3353 dicebat.

412 3385 477 3445 L.
513 3382 726 3446 Coacta
749 3403 889 3446 vero
910 3383 982 3446 ad
1005 3384 1193 3446 aedem
1219 3383 1332 3444 divi
1359 3380 1656 3463 Hippolyti
1695 3381 1975 3456 concilio,

331 3473 432 3554 qui
459 3473 622 3536 locus
645 3476 947 3554 proximus
970 3481 1096 3536 erat
1115 3472 1620 3548 carceri,aderant
1642 3490 1826 3552 prope
1845 3484 1981 3532 cen-

338 3570 460 3625 tum
495 3581 564 3625 ac
615 3563 1038 3645 quinquaginta
1091 3563 1378 3642 episcopi,
1412 3580 1662 3642 quorum
1715 3559 1982 3622 nonnulli

333 3653 407 3716 ab
461 3653 709 3717 Oriente
752 3661 1057 3729 venerant,
1092 3658 1247 3714 inter
1297 3671 1446 3732 quos
1481 3653 1903 3715 Constantinus
1947 3667 1983 3710 a

333 3742 556 3806 libellis
584 3743 780 3822 magni
811 3742 1254 3824 archipraisulis
1289 3743 1454 3804 vices
1486 3740 1706 3804 obibat.
1748 3739 1980 3818 Indige-

330 3851 540 3914 nazque
575 3832 849 3894 monachi
899 3850 1110 3894 omnes
1149 3831 1208 3892 in
1241 3831 1511 3893 ordinem
1547 3829 1797 3910 redacti,
1832 3829 1979 3891 ordo

333 3923 475 3984 item
506 3921 791 3984 Ecclesiae
814 3921 1153 4000 universus,
1184 3939 1419 3983 necnon
1438 3920 1671 4002 reliqua
1700 3919 1823 3981 fere
1852 3937 1978 3980 om-

333 4011 427 4072 nis
479 4009 644 4072 urbis
691 4011 1022 4083 multitudo,
1079 4011 1222 4072 illuc
1269 4011 1658 4077 conﬂuxerat.
1719 4007 1977 4071 Omnino

331 4106 530 4162 autem
553 4098 879 4178 Marcus,ac
891 4098 992 4160 alii
1015 4109 1307 4180 praeterea
1327 4099 1592 4179 quinque
1610 4099 1973 4170 sacerdotes,

333 4189 435 4270 qui
465 4188 822 4267 Gregorium
860 4198 1453 4269 accersant,eumque
1475 4187 1706 4267 judicio
1736 4185 1978 4249 concilii

333 4279 568 4354 sistant,
595 4278 990 4341 destinantur.
1021 4279 1132 4352 Qui
1165 4297 1300 4341 cum
1334 4285 1547 4358 praesto
1580 4276 1887 4347 adfuisset,
1916 4276 1979 4338 in

333 4377 548 4431 terram
600 4377 691 4429 ter
733 4387 798 4430 se
839 4368 1152 4442 inclinans,
1190 4387 1432 4430 reorum
1481 4383 1646 4428 more
1695 4365 1976 4428 substitit.

332 4457 521 4518 Porro
583 4457 870 4536 priesules
923 4457 1268 4539 quicunque
1328 4457 1500 4538 paulo
1557 4455 1980 4519 clementiores

333 4554 528 4619 erant,
554 4546 698 4608 dum
730 4566 860 4627 quae
889 4557 1227 4628 agerentur,
1263 4547 1670 4619 intuebantur,
1707 4546 1980 4626 lacrymis

2141 3383 2233 3444 N'.
2307 3391 2414 3451 Τῆς
2488 3383 2543 3440 δὲ
2606 3382 2820 3442 συνόδον
2894 3385 3112 3463 ἔγγιστα
3168 3391 3262 3441 τοῦ
3339 3381 3696 3458 δεσμωτηριου

2059 3476 2188 3551 πρὸς
2244 3475 2306 3530 τὸ
2351 3476 2442 3531 τοῦ
2499 3475 2647 3552 ἁγίου
2711 3466 3023 3532 Ἱππολύτου
3073 3475 3532 3552 συναθροισθείσης
3569 3473 3694 3543 ναῷ,

2060 3566 2308 3641 παρῆσαν
2379 3564 2476 3639 μὲν
2534 3564 2813 3621 ἐπίσκοποι
2883 3562 3078 3644 σχεδὸν
3135 3563 3269 3640 ἀμφὶ
3326 3562 3448 3625 τοὺς
3519 3559 3696 3616 ἑκατὸν

2063 3655 2150 3709 καὶ
2199 3655 2556 3729 πεντήκοντα,
2608 3655 2741 3731 πρὸς
2764 3651 2818 3708 δὲ
2876 3655 3084 3716 τούτοις
3146 3653 3233 3709 καί
3293 3672 3434 3717 τινες
3490 3655 3592 3707 τῶν
3645 3647 3699 3703 ἐκ

2061 3745 2160 3809 τῆς
2221 3741 2394 3817 Ἐῴὰς
2426 3749 2694 3823 παρῇσαν,
2721 3745 2811 3800 καὶ
2859 3743 3016 3806 αὒτὸς
3060 3741 3114 3799 δὲ
3163 3745 3190 3798 6
3225 3738 3563 3822 χαρτοιρύλαξ
3606 3739 3698 3804 τὴν

2059 3839 2152 3888 τοῦ
2224 3832 2462 3911 μεγάλου
2517 3831 2814 3912 ἀρχιερέως
2863 3833 3048 3912 χώραν
3118 3831 3478 3910 ἀποπληρῶν,
3537 3829 3622 3886 καὶ
3672 3829 3698 3883 6

2057 3945 2107 3977 τι
2138 3943 2236 3999 περ
2289 3928 2395 3979 τῶν
2447 3922 2726 4002 ἐγχωρίων
2755 3923 3013 4002 μοναχῶν
3057 3921 3325 4000 ἔγκριτον,
3363 3922 3459 3977 καὶ
3489 3921 3516 3976 6
3568 3917 3698 3985 κλῆ-

2061 4032 2148 4088 ρος
2202 4009 2257 4067 δὲ
2303 4011 2468 4084 ἅπας,
2502 4013 2594 4067 καί
2646 4015 2674 4068 ὁ
2721 4013 2912 4076 λοιπὸς
2968 4011 3106 4075 ὅλως
3151 4009 3348 4090 σχεδὸν
3393 4007 3559 4088 ὄχλος
3607 4011 3698 4074 τῆς

2060 4099 2292 4164 πόλεως.
2352 4099 2671 4158 Στέλλονται
2701 4099 2756 4156 δὲ
2810 4123 2952 4180 παρα
2981 4102 3074 4157 τὸν
3129 4101 3424 4179 Γρηγόριον
3454 4098 3544 4155 ὅτε
3599 4118 3697 4171 μο-

2060 4191 2228 4269 ναχὸς
2289 4190 2512 4269 Μάρχος
2562 4191 2650 4246 καὶ
2702 4189 2870 4268 ἕτεροι
2918 4191 3025 4246 τὶν
3073 4190 3256 4268 ἱερέων
3311 4189 3492 4261 πέντε,
3523 4195 3699 4243 τοῦτον

2063 4280 2135 4341 ὡς
2195 4279 2291 4348 τὴν
2369 4277 2582 4335 σύνοδον
2637 4278 2888 4357 ἀγαγεῖν,
2949 4276 3098 4336 Ἐπεὶ
3159 4279 3248 4335 οὖν
3304 4278 3393 4334 καὶ
3464 4277 3692 4355 ἀφίκετο,

2063 4368 2232 4446 τρίτον
2289 4367 2375 4424 ἐπὶ
2416 4368 2514 4434 τὴν
2583 4366 2683 4444 γῇν
2747 4369 3109 4446 προσκυνήσας
3164 4366 3292 4433 ’έστη
3349 4366 3488 4422 κατὰ
3543 4364 3696 4438 νόμον

2061 4464 2166 4514 τῶν
2250 4458 2571 4536 κρινομένων
2609 4473 2625 4492 ⁸
2707 4456 2942 4535 δακρύων
3026 4455 3080 4512 δὲ
3167 4455 3494 4533 ἐπληροῦντο
3582 4451 3696 4513 τοὺς

2063 4547 2358 4626 ὀφθαλμοὺς
2432 4546 2544 4603 ὅσοι
2627 4551 2730 4602 τῶν
2815 4545 2998 4625 ἱερέων
3079 4545 3215 4613 ἦσαν
3296 4542 3694 4623 θεοφιλέστεροι.

335 4634 540 4696 oculos
566 4621 1263 4718 perfundebaht.lmpuri
1289 4657 1524 4719 quoque
1544 4621 1849 4699 delatores
1865 4654 1928 4698 un

2141 4635 2489 4714 patetﬂnsazv
2547 4634 2602 4691 δὲ
2657 4637 2746 4692 καὶ
2798 4637 2844 4691 οἱ
2901 4637 3078 4714 μιαροὶ
3128 4635 3448 4711 συκοφάνται
3498 4632 3696 4704 σύναμα

333 4741 468 4786 cum
503 4725 725 4788 Sabino
755 4744 824 4786 ac
868 4726 1282 4799 Crescentino,
1309 4728 1516 4788 decem
1542 4743 1720 4806 supra
1741 4733 1978 4786 centum

333 4813 868 4895 assistebant,quos
891 4816 1154 4895 pontifex
1181 4835 1333 4877 max.
1353 4817 1636 4894 morejus
1657 4814 1979 4876 dicentium

332 4903 744 4985 interrogavit,
782 4904 1211 4985 numquidnam
1245 4904 1739 4985 haberent,quod
1762 4906 1980 4981 Grego-

334 4993 427 5056 rio
447 4993 836 5074 possentvitio
855 4996 1261 5074 vertere.quod
1271 5015 1386 5076 que
1403 4995 1639 5057 crimini
1658 5013 1730 5058 no
1742 5012 1876 5056 men
1891 5012 1980 5054 es-

337 5092 448 5146 set.
476 5081 565 5144 Illt
593 5083 891 5146 lasciviam
914 5093 1090 5164 atque
1123 5084 1432 5147 libidinem
1456 5085 1718 5164 objicere
1748 5102 1981 5145 asseve-

339 5171 570 5234 rabant.
604 5172 866 5244 Quorum
901 5175 1228 5238 orationem
1254 5176 1509 5257 pontifex
1538 5173 1927 5256 interpellans
1960 5189 1974 5234 :

338 5262 540 5324 Vosne
567 5264 932 5344 (inquit)ipsi
957 5264 1287 5338 vidistis,an
1313 5266 1626 5328 mulierem
1653 5265 1710 5325 id
1732 5263 1980 5326 audistis

338 5349 668 5412 dicentem?
686 5353 774 5414 llli
791 5371 928 5414 vero
943 5355 1263 5416 commenti
1280 5356 1632 5436 principium
1655 5354 1976 5416 ordientes:

341 5439 461 5501 Nos
491 5441 734 5516 quidem
772 5441 1096 5521 (dixerunt)
1129 5461 1263 5504 cum
1291 5444 1744 5521 ingrederemur
1775 5443 1846 5504 ad
1881 5444 1979 5522 ip-

340 5546 494 5604 sum,
530 5530 714 5592 Deum
766 5531 841 5591 de
876 5549 1039 5593 more
1091 5531 1252 5594 circa
1281 5551 1554 5594 auroram
1589 5530 1880 5595 laudaturi
1924 5537 1983 5591 et

339 5615 662 5694 adoraturi,
693 5617 964 5698 hancque
991 5624 1052 5682 in
1084 5622 1212 5700 ejus
1243 5620 1397 5684 lecto
1428 5621 1743 5687 cubantem
1804 5619 1976 5680 inve-

2065 4723 2269 4800 Σαϐίνῳ
2314 4727 2403 4782 καὶ
2437 4727 2785 4804 Κρισκεντίνῳ
2840 4723 2966 4780 δέκα
3007 4725 3100 4781 τὸν
3143 4724 3361 4801 ἀριθμὸν
3393 4723 3522 4801 πρὸς
3581 4730 3692 4780 τοῖς

2062 4814 2250 4872 ἕκατον
2299 4815 2466 4879 ὄντες·
2517 4817 2603 4879 οὖς
2634 4813 2767 4882 δῆτα
2817 4817 2845 4870 6
2904 4815 3128 4877 πάππας
3173 4810 3692 4889 προσκαλεσάμενος,

2062 4905 2220 4983 ἤρετο
2280 4906 2413 4961 καθὰ
2478 4903 2543 4968 δὴ
2597 4905 2716 4967 τοὺς
2775 4901 3079 4974 δικάζοντας
3135 4906 3310 4978 θέμις,
3356 4900 3453 4958 κᾶν
3512 4895 3694 4956 εἰδότες

2064 4996 2156 5058 τὰς
2197 4993 2476 5071 ἐγκλήσεις
2527 4994 2867 5072 τυγχάνωσιν
2910 4991 2994 5072 ἐφ’
3041 4992 3087 5066 ᾦ
3134 5013 3192 5048 τε
3225 4992 3514 5068 Γρηγορίου
3566 5007 3695 5043 κατ·-

2062 5098 2337 5162 ηγοροῖεν,
2373 5085 2459 5139 καὶ
2518 5083 2567 5138 τί
2624 5086 2685 5138 τὸ
2739 5090 2831 5140 τοῦ
2886 5080 3224 5159 ἐγκλήματος
3285 5080 3475 5153 ὄνομα.
3520 5080 3579 5134 Οἱ
3619 5074 3695 5147 δὲ,

2062 5175 2306 5248 πορνείαν
2377 5173 2520 5246 αὐτῷ
2575 5171 2851 5228 ἐπικαλεῖν
2928 5171 3149 5250 ἔφασαν,
3213 5169 3318 5228 Καὶ
3383 5171 3412 5224 6
3482 5168 3695 5224 πάππας

2063 5262 2364 5342 ὑπολαϐὼν,
2427 5263 2653 5338 Πότερον
2695 5260 2750 5317 δὲ
2810 5263 2964 5336 ὕμεϊς
3023 5261 3194 5333 αὐτοὶ,
3229 5261 3382 5338 φησὶ,
3439 5257 3695 5332 ἑωράκατε

2064 5350 2100 5419 ἢ
2130 5357 2226 5418 τῆς
2272 5353 2518 5429 γυναικὸς
2550 5351 2810 5428 λεγούσης
2859 5351 3124 5418 ἠκούσατε
3159 5369 3176 5424 ;
3237 5348 3487 5406 Κάκεῖνοι
3518 5344 3694 5400 λοιπὸν

2062 5448 2155 5498 τοῦ
2186 5439 2498 5516 πλάσματος
2533 5441 2707 5518 ἀρχὴν
2738 5442 3071 5516 ποιούμενοι,
3109 5437 3303 5513 Ἡμεῖς
3357 5435 3478 5513 μέν,
3517 5434 3689 5500 εἶπον,

2063 5529 2329 5605 εἰσῄειμεν
2378 5529 2500 5608 παρ’
2545 5529 2703 5586 αὑτὸν
2749 5531 2816 5586 τὰ
2848 5529 3046 5597 συνήθη
3093 5529 3212 5606 περὶ
3268 5527 3364 5593 τὴν
3412 5525 3486 5581 ἕω
3528 5543 3692 5600 προσ-

2064 5626 2302 5699 οροῠντες
2354 5620 2441 5676 καὶ
2489 5621 2970 5699 προσκυνήσοντες·
3034 5618 3270 5696 εὑρόντες
3321 5613 3373 5671 δὲ
3409 5614 3599 5680 ταύτην
3643 5609 3694 5666 ἐν
