3918 6138
349 258 466 335 259
1648 260 1930 335 MENSIS
1969 260 2411 335 NOVEMBER.
3585 274 3694 341 260

348 403 438 467 illi
467 405 529 465 in
559 404 858 483 voluptate
886 392 1088 464 fuisse.
1117 395 1233 464 Sed
1267 403 1364 463 isti
1393 400 1705 482 (Sabinum
1735 421 1803 464 ac
1835 404 1974 466 Cre-

2087 427 2164 462 εον
2213 408 2400 480 οὕτως,
2435 406 2555 465 ἀλλ’
2612 406 2754 466 οὗτοι
2787 407 3010 474 δείξασα
3062 406 3282 465 Σαϐίνον
3325 411 3410 467 καὶ
3455 420 3690 490 Κρισκενο

350 495 686 556 scentinum
714 491 1544 573 indicans),isti,inquam,me
1569 509 1777 568 magna
1801 511 1974 574 pecu-

2087 509 2239 570 ;τνον,
2273 497 2415 554 οὗτοί
2465 520 2556 578 με,
2601 500 2750 579 φησὶ,
2787 500 3062 579 χρήμασιν
3123 500 3327 563 ἱκανοῖς
3377 497 3693 567 δελεάσαντες

349 584 450 644 nia
481 583 875 664 decipientes,
913 600 1018 662 pro
1045 581 1381 644 testimonio
1415 582 1474 642 in
1499 581 1686 641 virum
1717 593 1974 643 sanctum

2087 593 2161 643 εοῦ
2213 586 2361 662 ἁγίου
2417 589 2701 645 κατειπεῖν
2753 589 3057 667 ἀνέπεισαν,
3092 592 3180 651 οἷς
3235 588 3546 664 ἀνταποδῴη
3593 593 3691 650 Κύ-

349 673 553 735 dicere
605 679 1067 754 persuaserunt:
1130 670 1349 751 quibus
1377 670 1668 732 Dominus
1715 671 1788 732 ob
1841 672 1974 746 huic,

2087 698 2183 739 ›ιος
2244 675 2540 735 ἀδικώτατά
2597 681 2713 754 περὶ
2771 679 2868 753 ἐμὲ
2932 676 3283 755 διανοηθεῖσι,
3323 679 3408 735 καὶ
3460 681 3552 746 τὴν
3605 682 3695 756 μὲν

351 782 483 844 quae
531 763 688 824 circa
721 780 814 822 me
846 761 1238 841 injustissime
1299 761 1653 840 cogitarunt,
1689 762 1986 840 rependit,

351 861 415 913 ut
443 853 656 913 animae
701 852 940 932 quidem
989 850 1259 931 interitu,
1294 869 1544 931 corpore
1577 868 1716 910 vero
1767 849 1996 911 insania

349 941 635 1003 exitiabili
679 942 827 1002 duos
855 942 974 1017 jam
1025 958 1232 1015 annos,
1269 955 1509 1001 menses
1565 958 1666 1002 sex
1709 938 1994 1019 implicati

347 1039 714 1091 tenerentur.
746 1029 882 1089 Haec
915 1029 1108 1103 effata,
1146 1029 1462 1108 episcopos
1492 1045 1701 1089 omnes
1730 1028 1992 1091 circum-

346 1119 656 1199 spiciebat.
717 1118 937 1179 Videns
988 1125 1182 1179 autem
1239 1115 1613 1193 Gregorium,
1679 1121 1994 1198 ipsumque

345 1226 737 1286 cognoscens,
774 1208 1129 1270 festinanter
1158 1225 1291 1268 sesc
1321 1207 1480 1268 illius
1529 1208 1600 1267 ad
1636 1207 1819 1286 pedes
1851 1226 1992 1287 pro-

336 1297 505 1376 jecit,
539 1297 865 1376 Ingensque
890 1297 1298 1370 vehementer,
1328 1315 1504 1359 voces
1540 1296 1792 1358 maxime
1818 1297 1991 1358 mise-

342 1387 562 1449 rabiles
590 1387 916 1461 emittebat,
953 1387 1398 1465 deceptionem,
1421 1386 1899 1465 calumniamquc
1929 1386 1989 1447 in

341 1476 533 1536 virum
567 1484 835 1536 sanctum
873 1475 1120 1536 multum
1175 1474 1422 1548 deflens,
1460 1473 1686 1536 veniam
1719 1475 1832 1536 sibi
1864 1475 1991 1537 dari

343 1564 662 1643 flagitabat.
696 1565 798 1626 llle
824 1565 1048 1624 luctum
1073 1564 1200 1643 ejus
1227 1564 1563 1644 miseratus,
1596 1564 1992 1645 eamdemque

341 1653 428 1714 illi
485 1654 668 1715 animi
697 1653 1076 1715 affectionem
1135 1653 1334 1715 inesse
1383 1672 1688 1716 cernens:
1740 1652 1991 1716 Peccata

343 1744 584 1823 quidem
611 1745 972 1805 condomare
991 1742 1301 1823 (inquit),o
1316 1743 1681 1817 mulier,non
1695 1752 1984 1824 nostrum,

342 1821 448 1895 sed
481 1834 668 1895 solius
692 1842 782 1896 est
806 1837 932 1896 Dei.
972 1821 1401 1911 Horumigitur
1430 1833 1818 1914 illeitemque
1849 1821 1985 1894 om;
2013 1821 2048 1870 Β

340 1923 530 1996 nium,
557 1923 662 1984 tibi
693 1922 920 1985 veniam
955 1923 1097 1983 dare
1122 1931 1338 2002 potest.
1371 1923 1494 2002 Ego
1515 1942 1818 2003 vero,qu:e
1840 1941 1987 1984 meae

341 2019 538 2092 partes
561 2021 722 2088 sunt,
750 2031 855 2092 pro
883 2021 936 2072 te
968 2011 1175 2084 orabo,
1205 2021 1264 2073 et
1293 2011 1426 2087 tibi,
1452 2030 1585 2092 quae
1616 2013 1676 2073 in
1712 2029 1806 2072 me
1842 2031 1984 2092 pec-

341 2102 485 2182 casi,
520 2102 712 2164 libens
767 2101 1087 2163 remittam.
1141 2101 1425 2182 Idemque
1468 2101 1626 2163 illico
1658 2101 1720 2164 in
1779 2119 1985 2181 preces

338 2189 630 2263 incubuit,
664 2190 939 2272 Deusque
985 2191 1071 2252 illi
1124 2191 1411 2271 propitius
1459 2191 1590 2272 fuit,
1629 2211 1761 2253 mox
1798 2210 1977 2253 manu

337 2280 500 2342 illam
535 2281 1020 2362 apprehendens,
1052 2280 1264 2343 erexit.

418 2368 738 2434 LIIl.Dum
765 2371 892 2432 haec
922 2369 1596 2450 aguntur,admiratione
1616 2388 1823 2432 omnes
1853 2379 1985 2433 stu-

337 2459 562 2532 pefaczi,
588 2461 862 2531 Gregorio
892 2469 1162 2531 tanquam
1187 2473 1359 2530 supra
1394 2461 1703 2516 humanam
1724 2467 1984 2516 naturam

336 2559 565 2632 evecto,
601 2552 658 2611 in
691 2557 992 2630 posterum
1047 2550 1376 2612 hairebant.
1410 2550 1579 2612 Hunc
1627 2550 1846 2610 exitum
1883 2550 1983 2611 illo

337 2641 435 2702 die
463 2641 535 2702 lis
567 2649 626 2703 et
654 2639 961 2702 contentio
997 2648 1170 2701 nacta
1211 2648 1304 2701 est
1335 2659 1353 2715 ;
1386 2639 1447 2699 in
1479 2639 1693 2716 hisque
1728 2638 1984 2700 concilio

334 2731 602 2802 dimisso,
641 2731 952 2796 mulierem
975 2728 1292 2792 clementia
1313 2728 1586 2809 judicum
1609 2729 1858 2790 inultam
1883 2729 1985 2790 ha-

334 2820 466 2884 buit
496 2843 511 2897 ;
545 2821 842 2884 delatores
875 2839 1009 2883 vero
1039 2820 1100 2881 in
1135 2819 1396 2880 medium
1430 2826 1718 2900 statuunt,
1751 2827 1813 2880 ut
1841 2837 1978 2898 gra-

333 2911 463 2973 vius
493 2910 612 2972 illis
666 2910 1021 2991 supplicium
1048 2908 1308 2990 pontifex
1340 2909 1630 2970 maximus
1659 2908 1973 2988 irrogaret.

331 2999 754 3081 Indignabatur
766 3002 922 3062 enim
939 3019 1004 3061 se
1017 3001 1091 3061 ab
1105 2999 1220 3060 illis
1244 2999 1463 3078 pariter
1479 3016 1611 3061 esse
1627 2997 1971 3079 deceptum.

331 3091 590 3152 Proinde
611 3091 741 3152 illos
767 3091 1018 3169 primum
1040 3090 1282 3150 offensis
1296 3089 1510 3150 animis
1532 3097 1591 3150 et
1614 3089 1978 3168 gravissimis

2075 766 2256 844 ψυχὴν
2315 766 2577 840 ἀπωλείᾳ,
2611 769 2672 823 τὸ
2721 765 2775 822 δὲ
2832 773 2986 842 σῶμα
3043 765 3325 842 δαιμονικῇ
3377 766 3694 845 περιϐαλοῦσι

2078 855 2237 930 μανίᾳ
2290 858 2506 935 χρόνοις
2563 855 2666 923 ἤδη
2716 855 2826 912 δυσὶ
2861 858 2992 934 πρὸς
3048 859 3212 930 μησὶν
3263 855 3334 922 ἕξ.
3401 867 3561 916 Ταῦτα
3623 862 3695 915 εἰ-

2078 954 2248 1002 ποῦσα
2299 947 2387 1002 καὶ
2454 946 2569 1020 ἅμα
2639 947 2840 1008 πάντας
2911 943 3347 1024 περιϐλεψαμένη
3401 948 3516 1012 τοὺς
3581 950 3697 1004 επι-

2079 1035 2328 1104 σκόπους,
2362 1034 2663 1109 θεασαμένη
2725 1057 2781 1090 τε
2841 1037 2930 1091 τὸν
2990 1038 3279 1112 Γρηγόριον
3327 1037 3412 1090 καὶ
3462 1036 3699 1114 ἐπιγνοῦ-

2080 1145 2144 1178 σα
2199 1124 2378 1204 αὒτὸν,
2437 1121 2616 1202 δρόμῳ
2687 1125 2866 1180 πίπτει
2922 1126 3054 1202 πρὸς
3123 1125 3245 1187 τοὺς
3320 1123 3474 1182 αὐτοῦ
3523 1124 3696 1201 πόδας,

2078 1212 2366 1290 δακρύουσά
2418 1235 2472 1268 τε
2526 1214 2908 1293 ἀκατασχέτως
2969 1214 3053 1269 καὶ
3104 1215 3440 1290 οἰκτροτάτας
3495 1214 3700 1295 ἀφιεῖσα

2075 1303 2253 1381 φωνὰς
2300 1301 2475 1358 πολλά
2536 1325 2586 1358 τε
2635 1302 3028 1378 μετακλαίουσα
3089 1303 3183 1369 τῆς
3222 1303 3430 1370 ἀπάτης
3475 1306 3558 1360 καὶ
3609 1308 3697 1371 τῆς

2073 1393 2146 1454 εἷς
2204 1393 2294 1448 τὸν
2352 1392 2500 1469 ἅγιον
2559 1394 2905 1470 συκοφαντίας
2963 1393 3286 1470 συγγνώμην
3351 1391 3696 1468 ἐξαιτουμένη.

2074 1479 2133 1537 Ὀ
2187 1478 2240 1534 δὲ
2295 1482 2424 1558 πρὸς
2458 1483 2640 1538 οἶκτον
2700 1480 2822 1537 ἰδὼν
2878 1483 2965 1537 καὶ
2994 1481 3260 1554 συμπαθὲς
3315 1481 3447 1549 αὖτῆ
3489 1483 3697 1557 βλέψας,

2076 1572 2146 1628 Τὸ
2203 1570 2300 1644 μὲν
2360 1572 2591 1644 ἀφιέναι,
2654 1574 2783 1648 φησὶ
2853 1571 3111 1648 ἁμαρτίας
3183 1573 3287 1649 οὐχ
3344 1573 3520 1650 ἡμῶν,
3577 1569 3703 1627 ἀλλὰ

2075 1660 2260 1734 μόνου,
2321 1659 2494 1736 γύναι,
2543 1667 2695 1716 τοῦτο
2763 1667 2916 1717 Θεου.
2977 1662 3144 1723 Αὐτὸς
3203 1659 3292 1715 οὖν
3347 1657 3557 1724 δυνατός
3598 1659 3702 1716 ἐστι

2075 1751 2163 1808 καὶ
2208 1748 2406 1804 τούτων
2465 1751 2553 1805 καὶ
2609 1750 2820 1805 πάντων
2876 1751 3008 1824 ὁμοῦ
3068 1747 3245 1806 δοῦναί
3288 1771 3372 1805 σοι
3427 1748 3523 1816 τὴν
3578 1772 3702 1827 συγ-

2076 1838 2341 1918 χώρησιν.
2400 1838 2542 1915 Ἐγὼ
2579 1837 2634 1894 δὲ
2681 1839 2742 1893 τό
2802 1860 2863 1916 γε
2924 1839 3052 1912 ἐμὸν
3101 1838 3256 1915 μέρος
3287 1840 3378 1892 καὶ
3434 1836 3700 1916 ὑπερεύξο-

2071 1929 2164 2002 μαί
2218 1950 2311 1983 σου
2371 1929 2457 1983 καὶ
2516 1929 2838 2006 συγγνώμην
2895 1935 3064 2002 νεμῶ,
3123 1929 3210 1983 καὶ
3268 1927 3382 2002 ἅμα
3439 1928 3702 2008 ἑπηόχετο

2068 2018 2154 2074 καὶ
2182 2016 2385 2074 ἱλεοῦτο
2416 2019 2476 2072 τὸ
2506 2020 2652 2074 θεῖον
2709 2019 2897 2093 ἐαυτῇο
2930 2018 3054 2073 εἶτα
3083 2017 3172 2074 καὶ
3229 2021 3327 2083 τῆς
3361 2018 3545 2096 χειρὸς
3602 2017 3698 2074 λα-

2067 2103 2288 2182 ϐόμενος
2317 2104 2550 2184 ἤγειρεν.

2148 2374 2276 2437 ΝΓ’,
2337 2374 2629 2438 ’Έκστασις
2701 2372 2758 2431 δὲ
2829 2374 3032 2438 πάντας
3113 2370 3422 2454 ἐλάμϐανε,
3483 2375 3570 2431 καὶ
3632 2377 3700 2436 ὡς

2068 2466 2330 2543 κρείττονι
2391 2463 2578 2521 λοιπὸν
2609 2463 2643 2532 ἢ
2705 2463 2840 2520 κατά
2895 2462 3166 2542 ἄνθρωπον
3216 2463 3492 2542 Γρηγορίῷ
3539 2483 3700 2537 προσ-

2069 2567 2248 2633 εῖχον.
2322 2560 2568 2611 Τοιοῦτον
2619 2553 2738 2609 κατ’
2796 2551 3001 2619 ἐκείνην
3070 2551 3274 2628 ἡμέραν
3344 2559 3440 2609 τοῦ
3507 2552 3699 2631 ἀγῶνος

2067 2643 2228 2719 πέρας
2285 2640 2566 2722 λαϐόντος,
2601 2643 2690 2699 καὶ
2749 2642 2836 2699 ἐπὶ
2892 2643 3096 2703 τούτοις
3147 2646 3242 2698 τοῦ
3284 2639 3546 2720 συλλόγου
3589 2638 3699 2698 δια-

2066 2730 2328 2811 λυθέντος,
2392 2731 2490 2799 τὴν
2561 2729 2678 2800 ἐξῆς
2751 2738 2858 2788 τῶν
2937 2729 3224 2805 ἐπιτιμίων
3291 2731 3338 2788 οἱ
3417 2727 3699 2801 δικάζοντες

2065 2820 2362 2896 ἐποιοῦντο,
2420 2821 2507 2878 καὶ
2563 2817 2751 2896 ἄγουσι
2807 2821 2929 2885 τοὺς
2993 2817 3324 2896 κατηγόρους
3379 2824 3453 2884 εἰς
3524 2819 3694 2893 μέσον.

2066 2912 2162 2968 Καὶ
2222 2913 2249 2967 ὁ
2292 2911 2539 2990 παππας,
2575 2909 2668 2967 ’ίνοι
2726 2931 2786 2987 γε
2815 2910 2903 2967 καὶ
2958 2908 3246 2986 βαρυτέραν
3293 2907 3558 2987 ἐπενέγκῃ
3605 2908 3696 2976 τὴν

2059 3003 2338 3078 τιμωρίαν,
2398 3001 2720 3081 ἐχαλέπαινε
2801 3001 2899 3077 γὰρ
2957 2997 3039 3078 ἐφ’
3100 2998 3191 3063 οῖς
3250 3000 3336 3054 καὶ
3412 2999 3564 3063 αὐτὸς
3615 2999 3695 3054 ὑπ’

2061 3090 2232 3146 αὐτῶν
2291 3093 2565 3164 ἠπατήθη,
2597 3088 2940 3168 σφοδρότερον
2991 3090 3081 3145 τὸν
3132 3090 3265 3164 πρὸς
3329 3089 3514 3152 αὐτοὺς
3568 3109 3694 3144 κατ-

331 3179 534 3242 verbis
564 3180 814 3260 excepit,
845 3198 913 3241 ac
939 3196 1069 3240 cum
1103 3179 1217 3239 alia
1240 3181 1505 3258 ipsorum
1535 3190 1668 3239 acta
1691 3197 1974 3258 persecu-

2089 3201 2225 3236 τεινε
2282 3179 2467 3257 λόγον,
2525 3181 2592 3235 τά
2646 3201 2704 3234 τε
2766 3177 2902 3235 ἄλλα
2962 3177 3133 3235 αὐτῶν
3205 3181 3558 3258 κατατρέχων
3611 3179 3696 3232 καί

335 3278 450 3344 tus,
486 3278 607 3331 tum
642 3269 702 3329 in
734 3267 942 3350 primis
973 3269 1156 3329 multa
1184 3286 1252 3328 ac
1286 3268 1446 3328 varia
1485 3269 1753 3346 Gregorii
1789 3269 1976 3329 mira-

331 3359 630 3439 cula,qum
655 3359 889 3420 fuerant
907 3359 967 3419 in
990 3358 1178 3419 oculis
1196 3375 1402 3419 eorum
1427 3357 1613 3432 edita,
1638 3356 1756 3419 illis
1777 3359 1970 3435 graviu

334 3455 425 3510 ter
453 3447 888 3529 exprobrabat;
920 3466 989 3509 ac
1024 3456 1088 3508 ut
1115 3447 1407 3526 principio
1433 3446 1674 3525 quidem
1703 3455 1968 3509 sanctum

331 3539 615 3620 Spiritum
671 3540 799 3617 ejus
845 3546 1020 3618 caput
1051 3537 1536 3617 adumbrantem,
1570 3545 1775 3617 postea
1829 3555 1968 3599 vero

330 3629 512 3690 surdo
544 3628 864 3708 eidemque
894 3635 1055 3688 muto
1089 3627 1402 3692 sanitatem
1427 3627 1775 3688 afferentem
1805 3626 1970 3688 vide-

327 3728 484 3794 rant,
518 3717 634 3779 alia
679 3725 984 3797 praeterea,
1020 3735 1391 3797 quiscunque
1436 3716 1524 3778 vir
1553 3734 1691 3778 vere
1737 3716 1968 3778 divinus

326 3807 762 3869 admirabiliter
793 3807 1086 3887 praestitit,
1109 3806 1525 3887 percensebat,
1557 3805 1619 3867 in
1651 3805 1968 3888 ipsumque

326 3897 658 3977 praesertim
683 3893 966 3957 Sabinum
1001 3897 1199 3956 acrius
1220 3895 1744 3970 invebebatur,cui
1778 3914 1972 3976 neque

331 3984 467 4046 filim
489 3985 715 4046 curatio
733 3984 952 4063 lignam
975 3985 1482 4064 compescuit,nec
1506 4004 1538 4046 a
1555 3985 1974 4048 maledicentia

325 4073 825 4154 vindicavit,quin
851 4073 1048 4154 potius
1073 4083 1186 4136 tam
1215 4073 1758 4151 tulissetacerbc,ut
1780 4075 1968 4136 virum

328 4163 404 4225 de
423 4181 486 4225 se
507 4163 730 4242 optime
747 4164 1048 4244 meritum,
1075 4172 1274 4244 totque
1287 4165 1658 4226 curationum
1684 4165 1974 4226 beneficia

326 4253 752 4332 ingratitudine
775 4272 844 4315 ac
876 4252 1235 4315 contumelia
1265 4252 1850 4334 compensaretjlaec
1871 4254 1971 4316 ille

323 4342 578 4418 locutus,
608 4342 791 4422 jussit
854 4341 1112 4404 Felicem
1164 4344 1511 4422 episcopum
1558 4345 1775 4418 omnia,
1838 4363 1972 4419 quae

301 4440 448 4497 .tum
472 4434 718 4512 viderat,
743 4453 876 4494 cum
899 4433 971 4493 ad
998 4434 1188 4494 virum
1223 4440 1492 4494 sanctum
1515 4432 1575 4494 in
1599 4433 1743 4496 sede
1775 4434 1968 4495 collo-

2059 3270 2290 3344 μάλιστα
2353 3271 2418 3325 τὰ
2474 3267 2649 3324 πολλὰ
2705 3267 2886 3331 αὐτοῖς
2958 3267 3198 3341 θαύματα
3255 3273 3349 3323 τοῦ
3423 3267 3697 3346 Γρηγορίου

2057 3355 2480 3437 προσονειδίζων,
2557 3357 2691 3434 ἅπερ
2763 3356 2816 3412 ἐν
2887 3354 3181 3435 ὀφθαλμοῖς
3247 3355 3467 3414 ἐκείνων
3533 3377 3693 3435 πρατο

2054 3449 2276 3528 τόμενα,
2311 3450 2397 3504 καὶ
2443 3447 2587 3510 ὅπως
2639 3445 2757 3502 κατ’
2811 3446 2985 3525 ἀρχὰς
3024 3445 3121 3520 μὲν
3175 3447 3236 3502 τὸ
3291 3449 3438 3504 θεῖον
3496 3451 3698 3520 Πνεῦμα

2053 3537 2151 3604 τὴν
2203 3535 2446 3618 κεφαλὴν
2503 3540 2662 3594 αὑτοῦ
2721 3535 3042 3592 ἐπεσκιάσαν
3099 3533 3304 3615 ἐώρων,
3351 3540 3490 3611 μετὰ
3546 3537 3700 3591 ταῦτα

2053 3625 2109 3682 δέ
2157 3634 2233 3700 τῷ
2262 3633 2427 3706 κωφῷ
2467 3628 2555 3683 καὶ
2587 3624 2769 3699 ἀλάλῳ
2825 3623 2966 3700 μάλα
3021 3621 3208 3701 ῥᾷδίως
3240 3647 3338 3691 την
3389 3625 3535 3682 ἴασιν
3564 3645 3698 3699 παρ-

2054 3716 2357 3796 εχόμενον,
2420 3716 2507 3772 καὶ
2577 3713 2746 3771 τᾶλλα
2804 3714 2902 3770 ὅσα
2942 3711 3268 3790 παραδόξως
3336 3720 3418 3788 τῷ
3490 3713 3695 3780 ἀληθῶς

2054 3805 2312 3884 ἀνθρώπῳ
2357 3815 2450 3865 τοῦ
2508 3811 2639 3861 eam}
2685 3802 3062 3882 διαπέπρακτο.
3122 3804 3373 3860 Μάλιστα
3437 3801 3493 3860 δὲ
3541 3801 3695 3864 πολὺς

2058 3895 2124 3962 ἦν
2177 3903 2270 3952 τοῦ
2320 3892 2545 3952 Σαϐίνου
2591 3895 2928 3973 κατηγορῶν,
2962 3891 3044 3950 ὅτι
3101 3890 3238 3968 μηδὲ
3297 3894 3330 3961 ἡ
3380 3897 3482 3960 τῆς
3539 3895 3696 3970 θυγα-

2056 3986 2178 4064 τρὸς
2210 3986 2351 4060 αὐτῷ
2379 3984 2526 4063 ὑγεία
2556 3983 2653 4051 τὴν
2685 3983 2928 4060 γλῶτταν
2984 3981 3212 4062 ἐπέσχε,
3244 3980 3384 4058 μηδὲ
3415 3989 3509 4039 τοῦ
3538 3981 3697 4059 βλασ-

2055 4087 2258 4150 φημεῖν
2320 4073 2569 4149 ἔπαυσεν,
2619 4070 2740 4130 ἀλλ’
2796 4072 2963 4138 οὕτως
3021 4070 3248 4139 ὡδίνησε
3307 4077 3512 4151 πικρῶς
3565 4070 3694 4148 μετὰ

2054 4169 2152 4230 τῆς
2221 4163 2603 4242 ἀγνωμοσύνης
2663 4162 2760 4218 καί
2815 4162 2912 4229 τὴν
2969 4161 3338 4241 συκοφαντίαν,
3399 4165 3485 4219 καὶ
3541 4165 3692 4240 θερα-

2053 4253 2227 4316 πείαις
2305 4253 2569 4318 τοιαύταις
2644 4253 2735 4308 τὸν
2818 4250 3095 4331 εὐεργέτην
3157 4252 3453 4327 ἠμείψατο.
3527 4259 3693 4310 Ταῦτα

2053 4343 2151 4416 μὲν
2210 4345 2364 4407 αὐτὸς
2419 4342 2620 4422 ἔλεγεν⁸
2696 4340 2942 4400 Ἐκέλευε
2998 4339 3055 4397 δὲ
3114 4342 3203 4398 καὶ
3281 4347 3358 4416 τῷ
3424 4341 3695 4413 ἐπισκόπῳ

2051 4431 2249 4500 Φήλικι
2311 4434 2483 4490 πάντα
2515 4435 2651 4490 κατὰ
2701 4431 2860 4511 μέρος
2889 4432 3087 4509 εἶπεῖν,
3118 4429 3316 4510 ὅσαπερ
3362 4430 3525 4494 αὐτὸς
3567 4427 3691 4503 ἴδοι,

324 4523 577 4584 candum
625 4533 713 4584 est
747 4523 983 4598 missus,
1010 4523 1347 4600 singulatim
1382 4539 1766 4600 percensere.
1803 4524 1964 4586 Feli-

2087 4521 2212 4576 πότε
2269 4519 2334 4588 δὴ
2384 4523 2475 4578 καὶ
2525 4520 2802 4588 ἀπεστάλη
2873 4525 2951 4594 τῷ
3019 4525 3119 4587 τῆς
3177 4523 3481 4588 ἐπισκοπῆς
3533 4518 3694 4598 θρόνῳ

324 4629 454 4672 cem
487 4611 667 4690 igitur
697 4611 896 4672 omnia
927 4622 1263 4672 narrantem
1297 4631 1433 4673 cum
1468 4612 1736 4692 episc0pi
1769 4613 1969 4675 audis-

323 4709 479 4777 sent,
511 4701 822 4764 admiratio
848 4701 979 4762 illos
1007 4719 1077 4763 ac
1107 4711 1313 4784 stupor
1333 4703 1550 4764 invasit
1583 4720 1598 4776 ;
1625 4703 1773 4764 nihil
1806 4704 1966 4766 enim

322 4791 538 4854 horum
573 4811 832 4872 unquam
865 4789 1198 4853 audierant.

401 4969 851 5035 L1V.C:eterum
871 4970 1170 5034 delatores
1182 4972 1327 5034 nihil
1344 4972 1724 5050 habentes,in
1745 4991 1860 5054 quo
1877 4973 1964 5034 vel

321 5080 389 5125 os
414 5070 659 5143 possent
686 5062 758 5124 ad
783 5061 909 5123 haec
938 5063 1200 5143 aperire,
1227 5062 1300 5125 ad
1326 5063 1546 5124 luctum
1569 5081 1637 5125 ac
1667 5063 1966 5143 lacrymas

319 5152 754 5233 confugientes,
788 5152 888 5214 illa
916 5153 1122 5234 quovis
1150 5172 1428 5215 sermone
1454 5153 1702 5230 veriora,
1736 5154 1809 5215 ad
1843 5171 1965 5216 ma,

317 5241 698 5304 ledicentiam
721 5260 790 5303 ac
819 5243 1238 5305 contumeliam
1270 5243 1662 5323 detegendam
1695 5243 1955 5306 afﬁrma-

319 5330 488 5393 bant.
523 5330 921 5404 Quamobrem
963 5332 1287 5412 conscripti
1319 5331 1522 5396 Patres
1552 5333 1684 5395 illos
1713 5333 1868 5395 inter
1895 5351 1961 5394 se

317 5419 907 5498 dngregant,etalios
924 5421 1163 5501 quidem
1183 5440 1261 5483 ex
1281 5421 1560 5502 imperita
1581 5421 1960 5484 multitudine

317 5509 394 5574 ad
435 5510 738 5586 octoginta
768 5510 841 5572 ab
895 5529 1012 5572 una
1043 5521 1208 5592 parte
1258 5513 1640 5573 constituunt.
1677 5511 1960 5574 Ecclesiae

315 5619 458 5671 vero
488 5598 813 5680 ministros,
847 5601 1154 5685 sacrisque
1206 5600 1396 5665 solum
1427 5602 1708 5682 initiatos,
1743 5601 1816 5666 ad
1847 5602 1956 5664 tri-

2053 4609 2421 4690 ἐγκαθιδρόσαι
2480 4613 2571 4668 τὸν
2641 4610 2815 4690 ἅγιον,
2874 4619 2978 4670 Τοῦ
3046 4619 3172 4688 γοῦν
3228 4607 3469 4680 Φήλικος
3525 4609 3692 4666 πάντα

2053 4697 2401 4778 διηγουμένου
2474 4701 2752 4764 ἀκούοντες
2823 4701 2873 4758 οἱ
2929 4699 3209 4757 ἐπίσκοποι
3287 4697 3542 4770 ἐκπλήξει
3610 4697 3694 4754 καὶ

2051 4790 2244 4869 ἀπορίᾳ
2301 4791 2640 4870 κατείχοντο.
2676 4788 2836 4850 Οὐδὲν
2893 4791 2992 4868 γὰρ
3039 4787 3244 4847 οὐδέπω
3290 4790 3494 4846 τούτων
3551 4788 3689 4854 ἀκη-

2052 4879 2236 4944 κοότες
2268 4880 2588 4960 ἐτύγχανον.

2130 4969 2271 5032 ΝΔ¹.
2305 4971 2365 5028 Οἱ
2407 4971 2697 5051 κατήγοροι
2745 4968 2799 5028 δε
2856 4971 2988 5051 πρὸς
3039 4976 3203 5026 ταῦτα
3251 4967 3419 5046 μηδὲν
3480 4967 3693 5050 ἔχοντες

2047 5060 2128 5140 ἐφ’
2173 5063 2221 5134 ᾧ
2250 5059 2312 5117 ἂν
2364 5062 2457 5118 καὶ
2489 5063 2662 5137 στόμα
2711 5061 2992 5136 ἀνοίξαιεν,
3037 5061 3112 5123 εἰς
3155 5059 3373 5138 θρήνους
3431 5057 3691 5139 κατέφευ-

2045 5152 2141 5229 γόν
2196 5173 2252 5206 τε
2310 5153 2398 5208 καὶ
2445 5149 2662 5229 δάκρυα,
2696 5151 2982 5228 πιστότερα
3031 5158 3196 5208 ταῦτα
3249 5148 3449 5213 παντὸς
3508 5147 3689 5226 λόγου,

2045 5243 2175 5321 πρὸς
2231 5242 2330 5308 τὴν
2400 5245 2499 5308 τῆς
2565 5240 2914 5320 συκοςρκντίας
2985 5236 3320 5303 ἀποδιδόντες
3376 5237 3687 5317 ὀπολογίαν,

2046 5339 2314 5410 Διαιροῦσι
2344 5331 2518 5389 τοίνυν
2561 5331 2745 5396 αὖτοὺς
2777 5327 2873 5388 ἀπ’
2921 5327 3172 5399 ἀλλήλων
3221 5330 3268 5386 οἱ
3295 5332 3394 5396 τῆς
3449 5325 3684 5402 συνόδου,

2043 5422 2137 5478 καῖ
2183 5423 2303 5485 τοὺς
2348 5421 2443 5498 μὲν
2473 5426 2566 5479 τοῦ
2620 5420 2810 5480 λοιποῦ
2837 5417 3067 5486 πλήθους
3100 5419 3174 5482 είς
3232 5417 3568 5496 ὀγδοήκοντα
3601 5418 3689 5475 τὸν

2041 5511 2260 5591 ἀριθμὸν
2321 5511 2475 5578 δντας
2530 5511 2585 5566 ἐν
2642 5511 2789 5591 μέρει
2850 5507 3037 5580 στῆναι
3101 5505 3396 5590 κελεύουσι,
3455 5509 3580 5573 τοὺς
3634 5505 3685 5564 δὲ

2039 5624 2132 5661 του
2183 5601 2626 5675 ἐκκλησιαστικοῦ
2682 5600 2880 5682 κλήρου
2913 5602 2986 5668 εἰς
3043 5600 3324 5685 τριάκοντα
3384 5599 3473 5658 καὶ
3527 5599 3684 5660 πόνον
