3992 6134
193 255 274 334 tst
1268 263 1455 342 VlTA
1499 268 1560 340 s.
1608 259 1976 338 GREGORII
2019 257 2560 338 AGRIGENTINI‘.
3483 261 3602 340 262

199 408 454 477 τελοῦντας
531 413 799 491 ἑτέρωθι·
904 415 1141 474 Σαϐίνου
1207 411 1259 470 δὲ
1342 415 1428 469 καὶ
1515 414 1875 491 Κρισκεντίνου

1972 409 2114 489 ginta
2139 409 2211 472 ab
2242 410 2427 472 altera
2454 414 2604 470 state
2627 406 2864 487 jubent.
2894 408 3067 488 Atqui
3094 409 3315 472 Sabino
3333 431 3400 474 ac
3429 414 3598 479 Cres-

201 501 462 581 i‘mepe-piav
525 507 1064 587 καταψηφίζονται,
1122 508 1190 569 ὡς
1218 505 1308 560 τὸν
1365 504 1464 579 μὲν
1511 503 1870 587 εἱς-Θρᾴκην,

1972 505 2193 560 :entino
2227 497 2418 561 exsilii
2480 500 2668 559 multa
2725 497 2911 587 stetit,
2978 507 3039 559 ut
3091 497 3190 559 hic
3239 500 3478 580 quidem
3536 508 3593 568 in

201 593 275 645 τὸν
328 589 383 646 δὲ
445 593 528 653 εἰς
589 595 889 652 Ἱσπανίαν
951 597 1424 675 παρα-πεμφθῆναι·
1482 594 1555 656 εἷς
1600 583 1874 648 (Ραίϐενναν

1972 589 2291 663 l‘hraciam,
2330 588 2432 650 ille
2462 605 2600 648 vero
2635 587 2692 647 in
2745 585 3088 667 Hispaniam
3119 589 3360 652 exsules
3393 591 3592 657 mitte-

204 677 249 734 δὲ
298 682 420 744 τοὺς
482 689 593 738 τοῦ
660 684 876 764 κλήρου
936 684 1144 747 πάντας
1211 680 1589 761 διασπαρῆναι,
1654 683 1750 740 Καὶ
1813 683 1875 739 τὰ

1972 685 2190 741 rentur.
2223 679 2437 740 Caeteri
2465 694 2603 738 vero
2638 675 2919 738 Ecclesiae
2969 676 3224 738 ministri
3254 680 3592 746 Ravennam

1962 768 2204 844 relegati
2238 776 2401 830 sunt.
2435 768 2514 828 At
2545 784 2677 847 quae
2706 766 2775 827 ad
2823 765 3147 828 Ecclesiam
3191 769 3589 850 pertinebant,

1967 860 2043 919 ita
2075 866 2309 936 peracta
2337 857 2525 920 fuere.
2561 855 2648 917 De
2680 856 2936 935 profanis
2970 874 3112 918 vero
3142 875 3502 937 cognoscere
3527 882 3596 925 ac

1957 945 2225 1026 judicare
2255 945 2587 1006 Marcianus
2619 954 2706 1007 est
2729 946 2954 1024 jussus.
2988 945 3098 1018 Qui
3129 965 3231 1008 eos
3283 952 3476 1013 statim
3537 956 3595 1014 in

209 769 289 844 μὲν
317 777 430 827 τῶν
458 773 964 840 ἐκκλησιαστικών
1022 774 1204 836 οὕτως·
1267 773 1332 828 τὰ
1391 770 1446 826 δέ
1501 793 1562 850 γε
1611 772 1714 828 τῶν
1748 771 1878 827 λαϊ-

210 865 302 915 τῶν
332 863 362 916 ὁ
411 863 730 942 σπαθάριος
779 866 1000 942 ὑπῆρχε
1049 862 1304 935 κολάζων,
1368 869 1455 918 νῦν
1513 861 1610 936 μὲν
1669 860 1880 937 δεσμω-

213 950 364 1025 τηρίῳ
421 953 633 1014 αὖτοὺς
700 951 1086 1030 ἑγκλεισθῆναι
1143 949 1421 1029 κελεύσας,
1485 951 1619 1026 μετὰ
1671 949 1725 1007 δὲ
1782 956 1878 1008 καὶ

217 1042 486 1116 τιμωρίαις
551 1038 842 1121 διαφόροις
912 1039 1305 1107 ὑποϐληθῆναι.
1366 1046 1481 1096 Τῶν
1543 1048 1881 1118 στρατιωτῶν

221 1130 378 1185 τοίνυν
434 1132 852 1210 κατασχόντων
913 1130 1129 1203 αὐτοὺς,
1189 1131 1260 1193 εἰς
1309 1129 1506 1208 δάκρυα
1563 1131 1650 1186 καὶ
1709 1132 1880 1205 οἰμω-

223 1220 308 1294 γὰς
364 1219 531 1275 πάλιν
596 1219 921 1299 ἒτρείποντο,
978 1218 1075 1275 καί
1129 1223 1332 1296 θερμῶς
1391 1218 1739 1276 ἀνεκαλοῦντο
1789 1221 1880 1275 τὸν

225 1308 388 1384 ἅγιον,
450 1310 550 1363 τὸν
611 1307 667 1363 δὲ
729 1309 1028 1365 ἀκούσαντα
1085 1307 1178 1362 καί
1235 1305 1394 1363 πλέον
1449 1307 1482 1374 ἤ
1538 1306 1690 1387 εἴπερ
1723 1308 1878 1370 αὒτὸς

229 1395 290 1464 ἦν
318 1398 346 1452 ὃ
375 1405 547 1454 ταῦτα
594 1401 796 1454 παθεῖν
827 1396 1039 1471 μέλλων
1091 1401 1189 1463 τῆν
1245 1395 1431 1475 ψυχὴν
1487 1395 1878 1476 διαταραχθέν-

230 1510 310 1561 τα,
371 1488 571 1544 οἶκτόν
636 1509 695 1542 τε
756 1491 944 1550 εὐθέως
1001 1484 1285 1561 ἐλάμϐανε,
1348 1488 1435 1542 καὶ
1503 1484 1715 1565 δάκρυσι
1783 1489 1879 1549 τὰς

232 1577 446 1654 παρειὰς
509 1574 840 1657 κατέϐρεχε,
901 1577 994 1632 καί
1049 1576 1111 1631 τὸ
1158 1576 1440 1653 πρόσωπον
1483 1576 1716 1651 τύπτων,
1751 1577 1880 1633 ποτὲ

235 1667 323 1740 μὲν
352 1670 520 1724 αὐτοῦ
549 1674 652 1722 τοῦ
674 1667 870 1726 πάππα
926 1666 1232 1744 προσεκύνει
1288 1665 1408 1729 τοὺς
1467 1663 1653 1740 πόδας,
1714 1663 1881 1723 ἅλλο-

1965 1052 2265 1108 oarcerem
2292 1033 2716 1114 conjiciendos,
2745 1035 3037 1114 variisque
3067 1036 3426 1100 cruciatibus
3448 1040 3596 1103 sub-

1959 1123 2254 1202 jiciendos
2284 1122 2612 1204 imperavit.
2650 1123 2848 1195 Quare
2875 1142 3008 1184 cum
3033 1123 3162 1185 illos
3189 1125 3400 1188 milites
3433 1147 3600 1211 rape-

1964 1221 2116 1288 rent,
2155 1212 2430 1292 lacrymis
2460 1230 2526 1273 ac
2554 1211 2826 1272 lamentis
2849 1211 3042 1273 denuo
3068 1230 3134 1273 se
3155 1213 3466 1293 dedentes,
3491 1225 3599 1280 viri

1963 1302 2149 1364 sancti
2184 1309 2358 1364 enixe
2388 1301 2664 1364 auxilium
2693 1299 3109 1380 implorabant.
3138 1303 3259 1364 Hos
3291 1324 3465 1385 porro
3495 1308 3596 1371 ille

1963 1391 2397 1465 vehementius,
2426 1408 2603 1468 quam
2628 1391 2725 1470 qui
2754 1391 2878 1451 hazc
2902 1399 3071 1452 erant
3094 1397 3458 1475 perpessuri,
3478 1405 3600 1460 ani-

1966 1500 2059 1542 mo
2091 1480 2499 1542 conflictatur:
2529 1481 2921 1569 protinusque
2945 1480 3354 1545 misericordia
3379 1495 3594 1569 motus,

1965 1570 2238 1650 lacrymis
2261 1588 2441 1649 genas
2471 1568 2769 1646 irrigabat,
2820 1569 3158 1650 faciemque
3209 1568 3590 1650 percntiebat.

1965 1661 2120 1722 Alias
2141 1659 2382 1739 quidem
2405 1659 2518 1738 ipsi
2543 1658 2972 1738 pontiﬁci,sese
2992 1658 3150 1722 illius
3162 1662 3234 1721 ad
3263 1662 3444 1741 pedes
3466 1684 3597 1746 pro-

238 1776 286 1811 τι
313 1755 476 1812 ἄλλον
509 1755 674 1832 ἐπῄει
706 1763 813 1812 τῶν
861 1755 1173 1811 ἐπισκόπων
1221 1755 1306 1810 καὶ
1348 1767 1466 1819 τοῖς
1516 1756 1668 1811 ποσὶν
1727 1753 1880 1811 ἐκθύ-

1972 1759 2261 1824 sternens,
2295 1748 2688 1829 supplicabat;
2708 1747 2851 1809 alias
2877 1749 3187 1830 episcopos
3217 1752 3598 1828 alios,demi-

242 1867 341 1918 pm;
399 1845 582 1902 αὐτῶν
641 1843 1107 1919 ὑποκατεκλίνετο,
1164 1843 1459 1919 Μηδαμῶς,
1541 1843 1739 1925 λέγων,
1805 1845 1881 1920 μὴ

248 1932 295 1988 ξε
320 1934 437 2014 ἐμὲ,
476 1937 526 1991 ὦ
560 1935 815 2014 πατέρες,
850 1935 1079 2000 τοσαύτη
1138 1932 1510 2010 περιϐληθεῖεν
1571 1936 1617 1990 οἱ
1675 1931 1882 2006 ἄνθρω-

256 2045 320 2078 ποι
344 2029 630 2102 συμφορᾷ·
689 2026 763 2086 ὡς
822 2022 993 2102 ἔγωγε
1049 2025 1313 2100 τιμωρίαν
1360 2025 1513 2080 τοῦτο
1540 2024 1628 2080 καὶ
1661 2024 1756 2079 οὐκ
1787 2023 1881 2078 ἑκ-

249 2110 391 2168 διαίαν
419 2114 576 2169 εἶναι
641 2119 751 2169 τῶν
802 2112 1186 2191 πεπραγμένων
1243 2111 1547 2190 λογίζομαι,
1610 2113 1727 2187 ἐμοὶ
1784 2111 1882 2192 γάρ

239 2213 375 2261 τοῦτο
431 2204 607 2278 μόνον
649 2203 865 2280 ἀρκοῦν,
927 2202 1007 2257 ὅτι
1067 2223 1133 2276 με
1184 2205 1212 2258 ὁ
1273 2204 1401 2265 Θεὸς
1447 2202 1643 2280 μορίων
1674 2201 1877 2280 ἐγκλη-

235 2293 408 2366 μάτων
467 2291 729 2350 ὑπόδικον
789 2291 919 2349 ὅντα
979 2291 1152 2371 ἆτρῆκε
1220 2291 1316 2359 τῆς
1389 2290 1559 2368 δίκης,
1632 2293 1718 2348 καὶ
1789 2292 1884 2348 οὒκ

233 2381 580 2457 ἐπεκάλδψεν
632 2379 770 2438 οὕτω
818 2381 1234 2459 κατεστιγμένον
1282 2381 1592 2461 δπάρχοντα
1649 2384 1740 2438 γαί
1796 2380 1880 2438 δι-

234 2475 488 2554 εφθορότα
500 2519 514 2531 .

309 2652 446 2712 κε’.
512 2641 576 2708 ’Θ
633 2649 690 2706 δὲ
747 2653 852 2706 τῶν
911 2647 1234 2720 ἐκδικήσεων
1287 2651 1471 2730 Κύριος
1525 2655 1618 2711 οὒκ
1675 2649 1882 2726 ἀμελὴς

233 2743 296 2809 ἧν
323 2749 421 2798 τοὺ
451 2739 664 2797 δικαίου
725 2737 1036 2809 ἐκδικητής.
1099 2731 1191 2804 Ὠς
1249 2739 1348 2818 γάρ
1406 2746 1475 2816 τῇ
1531 2742 1624 2796 1:06
1653 2739 1886 2816 μεγάλου

230 2831 577 2909 παρακλήσει
665 2841 783 2892 τοῖς
852 2829 1204 2906 στρατιώταις
1274 2828 1589 2887 κεκέλευστο
1672 2830 1886 2908 ἀφεῖναι

226 2923 324 2988 τῆς
385 2917 694 2986 καταδίκης
750 2919 872 2982 τοὺς
935 2919 1264 2995 ὑπευθύνους,
1326 2921 1412 2977 καὶ
1443 2920 1589 2978 αὐτοὶ
1615 2919 1727 2996 ἅμα
1757 2941 1885 2976 συν-

229 3009 603 3087 αθροισθέντες
694 3007 945 3075 ἔστησαν.
1020 3007 1205 3089 ’Ἄφνω
1281 3010 1441 3066 ποθὲν
1521 3007 1722 3084 λαίλαῴ
1791 3011 1882 3065 καὶ

225 3101 423 3162 σκότος
486 3100 582 3155 καί
638 3095 830 3174 ἄνεμος
889 3102 988 3165 τῆς
1045 3104 1145 3176 γῆς
1213 3099 1559 3176 ἀναφυσηθεὶς
1632 3097 1886 3178 περιέσχε
1907 3145 1946 3196 C

223 3190 348 3253 τοὺς
382 3187 629 3266 ἀθλίως,
687 3187 775 3243 καὶ
829 3187 1010 3265 γνόφῳ
1064 3187 1219 3263 βαθεῖ
1269 3189 1365 3251 τὰς
1415 3187 1566 3263 ὄψεις
1630 3190 1886 3266 περιεκά-

221 3275 421 3356 λυψεν,
453 3276 600 3333 ὥστε
631 3276 719 3332 καὶ
748 3272 930 3331 δοκεῖν
981 3273 1262 3333 διαστασαν
1320 3280 1421 3344 τὴν
1478 3281 1583 3354 γῆν
1611 3277 1666 3332 ἐν
1700 3277 1883 3352 ἑαυτῇ,

220 3369 358 3423 καθᾶ
421 3364 596 3421 πάλαι
656 3365 828 3420 Δαθὰν
882 3365 973 3421 καὶ
1031 3362 1300 3442 Ἀϐηρὼν,
1360 3368 1449 3424 καὶ
1503 3367 1716 3432 τούτους
1762 3369 1884 3430 τοὺς

224 3454 525 3536 Eua-.0151:
559 3466 864 3534 περισχεῖν.
903 3455 965 3511 Οἱ
991 3453 1045 3510 δὲ
1074 3456 1357 3532 παρόντες,
1414 3463 1578 3514 ταῦτα
1632 3459 1882 3536 ὁρῶντες,

223 3547 317 3610 τὰς
379 3557 588 3624 χεῖρας
647 3545 718 3608 εἰς
774 3545 992 3622 οὐρανὸν
1050 3542 1271 3618 ἔτεινον,
1330 3544 1476 3604 οὐδὲν
1533 3546 1720 3609 αὐτοὺς
1779 3553 1882 3602 τῶν

226 3634 550 3710 Σοδομιτῶν
607 3633 904 3704 ἐλπίζὸντες
964 3634 1233 3692 πείσεσθαι
1306 3636 1678 3714 μετριώτερον.
1754 3635 1884 3691 Μετ’

228 3728 291 3782 οὐ
313 3723 460 3781 πολὺ
491 3722 550 3778 δὲ
583 3729 675 3779 τοῦ
703 3723 898 3802 γνόφου
953 3723 1153 3783 ἑκείνου
1180 3727 1268 3780 καὶ
1328 3725 1423 3793 τῆς
1479 3725 1704 3792 θυελλῆς
1765 3722 1884 3780 δια-

227 3813 506 3892 λυθείσης,
573 3810 800 3886 μέλανες
872 3813 1067 3878 πάντες
1137 3815 1379 3894 ἑωρῶντο
1446 3816 1507 3871 τὸ
1575 3815 1880 3894 πρόσωπον,

229 3904 376 3971 πλὴν
405 3904 468 3959 οὔ
500 3903 698 3963 πάντες
728 3900 816 3957 ἐπ’
845 3900 992 3975 ἴσης,
1054 3901 1174 3958 ἀλλ’
1231 3907 1277 3960 οἱ
1337 3905 1434 3980 μὲν
1490 3910 1596 3961 τῶν
1656 3910 1885 3983 παρειῶν

233 3995 334 4060 τὴν
394 3991 608 4070 ἑτέραν,
674 3994 720 4047 οἱ
775 3989 829 4046 δὲ
884 3993 970 4046 καὶ
1028 3990 1188 4071 ἄμφω
1245 3994 1590 4068 μελανθείσας
1663 3996 1884 4071 ὁμοίως,

235 4080 467 4138 Σαϐίνου
522 4081 581 4137 δὲ
638 4084 727 4137 καὶ
786 4083 1149 4160 Κρισκεντίνου
1200 4083 1259 4140 o6
1318 4085 1384 4140 τὰ
1407 4085 1668 4162 πρόσωπα
1699 4086 1885 4159 μόνον,

234 4171 375 4227 ἀλλᾶ
430 4170 499 4239 δή
561 4171 652 4226 καὶ
707 4171 771 4225 τὰ
826 4169 988 4249 χείλη
1047 4170 1429 4229 πελιδνωθέντα
1502 4175 1744 4252 παρείθη,
1817 4178 1891 4237 ὡς

236 4261 376 4330 μήτε
407 4260 722 4340 συσιρίγγειν
779 4262 904 4318 αὐτὸ
961 4261 1099 4336 μήτε
1153 4262 1267 4338 μὴν
1324 4261 1508 4320 λαλεῖν
1564 4263 1702 4328 ὅλως
1732 4263 1889 4320 δύνα-

235 4353 378 4405 σθαι·
444 4348 591 4406 οὕτω
645 4354 844 4425 πικρῶς
900 4351 934 4416 ἡ
988 4347 1106 4416 δίκη
1163 4355 1284 4414 τοὺς
1341 4349 1550 4415 ἀδίκους
1600 4352 1888 4419 μετῆλθεν.

1966 1839 2199 1900 sissime
2257 1857 2322 1899 se
2381 1837 2695 1918 inclinans,
2754 1836 3127 1920 obsecrabat,
3183 1839 3429 1904 dicens:
3485 1844 3596 1924 Ne,

1966 1946 2186 2008 quaeso,
2229 1935 2446 2007 patres,
2483 1944 2558 1988 ne
2589 1927 2644 1986 id
2674 1927 2996 2005 contingat,
3031 1937 3092 1988 ut
3117 1937 3232 1990 tam
3265 1931 3409 1993 dirae
3437 1937 3597 1999 cala-

1968 2017 2150 2078 mitati
2185 2017 2458 2078 homines
2491 2034 2619 2077 mea
2654 2035 2832 2078 causa
2862 2018 3273 2096 subjiciantur.
3307 2025 3452 2084 Nam
3486 2026 3599 2088 hoc

1965 2107 2206 2187 quidem
2228 2114 2569 2184 statuo,non
2603 2107 3037 2185 praeteritorum
3070 2114 3440 2188 paenam,sed
3456 2135 3600 2196 sup-

1967 2196 2209 2276 plicium
2241 2214 2394 2258 esse.
2430 2195 2547 2273 Ego
2579 2196 2738 2257 enim
2770 2197 2914 2259 satis
2943 2197 3136 2260 habeo
3185 2203 3368 2263 Deum
3410 2223 3444 2265 a
3478 2195 3595 2286 me,

1965 2307 2100 2352 cum
2134 2291 2464 2350 innumeris
2519 2288 2737 2368 alioqui
2793 2289 2904 2350 sim
2965 2291 3286 2354 obstrictus
3339 2296 3600 2376 delictis,

1966 2380 2160 2441 nullas
2182 2397 2383 2460 poenas
2402 2386 2707 2461 expetere,
2727 2397 2918 2458 neque
2942 2387 3024 2440 tot
3047 2380 3303 2444 inustum
3329 2389 3598 2464 maculis,

1966 2468 2246 2532 foedatum
2261 2477 2436 2548 atque
2447 2475 2788 2548 corruptum
2799 2468 2970 2549 vulgo
2983 2470 3301 2532 ostendere
3315 2474 3594 2540 voluisse.

1965 2556 2036 2620 Et
2065 2559 2190 2619 haec
2223 2575 2397 2637 porro
2428 2558 2511 2620 ita
2540 2576 2604 2619 se
2637 2557 2878 2622 habent.

2046 2644 2164 2709 LV.
2191 2647 2263 2708 At
2283 2647 2577 2709 scelerum
2602 2648 2756 2708 ultor
2772 2649 2948 2725 Deus,
2985 2649 3136 2712 haud
3156 2652 3356 2731 segnis
3382 2655 3598 2720 vindex

1962 2736 2109 2818 justi
2145 2735 2270 2799 fuit.
2291 2739 2607 2818 Postquam
2632 2736 2793 2798 enim
2809 2737 2915 2798 viri
2934 2740 3128 2817 magni
3154 2759 3329 2804 suasu
3349 2749 3601 2826 impera-

1974 2836 2096 2887 tum
2129 2834 2238 2905 est,
2272 2843 2348 2887 ne
2377 2826 2437 2886 in
2469 2844 2596 2903 eos,
2629 2828 2726 2906 qui
2758 2827 2847 2888 rei
2875 2825 3009 2888 facti
3042 2831 3348 2910 suppliciis
3377 2825 3602 2900 addicti

1971 2917 2225 2995 fuerant,
2247 2915 2398 2978 ultra
2426 2915 2833 2991 deszeviretur,
2859 2915 3094 2997 ipsique
3114 2938 3230 2982 una
3248 2920 3428 2985 simul
3450 2943 3600 2988 con-

1971 3005 2272 3080 sisterent,
2291 3011 2540 3085 repente
2574 3005 2835 3085 nimbus,
2865 3006 3148 3085 tenebrae,
3177 3028 3411 3074 necnon
3436 3025 3602 3078 atrox

1970 3101 2180 3155 ventus
2212 3102 2384 3155 terrae
2408 3094 2590 3158 nimio
2613 3095 2805 3156 ﬂantis
2827 3095 3058 3174 fragore
3083 3099 3334 3162 miseros
3360 3101 3599 3182 invasit,

1971 3200 2237 3263 tantaque
2249 3191 2495 3250 obducta
2509 3192 2747 3263 caligine
2768 3192 2997 3250 illorum
3013 3207 3271 3266 aspectus
3294 3207 3597 3271 oppressit,

1967 3281 2033 3336 ut
2064 3282 2282 3335 terram
2312 3280 2370 3335 in
2391 3278 2648 3352 seipsam
2674 3292 2943 3336 eversam
2975 3285 3149 3356 atque
3171 3278 3462 3359 collisam,
3493 3285 3600 3347 bos

1970 3380 2088 3423 non
2118 3363 2314 3435 aliter,
2335 3369 2513 3442 atque
2543 3361 2769 3424 Datban
2787 3363 2930 3423 olim
2957 3365 3281 3441 etAbiron,
3307 3368 3602 3447 deglutire

1968 3451 2238 3514 dixisses,
2275 3451 2384 3524 Qui
2441 3470 2576 3513 vero
2637 3462 2959 3531 praesentes
3014 3454 3140 3516 haec
3192 3457 3596 3533 intuebantur,

1969 3559 2177 3604 manus
2199 3541 2258 3602 in
2273 3541 3001 3614 cmlumtollebantmihilo
3023 3544 3138 3605 illis
3155 3548 3600 3626 secundiorem,

1969 3649 2141 3712 quam
2167 3650 2298 3710 qua:
2319 3630 2642 3692 Sodomitis
2663 3630 2804 3691 olim
2830 3631 3452 3707 acciderat,fortunam
3481 3638 3606 3701 fore

1967 3720 2214 3782 ominati
2244 3729 2400 3782 sunt.
2432 3722 2565 3782 Non
2591 3722 2774 3781 multo
2806 3729 2937 3799 post
2960 3721 3212 3800 caligine
3241 3725 3606 3808 turbineque

1969 3809 2286 3870 desinente
2304 3827 2532 3882 omnes,
2552 3827 2903 3888 quamquam
2922 3829 3039 3872 non
3065 3830 3253 3892 reque,
3281 3814 3432 3894 nigri
3453 3815 3602 3879 facie

1969 3917 2322 3979 apparuere.
2355 3898 2476 3961 Alii
2504 3897 2800 3975 siquidem
2831 3900 3075 3963 alteram
3119 3920 3354 3985 genam,
3387 3908 3598 3970 ambas

1972 3989 2072 4050 alii
2103 3990 2298 4068 nigras
2328 3987 2796 4051 habent.Sabino
2829 4008 2965 4051 vero
2982 4009 3049 4051 ac
3068 3990 3450 4057 Crescentino
3479 4016 3601 4060 non

1976 4080 2152 4139 modo
2174 4080 2374 4153 facies,
2411 4096 2611 4140 verum
2636 4078 2812 4140 etiam
2830 4080 2985 4141 labia
3006 4092 3138 4143 atro
3161 4083 3361 4146 colore
3385 4086 3601 4150 infecta

1975 4178 2112 4230 sunt
2140 4170 2368 4248 relicta,
2403 4178 2466 4230 ut
2493 4187 2601 4229 nec
2637 4169 2736 4229 illa
2766 4171 3195 4249 constringere,
3223 4191 3334 4235 nec
3370 4174 3440 4236 iis
3466 4196 3604 4238 0m-

1975 4258 2118 4320 nino
2149 4259 2472 4339 quidquam
2509 4259 2668 4339 loqui
2701 4259 2928 4323 liceret.
2974 4260 3074 4323 Sic
3128 4261 3325 4324 divina
3372 4266 3607 4342 justitia

1973 4348 2252 4410 acerbum
2286 4349 2362 4412 de
2393 4350 2626 4429 injustis
2657 4349 3010 4429 supplicium
3044 4353 3318 4431 sumpsit.
3357 4355 3444 4416 Ad
3480 4356 3604 4418 haec

240 4429 308 4494 Ἠ
365 4437 423 4494 δὲ
482 4460 546 4516 γε
605 4436 817 4500 σύνοδος
888 4436 1159 4517 περίφοϐοι
1224 4442 1503 4519 γεγονότες
1576 4442 1884 4521 ἀνέκραγον·

1975 4447 2221 4500 cunctus
2244 4449 2488 4502 senatus
2510 4439 2880 4502 acclamavit:
2905 4439 3073 4502 Nunc
3089 4429 3435 4520 agnovimus
3451 4446 3606 4525 quod

241 4536 345 4586 Νῦν
400 4527 718 4605 ἐγνώκαμεν
776 4527 856 4583 ὅτι
913 4527 1079 4585 ἔσωσε
1141 4530 1329 4608 Κύριος
1384 4533 1476 4587 τὸν
1533 4535 1758 4608 Χριστὸν
1788 4538 1884 4592 αὐ-

1975 4527 2265 4590 Dominus
2296 4536 2536 4590 unctum
2584 4548 2754 4591 suum
2808 4505 3158 4592 servaverit"
3175 4540 3232 4592 et
3276 4505 3609 4598 exaudierit

240 4625 357 4697 τοῦ,
430 4618 523 4673 καὶ
597 4617 890 4686 ἐπήκουσεν
959 4617 1010 4682 ἒξ
1083 4621 1302 4697 ούρανοῦ
1370 4622 1524 4698 ἠγίου
1592 4625 1771 4680 αὐτοῦ’
1837 4623 1889 4680 ἐν

243 4704 574 4770 δυναστείαις
603 4708 639 4774 ἧ
671 4708 904 4784 σωτηρία
961 4713 1059 4774 τῆς
1115 4707 1282 4775 δεξιᾶς
1340 4714 1522 4772 αὐτοῦ.
1583 4719 1755 4770 Ταῦτα
1810 4715 1889 4768 εἰ-

244 4797 463 4870 πόντες,
521 4802 628 4852 τῶν
684 4804 774 4853 τοῦ
827 4797 1117 4876 Γρηγορίω
1173 4799 1412 4877 γοθᾶτων
1483 4800 1731 4878 εἴχοντο,
1803 4804 1892 4858 καὶ

405 4886 583 4942 αὒτῶν
637 4889 843 4964 θερμῶς
899 4885 1125 4944 ἐδέοντο⁸
1187 4890 1216 4944 ὁ
1277 4886 1333 4944 δὲ
1388 4891 1690 4947 τουναντίον
1745 4891 1890 4965 μᾶλ-

242 4974 338 5032 λον
393 4977 554 5038 the:
613 4974 834 5034 ἕκαστον
884 4989 1004 5039 τοῖς
1063 4978 1185 5034 ποσὶ
1240 4980 1584 5054 προσπίπτων
1637 4979 1889 5037 ἀθλιότα-

241 5085 335 5120 τον
390 5067 612 5121 πάντων
675 5065 857 5122 ἑαυτὸν
912 5065 1202 5147 ἀπεκάλει,
1261 5069 1345 5124 καὶ
1402 5067 1535 5124 αὐτα
1595 5067 1659 5136 δὴ
1703 5071 1768 5129 τὰ
1801 5078 1893 5127 τοῦ

247 5152 412 5209 ΔαυΞό
444 5154 732 5234 ἐφθέγγετο
759 5156 996 5232 ῥήματα.
1039 5178 1067 5210 α
1102 5156 1245 5234 Ἐγὼ
1291 5160 1398 5232 εἶμι
1430 5156 1642 5225 σκώληξ
1672 5161 1758 5216 καὶ
1798 5160 1892 5218 οὒκ

243 5241 539 5319 ἄνθρωπος,
602 5243 796 5311 ὄνειδος
851 5245 1128 5322 ἀνθρώπον
1180 5247 1268 5302 καὶ
1313 5246 1638 5322 ἐξουθένημα
1667 5247 1820 5310 λαοῦ.
1857 5273 1884 5304 ι

320 5332 474 5407 κζ’.
503 5334 714 5392 Τούτων
771 5335 912 5394 οὕτω
962 5332 1316 5393 τελεσθέντων
1383 5335 1475 5392 ὑπ’
1531 5337 1653 5412 ἄψιν
1711 5360 1888 5417 παρα-

241 5425 433 5496 στήσας
493 5425 618 5490 τοὺς
677 5425 1014 5506 κατηγόρους
1077 5427 1104 5481 ὁ
1166 5426 1413 5504 πάππας,
1475 5423 1628 5503 Ἰδοὺ,
1703 5432 1886 5510 φησὶν,

307 5613 365 5668 η
387 5615 573 5683 Psall.
607 5630 726 5700 xxx,
764 5620 818 5683 7.

1975 4634 2135 4690 eum,
2171 4636 2203 4677 e
2235 4617 2381 4680 ccelo
2411 4636 2516 4680 suo
2544 4627 2772 4695 sancto,
2794 4619 3071 4700 quodque
3093 4621 3152 4681 in
3177 4625 3603 4702 potentiadex-

1974 4717 2122 4770 tera:
2151 4709 2277 4786 ejus
2302 4718 2391 4770 est
2416 4710 2597 4772 salus.
2623 4711 2759 4771 Haec
2781 4728 2913 4770 cum
2947 4711 3126 4772 locuti
3157 4713 3610 4794 essent,Greg0-

1975 4797 2049 4857 rii
2065 4815 2262 4875 genua
2282 4799 3027 4881 complexi,ardentissime
3048 4820 3156 4883 pro
3179 4803 3296 4865 illis
3325 4807 3608 4868 obsecra-

1978 4886 2141 4950 bant.
2177 4887 2392 4950 Contra
2418 4909 2557 4952 vero
2588 4891 2690 4951 ille
2722 4891 2906 4969 magis
2947 4891 3020 4953 ad
3068 4892 3384 4970 cujuslibet
3430 4897 3611 4973 pedes

1979 4979 2622 5060 procumbebat,seque
2647 4981 3045 5041 miserrimum
3064 4982 3356 5062 omnium,
3378 4985 3614 5046 Davidis

1976 5065 2080 5128 illa
2105 5066 2288 5129 verba
2318 5069 2570 5142 locutus,
2604 5067 2968 5148 appellabat:
3003 5093 3028 5123 α
3064 5067 3184 5148 Ego
3205 5088 3336 5131 sum
3370 5081 3610 5151 vermis,

1975 5173 2091 5216 non
2127 5156 2304 5217 homo
2336 5173 2348 5213 :
2375 5157 2757 5236 opprobrium
2799 5158 3126 5233 hominum,
3163 5165 3221 5222 et
3251 5164 3611 5244 contemptio

1974 5245 2179 5325 populi
2205 5245 2281 5304 43.
2329 5267 2352 5301 ι)

2053 5331 2200 5395 LVI.
2235 5333 2337 5394 llis
2370 5332 2646 5413 peractis,
2671 5353 2806 5396 cum
2831 5337 3096 5418 pontifex
3131 5357 3284 5404 max.
3318 5341 3612 5406 delatores

1973 5441 2172 5486 coram
2205 5441 2270 5486 se
2299 5423 2639 5488 statuisset:
2675 5425 2849 5504 Ecce,
2890 5429 3105 5512 inquit,
3138 5449 3254 5494 non
3287 5433 3484 5497 animo
3508 5453 3610 5499 so-
