3992 6134
467 236 583 320 263

1763 253 1925 322 ΜΕΝ
1932 259 2042 324 SIS
2083 254 2526 327 NOVEMBER.

3694 255 3793 331 264

469 385 614 464 lum,
649 387 751 451 sed
783 388 974 452 forma
1005 388 1154 469 patri
1183 397 1376 451 vestro
1407 390 1638 452 Satanae
1689 391 1914 453 similes
1962 394 2095 456 facti

2183 401 2244 455 σὺ
2272 397 2364 465 τὴν
2412 393 2597 474 ψυχὴν
2649 394 2833 469 μόνον,
2896 392 3036 453 ἀλλὰ
3093 395 3178 452 καὶ
3233 395 3334 462 τὴν
3391 396 3594 475 μορφὴν
3642 397 3793 474 ὅμοιοι

469 481 635 544 estis.
669 478 786 542 Sed
820 479 932 541 alia
963 488 1247 559 praaterea
1278 497 1377 540 vos
1419 477 1788 540 miseriarum
1836 484 2098 545 accessio

469 577 691 634 manet.
725 569 844 632 Vos
875 576 1030 632 enim
1065 578 1120 631 et
1149 568 1370 648 posteri
1404 566 1602 639 vestri,
1637 571 1786 630 servi
1811 571 1975 632 erilis
2003 593 2019 646 ;
2045 581 2102 634 et

467 667 756 742 quotquot
780 661 892 721 hoc
917 659 1154 737 nigrore
1178 657 1409 735 sigillati
1438 656 1673 730 fuerint,
1701 658 2099 738 Agrigentinis

467 747 764 828 episcopis
785 746 1006 826 absque
1031 745 1320 826 praefinito
1343 752 1611 825 tempore
1629 747 2100 820 servietis.Quud

466 839 515 900 si
548 839 680 919 quis
707 837 885 898 vestri
914 841 1147 910 gem-ris
1175 835 1434 914 aliquem
1466 835 1786 895 sacerdotii
1819 837 2101 915 dignitate

466 925 886 1000 donaverit,vel
902 923 1176 985 Ecclesia
1193 923 1442 1002 quodvis
1469 942 1682 984 munus
1703 927 2100 989 concredide-

466 1016 563 1092 rit,
599 1017 773 1095 hujus
803 1024 979 1092 caput
1007 1011 1122 1072 diis
1152 1011 1362 1074 inferis
1391 1013 1658 1076 dlcamus
1717 1033 1784 1075 ac
1841 1015 2098 1078 devove-

467 1131 614 1173 mus.
650 1115 778 1172 {hac
807 1113 903 1170 ille
925 1112 1076 1168 haud
1106 1112 1258 1168 serio
1288 1126 1409 1167 mea
1434 1115 1709 1170 sententia
1739 1113 2106 1186 dixit.Neque

468 1198 624 1258 enim
649 1195 741 1256 his
769 1194 829 1254 in
853 1194 1060 1255 eadem
1085 1210 1259 1253 causa
1301 1193 1760 1271 pronuntiasset,
1789 1214 1920 1256 cum
1948 1196 2100 1258 Gre-

463 1285 667 1366 gorius
695 1283 1022 1365 praesertim
1059 1301 1172 1342 non
1209 1289 1528 1362 pateretur,
1557 1283 1657 1362 qui
1691 1283 1922 1345 illorum
1964 1285 2098 1346 ani-

464 1394 591 1436 mos
622 1373 921 1447 territans,
955 1373 1370 1450 desperatione
1405 1371 1613 1450 plenos
1655 1374 2093 1437 moderabatur.

461 1461 670 1542 Neque
701 1461 885 1531 enim,
921 1458 1036 1520 nisi
1075 1458 1274 1522 animo
1297 1465 1374 1518 ita
1399 1459 1591 1520 affecti
1635 1459 1908 1540 fuissent,
1943 1462 2094 1523 haud

463 1551 611 1612 adeo
646 1550 961 1610 vehemens
1015 1550 1074 1609 in
1134 1566 1238 1608 eos
1271 1546 1379 1608 Dei
1443 1549 1750 1610 iracundia
1801 1550 2098 1613 concitata

464 1639 692 1702 fuisset.
725 1643 810 1702 Ac
841 1639 877 1698 ii
910 1635 1148 1718 quidem
1180 1636 1254 1696 iis
1283 1637 1385 1712 qui
1421 1646 1710 1717 praeerant
1739 1639 2098 1720 traditi,pro-

2182 492 2259 558 τῷ
2313 487 2467 564 πατρὶ
2538 483 2688 558 ὑμῶν
2756 489 2837 554 τῷ
2905 489 3119 555 Σατανᾷ
3190 487 3469 562 γεγόνατε.
3532 485 3684 544 Ἀλλᾶ
3743 513 3796 568 γε

2182 576 2314 652 πρὸς
2371 575 2539 639 τούτῳ
2585 574 2674 628 καὶ
2721 571 2900 651 ἕτερόν
2943 595 3000 629 τι
3043 579 3111 650 τῇ
3156 570 3274 650 δίκῃ
3331 573 3577 654 μελήσει³
3643 575 3795 636 δοῦλοι

2185 665 2282 742 γὰρ
2351 664 2438 720 καὶ
2509 663 2668 738 ὑμεῖς
2739 662 2827 718 καὶ
2881 663 2941 718 τὸ
2999 664 3211 741 σπέρμα
3281 665 3428 738 ὑμῶν
3493 663 3680 741 ἔσεσθε,
3721 671 3797 726 καὶ

2185 753 2298 810 ὅσοι
2355 751 2418 808 ἂν
2475 751 2612 808 οὕτω
2671 752 3068 826 σεσημασμέναι
3128 752 3385 830 γένωνται
3447 753 3638 810 οἰκέται
3691 771 3794 822 τοῖς

2184 841 2698 925 προχειριζομένοιςη
2753 838 3177 919 Ἀκραγαντίνων
3265 842 3576 907 ἐπισκόποις
3653 847 3799 925 μέχρι

2183 933 2380 994 παντὸς
2419 929 2651 992 ἔσονται.
2678 914 2770 992 "Oc
2803 928 2849 984 δ’
2880 928 2940 984 ἄν
2992 952 3109 986 τινα
3161 937 3250 987 τοῦ
3310 931 3492 1008 γένους
3547 933 3684 1007 ὑμῶν
3730 937 3803 989 ιε-

2182 1021 2362 1098 ρατίας
2434 1018 2548 1091 ἀξίᾳ
2607 1017 2891 1097 περιϐάλῃ,
2955 1017 2990 1084 ἦ
3059 1019 3499 1097 ἐκκλησιαστηκῇ
3570 1024 3802 1098 πιστεύσῃ

2185 1107 2442 1181 διακονίᾳ,
2505 1115 2688 1165 τοῦτον
2739 1111 2905 1182 ἡμεῖς
2963 1107 3356 1185 ἑκκηρύττομεν
3409 1112 3496 1166 καὶ
3543 1110 3803 1185 ἂναθέμστι

2185 1200 2636 1277 παραπέμπομεν.
2714 1196 2890 1261 Οὕτως
2963 1200 3169 1260 ἑκεϊνος
3239 1198 3331 1254 οὐκ
3398 1199 3505 1255 ἀπὸ
3571 1198 3804 1279 σπουδῆς,

2183 1290 2254 1350 ὡς
2287 1287 2407 1362 ἐμοὶ
2435 1286 2606 1360 δοκεῖ,
2638 1285 2836 1365 λέγων,
2897 1284 3012 1342 οὐδὲ
3042 1287 3142 1364 γὰρ
3201 1287 3263 1341 ἂν
3319 1286 3558 1344 autem:
3613 1287 3682 1352 δίς
3731 1288 3806 1344 ἐπὶ

2182 1380 2243 1434 τὸ
2304 1378 2454 1450 αὐτὸ,
2517 1374 2693 1440 ἄλλως
2751 1397 2808 1434 τε
2868 1375 2955 1431 ὅτε
3012 1375 3148 1450 μηδὲ
3182 1379 3476 1455 Γρηγόριος
3509 1379 3803 1457 συνεχώρει,

2181 1465 2317 1525 ἀλλὰ
2345 1471 2421 1539 τῷ
2451 1465 2597 1544 φόὸίρ
2628 1468 2924 1522 κατασείων
2973 1468 3146 1522 αὐτῶν
3175 1466 3269 1530 τὰς
3330 1469 3510 1546 ψυχὰς
3569 1469 3648 1523 καὶ
3705 1489 3807 1522 σωο

2181 1557 2432 1634 φρονίζων
2503 1554 2579 1612 ’ἐτι
2653 1554 2898 1618 ἆπονοίος
2977 1552 3133 1618 ὄντας
3203 1557 3452 1629 μεστούς.
3526 1554 3652 1615 Ούδὲ
3721 1557 3808 1634 γὰρ

2180 1649 2223 1701 εἷ
2254 1651 2331 1718 μὴ
2361 1647 2452 1701 τὸν
2483 1655 2600 1704 νοῦν
2659 1644 2796 1702 οὕτω
2851 1643 3132 1717 διέκειντο,
3165 1645 3280 1726 [oux
3331 1644 3394 1700 ἂν
3443 1647 3625 1707 αὐτοὺς
3657 1645 3806 1708 οὕτως

463 1731 556 1794 cul
589 1749 623 1791 a
651 1729 768 1790 suis
802 1729 948 1789 locis
975 1726 1212 1788 abducti
1243 1726 1430 1788 fuere.
1458 1729 1530 1788 At
1559 1729 1756 1808 puella
1787 1729 1886 1790 illa
1917 1731 2093 1809 Agri-

2182 1732 2295 1791 οὗδὲ
2323 1735 2358 1800 ἡ
2391 1737 2501 1790 θεία
2532 1732 2650 1800 δίκη
2680 1735 3013 1812 μετήρχετο.
3048 1733 3202 1790 Οὗτοι
3252 1733 3349 1809 μὲν
3384 1734 3496 1805 οὖν,
3556 1748 3668 1793 τοῖς
3719 1734 3806 1812 ἄρ-

461 1829 702 1901 gentum
734 1818 1024 1914 civitatem
1058 1834 1176 1914 non
1209 1815 1360 1877 ultra
1395 1816 1593 1878 videre
1623 1818 1920 1914 sustinuit,
1980 1819 2086 1881 sed

2182 1846 2335 1914 nouat
2367 1822 2770 1902 παραδοθέντες,
2811 1836 2934 1884 ταῖς
2982 1822 3134 1886 ἰδίαις
3195 1823 3383 1886 οἰκίαις
3438 1824 3806 1890 ἀποκατέστη-

463 1909 628 1974 omni
657 1907 890 1970 ornatui
922 1905 1279 1982 valedicens,
1315 1924 1448 1966 cum
1499 1907 1661 1986 prius
1693 1906 1766 1968 ab
1797 1909 2089 1990 episcopis

2182 1905 2300 1976 τάν,
2331 1916 2397 1971 Ἦ
2429 1911 2484 1968 δέ
2513 1933 2571 1990 γε
2615 1913 2746 1991 κόρη
2806 1912 3008 1984 ἐκείνη,
3073 1913 3170 1979 τὴν
3227 1915 3339 1984 μὴν
3397 1911 3809 1990 Ἀκραγαντίνων

460 2000 546 2064 uti
572 2018 675 2080 pro
705 2016 770 2061 se
792 1997 1523 2076 orarent,impetrasset,in
1549 1997 1864 2076 collegium
1889 1996 2091 2061 D.Cae-

2231 2007 2276 2064 ,λ
2425 2001 2502 2036 ιλ)-
2583 1999 2605 2018 κ
2749 2003 2762 2024 κ
2831 2002 2840 2016 ο
3119 2000 3142 2020 ν
3203 2019 3215 2037 .
3338 2003 3348 2024 ν
3577 2002 3592 2020 \
3795 2006 3809 2023 κ

2182 2033 2241 2068 πο
2283 2031 2328 2063 ιν
2389 2021 2504 2060 ouo;
2558 2004 2689 2058 ἱοεϊν
2747 2021 3045 2076 υπεμεινειν
3118 2023 3194 2058 ετι
3285 2025 3474 2077 κοσμῳ
3543 2001 3600 2058 δε
3662 2026 3812 2060 nam

461 2089 614 2154 Ciliae
641 2087 1060 2168 cooptabatur:
1097 2086 1156 2146 in
1191 2105 1306 2166 quo
1339 2083 1486 2147 duos
1516 2104 1584 2146 ac
1642 2086 1844 2166 viginti
1902 2105 2092 2150 annos

2182 2091 2554 2169 ἀποταξαμένη
2612 2093 2701 2148 καὶ
2755 2091 2898 2170 παρὰ
2968 2097 3075 2146 ⁸ιῶν
3144 2090 3451 2148 ἐπισκόπων
3495 2093 3672 2152 αὐτόθι
3711 2094 3808 2150 τῶν

463 2179 699 2243 assidue
723 2197 791 2240 ac
811 2176 1187 2240 continenter
1207 2176 1428 2256 vivens,
1454 2178 1885 2240 medicamento
1903 2179 2091 2260 ι)ωηί-

465 2270 682 2343 tentias.
716 2276 778 2330 ut
803 2265 1056 2328 maxime
1080 2275 1332 2346 poterat,
1361 2266 1592 2346 priores
1619 2267 1935 2347 detergens
1965 2288 2092 2330 ma-

463 2359 648 2432 culas,
683 2357 756 2420 ad
787 2357 1088 2419 cmlestem
1118 2373 1292 2436 quem
1329 2364 1637 2436 tant0pere
1687 2360 2093 2440 concupierat,

462 2456 786 2511 amatorem
803 2447 908 2510 Dei
932 2444 1295 2524 benignitate
1313 2445 1604 2525 migravit.
1618 2449 1686 2510 Et
1709 2447 1834 2510 hinc
1855 2449 2094 2528 quidem

460 2540 571 2602 hac
599 2537 830 2600 ratione
859 2537 1024 2598 finita
1043 2545 1199 2597 sunt.

541 2803 716 2868 LVII.
751 2800 978 2864 Deinde
1009 2800 1271 2881 pontifex
1304 2819 1458 2862 max.
1495 2801 1806 2876 mandavit,
1838 2811 1900 2866 ut
1945 2803 2096 2866 Gre-

462 2895 661 2976 gorius
689 2889 967 2971 mysteria
997 2908 1103 2950 sua
1133 2900 1462 2970 perageret.
1497 2890 1610 2953 Ubi
1631 2893 1729 2972 qui
1759 2893 2092 2956 divinorum

462 2983 884 3046 sacrificiorum
915 2978 1232 3060 participes
1263 2981 1452 3056 fuere,
1481 2981 1750 3043 convivio
1781 2982 1854 3044 ab
1885 2984 2093 3045 eodem

2179 2190 2414 2256 συνήθων
2473 2181 2754 2246 ἀξιωθεῖσα
2815 2180 3016 2260 εὐχῶν,
3070 2178 3123 2235 ἐν
3183 2187 3250 2249 τῆ
3304 2187 3447 2256 μονῇ
3499 2185 3602 2250 τῆς
3667 2183 3809 2262 ἁγίας

2179 2274 2440 2345 Κηκιλίας
2493 2269 2722 2350 φιλοθέῳ
2773 2268 3040 2347 λοιγισμῷ
3110 2273 3361 2347 κείρεται,
3431 2271 3486 2326 ἐν
3528 2275 3566 2348 ᾗ
3611 2271 3697 2330 δύο
3733 2272 3813 2327 καὶ

2181 2365 2384 2422 εἴκοσιν
2445 2360 2539 2428 ἔτη
2588 2359 2722 2417 πάνυ
2785 2364 3068 2438 προσεχῶς
3124 2381 3180 2414 τε
3232 2361 3320 2416 καὶ
3350 2359 3623 2438 ἰγκρατῶς
3653 2363 3812 2432 ζήσα-

2182 2478 2271 2527 σα,
2308 2455 2392 2508 καὶ
2421 2450 2650 2523 ὑσσώπῳ
2678 2447 2959 2523 μετανοίας
3001 2451 3074 2511 ὡς
3131 2449 3249 2506 οἷόν
3306 2471 3359 2506 τε
3417 2451 3512 2515 τὰς
3574 2449 3812 2530 προτέρας

2179 2541 2398 2610 κηλίδας
2460 2539 2857 2614 ἆποκαθαὶρασα,
2933 2539 3063 2616 πρὸς
3144 2541 3202 2592 ὃν
3295 2539 3525 2618 ἔσχατον
3599 2540 3812 2606 ἐπόθησε

2179 2632 2405 2711 ἐραστὴν
2462 2626 2689 2707 θεφιλῶς
2747 2625 3099 2703 ἐξεδήμησεν.
3161 2629 3258 2686 Καὶ
3315 2635 3477 2686 ταῦτα
3546 2629 3644 2705 μὲν
3701 2635 3814 2686 τοῦ·

2179 2743 2269 2778 τον
2299 2720 2428 2800 ἔσχε
2457 2720 2548 2775 τὸν
2579 2717 2798 2784 τρόπον.

2262 2808 2386 2871 NZ'.
2423 2814 2502 2885 Τῇ
2533 2806 2588 2862 δὲ
2618 2804 2737 2871 ἑξῆς
2789 2807 2816 2861 ὁ
2866 2805 3088 2869 πάππος
3152 2805 3422 2886 ἐπιτρέπει
3479 2815 3559 2880 τῷ
3616 2816 3810 2889 Γρηγο-

2177 2902 2271 2980 ρίιρ
2326 2901 2425 2966 τὴν
2493 2897 2636 2975 ἱερὰν
2706 2893 2978 2952 ἐκτελέσαι
3049 2899 3446 2975 μυσταγωγίαν,
3507 2899 3566 2954 ἑν
3627 2902 3663 2974 ᾗ
3714 2904 3811 2954 τῶν

2177 2991 2329 3047 θείων
2373 2986 2672 3064 μυστηρίῳν
2729 2983 3120 3058 μεταλαϐόντες
3179 2987 3265 3041 καὶ
3318 2991 3502 3054 κοινῆς
3567 2999 3811 3065 μετεῖχον

467 3073 747 3155 pontifice
775 3075 1170 3158 communiter
1199 3078 1338 3130 sunt
1368 3071 1596 3149 excepti
1636 3092 1651 3146 ;
1699 3089 1766 3133 ac
1802 3083 1929 3134 tum
1958 3073 2095 3153 qui-

2182 3079 2470 3158 τραπέζης.
2508 3077 2605 3134 Καὶ
2659 3077 2720 3130 τὸ
2777 3095 2832 3130 τε
2863 3075 2961 3147 μὲν
3013 3075 3174 3140 οὕτως
3231 3075 3626 3155 εὐωχουμένοις
3677 3075 3810 3134 οὐδὲν

464 3163 598 3225 dem
623 3161 711 3223 sic
738 3157 1178 3221 convivantibus
1201 3159 1458 3238 pontifex
1485 3159 1634 3220 nihil
1659 3160 1820 3224 aliud
1844 3161 2093 3226 addidit.

2182 3157 2358 3245 ἕτερον
2387 3169 2415 3223 ὁ
2445 3167 2670 3227 πάππας
2725 3164 3058 3241 προστίθησι·
3121 3168 3189 3230 τῆ
3242 3161 3296 3219 δὲ
3351 3167 3601 3245 ὑστεραίᾳ
3652 3186 3810 3242 μετα-

462 3250 750 3315 Cazterum
784 3247 1067 3329 postridie
1091 3248 1220 3326 ejus
1247 3247 1362 3310 diei
1381 3249 1729 3325 Gregorium
1760 3252 2088 3326 accersivit,

2182 3257 2527 3332 πεμψάμενος
2560 3256 2652 3310 τὸν
2683 3253 2972 3330 Γρηγόριον
3021 3254 3240 3331 πρᾶγμά
3300 3276 3349 3309 τι
3415 3258 3559 3330 αὕτῷ
3617 3254 3816 3332 διηγεῖ.

457 3359 526 3403 ac
556 3339 610 3402 ei
636 3357 760 3400 rem
789 3336 1103 3418 quamdam
1127 3338 1390 3417 exponit,
1419 3357 1549 3415 quae
1571 3338 1716 3401 solis
1738 3340 1867 3419 ejus
1891 3342 2089 3419 preci-

2182 3368 2281 3426 ται,
2347 3346 2523 3419 μόνων
2574 3348 2680 3399 τῶν
2739 3343 2938 3400 ἐκείνου
2997 3349 3312 3422 προσευχῶν
3377 3345 3464 3400 καὶ
3525 3350 3628 3412 τῆς
3691 3345 3811 3422 πρὸς

456 3430 590 3503 bus,
629 3428 986 3503 fiduciaque,
1011 3445 1126 3507 qua
1154 3426 1215 3488 in
1247 3429 1431 3488 Deum
1479 3427 1736 3508 plurima
1785 3430 2087 3508 ﬂagrabat,

2182 3438 2302 3492 Θεὸν
2329 3433 2621 3512 παῤῥησίας
2680 3429 2876 3507 κομιδῆ
2931 3429 3200 3506 δεόμενον’
3256 3433 3316 3488 τὸ
3371 3431 3428 3488 δὲ
3455 3435 3524 3499 ἦν
3597 3431 3806 3491 τοιόνδε·

457 3519 771 3600 indigeret.
796 3515 858 3578 ld
883 3525 1076 3578 autem
1099 3517 1207 3577 lioc
1231 3533 1415 3594 genus
1446 3526 1572 3581 erat
1597 3535 1611 3579 :
1647 3517 1827 3598 Ligna
1850 3518 2090 3599 quidam

2182 3524 2299 3590 Ξύλα
2354 3545 2435 3588 τις
2491 3522 2718 3600 μέγιστα
2775 3519 3031 3599 διαφῆκεν
3093 3521 3146 3578 ἂν
3199 3529 3276 3596 τῷ
3330 3529 3559 3598 ποταμῷ
3606 3525 3680 3587 εἰς
3720 3524 3811 3578 κό-

458 3611 712 3672 maxima
735 3609 795 3669 in
827 3607 1047 3668 flumen
1079 3605 1349 3686 immisit,
1379 3617 1441 3668 ut
1469 3625 1834 3670 summorum
1859 3619 2094 3690 aposto-

2182 3637 2308 3691 σμον
2341 3613 2452 3689 ἅμα
2481 3612 2579 3670 καὶ
2617 3609 2906 3689 ἀσφάλειαν
2967 3610 3098 3669 αύτὰ
3152 3611 3368 3686 πέμψας
3424 3620 3502 3686 τῷ
3556 3621 3665 3670 τῶν
3717 3635 3811 3669 κυ-

455 3699 646 3760 lorum
681 3696 901 3779 templo
929 3695 1162 3758 ornatui
1193 3695 1370 3758 simul
1399 3715 1468 3758 ac
1517 3699 1822 3760 securitati
1867 3707 2089 3763 essent.

2182 3704 2404 3785 ρυιραίων
2433 3707 2565 3776 ναῷ·
2601 3701 2667 3757 τὰ
2695 3699 2749 3755 δὲ
2781 3701 2917 3756 οὓτω
2947 3702 3113 3780 τυχὸν
3165 3699 3366 3778 πλάγια
3412 3701 3813 3784 περιενεχθέντα

454 3789 592 3852 Haec
611 3805 749 3849 vero
773 3788 850 3848 ita
875 3785 1112 3866 oblique
1133 3785 1513 3867 circumacta,
1543 3805 1611 3848 ac
1636 3787 1914 3869 utrinque
1935 3789 2094 3869 ripas

2182 3793 2270 3851 καΐ
2331 3791 2583 3862 ἑκατέρας
2639 3791 2734 3852 τὰς
2792 3789 2957 3868 ὄχθας
3018 3787 3375 3847 διαλαϐόντων
3442 3790 3563 3848 ἄνευ
3627 3792 3814 3867 δεσμοῦ

455 3878 760 3958 complexa
788 3884 949 3955 sunt,
978 3885 1043 3937 ut
1085 3875 1266 3936 nullis
1300 3875 1482 3936 clavis
1534 3877 1646 3938 fixa
1702 3887 1804 3939 aut
1857 3879 2094 3940 suffulta

2182 3884 2437 3963 ἐρήρειτο,
2508 3887 2674 3940 ιἀὖτα
2729 3880 2834 3957 οὐχ
2901 3877 3025 3936 ὅσον
3098 3884 3515 3956 μετακινηθῆναι
3591 3881 3812 3944 πολλαῖς

454 3976 682 4042 essent,
716 3973 845 4027 uta
872 3965 1134 4039 nemine,
1189 3964 1458 4045 quamvis
1507 3969 1824 4029 multorum
1883 3968 2095 4049 saepius

2182 3973 2438 4034 πολλάκις
2467 3967 2795 4047 βιαζομένων
2826 3970 3010 4046 χερσὶν
3063 3967 3302 4044 οὐδαμῶς
3356 3967 3633 4048 ἠδύναντο,
3693 3969 3812 4044 ἀλλ,

457 4055 734 4140 manibus
788 4055 1014 4140 acriter
1034 4062 1389 4140 pertentata,
1423 4053 1744 4140 dimoveri”
1771 4060 2092 4140 potuerint.

2182 4063 2300 4119 οὸτε
2329 4084 2380 4118 τι
2411 4067 2514 4118 τῶν
2546 4059 2665 4115 κατ’
2697 4058 2955 4135 ἐμπορίαι
2978 4055 3175 4115 πλοίων
3205 4057 3240 4126 ἥ
3265 4057 3434 4126 ἄλλην
3462 4062 3582 4117 τινὰ
3611 4060 3814 4140 χρείαν,

460 4137 577 4202 Sed
599 4154 798 4214 neque
829 4135 1121 4213 navigium
1142 4135 1520 4215 aliquod,aut
1541 4135 1842 4197 mercibus
1859 4138 2095 4198 autaliis

2182 4152 2299 4207 οὔτε
2328 4148 2590 4206 εἷσπλέειν
2621 4147 2736 4204 οὕτε
2761 4147 2858 4222 μὲν
2889 4145 3128 4204 ἐκπλέειν
3159 4146 3223 4204 δι’
3256 4151 3428 4206 αὐτῶν
3455 4150 3656 4230 ἴσχυον
3683 4149 3814 4206 ὥστε

457 4225 662 4290 usibus
681 4225 1213 4297 accommodatum,
1239 4242 1476 4286 sursum
1507 4233 1605 4286 aut
1635 4224 1912 4286 deorsum
1939 4226 2095 4288 navi-

2183 4239 2242 4295 ού
2275 4240 2464 4318 μικρὸν
2497 4238 2624 4294 αὐτὰ
2682 4239 2952 4318 συμφορὰν
3009 4239 3056 4294 οἱ
3112 4243 3210 4306 τῆς
3261 4240 3469 4305 πόλεως
3517 4224 3813 4300 ίποιοῦντο.

457 4333 597 4393 gare
626 4315 718 4376 his
747 4313 1014 4376 obicibus
1041 4321 1274 4394 poterat
1305 4334 1321 4393 ;
1358 4313 1578 4410 idcirco
1639 4332 1757 4410 non
1817 4320 2093 4394 exiguum

2182 4336 2341 4386 Τοῦτο
2372 4328 2460 4385 οὖν
2491 4331 2518 4385 ὁ
2545 4328 2768 4391 πάππας
2799 4326 2941 4402 αὖτῷ
2969 4324 3200 4406 διεγεῐτο
3232 4329 3327 4386 καί
3345 4328 3516 4388 δεῖται
3545 4331 3691 4410 παρὰ
3718 4330 3811 4394 τὴν

458 4405 561 4465 illa
580 4403 795 4498 civitati
817 4403 1240 4465 detrimentum
1274 4400 1794 4498 inferebant._Iioc
1813 4402 1991 4482 igitur
2010 4406 2094 4468 illi

2182 4420 2341 4476 τόπον
2371 4417 2636 4496 γενέσθαι,
2669 4422 2824 4493 κοινῇ
2851 4438 2908 4473 τε
2939 4422 3068 4474 πᾶσι
3091 4424 3185 4475 τοῦ
3209 4426 3342 4481 Θεοῦ
3364 4421 3481 4498 περὶ
3512 4418 3683 4476 αὐτῶν
3707 4417 3817 4473 δεο-

459 4491 714 4574 pontifex
749 4501 1004 4589 enarrat,
1031 4497 1316 4589 negatque
1340 4508 1476 4589 sese
1505 4500 1568 4552 ut
1593 4490 1665 4552 ad
1693 4491 1904 4589 locum
1933 4497 2093 4558 reci-

2182 4509 2356 4586 μένοις
2385 4490 2736 4565 συλλαϐέσθαι
2767 4490 2852 4563 καὶ
2882 4507 3037 4564 αὑτὸν
3066 4509 3166 4574 τῆς
3218 4511 3409 4589 εὐχῆς.
3435 4490 3445 4498 '
3467 4509 3813 4588 Κρουσθέντος

457 4584 599 4662 piat,
634 4581 937 4644 communi
967 4580 1028 4642 in
1061 4579 1244 4644 Deum
1279 4580 1494 4643 fiducia
1523 4580 1799 4643 omnibus
1844 4593 2093 4648 conten-

2182 4579 2345 4658 τοίνυν
2376 4605 2468 4655 τοῦ
2499 4597 2672 4668 ξύλου,
2705 4595 2738 4663 ἦ
2767 4617 2825 4652 τε
2858 4597 3019 4660 πόλις
3051 4603 3198 4654 πᾶσα
3241 4579 3552 4678 συνήγοντο,
3585 4597 3818 4676 μοναχοί

458 4670 760 4755 dentibus,
795 4679 858 4731 ut
893 4681 949 4732 et
981 4673 1056 4768 is.
1079 4677 1276 4750 optata
1308 4671 1651 4768 per_fi_ceret._
1701 4670 1878 4735 Facto
1921 4675 2095 4754 igitur

2182 4711 2232 4746 τε
2264 4691 2352 4746 καὶ
2379 4691 2541 4768 ἱερεῖς
2573 4689 2663 4744 καὶ
2690 4688 2791 4744 ὑπὸ
2822 4685 3042 4764 λαμπρᾷ
3071 4693 3138 4763 τῇ
3171 4695 3358 4765 πομπῇ
3384 4670 3472 4749 καὶ
3500 4670 3710 4759 λιτανίᾳ
3732 4670 3819 4742 iani

456 4763 929 4841 signo,universa
949 4759 1462 4834 civitas,monachi
1481 4761 1655 4821 simul
1676 4768 1735 4822 et
1755 4765 2094 4830 sacerdotes

2182 4783 2265 4837 τὸν
2296 4780 2535 4854 ποταμὸν
2557 4778 2846 4852 κατῄεσαν.
2884 4777 3256 4857 Διερχομένων
3312 4779 3366 4835 δὲ
3424 4781 3555 4857 γυνή
3610 4797 3692 4841 τις
3722 4775 3818 4834 ave

455 4850 856 4929 confluebant,
889 4870 956 4914 ac
987 4848 1510 4949 speciosaﬁpompa
1541 4849 2094 4949 supplicationeque

2182 4870 2273 4936 τὴν
2330 4848 2447 4925 ὁδὸν
2500 4869 2599 4945 πῦρ
2657 4848 2851 4924 ἔκαιεν.
2915 4848 3192 4931 Ἐὲᾶλέ-ας
3240 4869 3295 4924 δὲ
3354 4848 3541 4948 μικρὸν
3590 4873 3619 4926 ὸ
3670 4870 3817 4949 ἅγιος

453 4939 1716 5038 adflumendescenderunt,Procedentibus
1733 4953 1933 5038 autem
1951 4945 2088 5020 illis,

2182 4959 2306 5038 πρὸς
2364 4959 2524 5024 αὑτὴν
2572 4939 2851 5015 ’ἐπιδοῦναί
2908 4955 2954 5012 οἱ
2994 4955 3271 5035 ἀνθρακιὰν
3315 4939 3576 5015 ἐκέλευεν·
3657 4962 3694 5026 ἡ
3720 4939 3816 5034 ’δὴ

455 5032 672 5096 mulier
698 5031 967 5113 quaedam
1001 5031 1062 5092 in
1095 5030 1191 5092 via
1219 5030 1420 5109 ignem
1455 5029 1760 5093 accendit:
1815 5032 1886 5092 ad
1917 5053 2091 5114 quam

451 5122 546 5184 vir
573 5131 814 5185 sanctus
847 5120 1148 5203 paululum
1181 5137 1246 5181 se
1279 5119 1595 5194 inclinans,
1630 5120 1781 5182 tradi
1802 5121 1914 5184 sibi
1946 5142 2090 5203 pru—

453 5230 588 5273 nam
621 5213 957 5294 imperavit.
987 5211 1092 5272 llla
1113 5210 1203 5287 (ad
1237 5209 1366 5289 ejus
1389 5209 1548 5271 enim
1571 5210 1754 5272 solius
1775 5211 2091 5293 imperium

2175 5051 2307 5127 πρὸς
2337 5050 2496 5123 μόνον
2525 5047 2626 5126 γὰρ
2685 5045 2823 5122 ἐώρα
2880 5046 2941 5100 τὸ
3003 5045 3371 5129 κελευόμενον,
3437 5051 3581 5112 εὐθὺς
3638 5047 3818 5106 ἐπεδί-

2175 5136 2286 5196 δου.
2353 5139 2450 5194 Καὶ
2505 5138 2562 5198 ὃς
2619 5137 2693 5199 εἰς
2745 5137 2838 5192 τὸν
2897 5133 3128 5210 μανδύαν
3179 5137 3340 5218 ὅνπερ
3390 5140 3654 5219 ἣμφίεστο
3703 5139 3821 5202 τοὺς

2175 5225 2432 5304 ἅνθραγας
2490 5224 2774 5281 ἐπετίθετο·
2845 5225 2972 5281 εἶτα
3036 5224 3327 5283 λιϐανωτὸν
3399 5231 3578 5294 αὑτοῖς
3651 5229 3821 5286 ἐπιτίο

454 5301 814 5375 attendebat)
851 5301 1119 5381 protinus
1149 5299 1413 5363 tradidit.
1464 5299 1548 5361 Ac
1598 5299 1698 5363 ille
1726 5300 1786 5363 in
1821 5303 2088 5383 pallium,

453 5409 574 5469 quo
596 5399 720 5453 erat
747 5389 1011 5470 indutus,
1045 5389 1336 5452 carbones
1355 5389 1847 5470 immisit,quibus
1871 5394 2092 5458 deinde

453 5480 592 5542 thus
620 5480 921 5561 imposuit.
951 5481 1036 5544 Ac
1064 5478 1152 5542 illi
1181 5477 1469 5561 deinceps
1498 5479 1657 5542 thuri
1685 5479 2090 5563 impositi,ad-

455 5567 810 5640 mirabiliter
831 5567 1121 5634 carbones
1148 5567 1385 5632 accensi
1401 5576 1593 5650 erant,
1620 5567 1816 5652 ipsum
1846 5571 2094 5640 adolen-

2172 5319 2317 5386 θησι.
2382 5315 2632 5374 Κάκεῐνοι
2694 5314 2882 5372 λοιπὸν
2947 5315 3277 5398 παραδόξως,
3351 5321 3481 5398 πρός
3553 5319 3656 5395 μὲν
3730 5319 3818 5374 τὸν

2171 5403 2462 5462 λιϐανωτὸν
2533 5401 2783 5482 ἄνθρακες
2846 5403 2980 5471 ἦσαν
3053 5404 3294 5470 καίοντες
3366 5409 3522 5464 αὑτὸν
3593 5409 3684 5465 καὶ
3747 5408 3818 5470 εἰς

2170 5496 2385 5552 κατινὸν
2436 5491 2759 5570 διαλύοντες,
2825 5495 2959 5572 πρὸς
3026 5491 3082 5552 δὲ
3153 5517 3213 5574 γε
3266 5495 3366 5564 τὴν
3409 5498 3548 5576 ἱερὰν
3577 5495 3820 5564 στολλὴν

2173 5585 2493 5668 ψυχθρότεροι
2555 5581 2710 5642 λίθων
2766 5585 3030 5666 ἑωρῶντο.
3090 5585 3266 5645 Ταῦτα
3321 5590 3369 5646 οἱ
3423 5588 3580 5668 ἱερεῖς
3643 5586 3734 5646 καί
3791 5586 3820 5645 ὁ
