3918 6138
355 192 473 278 267

1659 191 1944 275 MENsIs
1982 193 2428 274 NOVEMBER.

346 345 544 412 rabat.
575 347 790 410 Postea
819 360 958 408 vero
989 361 1166 428 quam
1200 341 1525 424 Gregorius
1553 360 1672 406 una
1691 362 1823 406 cum
1861 342 1995 425 epi-
2017 362 2057 402 Α

3588 202 3694 284 968

2080 341 2312 402 ’Ἔπειτα
2353 346 2443 402 καὶ
2501 345 2790 424 Γρηγορίου
2846 357 2968 411 τοῖς
3018 347 3328 414 επισκόπόις
3373 353 3699 414 συνεισελθόνο

355 435 557 518 scapis
589 436 1120 515 urbemingressus
1138 443 1250 509 est,
1283 433 1621 495 maximain
1647 433 1814 495 illum
1848 453 1902 495 re

2159 456 2205 506 ς,
2240 436 2268 490 ὁ
2320 433 2568 510 βασιλεὺς
2627 437 2724 502 τήν
2772 435 2904 515 πρὸς
2964 437 3121 492 αὗτὸν
3154 436 3352 494 ἐδείκνυ
3406 439 3698 522 φιλοφροσύ-

356 525 675 589 hilaritatis
694 544 762 588 ac
787 523 1221 587 benevolentiae
1233 522 1594 604 signiﬁcatio
1618 522 2006 596 exstitit,nam

2093 545 2212 596 νην,
2270 526 2359 580 καὶ
2429 533 2521 583 τοῦ
2575 527 2758 596 θρόνου
2819 523 3104 590 ἐξαναστὰς
3176 525 3450 606 περιέϐαλέ
3513 550 3564 585 τε
3628 534 3702 588 καὶ

360 623 420 678 et
479 614 632 677 solio
695 632 939 694 urgens,
1002 631 1139 676 eum
1199 611 1544 692 complexus
1608 611 1907 673 osculabat

2157 614 2482 684 anon-(itero.
2549 605 2789 693 Ἠμερῶν
2847 613 2902 670 δέ
2959 636 3119 670 τινων
3188 614 3582 694 διαγενομένων,
3640 623 3704 683 εἰς

357 703 580 768 Verum
611 704 770 766 enim
797 721 934 764 vero
969 701 1208 764 cumilli
1245 719 1360 762 non
1393 701 1608 761 multos
1631 710 1764 781 post
1792 701 1921 763 dies
1949 706 2010 762 in

362 801 629 855 mentem
655 791 916 854 venisset
938 807 1115 852 novas
1133 788 1727 868 sacerdotibusleges
1757 789 2013 864 sancire,

365 901 498 962 quae
523 881 707 945 etiam
740 878 996 960 posteris
1025 887 1146 939 tum
1181 885 1345 958 tutw,
1380 886 1506 939 tum
1542 878 1724 941 utiles
1749 878 2020 941 videren-

365 979 487 1044 tur,
522 970 922 1052 patriarcham
957 977 1015 1030 et
1045 986 1181 1032 eum
1214 967 1412 1048 ipsum
1442 967 1640 1028 divum
1669 966 2018 1046 Gregorium

367 1060 720 1130 accersitos,
750 1058 1194 1119 communicato
1217 1055 1491 1131 consilio,
1515 1056 1655 1136 quid
1689 1057 1844 1118 facto
1871 1076 2023 1136 opus

369 1155 551 1224 esset,
584 1146 877 1209 consulit:
914 1146 1016 1226 qui
1047 1165 1172 1208 rem
1207 1163 1464 1226 persano
1490 1144 1848 1207 laudabilem
1871 1146 2018 1222 fore,

368 1255 436 1298 ac
465 1244 629 1300 recte
659 1237 735 1299 de
763 1235 1057 1315 religione
1088 1235 1492 1298 sentientibus
1524 1235 1731 1298 utilem
1768 1236 2024 1298 afﬁrma-

367 1337 534 1388 runt.
570 1326 735 1408 lique
755 1343 889 1390 cum
912 1343 1143 1387 sacrum
1164 1325 1385 1405 jejunii
1412 1332 1644 1405 tempus
1660 1326 2018 1401 advenisset,

367 1417 527 1478 hanc
583 1415 976 1497 provinciam,
1011 1421 1141 1494 ipso
1172 1431 1316 1493 rege
1369 1413 1430 1474 in
1461 1414 1780 1476 concilium
1815 1433 2020 1476 secum

369 1505 662 1581 adhibito,
693 1520 1042 1585 suscepere,
1085 1520 1384 1584 novasque
1413 1514 1477 1566 et
1508 1521 1705 1565 sacras
1748 1504 1909 1582 leges
1936 1503 2022 1566 illi

373 1602 723 1656 sanxerunt.

454 1679 579 1744 LX.
609 1678 846 1744 Interea
875 1698 1012 1742 vero
1065 1680 1386 1759 Gregorius
1415 1698 1726 1743 sermones
1755 1679 2026 1743 doctrina
2045 1667 2085 1718 Β

376 1789 445 1834 ac
498 1771 718 1850 pietate
746 1770 1022 1845 refertos,
1061 1769 1265 1850 plures
1315 1769 1501 1832 edidit
1534 1790 1547 1832 :
1603 1769 1752 1832 alios
1781 1769 2023 1850 quidem

376 1858 442 1921 in
493 1878 722 1922 sacram
773 1860 988 1940 jejunii
1040 1857 1547 1935 observationem,
1583 1859 1732 1920 alios
1789 1861 1852 1920 in
1909 1861 2024 1934 Pe-

380 1959 538 2012 trum
590 1958 648 2010 et
676 1948 1008 2024 Andream,
1040 1966 1108 2010 ac
1153 1947 1355 2029 plures
1403 1947 1547 2009 item
1579 1948 1728 2010 alios
1777 1967 2027 2030 compo-

382 2037 539 2100 suit:
577 2036 678 2117 qui
710 2045 832 2101 tum
858 2036 1134 2110 artificio,
1163 2044 1285 2098 tum
1314 2035 1567 2098 utilitate
1600 2036 1921 2116 plurimum
1943 2037 2030 2100 illi

378 2126 571 2188 laudis
602 2127 954 2190 attulerunt.
983 2124 1097 2189 Ubi
1156 2143 1295 2187 vero
1324 2125 1566 2187 domum
1621 2125 1936 2189 discedere
1967 2127 2028 2187 in

380 2220 649 2278 animum
682 2215 936 2295 induxit,
970 2215 1195 2294 rogavit
1222 2215 1417 2276 locum
1449 2213 1564 2276 sibi
1611 2216 1670 2276 in
1723 2214 2031 2294 Agrigenti

384 2304 701 2374 civitate.in
725 2323 842 2386 quo
857 2302 1506 2384 episcopidomicilium
1525 2305 2035 2372 construeret,im-

382 2394 617 2474 pertiri.
652 2394 760 2457 Cui
789 2411 892 2455 rex
926 2404 1202 2473 tanquam
1242 2399 1561 2474 acciperet,
1589 2413 1706 2455 non
1739 2403 2029 2472 erogaret,

381 2484 462 2544 ita
523 2490 798 2564 prompte
828 2501 896 2545 ac
928 2482 1203 2546 hilariter
1261 2482 1543 2560 elargitus
1574 2491 1685 2558 est,
1721 2491 1784 2543 ut
1837 2491 2035 2562 optata

379 2571 548 2634 illius
584 2590 1030 2653 supergressus,
1065 2569 1380 2632 dimidium
1419 2570 1504 2632 illi
1547 2571 1857 2650 Agrigenti
1887 2572 2032 2632 civi-

385 2661 522 2723 tatis
539 2663 676 2724 dari
703 2661 976 2742 jusserit,
1015 2679 1132 2740 quo
1165 2677 1270 2739 pro
1303 2659 1472 2720 libito
1505 2660 2035 2724 uteretur.Deinde

378 2752 754 2830 amplexatus
785 2751 1321 2827 illum,rogansque
1349 2766 1425 2808 ne
1456 2749 1545 2809 sui
1576 2749 2034 2812 oblivisceretur

380 2856 538 2901 neve
568 2850 910 2918 gravaretur
943 2856 1046 2918 pro
1077 2855 1142 2899 se
1174 2839 1361 2900 Deum
1396 2840 1648 2919 precari,
1675 2839 1924 2904 dimisit.
1958 2848 2037 2902 At

379 2945 521 2989 vero
578 2947 653 2990 ne
685 2929 891 3006 regina
921 2927 1163 3007 quidem
1196 2926 1355 2988 circa
1400 2928 1590 2988 virum
1619 2939 1888 2990 sanctum
1938 2949 2034 2992 se-

2098 708 2216 758 νοῦν
2274 705 2416 776 αὐτῷ
2473 701 2724 779 βάλλεται
2779 703 2927 767 νέους
2980 705 3110 783 πρὸς
3164 707 3270 761 τῶν
3329 705 3502 783 ἱερέων
3569 707 3706 766 ἐκτε-

2099 791 2248 857 θῆναι
2303 791 2551 866 κανόνας,
2600 805 2656 849 οτ
2713 794 2800 850 καὶ
2857 806 2976 857 τοῖς
3039 794 3174 866 μετὰ
3219 802 3404 869 ταῦτα,
3451 798 3576 870 ὁμοῦ
3626 799 3711 874 μὲν

2100 879 2382 959 ἀσφαλεῖς,
2443 883 2584 956 ὁμοῦ
2639 879 2694 937 δὲ
2754 883 2842 938 καὶ
2895 881 3154 962 ὠφέλιμοι
3212 882 3434 949 δόξουσι.
3492 889 3584 943 Τὸν
3637 888 3715 944 οὗν

2101 970 2442 1049 πατριάρχην
2530 972 3046 1052 μεταπεμψάμενος,
3121 973 3209 1029 καὶ
3280 975 3436 1030 αὐτὸν
3512 973 3572 1041 δὴ
3635 979 3718 1032 τὸν
3789 1003 3791 1007 ι

2103 1061 2248 1114 θετον
2305 1060 2617 1138 Γρηγόριον,
2677 1060 3074 1138 κοινολογεϊται
3131 1064 3250 1141 περὶ
3304 1070 3397 1120 τοῦ
3449 1066 3716 1140 προκειμέ-

2107 1164 2214 1202 νου⁶
2275 1160 2331 1204 οϊ
2360 1151 2450 1205 καὶ
2500 1149 2637 1206 πάνυ
2669 1151 2910 1228 χρηστὸν
2942 1151 3084 1208 εἶναι
3127 1155 3190 1208 τὸ
3239 1157 3458 1230 πρᾶγμα
3499 1153 3586 1209 καῖ
3613 1168 3718 1218 τοῖς

2105 1233 2396 1312 ὀρθοδόξοις
2479 1236 2750 1317 ὠφέλιμον
2838 1241 3106 1317 εἰρηκότες
3137 1288 3153 1315 ,
3237 1248 3328 1296 τοῦ
3428 1242 3560 1318 ἱεροῦ
3635 1247 3720 1310 τῆς

2105 1325 2352 1391 νηστείας
2413 1325 2802 1400 καταλαϐόντος
2856 1335 3065 1408 καιροῦ,
3116 1331 3210 1385 τοῦ
3279 1330 3440 1386 πόνου
3495 1331 3719 1410 εἴχοντο,

2107 1411 2700 1490 συνεπιλαμϐανομένου
2768 1416 2951 1479 αὐτοῖς
3006 1417 3093 1472 καὶ
3148 1419 3242 1474 τοῦ
3295 1417 3574 1495 βασιλέως.
3639 1422 3726 1476 Καὶ

2107 1501 2273 1565 οὕτως
2320 1505 2367 1560 oi
2425 1505 2523 1578 μὲν
2581 1505 2700 1568 τοὺς
2763 1504 2910 1570 νέους
2968 1508 3053 1564 καὶ
3105 1507 3273 1582 ἱεροὺς
3321 1508 3542 1572 κανόνας
3593 1508 3725 1565 ἐκτί-

2103 1595 2303 1652 θενται.

2189 1671 2285 1734 Ξ’,
2341 1673 2404 1732 '0
2465 1671 2518 1728 δέ
2570 1694 2632 1752 γε
2689 1677 2832 1738 θεῖος
2889 1678 3179 1754 Γρηγόριος
3220 1677 3340 1739 τοὺς
3400 1674 3729 1754 δογματικοὺς

2108 1769 2214 1819 τῶν
2273 1761 2449 1841 λόγων
2486 1763 2783 1844 συντάττει,
2817 1765 2936 1828 τοὺς
2969 1767 3040 1830 εἷς
3095 1767 3193 1834 τὴν
3223 1767 3376 1844 ἁγίαν
3434 1788 3737 1844 τεσσαρακο-

2110 1851 2266 1932 στήν,
2313 1853 2400 1908 καὶ
2454 1854 2576 1916 τοὺς
2627 1853 2698 1918 εἷς
2758 1853 2955 1930 Πέτρον
3008 1856 3146 1934 φημὶ
3204 1858 3292 1912 καὶ
3333 1854 3597 1935 Ἀνδρέαν,
3625 1877 3737 1910 συν-

2109 1943 2286 2008 τίθησι
2315 1939 2368 1997 δὲ
2402 1943 2488 1998 καὶ
2519 1941 2753 2005 πολλοὺς
2813 1943 3047 2018 ἑτέρους,
3084 1943 3194 2020 ἅμα
3224 1945 3325 2019 μὲν
3369 1947 3500 2024 πρὸς
3529 1945 3741 2024 τέχνην,

2111 2030 2224 2105 ἅμα
2269 2029 2440 2087 δὲκαὶ
2480 2033 2608 2109 πρὸς
2663 2031 2924 2112 ὠφέλειαν
2969 2033 3262 2094 ἐπαινετῶς
3322 2031 3571 2114 ἔχοντας.
3604 2034 3742 2090 Ἐπεὶ

2113 2118 2168 2176 δὲ
2219 2121 2310 2178 καὶ
2338 2125 2434 2188 τῆς
2487 2123 2618 2200 πρὸς
2647 2123 2713 2176 τα
2771 2123 2942 2179 οἰκεῖα
2994 2124 3256 2201 φερούσης
3304 2122 3557 2198 ἑμένητο,
3587 2121 3743 2198 ᾔτησε

2112 2211 2201 2265 τὸν
2275 2217 2562 2288 κρατοῦντα
2634 2211 2835 2290 χῳρίον
2893 2215 3035 2285 αὖτῴ
3091 2211 3144 2267 ἐν
3197 2213 3266 2288 τῇ
3339 2212 3742 2291 ’ᾼκραγαντίνων

2113 2297 2350 2378 δοθῆναι,
2384 2299 2438 2354 έν
2467 2301 2513 2374 ᾦ
2573 2301 2634 2355 τὸ
2686 2300 3036 2357 ἐπισκοπεϊον
3087 2299 3451 2375 οἰκοδομήσει.
3482 2305 3540 2359 Ὃ
3594 2302 3741 2377 βασι-

2114 2387 2232 2454 λεὺς
2307 2389 2418 2463 οὖν,
2487 2389 2665 2466 ὥσπερ
2721 2387 3008 2464 λαμϐάνων
3079 2389 3310 2471 μᾶλλον,
3370 2393 3494 2471 οὐχὶ
3561 2387 3739 2462 διδοὺς,

2115 2477 2254 2534 οὕτω
2307 2477 2586 2553 προθύμως
2655 2477 2764 2553 ἅμα
2821 2480 2908 2534 καὶ
2962 2477 3257 2558 φιλοτίμως
3316 2477 3528 2536 δίδωσιν
3581 2480 3734 2557 ὓπερ-

2113 2565 2208 2629 ϐὰς
2255 2569 2342 2623 καὶ
2368 2567 2466 2633 τὴν
2499 2564 2737 2634 αἴτησιν,
2805 2564 2994 2623 Δίδωσι
3025 2569 3124 2646 γὰρ
3155 2568 3296 2642 αὐτῷ
3341 2570 3406 2624 τὸ
3435 2567 3596 2643 ἥμισυ
3651 2572 3741 2634 τῆς

2117 2653 2542 2734 Ἀκραγαντίνων
2626 2655 2868 2732 πόλεως,
2956 2656 3190 2714 κελεύων
3273 2656 3422 2720 ὅπως
3516 2657 3743 2734 βούλοιτο

2117 2747 2374 2824 χρῆσθαι,
2445 2745 2581 2801 Εἶτα
2614 2746 2701 2802 καὶ
2757 2745 3120 2822 ἇστασάμενος
3177 2748 3335 2803 αὐτὸν
3369 2749 3461 2803 καὶ
3513 2748 3741 2825 αἰτήσας,

2119 2836 2339 2910 μνήμης
2395 2855 2452 2889 τε
2497 2836 2584 2890 καὶ
2646 2836 2823 2915 εὐχῶν
2881 2843 2988 2892 τῶν
3034 2837 3164 2915 ὑπὲρ
3213 2838 3375 2894 αὐτοό
3428 2837 3508 2912 μὴ
3549 2835 3745 2913 ἀμελῶς

2117 2923 2265 3004 ἔχειν
2316 2925 2541 3003 ἀφῆκεν.
2602 2923 2731 2984 Οὐδὲ
2780 2925 2809 2991 ἣ
2865 2925 3072 3003 βασιλὶς
3130 2926 3484 3006 ῥᾳθυμότερόν
3525 2949 3574 2982 τι
3641 2926 3749 3003 περὶ

381 3017 562 3092 gnius
592 3019 804 3080 affecta
835 3021 958 3079 visa
989 3024 1100 3079 est.
1136 3017 1282 3080 Nam
1318 3026 1375 3079 et
1403 3015 1534 3098 ipsa
1563 3037 1696 3079 cum
1731 3019 1928 3081 didici:

2200 3038 2211 3068 μ
2272 3014 2423 3092 ἃγιον
2481 3013 2648 3094 ἐφάνη
2693 3012 3024 3090 διακειμένη·
3081 3013 3217 3071 ἀλλὰ
3264 3014 3362 3072 καὶ
3416 3017 3551 3082 αὐτὴ
3605 3012 3747 3092 ἄνδρα

385 3105 741 3184 Gregorium
795 3107 1056 3168 amicum
1088 3104 1210 3168 Deo
1267 3125 1335 3168 ac
1384 3107 1848 3186 perfamiliarem
1878 3127 2034 3186 esse,

382 3205 856 3259 consentaneam
905 3195 994 3256 illi
1049 3196 1444 3258 reverentiam
1499 3196 1732 3275 detulit,
1767 3216 1835 3260 ac
1865 3197 2037 3261 donis

384 3301 560 3366 quam
619 3286 813 3365 potuit
862 3283 1476 3364 magniﬁcentioribus
1520 3284 1825 3348 demereri
1868 3288 2032 3350 illum

382 3384 596 3436 conata
625 3385 736 3436 est.
764 3373 1140 3455 Quapropter
1170 3392 1450 3453 egressus
1477 3375 1628 3436 urbe
1657 3374 2027 3440 Constantini

379 3461 629 3525 Romam
663 3465 965 3544 prolectus
995 3472 1104 3527 est.
1127 3462 1238 3526 Ubi
1258 3483 1291 3525 a
1318 3464 1600 3543 pontiﬁce
1627 3484 1778 3528 max.
1816 3485 2027 3546 magna

378 3553 719 3615 reverentia
745 3561 1081 3634 susceptus,
1113 3553 1507 3634 Agrigentum
1541 3570 1662 3616 non
1690 3555 1872 3616 multo
1896 3564 2026 3637 post

377 3641 689 3720 adnavigat
738 3643 977 3723 quicum
1023 3643 1139 3704 duo
1187 3643 1445 3718 diaconi,
1484 3649 1546 3704 ut
1598 3643 1657 3704 in
1711 3646 2020 3726 proprium

379 3729 547 3791 illum
573 3731 977 3812 episcopatum
1009 3735 1415 3807 restituerent,
1445 3731 1612 3794 missi
1653 3745 1810 3797 sunt.
1837 3733 2022 3798 Porro

381 3826 442 3881 et
475 3818 603 3881 illic
636 3830 751 3882 tam
786 3823 997 3900 ingens
1019 3821 1127 3882 viri
1157 3821 1347 3883 sancti
1378 3821 1533 3902 apud
1565 3840 1775 3884 omnes
1803 3825 2026 3887 conﬂa-

382 3915 475 3968 tur
531 3907 929 3982 desiderium,
963 3918 1028 3970 ut
1085 3909 1248 3970 illius
1278 3909 1494 3971 virtute
1542 3929 1660 3972 non
1709 3912 2028 3976 obscurum

381 3995 789 4058 testimonium
844 3997 1118 4072 fecerint,
1168 3998 1306 4059 dum
1369 3998 1463 4078 pia
1513 3999 1683 4080 plebs
1731 4003 2026 4081 universa,

381 4095 753 4167 cunctusque
786 4087 1045 4166 populus
1079 4094 1244 4148 extra
1273 4087 1577 4151 civitatem
1626 4092 1873 4170 egressi,
1907 4101 2027 4154 tum

379 4171 677 4251 laudibus,
718 4183 839 4236 tum
892 4175 1078 4236 sacris
1124 4177 1524 4249 cantionibus,
1575 4187 1636 4239 ut
1691 4198 1810 4242 non
1855 4181 2028 4243 facile

385 4270 605 4342 quanta
620 4282 752 4325 cum
779 4264 1079 4346 voluptate
1103 4265 1593 4341 dixeris,obviam
1615 4268 1701 4328 illi
1725 4269 2026 4350 prodiere.

467 4351 610 4414 LXI.
643 4351 794 4426 Quid
825 4354 900 4415 ad
931 4355 1056 4416 haec
1074 4355 1240 4417 divus
1258 4353 1630 4434 Gregorius?
1658 4357 1794 4420 illos
1823 4378 2030 4424 omnes
2051 4383 2097 4434 ο

382 4440 598 4504 osculo
632 4453 837 4506 sancto
863 4445 1203 4507 humaniter
1230 4443 1437 4522 ambit,
1461 4464 1530 4508 ac
1557 4447 1806 4526 singulis
1821 4469 2031 4512 manus

381 4529 729 4622 imponens,
791 4533 943 4595 bene
1000 4531 1282 4594 omnibus
1330 4535 1702 4615 precabatur.
1751 4539 1828 4600 At
1882 4542 2031 4622 patri

384 4620 595 4682 obvius
641 4622 829 4685 factus
860 4623 1116 4704 primum
1170 4623 1412 4706 quidem
1462 4627 1591 4705 ejus
1648 4620 1900 4708 pedibus
1927 4649 2030 4692 se-

379 4709 576 4790 ipsum
617 4712 862 4793 abjecit,
885 4730 1022 4776 mox
1049 4732 1393 4792 assurgens,
1412 4714 1794 4797 brachiisque
1809 4719 2030 4781 collum

384 4799 518 4879 ejus
537 4800 1419 4884 circumdans,amplexabatur:
1445 4813 1510 4865 ut
1531 4804 2034 4886 lacrymaeutrius-

383 4906 498 4968 que
558 4889 748 4952 oculis
806 4890 1042 4968 elicitae,
1106 4891 1468 4972 agendarum
1526 4895 1651 4956 Deo
1708 4897 2030 4975 gratiarum

385 4980 784 5043 communiter
813 4982 1048 5046 occasio
1083 4981 1314 5045 ﬁerent.
1349 4984 1477 5046 Hoc
1507 4983 1700 5064 ipsum
1733 5005 1872 5067 erga
1899 5007 2030 5051 ma-

383 5076 535 5159 trem
565 5089 672 5159 usu
701 5068 816 5131 sibi
849 5071 1085 5136 venisse
1113 5072 1425 5153 comperit.
1457 5071 1677 5136 Verum
1709 5082 1866 5138 enim
1898 5079 2030 5159 ejus

385 5156 712 5237 discipulus
741 5167 886 5235 erat,
915 5161 1014 5240 qui
1046 5172 1329 5241 parentes
1361 5179 1484 5242 prie
1511 5163 1789 5226 omnibus
1820 5156 2028 5230 colen-

383 5243 492 5338 dos
523 5246 824 5338 prtecepit.
845 5250 1100 5338 Demum
1126 5250 1334 5311 urbem
1377 5251 1834 5330 ingressus,non
1865 5257 2030 5338 prius

380 5333 750 5426 damicilium
784 5336 974 5417 petiit,
1004 5357 1122 5400 non
1157 5339 1450 5420 templum
1483 5341 1688 5406 videre
1718 5333 2020 5426 sustinuit,

2118 3107 2356 3178 μαθοῦσα
2418 3103 2509 3160 τὸν
2580 3102 2868 3183 Γρηγόριον
2935 3111 3012 3178 τῷ
3080 3110 3196 3178 Θεῷ
3263 3102 3748 3183 προσῳκειωμένον,

2117 3190 2273 3257 σέϐας
2308 3214 2362 3249 τε
2414 3195 2474 3249 τὸ
2523 3193 2798 3273 προσῆκον
2849 3193 3130 3269 ἀπονέμει,
3167 3195 3251 3250 καὶ
3305 3192 3495 3272 δώροις
3545 3197 3616 3259 ὡς
3644 3193 3751 3249 οἷόν

2116 3304 2173 3339 τε
2227 3283 2502 3361 Θεραπεύει
2561 3281 2988 3363 μεγαλοψύχως.
3048 3281 3307 3348 Ἐξελθὼν
3367 3282 3424 3340 δὲ
3452 3284 3550 3353 τῆς
3608 3292 3752 3342 Κων-

2116 3372 2410 3452 σταντίνου,
2475 3374 2560 3428 καὶ
2617 3373 2716 3440 τὴν
2785 3373 3001 3448 Ῥώμην
3059 3370 3402 3449 καταλαϐὼν,
3462 3375 3549 3430 καὶ
3620 3371 3755 3448 παρὰ

2107 3466 2200 3516 τοῦ
2284 3461 2478 3518 πάππα
2549 3460 2647 3518 καῖ
2719 3464 2862 3527 αὖθις
2933 3459 3232 3537 σεϐασμὶως
3321 3463 3626 3542 ὑποδεχεὶς,
3683 3461 3751 3521 εἷς

2108 3550 2436 3628 Ἀκράγαντα
2509 3561 2835 3629 περαιοῦται,
2927 3550 3399 3626 Συνεκπέμπονται
3485 3550 3542 3606 δὲ
3611 3553 3747 3621 αὖτῷ

2107 3638 2201 3695 καί
2248 3637 2340 3697 δύο
2368 3643 2474 3696 τῶν
2529 3638 2809 3715 διακόνων,
2844 3643 2916 3706 ὡς
2967 3642 3042 3705 εἷς
3093 3641 3190 3707 τὴν
3236 3638 3367 3697 ἰδίαν
3422 3643 3582 3702 αὐτὸν
3630 3639 3745 3696 ἐπι-

2111 3729 2319 3797 σκοπὴν
2431 3730 2898 3798 ἀποκαταστῆσαι,
2986 3733 3187 3789 Γίνεται
3289 3730 3379 3788 οὖν
3466 3735 3498 3801 ἡ
3580 3731 3749 3787 ἐκεῖσε

2111 3829 2202 3878 τοῦ
2261 3821 2521 3900 μακαρίου
2576 3819 2746 3899 ἄφιξις
2803 3821 2940 3878 οὕτω
2983 3820 3184 3894 καλῶς,
3215 3822 3289 3886 ὡς
3346 3822 3422 3886 είς
3470 3821 3748 3900 μαρτύριον

2110 3909 2350 3988 γενέσθαι
2406 3913 2506 3977 τῆς
2565 3909 2759 3989 ἀρετῆς
2816 3909 3015 3967 ἐκείνου
3077 3911 3164 3967 καὶ
3221 3915 3320 3978 τῆς
3375 3915 3469 3968 τοῦ
3527 3908 3750 3980 πλήθους

2113 3997 2412 4077 φιλοθείας,
2471 3996 2564 4056 ἅτε
2615 4005 2708 4056 τοῦ
2765 3997 2896 4057 λαοῦ
2965 4001 3164 4063 παντὸς
3218 4001 3321 4078 πρὸ
3379 4007 3482 4069 τῆς
3551 3998 3752 4060 πόλεως

2114 4085 2528 4168 ἐξεληλυθότων,
2587 4089 2672 4144 καὶ
2729 4088 2973 4166 ψαλμοῖς
3031 4090 3142 4165 ἅμα
3191 4095 3278 4146 καί
3335 4093 3507 4170 ἱεροῖς
3562 4089 3754 4165 ᾅσμασι

2114 4176 2231 4253 μεθ’
2286 4175 2418 4244 ὅσης
2476 4180 2573 4235 οὐκ
2625 4175 2690 4234 ἂν
2748 4179 2924 4244 εἴποις
2970 4183 3067 4248 τῆς
3119 4177 3314 4248 ἡδονῆς
3368 4183 3473 4248 τὴν
3526 4178 3755 4244 ὑπαντὴν

2114 4269 2272 4325 αὗτοῦ
2301 4267 2631 4343 ποιουμένων
2643 4316 2656 4331 ,

2193 4355 2334 4413 ΞΑ’⁶
2394 4359 2454 4414 Τί
2484 4359 2573 4414 οὗν
2627 4360 2655 4414 ὁ
2683 4361 2828 4424 θεῖος
2886 4360 3176 4438 Γρηγόριος
3207 4377 3223 4436 ;
3253 4361 3387 4425 Τοὺς
3435 4362 3539 4438 μὲν
3567 4357 3752 4420 ἄλλους

2112 4447 2312 4510 πάντας
2380 4444 2641 4527 φιλήματί
2715 4469 2767 4504 τε
2823 4449 2959 4527 ἁγίῳ
3027 4449 3457 4530 φιλοφρονεῖται,
3518 4451 3608 4506 καὶ
3661 4448 3752 4508 τὰς

2111 4549 2304 4616 χεῖρας
2363 4537 2566 4602 ἐπιθεὶς
2642 4538 2870 4613 ἑκάστῳ,
2931 4539 3030 4607 τὴν
3105 4540 3346 4617 εὐλογίαν
3402 4539 3609 4596 δίδωσι’
3680 4538 3754 4611 τῷ

2111 4625 2166 4682 δὲ
2195 4628 2359 4706 πατρί
2412 4626 2715 4706 προσελθὼν
2781 4631 2964 4708 πρῶτα
3021 4627 3118 4704 μὲν
3174 4630 3297 4694 τοῖς
3348 4634 3505 4687 ποσὶν
3559 4628 3755 4686 ἐκείνου

2113 4717 2296 4772 ἑαυτὸν
2354 4715 2700 4792 καναϐάλλει,
2739 4718 2864 4776 εἶτα
2905 4715 3186 4783 διαναστὰς
3243 4720 3333 4775 τὸν
3363 4718 3646 4799 τρὰἱχηλόν
3700 4735 3754 4770 τε

2111 4803 2417 4883 περιϐάλλει
2491 4809 2578 4864 καὶ
2660 4807 3076 4883 κατασπάζεται,
3154 4809 3229 4872 ὡς
3299 4809 3625 4887 ἀμφοτέροις
3695 4806 3757 4873 ἡ*

2113 4891 2268 4963 δονῆς
2327 4892 2548 4969 δάκρυον
2601 4902 2706 4954 τῶν
2761 4895 3046 4977 ὀφθαλμῶν
3103 4897 3353 4954 ἐκπεσεῖν
3420 4898 3514 4953 καὶ
3573 4894 3757 4959 κοινὴν

2115 4983 2354 5062 γενέσθαι
2413 4988 2546 5065 πρὸς
2617 4988 2747 5043 Θεὸν
2797 4988 2895 5055 τὴν
2953 4990 3318 5068 εὐχαριστίαν.
3378 4990 3450 5046 Τὸ
3515 4988 3647 5045 αὐτὸ
3703 4982 3757 5040 δὲ

2113 5073 2210 5130 καῗ
2280 5073 2365 5132 ἐπὶ
2418 5081 2488 5151 τῇ
2516 5076 2680 5155 μητρὶ
2732 5078 2952 5155 γίνεται.
3001 5078 3255 5145 Μαθητὴς
3283 5079 3387 5157 γὰρ
3413 5077 3486 5145 ἧν
3547 5074 3759 5143 άληθῶς

2112 5161 2313 5221 ἐκείνου
2382 5167 2476 5222 τοῦ
2545 5164 2748 5244 πατέρα
2818 5187 2876 5222 τε
2945 5167 3033 5223 καὶ
3115 5166 3324 5244 μητέρα
3403 5165 3757 5226 κελεύσαντος

2110 5249 2464 5334 διαφερόντως
2519 5259 2698 5329 τιμᾷν.
2757 5254 2897 5312 Εἶτα
2963 5255 3056 5322 τὴν
3115 5255 3270 5313 πόλιν
3328 5257 3606 5330 εἰσελθὼν,
3671 5256 3762 5310 οὐκ

2109 5345 2180 5410 εἰς
2239 5345 2301 5400 τὸ
2331 5342 2679 5402 έπισκοπεῐον
2735 5344 2980 5422 ἀνῆλθεν,
3015 5343 3132 5403 οὐδὲ
3177 5347 3237 5402 τὸ
3287 5347 3409 5402 ναὸν
3471 5345 3754 5413 ἐθεάσατο,

379 5437 494 5516 nec
545 5422 641 5492 νὺι⁴
664 5424 916 5516 alterum
970 5427 1209 5516 oculum
1259 5429 1477 5506 adjecit
1511 5451 1524 5494 :
1557 5433 1662 5494 sed
1707 5435 1926 5499 confes!

2265 5432 2429 5510 ἑτέρῳ
2494 5435 2599 5492 τινὶ
2653 5433 2849 5516 σχεδὸν
2905 5435 2996 5492 τὸν
3053 5433 3203 5512 ὄμμα
3273 5433 3560 5508 ἐπέϐαλεν,
3622 5430 3756 5491 ἀλλὰ

379 5508 613 5599 abiens,
653 5512 1098 5581 tabernaculum
1148 5535 1322 5582 suum
1355 5536 1524 5582 muro
1568 5529 1802 5605 septum
1860 5544 1926 5589 ex

2206 5508 2362 5584 λθὼνῂ
2387 5523 2600 5606 εὐθέως,
2634 5508 2863 5609 πήγνυσι
2915 5525 3012 5596 τὴν
3067 5508 3226 5585 αὐτού
3274 5524 3482 5597 σκηνὴν
3515 5523 3616 5598 ἔξω
3661 5527 3753 5588 τοῖν
