3918 6138
199 239 304 311 269

1347 242 1813 320 MARTYPJUM
1865 258 1926 320 S.
1971 245 2372 318 MERCURII.

3466 245 3546 325 70

195 381 445 440 εἰδωλικοῦ
503 392 623 440 ναοῦ
675 384 913 463 ἐχόμενα
982 391 1072 441 τοῦ
1141 385 1376 464 τείχους,
1452 390 1538 445 καὶ
1582 390 1646 457 ἦν
1689 390 1797 447 ἔχει

1966 387 2345 449 nulacrorum
2377 385 2672 465 templum
2706 387 2853 458 ﬁxit,
2889 385 2989 448 ubi
3023 406 3156 450 cum
3197 391 3534 455 multitudi-

193 472 572 542 διανυκτερεύων
643 476 730 530 καὶ
809 476 1240 554 προσευχόμενος
1323 479 1413 532 σὺν
1498 483 1653 537 παντὶ
1734 487 1811 554 τῷ

193 561 383 629 πλήθει.
451 563 582 618 Εἶτα
645 563 923 619 ἀντίτυπον
993 564 1254 642 τραπέζης
1302 566 1452 643 ἁγίας
1494 566 1806 647 σχεδιάσας,

190 653 252 714 ὠς
279 652 399 730 εἶχε
430 653 519 706 τὸν
547 653 723 725 τίμιον
757 651 933 708 ἐκεῖσε
989 655 1210 730 σταυρὸν
1271 655 1491 731 ἆνυψοϊ.
1547 659 1642 714 Καὶ
1671 657 1810 714 οὕτω

189 743 298 806 ταῖς
351 742 480 818 πρὸς
533 743 664 797 Θεὸν
722 755 1052 822 προσευχαῖς
1109 744 1230 808 τοὺς
1287 751 1364 819 τῷ
1412 743 1668 818 εἰδωλικῷ
1699 749 1808 821 ναῷ

189 828 532 908 ἑφεδρευόντας
602 829 852 904 δαίμονας
925 830 1194 907 ἐξελάσας,
1268 833 1652 909 ἀνῳκοδόμησε
1719 838 1805 892 καὶ

191 923 558 995 περιεχόσμησε
641 924 729 978 τὸν
815 923 960 996 ναὸν,
1048 925 1134 980 καὶ
1221 922 1384 997 ὄνομα
1473 928 1614 1000 αότῷ
1699 934 1804 983 τῶν

191 1013 426 1088 μεγίστων
499 1014 588 1067 καὶ
652 1013 946 1091 κορυφαίων
1017 1013 1273 1080 ἐπέθηκεν
1342 1015 1676 1090 ἀποστόλων,
1750 1017 1804 1072 ἐν

190 1105 226 1174 ᾤ
271 1102 346 1156 καὶ
400 1102 495 1163 τας
557 1103 814 1176 μυστικὰς
871 1101 1108 1158 ἐπετέλει
1139 1102 1405 1184 λατρείας,
1441 1106 1527 1161 καὶ
1560 1105 1802 1182 γλῶτταν

189 1192 281 1264 ἅμα
306 1193 386 1246 καὶ
430 1204 599 1269 χεῖρα
660 1189 914 1266 δαψηλῶς
971 1191 1218 1269 ἀνοίγων,
1281 1195 1367 1249 καὶ
1423 1191 1591 1258 διδοὺς
1648 1193 1802 1272 ἄρτον

188 1281 262 1335 τὸν
320 1282 407 1342 τὰς
481 1278 696 1356 καρδίας
767 1282 1076 1350 στηρίζοντα
1147 1282 1234 1336 καὶ
1301 1281 1545 1359 αγγέλων
1591 1282 1802 1351 ἀληθῶς

189 1369 318 1446 ἄρτον
383 1371 509 1426 ὄντα
582 1391 640 1426 τε
710 1372 794 1425 καὶ
868 1371 1257 1445 ὀνομαζόμενον
1328 1374 1561 1428 καὶτῶν
1622 1375 1802 1451 ψυχὰς

188 1460 456 1514 πεινώντων
527 1458 877 1534 ἐμπιπλὼδτα
960 1461 1046 1514 καὶ
1117 1459 1184 1515 δι’
1258 1461 1571 1541 ἀμφοτέρων
1641 1465 1800 1539 θερα-

185 1549 332 1603 πεύων
361 1549 449 1604 τὸν
483 1551 769 1607 Κτίσαντα.

253 1637 328 1694 Ἐν
356 1639 566 1700 τούτοις
598 1641 755 1695 αὐτοῦ
811 1637 1190 1716 διαπρέποντος
1246 1642 1334 1696 καὶ
1398 1641 1562 1698 καλοῦ
1605 1644 1798 1705 παντὸς

1897 497 1971 538 ne
2003 477 2062 538 in
2090 494 2296 554 preces
2319 475 2692 548 incumbens,
2721 475 2852 556 vigil
2888 477 3536 556 pernoctabat.Deinde

1893 567 2138 627 caleste
2172 563 2530 638 convivium,
2580 576 2753 644 prout
2803 567 3014 646 potuit,
3064 579 3529 649 reprasentans,

1893 655 2289 716 venerandam
2323 653 2442 716 illic
2473 672 2709 716 crucem
2742 655 2953 718 erexit.
2991 659 3192 738 Itaque
3239 658 3531 722 damoni-

1891 745 2027 824 bus,
2059 745 2155 824 qui
2187 743 2644 806 simulacrorum
2678 745 2900 825 templo
2947 746 3374 830 prasidebant,
3418 751 3532 830 piis

1890 853 2029 914 erga
2064 837 2246 896 Deum
2279 833 2558 914 precibus
2585 833 2934 916 proﬂigatis,
2987 836 3272 915 templum
3307 840 3526 902 readi-

1891 923 2104 998 ﬁcavit,
2139 941 2205 984 ac
2237 921 2509 1002 plurimis
2540 923 2905 986 ornamentis
2932 925 3234 999 decorato.
3269 928 3324 989 ei
3353 930 3532 991 maxi-

1890 1032 2120 1074 morum
2144 1031 2212 1073 ac
2239 1011 2569 1092 principum
2595 1013 2998 1091 apostolorum
3025 1033 3248 1077 nomen
3266 1016 3482 1080 indidit
3510 1040 3527 1095 ;

1885 1110 1946 1164 et
1978 1102 2037 1162 in
2069 1121 2186 1182 quo
2221 1101 2466 1181 mystica
2494 1101 2786 1164 sacriﬁcia
2818 1102 3125 1178 oll'erebat,
3162 1105 3421 1184 linguam
3451 1107 3530 1169 si-

1887 1195 2007 1256 mul
2040 1202 2097 1256 et
2127 1213 2365 1256 manum
2403 1193 2650 1272 opipare
2680 1194 2982 1274 aperiens,
3016 1196 3411 1278 prabensque
3431 1218 3530 1278 pa-

1885 1301 2045 1356 nem,
2081 1302 2195 1362 quo
2225 1282 2406 1344 corda
2435 1284 2826 1359 reﬁciuntur;
2860 1303 3097 1366 panem,
3134 1287 3402 1367 inquam,
3427 1287 3530 1370 qui

1884 1390 1948 1432 re
1975 1373 2151 1432 simul
2177 1381 2235 1432 et
2259 1371 2503 1433 nomine
2522 1371 2867 1450 angelorum
2893 1374 3355 1454 dicitur,panem
3385 1395 3527 1438 esu-

1887 1462 2109 1523 rientes
2130 1460 2358 1521 animas
2390 1469 2780 1542 saturantem,
2816 1462 3093 1542 utrinque
3118 1463 3318 1526 mundi
3343 1463 3528 1528 Crea-

1887 1560 2074 1613 torem
2111 1551 2529 1611 venerabatur.

1966 1642 2027 1700 ln
2062 1639 2152 1700 his
2182 1648 2377 1700 autem
2433 1638 2535 1699 ille
2588 1639 2854 1701 honestis
2917 1640 3183 1704 moribus
3239 1661 3309 1706 ac
3365 1651 3529 1707 recte

185 1732 280 1784 οἷον
303 1728 608 1807 ἀρχέτυπον
680 1731 771 1784 τὸν
844 1728 1028 1786 ἐαυτοῦ
1095 1730 1462 1807 προστιθέντος
1519 1731 1630 1806 βίον
1660 1735 1796 1788 ὕπο-

1966 1730 2057 1790 :lis
2091 1747 2496 1808 perseverans,
2532 1728 2712 1791 vitam
2745 1748 2911 1791 suam
2960 1731 3164 1793 decori
3196 1750 3265 1794 ac
3291 1731 3528 1798 honesti

137 1819 324 1890 -μονῆς
379 1838 436 1872 τε
497 1819 589 1874 καὶ
651 1821 1007 1896 μακροθυμίας
1077 1821 1242 1894 μέτρα
1311 1817 1670 1899 διδάσκοντος,
1718 1820 1796 1876 ἔτι

280 1909 360 1964 καὶ
431 1914 752 1985 πειρασμῶν
821 1910 908 1964 καὶ
973 1910 1246 1986 καρτερίας
1318 1915 1394 1980 τῷ
1424 1908 1540 1965 καθ’
1611 1911 1796 1965 ἑαυτὸν

177 1994 519 2074 ὑποδείγματι,
585 1997 640 2052 ἐν
697 2003 826 2053 πᾶσι
869 1996 1060 2061 καλοῖς
1101 1996 1402 2054 κατακλείει
1445 1999 1535 2053 τὸν
1567 1999 1679 2072 βίον
1708 2001 1794 2054 καὶ

178 2087 284 2163 πρὸς
336 2087 426 2141 τὸν
489 2086 816 2158 ποθούμενον
873 2088 1098 2163 Χριστὸν
1169 2085 1422 2166 ἐπιδημεῖ,
1491 2089 1535 2160 ᾦ
1604 2086 1792 2164 πρέπει

176 2176 308 2252 τιμὴ,
351 2173 496 2250 δόξα,
564 2173 900 2251 μεγαλοσύνη
976 2195 1028 2229 τε
1099 2176 1186 2231 καὶ
1230 2175 1661 2253 μεγαλοπρέπεια
1704 2182 1794 2231 νῦν

176 2265 244 2318 καὶ
270 2265 336 2326 εἰς
359 2266 482 2327 τοὺς
517 2266 716 2328 αἰῶνας
747 2269 851 2320 τῶν
881 2264 1108 2324 αἰώνων.
1144 2263 1341 2339 Ἀμήν.

1882 1826 2159 1899 tanquam
2215 1818 2524 1896 exemplar
2573 1817 2886 1898 exhibens,
2934 1820 3194 1884 lenitatis
3247 1823 3428 1886 animi
3457 1843 3528 1886 ac

1883 1910 2198 1988 patientia,
2235 1908 2387 1969 addo
2420 1909 2595 1969 etiam
2628 1908 2688 1969 in
2713 1909 2978 1971 adversis
3023 1912 3371 1986 tolerantia,
3418 1931 3525 1975 suo

1878 1998 2064 2076 ipsius
2094 1998 2451 2058 documento
2487 1999 2674 2077 legem
2726 1997 3006 2060 omnibus
3036 2000 3270 2063 indixit.
3307 2002 3528 2082 Sicque

1877 2086 2088 2148 diebus
2117 2105 2184 2147 ac
2214 2086 2530 2148 virtutibus
2560 2095 2792 2166 auctus,
2829 2088 3061 2149 mortali
3093 2088 3212 2150 vita
3273 2091 3523 2170 perfun-

1877 2185 2028 2262 ctus,
2064 2175 2134 2236 ad
2194 2174 2631 2253 optatissimum
2681 2175 2976 2238 Christum
3026 2177 3302 2257 emigrit:
3341 2199 3520 2262 quem

1877 2261 2046 2323 decet
2066 2262 2495 2342 honor,gloria,
2510 2264 2785 2343 majestas
2810 2269 2869 2324 et
2889 2261 3523 2344 magniﬁcentia,nunc

1877 2359 1936 2412 et
1965 2351 2025 2412 in
2058 2350 2276 2413 sacula
2305 2351 2686 2415 saculorum.
2721 2354 2935 2415 Amen.

2219 2521 2342 2530 ..α’

1459 2663 2207 2772 CERTAMEN

533 2901 686 3073 S.
833 2921 1912 3108 MARTYBIS
2063 2919 3156 3072 MERGURII.

681 3193 799 3264 (Ap.
824 3191 1030 3248 Surium
1061 3189 1121 3246 ad
1153 3188 1285 3247 diem
1313 3189 1386 3247 25
1414 3187 1747 3259 Novembris;
1780 3195 1952 3246 textus
1982 3187 2188 3245 Graecus
2221 3205 2320 3245 non
2353 3197 2524 3248 exstat
2556 3192 2609 3248 in
2640 3208 2768 3248 mss.
2800 3191 2988 3260 Paris.)

224 3512 265 3574 Ι.
296 3508 646 3590 lmperante
677 3505 782 3568 illo
816 3512 1084 3584 tempore
1111 3502 1290 3566 Decio
1315 3511 1374 3565 et
1394 3500 1971 3582 Valerianoianici
2006 3506 2062 3563 in
2097 3503 2352 3586 vincula,
2385 3505 2601 3568 deinde
2634 3506 2813 3568 variis
2835 3507 3154 3571 tormentis
3179 3509 3425 3590 subjici.
3458 3513 3521 3574 et

166 3617 346 3679 magna
372 3598 530 3660 urbe
569 3596 757 3658 Roma
780 3593 820 3655 ii
841 3592 1405 3655 communidecreto
1430 3599 1786 3667 statuerunt,
1873 3593 1922 3652 si
1953 3591 2040 3653 sic
2073 3592 2314 3669 quidem
2350 3593 2530 3655 fuerit
2555 3613 2894 3676 persuasus,
2931 3617 3048 3659 non
3079 3599 3242 3660 leves
3275 3619 3310 3660 a
3346 3600 3522 3662 nobis

165 3701 217 3748 ut
241 3707 444 3750 omnes
476 3685 889 3748 sacriﬁcarent
920 3689 978 3743 et
1004 3681 1118 3743 diis
1144 3681 1424 3744 libarent.
1460 3680 1788 3744 Convocato
1874 3682 2132 3742 honores
2163 3693 2584 3760 consequetur.
2647 3685 2752 3746 Sin
2812 3694 3008 3746 autem
3067 3689 3516 3763 contradixerit,

164 3793 280 3855 ergo
310 3787 433 3840 toto
465 3784 706 3848 senatu,
738 3774 792 3835 ei
827 3779 1254 3852 exposuerunt,
1307 3789 1439 3850 qua
1488 3769 1790 3832 communi
1874 3779 2003 3849 post
2037 3771 2221 3832 multa
2252 3780 2569 3852 tormenta,
2603 3792 2744 3834 ense
2768 3774 2997 3835 subibit
3024 3775 3518 3855 supplicium,aut

164 3885 435 3928 consensu
469 3885 506 3926 a
544 3883 607 3926 se
638 3863 879 3924 decreta
909 3861 1188 3922 fuerant:
1221 3867 1279 3922 et
1323 3878 1455 3921 cum
1491 3879 1593 3922 eos
1625 3861 1790 3922 inve-
1871 3860 1931 3920 in
1967 3860 2144 3921 maris
2168 3860 2520 3940 profundum
2546 3862 3160 3940 jacietur,autavibus
3187 3874 3244 3926 et
3269 3866 3517 3928 canibus

165 3955 365 4018 nissent
388 3973 518 4016 sua
549 3951 822 4015 assentiri
845 3950 1176 4022 sententia,
1201 3967 1412 4028 magna
1432 3948 1628 4010 aﬁ‘ecti
1653 3957 1789 4010 sunt
1873 3948 2106 4010 dabitur
2137 3948 2544 4012 devorandus:
2588 3951 2888 4032 pracipue
2917 3971 3056 4014 vero
3090 3953 3140 4014 si
3172 3953 3387 4017 fuerint
3417 3955 3514 4017 in-

162 4043 355 4108 latitia.
395 4044 618 4108 Statim
654 4061 797 4120 ergo
826 4040 1040 4102 litteris
1062 4038 1462 4119 imperatoriis
1484 4057 1615 4099 cum
1636 4036 1785 4098 sub-
1869 4037 2032 4098 venti
2065 4038 2246 4118 aliqui
2274 4058 2339 4099 ex
2361 4038 2653 4116 religione
2676 4039 2781 4102 Chl
2801 4041 3292 4118 istianorum.Qui
3314 4053 3514 4107 autem

160 4135 458 4215 scriptione
491 4140 761 4212 senatus,
785 4131 1095 4209 jusserunt
1114 4147 1182 4190 ea
1205 4147 1276 4190 ex
1289 4127 1592 4209 poni,qua
1615 4145 1784 4187 com-
1871 4127 2085 4188 divinis
2115 4130 2328 4190 nostris
2355 4129 2612 4190 decretis
2635 4129 3295 4206 oliedierint,maximos
3321 4133 3515 4196 hono-

159 4227 392 4289 muniter
422 4225 519 4286 eis
569 4224 693 4284 visa
749 4223 982 4283 fuerant
1039 4229 1097 4283 et
1154 4220 1407 4300 proponi
1463 4217 1776 4298 Capitolio,
1864 4227 1965 4278 res
1993 4225 2052 4300 et
2080 4217 2236 4278 dona
2267 4225 2732 4298 consequentur.
2763 4218 2968 4281 Valete
3002 4221 3370 4285 felicissime.

157 4331 373 4394 quarum
408 4316 532 4376 hoc
568 4321 658 4374 est
690 4310 1026 4386 exemplum
1060 4327 1073 4372 :
1943 4304 2016 4367 II.
2051 4304 2359 4386 Proposito
2392 4324 2530 4386 ergo
2564 4305 2758 4368 edicto
2790 4308 3203 4389 imperatorio,
3258 4319 3511 4372 contur-

221 4402 616 4484 lmperatores
648 4400 1146 4481 triumphatores,
1193 4397 1470 4472 victores,
1505 4395 1780 4476 Augusti,
1863 4395 1995 4456 bata
2027 4395 2132 4456 fuit
2163 4403 2280 4457 tota
2309 4397 2538 4470 civitas,
2574 4397 2732 4476 quod
2766 4397 2824 4458 in
2870 4405 2990 4459 tota
3039 4398 3279 4461 civitate
3310 4400 3516 4463 fuisset

158 4492 221 4570 pii
249 4493 462 4556 Decius
494 4501 559 4553 et
586 4489 937 4552 Valerianus
995 4487 1172 4550 simul
1220 4506 1354 4550 cum
1400 4495 1609 4548 senatu
1655 4486 1781 4546 hac
1865 4496 2221 4564 propositum
2255 4495 2496 4565 impium
2531 4495 2641 4552 hoc
2670 4497 2943 4554 edictum.
2973 4497 3404 4556 Acciditautem
3427 4509 3516 4564 ut,

160 4585 439 4645 communi
470 4579 728 4644 consilio
758 4597 772 4642 :
805 4577 951 4640 Cum
984 4580 1231 4640 deorum
1265 4576 1557 4637 beneﬁcia
1579 4583 1637 4636 et
1657 4593 1782 4635 mu—
1862 4594 1996 4636 cum
2031 4575 2133 4635 illo
2157 4584 2423 4655 tempore
2455 4575 2680 4637 bellum
2705 4576 3260 4640 fuissetaBarbaris
3285 4587 3510 4640 motum

160 4689 278 4732 nera
298 4672 716 4746 didicerimus,
739 4666 1198 4731 etsimuletiam
1223 4665 1778 4744 fruamnrvictoria,
1862 4666 2143 4726 adversus
2175 4663 2493 4736 Romanos,
2556 4675 2834 4744 pararent
2886 4667 3280 4747 imperatores
3330 4687 3507 4730 suum

163 4779 272 4840 qua
295 4762 466 4823 nobis
494 4759 570 4822 ab
623 4758 770 4839 ipsis
819 4758 954 4819 data
1001 4765 1091 4818 est
1134 4757 1419 4817 adversus
1460 4754 1775 4816 inimicos:
1864 4754 2211 4829 exercitum,
2239 4763 2303 4814 ut
2331 4754 2456 4815 acie
2488 4773 2625 4815 cum
2659 4756 2746 4816 eis
2779 4757 3199 4835 conﬂigerent,
3231 4756 3514 4836 jubeutes

165 4852 285 4928 quin
305 4852 482 4913 etiam
511 4849 672 4912 aeris
698 4846 1154 4928 temperatione,
1178 4854 1234 4906 et
1258 4863 1435 4906 omne
1455 4863 1642 4924 genus
1667 4845 1779 4905 fru-
1799 4866 1849 4921 υ
1867 4843 2136 4904 numeris
2162 4843 2542 4924 militum,qui
2569 4853 2739 4905 erant
2764 4850 2820 4905 in
2847 4845 3129 4906 omnibus
3151 4847 3506 4918 civitatibus,

1867 4942 1929 4994 ut
1961 4933 2233 4994 venirent
2258 4933 2317 4993 in
2340 4933 2650 4994 auxilium.
2679 4931 2758 4994 Ex
2782 4933 2854 4994 iis
2879 4944 3100 5015 autem,
3138 4936 3236 5015 qui
3257 4934 3331 4993 ab
3359 4953 3511 4994 una-

1867 5041 2099 5103 quaque
2121 5021 2356 5082 civitate
2381 5031 2436 5082 et
2458 5020 2702 5099 regione
2734 5023 3049 5082 veniebant
3083 5022 3154 5083 ad
3187 5022 3345 5082 hunc
3371 5022 3511 5083 belli

1865 5111 2404 5192 apparatum,venit
2426 5111 2602 5170 etiam
2628 5111 2780 5188 legio
2799 5129 3007 5172 eorum
3029 5110 3131 5191 qui
3164 5110 3513 5173 dicebautur

1864 5199 2195 5262 Martenses
2223 5199 2331 5278 [αι.
2357 5199 2728 5280 Freteuses],
2762 5199 2864 5280 qui
2894 5207 3032 5261 sunt
3059 5199 3167 5260 sub
3201 5199 3390 5281 prima
3411 5201 3516 5262 Ar.

169 5303 214 5355 et
238 5297 620 5375 privatorum,
655 5293 772 5356 diis
803 5291 1102 5373 expiantia
1160 5291 1414 5352 offerant
1468 5292 1780 5366 sacriﬁcia,
1867 5291 2086 5362 menia,
2113 5289 2221 5349 sub
2247 5288 2486 5350 tribuno
2511 5289 2752 5349 nomine
2777 5289 3125 5352 Saturnino.
3153 5289 3513 5368 Egrediente

170 5387 530 5463 procidentes
553 5395 612 5447 et
634 5384 1059 5465 supplicantes.
1075 5379 1136 5444 Si
1159 5381 1291 5461 quis
1311 5388 1508 5441 autem
1535 5381 1787 5443 voluerit
1866 5388 2062 5440 autem
2078 5378 2150 5440 ad
2168 5377 2393 5440 bellum
2414 5378 2880 5460 Decio,degebat
2902 5379 3106 5441 Roma
3128 5378 3507 5442 Valerianus.

170 5474 404 5536 divinum
439 5485 706 5536 nostrum
754 5474 986 5553 jussum
1031 5471 1279 5542 violare,
1319 5469 1422 5550 qui
1479 5473 1786 5532 communi
1869 5470 2196 5533 Commisso
2220 5484 2363 5529 vero
2387 5466 2544 5529 inter
2565 5467 2937 5531 Rnnanoset
2961 5467 3251 5530 Barbaros
3283 5469 3508 5549 pralio,

171 5563 439 5630 sententia
465 5574 557 5628 est
577 5582 609 5627 a
631 5562 805 5626 nobis
827 5561 1152 5647 espositus,
1181 5577 1317 5624 eum
1343 5558 1630 5644 iubemus
1647 5580 1787 5628 con-
1869 5559 2100 5626 duravit
2130 5560 2440 5624 conﬂictus
2469 5559 2644 5641 longo
2684 5569 2976 5645 tempore.
3014 5556 3512 5628 Permanentibus

167 4947 338 5000 ctuum
364 4938 757 5001 abundantia.
780 4938 926 4998 Cum
953 4955 1056 4997 eos
1079 4953 1218 5014 ergo
1243 4934 1630 4996 didicerimus
1652 4952 1782 4998 esse

167 5026 559 5091 benefactores
589 5035 648 5088 et
677 5045 747 5088 ea
778 5025 1162 5104 suppeditare
1193 5041 1324 5105 qua
1352 5029 1490 5085 sunt
1520 5024 1580 5084 in
1613 5043 1780 5086 com-

169 5135 328 5180 mune
357 5119 562 5180 utilia:
595 5135 664 5178 ea
685 5115 760 5177 de
781 5133 956 5176 causa
983 5132 1098 5176 uno
1115 5112 1354 5175 decreto
1379 5112 1780 5190 decernimus,

169 5216 218 5266 ut
242 5214 428 5268 omnis
459 5206 724 5268 conditio
749 5204 1070 5266 liberorum
1104 5210 1161 5263 et
1190 5202 1780 5277 servorum,militum
