3918 6138
392 254 501 335 271
1690 254 1971 331 MENSIS
2012 250 2453 330 NOVEMBER.
3633 253 3736 330 2‘7?

401 416 600 472 autem
629 403 703 471 iis
729 404 790 470 in
822 398 924 470 illa
956 403 1394 487 congressione,
1430 400 1704 484 apparuit
1731 401 1880 463 visio
1910 398 2294 462 cui-Aenum
2330 399 2695 481 praetorium.
2747 395 2995 470 Quidam
3046 403 3244 487 autem
3291 415 3359 458 ex
3420 399 3742 487 [pecoribus

403 497 539 560 dam
574 515 644 560 ex
674 497 908 580 legione
937 483 1344 571 Martensium,
1381 483 1483 576 qui
1511 483 1675 555 sunt
1707 491 1815 553 sub
1853 490 2045 580 prima
2127 507 2261 580 eum
2287 488 3165 580 accusatapudimperatorem,
3183 485 3416 548 dicens:
3442 483 3540 580 Pis
3557 486 3745 550 trium-

399 587 713 669 Armenia,
741 579 984 650 nomine
1003 585 1295 649 Mercurio
1322 606 1338 664 ;
1370 582 1666 664 apparuit,
1686 579 2048 661 inquam,vir

399 675 643 754 quidam
670 676 929 756 ingentis
952 672 1399 756 magnitudinis,
1417 671 1660 734 indutus
1687 669 1836 732 albis
1858 669 2046 731 vesti.-

398 763 601 842 bus,in
628 764 875 828 dextera
900 783 1080 827 manu
1113 773 1322 826 tenens
1348 761 1845 841 rhomphaeam,et
1871 760 1925 821 ei
1947 758 2044 821 di-

398 870 541 916 cens
569 875 584 916 :
617 852 704 916 Ne
733 855 963 928 timeas,
993 870 1070 914 ne
1092 851 1381 912 formides
1413 867 1428 923 ;
1465 868 1593 910 sum
1616 849 1774 912 enim
1804 848 2040 922 missus,

394 949 461 1005 ut
483 941 588 1005 tibi
612 961 782 1023 opem
819 943 1095 1016 feram,et
1119 949 1172 1002 te
1200 939 1454 1003 reddam
1481 939 1792 1001 victorem.
1824 940 2047 1016 Accipe

396 1047 537 1108 ergo
550 1029 1215 1109 hancrhomphzeam,et
1238 1027 1470 1089 irrnein
1486 1025 1799 1101 Barbaros;
1831 1034 1887 1086 et
1911 1042 2042 1086 cum

392 1118 711 1195 viceris,ne
738 1118 1105 1181 obliviscaris
1129 1117 1367 1181 Domini
1390 1116 1496 1178 Dei
1530 1117 1633 1176 tui.
1682 1116 1782 1178 llle
1812 1124 2033 1189 autem,

393 1215 460 1270 ut
487 1209 585 1288 qui
615 1227 648 1270 a
677 1227 740 1272 se
772 1209 1168 1284 discessisset,
1197 1205 1572 1270 existimabat
1595 1224 1726 1268 esse
1757 1225 1938 1266 unum
1969 1223 2038 1266 ex

394 1296 765 1379 principibus
789 1298 1193 1379 imperatoris.
1228 1298 1417 1370 Quam
1453 1315 1587 1357 cum
1619 1295 2040 1375 accepisset,et

393 1403 458 1448 se
489 1387 814 1463 incitasset,
849 1387 1139 1468 impetum
1174 1386 1314 1448 fecit
1366 1385 1427 1446 in
1478 1384 1790 1459 Barbaros,
1849 1384 2040 1464 iisque

391 1475 618 1547 fractis,
654 1494 858 1539 eorum
890 1495 1095 1556 regem
1124 1475 1361 1552 occidit,
1397 1481 1455 1536 et
1477 1474 1693 1535 multos
1714 1473 2038 1544 alios,adeo

393 1575 464 1626 ut
485 1565 782 1628 defessum
807 1573 964 1627 esset
982 1565 1036 1627 ei
1067 1565 1476 1642 brachium,et
1501 1582 1570 1625 ex
1595 1563 1886 1642 sanguine
1909 1563 2040 1642 ejus

395 1655 597 1716 manui
626 1655 1284 1734 adhaeretrhomphzea.
1321 1653 1539 1735 Sicque
1572 1653 1684 1716 fusi
1746 1663 1802 1714 et
1862 1652 2040 1731 fugati

393 1751 533 1804 sunt
561 1743 805 1806 Barbari
838 1762 871 1805 a
901 1744 1209 1807 Romanis.

475 1831 576 1894 111.
602 1833 770 1896 Tunc
796 1832 1034 1907 Decius,
1057 1851 1191 1894 cum
1214 1832 1554 1896 rescivisset
1584 1832 1883 1912 singulare
1915 1833 2041 1911 ejus

397 1933 878 1999 certamen,eum
899 1923 1253 1985 accersitum
1279 1923 1516 1983 donavit
1537 1922 1820 2000 dignitate
1842 1921 2043 1984 ducto-

393 2012 479 2073 ris
508 2013 825 2093 exercilus,
861 2012 1231 2090 constituens
1265 2019 1326 2074 ut
1372 2021 1657 2092 praeesset
1708 2012 1946 2087 castris,
1983 2019 2042 2072 et

394 2099 714 2164 arbitratus
740 2101 959 2164 Decius
990 2120 1054 2163 se
1085 2100 1336 2163 deorum
1382 2099 1751 2180 providentia
1793 2120 1827 2160 a
1879 2099 2039 2161 bello

396 2191 581 2253 fuisse
611 2191 1008 2272 superiorem,
1041 2190 1210 2252 valde
1239 2189 1546 2251 laetabatur
1579 2211 1595 2270 ;
1639 2198 1850 2251 etcum
1887 2189 2038 2250 mili-

399 2279 558 2344 tibus
587 2282 838 2344 multum
873 2287 1176 2360 erogasset
1209 2281 1498 2360 pecunias,
1549 2297 2038 2360 unumquemque

401 2369 564 2432 misit
591 2371 653 2433 in
672 2371 867 2435 locum
889 2389 1087 2434 suum:
1118 2369 1247 2452 ipse
1262 2379 1457 2433 autem
1475 2369 1820 2449 ingrediens
1834 2388 2038 2430 unam-

399 2478 692 2542 quamque
722 2461 1044 2537 civitatem,
1075 2478 1288 2538 magna
1311 2459 1565 2521 faciebat
1595 2460 1892 2538 convivia,
1920 2458 2033 2518 Ro-

397 2567 556 2611 mam
589 2552 993 2631 proﬁciscens.
1019 2548 1146 2612 Una
1168 2557 1368 2610 autem
1391 2557 1563 2609 nocte
1586 2567 1721 2609 cum
1743 2548 2035 2608 dormiret

400 2639 515 2700 dux
531 2641 851 2715 exercitus,
869 2641 941 2700 ad
966 2656 1099 2700 eum
1127 2638 1359 2700 accedit
1380 2637 1627 2715 angelus
1651 2637 1708 2696 in
1733 2637 1945 2716 prima,
1972 2636 2032 2696 in

397 2746 511 2808 qua
542 2737 920 2810 apparuerat,
947 2727 1135 2806 ﬁgura
1161 2748 1174 2784 :
1206 2737 1262 2788 et
1284 2733 1499 2807 puncto
1522 2725 1650 2804 eius
1683 2727 2030 2806 Iatere,eum

397 2818 696 2880 excitavit.
717 2818 822 2880 llle
849 2834 1010 2897 vero,
1037 2835 1171 2878 cum
1198 2833 1332 2878 eum
1355 2813 1618 2888 vidisset,
1659 2815 1872 2876 timore
1889 2815 2035 2876 affu-

398 2915 554 2985 ctus,
589 2907 808 2969 mansit
839 2914 1055 2969 mutus.
1099 2905 1252 2969 Dicit
1304 2904 1360 2966 ei
1414 2904 1698 2983 angelus:
1761 2904 2034 2979 Mercuri,

397 3005 700 3058 memento
731 2996 875 3074 quid
909 2995 1016 3057 tibi
1045 2996 1293 3058 dixerim
1345 2995 1406 3056 in
1455 2994 1741 3056 conﬂictu
1799 2995 1986 3075 praslii
2019 3015 2032 3054 :

2130 578 2341 656 phator
2370 585 2428 640 et
2471 578 2682 658 victor,
2739 596 2771 639 a
2805 576 2918 638 diis
2952 575 3218 657 probate,
3277 583 3340 638 ut
3391 573 3745 640 administres

2128 666 2476 747 imperium,
2496 667 2741 746 dignare
2766 666 2999 748 placide
3020 683 3114 728 me
3133 664 3366 728 audire.
3390 663 3548 736 Quia
3569 675 3744 731 vestra

2130 755 2513 833 imperatoria
2547 765 2642 818 est
2671 757 2995 818 honoratus
3036 755 3300 828 dextera,
3335 762 3392 815 et
3448 755 3541 815 cui
3583 755 3750 835 gloria

2130 846 2235 906 fuit
2267 843 2483 906 tributa
2501 864 2534 907 a
2557 853 2753 908 vestro
2777 845 3216 926 imperio,quod
3251 861 3347 906 res
3369 842 3749 906 Romanorum

2129 933 2363 1016 placide
2397 943 2455 994 et
2484 934 2808 1012 tranquille
2837 934 3233 1008 administrat,
3273 934 3322 993 is
3357 951 3471 994 non
3504 933 3605 994 fuit
3645 953 3749 994 no-

2127 1033 2346 1091 biscum
2361 1029 2421 1091 in
2440 1034 2650 1105 templo
2668 1047 2885 1104 magna:
2899 1033 2942 1089 D
2955 1032 3461 1097 ianae,sacriﬁcium
3477 1030 3753 1090 oblaturus

2128 1135 2232 1196 pro
2265 1129 2456 1181 vestra
2481 1116 2764 1198 potentia.
2793 1114 2948 1176 Dixit
2968 1114 3327 1196 imperator:
3361 1112 3504 1185 Quis
3527 1112 3618 1174 hic
3635 1112 3752 1176 est?

2122 1207 2279 1268 Dixit
2305 1208 2551 1270 Catulus
2582 1204 2918 1267 consularis
2949 1225 2961 1266 :
2996 1203 3321 1266 Mercurius
3370 1220 3542 1283 quem
3571 1204 3753 1281 magni

2122 1294 2346 1358 fecistis
2379 1305 2437 1360 et
2473 1295 2728 1358 ornastis
2772 1293 3024 1356 diversis
3067 1291 3473 1373 dignitatibus.
3521 1291 3572 1353 Is
3613 1292 3750 1354 alios

2124 1404 2364 1468 quoque
2401 1387 2637 1459 evertit,
2665 1403 2740 1446 ne
2759 1385 2902 1446 deos
2934 1384 3130 1446 colant
3161 1404 3173 1445 :
3200 1382 3420 1445 exitum
3453 1389 3642 1443 autem
3663 1399 3753 1443 vo-

2123 1474 2215 1537 bis
2245 1477 2521 1539 ostendet
2552 1476 2681 1555 ejus
2707 1475 2778 1536 ail
2812 1491 2912 1536 vos
2952 1471 3284 1554 responsio.
3319 1470 3480 1533 Dixit
3507 1471 3746 1533 Decius:

2122 1565 2340 1646 Aliqua
2368 1567 2622 1629 fortasse
2645 1565 2704 1625 in
2729 1583 2862 1626 eum
2901 1571 3096 1624 motus
3123 1561 3369 1635 invidia,
3399 1561 3528 1623 haec
3548 1561 3606 1622 in
3628 1578 3754 1620 eum

2124 1654 2357 1717 locutus
2387 1673 2487 1733 es;
2522 1653 2628 1716 sed
2663 1662 2717 1716 te
2749 1672 2866 1714 non
2897 1652 3160 1723 audiam.
3199 1651 3311 1712 nisi
3357 1669 3429 1712 eo
3476 1658 3758 1730 prasente

2065 1762 2262 1827 Bvera
2291 1763 2648 1825 cognovero,
2687 1744 2804 1805 fide
2861 1752 3055 1805 autem
3119 1741 3426 1820 digniores
3478 1738 3754 1820 judicabo

2125 1833 2449 1897 testimonii
2484 1835 2711 1914 oculos,
2735 1852 2908 1914 quam
2941 1850 3138 1895 aures.
3174 1831 3328 1894 Tace
3352 1848 3516 1910 ergo,
3551 1836 3756 1891 etcum

2126 1941 2195 1985 eo
2230 1924 2458 1985 nullum
2492 1923 2741 1986 verbum
2778 1921 3187 2004 loquere,etsi
3218 1917 3761 1998 calumniandiqui-

2127 2013 2262 2073 dem
2291 2014 2491 2075 animo
2523 2012 2745 2074 ususin
2778 2031 2914 2074 eum
2944 2012 3068 2074 haec
3101 2011 3344 2084 dixeris,
3367 2029 3485 2070 non
3511 2011 3636 2070 leve
3657 2008 3758 2068 da-

2124 2101 2216 2162 bis
2245 2103 2625 2184 supplicium.
2665 2102 2769 2164 Sin
2817 2109 3014 2163 autem
3063 2118 3202 2162 vera
3260 2098 3644 2180 apparuerint
3695 2112 3759 2157 ea

2123 2209 2254 2267 qua:
2283 2210 2314 2252 a
2345 2200 2399 2254 te
2431 2191 2585 2255 dicta
2616 2200 2777 2271 sunt,
2802 2209 2834 2251 a
2865 2209 2962 2251 me
2994 2189 3249 2251 honores
3275 2197 3332 2250 et
3363 2187 3521 2249 dona
3550 2203 3756 2248 conse-

2123 2281 2419 2361 queris,ut
2441 2283 2542 2362 qui
2569 2281 2918 2343 benevolum
2943 2280 3005 2340 in
3029 2279 3173 2342 deos
3194 2279 3334 2340 etin
3367 2296 3478 2339 nos
3499 2275 3754 2339 animum

2121 2369 2478 2434 ostenderis.
2540 2373 2863 2450 Imperator
2915 2377 3112 2432 autem
3164 2369 3340 2448 jussit
3391 2386 3530 2430 eum
3562 2364 3755 2428 venire

2118 2477 2256 2522 cum
2291 2479 2386 2537 eo,
2423 2479 2538 2541 quo
2573 2479 2676 2540 par
2707 2467 2835 2522 erat
2865 2459 3118 2522 honore.

2201 2548 2273 2610 V.
2304 2549 2449 2611 Cum
2484 2551 2534 2610 is
2561 2557 2760 2612 autem
2793 2548 3167 2628 accessisset,
3201 2547 3348 2610 dixit
3409 2548 3465 2609 ei
3512 2544 3752 2608 Decius:

2118 2637 2245 2700 Non
2279 2657 2384 2718 ego
2418 2647 2474 2700 te
2499 2640 2608 2700 hac
2640 2638 2843 2701 ornavi
2875 2638 3184 2718 dignitate,
3219 2645 3274 2700 te
3306 2636 3608 2699 exercitus
3651 2633 3760 2694 du-

2119 2738 2349 2789 ctorem
2378 2729 2751 2790 constituens
2776 2746 2973 2790 coram
2997 2726 3277 2788 omnibus
3298 2728 3449 2788 meis
3477 2722 3758 2806 principi-

2125 2815 2259 2896 bus,
2297 2827 2612 2898 propterea
2640 2818 2797 2895 quod
2821 2817 2924 2880 Dei
2944 2817 3238 2879 voluntate
3269 2823 3382 2877 ate
3409 2820 3622 2878 victum
3646 2812 3760 2874 fue-

2123 2906 2200 2968 rit
2230 2905 2548 2986 praelium?
2583 2906 2890 2980 Quomodo
2936 2914 3158 2978 autem,
3220 2923 3419 2967 meum
3477 2905 3756 2966 honorem

2123 2995 2294 3057 nihili
2311 2996 2560 3072 ducens,
2585 2997 2866 3076 accepisti
2892 2997 3128 3060 modum
3147 2995 3469 3078 quemdam
3487 2990 3758 3071 maligni—

398 3083 547 3147 Vide
569 3104 645 3148 ne
675 3085 1042 3148 obliviscaris
1072 3085 1306 3149 Domini
1330 3084 1436 3146 Dei
1467 3084 1573 3144 tui.
1608 3087 1848 3164 Oportet
1872 3085 2030 3144 enim
2053 3102 2093 3152 c
2121 3086 2275 3161 tatis,
2303 3094 2363 3146 et
2384 3086 2470 3148 vis
2495 3105 2659 3148 meos
2681 3087 2939 3148 honores
2962 3085 3135 3148 nihili
3160 3083 3452 3166 pendere,
3473 3083 3616 3145 deos
3639 3098 3752 3142 non

398 3183 457 3236 te
487 3194 591 3256 pro
620 3176 748 3257 ipso
779 3185 1008 3238 certare
1042 3175 1328 3256 legitime,
1360 3182 1418 3236 et
1447 3192 1726 3235 coronam
1773 3172 2036 3235 victorias

397 3266 670 3346 accipere
701 3266 760 3326 in
791 3265 1052 3345 glorioso
1078 3283 1267 3345 regno
1296 3282 1432 3326 cum
1481 3267 1702 3324 sanctis
1731 3263 2029 3325 omnibus.

396 3351 536 3417 llzec
558 3373 690 3417 cum
724 3356 986 3427 dixisset,
1002 3357 1236 3418 evanuit
1256 3355 1520 3432 angelus.
1539 3353 1642 3415 llle
1663 3365 2031 3434 autem,eum

402 3445 477 3506 ad
507 3462 572 3506 se
593 3445 872 3507 rediisset
902 3454 960 3507 et
989 3457 1140 3508 esset
1172 3444 1538 3519 recordatus,
1595 3445 1718 3504 Deo
1747 3443 1866 3519 egit
1893 3461 2030 3521 gra-

387 3534 523 3597 tias.
555 3531 794 3597 Sciebat
823 3536 982 3597 enim
1019 3554 1052 3596 a
1091 3533 1415 3614 majoribus
1451 3532 1628 3594 fidem
1663 3530 2028 3594 Christiano-

386 3642 542 3685 rum.
578 3623 724 3686 Nam
757 3635 928 3706 pater
948 3625 1077 3705 ejus
1104 3623 1461 3704 Gordianus,
1485 3640 1620 3684 cum
1649 3629 1803 3683 esset
1829 3621 2033 3702 primi-

389 3719 586 3776 cerius
615 3714 744 3794 ejus
780 3715 1055 3795 legionis,
1075 3732 1229 3794 saepe
1253 3713 1486 3774 dicebat
1513 3733 1526 3775 :
1555 3712 1769 3774 Beatus
1789 3721 1901 3791 est,
1929 3711 2028 3788 qui

388 3801 533 3882 Regi
569 3803 795 3866 caelesti
825 3806 1039 3867 militat
1069 3826 1085 3882 ;
1116 3805 1170 3865 ei
1196 3807 1354 3865 enim
1379 3803 1558 3864 donat
1580 3819 1828 3880 regnum
1853 3800 2029 3862 coelo-

385 3909 545 3958 rum.
579 3891 686 3956 Ille
718 3895 875 3955 enim
898 3894 1019 3956 Rex
1045 3895 1222 3956 verbo
1247 3891 1446 3954 omnia
1470 3902 1561 3954 est
1585 3890 1904 3951 fabricatus
1931 3911 1942 3952 :
1974 3897 2030 3950 et

387 3981 492 4044 ille
524 3989 635 4058 est,
669 3983 771 4064 qui
803 3992 891 4045 est
921 3984 1081 4044 vivos
1113 3989 1172 4043 et
1214 3991 1479 4043 mortuos
1521 3979 1918 4060 judicaturus,
1972 3988 2029 4043 et

383 4073 707 4152 unicuique
736 4073 1082 4135 redditurus
1115 4072 1440 4137 secundum
1467 4089 1574 4132 sua
1603 4087 1785 4150 opera
1809 4070 1856 4129 1.
1877 4070 2024 4132 Cum

385 4159 459 4221 ad
490 4179 557 4223 se
587 4179 724 4240 ergo
756 4162 1057 4238 rediisset,
1091 4170 1146 4222 et
1196 4159 1378 4242 patris
1426 4159 1740 4221 verborum
1807 4157 2023 4218 memi-

381 4249 592 4328 nisset,
627 4262 686 4315 et
711 4252 1148 4316 considerasset
1173 4251 1483 4322 visionem,
1521 4267 1651 4329 quas
1691 4247 1803 4308 sibi
1836 4264 2022 4327 appa-

2117 3174 2557 3254 adorans,sicut
2574 3177 2697 3254 jam
2735 3176 2928 3238 audivi
2947 3177 3020 3238 ab
3051 3174 3354 3256 aliquibus
3377 3172 3402 3234 ?
3425 3174 3762 3237 Generosus

2117 3271 2312 3326 autem
2348 3265 2563 3326 Christi
2597 3265 2792 3341 miles,
2833 3283 2971 3328 cum
3012 3265 3446 3328 convenienter
3479 3263 3556 3338 ei,
3607 3258 3760 3342 quod

2118 3353 2262 3415 dicit
2281 3354 2598 3435 Apostolus
2618 3355 2664 3431 ε,
2702 3363 2964 3418 veterem
2987 3354 3262 3418 exuisset
3291 3353 3598 3415 hominem
3631 3366 3759 3412 cum

2116 3443 2240 3505 suis
2270 3443 2626 3521 actionibus,
2661 3445 2850 3506 induit
2887 3463 3124 3520 novum,
3157 3445 3257 3526 qui
3289 3450 3377 3505 est
3401 3449 3637 3505 creatus
3658 3457 3753 3500 se-

2117 3533 2373 3595 cundum
2405 3535 2593 3595 Deum
2629 3551 2734 3615 per
2758 3533 3140 3616 baptismum,
3179 3544 3237 3595 et
3285 3531 3664 3594 confidenter
3704 3528 3756 3589 ei

2114 3622 2303 3684 dixit:
2338 3624 2389 3685 A
2425 3641 2521 3685 me
2549 3624 2690 3687 tolle
2719 3625 2878 3687 hunc
2910 3633 3070 3686 tuum
3105 3625 3421 3685 honorem.
3451 3623 3578 3699 Ego
3597 3617 3752 3681 enim

2115 3730 2258 3786 non,
2293 3720 2355 3773 ut
2383 3713 2663 3791 arbitror,
2698 3715 2770 3776 ad
2802 3715 2861 3776 id
2893 3718 3023 3776 veni
3052 3731 3126 3776 ex
3159 3712 3382 3785 debito,
3419 3712 3551 3793 qui,
3613 3709 3758 3772 Bar-

2112 3800 2288 3863 baros
2318 3803 2379 3863 in
2403 3801 2563 3864 bello
2591 3805 2830 3866 vicerim
2865 3821 2971 3885 per
2992 3803 3308 3866 Dominum
3336 3819 3539 3864 meum
3563 3801 3755 3863 Jesum

2113 3891 2439 3955 Christum.
2470 3892 2588 3954 Sed
2622 3895 2829 3975 accipe
2859 3912 2990 3974 quae
3032 3913 3065 3955 a
3097 3901 3174 3969 te,
3209 3903 3272 3954 ut
3323 3890 3557 3971 dixisti,
3619 3885 3758 3948 mihi

2111 3980 2245 4042 data
2273 3989 2430 4044 sunt.
2477 4005 2503 4037 α
2538 3981 2742 4045 Nudus
2774 3983 2932 4045 enim
2967 3999 3242 4063 egressus
3275 3999 3404 4044 sum
3464 3999 3536 4042 ex
3595 3985 3757 4039 utero

2111 4070 2317 4132 matris
2347 4090 2518 4149 meae,
2550 4073 2751 4134 nudus
2784 4074 2959 4137 etiam
2993 4079 3260 4139 revertar
3287 4072 3349 4133 in
3374 4071 3549 4133 illum
3587 4084 3756 4130 mun-

2110 4159 2251 4222 dum
2275 4162 2329 4224 τι.
2366 4186 2394 4218 n

2180 4259 2264 4316 VI.
2291 4260 2432 4318 Cum
2463 4262 2654 4334 itaque
2676 4263 2926 4321 exuisset
2954 4262 3163 4326 lenam,
3187 4269 3242 4320 et
3263 4259 3530 4320 solvisset
3543 4269 3756 4321 zonam,

384 4348 610 4416 ruerat,
643 4349 1037 4424 compunctus
1073 4360 1109 4404 a
1138 4349 1340 4403 sancto
1373 4338 1616 4418 Spiritu,
1655 4339 1840 4417 coepit
1889 4356 2022 4416 cum
2103 4340 2250 4421 jecit
2271 4342 2343 4404 ad
2367 4342 2552 4423 pedes
2582 4343 3257 4426 imperatoris,clamans
3278 4351 3336 4404 et
3356 4342 3591 4403 dicens:
3619 4337 3757 4426 Sum

381 4428 655 4512 lacrymis
687 4431 961 4495 conﬁteri
992 4443 1051 4494 et
1081 4431 1325 4492 dicere:
1379 4427 1496 4520 Hei
1522 4428 1663 4520 mihi
1697 4427 2016 4520 peccatori,
2041 4469 2086 4520 υ
2109 4431 2519 4508 Christianus;
2555 4432 2777 4511 audite,
2813 4451 3044 4496 omnes:
3073 4431 3214 4495 Sum
3245 4425 3757 4520 Christianusﬁef

375 4521 534 4599 quod
549 4538 684 4582 cum
699 4539 895 4583 essem
912 4539 1113 4582 ramus
1143 4517 1532 4599 germinantis
1553 4516 2020 4594 arboris,exarui
2041 4513 2079 4520 ⁷
2104 4520 2235 4580 cius
2265 4529 2464 4586 autem
2497 4522 2675 4583 simul
2706 4529 2766 4584 et
2794 4523 2878 4584 ira
2913 4522 3082 4584 valde
3107 4522 3390 4604 percitus,
3424 4527 3486 4582 et
3516 4513 3757 4582 dicendi

378 4624 500 4670 non
532 4607 755 4671 habens
784 4608 1046 4670 radicem
1079 4608 1185 4670 Dei
1215 4607 1592 4687 cognitionis.
2085 4607 2438 4672 libertatem
2471 4611 3080 4694 admiratus,ejusque
3097 4610 3549 4693 pulchritudine
3565 4615 3624 4670 et
3639 4622 3754 4667 ma-

404 4777 408 4780 ,
456 4695 558 4760 IV.
593 4700 744 4762 Dum
780 4701 907 4779 ipse
941 4706 1136 4760 autem
1161 4698 1285 4760 haec
1313 4698 1561 4778 diceret,
1597 4696 1812 4758 missus
1833 4705 1924 4759 est
1944 4696 2016 4759 ab
2101 4699 2410 4777 gnitudine
2440 4700 2908 4782 obstupefactus,
2965 4702 3146 4781 jussit
3224 4719 3358 4763 eum
3421 4696 3650 4779 conjici
3695 4695 3755 4755 in

372 4786 736 4870 imperatore
765 4789 1106 4851 silentiarus
1135 4807 1268 4850 cum
1301 4787 1572 4868 plurimis
1601 4787 1751 4868 aliis,
1786 4795 1850 4848 ut
1880 4805 2016 4848 eum
2102 4789 2459 4868 custodiam,
2493 4789 2706 4852 dicens
2737 4811 2750 4859 :
2785 4791 2894 4853 Hic
2951 4792 3130 4853 homo
3181 4809 3302 4853 non
3355 4783 3759 4852 consideravit

373 4886 659 4940 vocarent
685 4878 756 4941 ad
791 4879 1234 4960 imperatorem.
1283 4881 1425 4942 Cum
1479 4877 1528 4938 is
1556 4895 1694 4937 vero
1727 4895 1789 4938 se
1833 4896 2012 4938 excu-
2101 4895 2214 4940 nec
2243 4878 2537 4942 intellexit
2567 4881 2881 4946 honorem.
2916 4879 3032 4943 Sed
3065 4881 3116 4942 si
3150 4881 3406 4942 senserit
3469 4876 3756 4959 probrum

372 4976 584 5045 sasset,
607 4973 928 5050 imperator
949 4967 1174 5030 distulit
1195 4967 1540 5030 concilium.
1569 4967 1676 5029 Die
1699 4975 1895 5027 autem
1922 4985 2012 5028 se-
2098 4975 2158 5030 et
2187 4968 2601 5048 ignominiam,
2635 4978 2775 5051 puto
2809 4970 2958 5047 fore,
2991 4979 3054 5033 ut
3086 4989 3220 5032 eum
3249 4971 3320 5031 ad
3355 4969 3523 5050 piam
3547 4965 3756 5029 tradu-

371 5059 574 5139 quenti
603 5076 738 5120 eum
771 5077 981 5121 rursus
1009 5058 1261 5122 accersit
1293 5057 1638 5137 imperator,
1684 5064 1748 5116 ut
1786 5056 2012 5118 veniret
2095 5076 2223 5120 cam
2256 5059 2698 5138 cogitationem.
2736 5063 2880 5124 Cum
2915 5061 2967 5122 is
3011 5068 3208 5123 autem
3260 5058 3672 5121 abduceretur
3698 5056 3758 5114 in

368 5167 501 5212 cum
534 5167 755 5230 eo,quo
787 5167 891 5230 par
921 5156 1032 5230 est,
1065 5149 1313 5212 honore.
1334 5149 1478 5210 Cum
1504 5147 1554 5206 is
1578 5156 1772 5209 autem
1798 5164 2007 5208 access

363 5238 563 5314 sisset,
596 5238 842 5300 dimisso
866 5239 990 5318 jam
1023 5238 1300 5313 concilio,
1335 5236 1478 5299 dicit
1523 5235 1580 5297 ei
1638 5238 1999 5316 imperator:

357 5323 576 5388 Eamus
605 5327 782 5388 simul
813 5328 873 5387 in
906 5327 1189 5408 templum
1224 5328 1450 5402 Dianae,
1486 5332 1544 5386 et
1593 5325 1910 5386 otferamus
1950 5326 2004 5386 ei

357 5415 737 5479 sacriﬁcium.
795 5415 1047 5479 Sanctus
1105 5432 1242 5478 vero
1291 5433 1356 5478 se
1405 5415 1767 5498 reprimens,
1802 5415 1906 5477 ivit
1942 5421 2003 5478 in

433 5593 456 5684 ξ
484 5591 664 5661 Rom.
695 5607 759 5700 It,
792 5592 853 5659 6.
936 5591 968 5644 2
995 5591 1220 5680 Ephes.
1255 5609 1336 5672 1v,
1368 5589 1468 5654 2‘2.
1552 5593 1583 5644 ὃ
1611 5592 1745 5658 Job.
1782 5613 1823 5674 ι,
1857 5593 1924 5659 21

2092 5147 2450 5223 custodiam,
2485 5148 2799 5212 laetabatur
2828 5158 3048 5230 martyr
3077 5157 3136 5212 et
3167 5146 3524 5223 exsultabat,
3567 5145 3756 5208 Deum

2090 5237 2344 5300 laudans
2375 5245 2433 5299 et
2463 5237 2712 5315 gloriam
2748 5239 2804 5301 ei
2849 5239 3144 5301 tribuens.
3181 5239 3368 5304 Nocte
3400 5244 3608 5298 autem
3657 5231 3758 5296 illa

2089 5327 2334 5406 angelus
2364 5327 2606 5389 Domini
2637 5329 2694 5391 ei
2724 5337 2990 5411 apparet,
3013 5329 3220 5391 dicens
3247 5349 3260 5391 :
3297 5325 3572 5401 Conﬁdo,
3599 5322 3754 5388 Mer-

2087 5417 2238 5500 curi,
2273 5425 2332 5480 et
2362 5435 2440 5479 ne
2472 5418 2686 5481 timeas
2716 5438 2732 5503 ;
2765 5418 2950 5482 crede
2980 5419 3042 5480 in
3073 5417 3414 5495 Dominum,
3455 5433 3642 5500 quem
3689 5429 3755 5477 es
