  <div class='ocr_page' id='page_1' title='image "/cluster/home/n/w/nwhite01/storage/ocr_20150623/116/mdp.39015008903554/144.png"; bbox 0 0 3918 6138; ppageno 0'>
   <div class='ocr_carea' id='block_1_1' title="bbox 191 347 296 417">
    <p class='ocr_par' dir='ltr' id='par_1_1' title="bbox 191 347 296 417">
     <span class='ocr_line' id='line_1_1' title="bbox 191 347 296 417; baseline 0 -1"><span class='ocrx_word' id='word_1_1' title='bbox 191 347 296 417; x_wconf 82' lang='lat'><strong>273</strong></span> 
     </span>
    </p>
   </div>
   <div class='ocr_carea' id='block_1_2' title="bbox 1335 347 2355 414">
    <p class='ocr_par' dir='ltr' id='par_1_2' title="bbox 1335 347 2355 414">
     <span class='ocr_line' id='line_1_2' title="bbox 1335 347 2355 414; baseline -0.002 -3"><span class='ocrx_word' id='word_1_2' title='bbox 1335 347 1808 414; x_wconf 79' lang='lat' dir='ltr'><strong>MARTYRIUM</strong></span> <span class='ocrx_word' id='word_1_3' title='bbox 1852 347 1912 411; x_wconf 89' lang='lat' dir='ltr'><strong>S.</strong></span> <span class='ocrx_word' id='word_1_4' title='bbox 1955 347 2355 412; x_wconf 81' lang='lat' dir='ltr'><strong>MERCURII.</strong></span> 
     </span>
    </p>
   </div>
   <div class='ocr_carea' id='block_1_3' title="bbox 3422 354 3541 426">
    <p class='ocr_par' dir='ltr' id='par_1_3' title="bbox 3422 354 3541 426">
     <span class='ocr_line' id='line_1_3' title="bbox 3422 354 3541 426; baseline 0.034 -4"><span class='ocrx_word' id='word_1_5' title='bbox 3422 354 3541 426; x_wconf 70' lang='lat'><strong>274</strong></span> 
     </span>
    </p>
   </div>
   <div class='ocr_carea' id='block_1_4' title="bbox 190 478 3535 564">
    <p class='ocr_par' dir='ltr' id='par_1_4' title="bbox 190 478 3535 564">
     <span class='ocr_line' id='line_1_4' title="bbox 190 478 3535 564; baseline 0.004 -21"><span class='ocrx_word' id='word_1_6' title='bbox 190 480 476 543; x_wconf 82' lang='lat' dir='ltr'><strong>confessus</strong></span> <span class='ocrx_word' id='word_1_7' title='bbox 519 480 642 563; x_wconf 89' lang='lat' dir='ltr'><strong>ipse</strong></span> <span class='ocrx_word' id='word_1_8' title='bbox 667 484 828 543; x_wconf 88' lang='lat' dir='ltr'><strong>enim</strong></span> <span class='ocrx_word' id='word_1_9' title='bbox 862 485 1052 561; x_wconf 89' lang='lat' dir='ltr'><strong>potest</strong></span> <span class='ocrx_word' id='word_1_10' title='bbox 1082 486 1140 542; x_wconf 86' lang='lat' dir='ltr'><strong>te</strong></span> <span class='ocrx_word' id='word_1_11' title='bbox 1185 478 1484 543; x_wconf 82' lang='lat' dir='ltr'><strong>redimere</strong></span> <span class='ocrx_word' id='word_1_12' title='bbox 1515 499 1584 543; x_wconf 90' lang='lat' dir='ltr'><strong>ex</strong></span> <span class='ocrx_word' id='word_1_13' title='bbox 1639 482 1859 546; x_wconf 72' lang='lat' dir='ltr'><strong>omnia</strong></span> <span class='ocrx_word' id='word_1_14' title='bbox 1886 481 2089 545; x_wconf 79' lang='lat' dir='ltr'><strong>fuisset</strong></span> <span class='ocrx_word' id='word_1_15' title='bbox 2118 480 2357 564; x_wconf 83' lang='lat' dir='ltr'><strong>quidem</strong></span> <span class='ocrx_word' id='word_1_16' title='bbox 2388 488 2639 545; x_wconf 90' lang='lat' dir='ltr'><strong>tactum.</strong></span> <span class='ocrx_word' id='word_1_17' title='bbox 2669 478 2827 544; x_wconf 90' lang='lat' dir='ltr'><strong>Dixit</strong></span> <span class='ocrx_word' id='word_1_18' title='bbox 2853 480 3114 551; x_wconf 88' lang='lat' dir='ltr'><strong>Decius:</strong></span> <span class='ocrx_word' id='word_1_19' title='bbox 3161 484 3265 553; x_wconf 86' lang='lat' dir='ltr'><strong>Est</strong></span> <span class='ocrx_word' id='word_1_20' title='bbox 3288 489 3535 557; x_wconf 83' lang='lat' dir='ltr'><strong>omnino</strong></span> 
     </span>
    </p>
   </div>
   <div class='ocr_carea' id='block_1_5' title="bbox 186 569 1809 652">
    <p class='ocr_par' dir='ltr' id='par_1_5' title="bbox 186 569 1809 652">
     <span class='ocr_line' id='line_1_5' title="bbox 186 569 1809 652; baseline 0.002 -20"><span class='ocrx_word' id='word_1_21' title='bbox 186 570 507 635; x_wconf 73' lang='lat' dir='ltr'><strong>afﬂictione.</strong></span> <span class='ocrx_word' id='word_1_22' title='bbox 537 572 777 634; x_wconf 77' lang='lat' dir='ltr'><strong>Visions</strong></span> <span class='ocrx_word' id='word_1_23' title='bbox 805 578 1000 634; x_wconf 82' lang='lat' dir='ltr'><strong>autem</strong></span> <span class='ocrx_word' id='word_1_24' title='bbox 1029 570 1223 652; x_wconf 81' lang='lat' dir='ltr'><strong>angeli</strong></span> <span class='ocrx_word' id='word_1_25' title='bbox 1253 569 1422 633; x_wconf 80' lang='lat' dir='ltr'><strong>valde</strong></span> <span class='ocrx_word' id='word_1_26' title='bbox 1451 571 1562 634; x_wconf 89' lang='lat' dir='ltr'><strong>fuit</strong></span> <span class='ocrx_word' id='word_1_27' title='bbox 1595 574 1809 636; x_wconf 87' lang='lat' dir='ltr'><strong>conﬁr-</strong></span> 
     </span>
    </p>
   </div>
   <div class='ocr_carea' id='block_1_6' title="bbox 189 668 382 722">
    <p class='ocr_par' dir='ltr' id='par_1_6' title="bbox 189 668 382 722">
     <span class='ocr_line' id='line_1_6' title="bbox 189 668 382 722; baseline -0.01 -2"><span class='ocrx_word' id='word_1_28' title='bbox 189 668 382 722; x_wconf 87' lang='lat' dir='ltr'><strong>matus.</strong></span> 
     </span>
    </p>
   </div>
   <div class='ocr_carea' id='block_1_7' title="bbox 258 747 1804 832">
    <p class='ocr_par' dir='ltr' id='par_1_7' title="bbox 258 747 1804 832">
     <span class='ocr_line' id='line_1_7' title="bbox 258 747 1804 832; baseline 0.001 -19"><span class='ocrx_word' id='word_1_29' title='bbox 258 751 380 813; x_wconf 78' lang='lat' dir='ltr'><strong>Vl].</strong></span> <span class='ocrx_word' id='word_1_30' title='bbox 409 747 516 810; x_wconf 92' lang='lat' dir='ltr'><strong>Die</strong></span> <span class='ocrx_word' id='word_1_31' title='bbox 535 767 671 812; x_wconf 80' lang='lat' dir='ltr'><strong>vero</strong></span> <span class='ocrx_word' id='word_1_32' title='bbox 694 749 966 830; x_wconf 74' lang='lat' dir='ltr'><strong>sequenti</strong></span> <span class='ocrx_word' id='word_1_33' title='bbox 991 768 1122 810; x_wconf 89' lang='lat' dir='ltr'><strong>cum</strong></span> <span class='ocrx_word' id='word_1_34' title='bbox 1151 749 1526 830; x_wconf 65' lang='lat' dir='ltr'><strong>prresedisset</strong></span> <span class='ocrx_word' id='word_1_35' title='bbox 1553 753 1804 832; x_wconf 90' lang='lat' dir='ltr'><strong>impera-</strong></span> 
     </span>
    </p>
   </div>
   <div class='ocr_carea' id='block_1_8' title="bbox 189 838 1803 921">
    <p class='ocr_par' dir='ltr' id='par_1_8' title="bbox 189 838 1803 921">
     <span class='ocr_line' id='line_1_8' title="bbox 189 838 1803 921; baseline 0.003 -22"><span class='ocrx_word' id='word_1_36' title='bbox 189 848 270 901; x_wconf 90' lang='lat' dir='ltr'><strong>tor</strong></span> <span class='ocrx_word' id='word_1_37' title='bbox 293 839 350 900; x_wconf 93' lang='lat' dir='ltr'><strong>in</strong></span> <span class='ocrx_word' id='word_1_38' title='bbox 383 838 895 921; x_wconf 87' lang='lat' dir='ltr'><strong>tribunali,jussit</strong></span> <span class='ocrx_word' id='word_1_39' title='bbox 944 859 1079 902; x_wconf 90' lang='lat' dir='ltr'><strong>eum</strong></span> <span class='ocrx_word' id='word_1_40' title='bbox 1113 840 1262 914; x_wconf 90' lang='lat' dir='ltr'><strong>sisti,</strong></span> <span class='ocrx_word' id='word_1_41' title='bbox 1293 849 1350 901; x_wconf 90' lang='lat' dir='ltr'><strong>et</strong></span> <span class='ocrx_word' id='word_1_42' title='bbox 1377 840 1520 902; x_wconf 92' lang='lat' dir='ltr'><strong>dicit</strong></span> <span class='ocrx_word' id='word_1_43' title='bbox 1550 841 1605 902; x_wconf 91' lang='lat' dir='ltr'><strong>ei</strong></span> <span class='ocrx_word' id='word_1_44' title='bbox 1633 864 1645 904; x_wconf 91' lang='lat'><strong>:</strong></span> <span class='ocrx_word' id='word_1_45' title='bbox 1696 844 1803 904; x_wconf 89' lang='lat' dir='ltr'><strong>Hic</strong></span> 
     </span>
    </p>
   </div>
   <div class='ocr_carea' id='block_1_9' title="bbox 189 928 1800 1010">
    <p class='ocr_par' dir='ltr' id='par_1_9' title="bbox 189 928 1800 1010">
     <span class='ocr_line' id='line_1_9' title="bbox 189 928 1800 1010; baseline 0.004 -20"><span class='ocrx_word' id='word_1_46' title='bbox 189 929 355 990; x_wconf 85' lang='lat' dir='ltr'><strong>honor</strong></span> <span class='ocrx_word' id='word_1_47' title='bbox 385 940 439 989; x_wconf 90' lang='lat' dir='ltr'><strong>te</strong></span> <span class='ocrx_word' id='word_1_48' title='bbox 469 928 642 992; x_wconf 85' lang='lat' dir='ltr'><strong>decet</strong></span> <span class='ocrx_word' id='word_1_49' title='bbox 676 939 914 1009; x_wconf 79' lang='lat' dir='ltr'><strong>propter</strong></span> <span class='ocrx_word' id='word_1_50' title='bbox 950 941 1112 990; x_wconf 91' lang='lat' dir='ltr'><strong>tuum</strong></span> <span class='ocrx_word' id='word_1_51' title='bbox 1147 929 1468 1010; x_wconf 81' lang='lat' dir='ltr'><strong>pessimum</strong></span> <span class='ocrx_word' id='word_1_52' title='bbox 1512 931 1800 996; x_wconf 88' lang='lat' dir='ltr'><strong>animum.</strong></span> 
     </span>
    </p>
   </div>
   <div class='ocr_carea' id='block_1_10' title="bbox 190 1019 1802 1100">
    <p class='ocr_par' dir='ltr' id='par_1_10' title="bbox 190 1019 1802 1100">
     <span class='ocr_line' id='line_1_10' title="bbox 190 1019 1802 1100; baseline 0 -18"><span class='ocrx_word' id='word_1_53' title='bbox 190 1019 320 1082; x_wconf 87' lang='lat' dir='ltr'><strong>Dixit</strong></span> <span class='ocrx_word' id='word_1_54' title='bbox 344 1027 560 1099; x_wconf 76' lang='lat' dir='ltr'><strong>martyr</strong></span> <span class='ocrx_word' id='word_1_55' title='bbox 586 1040 599 1080; x_wconf 95' lang='lat'><strong>:</strong></span> <span class='ocrx_word' id='word_1_56' title='bbox 630 1021 720 1081; x_wconf 83' lang='lat' dir='ltr'><strong>Me</strong></span> <span class='ocrx_word' id='word_1_57' title='bbox 752 1019 924 1081; x_wconf 85' lang='lat' dir='ltr'><strong>decet</strong></span> <span class='ocrx_word' id='word_1_58' title='bbox 947 1019 1042 1080; x_wconf 91' lang='lat' dir='ltr'><strong>hic</strong></span> <span class='ocrx_word' id='word_1_59' title='bbox 1076 1019 1303 1100; x_wconf 84' lang='lat' dir='ltr'><strong>honor;</strong></span> <span class='ocrx_word' id='word_1_60' title='bbox 1341 1021 1620 1100; x_wconf 87' lang='lat' dir='ltr'><strong>accepisti</strong></span> <span class='ocrx_word' id='word_1_61' title='bbox 1643 1023 1802 1084; x_wconf 91' lang='lat' dir='ltr'><strong>enim</strong></span> 
     </span>
    </p>
   </div>
   <div class='ocr_carea' id='block_1_11' title="bbox 189 1108 1804 1188">
    <p class='ocr_par' dir='ltr' id='par_1_11' title="bbox 189 1108 1804 1188">
     <span class='ocr_line' id='line_1_11' title="bbox 189 1108 1804 1188; baseline 0.002 -19"><span class='ocrx_word' id='word_1_62' title='bbox 189 1125 244 1169; x_wconf 87' lang='lat' dir='ltr'><strong>ea</strong></span> <span class='ocrx_word' id='word_1_63' title='bbox 270 1125 388 1188; x_wconf 68' lang='lat' dir='ltr'><strong>qum</strong></span> <span class='ocrx_word' id='word_1_64' title='bbox 416 1117 778 1188; x_wconf 64' lang='lat' dir='ltr'><strong>praetereunt</strong></span> <span class='ocrx_word' id='word_1_65' title='bbox 807 1127 821 1170; x_wconf 89' lang='lat'><strong>:</strong></span> <span class='ocrx_word' id='word_1_66' title='bbox 859 1126 962 1186; x_wconf 89' lang='lat' dir='ltr'><strong>pro</strong></span> <span class='ocrx_word' id='word_1_67' title='bbox 1004 1108 1077 1170; x_wconf 92' lang='lat' dir='ltr'><strong>iis</strong></span> <span class='ocrx_word' id='word_1_68' title='bbox 1104 1117 1299 1169; x_wconf 90' lang='lat' dir='ltr'><strong>autem</strong></span> <span class='ocrx_word' id='word_1_69' title='bbox 1331 1109 1640 1187; x_wconf 87' lang='lat' dir='ltr'><strong>accipiam,</strong></span> <span class='ocrx_word' id='word_1_70' title='bbox 1671 1130 1804 1188; x_wconf 68' lang='lat' dir='ltr'><strong>quae</strong></span> 
     </span>
    </p>
   </div>
   <div class='ocr_carea' id='block_1_12' title="bbox 188 1197 1801 1276">
    <p class='ocr_par' dir='ltr' id='par_1_12' title="bbox 188 1197 1801 1276">
     <span class='ocr_line' id='line_1_12' title="bbox 188 1197 1801 1276; baseline 0.002 -19"><span class='ocrx_word' id='word_1_71' title='bbox 188 1207 510 1276; x_wconf 81' lang='lat' dir='ltr'><strong>permanent</strong></span> <span class='ocrx_word' id='word_1_72' title='bbox 541 1197 602 1259; x_wconf 93' lang='lat' dir='ltr'><strong>in</strong></span> <span class='ocrx_word' id='word_1_73' title='bbox 635 1205 944 1260; x_wconf 66' lang='lat' dir='ltr'><strong>aeternum.</strong></span> <span class='ocrx_word' id='word_1_74' title='bbox 977 1197 1130 1262; x_wconf 82' lang='lat' dir='ltr'><strong>Dixit</strong></span> <span class='ocrx_word' id='word_1_75' title='bbox 1154 1199 1500 1276; x_wconf 88' lang='lat' dir='ltr'><strong>imperator:</strong></span> <span class='ocrx_word' id='word_1_76' title='bbox 1527 1199 1632 1262; x_wconf 92' lang='lat' dir='ltr'><strong>Dic</strong></span> <span class='ocrx_word' id='word_1_77' title='bbox 1657 1201 1801 1261; x_wconf 91' lang='lat' dir='ltr'><strong>mihi</strong></span> 
     </span>
    </p>
   </div>
   <div class='ocr_carea' id='block_1_13' title="bbox 186 1287 1801 1366">
    <p class='ocr_par' dir='ltr' id='par_1_13' title="bbox 186 1287 1801 1366">
     <span class='ocr_line' id='line_1_13' title="bbox 186 1287 1801 1366; baseline 0.003 -20"><span class='ocrx_word' id='word_1_78' title='bbox 186 1306 347 1366; x_wconf 79' lang='lat' dir='ltr'><strong>genus</strong></span> <span class='ocrx_word' id='word_1_79' title='bbox 391 1297 556 1348; x_wconf 91' lang='lat' dir='ltr'><strong>tuum</strong></span> <span class='ocrx_word' id='word_1_80' title='bbox 591 1298 656 1350; x_wconf 93' lang='lat' dir='ltr'><strong>et</strong></span> <span class='ocrx_word' id='word_1_81' title='bbox 688 1287 962 1366; x_wconf 90' lang='lat' dir='ltr'><strong>patriam.</strong></span> <span class='ocrx_word' id='word_1_82' title='bbox 1011 1287 1168 1350; x_wconf 92' lang='lat' dir='ltr'><strong>Dixit</strong></span> <span class='ocrx_word' id='word_1_83' title='bbox 1195 1287 1529 1350; x_wconf 81' lang='lat' dir='ltr'><strong>Mercurius</strong></span> <span class='ocrx_word' id='word_1_84' title='bbox 1565 1308 1577 1351; x_wconf 89' lang='lat'><strong>:</strong></span> <span class='ocrx_word' id='word_1_85' title='bbox 1625 1289 1685 1352; x_wconf 86' lang='lat' dir='ltr'><strong>Si</strong></span> <span class='ocrx_word' id='word_1_86' title='bbox 1720 1295 1801 1351; x_wconf 86' lang='lat' dir='ltr'><strong>vis</strong></span> 
     </span>
    </p>
   </div>
   <div class='ocr_carea' id='block_1_14' title="bbox 186 1375 1802 1456">
    <p class='ocr_par' dir='ltr' id='par_1_14' title="bbox 186 1375 1802 1456">
     <span class='ocr_line' id='line_1_14' title="bbox 186 1375 1802 1456; baseline 0.002 -20"><span class='ocrx_word' id='word_1_87' title='bbox 186 1376 316 1438; x_wconf 92' lang='lat' dir='ltr'><strong>scire</strong></span> <span class='ocrx_word' id='word_1_88' title='bbox 343 1395 531 1456; x_wconf 89' lang='lat' dir='ltr'><strong>genus</strong></span> <span class='ocrx_word' id='word_1_89' title='bbox 563 1395 758 1439; x_wconf 85' lang='lat' dir='ltr'><strong>meum</strong></span> <span class='ocrx_word' id='word_1_90' title='bbox 793 1384 850 1439; x_wconf 91' lang='lat' dir='ltr'><strong>et</strong></span> <span class='ocrx_word' id='word_1_91' title='bbox 909 1376 1180 1456; x_wconf 87' lang='lat' dir='ltr'><strong>patriam,</strong></span> <span class='ocrx_word' id='word_1_92' title='bbox 1217 1376 1408 1438; x_wconf 90' lang='lat' dir='ltr'><strong>dicam</strong></span> <span class='ocrx_word' id='word_1_93' title='bbox 1442 1375 1548 1438; x_wconf 85' lang='lat' dir='ltr'><strong>tibi</strong></span> <span class='ocrx_word' id='word_1_94' title='bbox 1580 1401 1590 1435; x_wconf 89' lang='lat'><strong>:</strong></span> <span class='ocrx_word' id='word_1_95' title='bbox 1627 1380 1802 1440; x_wconf 85' lang='lat' dir='ltr'><strong>Pater</strong></span> 
     </span>
    </p>
   </div>
   <div class='ocr_carea' id='block_1_15' title="bbox 185 1465 1800 1547">
    <p class='ocr_par' dir='ltr' id='par_1_15' title="bbox 185 1465 1800 1547">
     <span class='ocr_line' id='line_1_15' title="bbox 185 1465 1800 1547; baseline 0.003 -22"><span class='ocrx_word' id='word_1_96' title='bbox 185 1483 329 1526; x_wconf 90' lang='lat' dir='ltr'><strong>meus</strong></span> <span class='ocrx_word' id='word_1_97' title='bbox 347 1466 664 1527; x_wconf 76' lang='lat' dir='ltr'><strong>vocabatur</strong></span> <span class='ocrx_word' id='word_1_98' title='bbox 687 1465 1046 1536; x_wconf 87' lang='lat' dir='ltr'><strong>Gordianus.</strong></span> <span class='ocrx_word' id='word_1_99' title='bbox 1075 1467 1285 1545; x_wconf 79' lang='lat' dir='ltr'><strong>Scytha</strong></span> <span class='ocrx_word' id='word_1_100' title='bbox 1299 1484 1519 1546; x_wconf 85' lang='lat' dir='ltr'><strong>genere</strong></span> <span class='ocrx_word' id='word_1_101' title='bbox 1546 1487 1561 1547; x_wconf 86' lang='lat'><strong>;</strong></span> <span class='ocrx_word' id='word_1_102' title='bbox 1593 1468 1800 1530; x_wconf 89' lang='lat' dir='ltr'><strong>milita-</strong></span> 
     </span>
    </p>
   </div>
   <div class='ocr_carea' id='block_1_16' title="bbox 185 1554 1797 1635">
    <p class='ocr_par' dir='ltr' id='par_1_16' title="bbox 185 1554 1797 1635">
     <span class='ocr_line' id='line_1_16' title="bbox 185 1554 1797 1635; baseline 0.005 -21"><span class='ocrx_word' id='word_1_103' title='bbox 185 1554 264 1617; x_wconf 73' lang='lat' dir='ltr'><strong>bat</strong></span> <span class='ocrx_word' id='word_1_104' title='bbox 317 1574 451 1618; x_wconf 81' lang='lat' dir='ltr'><strong>vero</strong></span> <span class='ocrx_word' id='word_1_105' title='bbox 509 1556 573 1617; x_wconf 92' lang='lat' dir='ltr'><strong>in</strong></span> <span class='ocrx_word' id='word_1_106' title='bbox 618 1557 853 1635; x_wconf 82' lang='lat' dir='ltr'><strong>legione</strong></span> <span class='ocrx_word' id='word_1_107' title='bbox 903 1555 1308 1618; x_wconf 67' lang='lat' dir='ltr'><strong>Maatensium.</strong></span> <span class='ocrx_word' id='word_1_108' title='bbox 1343 1557 1544 1618; x_wconf 87' lang='lat' dir='ltr'><strong>Patria</strong></span> <span class='ocrx_word' id='word_1_109' title='bbox 1601 1567 1797 1621; x_wconf 91' lang='lat' dir='ltr'><strong>autem</strong></span> 
     </span>
    </p>
   </div>
   <div class='ocr_carea' id='block_1_17' title="bbox 182 1645 1800 1728">
    <p class='ocr_par' dir='ltr' id='par_1_17' title="bbox 182 1645 1800 1728">
     <span class='ocr_line' id='line_1_17' title="bbox 182 1645 1800 1728; baseline 0.004 -24"><span class='ocrx_word' id='word_1_110' title='bbox 182 1645 384 1716; x_wconf 82' lang='lat' dir='ltr'><strong>mea,ad</strong></span> <span class='ocrx_word' id='word_1_111' title='bbox 409 1663 593 1724; x_wconf 77' lang='lat' dir='ltr'><strong>quam</strong></span> <span class='ocrx_word' id='word_1_112' title='bbox 617 1664 896 1726; x_wconf 89' lang='lat' dir='ltr'><strong>propero,</strong></span> <span class='ocrx_word' id='word_1_113' title='bbox 917 1653 1004 1706; x_wconf 90' lang='lat' dir='ltr'><strong>est</strong></span> <span class='ocrx_word' id='word_1_114' title='bbox 1025 1645 1286 1708; x_wconf 72' lang='lat' dir='ltr'><strong>caelestis</strong></span> <span class='ocrx_word' id='word_1_115' title='bbox 1307 1647 1800 1728; x_wconf 65' lang='lat' dir='ltr'><strong>Jerusalem,qum</strong></span> 
     </span>
    </p>
   </div>
   <div class='ocr_carea' id='block_1_18' title="bbox 183 1734 1800 1813">
    <p class='ocr_par' dir='ltr' id='par_1_18' title="bbox 183 1734 1800 1813">
     <span class='ocr_line' id='line_1_18' title="bbox 183 1734 1800 1813; baseline 0.004 -19"><span class='ocrx_word' id='word_1_116' title='bbox 183 1742 252 1794; x_wconf 83' lang='lat' dir='ltr'><strong>est</strong></span> <span class='ocrx_word' id='word_1_117' title='bbox 277 1734 475 1796; x_wconf 86' lang='lat' dir='ltr'><strong>civitas</strong></span> <span class='ocrx_word' id='word_1_118' title='bbox 500 1735 684 1813; x_wconf 84' lang='lat' dir='ltr'><strong>Regis</strong></span> <span class='ocrx_word' id='word_1_119' title='bbox 707 1734 987 1796; x_wconf 71' lang='lat' dir='ltr'><strong>caelestis.</strong></span> <span class='ocrx_word' id='word_1_120' title='bbox 1015 1735 1174 1797; x_wconf 83' lang='lat' dir='ltr'><strong>Dixit</strong></span> <span class='ocrx_word' id='word_1_121' title='bbox 1192 1743 1386 1796; x_wconf 87' lang='lat' dir='ltr'><strong>autem</strong></span> <span class='ocrx_word' id='word_1_122' title='bbox 1411 1734 1646 1801; x_wconf 88' lang='lat' dir='ltr'><strong>Decius:</strong></span> <span class='ocrx_word' id='word_1_123' title='bbox 1678 1739 1800 1800; x_wconf 83' lang='lat' dir='ltr'><strong>Hoc</strong></span> 
     </span>
    </p>
   </div>
   <div class='ocr_carea' id='block_1_19' title="bbox 1890 570 3532 646">
    <p class='ocr_par' dir='ltr' id='par_1_19' title="bbox 1890 570 3532 646">
     <span class='ocr_line' id='line_1_19' title="bbox 1890 570 3532 646; baseline 0.007 -14"><span class='ocrx_word' id='word_1_124' title='bbox 1890 571 2183 646; x_wconf 91' lang='lat' dir='ltr'><strong>dicturus,</strong></span> <span class='ocrx_word' id='word_1_125' title='bbox 2221 570 2492 634; x_wconf 83' lang='lat' dir='ltr'><strong>Christus</strong></span> <span class='ocrx_word' id='word_1_126' title='bbox 2514 588 2684 633; x_wconf 81' lang='lat' dir='ltr'><strong>meus</strong></span> <span class='ocrx_word' id='word_1_127' title='bbox 2701 590 2796 634; x_wconf 90' lang='lat' dir='ltr'><strong>me</strong></span> <span class='ocrx_word' id='word_1_128' title='bbox 2818 572 3062 639; x_wconf 84' lang='lat' dir='ltr'><strong>curavit.</strong></span> <span class='ocrx_word' id='word_1_129' title='bbox 3095 575 3408 642; x_wconf 65' lang='lat' dir='ltr'><strong>Neminem</strong></span> <span class='ocrx_word' id='word_1_130' title='bbox 3432 580 3532 644; x_wconf 50' lang='lat' dir='ltr'><strong>in-</strong></span> 
     </span>
    </p>
   </div>
   <div class='ocr_carea' id='block_1_20' title="bbox 1888 659 3531 740">
    <p class='ocr_par' dir='ltr' id='par_1_20' title="bbox 1888 659 3531 740">
     <span class='ocr_line' id='line_1_20' title="bbox 1888 659 3531 740; baseline 0.009 -19"><span class='ocrx_word' id='word_1_131' title='bbox 1888 660 2234 723; x_wconf 90' lang='lat' dir='ltr'><strong>troduxistis</strong></span> <span class='ocrx_word' id='word_1_132' title='bbox 2258 659 2359 740; x_wconf 87' lang='lat' dir='ltr'><strong>qui</strong></span> <span class='ocrx_word' id='word_1_133' title='bbox 2378 678 2515 722; x_wconf 89' lang='lat' dir='ltr'><strong>eum</strong></span> <span class='ocrx_word' id='word_1_134' title='bbox 2543 663 2857 726; x_wconf 90' lang='lat' dir='ltr'><strong>curaretin</strong></span> <span class='ocrx_word' id='word_1_135' title='bbox 2887 665 3184 731; x_wconf 87' lang='lat' dir='ltr'><strong>custodia?</strong></span> <span class='ocrx_word' id='word_1_136' title='bbox 3213 667 3307 734; x_wconf 88' lang='lat' dir='ltr'><strong>llli</strong></span> <span class='ocrx_word' id='word_1_137' title='bbox 3333 677 3531 734; x_wconf 88' lang='lat' dir='ltr'><strong>autem</strong></span> 
     </span>
    </p>
   </div>
   <div class='ocr_carea' id='block_1_21' title="bbox 1888 748 3533 841">
    <p class='ocr_par' dir='ltr' id='par_1_21' title="bbox 1888 748 3533 841">
     <span class='ocr_line' id='line_1_21' title="bbox 1888 748 3533 841; baseline 0.007 -29"><span class='ocrx_word' id='word_1_138' title='bbox 1888 751 1944 812; x_wconf 91' lang='lat' dir='ltr'><strong>ei</strong></span> <span class='ocrx_word' id='word_1_139' title='bbox 1977 751 2298 841; x_wconf 87' lang='lat' dir='ltr'><strong>dixerunt:</strong></span> <span class='ocrx_word' id='word_1_140' title='bbox 2355 748 2468 841; x_wconf 69' lang='lat' dir='ltr'><strong>l’er</strong></span> <span class='ocrx_word' id='word_1_141' title='bbox 2509 759 2762 813; x_wconf 88' lang='lat' dir='ltr'><strong>vestram</strong></span> <span class='ocrx_word' id='word_1_142' title='bbox 2814 755 3163 833; x_wconf 81' lang='lat' dir='ltr'><strong>potentiam,</strong></span> <span class='ocrx_word' id='word_1_143' title='bbox 3199 779 3333 838; x_wconf 64' lang='lat' dir='ltr'><strong>quas</strong></span> <span class='ocrx_word' id='word_1_144' title='bbox 3378 767 3533 841; x_wconf 85' lang='lat' dir='ltr'><strong>regit</strong></span> 
     </span>
    </p>
   </div>
   <div class='ocr_carea' id='block_1_22' title="bbox 1888 836 3530 932">
    <p class='ocr_par' dir='ltr' id='par_1_22' title="bbox 1888 836 3530 932">
     <span class='ocr_line' id='line_1_22' title="bbox 1888 836 3530 932; baseline 0.009 -30"><span class='ocrx_word' id='word_1_145' title='bbox 1888 840 2233 902; x_wconf 91' lang='lat' dir='ltr'><strong>universum</strong></span> <span class='ocrx_word' id='word_1_146' title='bbox 2284 836 2490 932; x_wconf 79' lang='lat' dir='ltr'><strong>orbem</strong></span> <span class='ocrx_word' id='word_1_147' title='bbox 2545 851 2745 932; x_wconf 73' lang='lat' dir='ltr'><strong>terrae,</strong></span> <span class='ocrx_word' id='word_1_148' title='bbox 2782 860 2957 905; x_wconf 90' lang='lat' dir='ltr'><strong>nemo</strong></span> <span class='ocrx_word' id='word_1_149' title='bbox 3008 864 3143 908; x_wconf 90' lang='lat' dir='ltr'><strong>eum</strong></span> <span class='ocrx_word' id='word_1_150' title='bbox 3175 836 3251 911; x_wconf 79' lang='lat' dir='ltr'><strong>ne</strong></span> <span class='ocrx_word' id='word_1_151' title='bbox 3296 836 3530 932; x_wconf 64' lang='lat' dir='ltr'><strong>aspexit</strong></span> 
     </span>
    </p>
   </div>
   <div class='ocr_carea' id='block_1_23' title="bbox 1886 926 3525 1010">
    <p class='ocr_par' dir='ltr' id='par_1_23' title="bbox 1886 926 3525 1010">
     <span class='ocr_line' id='line_1_23' title="bbox 1886 926 3525 1010; baseline 0.007 -21"><span class='ocrx_word' id='word_1_152' title='bbox 1886 929 2152 1010; x_wconf 90' lang='lat' dir='ltr'><strong>quidem,</strong></span> <span class='ocrx_word' id='word_1_153' title='bbox 2189 926 2542 1008; x_wconf 83' lang='lat' dir='ltr'><strong>putabamus</strong></span> <span class='ocrx_word' id='word_1_154' title='bbox 2595 929 2754 991; x_wconf 91' lang='lat' dir='ltr'><strong>enim</strong></span> <span class='ocrx_word' id='word_1_155' title='bbox 2789 949 2924 994; x_wconf 89' lang='lat' dir='ltr'><strong>eum</strong></span> <span class='ocrx_word' id='word_1_156' title='bbox 2978 953 3112 998; x_wconf 88' lang='lat' dir='ltr'><strong>esse</strong></span> <span class='ocrx_word' id='word_1_157' title='bbox 3143 926 3525 1003; x_wconf 73' lang='lat' dir='ltr'><strong>moriturum.</strong></span> 
     </span>
    </p>
   </div>
   <div class='ocr_carea' id='block_1_24' title="bbox 1884 1017 3521 1110">
    <p class='ocr_par' dir='ltr' id='par_1_24' title="bbox 1884 1017 3521 1110">
     <span class='ocr_line' id='line_1_24' title="bbox 1884 1017 3521 1110; baseline 0.009 -31"><span class='ocrx_word' id='word_1_158' title='bbox 1884 1017 2194 1091; x_wconf 85' lang='lat' dir='ltr'><strong>Quomodo</strong></span> <span class='ocrx_word' id='word_1_159' title='bbox 2250 1024 2445 1110; x_wconf 85' lang='lat' dir='ltr'><strong>autem</strong></span> <span class='ocrx_word' id='word_1_160' title='bbox 2495 1036 2673 1080; x_wconf 90' lang='lat' dir='ltr'><strong>sanus</strong></span> <span class='ocrx_word' id='word_1_161' title='bbox 2705 1030 2762 1082; x_wconf 91' lang='lat' dir='ltr'><strong>et</strong></span> <span class='ocrx_word' id='word_1_162' title='bbox 2817 1023 3022 1086; x_wconf 90' lang='lat' dir='ltr'><strong>valens</strong></span> <span class='ocrx_word' id='word_1_163' title='bbox 3053 1045 3212 1090; x_wconf 89' lang='lat' dir='ltr'><strong>nunc</strong></span> <span class='ocrx_word' id='word_1_164' title='bbox 3261 1027 3521 1110; x_wconf 81' lang='lat' dir='ltr'><strong>assistat,</strong></span> 
     </span>
    </p>
   </div>
   <div class='ocr_carea' id='block_1_25' title="bbox 1886 1105 3526 1198">
    <p class='ocr_par' dir='ltr' id='par_1_25' title="bbox 1886 1105 3526 1198">
     <span class='ocr_line' id='line_1_25' title="bbox 1886 1105 3526 1198; baseline 0.009 -30"><span class='ocrx_word' id='word_1_165' title='bbox 1886 1108 2208 1198; x_wconf 82' lang='lat' dir='ltr'><strong>nescimus.</strong></span> <span class='ocrx_word' id='word_1_166' title='bbox 2247 1105 2400 1169; x_wconf 85' lang='lat' dir='ltr'><strong>Dixit</strong></span> <span class='ocrx_word' id='word_1_167' title='bbox 2427 1107 2768 1198; x_wconf 80' lang='lat' dir='ltr'><strong>imperator:</strong></span> <span class='ocrx_word' id='word_1_168' title='bbox 2795 1110 3208 1178; x_wconf 85' lang='lat' dir='ltr'><strong>Videteartem</strong></span> <span class='ocrx_word' id='word_1_169' title='bbox 3235 1105 3526 1198; x_wconf 83' lang='lat' dir='ltr'><strong>magicam</strong></span> 
     </span>
    </p>
   </div>
   <div class='ocr_carea' id='block_1_26' title="bbox 1886 1195 3528 1286">
    <p class='ocr_par' dir='ltr' id='par_1_26' title="bbox 1886 1195 3528 1286">
     <span class='ocr_line' id='line_1_26' title="bbox 1886 1195 3528 1286; baseline 0.007 -27"><span class='ocrx_word' id='word_1_170' title='bbox 1886 1197 2382 1286; x_wconf 84' lang='lat' dir='ltr'><strong>Christianorum.</strong></span> <span class='ocrx_word' id='word_1_171' title='bbox 2442 1195 2554 1286; x_wconf 88' lang='lat' dir='ltr'><strong>Qui</strong></span> <span class='ocrx_word' id='word_1_172' title='bbox 2589 1197 2719 1259; x_wconf 89' lang='lat' dir='ltr'><strong>heri</strong></span> <span class='ocrx_word' id='word_1_173' title='bbox 2761 1202 3001 1281; x_wconf 90' lang='lat' dir='ltr'><strong>quidem</strong></span> <span class='ocrx_word' id='word_1_174' title='bbox 3036 1195 3358 1286; x_wconf 76' lang='lat' dir='ltr'><strong>putabatur</strong></span> <span class='ocrx_word' id='word_1_175' title='bbox 3393 1227 3528 1272; x_wconf 87' lang='lat' dir='ltr'><strong>esse</strong></span> 
     </span>
    </p>
   </div>
   <div class='ocr_carea' id='block_1_27' title="bbox 1886 1284 3530 1372">
    <p class='ocr_par' dir='ltr' id='par_1_27' title="bbox 1886 1284 3530 1372">
     <span class='ocr_line' id='line_1_27' title="bbox 1886 1284 3530 1372; baseline 0.009 -26"><span class='ocrx_word' id='word_1_176' title='bbox 1886 1296 2180 1365; x_wconf 89' lang='lat' dir='ltr'><strong>mortuus,</strong></span> <span class='ocrx_word' id='word_1_177' title='bbox 2218 1284 2398 1346; x_wconf 83' lang='lat' dir='ltr'><strong>hodie</strong></span> <span class='ocrx_word' id='word_1_178' title='bbox 2426 1285 2616 1347; x_wconf 88' lang='lat' dir='ltr'><strong>adstat</strong></span> <span class='ocrx_word' id='word_1_179' title='bbox 2673 1305 2876 1352; x_wconf 89' lang='lat' dir='ltr'><strong>sanus.</strong></span> <span class='ocrx_word' id='word_1_180' title='bbox 2908 1284 3102 1354; x_wconf 82' lang='lat' dir='ltr'><strong>Iratus</strong></span> <span class='ocrx_word' id='word_1_181' title='bbox 3131 1293 3330 1372; x_wconf 88' lang='lat' dir='ltr'><strong>itaque</strong></span> <span class='ocrx_word' id='word_1_182' title='bbox 3375 1295 3530 1360; x_wconf 90' lang='lat' dir='ltr'><strong>dixit</strong></span> 
     </span>
    </p>
   </div>
   <div class='ocr_carea' id='block_1_28' title="bbox 1885 1373 3527 1450">
    <p class='ocr_par' dir='ltr' id='par_1_28' title="bbox 1885 1373 3527 1450">
     <span class='ocr_line' id='line_1_28' title="bbox 1885 1373 3527 1450; baseline 0.01 -16"><span class='ocrx_word' id='word_1_183' title='bbox 1885 1373 1941 1434; x_wconf 92' lang='lat' dir='ltr'><strong>ei</strong></span> <span class='ocrx_word' id='word_1_184' title='bbox 1973 1394 1986 1435; x_wconf 87' lang='lat'><strong>:</strong></span> <span class='ocrx_word' id='word_1_185' title='bbox 2023 1373 2166 1446; x_wconf 86' lang='lat' dir='ltr'><strong>Quis</strong></span> <span class='ocrx_word' id='word_1_186' title='bbox 2193 1381 2249 1434; x_wconf 92' lang='lat' dir='ltr'><strong>te</strong></span> <span class='ocrx_word' id='word_1_187' title='bbox 2281 1375 2553 1437; x_wconf 86' lang='lat' dir='ltr'><strong>curavit?</strong></span> <span class='ocrx_word' id='word_1_188' title='bbox 2599 1375 2697 1438; x_wconf 91' lang='lat' dir='ltr'><strong>dic</strong></span> <span class='ocrx_word' id='word_1_189' title='bbox 2731 1397 2864 1441; x_wconf 92' lang='lat' dir='ltr'><strong>cum</strong></span> <span class='ocrx_word' id='word_1_190' title='bbox 2898 1382 3160 1446; x_wconf 88' lang='lat' dir='ltr'><strong>veritate.</strong></span> <span class='ocrx_word' id='word_1_191' title='bbox 3195 1383 3339 1447; x_wconf 89' lang='lat' dir='ltr'><strong>Nam</strong></span> <span class='ocrx_word' id='word_1_192' title='bbox 3392 1387 3527 1450; x_wconf 86' lang='lat' dir='ltr'><strong>sine</strong></span> 
     </span>
    </p>
   </div>
   <div class='ocr_carea' id='block_1_29' title="bbox 1883 1461 3526 1550">
    <p class='ocr_par' dir='ltr' id='par_1_29' title="bbox 1883 1461 3526 1550">
     <span class='ocr_line' id='line_1_29' title="bbox 1883 1461 3526 1550; baseline 0.01 -27"><span class='ocrx_word' id='word_1_193' title='bbox 1883 1461 2198 1543; x_wconf 67' lang='lat' dir='ltr'><strong>praestigiis</strong></span> <span class='ocrx_word' id='word_1_194' title='bbox 2221 1470 2278 1524; x_wconf 90' lang='lat' dir='ltr'><strong>et</strong></span> <span class='ocrx_word' id='word_1_195' title='bbox 2306 1471 2430 1524; x_wconf 90' lang='lat' dir='ltr'><strong>arte</strong></span> <span class='ocrx_word' id='word_1_196' title='bbox 2462 1465 2689 1543; x_wconf 87' lang='lat' dir='ltr'><strong>magica</strong></span> <span class='ocrx_word' id='word_1_197' title='bbox 2720 1486 2839 1530; x_wconf 91' lang='lat' dir='ltr'><strong>non</strong></span> <span class='ocrx_word' id='word_1_198' title='bbox 2870 1479 3011 1550; x_wconf 92' lang='lat' dir='ltr'><strong>puto</strong></span> <span class='ocrx_word' id='word_1_199' title='bbox 3043 1479 3100 1533; x_wconf 89' lang='lat' dir='ltr'><strong>te</strong></span> <span class='ocrx_word' id='word_1_200' title='bbox 3143 1473 3324 1536; x_wconf 84' lang='lat' dir='ltr'><strong>fuisse</strong></span> <span class='ocrx_word' id='word_1_201' title='bbox 3352 1493 3526 1538; x_wconf 88' lang='lat' dir='ltr'><strong>cura-</strong></span> 
     </span>
    </p>
   </div>
   <div class='ocr_carea' id='block_1_30' title="bbox 1884 1551 3528 1642">
    <p class='ocr_par' dir='ltr' id='par_1_30' title="bbox 1884 1551 3528 1642">
     <span class='ocr_line' id='line_1_30' title="bbox 1884 1551 3528 1642; baseline 0.009 -30"><span class='ocrx_word' id='word_1_202' title='bbox 1884 1559 2030 1642; x_wconf 85' lang='lat' dir='ltr'><strong>tum.</strong></span> <span class='ocrx_word' id='word_1_203' title='bbox 2063 1551 2224 1642; x_wconf 73' lang='lat' dir='ltr'><strong>Dixit</strong></span> <span class='ocrx_word' id='word_1_204' title='bbox 2253 1561 2495 1616; x_wconf 88' lang='lat' dir='ltr'><strong>sanctus</strong></span> <span class='ocrx_word' id='word_1_205' title='bbox 2529 1556 2894 1619; x_wconf 84' lang='lat' dir='ltr'><strong>Mercurius:</strong></span> <span class='ocrx_word' id='word_1_206' title='bbox 2930 1557 3093 1623; x_wconf 90' lang='lat' dir='ltr'><strong>Sicut</strong></span> <span class='ocrx_word' id='word_1_207' title='bbox 3124 1564 3286 1642; x_wconf 89' lang='lat' dir='ltr'><strong>prius</strong></span> <span class='ocrx_word' id='word_1_208' title='bbox 3325 1564 3528 1627; x_wconf 79' lang='lat' dir='ltr'><strong>dixisti</strong></span> 
     </span>
    </p>
   </div>
   <div class='ocr_carea' id='block_1_31' title="bbox 1882 1641 3528 1732">
    <p class='ocr_par' dir='ltr' id='par_1_31' title="bbox 1882 1641 3528 1732">
     <span class='ocr_line' id='line_1_31' title="bbox 1882 1641 3528 1732; baseline 0.011 -32"><span class='ocrx_word' id='word_1_209' title='bbox 1882 1641 2115 1732; x_wconf 83' lang='lat' dir='ltr'><strong>nolens,</strong></span> <span class='ocrx_word' id='word_1_210' title='bbox 2141 1641 2432 1703; x_wconf 91' lang='lat' dir='ltr'><strong>Dominus</strong></span> <span class='ocrx_word' id='word_1_211' title='bbox 2463 1643 2854 1709; x_wconf 86' lang='lat' dir='ltr'><strong>nosterJesus</strong></span> <span class='ocrx_word' id='word_1_212' title='bbox 2880 1641 3172 1732; x_wconf 80' lang='lat' dir='ltr'><strong>Christus,</strong></span> <span class='ocrx_word' id='word_1_213' title='bbox 3201 1670 3382 1718; x_wconf 87' lang='lat' dir='ltr'><strong>verus</strong></span> <span class='ocrx_word' id='word_1_214' title='bbox 3404 1671 3528 1718; x_wconf 74' lang='lat' dir='ltr'><strong>me-</strong></span> 
     </span>
    </p>
   </div>
   <div class='ocr_carea' id='block_1_32' title="bbox 1883 1729 3524 1818">
    <p class='ocr_par' dir='ltr' id='par_1_32' title="bbox 1883 1729 3524 1818">
     <span class='ocr_line' id='line_1_32' title="bbox 1883 1729 3524 1818; baseline 0.011 -28"><span class='ocrx_word' id='word_1_215' title='bbox 1883 1729 2048 1792; x_wconf 91' lang='lat' dir='ltr'><strong>dicus</strong></span> <span class='ocrx_word' id='word_1_216' title='bbox 2073 1732 2402 1794; x_wconf 90' lang='lat' dir='ltr'><strong>animarum</strong></span> <span class='ocrx_word' id='word_1_217' title='bbox 2427 1738 2982 1818; x_wconf 89' lang='lat' dir='ltr'><strong>etcorporum,ipse</strong></span> <span class='ocrx_word' id='word_1_218' title='bbox 3003 1759 3098 1803; x_wconf 90' lang='lat' dir='ltr'><strong>me</strong></span> <span class='ocrx_word' id='word_1_219' title='bbox 3122 1729 3369 1808; x_wconf 83' lang='lat' dir='ltr'><strong>curavit.</strong></span> <span class='ocrx_word' id='word_1_220' title='bbox 3405 1745 3524 1807; x_wconf 82' lang='lat' dir='ltr'><strong>Ve-</strong></span> 
     </span>
    </p>
   </div>
   <div class='ocr_carea' id='block_1_33' title="bbox 181 1821 1794 1907">
    <p class='ocr_par' dir='ltr' id='par_1_33' title="bbox 181 1824 1794 1904">
     <span class='ocr_line' id='line_1_33' title="bbox 181 1824 1794 1904; baseline 0.004 -21"><span class='ocrx_word' id='word_1_221' title='bbox 181 1839 240 1883; x_wconf 89' lang='lat' dir='ltr'><strong>ne</strong></span> <span class='ocrx_word' id='word_1_222' title='bbox 266 1826 502 1885; x_wconf 90' lang='lat' dir='ltr'><strong>nomine</strong></span> <span class='ocrx_word' id='word_1_223' title='bbox 529 1832 767 1886; x_wconf 85' lang='lat' dir='ltr'><strong>vocatus</strong></span> <span class='ocrx_word' id='word_1_224' title='bbox 801 1843 866 1886; x_wconf 92' lang='lat' dir='ltr'><strong>es</strong></span> <span class='ocrx_word' id='word_1_225' title='bbox 893 1843 926 1886; x_wconf 89' lang='lat' dir='ltr'><strong>a</strong></span> <span class='ocrx_word' id='word_1_226' title='bbox 952 1824 1320 1904; x_wconf 86' lang='lat' dir='ltr'><strong>parentibus,</strong></span> <span class='ocrx_word' id='word_1_227' title='bbox 1343 1841 1416 1887; x_wconf 84' lang='lat' dir='ltr'><strong>an</strong></span> <span class='ocrx_word' id='word_1_228' title='bbox 1442 1825 1502 1886; x_wconf 93' lang='lat' dir='ltr'><strong>in</strong></span> <span class='ocrx_word' id='word_1_229' title='bbox 1537 1828 1794 1891; x_wconf 86' lang='lat' dir='ltr'><strong>exercitu</strong></span> 
     </span>
    </p>
   </div>
   <div class='ocr_carea' id='block_1_34' title="bbox 1948 1821 3521 1907">
    <p class='ocr_par' dir='ltr' id='par_1_34' title="bbox 1948 1821 3521 1902">
     <span class='ocr_line' id='line_1_34' title="bbox 1948 1821 3521 1902; baseline 0.01 -21"><span class='ocrx_word' id='word_1_230' title='bbox 1948 1821 2109 1883; x_wconf 78' lang='lat' dir='ltr'><strong>:tlcos</strong></span> <span class='ocrx_word' id='word_1_231' title='bbox 2159 1827 2380 1896; x_wconf 88' lang='lat' dir='ltr'><strong>autem,</strong></span> <span class='ocrx_word' id='word_1_232' title='bbox 2415 1829 2472 1882; x_wconf 92' lang='lat' dir='ltr'><strong>et</strong></span> <span class='ocrx_word' id='word_1_233' title='bbox 2504 1822 2926 1902; x_wconf 88' lang='lat' dir='ltr'><strong>incantatores,</strong></span> <span class='ocrx_word' id='word_1_234' title='bbox 2959 1837 3022 1893; x_wconf 91' lang='lat' dir='ltr'><strong>et</strong></span> <span class='ocrx_word' id='word_1_235' title='bbox 3075 1830 3336 1895; x_wconf 87' lang='lat' dir='ltr'><strong>sortibus</strong></span> <span class='ocrx_word' id='word_1_236' title='bbox 3364 1833 3521 1896; x_wconf 82' lang='lat' dir='ltr'><strong>divi-</strong></span> 
     </span>
    </p>
   </div>
   <div class='ocr_carea' id='block_1_35' title="bbox 179 1913 1796 1995">
    <p class='ocr_par' dir='ltr' id='par_1_35' title="bbox 179 1913 1796 1995">
     <span class='ocr_line' id='line_1_35' title="bbox 179 1913 1796 1995; baseline 0.005 -23"><span class='ocrx_word' id='word_1_237' title='bbox 179 1913 478 1993; x_wconf 75' lang='lat' dir='ltr'><strong>appellatus</strong></span> <span class='ocrx_word' id='word_1_238' title='bbox 502 1913 660 1975; x_wconf 82' lang='lat' dir='ltr'><strong>fuisti</strong></span> <span class='ocrx_word' id='word_1_239' title='bbox 691 1913 1220 1976; x_wconf 86' lang='lat' dir='ltr'><strong>Mercurius?Dixit</strong></span> <span class='ocrx_word' id='word_1_240' title='bbox 1253 1922 1491 1995; x_wconf 85' lang='lat' dir='ltr'><strong>martyr:</strong></span> <span class='ocrx_word' id='word_1_241' title='bbox 1515 1917 1545 1966; x_wconf 78' lang='grc'><strong>4</strong></span> <span class='ocrx_word' id='word_1_242' title='bbox 1572 1917 1796 1981; x_wconf 65' lang='lat' dir='ltr'><strong>Militiae</strong></span> 
     </span>
    </p>
   </div>
   <div class='ocr_carea' id='block_1_36' title="bbox 180 2001 1793 2086">
    <p class='ocr_par' dir='ltr' id='par_1_36' title="bbox 180 2001 1793 2086">
     <span class='ocr_line' id='line_1_36' title="bbox 180 2001 1793 2086; baseline 0.005 -25"><span class='ocrx_word' id='word_1_243' title='bbox 180 2001 438 2064; x_wconf 87' lang='lat' dir='ltr'><strong>atribuno</strong></span> <span class='ocrx_word' id='word_1_244' title='bbox 463 2010 708 2064; x_wconf 85' lang='lat' dir='ltr'><strong>vocatus</strong></span> <span class='ocrx_word' id='word_1_245' title='bbox 728 2022 857 2065; x_wconf 91' lang='lat' dir='ltr'><strong>sum</strong></span> <span class='ocrx_word' id='word_1_246' title='bbox 882 2003 1228 2065; x_wconf 77' lang='lat' dir='ltr'><strong>Mercurius.</strong></span> <span class='ocrx_word' id='word_1_247' title='bbox 1262 2004 1418 2066; x_wconf 81' lang='lat' dir='ltr'><strong>Dixit</strong></span> <span class='ocrx_word' id='word_1_248' title='bbox 1441 2006 1793 2086; x_wconf 89' lang='lat' dir='ltr'><strong>imperator:</strong></span> 
     </span>
    </p>
   </div>
   <div class='ocr_carea' id='block_1_37' title="bbox 179 2092 1794 2173">
    <p class='ocr_par' dir='ltr' id='par_1_37' title="bbox 179 2092 1794 2173">
     <span class='ocr_line' id='line_1_37' title="bbox 179 2092 1794 2173; baseline 0.001 -18"><span class='ocrx_word' id='word_1_249' title='bbox 179 2092 274 2155; x_wconf 88' lang='lat' dir='ltr'><strong>Cur</strong></span> <span class='ocrx_word' id='word_1_250' title='bbox 297 2111 408 2154; x_wconf 92' lang='lat' dir='ltr'><strong>non</strong></span> <span class='ocrx_word' id='word_1_251' title='bbox 442 2093 594 2154; x_wconf 88' lang='lat' dir='ltr'><strong>facis</strong></span> <span class='ocrx_word' id='word_1_252' title='bbox 625 2093 776 2154; x_wconf 91' lang='lat' dir='ltr'><strong>sicut</strong></span> <span class='ocrx_word' id='word_1_253' title='bbox 818 2093 1051 2173; x_wconf 88' lang='lat' dir='ltr'><strong>jussum</strong></span> <span class='ocrx_word' id='word_1_254' title='bbox 1085 2093 1194 2156; x_wconf 90' lang='lat' dir='ltr'><strong>fuit</strong></span> <span class='ocrx_word' id='word_1_255' title='bbox 1225 2094 1500 2155; x_wconf 84' lang='lat' dir='ltr'><strong>omnibus</strong></span> <span class='ocrx_word' id='word_1_256' title='bbox 1533 2095 1794 2157; x_wconf 89' lang='lat' dir='ltr'><strong>homini-</strong></span> 
     </span>
    </p>
   </div>
   <div class='ocr_carea' id='block_1_38' title="bbox 179 2181 1795 2262">
    <p class='ocr_par' dir='ltr' id='par_1_38' title="bbox 179 2181 1795 2262">
     <span class='ocr_line' id='line_1_38' title="bbox 179 2181 1795 2262; baseline 0.003 -19"><span class='ocrx_word' id='word_1_257' title='bbox 179 2181 284 2255; x_wconf 86' lang='lat' dir='ltr'><strong>bus,</strong></span> <span class='ocrx_word' id='word_1_258' title='bbox 310 2190 365 2243; x_wconf 88' lang='lat' dir='ltr'><strong>et</strong></span> <span class='ocrx_word' id='word_1_259' title='bbox 387 2183 541 2244; x_wconf 85' lang='lat' dir='ltr'><strong>deos</strong></span> <span class='ocrx_word' id='word_1_260' title='bbox 561 2182 796 2262; x_wconf 88' lang='lat' dir='ltr'><strong>adoras,</strong></span> <span class='ocrx_word' id='word_1_261' title='bbox 830 2183 1090 2262; x_wconf 89' lang='lat' dir='ltr'><strong>priorem</strong></span> <span class='ocrx_word' id='word_1_262' title='bbox 1129 2191 1289 2244; x_wconf 91' lang='lat' dir='ltr'><strong>tuum</strong></span> <span class='ocrx_word' id='word_1_263' title='bbox 1314 2185 1603 2246; x_wconf 80' lang='lat' dir='ltr'><strong>honorem</strong></span> <span class='ocrx_word' id='word_1_264' title='bbox 1634 2187 1795 2248; x_wconf 90' lang='lat' dir='ltr'><strong>reci-</strong></span> 
     </span>
    </p>
   </div>
   <div class='ocr_carea' id='block_1_39' title="bbox 177 2270 1796 2349">
    <p class='ocr_par' dir='ltr' id='par_1_39' title="bbox 177 2270 1796 2349">
     <span class='ocr_line' id='line_1_39' title="bbox 177 2270 1796 2349; baseline 0.004 -19"><span class='ocrx_word' id='word_1_265' title='bbox 177 2270 350 2349; x_wconf 88' lang='lat' dir='ltr'><strong>piens?</strong></span> <span class='ocrx_word' id='word_1_266' title='bbox 377 2272 652 2332; x_wconf 87' lang='lat' dir='ltr'><strong>mavisne</strong></span> <span class='ocrx_word' id='word_1_267' title='bbox 679 2274 822 2333; x_wconf 85' lang='lat' dir='ltr'><strong>mori</strong></span> <span class='ocrx_word' id='word_1_268' title='bbox 844 2272 905 2332; x_wconf 90' lang='lat' dir='ltr'><strong>in</strong></span> <span class='ocrx_word' id='word_1_269' title='bbox 942 2273 1284 2334; x_wconf 86' lang='lat' dir='ltr'><strong>tormentis?</strong></span> <span class='ocrx_word' id='word_1_270' title='bbox 1311 2271 1415 2336; x_wconf 91' lang='lat' dir='ltr'><strong>Dic</strong></span> <span class='ocrx_word' id='word_1_271' title='bbox 1437 2275 1572 2348; x_wconf 89' lang='lat' dir='ltr'><strong>cito,</strong></span> <span class='ocrx_word' id='word_1_272' title='bbox 1598 2274 1796 2337; x_wconf 90' lang='lat' dir='ltr'><strong>sciens</strong></span> 
     </span>
    </p>
   </div>
   <div class='ocr_carea' id='block_1_40' title="bbox 177 2361 1793 2443">
    <p class='ocr_par' dir='ltr' id='par_1_40' title="bbox 177 2361 1793 2443">
     <span class='ocr_line' id='line_1_40' title="bbox 177 2361 1793 2443; baseline 0.004 -23"><span class='ocrx_word' id='word_1_273' title='bbox 177 2369 222 2420; x_wconf 91' lang='lat' dir='ltr'><strong>te</strong></span> <span class='ocrx_word' id='word_1_274' title='bbox 249 2379 368 2422; x_wconf 85' lang='lat' dir='ltr'><strong>esse</strong></span> <span class='ocrx_word' id='word_1_275' title='bbox 400 2370 674 2422; x_wconf 87' lang='lat' dir='ltr'><strong>vocatum</strong></span> <span class='ocrx_word' id='word_1_276' title='bbox 703 2368 1036 2442; x_wconf 78' lang='lat' dir='ltr'><strong>propterea.</strong></span> <span class='ocrx_word' id='word_1_277' title='bbox 1072 2361 1226 2426; x_wconf 80' lang='lat' dir='ltr'><strong>Dixit</strong></span> <span class='ocrx_word' id='word_1_278' title='bbox 1251 2362 1576 2425; x_wconf 83' lang='lat' dir='ltr'><strong>Mercurius</strong></span> <span class='ocrx_word' id='word_1_279' title='bbox 1604 2385 1616 2426; x_wconf 89' lang='lat'><strong>:</strong></span> <span class='ocrx_word' id='word_1_280' title='bbox 1651 2365 1793 2443; x_wconf 86' lang='lat' dir='ltr'><strong>Ego,</strong></span> 
     </span>
    </p>
   </div>
   <div class='ocr_carea' id='block_1_41' title="bbox 177 2449 1795 2531">
    <p class='ocr_par' dir='ltr' id='par_1_41' title="bbox 177 2449 1795 2531">
     <span class='ocr_line' id='line_1_41' title="bbox 177 2449 1795 2531; baseline 0.005 -23"><span class='ocrx_word' id='word_1_281' title='bbox 177 2457 226 2508; x_wconf 92' lang='lat' dir='ltr'><strong>ut</strong></span> <span class='ocrx_word' id='word_1_282' title='bbox 254 2449 463 2529; x_wconf 81' lang='lat' dir='ltr'><strong>dixisti,</strong></span> <span class='ocrx_word' id='word_1_283' title='bbox 499 2451 644 2511; x_wconf 85' lang='lat' dir='ltr'><strong>ideo</strong></span> <span class='ocrx_word' id='word_1_284' title='bbox 679 2451 833 2531; x_wconf 83' lang='lat' dir='ltr'><strong>veni,</strong></span> <span class='ocrx_word' id='word_1_285' title='bbox 869 2460 933 2513; x_wconf 93' lang='lat' dir='ltr'><strong>ut</strong></span> <span class='ocrx_word' id='word_1_286' title='bbox 970 2459 1023 2512; x_wconf 92' lang='lat' dir='ltr'><strong>te</strong></span> <span class='ocrx_word' id='word_1_287' title='bbox 1053 2451 1378 2524; x_wconf 86' lang='lat' dir='ltr'><strong>vincerem,</strong></span> <span class='ocrx_word' id='word_1_288' title='bbox 1410 2463 1467 2514; x_wconf 92' lang='lat' dir='ltr'><strong>et</strong></span> <span class='ocrx_word' id='word_1_289' title='bbox 1496 2453 1795 2517; x_wconf 74' lang='lat' dir='ltr'><strong>diabolum</strong></span> 
     </span>
    </p>
   </div>
   <div class='ocr_carea' id='block_1_42' title="bbox 175 2540 1796 2614">
    <p class='ocr_par' dir='ltr' id='par_1_42' title="bbox 175 2540 1796 2614">
     <span class='ocr_line' id='line_1_42' title="bbox 175 2540 1796 2614; baseline 0.004 -16"><span class='ocrx_word' id='word_1_290' title='bbox 175 2540 338 2599; x_wconf 80' lang='lat' dir='ltr'><strong>omnis</strong></span> <span class='ocrx_word' id='word_1_291' title='bbox 357 2540 482 2601; x_wconf 88' lang='lat' dir='ltr'><strong>vitii</strong></span> <span class='ocrx_word' id='word_1_292' title='bbox 513 2541 925 2614; x_wconf 84' lang='lat' dir='ltr'><strong>inventorem;</strong></span> <span class='ocrx_word' id='word_1_293' title='bbox 953 2553 1009 2602; x_wconf 91' lang='lat' dir='ltr'><strong>et</strong></span> <span class='ocrx_word' id='word_1_294' title='bbox 1043 2561 1320 2605; x_wconf 82' lang='lat' dir='ltr'><strong>coronam</strong></span> <span class='ocrx_word' id='word_1_295' title='bbox 1353 2544 1610 2605; x_wconf 65' lang='lat' dir='ltr'><strong>victorim</strong></span> <span class='ocrx_word' id='word_1_296' title='bbox 1634 2545 1796 2605; x_wconf 88' lang='lat' dir='ltr'><strong>acci-</strong></span> 
     </span>
    </p>
   </div>
   <div class='ocr_carea' id='block_1_43' title="bbox 173 2628 1799 2708">
    <p class='ocr_par' dir='ltr' id='par_1_43' title="bbox 173 2628 1799 2708">
     <span class='ocr_line' id='line_1_43' title="bbox 173 2628 1799 2708; baseline 0.006 -21"><span class='ocrx_word' id='word_1_297' title='bbox 173 2628 301 2708; x_wconf 83' lang='lat' dir='ltr'><strong>piam</strong></span> <span class='ocrx_word' id='word_1_298' title='bbox 314 2628 384 2690; x_wconf 87' lang='lat' dir='ltr'><strong>ah</strong></span> <span class='ocrx_word' id='word_1_299' title='bbox 401 2631 772 2708; x_wconf 77' lang='lat' dir='ltr'><strong>agonotheta</strong></span> <span class='ocrx_word' id='word_1_300' title='bbox 791 2628 822 2692; x_wconf 90' lang='lat' dir='ltr'><strong>J</strong></span> <span class='ocrx_word' id='word_1_301' title='bbox 829 2650 930 2692; x_wconf 92' lang='lat' dir='ltr'><strong>esu</strong></span> <span class='ocrx_word' id='word_1_302' title='bbox 953 2631 1182 2694; x_wconf 90' lang='lat' dir='ltr'><strong>Christo</strong></span> <span class='ocrx_word' id='word_1_303' title='bbox 1206 2632 1455 2695; x_wconf 91' lang='lat' dir='ltr'><strong>Domino</strong></span> <span class='ocrx_word' id='word_1_304' title='bbox 1483 2649 1634 2694; x_wconf 90' lang='lat' dir='ltr'><strong>meo.</strong></span> <span class='ocrx_word' id='word_1_305' title='bbox 1668 2632 1799 2695; x_wconf 89' lang='lat' dir='ltr'><strong>Noli</strong></span> 
     </span>
    </p>
   </div>
   <div class='ocr_carea' id='block_1_44' title="bbox 173 2719 1798 2804">
    <p class='ocr_par' dir='ltr' id='par_1_44' title="bbox 173 2719 1798 2804">
     <span class='ocr_line' id='line_1_44' title="bbox 173 2719 1798 2804; baseline 0.005 -28"><span class='ocrx_word' id='word_1_306' title='bbox 173 2735 289 2796; x_wconf 81' lang='lat' dir='ltr'><strong>ergo</strong></span> <span class='ocrx_word' id='word_1_307' title='bbox 319 2720 563 2781; x_wconf 89' lang='lat' dir='ltr'><strong>tardare</strong></span> <span class='ocrx_word' id='word_1_308' title='bbox 588 2737 697 2780; x_wconf 91' lang='lat' dir='ltr'><strong>nec</strong></span> <span class='ocrx_word' id='word_1_309' title='bbox 722 2719 984 2782; x_wconf 76' lang='lat' dir='ltr'><strong>differre:</strong></span> <span class='ocrx_word' id='word_1_310' title='bbox 1013 2722 1114 2782; x_wconf 88' lang='lat' dir='ltr'><strong>sed</strong></span> <span class='ocrx_word' id='word_1_311' title='bbox 1138 2721 1196 2782; x_wconf 94' lang='lat' dir='ltr'><strong>in</strong></span> <span class='ocrx_word' id='word_1_312' title='bbox 1215 2740 1307 2782; x_wconf 90' lang='lat' dir='ltr'><strong>me</strong></span> <span class='ocrx_word' id='word_1_313' title='bbox 1327 2721 1670 2804; x_wconf 77' lang='lat' dir='ltr'><strong>imple,quae</strong></span> <span class='ocrx_word' id='word_1_314' title='bbox 1692 2722 1798 2784; x_wconf 86' lang='lat' dir='ltr'><strong>tibi</strong></span> 
     </span>
    </p>
   </div>
   <div class='ocr_carea' id='block_1_45' title="bbox 173 2809 1800 2874">
    <p class='ocr_par' dir='ltr' id='par_1_45' title="bbox 173 2809 1800 2874">
     <span class='ocr_line' id='line_1_45' title="bbox 173 2809 1800 2874; baseline 0.004 -9"><span class='ocrx_word' id='word_1_315' title='bbox 173 2809 380 2870; x_wconf 83' lang='lat' dir='ltr'><strong>veniunt</strong></span> <span class='ocrx_word' id='word_1_316' title='bbox 410 2809 471 2870; x_wconf 92' lang='lat' dir='ltr'><strong>in</strong></span> <span class='ocrx_word' id='word_1_317' title='bbox 544 2817 829 2871; x_wconf 90' lang='lat' dir='ltr'><strong>mentem.</strong></span> <span class='ocrx_word' id='word_1_318' title='bbox 867 2809 1069 2872; x_wconf 82' lang='lat' dir='ltr'><strong>Habeo</strong></span> <span class='ocrx_word' id='word_1_319' title='bbox 1101 2811 1258 2872; x_wconf 88' lang='lat' dir='ltr'><strong>enim</strong></span> <span class='ocrx_word' id='word_1_320' title='bbox 1294 2811 1536 2872; x_wconf 86' lang='lat' dir='ltr'><strong>loricam</strong></span> <span class='ocrx_word' id='word_1_321' title='bbox 1572 2811 1710 2873; x_wconf 80' lang='lat' dir='ltr'><strong>fidei</strong></span> <span class='ocrx_word' id='word_1_322' title='bbox 1741 2819 1800 2874; x_wconf 93' lang='lat' dir='ltr'><strong>et</strong></span> 
     </span>
    </p>
   </div>
   <div class='ocr_carea' id='block_1_46' title="bbox 172 2897 1796 2980">
    <p class='ocr_par' dir='ltr' id='par_1_46' title="bbox 172 2897 1796 2980">
     <span class='ocr_line' id='line_1_46' title="bbox 172 2897 1796 2980; baseline 0.004 -24"><span class='ocrx_word' id='word_1_323' title='bbox 172 2897 430 2976; x_wconf 69' lang='lat' dir='ltr'><strong>clypeum,</strong></span> <span class='ocrx_word' id='word_1_324' title='bbox 471 2917 586 2980; x_wconf 89' lang='lat' dir='ltr'><strong>per</strong></span> <span class='ocrx_word' id='word_1_325' title='bbox 640 2918 773 2979; x_wconf 81' lang='lat' dir='ltr'><strong>quae</strong></span> <span class='ocrx_word' id='word_1_326' title='bbox 820 2899 1053 2961; x_wconf 88' lang='lat' dir='ltr'><strong>vincam</strong></span> <span class='ocrx_word' id='word_1_327' title='bbox 1101 2918 1343 2962; x_wconf 90' lang='lat' dir='ltr'><strong>omnem</strong></span> <span class='ocrx_word' id='word_1_328' title='bbox 1395 2901 1796 2963; x_wconf 87' lang='lat' dir='ltr'><strong>inventionem</strong></span> 
     </span>
    </p>
   </div>
   <div class='ocr_carea' id='block_1_47' title="bbox 170 2988 1574 3068">
    <p class='ocr_par' dir='ltr' id='par_1_47' title="bbox 170 2988 1574 3068">
     <span class='ocr_line' id='line_1_47' title="bbox 170 2988 1574 3068; baseline 0.004 -23"><span class='ocrx_word' id='word_1_329' title='bbox 170 3004 276 3062; x_wconf 73' lang='lat' dir='ltr'><strong>qua:</strong></span> <span class='ocrx_word' id='word_1_330' title='bbox 300 2988 590 3049; x_wconf 87' lang='lat' dir='ltr'><strong>adversus</strong></span> <span class='ocrx_word' id='word_1_331' title='bbox 623 3008 718 3050; x_wconf 91' lang='lat' dir='ltr'><strong>me</strong></span> <span class='ocrx_word' id='word_1_332' title='bbox 748 2989 1072 3068; x_wconf 85' lang='lat' dir='ltr'><strong>excogitata</strong></span> <span class='ocrx_word' id='word_1_333' title='bbox 1102 2998 1162 3053; x_wconf 91' lang='lat' dir='ltr'><strong>et</strong></span> <span class='ocrx_word' id='word_1_334' title='bbox 1195 2999 1356 3051; x_wconf 90' lang='lat' dir='ltr'><strong>mota</strong></span> <span class='ocrx_word' id='word_1_335' title='bbox 1377 2989 1574 3052; x_wconf 86' lang='lat' dir='ltr'><strong>fuerit.</strong></span> 
     </span>
    </p>
   </div>
   <div class='ocr_carea' id='block_1_48' title="bbox 231 3073 1797 3159">
    <p class='ocr_par' dir='ltr' id='par_1_48' title="bbox 231 3073 1797 3159">
     <span class='ocr_line' id='line_1_48' title="bbox 231 3073 1797 3159; baseline 0.003 -21"><span class='ocrx_word' id='word_1_336' title='bbox 231 3073 368 3140; x_wconf 81' lang='lat' dir='ltr'><strong>Vill.</strong></span> <span class='ocrx_word' id='word_1_337' title='bbox 395 3076 574 3140; x_wconf 89' lang='lat' dir='ltr'><strong>Tunc</strong></span> <span class='ocrx_word' id='word_1_338' title='bbox 596 3077 739 3139; x_wconf 84' lang='lat' dir='ltr'><strong>dixit</strong></span> <span class='ocrx_word' id='word_1_339' title='bbox 762 3079 1084 3158; x_wconf 90' lang='lat' dir='ltr'><strong>imperator</strong></span> <span class='ocrx_word' id='word_1_340' title='bbox 1116 3079 1211 3140; x_wconf 85' lang='lat' dir='ltr'><strong>ira</strong></span> <span class='ocrx_word' id='word_1_341' title='bbox 1235 3079 1467 3159; x_wconf 91' lang='lat' dir='ltr'><strong>plenus:</strong></span> <span class='ocrx_word' id='word_1_342' title='bbox 1505 3081 1797 3155; x_wconf 85' lang='lat' dir='ltr'><strong>Quoniam</strong></span> 
     </span>
    </p>
   </div>
   <div class='ocr_carea' id='block_1_49' title="bbox 1881 1909 3520 1998">
    <p class='ocr_par' dir='ltr' id='par_1_49' title="bbox 1881 1909 3520 1998">
     <span class='ocr_line' id='line_1_49' title="bbox 1881 1909 3520 1998; baseline 0.007 -26"><span class='ocrx_word' id='word_1_343' title='bbox 1881 1922 2094 1972; x_wconf 90' lang='lat' dir='ltr'><strong>nantes</strong></span> <span class='ocrx_word' id='word_1_344' title='bbox 2115 1909 2288 1971; x_wconf 92' lang='lat' dir='ltr'><strong>simul</strong></span> <span class='ocrx_word' id='word_1_345' title='bbox 2321 1929 2452 1972; x_wconf 91' lang='lat' dir='ltr'><strong>cum</strong></span> <span class='ocrx_word' id='word_1_346' title='bbox 2482 1911 2555 1974; x_wconf 89' lang='lat' dir='ltr'><strong>iis</strong></span> <span class='ocrx_word' id='word_1_347' title='bbox 2579 1920 2678 1993; x_wconf 89' lang='lat' dir='ltr'><strong>qui</strong></span> <span class='ocrx_word' id='word_1_348' title='bbox 2703 1915 2956 1979; x_wconf 90' lang='lat' dir='ltr'><strong>adorant</strong></span> <span class='ocrx_word' id='word_1_349' title='bbox 2984 1919 3327 1998; x_wconf 85' lang='lat' dir='ltr'><strong>simulacra,</strong></span> <span class='ocrx_word' id='word_1_350' title='bbox 3355 1922 3520 1986; x_wconf 83' lang='lat' dir='ltr'><strong>abdi-</strong></span> 
     </span>
    </p>
   </div>
   <div class='ocr_carea' id='block_1_50' title="bbox 1881 1999 3516 2090">
    <p class='ocr_par' dir='ltr' id='par_1_50' title="bbox 1881 1999 3516 2090">
     <span class='ocr_line' id='line_1_50' title="bbox 1881 1999 3516 2090; baseline 0.009 -30"><span class='ocrx_word' id='word_1_351' title='bbox 1881 2007 1997 2074; x_wconf 85' lang='lat' dir='ltr'><strong>cat,</strong></span> <span class='ocrx_word' id='word_1_352' title='bbox 2028 2017 2247 2078; x_wconf 86' lang='lat' dir='ltr'><strong>eosque</strong></span> <span class='ocrx_word' id='word_1_353' title='bbox 2275 1999 2524 2090; x_wconf 78' lang='lat' dir='ltr'><strong>vinculis</strong></span> <span class='ocrx_word' id='word_1_354' title='bbox 2572 2001 2804 2080; x_wconf 86' lang='lat' dir='ltr'><strong>ligatos,</strong></span> <span class='ocrx_word' id='word_1_355' title='bbox 2840 2007 3013 2068; x_wconf 89' lang='lat' dir='ltr'><strong>tradit</strong></span> <span class='ocrx_word' id='word_1_356' title='bbox 3056 2010 3175 2089; x_wconf 88' lang='lat' dir='ltr'><strong>igni</strong></span> <span class='ocrx_word' id='word_1_357' title='bbox 3203 2011 3516 2090; x_wconf 76' lang='lat' dir='ltr'><strong>gehennae,</strong></span> 
     </span>
    </p>
   </div>
   <div class='ocr_carea' id='block_1_51' title="bbox 1882 2088 3523 2182">
    <p class='ocr_par' dir='ltr' id='par_1_51' title="bbox 1882 2088 3523 2182">
     <span class='ocr_line' id='line_1_51' title="bbox 1882 2088 3523 2182; baseline 0.01 -35"><span class='ocrx_word' id='word_1_358' title='bbox 1882 2097 2196 2182; x_wconf 81' lang='lat' dir='ltr'><strong>propterea</strong></span> <span class='ocrx_word' id='word_1_359' title='bbox 2227 2088 2397 2182; x_wconf 16' lang='lat' dir='ltr'><strong>quod,</strong></span> <span class='ocrx_word' id='word_1_360' title='bbox 2417 2107 2536 2182; x_wconf 80' lang='lat' dir='ltr'><strong>non</strong></span> <span class='ocrx_word' id='word_1_361' title='bbox 2566 2104 2930 2170; x_wconf 90' lang='lat' dir='ltr'><strong>agnoverunt</strong></span> <span class='ocrx_word' id='word_1_362' title='bbox 2961 2088 3160 2161; x_wconf 87' lang='lat' dir='ltr'><strong>verum</strong></span> <span class='ocrx_word' id='word_1_363' title='bbox 3180 2088 3390 2178; x_wconf 82' lang='lat' dir='ltr'><strong>Deum,</strong></span> <span class='ocrx_word' id='word_1_364' title='bbox 3419 2102 3523 2182; x_wconf 89' lang='lat' dir='ltr'><strong>qui</strong></span> 
     </span>
    </p>
   </div>
   <div class='ocr_carea' id='block_1_52' title="bbox 1878 2175 3522 2269">
    <p class='ocr_par' dir='ltr' id='par_1_52' title="bbox 1878 2175 3522 2269">
     <span class='ocr_line' id='line_1_52' title="bbox 1878 2175 3522 2269; baseline 0.009 -31"><span class='ocrx_word' id='word_1_365' title='bbox 1878 2177 2017 2240; x_wconf 86' lang='lat' dir='ltr'><strong>fecit</strong></span> <span class='ocrx_word' id='word_1_366' title='bbox 2047 2177 2232 2258; x_wconf 89' lang='lat' dir='ltr'><strong>ipsos.</strong></span> <span class='ocrx_word' id='word_1_367' title='bbox 2267 2175 2426 2269; x_wconf 85' lang='lat' dir='ltr'><strong>Dixit</strong></span> <span class='ocrx_word' id='word_1_368' title='bbox 2456 2178 2822 2269; x_wconf 87' lang='lat' dir='ltr'><strong>imperator:</strong></span> <span class='ocrx_word' id='word_1_369' title='bbox 2861 2184 3086 2269; x_wconf 90' lang='lat' dir='ltr'><strong>Corpus</strong></span> <span class='ocrx_word' id='word_1_370' title='bbox 3117 2197 3282 2252; x_wconf 90' lang='lat' dir='ltr'><strong>tuum</strong></span> <span class='ocrx_word' id='word_1_371' title='bbox 3315 2175 3522 2252; x_wconf 76' lang='lat' dir='ltr'><strong>rursus</strong></span> 
     </span>
    </p>
   </div>
   <div class='ocr_carea' id='block_1_53' title="bbox 1881 2267 3522 2354">
    <p class='ocr_par' dir='ltr' id='par_1_53' title="bbox 1881 2267 3522 2354">
     <span class='ocr_line' id='line_1_53' title="bbox 1881 2267 3522 2354; baseline 0.009 -26"><span class='ocrx_word' id='word_1_372' title='bbox 1881 2286 2225 2328; x_wconf 86' lang='lat' dir='ltr'><strong>consumam</strong></span> <span class='ocrx_word' id='word_1_373' title='bbox 2247 2267 2580 2347; x_wconf 90' lang='lat' dir='ltr'><strong>suppliciis.</strong></span> <span class='ocrx_word' id='word_1_374' title='bbox 2610 2269 2930 2338; x_wconf 84' lang='lat' dir='ltr'><strong>Videamus</strong></span> <span class='ocrx_word' id='word_1_375' title='bbox 2950 2267 3247 2354; x_wconf 82' lang='lat' dir='ltr'><strong>autem,an</strong></span> <span class='ocrx_word' id='word_1_376' title='bbox 3273 2287 3328 2342; x_wconf 92' lang='lat' dir='ltr'><strong>te</strong></span> <span class='ocrx_word' id='word_1_377' title='bbox 3351 2289 3522 2344; x_wconf 90' lang='lat' dir='ltr'><strong>curet</strong></span> 
     </span>
    </p>
   </div>
   <div class='ocr_carea' id='block_1_54' title="bbox 1882 2357 3517 2438">
    <p class='ocr_par' dir='ltr' id='par_1_54' title="bbox 1882 2357 3517 2438">
     <span class='ocr_line' id='line_1_54' title="bbox 1882 2357 3517 2438; baseline 0.008 -17"><span class='ocrx_word' id='word_1_378' title='bbox 1882 2357 2150 2421; x_wconf 75' lang='lat' dir='ltr'><strong>Chiistus</strong></span> <span class='ocrx_word' id='word_1_379' title='bbox 2179 2364 2337 2431; x_wconf 91' lang='lat' dir='ltr'><strong>tuus,</strong></span> <span class='ocrx_word' id='word_1_380' title='bbox 2375 2376 2551 2438; x_wconf 90' lang='lat' dir='ltr'><strong>quem</strong></span> <span class='ocrx_word' id='word_1_381' title='bbox 2583 2362 2907 2426; x_wconf 83' lang='lat' dir='ltr'><strong>conﬁteris.</strong></span> <span class='ocrx_word' id='word_1_382' title='bbox 2961 2366 3120 2430; x_wconf 82' lang='lat' dir='ltr'><strong>Dixit</strong></span> <span class='ocrx_word' id='word_1_383' title='bbox 3151 2370 3517 2436; x_wconf 82' lang='lat' dir='ltr'><strong>Mercurius:</strong></span> 
     </span>
    </p>
   </div>
   <div class='ocr_carea' id='block_1_55' title="bbox 1880 2445 3520 2540">
    <p class='ocr_par' dir='ltr' id='par_1_55' title="bbox 1880 2445 3520 2540">
     <span class='ocr_line' id='line_1_55' title="bbox 1880 2445 3520 2540; baseline 0.008 -31"><span class='ocrx_word' id='word_1_384' title='bbox 1880 2445 2072 2509; x_wconf 90' lang='lat' dir='ltr'><strong>Credo</strong></span> <span class='ocrx_word' id='word_1_385' title='bbox 2107 2445 2166 2508; x_wconf 94' lang='lat' dir='ltr'><strong>in</strong></span> <span class='ocrx_word' id='word_1_386' title='bbox 2192 2445 2508 2540; x_wconf 80' lang='lat' dir='ltr'><strong>Dominum</strong></span> <span class='ocrx_word' id='word_1_387' title='bbox 2543 2467 2740 2540; x_wconf 83' lang='lat' dir='ltr'><strong>meum</strong></span> <span class='ocrx_word' id='word_1_388' title='bbox 2773 2451 2978 2516; x_wconf 81' lang='lat' dir='ltr'><strong>Jesum</strong></span> <span class='ocrx_word' id='word_1_389' title='bbox 3011 2455 3336 2539; x_wconf 84' lang='lat' dir='ltr'><strong>Christum,</strong></span> <span class='ocrx_word' id='word_1_390' title='bbox 3358 2459 3520 2540; x_wconf 89' lang='lat' dir='ltr'><strong>quod</strong></span> 
     </span>
    </p>
   </div>
   <div class='ocr_carea' id='block_1_56' title="bbox 1881 2536 3522 2626">
    <p class='ocr_par' dir='ltr' id='par_1_56' title="bbox 1881 2536 3522 2626">
     <span class='ocr_line' id='line_1_56' title="bbox 1881 2536 3522 2626; baseline 0.01 -31"><span class='ocrx_word' id='word_1_391' title='bbox 1881 2554 2275 2626; x_wconf 65' lang='lat' dir='ltr'><strong>quaecumque</strong></span> <span class='ocrx_word' id='word_1_392' title='bbox 2307 2536 2452 2626; x_wconf 81' lang='lat' dir='ltr'><strong>mihi</strong></span> <span class='ocrx_word' id='word_1_393' title='bbox 2479 2537 2750 2602; x_wconf 88' lang='lat' dir='ltr'><strong>intuleris</strong></span> <span class='ocrx_word' id='word_1_394' title='bbox 2772 2544 3210 2624; x_wconf 89' lang='lat' dir='ltr'><strong>supplicia,non</strong></span> <span class='ocrx_word' id='word_1_395' title='bbox 3239 2536 3406 2626; x_wconf 78' lang='lat' dir='ltr'><strong>potes</strong></span> <span class='ocrx_word' id='word_1_396' title='bbox 3426 2567 3522 2610; x_wconf 85' lang='lat' dir='ltr'><strong>me</strong></span> 
     </span>
    </p>
   </div>
   <div class='ocr_carea' id='block_1_57' title="bbox 1883 2625 3524 2706">
    <p class='ocr_par' dir='ltr' id='par_1_57' title="bbox 1883 2625 3524 2706">
     <span class='ocr_line' id='line_1_57' title="bbox 1883 2625 3524 2706; baseline 0.009 -20"><span class='ocrx_word' id='word_1_397' title='bbox 1883 2625 2103 2706; x_wconf 86' lang='lat' dir='ltr'><strong>injuria</strong></span> <span class='ocrx_word' id='word_1_398' title='bbox 2131 2626 2394 2688; x_wconf 84' lang='lat' dir='ltr'><strong>afﬁcere.</strong></span> <span class='ocrx_word' id='word_1_399' title='bbox 2429 2625 2563 2705; x_wconf 90' lang='lat' dir='ltr'><strong>Ipse</strong></span> <span class='ocrx_word' id='word_1_400' title='bbox 2595 2629 2752 2690; x_wconf 90' lang='lat' dir='ltr'><strong>enim</strong></span> <span class='ocrx_word' id='word_1_401' title='bbox 2786 2632 2933 2695; x_wconf 92' lang='lat' dir='ltr'><strong>dixit</strong></span> <span class='ocrx_word' id='word_1_402' title='bbox 2965 2655 2979 2696; x_wconf 92' lang='lat'><strong>:</strong></span> <span class='ocrx_word' id='word_1_403' title='bbox 3033 2657 3057 2693; x_wconf 75' lang='grc' dir='ltr'>ι</span> <span class='ocrx_word' id='word_1_404' title='bbox 3087 2625 3281 2699; x_wconf 88' lang='lat' dir='ltr'><strong>Nolite</strong></span> <span class='ocrx_word' id='word_1_405' title='bbox 3311 2635 3524 2701; x_wconf 90' lang='lat' dir='ltr'><strong>timere</strong></span> 
     </span>
    </p>
   </div>
   <div class='ocr_carea' id='block_1_58' title="bbox 1883 2715 3525 2807">
    <p class='ocr_par' dir='ltr' id='par_1_58' title="bbox 1883 2715 3525 2807">
     <span class='ocr_line' id='line_1_58' title="bbox 1883 2715 3525 2807; baseline 0.009 -31"><span class='ocrx_word' id='word_1_406' title='bbox 1883 2734 2013 2790; x_wconf 92' lang='lat' dir='ltr'><strong>eos,</strong></span> <span class='ocrx_word' id='word_1_407' title='bbox 2041 2715 2392 2807; x_wconf 70' lang='lat' dir='ltr'><strong>quicorpus</strong></span> <span class='ocrx_word' id='word_1_408' title='bbox 2415 2717 2714 2807; x_wconf 89' lang='lat' dir='ltr'><strong>occidunt:</strong></span> <span class='ocrx_word' id='word_1_409' title='bbox 2749 2721 3005 2785; x_wconf 89' lang='lat' dir='ltr'><strong>animam</strong></span> <span class='ocrx_word' id='word_1_410' title='bbox 3035 2733 3230 2786; x_wconf 89' lang='lat' dir='ltr'><strong>autem</strong></span> <span class='ocrx_word' id='word_1_411' title='bbox 3257 2745 3374 2789; x_wconf 88' lang='lat' dir='ltr'><strong>non</strong></span> <span class='ocrx_word' id='word_1_412' title='bbox 3401 2745 3525 2807; x_wconf 90' lang='lat' dir='ltr'><strong>pos-</strong></span> 
     </span>
    </p>
   </div>
   <div class='ocr_carea' id='block_1_59' title="bbox 1883 2803 3525 2898">
    <p class='ocr_par' dir='ltr' id='par_1_59' title="bbox 1883 2803 3525 2898">
     <span class='ocr_line' id='line_1_59' title="bbox 1883 2803 3525 2898; baseline 0.007 -32"><span class='ocrx_word' id='word_1_413' title='bbox 1883 2813 2020 2898; x_wconf 84' lang='lat' dir='ltr'><strong>sunt</strong></span> <span class='ocrx_word' id='word_1_414' title='bbox 2045 2803 2322 2866; x_wconf 89' lang='lat' dir='ltr'><strong>occidere</strong></span> <span class='ocrx_word' id='word_1_415' title='bbox 2352 2823 2366 2880; x_wconf 91' lang='lat'><strong>;</strong></span> <span class='ocrx_word' id='word_1_416' title='bbox 2404 2806 2510 2868; x_wconf 89' lang='lat' dir='ltr'><strong>sed</strong></span> <span class='ocrx_word' id='word_1_417' title='bbox 2548 2826 2683 2898; x_wconf 91' lang='lat' dir='ltr'><strong>eum</strong></span> <span class='ocrx_word' id='word_1_418' title='bbox 2717 2810 2920 2874; x_wconf 91' lang='lat' dir='ltr'><strong>timete</strong></span> <span class='ocrx_word' id='word_1_419' title='bbox 2953 2813 3170 2894; x_wconf 91' lang='lat' dir='ltr'><strong>potius,</strong></span> <span class='ocrx_word' id='word_1_420' title='bbox 3202 2815 3303 2896; x_wconf 89' lang='lat' dir='ltr'><strong>qui</strong></span> <span class='ocrx_word' id='word_1_421' title='bbox 3332 2803 3525 2898; x_wconf 80' lang='lat' dir='ltr'><strong>potest</strong></span> 
     </span>
    </p>
   </div>
   <div class='ocr_carea' id='block_1_60' title="bbox 1883 2893 3524 2986">
    <p class='ocr_par' dir='ltr' id='par_1_60' title="bbox 1883 2893 3524 2986">
     <span class='ocr_line' id='line_1_60' title="bbox 1883 2893 3524 2986; baseline 0.01 -32"><span class='ocrx_word' id='word_1_422' title='bbox 1883 2893 2141 2956; x_wconf 88' lang='lat' dir='ltr'><strong>animam</strong></span> <span class='ocrx_word' id='word_1_423' title='bbox 2197 2901 2253 2956; x_wconf 92' lang='lat' dir='ltr'><strong>et</strong></span> <span class='ocrx_word' id='word_1_424' title='bbox 2279 2913 2498 2976; x_wconf 87' lang='lat' dir='ltr'><strong>corpus</strong></span> <span class='ocrx_word' id='word_1_425' title='bbox 2529 2897 2782 2977; x_wconf 91' lang='lat' dir='ltr'><strong>perdere</strong></span> <span class='ocrx_word' id='word_1_426' title='bbox 2825 2901 2887 2962; x_wconf 94' lang='lat' dir='ltr'><strong>in</strong></span> <span class='ocrx_word' id='word_1_427' title='bbox 2930 2893 3261 2979; x_wconf 45' lang='lat' dir='ltr'><strong>gehennal</strong></span> <span class='ocrx_word' id='word_1_428' title='bbox 3292 2925 3306 2968; x_wconf 89' lang='lat'><strong>:</strong></span> <span class='ocrx_word' id='word_1_429' title='bbox 3334 2893 3384 2961; x_wconf 64' lang='grc' dir='ltr'>ἰ</span> <span class='ocrx_word' id='word_1_430' title='bbox 3422 2906 3524 2986; x_wconf 88' lang='lat' dir='ltr'><strong>qui</strong></span> 
     </span>
    </p>
   </div>
   <div class='ocr_carea' id='block_1_61' title="bbox 1883 2991 3526 3064">
    <p class='ocr_par' dir='ltr' id='par_1_61' title="bbox 1883 2991 3526 3064">
     <span class='ocr_line' id='line_1_61' title="bbox 1883 2991 3526 3064; baseline 0.007 -18"><span class='ocrx_word' id='word_1_431' title='bbox 1883 2991 2013 3064; x_wconf 92' lang='lat' dir='ltr'><strong>post</strong></span> <span class='ocrx_word' id='word_1_432' title='bbox 2044 2992 2292 3045; x_wconf 89' lang='lat' dir='ltr'><strong>mortem</strong></span> <span class='ocrx_word' id='word_1_433' title='bbox 2331 3003 2424 3046; x_wconf 92' lang='lat' dir='ltr'><strong>me</strong></span> <span class='ocrx_word' id='word_1_434' title='bbox 2459 3002 2664 3049; x_wconf 87' lang='lat' dir='ltr'><strong>rursus</strong></span> <span class='ocrx_word' id='word_1_435' title='bbox 2715 2991 3024 3053; x_wconf 89' lang='lat' dir='ltr'><strong>suscitabit</strong></span> <span class='ocrx_word' id='word_1_436' title='bbox 3055 2991 3116 3054; x_wconf 88' lang='lat' dir='ltr'><strong>id</strong></span> <span class='ocrx_word' id='word_1_437' title='bbox 3144 2992 3398 3057; x_wconf 88' lang='lat' dir='ltr'><strong>terribili</strong></span> <span class='ocrx_word' id='word_1_438' title='bbox 3426 2996 3526 3058; x_wconf 90' lang='lat' dir='ltr'><strong>die</strong></span> 
     </span>
    </p>
   </div>
   <div class='ocr_carea' id='block_1_62' title="bbox 1875 3072 2290 3154">
    <p class='ocr_par' dir='ltr' id='par_1_62' title="bbox 1875 3072 2290 3154">
     <span class='ocr_line' id='line_1_62' title="bbox 1875 3072 2290 3154; baseline -0.002 -19"><span class='ocrx_word' id='word_1_439' title='bbox 1875 3072 2022 3154; x_wconf 89' lang='lat' dir='ltr'><strong>justi</strong></span> <span class='ocrx_word' id='word_1_440' title='bbox 2047 3073 2290 3152; x_wconf 87' lang='lat' dir='ltr'><strong>judicii.</strong></span> 
     </span>
    </p>
   </div>
   <div class='ocr_carea' id='block_1_63' title="bbox 167 3161 3523 3254">
    <p class='ocr_par' dir='ltr' id='par_1_63' title="bbox 167 3161 3523 3254">
     <span class='ocr_line' id='line_1_63' title="bbox 167 3161 3523 3254; baseline 0.004 -30"><span class='ocrx_word' id='word_1_441' title='bbox 167 3164 293 3228; x_wconf 86' lang='lat' dir='ltr'><strong>dicis</strong></span> <span class='ocrx_word' id='word_1_442' title='bbox 321 3177 376 3228; x_wconf 87' lang='lat' dir='ltr'><strong>te</strong></span> <span class='ocrx_word' id='word_1_443' title='bbox 407 3167 641 3229; x_wconf 86' lang='lat' dir='ltr'><strong>habere</strong></span> <span class='ocrx_word' id='word_1_444' title='bbox 674 3167 910 3228; x_wconf 85' lang='lat' dir='ltr'><strong>loricam</strong></span> <span class='ocrx_word' id='word_1_445' title='bbox 945 3168 1082 3229; x_wconf 82' lang='lat' dir='ltr'><strong>ﬁdei</strong></span> <span class='ocrx_word' id='word_1_446' title='bbox 1116 3177 1172 3230; x_wconf 90' lang='lat' dir='ltr'><strong>et</strong></span> <span class='ocrx_word' id='word_1_447' title='bbox 1203 3169 1498 3250; x_wconf 87' lang='lat' dir='ltr'><strong>clypeum,</strong></span> <span class='ocrx_word' id='word_1_448' title='bbox 1519 3171 1706 3250; x_wconf 88' lang='lat' dir='ltr'><strong>jubeo</strong></span> <span class='ocrx_word' id='word_1_449' title='bbox 1742 3162 1858 3232; x_wconf 83' lang='lat' dir='ltr'><strong>teC</strong></span> <span class='ocrx_word' id='word_1_450' title='bbox 1960 3161 2027 3224; x_wconf 86' lang='lat' dir='ltr'><strong>X.</strong></span> <span class='ocrx_word' id='word_1_451' title='bbox 2049 3162 2190 3226; x_wconf 86' lang='lat' dir='ltr'><strong>Cum</strong></span> <span class='ocrx_word' id='word_1_452' title='bbox 2212 3170 2405 3254; x_wconf 84' lang='lat' dir='ltr'><strong>autem</strong></span> <span class='ocrx_word' id='word_1_453' title='bbox 2435 3170 2810 3245; x_wconf 88' lang='lat' dir='ltr'><strong>torqueretur</strong></span> <span class='ocrx_word' id='word_1_454' title='bbox 2828 3177 2884 3230; x_wconf 91' lang='lat' dir='ltr'><strong>et</strong></span> <span class='ocrx_word' id='word_1_455' title='bbox 2902 3181 3176 3237; x_wconf 89' lang='lat' dir='ltr'><strong>ureretur</strong></span> <span class='ocrx_word' id='word_1_456' title='bbox 3198 3192 3523 3254; x_wconf 84' lang='lat' dir='ltr'><strong>generosus</strong></span> 
     </span>
    </p>
   </div>
   <div class='ocr_carea' id='block_1_64' title="bbox 167 3255 1800 3338">
    <p class='ocr_par' dir='ltr' id='par_1_64' title="bbox 167 3255 1800 3338">
     <span class='ocr_line' id='line_1_64' title="bbox 167 3255 1800 3338; baseline 0.004 -24"><span class='ocrx_word' id='word_1_457' title='bbox 167 3255 360 3318; x_wconf 90' lang='lat' dir='ltr'><strong>nudum</strong></span> <span class='ocrx_word' id='word_1_458' title='bbox 384 3257 632 3319; x_wconf 80' lang='lat' dir='ltr'><strong>extendi</strong></span> <span class='ocrx_word' id='word_1_459' title='bbox 655 3257 725 3318; x_wconf 89' lang='lat' dir='ltr'><strong>ad</strong></span> <span class='ocrx_word' id='word_1_460' title='bbox 750 3267 1001 3338; x_wconf 88' lang='lat' dir='ltr'><strong>quatuor</strong></span> <span class='ocrx_word' id='word_1_461' title='bbox 1025 3258 1214 3338; x_wconf 85' lang='lat' dir='ltr'><strong>palos,</strong></span> <span class='ocrx_word' id='word_1_462' title='bbox 1245 3269 1301 3319; x_wconf 93' lang='lat' dir='ltr'><strong>et</strong></span> <span class='ocrx_word' id='word_1_463' title='bbox 1327 3259 1650 3321; x_wconf 88' lang='lat' dir='ltr'><strong>sublimem</strong></span> <span class='ocrx_word' id='word_1_464' title='bbox 1674 3259 1800 3320; x_wconf 90' lang='lat' dir='ltr'><strong>tolli</strong></span> 
     </span>
    </p>
   </div>
   <div class='ocr_carea' id='block_1_65' title="bbox 164 3346 1797 3429">
    <p class='ocr_par' dir='ltr' id='par_1_65' title="bbox 164 3346 1797 3429">
     <span class='ocr_line' id='line_1_65' title="bbox 164 3346 1797 3429; baseline 0.004 -26"><span class='ocrx_word' id='word_1_465' title='bbox 164 3353 368 3407; x_wconf 87' lang='lat' dir='ltr'><strong>aterra.</strong></span> <span class='ocrx_word' id='word_1_466' title='bbox 401 3349 562 3410; x_wconf 92' lang='lat' dir='ltr'><strong>Cum</strong></span> <span class='ocrx_word' id='word_1_467' title='bbox 594 3346 706 3408; x_wconf 88' lang='lat' dir='ltr'><strong>hoc</strong></span> <span class='ocrx_word' id='word_1_468' title='bbox 736 3355 932 3408; x_wconf 89' lang='lat' dir='ltr'><strong>autem</strong></span> <span class='ocrx_word' id='word_1_469' title='bbox 961 3346 1184 3409; x_wconf 88' lang='lat' dir='ltr'><strong>factum</strong></span> <span class='ocrx_word' id='word_1_470' title='bbox 1222 3359 1399 3428; x_wconf 86' lang='lat' dir='ltr'><strong>esset,</strong></span> <span class='ocrx_word' id='word_1_471' title='bbox 1430 3347 1572 3410; x_wconf 88' lang='lat' dir='ltr'><strong>dicit</strong></span> <span class='ocrx_word' id='word_1_472' title='bbox 1602 3349 1797 3429; x_wconf 81' lang='lat' dir='ltr'><strong>impe-</strong></span> 
     </span>
    </p>
   </div>
   <div class='ocr_carea' id='block_1_66' title="bbox 165 3434 1796 3500">
    <p class='ocr_par' dir='ltr' id='par_1_66' title="bbox 165 3434 1796 3500">
     <span class='ocr_line' id='line_1_66' title="bbox 165 3434 1796 3500; baseline 0.004 -7"><span class='ocrx_word' id='word_1_473' title='bbox 165 3444 320 3498; x_wconf 63' lang='lat' dir='ltr'><strong>rator:</strong></span> <span class='ocrx_word' id='word_1_474' title='bbox 348 3434 458 3499; x_wconf 85' lang='lat' dir='ltr'><strong>Ubi</strong></span> <span class='ocrx_word' id='word_1_475' title='bbox 488 3444 636 3497; x_wconf 85' lang='lat' dir='ltr'><strong>sunt</strong></span> <span class='ocrx_word' id='word_1_476' title='bbox 655 3453 816 3497; x_wconf 90' lang='lat' dir='ltr'><strong>arma</strong></span> <span class='ocrx_word' id='word_1_477' title='bbox 841 3444 938 3497; x_wconf 89' lang='lat' dir='ltr'><strong>tua</strong></span> <span class='ocrx_word' id='word_1_478' title='bbox 960 3435 1219 3498; x_wconf 87' lang='lat' dir='ltr'><strong>bellica?</strong></span> <span class='ocrx_word' id='word_1_479' title='bbox 1243 3436 1355 3498; x_wconf 83' lang='lat' dir='ltr'><strong>Per</strong></span> <span class='ocrx_word' id='word_1_480' title='bbox 1372 3436 1578 3500; x_wconf 87' lang='lat' dir='ltr'><strong>Jovem</strong></span> <span class='ocrx_word' id='word_1_481' title='bbox 1606 3439 1796 3500; x_wconf 84' lang='lat' dir='ltr'><strong>maxi-</strong></span> 
     </span>
    </p>
   </div>
   <div class='ocr_carea' id='block_1_67' title="bbox 169 3525 1796 3590">
    <p class='ocr_par' dir='ltr' id='par_1_67' title="bbox 169 3525 1796 3590">
     <span class='ocr_line' id='line_1_67' title="bbox 169 3525 1796 3590; baseline 0.004 -7"><span class='ocrx_word' id='word_1_482' title='bbox 169 3542 302 3585; x_wconf 88' lang='lat' dir='ltr'><strong>mum</strong></span> <span class='ocrx_word' id='word_1_483' title='bbox 331 3525 590 3587; x_wconf 89' lang='lat' dir='ltr'><strong>deorum</strong></span> <span class='ocrx_word' id='word_1_484' title='bbox 619 3525 786 3586; x_wconf 85' lang='lat' dir='ltr'><strong>valde</strong></span> <span class='ocrx_word' id='word_1_485' title='bbox 818 3525 979 3587; x_wconf 80' lang='lat' dir='ltr'><strong>fuisti</strong></span> <span class='ocrx_word' id='word_1_486' title='bbox 1002 3536 1303 3589; x_wconf 86' lang='lat' dir='ltr'><strong>extensus.</strong></span> <span class='ocrx_word' id='word_1_487' title='bbox 1325 3525 1578 3589; x_wconf 87' lang='lat' dir='ltr'><strong>Sanctus</strong></span> <span class='ocrx_word' id='word_1_488' title='bbox 1600 3537 1796 3590; x_wconf 87' lang='lat' dir='ltr'><strong>autem</strong></span> 
     </span>
    </p>
   </div>
   <div class='ocr_carea' id='block_1_68' title="bbox 166 3612 1798 3696">
    <p class='ocr_par' dir='ltr' id='par_1_68' title="bbox 166 3612 1798 3696">
     <span class='ocr_line' id='line_1_68' title="bbox 166 3612 1798 3696; baseline 0.006 -26"><span class='ocrx_word' id='word_1_489' title='bbox 166 3612 492 3686; x_wconf 71' lang='lat' dir='ltr'><strong>Mercurius,</strong></span> <span class='ocrx_word' id='word_1_490' title='bbox 518 3615 586 3676; x_wconf 88' lang='lat' dir='ltr'><strong>in</strong></span> <span class='ocrx_word' id='word_1_491' title='bbox 605 3615 816 3677; x_wconf 73' lang='lat' dir='ltr'><strong>(&#39;(Blum</strong></span> <span class='ocrx_word' id='word_1_492' title='bbox 845 3615 1355 3696; x_wconf 84' lang='lat' dir='ltr'><strong>aspiciens,dixit:</strong></span> <span class='ocrx_word' id='word_1_493' title='bbox 1384 3615 1634 3678; x_wconf 87' lang='lat' dir='ltr'><strong>Domine</strong></span> <span class='ocrx_word' id='word_1_494' title='bbox 1657 3617 1798 3680; x_wconf 86' lang='lat' dir='ltr'><strong>.lesu</strong></span> 
     </span>
    </p>
   </div>
   <div class='ocr_carea' id='block_1_69' title="bbox 166 3704 1796 3787">
    <p class='ocr_par' dir='ltr' id='par_1_69' title="bbox 166 3704 1796 3787">
     <span class='ocr_line' id='line_1_69' title="bbox 166 3704 1796 3787; baseline 0.002 -23"><span class='ocrx_word' id='word_1_495' title='bbox 166 3704 391 3778; x_wconf 86' lang='lat' dir='ltr'><strong>Christe,</strong></span> <span class='ocrx_word' id='word_1_496' title='bbox 423 3706 516 3766; x_wconf 90' lang='lat' dir='ltr'><strong>fer</strong></span> <span class='ocrx_word' id='word_1_497' title='bbox 551 3723 722 3781; x_wconf 91' lang='lat' dir='ltr'><strong>opem</strong></span> <span class='ocrx_word' id='word_1_498' title='bbox 754 3722 927 3766; x_wconf 89' lang='lat' dir='ltr'><strong>servo</strong></span> <span class='ocrx_word' id='word_1_499' title='bbox 965 3714 1092 3766; x_wconf 93' lang='lat' dir='ltr'><strong>tuo.</strong></span> <span class='ocrx_word' id='word_1_500' title='bbox 1129 3704 1354 3767; x_wconf 83' lang='lat' dir='ltr'><strong>Rursus</strong></span> <span class='ocrx_word' id='word_1_501' title='bbox 1379 3706 1559 3786; x_wconf 85' lang='lat' dir='ltr'><strong>jussit</strong></span> <span class='ocrx_word' id='word_1_502' title='bbox 1603 3708 1796 3787; x_wconf 90' lang='lat' dir='ltr'><strong>impe-</strong></span> 
     </span>
    </p>
   </div>
   <div class='ocr_carea' id='block_1_70' title="bbox 164 3792 1799 3876">
    <p class='ocr_par' dir='ltr' id='par_1_70' title="bbox 164 3792 1799 3876">
     <span class='ocr_line' id='line_1_70' title="bbox 164 3792 1799 3876; baseline 0.005 -26"><span class='ocrx_word' id='word_1_503' title='bbox 164 3801 301 3854; x_wconf 85' lang='lat' dir='ltr'><strong>rator</strong></span> <span class='ocrx_word' id='word_1_504' title='bbox 343 3803 522 3855; x_wconf 90' lang='lat' dir='ltr'><strong>acuto</strong></span> <span class='ocrx_word' id='word_1_505' title='bbox 559 3792 750 3872; x_wconf 87' lang='lat' dir='ltr'><strong>gladio</strong></span> <span class='ocrx_word' id='word_1_506' title='bbox 793 3794 991 3857; x_wconf 84' lang='lat' dir='ltr'><strong>scindi</strong></span> <span class='ocrx_word' id='word_1_507' title='bbox 1047 3796 1177 3874; x_wconf 88' lang='lat' dir='ltr'><strong>ejus</strong></span> <span class='ocrx_word' id='word_1_508' title='bbox 1208 3813 1445 3875; x_wconf 90' lang='lat' dir='ltr'><strong>corpus,</strong></span> <span class='ocrx_word' id='word_1_509' title='bbox 1481 3803 1542 3858; x_wconf 82' lang='lat' dir='ltr'><strong>et</strong></span> <span class='ocrx_word' id='word_1_510' title='bbox 1593 3806 1799 3876; x_wconf 91' lang='lat' dir='ltr'><strong>postea</strong></span> 
     </span>
    </p>
   </div>
   <div class='ocr_carea' id='block_1_71' title="bbox 163 3881 1795 3964">
    <p class='ocr_par' dir='ltr' id='par_1_71' title="bbox 163 3881 1795 3964">
     <span class='ocr_line' id='line_1_71' title="bbox 163 3881 1795 3964; baseline 0.003 -24"><span class='ocrx_word' id='word_1_511' title='bbox 163 3881 333 3958; x_wconf 89' lang='lat' dir='ltr'><strong>ignem</strong></span> <span class='ocrx_word' id='word_1_512' title='bbox 376 3883 656 3944; x_wconf 87' lang='lat' dir='ltr'><strong>subterni</strong></span> <span class='ocrx_word' id='word_1_513' title='bbox 689 3894 754 3944; x_wconf 89' lang='lat' dir='ltr'><strong>ut</strong></span> <span class='ocrx_word' id='word_1_514' title='bbox 809 3884 936 3962; x_wconf 90' lang='lat' dir='ltr'><strong>ipse</strong></span> <span class='ocrx_word' id='word_1_515' title='bbox 995 3885 1275 3964; x_wconf 88' lang='lat' dir='ltr'><strong>paulatim</strong></span> <span class='ocrx_word' id='word_1_516' title='bbox 1310 3893 1601 3947; x_wconf 88' lang='lat' dir='ltr'><strong>ureretur.</strong></span> <span class='ocrx_word' id='word_1_517' title='bbox 1641 3883 1795 3948; x_wconf 89' lang='lat' dir='ltr'><strong>San-</strong></span> 
     </span>
    </p>
   </div>
   <div class='ocr_carea' id='block_1_72' title="bbox 164 3972 1793 4054">
    <p class='ocr_par' dir='ltr' id='par_1_72' title="bbox 164 3972 1793 4054">
     <span class='ocr_line' id='line_1_72' title="bbox 164 3972 1793 4054; baseline 0.004 -23"><span class='ocrx_word' id='word_1_518' title='bbox 164 3972 338 4047; x_wconf 79' lang='lat' dir='ltr'><strong>guinis</strong></span> <span class='ocrx_word' id='word_1_519' title='bbox 383 3983 593 4035; x_wconf 87' lang='lat' dir='ltr'><strong>autem</strong></span> <span class='ocrx_word' id='word_1_520' title='bbox 647 3972 1022 4035; x_wconf 89' lang='lat' dir='ltr'><strong>multitudine</strong></span> <span class='ocrx_word' id='word_1_521' title='bbox 1086 3993 1264 4054; x_wconf 86' lang='lat' dir='ltr'><strong>rogus</strong></span> <span class='ocrx_word' id='word_1_522' title='bbox 1308 3974 1416 4036; x_wconf 85' lang='lat' dir='ltr'><strong>fuit</strong></span> <span class='ocrx_word' id='word_1_523' title='bbox 1476 3975 1793 4038; x_wconf 84' lang='lat' dir='ltr'><strong>extinctus.</strong></span> 
     </span>
    </p>
   </div>
   <div class='ocr_carea' id='block_1_73' title="bbox 163 4061 1794 4140">
    <p class='ocr_par' dir='ltr' id='par_1_73' title="bbox 163 4061 1794 4140">
     <span class='ocr_line' id='line_1_73' title="bbox 163 4061 1794 4140; baseline 0.002 -19"><span class='ocrx_word' id='word_1_524' title='bbox 163 4061 388 4124; x_wconf 86' lang='lat' dir='ltr'><strong>Sanctus</strong></span> <span class='ocrx_word' id='word_1_525' title='bbox 423 4080 573 4124; x_wconf 88' lang='lat' dir='ltr'><strong>vero</strong></span> <span class='ocrx_word' id='word_1_526' title='bbox 604 4061 739 4122; x_wconf 89' lang='lat' dir='ltr'><strong>forti</strong></span> <span class='ocrx_word' id='word_1_527' title='bbox 771 4070 827 4122; x_wconf 90' lang='lat' dir='ltr'><strong>et</strong></span> <span class='ocrx_word' id='word_1_528' title='bbox 870 4081 1159 4140; x_wconf 87' lang='lat' dir='ltr'><strong>generoso</strong></span> <span class='ocrx_word' id='word_1_529' title='bbox 1192 4065 1391 4125; x_wconf 91' lang='lat' dir='ltr'><strong>animo</strong></span> <span class='ocrx_word' id='word_1_530' title='bbox 1425 4064 1650 4126; x_wconf 88' lang='lat' dir='ltr'><strong>ferebat</strong></span> <span class='ocrx_word' id='word_1_531' title='bbox 1681 4065 1794 4125; x_wconf 90' lang='lat' dir='ltr'><strong>hoc</strong></span> 
     </span>
    </p>
   </div>
   <div class='ocr_carea' id='block_1_74' title="bbox 165 4151 1785 4233">
    <p class='ocr_par' dir='ltr' id='par_1_74' title="bbox 165 4151 1785 4233">
     <span class='ocr_line' id='line_1_74' title="bbox 165 4151 1785 4233; baseline 0.004 -26"><span class='ocrx_word' id='word_1_532' title='bbox 165 4157 529 4214; x_wconf 84' lang='lat' dir='ltr'><strong>tcrmentum.</strong></span> <span class='ocrx_word' id='word_1_533' title='bbox 566 4151 780 4213; x_wconf 90' lang='lat' dir='ltr'><strong>Decius</strong></span> <span class='ocrx_word' id='word_1_534' title='bbox 807 4161 1000 4214; x_wconf 92' lang='lat' dir='ltr'><strong>autem</strong></span> <span class='ocrx_word' id='word_1_535' title='bbox 1028 4154 1206 4233; x_wconf 91' lang='lat' dir='ltr'><strong>jussit</strong></span> <span class='ocrx_word' id='word_1_536' title='bbox 1228 4173 1362 4216; x_wconf 90' lang='lat' dir='ltr'><strong>eum</strong></span> <span class='ocrx_word' id='word_1_537' title='bbox 1390 4153 1558 4229; x_wconf 87' lang='lat' dir='ltr'><strong>solvi,</strong></span> <span class='ocrx_word' id='word_1_538' title='bbox 1596 4172 1668 4214; x_wconf 91' lang='lat' dir='ltr'><strong>ne</strong></span> <span class='ocrx_word' id='word_1_539' title='bbox 1700 4155 1785 4214; x_wconf 90' lang='lat' dir='ltr'><strong>ci-</strong></span> 
     </span>
    </p>
   </div>
   <div class='ocr_carea' id='block_1_75' title="bbox 165 4242 1788 4322">
    <p class='ocr_par' dir='ltr' id='par_1_75' title="bbox 165 4242 1788 4322">
     <span class='ocr_line' id='line_1_75' title="bbox 165 4242 1788 4322; baseline 0.005 -25"><span class='ocrx_word' id='word_1_540' title='bbox 165 4245 259 4301; x_wconf 88' lang='lat' dir='ltr'><strong>tius</strong></span> <span class='ocrx_word' id='word_1_541' title='bbox 286 4251 650 4313; x_wconf 89' lang='lat' dir='ltr'><strong>moreretur,</strong></span> <span class='ocrx_word' id='word_1_542' title='bbox 685 4249 744 4302; x_wconf 94' lang='lat' dir='ltr'><strong>et</strong></span> <span class='ocrx_word' id='word_1_543' title='bbox 795 4242 854 4301; x_wconf 92' lang='lat' dir='ltr'><strong>in</strong></span> <span class='ocrx_word' id='word_1_544' title='bbox 885 4244 1135 4322; x_wconf 90' lang='lat' dir='ltr'><strong>quadam</strong></span> <span class='ocrx_word' id='word_1_545' title='bbox 1166 4245 1416 4306; x_wconf 81' lang='lat' dir='ltr'><strong>obscura</strong></span> <span class='ocrx_word' id='word_1_546' title='bbox 1443 4243 1618 4304; x_wconf 82' lang='lat' dir='ltr'><strong>domo</strong></span> <span class='ocrx_word' id='word_1_547' title='bbox 1667 4251 1788 4305; x_wconf 91' lang='lat' dir='ltr'><strong>tuto</strong></span> 
     </span>
    </p>
   </div>
   <div class='ocr_carea' id='block_1_76' title="bbox 163 4326 1788 4412">
    <p class='ocr_par' dir='ltr' id='par_1_76' title="bbox 163 4326 1788 4412">
     <span class='ocr_line' id='line_1_76' title="bbox 163 4326 1788 4412; baseline 0.004 -26"><span class='ocrx_word' id='word_1_548' title='bbox 163 4326 381 4394; x_wconf 88' lang='lat' dir='ltr'><strong>includi.</strong></span> <span class='ocrx_word' id='word_1_549' title='bbox 417 4331 576 4392; x_wconf 87' lang='lat' dir='ltr'><strong>Eum</strong></span> <span class='ocrx_word' id='word_1_550' title='bbox 605 4329 798 4410; x_wconf 90' lang='lat' dir='ltr'><strong>itaque</strong></span> <span class='ocrx_word' id='word_1_551' title='bbox 825 4341 1141 4412; x_wconf 83' lang='lat' dir='ltr'><strong>portantes,</strong></span> <span class='ocrx_word' id='word_1_552' title='bbox 1170 4335 1550 4412; x_wconf 79' lang='lat' dir='ltr'><strong>projecerunt</strong></span> <span class='ocrx_word' id='word_1_553' title='bbox 1583 4332 1640 4393; x_wconf 92' lang='lat' dir='ltr'><strong>in</strong></span> <span class='ocrx_word' id='word_1_554' title='bbox 1676 4333 1788 4393; x_wconf 86' lang='lat' dir='ltr'><strong>do-</strong></span> 
     </span>
    </p>
   </div>
   <div class='ocr_carea' id='block_1_77' title="bbox 168 4421 1784 4502">
    <p class='ocr_par' dir='ltr' id='par_1_77' title="bbox 168 4421 1784 4502">
     <span class='ocr_line' id='line_1_77' title="bbox 168 4421 1784 4502; baseline 0.004 -26"><span class='ocrx_word' id='word_1_555' title='bbox 168 4421 508 4495; x_wconf 89' lang='lat' dir='ltr'><strong>munculam,</strong></span> <span class='ocrx_word' id='word_1_556' title='bbox 551 4439 681 4498; x_wconf 69' lang='lat' dir='ltr'><strong>quae</strong></span> <span class='ocrx_word' id='word_1_557' title='bbox 733 4438 967 4499; x_wconf 89' lang='lat' dir='ltr'><strong>parvam</strong></span> <span class='ocrx_word' id='word_1_558' title='bbox 1001 4422 1250 4484; x_wconf 86' lang='lat' dir='ltr'><strong>habebat</strong></span> <span class='ocrx_word' id='word_1_559' title='bbox 1306 4423 1784 4502; x_wconf 86' lang='lat' dir='ltr'><strong>respirationem,</strong></span> 
     </span>
    </p>
   </div>
   <div class='ocr_carea' id='block_1_78' title="bbox 164 4509 1852 4606">
    <p class='ocr_par' dir='ltr' id='par_1_78' title="bbox 164 4509 1852 4606">
     <span class='ocr_line' id='line_1_78' title="bbox 164 4509 1852 4606; baseline 0.005 -41"><span class='ocrx_word' id='word_1_560' title='bbox 164 4510 559 4606; x_wconf 80' lang='lat' dir='ltr'><strong>existimantes</strong></span> <span class='ocrx_word' id='word_1_561' title='bbox 579 4509 705 4572; x_wconf 87' lang='lat' dir='ltr'><strong>fore</strong></span> <span class='ocrx_word' id='word_1_562' title='bbox 731 4517 791 4570; x_wconf 91' lang='lat' dir='ltr'><strong>ut</strong></span> <span class='ocrx_word' id='word_1_563' title='bbox 814 4513 988 4587; x_wconf 90' lang='lat' dir='ltr'><strong>paulo</strong></span> <span class='ocrx_word' id='word_1_564' title='bbox 1011 4520 1153 4606; x_wconf 76' lang='lat' dir='ltr'><strong>post</strong></span> <span class='ocrx_word' id='word_1_565' title='bbox 1173 4510 1655 4606; x_wconf 56' lang='lat' dir='ltr'><strong>inureretur.;llla</strong></span> <span class='ocrx_word' id='word_1_566' title='bbox 1691 4531 1787 4573; x_wconf 87' lang='lat' dir='ltr'><strong>au-</strong></span> <span class='ocrx_word' id='word_1_567' title='bbox 1811 4557 1852 4606; x_wconf 70' lang='grc' dir='ltr'>ο</span> 
     </span>
    </p>
   </div>
   <div class='ocr_carea' id='block_1_79' title="bbox 166 4601 1787 4681">
    <p class='ocr_par' dir='ltr' id='par_1_79' title="bbox 166 4601 1787 4681">
     <span class='ocr_line' id='line_1_79' title="bbox 166 4601 1787 4681; baseline 0.005 -27"><span class='ocrx_word' id='word_1_568' title='bbox 166 4603 262 4657; x_wconf 70' lang='lat' dir='ltr'><strong>ten.</strong></span> <span class='ocrx_word' id='word_1_569' title='bbox 294 4609 464 4661; x_wconf 90' lang='lat' dir='ltr'><strong>nocte</strong></span> <span class='ocrx_word' id='word_1_570' title='bbox 502 4601 560 4662; x_wconf 91' lang='lat' dir='ltr'><strong>ei</strong></span> <span class='ocrx_word' id='word_1_571' title='bbox 595 4609 837 4681; x_wconf 76' lang='lat' dir='ltr'><strong>apparet</strong></span> <span class='ocrx_word' id='word_1_572' title='bbox 857 4601 1102 4679; x_wconf 84' lang='lat' dir='ltr'><strong>angelus</strong></span> <span class='ocrx_word' id='word_1_573' title='bbox 1131 4602 1388 4676; x_wconf 68' lang='lat' dir='ltr'><strong>Dimini,</strong></span> <span class='ocrx_word' id='word_1_574' title='bbox 1416 4603 1641 4665; x_wconf 90' lang='lat' dir='ltr'><strong>dicens:</strong></span> <span class='ocrx_word' id='word_1_575' title='bbox 1676 4606 1787 4663; x_wconf 73' lang='lat' dir='ltr'><strong>Fax</strong></span> 
     </span>
    </p>
   </div>
   <div class='ocr_carea' id='block_1_80' title="bbox 167 4683 1790 4766">
    <p class='ocr_par' dir='ltr' id='par_1_80' title="bbox 167 4683 1790 4766">
     <span class='ocr_line' id='line_1_80' title="bbox 167 4683 1790 4766; baseline 0.004 -21"><span class='ocrx_word' id='word_1_576' title='bbox 167 4683 273 4758; x_wconf 85' lang='lat' dir='ltr'><strong>tibi,</strong></span> <span class='ocrx_word' id='word_1_577' title='bbox 305 4707 602 4766; x_wconf 80' lang='lat' dir='ltr'><strong>generose</strong></span> <span class='ocrx_word' id='word_1_578' title='bbox 627 4690 868 4765; x_wconf 80' lang='lat' dir='ltr'><strong>athleta;</strong></span> <span class='ocrx_word' id='word_1_579' title='bbox 894 4698 949 4750; x_wconf 89' lang='lat' dir='ltr'><strong>et</strong></span> <span class='ocrx_word' id='word_1_580' title='bbox 981 4708 1114 4750; x_wconf 90' lang='lat' dir='ltr'><strong>eum</strong></span> <span class='ocrx_word' id='word_1_581' title='bbox 1147 4691 1404 4754; x_wconf 89' lang='lat' dir='ltr'><strong>reddidit</strong></span> <span class='ocrx_word' id='word_1_582' title='bbox 1425 4709 1662 4760; x_wconf 85' lang='lat' dir='ltr'><strong>sanum,</strong></span> <span class='ocrx_word' id='word_1_583' title='bbox 1687 4711 1790 4752; x_wconf 88' lang='lat' dir='ltr'><strong>cu-</strong></span> 
     </span>
    </p>
   </div>
   <div class='ocr_carea' id='block_1_81' title="bbox 165 4778 1790 4859">
    <p class='ocr_par' dir='ltr' id='par_1_81' title="bbox 165 4778 1790 4859">
     <span class='ocr_line' id='line_1_81' title="bbox 165 4778 1790 4859; baseline 0.006 -26"><span class='ocrx_word' id='word_1_584' title='bbox 165 4789 282 4835; x_wconf 89' lang='lat' dir='ltr'><strong>rans</strong></span> <span class='ocrx_word' id='word_1_585' title='bbox 330 4778 576 4839; x_wconf 85' lang='lat' dir='ltr'><strong>vulnera</strong></span> <span class='ocrx_word' id='word_1_586' title='bbox 606 4778 736 4856; x_wconf 92' lang='lat' dir='ltr'><strong>ejus</strong></span> <span class='ocrx_word' id='word_1_587' title='bbox 793 4778 1080 4857; x_wconf 84' lang='lat' dir='ltr'><strong>corporis,</strong></span> <span class='ocrx_word' id='word_1_588' title='bbox 1115 4779 1262 4840; x_wconf 91' lang='lat' dir='ltr'><strong>adeo</strong></span> <span class='ocrx_word' id='word_1_589' title='bbox 1296 4791 1354 4842; x_wconf 89' lang='lat' dir='ltr'><strong>ut</strong></span> <span class='ocrx_word' id='word_1_590' title='bbox 1402 4789 1694 4859; x_wconf 69' lang='lat' dir='ltr'><strong>surgcret,</strong></span> <span class='ocrx_word' id='word_1_591' title='bbox 1732 4787 1790 4842; x_wconf 91' lang='lat' dir='ltr'><strong>et</strong></span> 
     </span>
    </p>
   </div>
   <div class='ocr_carea' id='block_1_82' title="bbox 167 4862 1498 4948">
    <p class='ocr_par' dir='ltr' id='par_1_82' title="bbox 167 4862 1498 4948">
     <span class='ocr_line' id='line_1_82' title="bbox 167 4862 1498 4948; baseline 0.007 -27"><span class='ocrx_word' id='word_1_592' title='bbox 167 4862 385 4938; x_wconf 83' lang='lat' dir='ltr'><strong>gloriam</strong></span> <span class='ocrx_word' id='word_1_593' title='bbox 413 4867 700 4929; x_wconf 88' lang='lat' dir='ltr'><strong>redderet</strong></span> <span class='ocrx_word' id='word_1_594' title='bbox 733 4866 875 4941; x_wconf 90' lang='lat' dir='ltr'><strong>Deo,</strong></span> <span class='ocrx_word' id='word_1_595' title='bbox 909 4867 1005 4946; x_wconf 88' lang='lat' dir='ltr'><strong>qui</strong></span> <span class='ocrx_word' id='word_1_596' title='bbox 1040 4874 1091 4928; x_wconf 90' lang='lat' dir='ltr'><strong>ei</strong></span> <span class='ocrx_word' id='word_1_597' title='bbox 1121 4879 1498 4948; x_wconf 85' lang='lat' dir='ltr'><strong>apparuerat.</strong></span> 
     </span>
    </p>
   </div>
   <div class='ocr_carea' id='block_1_83' title="bbox 233 4950 1784 5035">
    <p class='ocr_par' dir='ltr' id='par_1_83' title="bbox 233 4950 1784 5035">
     <span class='ocr_line' id='line_1_83' title="bbox 233 4950 1784 5035; baseline 0.004 -21"><span class='ocrx_word' id='word_1_598' title='bbox 233 4950 324 5016; x_wconf 78' lang='lat' dir='ltr'><strong>1X.</strong></span> <span class='ocrx_word' id='word_1_599' title='bbox 359 4955 591 5016; x_wconf 88' lang='lat' dir='ltr'><strong>Rursus</strong></span> <span class='ocrx_word' id='word_1_600' title='bbox 615 4974 754 5034; x_wconf 77' lang='lat' dir='ltr'><strong>ergo</strong></span> <span class='ocrx_word' id='word_1_601' title='bbox 778 4956 1189 5035; x_wconf 90' lang='lat' dir='ltr'><strong>Deciusjussit</strong></span> <span class='ocrx_word' id='word_1_602' title='bbox 1212 4977 1345 5020; x_wconf 90' lang='lat' dir='ltr'><strong>eum</strong></span> <span class='ocrx_word' id='word_1_603' title='bbox 1371 4958 1523 5035; x_wconf 90' lang='lat' dir='ltr'><strong>sisti;</strong></span> <span class='ocrx_word' id='word_1_604' title='bbox 1545 4967 1622 5033; x_wconf 91' lang='lat' dir='ltr'><strong>et,</strong></span> <span class='ocrx_word' id='word_1_605' title='bbox 1650 4978 1784 5020; x_wconf 91' lang='lat' dir='ltr'><strong>cum</strong></span> 
     </span>
    </p>
   </div>
   <div class='ocr_carea' id='block_1_84' title="bbox 167 5044 1788 5125">
    <p class='ocr_par' dir='ltr' id='par_1_84' title="bbox 167 5044 1788 5125">
     <span class='ocr_line' id='line_1_84' title="bbox 167 5044 1788 5125; baseline 0.006 -24"><span class='ocrx_word' id='word_1_606' title='bbox 167 5059 279 5104; x_wconf 88' lang='lat' dir='ltr'><strong>eum</strong></span> <span class='ocrx_word' id='word_1_607' title='bbox 336 5044 606 5125; x_wconf 88' lang='lat' dir='ltr'><strong>vidisset,</strong></span> <span class='ocrx_word' id='word_1_608' title='bbox 644 5045 838 5106; x_wconf 86' lang='lat' dir='ltr'><strong>dixit:</strong></span> <span class='ocrx_word' id='word_1_609' title='bbox 896 5044 1008 5116; x_wconf 85' lang='lat' dir='ltr'><strong>Qui</strong></span> <span class='ocrx_word' id='word_1_610' title='bbox 1060 5057 1326 5110; x_wconf 90' lang='lat' dir='ltr'><strong>mortuus</strong></span> <span class='ocrx_word' id='word_1_611' title='bbox 1381 5048 1486 5109; x_wconf 87' lang='lat' dir='ltr'><strong>fuit</strong></span> <span class='ocrx_word' id='word_1_612' title='bbox 1534 5067 1567 5110; x_wconf 89' lang='lat' dir='ltr'><strong>a</strong></span> <span class='ocrx_word' id='word_1_613' title='bbox 1617 5049 1788 5110; x_wconf 91' lang='lat' dir='ltr'><strong>nobis</strong></span> 
     </span>
    </p>
   </div>
   <div class='ocr_carea' id='block_1_85' title="bbox 167 5131 1785 5215">
    <p class='ocr_par' dir='ltr' id='par_1_85' title="bbox 167 5131 1785 5215">
     <span class='ocr_line' id='line_1_85' title="bbox 167 5131 1785 5215; baseline 0.004 -22"><span class='ocrx_word' id='word_1_614' title='bbox 167 5131 388 5206; x_wconf 77' lang='lat' dir='ltr'><strong>ablatus,</strong></span> <span class='ocrx_word' id='word_1_615' title='bbox 412 5135 721 5214; x_wconf 88' lang='lat' dir='ltr'><strong>quomodo</strong></span> <span class='ocrx_word' id='word_1_616' title='bbox 753 5152 910 5196; x_wconf 90' lang='lat' dir='ltr'><strong>nunc</strong></span> <span class='ocrx_word' id='word_1_617' title='bbox 933 5153 1040 5215; x_wconf 88' lang='lat' dir='ltr'><strong>per</strong></span> <span class='ocrx_word' id='word_1_618' title='bbox 1065 5155 1129 5198; x_wconf 90' lang='lat' dir='ltr'><strong>se</strong></span> <span class='ocrx_word' id='word_1_619' title='bbox 1152 5137 1459 5200; x_wconf 84' lang='lat' dir='ltr'><strong>ambulat?</strong></span> <span class='ocrx_word' id='word_1_620' title='bbox 1490 5139 1641 5201; x_wconf 89' lang='lat' dir='ltr'><strong>forte</strong></span> <span class='ocrx_word' id='word_1_621' title='bbox 1675 5158 1785 5200; x_wconf 88' lang='lat' dir='ltr'><strong>nec</strong></span> 
     </span>
    </p>
   </div>
   <div class='ocr_carea' id='block_1_86' title="bbox 168 5220 1774 5305">
    <p class='ocr_par' dir='ltr' id='par_1_86' title="bbox 168 5220 1774 5305">
     <span class='ocr_line' id='line_1_86' title="bbox 168 5220 1774 5305; baseline 0.007 -29"><span class='ocrx_word' id='word_1_622' title='bbox 168 5220 386 5284; x_wconf 78' lang='lat' dir='ltr'><strong>vibicem</strong></span> <span class='ocrx_word' id='word_1_623' title='bbox 411 5223 658 5300; x_wconf 87' lang='lat' dir='ltr'><strong>quidem</strong></span> <span class='ocrx_word' id='word_1_624' title='bbox 676 5224 849 5284; x_wconf 85' lang='lat' dir='ltr'><strong>habet</strong></span> <span class='ocrx_word' id='word_1_625' title='bbox 871 5223 930 5284; x_wconf 91' lang='lat' dir='ltr'><strong>in</strong></span> <span class='ocrx_word' id='word_1_626' title='bbox 953 5243 1058 5286; x_wconf 94' lang='lat' dir='ltr'><strong>suo</strong></span> <span class='ocrx_word' id='word_1_627' title='bbox 1077 5244 1345 5305; x_wconf 89' lang='lat' dir='ltr'><strong>corpore.</strong></span> <span class='ocrx_word' id='word_1_628' title='bbox 1379 5230 1559 5290; x_wconf 83' lang='lat' dir='ltr'><strong>Jussit</strong></span> <span class='ocrx_word' id='word_1_629' title='bbox 1581 5237 1774 5290; x_wconf 90' lang='lat' dir='ltr'><strong>autem</strong></span> 
     </span>
    </p>
   </div>
   <div class='ocr_carea' id='block_1_87' title="bbox 1887 3251 3522 3339">
    <p class='ocr_par' dir='ltr' id='par_1_87' title="bbox 1887 3251 3522 3339">
     <span class='ocr_line' id='line_1_87' title="bbox 1887 3251 3522 3339; baseline 0.009 -28"><span class='ocrx_word' id='word_1_630' title='bbox 1887 3262 2124 3334; x_wconf 78' lang='lat' dir='ltr'><strong>martyr,</strong></span> <span class='ocrx_word' id='word_1_631' title='bbox 2155 3269 2259 3332; x_wconf 89' lang='lat' dir='ltr'><strong>pro</strong></span> <span class='ocrx_word' id='word_1_632' title='bbox 2295 3251 2504 3316; x_wconf 91' lang='lat' dir='ltr'><strong>nidore</strong></span> <span class='ocrx_word' id='word_1_633' title='bbox 2531 3256 2727 3317; x_wconf 84' lang='lat' dir='ltr'><strong>suavis</strong></span> <span class='ocrx_word' id='word_1_634' title='bbox 2755 3259 2992 3339; x_wconf 91' lang='lat' dir='ltr'><strong>quidam</strong></span> <span class='ocrx_word' id='word_1_635' title='bbox 3017 3264 3164 3325; x_wconf 91' lang='lat' dir='ltr'><strong>odor</strong></span> <span class='ocrx_word' id='word_1_636' title='bbox 3191 3251 3522 3329; x_wconf 78' lang='lat' dir='ltr'><strong>aromatum</strong></span> 
     </span>
    </p>
   </div>
   <div class='ocr_carea' id='block_1_88' title="bbox 1885 3341 3523 3426">
    <p class='ocr_par' dir='ltr' id='par_1_88' title="bbox 1885 3341 3523 3426">
     <span class='ocr_line' id='line_1_88' title="bbox 1885 3341 3523 3426; baseline 0.011 -27"><span class='ocrx_word' id='word_1_637' title='bbox 1885 3341 2164 3404; x_wconf 88' lang='lat' dir='ltr'><strong>manabat</strong></span> <span class='ocrx_word' id='word_1_638' title='bbox 2191 3361 2260 3405; x_wconf 89' lang='lat' dir='ltr'><strong>ex</strong></span> <span class='ocrx_word' id='word_1_639' title='bbox 2286 3342 2414 3422; x_wconf 86' lang='lat' dir='ltr'><strong>ejus</strong></span> <span class='ocrx_word' id='word_1_640' title='bbox 2443 3362 2716 3426; x_wconf 90' lang='lat' dir='ltr'><strong>corpore.</strong></span> <span class='ocrx_word' id='word_1_641' title='bbox 2746 3351 2890 3411; x_wconf 90' lang='lat' dir='ltr'><strong>Cum</strong></span> <span class='ocrx_word' id='word_1_642' title='bbox 2914 3352 2964 3414; x_wconf 90' lang='lat' dir='ltr'><strong>is</strong></span> <span class='ocrx_word' id='word_1_643' title='bbox 2989 3371 3122 3416; x_wconf 93' lang='lat' dir='ltr'><strong>vero</strong></span> <span class='ocrx_word' id='word_1_644' title='bbox 3150 3354 3358 3417; x_wconf 79' lang='lat' dir='ltr'><strong>fuisset</strong></span> <span class='ocrx_word' id='word_1_645' title='bbox 3382 3372 3523 3416; x_wconf 88' lang='lat' dir='ltr'><strong>cru-</strong></span> 
     </span>
    </p>
   </div>
   <div class='ocr_carea' id='block_1_89' title="bbox 1883 3430 3519 3517">
    <p class='ocr_par' dir='ltr' id='par_1_89' title="bbox 1883 3430 3519 3517">
     <span class='ocr_line' id='line_1_89' title="bbox 1883 3430 3519 3517; baseline 0.009 -26"><span class='ocrx_word' id='word_1_646' title='bbox 1883 3430 2099 3507; x_wconf 77' lang='lat' dir='ltr'><strong>ciatus,</strong></span> <span class='ocrx_word' id='word_1_647' title='bbox 2134 3439 2190 3494; x_wconf 89' lang='lat' dir='ltr'><strong>et</strong></span> <span class='ocrx_word' id='word_1_648' title='bbox 2242 3449 2317 3494; x_wconf 91' lang='lat' dir='ltr'><strong>ne</strong></span> <span class='ocrx_word' id='word_1_649' title='bbox 2346 3433 2730 3511; x_wconf 83' lang='lat' dir='ltr'><strong>ingenuisset,</strong></span> <span class='ocrx_word' id='word_1_650' title='bbox 2761 3439 3021 3517; x_wconf 91' lang='lat' dir='ltr'><strong>quidem,</strong></span> <span class='ocrx_word' id='word_1_651' title='bbox 3057 3443 3201 3506; x_wconf 91' lang='lat' dir='ltr'><strong>dixit</strong></span> <span class='ocrx_word' id='word_1_652' title='bbox 3250 3442 3471 3507; x_wconf 89' lang='lat' dir='ltr'><strong>Decius</strong></span> <span class='ocrx_word' id='word_1_653' title='bbox 3504 3461 3519 3506; x_wconf 93' lang='lat'><strong>:</strong></span> 
     </span>
    </p>
   </div>
   <div class='ocr_carea' id='block_1_90' title="bbox 1884 3518 3518 3607">
    <p class='ocr_par' dir='ltr' id='par_1_90' title="bbox 1884 3518 3518 3607">
     <span class='ocr_line' id='line_1_90' title="bbox 1884 3518 3518 3607; baseline 0.007 -25"><span class='ocrx_word' id='word_1_654' title='bbox 1884 3518 1996 3582; x_wconf 87' lang='lat' dir='ltr'><strong>Ubi</strong></span> <span class='ocrx_word' id='word_1_655' title='bbox 2029 3528 2118 3582; x_wconf 88' lang='lat' dir='ltr'><strong>est</strong></span> <span class='ocrx_word' id='word_1_656' title='bbox 2172 3528 2308 3583; x_wconf 82' lang='lat' dir='ltr'><strong>tuus</strong></span> <span class='ocrx_word' id='word_1_657' title='bbox 2342 3522 2659 3586; x_wconf 82' lang='lat' dir='ltr'><strong>medicus?</strong></span> <span class='ocrx_word' id='word_1_658' title='bbox 2707 3527 2874 3590; x_wconf 88' lang='lat' dir='ltr'><strong>Nunc</strong></span> <span class='ocrx_word' id='word_1_659' title='bbox 2904 3531 3120 3607; x_wconf 91' lang='lat' dir='ltr'><strong>veniat,</strong></span> <span class='ocrx_word' id='word_1_660' title='bbox 3154 3541 3212 3594; x_wconf 92' lang='lat' dir='ltr'><strong>et</strong></span> <span class='ocrx_word' id='word_1_661' title='bbox 3241 3541 3297 3595; x_wconf 91' lang='lat' dir='ltr'><strong>te</strong></span> <span class='ocrx_word' id='word_1_662' title='bbox 3329 3543 3518 3597; x_wconf 89' lang='lat' dir='ltr'><strong>curet.</strong></span> 
     </span>
    </p>
   </div>
   <div class='ocr_carea' id='block_1_91' title="bbox 1882 3607 3522 3700">
    <p class='ocr_par' dir='ltr' id='par_1_91' title="bbox 1882 3607 3522 3700">
     <span class='ocr_line' id='line_1_91' title="bbox 1882 3607 3522 3700; baseline 0.009 -30"><span class='ocrx_word' id='word_1_663' title='bbox 1882 3607 2092 3700; x_wconf 85' lang='lat' dir='ltr'><strong>Dixisti</strong></span> <span class='ocrx_word' id='word_1_664' title='bbox 2143 3611 2323 3685; x_wconf 85' lang='lat' dir='ltr'><strong>enim,</strong></span> <span class='ocrx_word' id='word_1_665' title='bbox 2358 3613 2513 3692; x_wconf 88' lang='lat' dir='ltr'><strong>quod</strong></span> <span class='ocrx_word' id='word_1_666' title='bbox 2565 3614 2742 3675; x_wconf 91' lang='lat' dir='ltr'><strong>etiam</strong></span> <span class='ocrx_word' id='word_1_667' title='bbox 2779 3626 2912 3696; x_wconf 93' lang='lat' dir='ltr'><strong>post</strong></span> <span class='ocrx_word' id='word_1_668' title='bbox 2961 3629 3208 3683; x_wconf 91' lang='lat' dir='ltr'><strong>mortem</strong></span> <span class='ocrx_word' id='word_1_669' title='bbox 3243 3629 3434 3700; x_wconf 88' lang='lat' dir='ltr'><strong>potest</strong></span> <span class='ocrx_word' id='word_1_670' title='bbox 3465 3631 3522 3684; x_wconf 89' lang='lat' dir='ltr'><strong>te</strong></span> 
     </span>
    </p>
   </div>
   <div class='ocr_carea' id='block_1_92' title="bbox 1882 3699 3519 3790">
    <p class='ocr_par' dir='ltr' id='par_1_92' title="bbox 1882 3699 3519 3790">
     <span class='ocr_line' id='line_1_92' title="bbox 1882 3699 3519 3790; baseline 0.009 -31"><span class='ocrx_word' id='word_1_671' title='bbox 1882 3699 2194 3790; x_wconf 74' lang='lat' dir='ltr'><strong>suscitare.</strong></span> <span class='ocrx_word' id='word_1_672' title='bbox 2229 3702 2386 3763; x_wconf 88' lang='lat' dir='ltr'><strong>Dixit</strong></span> <span class='ocrx_word' id='word_1_673' title='bbox 2415 3709 2653 3764; x_wconf 89' lang='lat' dir='ltr'><strong>sanctus</strong></span> <span class='ocrx_word' id='word_1_674' title='bbox 2685 3708 3044 3770; x_wconf 86' lang='lat' dir='ltr'><strong>Mercurius:</strong></span> <span class='ocrx_word' id='word_1_675' title='bbox 3081 3708 3213 3783; x_wconf 87' lang='lat' dir='ltr'><strong>Fac,</strong></span> <span class='ocrx_word' id='word_1_676' title='bbox 3235 3699 3390 3790; x_wconf 85' lang='lat' dir='ltr'><strong>quod</strong></span> <span class='ocrx_word' id='word_1_677' title='bbox 3413 3729 3519 3774; x_wconf 81' lang='lat' dir='ltr'><strong>ve-</strong></span> 
     </span>
    </p>
   </div>
   <div class='ocr_carea' id='block_1_93' title="bbox 1880 3787 3517 3872">
    <p class='ocr_par' dir='ltr' id='par_1_93' title="bbox 1880 3787 3517 3872">
     <span class='ocr_line' id='line_1_93' title="bbox 1880 3787 3517 3872; baseline 0.007 -23"><span class='ocrx_word' id='word_1_678' title='bbox 1880 3787 1973 3849; x_wconf 91' lang='lat' dir='ltr'><strong>lis.</strong></span> <span class='ocrx_word' id='word_1_679' title='bbox 2002 3787 2199 3849; x_wconf 85' lang='lat' dir='ltr'><strong>Habes</strong></span> <span class='ocrx_word' id='word_1_680' title='bbox 2225 3797 2581 3868; x_wconf 86' lang='lat' dir='ltr'><strong>potestatem</strong></span> <span class='ocrx_word' id='word_1_681' title='bbox 2615 3793 2884 3872; x_wconf 90' lang='lat' dir='ltr'><strong>corporis</strong></span> <span class='ocrx_word' id='word_1_682' title='bbox 2911 3795 3048 3871; x_wconf 89' lang='lat' dir='ltr'><strong>mei,</strong></span> <span class='ocrx_word' id='word_1_683' title='bbox 3076 3787 3289 3860; x_wconf 68' lang='lat' dir='ltr'><strong>anima:</strong></span> <span class='ocrx_word' id='word_1_684' title='bbox 3317 3807 3517 3862; x_wconf 85' lang='lat' dir='ltr'><strong>autem</strong></span> 
     </span>
    </p>
   </div>
   <div class='ocr_carea' id='block_1_94' title="bbox 1879 3876 3520 3970">
    <p class='ocr_par' dir='ltr' id='par_1_94' title="bbox 1879 3876 3520 3970">
     <span class='ocr_line' id='line_1_94' title="bbox 1879 3876 3520 3970; baseline 0.009 -32"><span class='ocrx_word' id='word_1_685' title='bbox 1879 3876 2057 3940; x_wconf 91' lang='lat' dir='ltr'><strong>Deus.</strong></span> <span class='ocrx_word' id='word_1_686' title='bbox 2085 3876 2375 3970; x_wconf 80' lang='lat' dir='ltr'><strong>Nam,e_tsi</strong></span> <span class='ocrx_word' id='word_1_687' title='bbox 2403 3897 2622 3959; x_wconf 73' lang='lat' dir='ltr'><strong>corpus</strong></span> <span class='ocrx_word' id='word_1_688' title='bbox 2642 3901 2838 3944; x_wconf 89' lang='lat' dir='ltr'><strong>meum</strong></span> <span class='ocrx_word' id='word_1_689' title='bbox 2871 3885 3186 3963; x_wconf 54' lang='lat' dir='ltr'><strong>interierit,</strong></span> <span class='ocrx_word' id='word_1_690' title='bbox 3213 3898 3520 3970; x_wconf 91' lang='lat' dir='ltr'><strong>permanet</strong></span> 
     </span>
    </p>
   </div>
   <div class='ocr_carea' id='block_1_95' title="bbox 1880 3968 3520 4047">
    <p class='ocr_par' dir='ltr' id='par_1_95' title="bbox 1880 3968 3520 4047">
     <span class='ocr_line' id='line_1_95' title="bbox 1880 3968 3520 4047; baseline 0.009 -19"><span class='ocrx_word' id='word_1_691' title='bbox 1880 3970 2077 4028; x_wconf 87' lang='lat' dir='ltr'><strong>anima</strong></span> <span class='ocrx_word' id='word_1_692' title='bbox 2111 3985 2262 4042; x_wconf 90' lang='lat' dir='ltr'><strong>mea,</strong></span> <span class='ocrx_word' id='word_1_693' title='bbox 2301 3968 2355 4028; x_wconf 90' lang='lat' dir='ltr'><strong>in</strong></span> <span class='ocrx_word' id='word_1_694' title='bbox 2392 3987 2568 4047; x_wconf 87' lang='lat' dir='ltr'><strong>quam</strong></span> <span class='ocrx_word' id='word_1_695' title='bbox 2620 3989 2737 4032; x_wconf 89' lang='lat' dir='ltr'><strong>non</strong></span> <span class='ocrx_word' id='word_1_696' title='bbox 2769 3973 2922 4035; x_wconf 86' lang='lat' dir='ltr'><strong>cadit</strong></span> <span class='ocrx_word' id='word_1_697' title='bbox 2960 3968 3255 4040; x_wconf 77' lang='lat' dir='ltr'><strong>interitus.</strong></span> <span class='ocrx_word' id='word_1_698' title='bbox 3289 3980 3520 4042; x_wconf 79' lang='lat' dir='ltr'><strong>Rursus</strong></span> 
     </span>
    </p>
   </div>
   <div class='ocr_carea' id='block_1_96' title="bbox 1872 4057 3518 4148">
    <p class='ocr_par' dir='ltr' id='par_1_96' title="bbox 1872 4057 3518 4148">
     <span class='ocr_line' id='line_1_96' title="bbox 1872 4057 3518 4148; baseline 0.009 -31"><span class='ocrx_word' id='word_1_699' title='bbox 1872 4057 2045 4148; x_wconf 81' lang='lat' dir='ltr'><strong>jubet</strong></span> <span class='ocrx_word' id='word_1_700' title='bbox 2067 4057 2392 4148; x_wconf 85' lang='lat' dir='ltr'><strong>imperator</strong></span> <span class='ocrx_word' id='word_1_701' title='bbox 2414 4077 2548 4119; x_wconf 90' lang='lat' dir='ltr'><strong>eum</strong></span> <span class='ocrx_word' id='word_1_702' title='bbox 2581 4062 2860 4142; x_wconf 90' lang='lat' dir='ltr'><strong>suspendi</strong></span> <span class='ocrx_word' id='word_1_703' title='bbox 2895 4066 3275 4147; x_wconf 66' lang='lat' dir='ltr'><strong>praecipitem,</strong></span> <span class='ocrx_word' id='word_1_704' title='bbox 3301 4076 3359 4130; x_wconf 91' lang='lat' dir='ltr'><strong>et</strong></span> <span class='ocrx_word' id='word_1_705' title='bbox 3389 4071 3518 4148; x_wconf 90' lang='lat' dir='ltr'><strong>ejus</strong></span> 
     </span>
    </p>
   </div>
   <div class='ocr_carea' id='block_1_97' title="bbox 1879 4145 3518 4238">
    <p class='ocr_par' dir='ltr' id='par_1_97' title="bbox 1879 4145 3518 4238">
     <span class='ocr_line' id='line_1_97' title="bbox 1879 4145 3518 4238; baseline 0.008 -30"><span class='ocrx_word' id='word_1_706' title='bbox 1879 4146 2030 4238; x_wconf 84' lang='lat' dir='ltr'><strong>collo</strong></span> <span class='ocrx_word' id='word_1_707' title='bbox 2090 4145 2319 4238; x_wconf 85' lang='lat' dir='ltr'><strong>alligari</strong></span> <span class='ocrx_word' id='word_1_708' title='bbox 2351 4148 2764 4227; x_wconf 87' lang='lat' dir='ltr'><strong>gravissimum</strong></span> <span class='ocrx_word' id='word_1_709' title='bbox 2806 4145 3109 4233; x_wconf 78' lang='lat' dir='ltr'><strong>lapidem:</strong></span> <span class='ocrx_word' id='word_1_710' title='bbox 3160 4165 3284 4219; x_wconf 89' lang='lat' dir='ltr'><strong>uta</strong></span> <span class='ocrx_word' id='word_1_711' title='bbox 3322 4145 3518 4238; x_wconf 83' lang='lat' dir='ltr'><strong>lapide</strong></span> 
     </span>
    </p>
   </div>
   <div class='ocr_carea' id='block_1_98' title="bbox 1877 4235 3517 4319">
    <p class='ocr_par' dir='ltr' id='par_1_98' title="bbox 1877 4235 3517 4319">
     <span class='ocr_line' id='line_1_98' title="bbox 1877 4235 3517 4319; baseline 0.007 -22"><span class='ocrx_word' id='word_1_712' title='bbox 1877 4235 2344 4310; x_wconf 81' lang='lat' dir='ltr'><strong>suifocatus,cito</strong></span> <span class='ocrx_word' id='word_1_713' title='bbox 2371 4250 2729 4300; x_wconf 76' lang='lat' dir='ltr'><strong>mereretur.</strong></span> <span class='ocrx_word' id='word_1_714' title='bbox 2762 4239 2820 4301; x_wconf 92' lang='lat' dir='ltr'><strong>ln</strong></span> <span class='ocrx_word' id='word_1_715' title='bbox 2839 4244 3024 4319; x_wconf 80' lang='lat' dir='ltr'><strong>gratia</strong></span> <span class='ocrx_word' id='word_1_716' title='bbox 3053 4252 3248 4307; x_wconf 90' lang='lat' dir='ltr'><strong>autem</strong></span> <span class='ocrx_word' id='word_1_717' title='bbox 3279 4235 3517 4309; x_wconf 85' lang='lat' dir='ltr'><strong>Domini</strong></span> 
     </span>
    </p>
   </div>
   <div class='ocr_carea' id='block_1_99' title="bbox 1875 4327 3511 4412">
    <p class='ocr_par' dir='ltr' id='par_1_99' title="bbox 1875 4327 3511 4412">
     <span class='ocr_line' id='line_1_99' title="bbox 1875 4327 3511 4412; baseline 0.007 -25"><span class='ocrx_word' id='word_1_718' title='bbox 1875 4327 2259 4388; x_wconf 84' lang='lat' dir='ltr'><strong>conﬁrmatus</strong></span> <span class='ocrx_word' id='word_1_719' title='bbox 2292 4336 2532 4408; x_wconf 81' lang='lat' dir='ltr'><strong>martyr,</strong></span> <span class='ocrx_word' id='word_1_720' title='bbox 2563 4329 2735 4409; x_wconf 90' lang='lat' dir='ltr'><strong>longo</strong></span> <span class='ocrx_word' id='word_1_721' title='bbox 2759 4339 3026 4412; x_wconf 91' lang='lat' dir='ltr'><strong>tempore</strong></span> <span class='ocrx_word' id='word_1_722' title='bbox 3057 4335 3355 4396; x_wconf 88' lang='lat' dir='ltr'><strong>mansitin</strong></span> <span class='ocrx_word' id='word_1_723' title='bbox 3388 4343 3511 4398; x_wconf 89' lang='lat' dir='ltr'><strong>tor-</strong></span> 
     </span>
    </p>
   </div>
   <div class='ocr_carea' id='block_1_100' title="bbox 1875 4416 3511 4487">
    <p class='ocr_par' dir='ltr' id='par_1_100' title="bbox 1875 4416 3511 4487">
     <span class='ocr_line' id='line_1_100' title="bbox 1875 4416 3511 4487; baseline 0.007 -11"><span class='ocrx_word' id='word_1_724' title='bbox 1875 4419 2248 4480; x_wconf 89' lang='lat' dir='ltr'><strong>mento.Cum</strong></span> <span class='ocrx_word' id='word_1_725' title='bbox 2268 4416 2508 4480; x_wconf 90' lang='lat' dir='ltr'><strong>vidisset</strong></span> <span class='ocrx_word' id='word_1_726' title='bbox 2531 4437 2669 4481; x_wconf 88' lang='lat' dir='ltr'><strong>vero</strong></span> <span class='ocrx_word' id='word_1_727' title='bbox 2699 4419 2912 4483; x_wconf 88' lang='lat' dir='ltr'><strong>Decius</strong></span> <span class='ocrx_word' id='word_1_728' title='bbox 2942 4421 3101 4484; x_wconf 91' lang='lat' dir='ltr'><strong>enim</strong></span> <span class='ocrx_word' id='word_1_729' title='bbox 3134 4424 3267 4487; x_wconf 89' lang='lat' dir='ltr'><strong>forti</strong></span> <span class='ocrx_word' id='word_1_730' title='bbox 3289 4434 3349 4487; x_wconf 91' lang='lat' dir='ltr'><strong>et</strong></span> <span class='ocrx_word' id='word_1_731' title='bbox 3379 4444 3511 4487; x_wconf 89' lang='lat' dir='ltr'><strong>ma-</strong></span> 
     </span>
    </p>
   </div>
   <div class='ocr_carea' id='block_1_101' title="bbox 1872 4507 3509 4593">
    <p class='ocr_par' dir='ltr' id='par_1_101' title="bbox 1872 4507 3509 4593">
     <span class='ocr_line' id='line_1_101' title="bbox 1872 4507 3509 4593; baseline 0.007 -27"><span class='ocrx_word' id='word_1_732' title='bbox 1872 4525 1984 4584; x_wconf 90' lang='lat' dir='ltr'><strong>gno</strong></span> <span class='ocrx_word' id='word_1_733' title='bbox 2017 4511 2211 4566; x_wconf 90' lang='lat' dir='ltr'><strong>animo</strong></span> <span class='ocrx_word' id='word_1_734' title='bbox 2234 4507 2513 4569; x_wconf 88' lang='lat' dir='ltr'><strong>resistere</strong></span> <span class='ocrx_word' id='word_1_735' title='bbox 2545 4511 2877 4585; x_wconf 90' lang='lat' dir='ltr'><strong>tormentis,</strong></span> <span class='ocrx_word' id='word_1_736' title='bbox 2905 4519 2965 4574; x_wconf 91' lang='lat' dir='ltr'><strong>et</strong></span> <span class='ocrx_word' id='word_1_737' title='bbox 2992 4512 3141 4574; x_wconf 86' lang='lat' dir='ltr'><strong>nihil</strong></span> <span class='ocrx_word' id='word_1_738' title='bbox 3170 4532 3346 4593; x_wconf 87' lang='lat' dir='ltr'><strong>grave</strong></span> <span class='ocrx_word' id='word_1_739' title='bbox 3372 4533 3509 4578; x_wconf 89' lang='lat' dir='ltr'><strong>eum</strong></span> 
     </span>
    </p>
   </div>
   <div class='ocr_carea' id='block_1_102' title="bbox 1876 4595 3510 4684">
    <p class='ocr_par' dir='ltr' id='par_1_102' title="bbox 1876 4595 3510 4684">
     <span class='ocr_line' id='line_1_102' title="bbox 1876 4595 3510 4684; baseline 0.006 -28"><span class='ocrx_word' id='word_1_740' title='bbox 1876 4605 2136 4673; x_wconf 77' lang='lat' dir='ltr'><strong>tangere,</strong></span> <span class='ocrx_word' id='word_1_741' title='bbox 2184 4595 2363 4672; x_wconf 84' lang='lat' dir='ltr'><strong>jussit</strong></span> <span class='ocrx_word' id='word_1_742' title='bbox 2393 4597 2632 4676; x_wconf 91' lang='lat' dir='ltr'><strong>quidem</strong></span> <span class='ocrx_word' id='word_1_743' title='bbox 2691 4600 2947 4679; x_wconf 89' lang='lat' dir='ltr'><strong>lapidem</strong></span> <span class='ocrx_word' id='word_1_744' title='bbox 2997 4601 3223 4665; x_wconf 85' lang='lat' dir='ltr'><strong>devolvi</strong></span> <span class='ocrx_word' id='word_1_745' title='bbox 3253 4601 3325 4664; x_wconf 90' lang='lat' dir='ltr'><strong>ab</strong></span> <span class='ocrx_word' id='word_1_746' title='bbox 3381 4605 3510 4684; x_wconf 88' lang='lat' dir='ltr'><strong>ejus</strong></span> 
     </span>
    </p>
   </div>
   <div class='ocr_carea' id='block_1_103' title="bbox 1874 4684 3511 4771">
    <p class='ocr_par' dir='ltr' id='par_1_103' title="bbox 1874 4684 3511 4771">
     <span class='ocr_line' id='line_1_103' title="bbox 1874 4684 3511 4771; baseline 0.005 -24"><span class='ocrx_word' id='word_1_747' title='bbox 1874 4685 2071 4748; x_wconf 88' lang='lat' dir='ltr'><strong>collo:</strong></span> <span class='ocrx_word' id='word_1_748' title='bbox 2126 4684 2326 4746; x_wconf 76' lang='lat' dir='ltr'><strong>afferri</strong></span> <span class='ocrx_word' id='word_1_749' title='bbox 2376 4693 2570 4748; x_wconf 88' lang='lat' dir='ltr'><strong>autem</strong></span> <span class='ocrx_word' id='word_1_750' title='bbox 2605 4688 2896 4768; x_wconf 85' lang='lat' dir='ltr'><strong>ﬂagellum</strong></span> <span class='ocrx_word' id='word_1_751' title='bbox 2951 4691 3052 4752; x_wconf 69' lang='grc' dir='ltr'><strong>ωινί</strong></span> <span class='ocrx_word' id='word_1_752' title='bbox 3095 4692 3416 4771; x_wconf 87' lang='lat' dir='ltr'><strong>alligatum,</strong></span> <span class='ocrx_word' id='word_1_753' title='bbox 3453 4702 3511 4755; x_wconf 91' lang='lat' dir='ltr'><strong>et</strong></span> 
     </span>
    </p>
   </div>
   <div class='ocr_carea' id='block_1_104' title="bbox 1873 4775 3508 4860">
    <p class='ocr_par' dir='ltr' id='par_1_104' title="bbox 1873 4775 3508 4860">
     <span class='ocr_line' id='line_1_104' title="bbox 1873 4775 3508 4860; baseline 0.004 -22"><span class='ocrx_word' id='word_1_754' title='bbox 1873 4793 2009 4838; x_wconf 88' lang='lat' dir='ltr'><strong>eum</strong></span> <span class='ocrx_word' id='word_1_755' title='bbox 2054 4775 2257 4837; x_wconf 89' lang='lat' dir='ltr'><strong>tandiu</strong></span> <span class='ocrx_word' id='word_1_756' title='bbox 2290 4776 2600 4858; x_wconf 83' lang='lat' dir='ltr'><strong>ﬂagellari,</strong></span> <span class='ocrx_word' id='word_1_757' title='bbox 2633 4778 2824 4841; x_wconf 91' lang='lat' dir='ltr'><strong>donec</strong></span> <span class='ocrx_word' id='word_1_758' title='bbox 2876 4781 3004 4860; x_wconf 89' lang='lat' dir='ltr'><strong>ejus</strong></span> <span class='ocrx_word' id='word_1_759' title='bbox 3033 4788 3268 4860; x_wconf 82' lang='lat' dir='ltr'><strong>sanguis</strong></span> <span class='ocrx_word' id='word_1_760' title='bbox 3317 4783 3508 4844; x_wconf 90' lang='lat' dir='ltr'><strong>solum</strong></span> 
     </span>
    </p>
   </div>
   <div class='ocr_carea' id='block_1_105' title="bbox 1872 4864 3508 4950">
    <p class='ocr_par' dir='ltr' id='par_1_105' title="bbox 1872 4864 3508 4950">
     <span class='ocr_line' id='line_1_105' title="bbox 1872 4864 3508 4950; baseline 0.006 -25"><span class='ocrx_word' id='word_1_761' title='bbox 1872 4865 2169 4945; x_wconf 89' lang='lat' dir='ltr'><strong>impleret.</strong></span> <span class='ocrx_word' id='word_1_762' title='bbox 2200 4864 2305 4926; x_wconf 92' lang='lat' dir='ltr'><strong>llle</strong></span> <span class='ocrx_word' id='word_1_763' title='bbox 2324 4874 2520 4928; x_wconf 85' lang='lat' dir='ltr'><strong>autem</strong></span> <span class='ocrx_word' id='word_1_764' title='bbox 2544 4867 2718 4948; x_wconf 90' lang='lat' dir='ltr'><strong>plane</strong></span> <span class='ocrx_word' id='word_1_765' title='bbox 2737 4870 2974 4932; x_wconf 89' lang='lat' dir='ltr'><strong>adamas</strong></span> <span class='ocrx_word' id='word_1_766' title='bbox 3006 4871 3276 4950; x_wconf 89' lang='lat' dir='ltr'><strong>perstitit,</strong></span> <span class='ocrx_word' id='word_1_767' title='bbox 3309 4888 3375 4934; x_wconf 88' lang='lat' dir='ltr'><strong>se</strong></span> <span class='ocrx_word' id='word_1_768' title='bbox 3392 4871 3508 4934; x_wconf 88' lang='lat' dir='ltr'><strong>for-</strong></span> 
     </span>
    </p>
   </div>
   <div class='ocr_carea' id='block_1_106' title="bbox 1874 4955 3502 5040">
    <p class='ocr_par' dir='ltr' id='par_1_106' title="bbox 1874 4955 3502 5040">
     <span class='ocr_line' id='line_1_106' title="bbox 1874 4955 3502 5040; baseline 0.001 -22"><span class='ocrx_word' id='word_1_769' title='bbox 1874 4956 2012 5018; x_wconf 91' lang='lat' dir='ltr'><strong>titer</strong></span> <span class='ocrx_word' id='word_1_770' title='bbox 2041 4973 2273 5033; x_wconf 86' lang='lat' dir='ltr'><strong>gerens,</strong></span> <span class='ocrx_word' id='word_1_771' title='bbox 2312 4963 2370 5016; x_wconf 92' lang='lat' dir='ltr'><strong>et</strong></span> <span class='ocrx_word' id='word_1_772' title='bbox 2398 4955 2604 5018; x_wconf 81' lang='lat' dir='ltr'><strong>dicens</strong></span> <span class='ocrx_word' id='word_1_773' title='bbox 2633 4978 2646 5017; x_wconf 90' lang='lat'><strong>:</strong></span> <span class='ocrx_word' id='word_1_774' title='bbox 2684 4960 2808 5036; x_wconf 85' lang='lat' dir='ltr'><strong>Ago</strong></span> <span class='ocrx_word' id='word_1_775' title='bbox 2835 4957 2937 5019; x_wconf 90' lang='lat' dir='ltr'><strong>tibi</strong></span> <span class='ocrx_word' id='word_1_776' title='bbox 2967 4959 3204 5037; x_wconf 87' lang='lat' dir='ltr'><strong>gratias,</strong></span> <span class='ocrx_word' id='word_1_777' title='bbox 3230 4959 3502 5040; x_wconf 87' lang='lat' dir='ltr'><strong>Domine,</strong></span> 
     </span>
    </p>
   </div>
   <div class='ocr_carea' id='block_1_107' title="bbox 1872 5045 3502 5126">
    <p class='ocr_par' dir='ltr' id='par_1_107' title="bbox 1872 5045 3502 5126">
     <span class='ocr_line' id='line_1_107' title="bbox 1872 5045 3502 5126; baseline 0.001 -19"><span class='ocrx_word' id='word_1_778' title='bbox 1872 5045 2028 5125; x_wconf 92' lang='lat' dir='ltr'><strong>quod</strong></span> <span class='ocrx_word' id='word_1_779' title='bbox 2053 5062 2146 5104; x_wconf 90' lang='lat' dir='ltr'><strong>me</strong></span> <span class='ocrx_word' id='word_1_780' title='bbox 2179 5061 2284 5122; x_wconf 89' lang='lat' dir='ltr'><strong>pro</strong></span> <span class='ocrx_word' id='word_1_781' title='bbox 2311 5053 2410 5106; x_wconf 92' lang='lat' dir='ltr'><strong>tuo</strong></span> <span class='ocrx_word' id='word_1_782' title='bbox 2438 5045 2680 5108; x_wconf 89' lang='lat' dir='ltr'><strong>nomine</strong></span> <span class='ocrx_word' id='word_1_783' title='bbox 2709 5046 2979 5124; x_wconf 89' lang='lat' dir='ltr'><strong>dignatus</strong></span> <span class='ocrx_word' id='word_1_784' title='bbox 2999 5046 3079 5106; x_wconf 93' lang='lat' dir='ltr'><strong>sis</strong></span> <span class='ocrx_word' id='word_1_785' title='bbox 3108 5045 3309 5126; x_wconf 82' lang='lat' dir='ltr'><strong>flagris</strong></span> <span class='ocrx_word' id='word_1_786' title='bbox 3332 5047 3502 5109; x_wconf 60' lang='lat' dir='ltr'><strong>caedi.</strong></span> 
     </span>
    </p>
   </div>
   <div class='ocr_carea' id='block_1_108' title="bbox 1948 5134 3503 5215">
    <p class='ocr_par' dir='ltr' id='par_1_108' title="bbox 1948 5134 3503 5215">
     <span class='ocr_line' id='line_1_108' title="bbox 1948 5134 3503 5215; baseline 0.004 -21"><span class='ocrx_word' id='word_1_787' title='bbox 1948 5134 2044 5196; x_wconf 89' lang='lat' dir='ltr'><strong>XI.</strong></span> <span class='ocrx_word' id='word_1_788' title='bbox 2072 5136 2216 5196; x_wconf 87' lang='lat' dir='ltr'><strong>Cum</strong></span> <span class='ocrx_word' id='word_1_789' title='bbox 2248 5141 2446 5193; x_wconf 89' lang='lat' dir='ltr'><strong>autem</strong></span> <span class='ocrx_word' id='word_1_790' title='bbox 2471 5135 2839 5212; x_wconf 87' lang='lat' dir='ltr'><strong>cognovisset</strong></span> <span class='ocrx_word' id='word_1_791' title='bbox 2858 5134 3178 5215; x_wconf 89' lang='lat' dir='ltr'><strong>imperator</strong></span> <span class='ocrx_word' id='word_1_792' title='bbox 3205 5153 3342 5198; x_wconf 91' lang='lat' dir='ltr'><strong>eum</strong></span> <span class='ocrx_word' id='word_1_793' title='bbox 3369 5155 3503 5200; x_wconf 88' lang='lat' dir='ltr'><strong>esse</strong></span> 
     </span>
    </p>
   </div>
   <div class='ocr_carea' id='block_1_109' title="bbox 1869 5221 3502 5308">
    <p class='ocr_par' dir='ltr' id='par_1_109' title="bbox 1869 5221 3502 5308">
     <span class='ocr_line' id='line_1_109' title="bbox 1869 5221 3502 5308; baseline 0.004 -25"><span class='ocrx_word' id='word_1_794' title='bbox 1869 5223 2042 5304; x_wconf 89' lang='lat' dir='ltr'><strong>plane</strong></span> <span class='ocrx_word' id='word_1_795' title='bbox 2073 5221 2471 5295; x_wconf 89' lang='lat' dir='ltr'><strong>immobilem,</strong></span> <span class='ocrx_word' id='word_1_796' title='bbox 2499 5230 2557 5283; x_wconf 92' lang='lat' dir='ltr'><strong>et</strong></span> <span class='ocrx_word' id='word_1_797' title='bbox 2611 5223 2954 5303; x_wconf 84' lang='lat' dir='ltr'><strong>persuaderi</strong></span> <span class='ocrx_word' id='word_1_798' title='bbox 2985 5243 3101 5286; x_wconf 91' lang='lat' dir='ltr'><strong>non</strong></span> <span class='ocrx_word' id='word_1_799' title='bbox 3147 5243 3343 5308; x_wconf 89' lang='lat' dir='ltr'><strong>posse,</strong></span> <span class='ocrx_word' id='word_1_800' title='bbox 3375 5235 3438 5289; x_wconf 91' lang='lat' dir='ltr'><strong>ut</strong></span> <span class='ocrx_word' id='word_1_801' title='bbox 3467 5247 3502 5290; x_wconf 88' lang='lat' dir='ltr'><strong>a</strong></span> 
     </span>
    </p>
   </div>
   <div class='ocr_carea' id='block_1_110' title="bbox 167 5310 3497 5397">
    <p class='ocr_par' dir='ltr' id='par_1_110' title="bbox 167 5310 3497 5397">
     <span class='ocr_line' id='line_1_110' title="bbox 167 5310 3497 5397; baseline 0.004 -31"><span class='ocrx_word' id='word_1_802' title='bbox 167 5310 523 5382; x_wconf 80' lang='lat' dir='ltr'><strong>satellitibus,</strong></span> <span class='ocrx_word' id='word_1_803' title='bbox 554 5319 617 5372; x_wconf 93' lang='lat' dir='ltr'><strong>ut</strong></span> <span class='ocrx_word' id='word_1_804' title='bbox 650 5311 933 5374; x_wconf 90' lang='lat' dir='ltr'><strong>viderent.</strong></span> <span class='ocrx_word' id='word_1_805' title='bbox 983 5311 1071 5373; x_wconf 86' lang='lat' dir='ltr'><strong>Illi</strong></span> <span class='ocrx_word' id='word_1_806' title='bbox 1104 5332 1241 5375; x_wconf 92' lang='lat' dir='ltr'><strong>vero</strong></span> <span class='ocrx_word' id='word_1_807' title='bbox 1276 5315 1330 5376; x_wconf 91' lang='lat' dir='ltr'><strong>ci</strong></span> <span class='ocrx_word' id='word_1_808' title='bbox 1361 5316 1567 5377; x_wconf 89' lang='lat' dir='ltr'><strong>dicunt</strong></span> <span class='ocrx_word' id='word_1_809' title='bbox 1603 5333 1616 5378; x_wconf 93' lang='lat'><strong>:</strong></span> <span class='ocrx_word' id='word_1_810' title='bbox 1669 5315 1781 5376; x_wconf 87' lang='lat' dir='ltr'><strong>Per</strong></span> <span class='ocrx_word' id='word_1_811' title='bbox 1863 5331 1969 5375; x_wconf 90' lang='lat' dir='ltr'><strong>sua</strong></span> <span class='ocrx_word' id='word_1_812' title='bbox 1993 5310 3044 5394; x_wconf 84' lang='lat' dir='ltr'><strong>dimoverctursententia,convocato</strong></span> <span class='ocrx_word' id='word_1_813' title='bbox 3067 5315 3497 5397; x_wconf 87' lang='lat' dir='ltr'><strong>concilio(pro-</strong></span> 
     </span>
    </p>
   </div>
   <div class='ocr_carea' id='block_1_111' title="bbox 167 5394 1779 5485">
    <p class='ocr_par' dir='ltr' id='par_1_111' title="bbox 167 5394 1779 5485">
     <span class='ocr_line' id='line_1_111' title="bbox 167 5394 1779 5485; baseline 0.007 -31"><span class='ocrx_word' id='word_1_814' title='bbox 167 5394 569 5485; x_wconf 82' lang='lat' dir='ltr'><strong>divinissimam</strong></span> <span class='ocrx_word' id='word_1_815' title='bbox 602 5410 759 5462; x_wconf 92' lang='lat' dir='ltr'><strong>tuam</strong></span> <span class='ocrx_word' id='word_1_816' title='bbox 816 5407 1116 5482; x_wconf 88' lang='lat' dir='ltr'><strong>pietatem,</strong></span> <span class='ocrx_word' id='word_1_817' title='bbox 1156 5423 1374 5485; x_wconf 91' lang='lat' dir='ltr'><strong>corpus</strong></span> <span class='ocrx_word' id='word_1_818' title='bbox 1404 5405 1583 5468; x_wconf 87' lang='lat' dir='ltr'><strong>habet</strong></span> <span class='ocrx_word' id='word_1_819' title='bbox 1631 5406 1779 5467; x_wconf 88' lang='lat' dir='ltr'><strong>adeo</strong></span> 
     </span>
    </p>
   </div>
   <div class='ocr_carea' id='block_1_112' title="bbox 1869 5399 3495 5485">
    <p class='ocr_par' dir='ltr' id='par_1_112' title="bbox 1869 5399 3495 5485">
     <span class='ocr_line' id='line_1_112' title="bbox 1869 5399 3495 5485; baseline 0.003 -23"><span class='ocrx_word' id='word_1_820' title='bbox 1869 5399 2108 5482; x_wconf 88' lang='lat' dir='ltr'><strong>perabat</strong></span> <span class='ocrx_word' id='word_1_821' title='bbox 2139 5399 2298 5461; x_wconf 91' lang='lat' dir='ltr'><strong>enim</strong></span> <span class='ocrx_word' id='word_1_822' title='bbox 2329 5399 2419 5462; x_wconf 91' lang='lat' dir='ltr'><strong>ire</strong></span> <span class='ocrx_word' id='word_1_823' title='bbox 2472 5400 2772 5485; x_wconf 86' lang='lat' dir='ltr'><strong>Romam),</strong></span> <span class='ocrx_word' id='word_1_824' title='bbox 2805 5402 2937 5465; x_wconf 91' lang='lat' dir='ltr'><strong>tulit</strong></span> <span class='ocrx_word' id='word_1_825' title='bbox 2976 5403 3038 5465; x_wconf 87' lang='lat' dir='ltr'><strong>in</strong></span> <span class='ocrx_word' id='word_1_826' title='bbox 3081 5423 3215 5466; x_wconf 95' lang='lat' dir='ltr'><strong>eum</strong></span> <span class='ocrx_word' id='word_1_827' title='bbox 3245 5413 3495 5468; x_wconf 87' lang='lat' dir='ltr'><strong>senten-</strong></span> 
     </span>
    </p>
   </div>
   <div class='ocr_carea' id='block_1_113' title="bbox 170 5484 3495 5578">
    <p class='ocr_par' dir='ltr' id='par_1_113' title="bbox 170 5484 3495 5578">
     <span class='ocr_line' id='line_1_113' title="bbox 170 5484 3495 5578; baseline 0.004 -33"><span class='ocrx_word' id='word_1_828' title='bbox 170 5484 1526 5578; x_wconf 81' lang='lat' dir='ltr'><strong>delicatum,etomnimaculavacuum,perinde</strong></span> <span class='ocrx_word' id='word_1_829' title='bbox 1549 5515 1616 5559; x_wconf 90' lang='lat' dir='ltr'><strong>ac</strong></span> <span class='ocrx_word' id='word_1_830' title='bbox 1640 5497 1782 5557; x_wconf 92' lang='lat' dir='ltr'><strong>sine</strong></span> <span class='ocrx_word' id='word_1_831' title='bbox 1867 5490 2293 5569; x_wconf 90' lang='lat' dir='ltr'><strong>tiam,dicens:</strong></span> <span class='ocrx_word' id='word_1_832' title='bbox 2356 5484 2852 5576; x_wconf 56' lang='lat' dir='ltr'><strong>Mercuriumqui</strong></span> <span class='ocrx_word' id='word_1_833' title='bbox 2898 5493 3038 5556; x_wconf 91' lang='lat' dir='ltr'><strong>deos</strong></span> <span class='ocrx_word' id='word_1_834' title='bbox 3069 5491 3213 5556; x_wconf 88' lang='lat' dir='ltr'><strong>nihil</strong></span> <span class='ocrx_word' id='word_1_835' title='bbox 3269 5493 3407 5558; x_wconf 85' lang='lat' dir='ltr'><strong>fecit</strong></span> <span class='ocrx_word' id='word_1_836' title='bbox 3437 5503 3495 5560; x_wconf 88' lang='lat' dir='ltr'><strong>et</strong></span> 
     </span>
    </p>
   </div>
   <div class='ocr_carea' id='block_1_114' title="bbox 235 5674 698 5764">
    <p class='ocr_par' dir='ltr' id='par_1_114' title="bbox 235 5674 698 5764">
     <span class='ocr_line' id='line_1_114' title="bbox 235 5674 698 5764; baseline 0.022 -28"><span class='ocrx_word' id='word_1_837' title='bbox 235 5674 260 5724; x_wconf 79' lang='grc'><strong>4</strong></span> <span class='ocrx_word' id='word_1_838' title='bbox 286 5674 479 5744; x_wconf 67' lang='lat' dir='ltr'><strong>Matth.</strong></span> <span class='ocrx_word' id='word_1_839' title='bbox 510 5693 568 5764; x_wconf 84' lang='lat' dir='ltr'><strong>x,</strong></span> <span class='ocrx_word' id='word_1_840' title='bbox 601 5677 698 5746; x_wconf 76' lang='lat'><strong>28.</strong></span> 
     </span>
    </p>
   </div>
  </div>
