3992 6134
443 359 561 432 275

1754 359 2036 426 MENSIS
2077 361 2516 426 NOVEMBER.

3687 354 3791 423 276

449 495 850 564 venerandum
867 495 1179 560 decretum
1196 505 1419 559 nostra;
1436 497 1906 559 mansuetudinis
1921 499 2090 562 nihili
2114 506 2150 555 A
2175 497 2374 562 Facite
2406 497 2564 583 quod
2594 496 2762 562 vobis
2803 497 2909 561 fuit
2938 496 3316 578 imperatum,
3353 493 3497 558 nihil
3529 503 3797 559 cunctan-

443 590 682 670 putavit,
706 587 883 669 jubet
908 587 1001 668 pia
1026 597 1228 648 nostra
1254 587 1516 666 potentia
1535 587 1669 647 duci
1698 587 1756 647 in
1791 590 2100 668 regionem

445 679 888 759 Cappadocum,
931 686 990 738 et
1021 677 1072 738 ei
1121 683 1298 756 caput
1325 677 1624 755 amputari
1659 679 1731 737 ad
1767 680 2101 757 exemplum

445 765 951 829 multorum.Nam
978 767 1316 846 quicunque
1345 765 1567 825 resistit
1598 767 2106 848 imperatoripost

450 858 638 919 multa
670 864 964 918 tormenta
995 855 1345 933 subjicietur
1383 855 1561 932 gladii
1595 857 1908 935 supplicio.
1960 858 2104 920 Cum

443 947 648 1028 itaque
673 965 806 1008 eum
824 945 1199 1024 accepissent
1219 944 1260 1005 ii
1281 944 1494 1022 quibus
1517 945 1710 1005 fuerat
1736 946 2100 1021 mandatum,

445 1037 742 1098 duxerunt
774 1035 1018 1103 animal,
1054 1042 1112 1094 et
1145 1042 1466 1112 portantes,
1498 1052 1659 1113 eum,
1692 1036 2106 1114 imposuerunt

439 1126 701 1187 vinctum
757 1124 1038 1203 utrinque
1071 1122 1283 1198 valide,
1321 1131 1446 1182 erat
1500 1123 1657 1182 enim
1693 1141 1906 1203 corpus
1939 1144 2100 1186 mar-

442 1216 584 1294 tyris
613 1214 932 1276 admodum
963 1212 1343 1272 dissolutum.
1372 1211 1441 1272 Et
1465 1213 1772 1273 venientes
1805 1215 1861 1274 in
1891 1216 2097 1277 diver-

438 1304 692 1374 sorium,
731 1321 865 1362 eum
905 1299 1128 1361 sensim
1165 1300 1561 1379 deponentes,
1600 1301 1898 1363 faciebant
1929 1307 2098 1384 quie-

437 1410 632 1454 scere.
667 1391 887 1470 Sicque
915 1407 1047 1450 cum
1077 1389 1281 1466 paucis
1305 1389 1516 1450 diebus
1541 1391 1782 1469 longum
1810 1393 1919 1453 iter
1949 1413 2097 1454 con-

439 1483 1051 1551 fecissent,venerunt
1075 1480 1526 1540 CaesareamAd
1545 1499 1679 1540 eum
1697 1492 1897 1543 autem
1924 1501 2100 1544 acce-

441 1571 591 1632 dens
616 1567 1103 1641 Dominus,dixit:
1135 1567 1413 1641 Mercuri,
1440 1567 1724 1630 atlesdum
1755 1581 1810 1631 (ι
1832 1573 2096 1651 quiesce.

443 1662 701 1722 Cursum
731 1657 1184 1734 consummasti,
1213 1656 1389 1717 [idem
1413 1658 1893 1739 servasti,accipe
1922 1678 2098 1722 coro-

439 1765 575 1808 nam
616 1757 730 1807 tuaa
759 1745 1214 1806 decertationis.
1263 1746 1662 1807 Constitutum
1697 1749 1855 1808 enim
1891 1760 2000 1828 est,
2039 1757 2102 1810 ut

442 1845 502 1898 tu
533 1835 631 1898 hic
665 1834 1122 1896 consummeris.
1160 1831 1376 1913 Martyr
1401 1845 1596 1896 autem
1646 1834 1978 1900 Servatoris
2009 1839 2098 1899 vi-

438 1925 610 1987 sione
643 1923 1092 1994 corroboratus,
1125 1922 1266 1982 dicit
1296 1923 1390 1998 iis,
1417 1925 1518 2000 qui
1555 1935 1726 1986 erant
1758 1945 1893 1988 cum
1930 1929 2096 2008 ipso:

1580 2090 1834 2101 —_—.——r

2189 598 2297 650 tes.
2335 591 2623 652 Dominus
2642 597 2867 669 autem,
2892 589 2992 668 qui
3016 596 3186 649 vocat
3213 605 3418 648 omnes
3437 586 3510 647 ad
3533 587 3804 662 pmniten-

2187 679 2351 758 tiam,
2389 697 2493 739 vos
2523 697 2764 759 quoque
2795 696 2899 739 sua
2933 678 3118 756 gratia
3141 675 3489 752 dignabitur.
3518 674 3654 735 Nam
3684 694 3805 737 cum

2187 769 2264 830 sit
2297 768 2488 841 dives,
2524 767 2749 829 affatim
2783 767 2968 827 donat
2993 767 3146 825 bona
3169 783 3275 825 sua
3301 765 3369 826 iis
3399 765 3497 844 qui
3519 765 3806 826 accedunt.

2189 859 2332 919 Haec
2363 876 2495 918 cum
2525 857 2793 930 dixisset,
2830 865 3006 934 caput
3034 856 3143 916 fuit
3174 854 3226 914 ei
3260 861 3644 932 amputatum,
3675 872 3810 913 con-

2187 955 2634 1026 summatusque
2659 945 2768 1006 fuit
2798 945 2859 1005 in
2879 943 3257 1007 confessione
3289 943 3618 1004 Servatoris
3640 961 3691 1002 ιιι
3713 943 3810 1004 stri

2187 1037 2317 1098 Dei.

2267 1124 2392 1187 Xll.
2427 1123 2666 1186 Factum
2690 1131 2778 1185 est
2802 1133 3028 1197 autem,
3054 1120 3207 1200 quod
3243 1129 3462 1200 praeter
3482 1121 3801 1198 Opinionem

2183 1225 2294 1288 est,
2332 1214 2437 1276 Dei
2492 1214 2842 1274 miraculum
2879 1212 3104 1274 mensis
3147 1209 3494 1271 Novembris
3543 1210 3805 1272 vicesimo

2182 1303 2556 1385 quinto.Post
2580 1304 2712 1381 ejus
2735 1301 3310 1362 consummationem
3334 1299 3550 1360 factum
3576 1307 3659 1360 est
3679 1318 3803 1360 cor~

2185 1411 2292 1472 pus
2344 1392 2615 1472 martyris
2645 1391 2844 1452 album
2899 1390 3050 1451 sicut
3109 1390 3226 1461 nix,
3261 1389 3539 1450 emittens
3583 1406 3804 1449 suavem

2185 1483 2428 1542 odorem
2455 1491 2896 1560 unguentorum
2930 1491 2982 1540 et
3015 1479 3342 1557 sufﬁtuum,
3367 1489 3429 1539 et
3454 1491 3684 1557 propter
3707 1480 3805 1538 hoc

2183 1573 2415 1650 signum
2477 1570 2649 1631 multi
2681 1570 2821 1630 facti
2855 1580 2991 1630 sunt
3045 1569 3380 1630 Christiani.
3418 1567 3811 1648 Deposueruut

2183 1671 2378 1722 autem
2412 1669 2682 1720 sanctum
2712 1659 2771 1719 in
2797 1659 2926 1720 loco
2949 1656 3298 1736 insigni,ubi
3335 1657 3483 1718 fiunt
3507 1657 3806 1717 multamu-

2183 1750 2446 1810 rationes
2477 1749 2546 1808 ad
2582 1749 2826 1826 gloriam
2861 1747 2969 1810 Dei
3021 1747 3236 1825 Patris,
3269 1754 3329 1806 et
3363 1746 3598 1808 Domini
3642 1750 3807 1805 nostri

2181 1839 2323 1901 Jesu
2353 1837 2597 1917 Christi,
2631 1837 2808 1897 simul
2843 1854 2975 1897 cum
3008 1844 3216 1896 sancto
3247 1835 3497 1915 Spiritu,
3530 1835 3589 1894 in
3609 1835 3810 1894 saecula

2184 1927 2565 1989 saeculorum.
2600 1929 2812 1989 Arnen.

1803 2213 2450 2300 MAPTYPION

1050 2377 1184 2426 ΤΗΣ
1230 2377 1427 2428 ΑΓΙΛΣ
1477 2381 1588 2429 ΚΑΙ
1636 2376 2046 2430 ΚΑΛΛΙΝΙΚΟΓ
2093 2379 2715 2431 ΜΕΓΑΛΟΜΑΡΤΥΡΟΣ
2762 2380 2888 2430 ΤΟΥ
2935 2377 3216 2428 ΧΡΙΣΤΟΥ

1481 2522 2752 2656 ΑΙΚΑΤΕΡΙΝΗΣ.

807 2929 1478 3024 MARTYRIUM
1576 2929 2034 3015 SANCTKE
2131 2934 2268 3018 ET
2353 2934 2765 3020 MAGNZE
2862 2931 3433 3019 MABTYRIS

1476 3140 2760 3292 XECATERINXE-

1279 3390 1480 3464 (Surius
1521 3391 1579 3446 ad
1622 3389 1750 3447 diem
1799 3391 1870 3448 25
1907 3393 2030 3449 Nov.
2069 3410 2081 3458 ;

505 3683 553 3745 Ι.
611 3682 944 3760 lmperante
990 3678 1172 3760 impio
1218 3677 1514 3741 Maxentio
1570 3680 1684 3759 (1),
1719 3679 2121 3742 universumc
2225 3681 2308 3740 A'.

423 3770 744 3852 imperium
761 3769 1165 3832 Romanorum
1188 3768 1659 3849 amplectebatur
1677 3768 1922 3848 impium
1949 3771 2071 3832 cul-

423 3868 552 3920 tum
577 3859 942 3923 daemonum.
973 3856 1026 3918 Is
1059 3857 1218 3917 enim
1252 3855 1630 3918 Alexandria;
1657 3857 1987 3934 przesidens
2014 3859 2072 3920 in

424 3949 661 4011 excelso
710 3956 768 4008 et
799 3945 1040 4007 sublimi
1094 3945 1400 4025 tribunali,
1437 3945 1632 4006 emisit
1667 3946 1783 4006 hoc
1817 3947 2072 4023 impium

425 4037 711 4111 edictum,
747 4045 812 4096 ut
842 4053 1050 4095 omnes
1081 4034 1280 4114 simul,
1316 4034 1415 4114 qui
1449 4043 1620 4096 erant
1649 4035 1706 4094 in
1741 4035 1869 4112 ejus
1902 4045 2072 4112 pote-

424 4133 576 4188 state
625 4143 695 4187 ac
745 4124 996 4198 ditione,
1032 4122 1371 4184 simulacris
1423 4123 1848 4184 sacriﬁcarent.
1908 4123 2078 4186 Unde

425 4215 601 4278 etiam
637 4233 746 4295 per
774 4212 1120 4285 universum
1156 4214 1492 4275 Romanum
1529 4211 1843 4290 imperium
1882 4214 2074 4274 mani-

423 4305 572 4366 festa
604 4305 865 4376 fuerunt,
901 4321 1034 4383 quae
1083 4302 1321 4363 decreta
1353 4302 1604 4362 fuerant.
1643 4299 1854 4360 litteris
1906 4301 1985 4363 ita
2015 4323 2079 4363 se

424 4390 781 4452 habentibus
819 4412 831 4454 :
896 4393 1234 4470 imperator
1264 4386 1591 4448 Maxentius
1648 4387 1945 4463 omnibus,
1981 4393 2078 4471 qui

427 4490 566 4540 sunt
598 4481 655 4540 in
692 4499 824 4541 mea
860 4479 1112 4553 ditione,
1145 4478 1418 4539 salutem.
1469 4475 1742 4556 Magnum
1771 4482 2075 4542 consecuti

423 4566 782 4630 beneficium
815 4586 848 4628 a
871 4568 1119 4628 deorum
1149 4565 1724 4646 benignitate,veluti
1759 4571 2072 4647 quamdam

422 4657 600 4736 hujus
655 4655 1077 4718 munificentia:
1131 4656 1694 4731 remunerationem,
1732 4660 2074 4724 censuimus

422 4765 536 4808 nos
561 4745 647 4807 eis
669 4751 952 4827 oportere
975 4745 1189 4807 offerre
1221 4745 1535 4808 sacrificia.
1571 4744 1794 4808 Omnes
1821 4767 1985 4828 ergo,
2024 4751 2074 4811 si

421 4834 552 4898 ﬁeri
577 4844 793 4916 potest,
817 4835 888 4896 ad
916 4854 1024 4896 nos
1046 4835 1377 4910 venientes,
1405 4835 1703 4897 ostendite
1725 4850 1976 4900 vestram
2012 4841 2073 4902 in

421 4943 668 5006 magnos
721 4924 867 4987 deos
899 4923 1373 4986 benevolentiam
1410 4942 1426 5000 ;
1478 4924 1735 4987 scientes
1765 4931 1920 5006 quod
1973 4935 2070 5010 qui

419 4994 838 5078 hoc'nostrum
868 5013 1130 5076 edictum
1165 4994 1614 5094 contempserit,
1642 5023 1700 5075 et
1723 4994 1797 5077 ad
1827 4994 2008 5080 alieni
2035 5039 2069 5082 a
2095 4994 2136 5045 θ

419 5102 592 5164 nobis
625 5104 984 5183 prohibitam
1011 5103 1315 5183 aspexerit
1343 5103 1719 5182 religionem,
1746 5115 1804 5167 et
1835 5109 2068 5172 excidet

417 5191 492 5252 ab
525 5193 652 5271 ipsa
681 5212 892 5272 magna
923 5193 1170 5254 deorum
1214 5191 1658 5271 benevolentia,
1694 5203 1751 5256 et
1778 5197 2064 5278 subjicie-

417 5286 513 5342 tur
541 5297 575 5342 a
605 5280 777 5344 nobis
809 5281 981 5343 malis
1015 5281 1321 5345 extremis.

492 5534 566 5598 II.
593 5535 739 5599 Cum
770 5537 860 5599 ba:
881 5537 1101 5601 litterae
1131 5538 1191 5599 in
1219 5556 1456 5600 omnem
1493 5547 1722 5620 partem
1757 5551 2055 5624 pervasis-

490 5670 574 5752 (1)
605 5671 986 5736 Maximinus
1017 5673 1332 5752 legendum
1371 5673 1460 5738 :is
1496 5673 1655 5735 enim
1687 5675 1796 5738 fuit
1823 5682 2109 5766 Orientis,

2152 3393 2325 3452 Grece
2376 3411 2437 3450 ex
2491 3395 2600 3452 cod.
2645 3412 2742 3454 nis.
2787 3395 2972 3466 1525.)

2404 3683 2776 3748 Βισιλεύοντος
2862 3689 2954 3742 τοῦ
3035 3683 3392 3742 ἆσεϐεστέτου
3497 3680 3789 3752 Μαξεντίου,

2159 3779 2302 3829 πᾶσα
2365 3775 2399 3841 ἡ
2473 3777 2576 3830 τῶν
2647 3776 2922 3851 Ῥωμαίων
2997 3778 3144 3855 ἄρχῃ
3209 3777 3306 3843 τῆς
3382 3771 3635 3851 βδελυρᾶς
3703 3772 3798 3824 τῶν

2157 3859 2422 3936 δκιμόνιον
2492 3863 2832 3922 ἀντεποιεῖτο
2903 3867 3175 3942 θρηκείσις.
3246 3864 3411 3926 Οὗτος
3468 3863 3613 3941 γὰρ,
3675 3880 3796 3934 προ·

2158 3955 2374 4017 καθίσας
2435 3955 2508 4016 εἰς
2569 3953 2963 4032 Ἀλεξάνδρεικν
3023 3956 3108 4011 ἐπὶ
3178 3957 3422 4031 βήματος
3479 3951 3686 4029 ὑψηλοῦ
3747 3969 3796 4002 τε

2158 4043 2243 4096 καὶ
2307 4042 2576 4120 μετεώρου
2632 4051 2786 4100 τοῦτο
2837 4043 2900 4112 δὴ
2956 4047 3013 4100 τὸ
3071 4043 3316 4109 δυσσεϐὲς
3376 4043 3578 4109 ἐξέθετο
3648 4041 3798 4118 πρόσο

2159 4153 2340 4206 τκγμα
2401 4135 2494 4188 τοῦ
2543 4135 2745 4197 πάντας
2806 4137 2940 4208 ὁμοῦ
3001 4134 3121 4199 τοὺς
3173 4136 3273 4190 ὑπὸ
3331 4137 3429 4202 τὴν
3490 4138 3646 4193 αὐτοῦ
3699 4150 3799 4186 κει·

2161 4219 2349 4292 μένους
2425 4221 2655 4286 ἐξουσίαν
2743 4224 2918 4286 θυσίας
3005 4237 3121 4288 τοῖς
3200 4221 3435 4288 εὶδώλοις
3515 4225 3791 4280 ἐπιτελεῖν·

2164 4306 2277 4364 ὅθεν
2349 4313 2436 4367 καὶ
2487 4321 2770 4392 πανταχοῦ
2830 4319 2926 4380 τῆς
2992 4311 3307 4387 Ῥωμαϊκῆς
3377 4314 3554 4393 ἀρχῆς
3613 4309 3796 4390 φκνερὰ

2164 4401 2384 4465 καθίστη
2457 4401 2520 4457 τὰ
2593 4399 2881 4480 δεδογμένα
2952 4405 3265 4482 γράμμασιν
3335 4403 3556 4480 ἔχουσιν
3615 4399 3769 4460 οὕτως

2160 4486 2410 4553 Βασιλεὺς
2473 4487 2758 4555 Μαξὲντιος
2789 4498 2920 4548 πᾶσι
2979 4505 3096 4556 τοῖς
3154 4493 3254 4547 ὑπὸ
3311 4494 3407 4560 τὴν
3456 4493 3592 4566 ἒμὴν
3649 4489 3790 4555 ἔξω·

2158 4577 2273 4631 σίαν
2344 4580 2573 4657 χαίρειν,
2639 4579 2889 4658 Μεγάλης
2948 4581 3246 4658 εὐεργεσίας
3321 4582 3461 4660 παρὰ
3523 4586 3620 4647 τῆς
3693 4583 3790 4634 τῶν

2157 4669 2288 4720 θεῶν
2347 4669 2613 4742 εὐμενείας
2673 4671 3060 4748 τετυχηκότες,
3107 4670 3177 4734 ὥς
3238 4692 3353 4728 τινα
3400 4671 3494 4738 τῆς
3553 4668 3790 4730 τοιαύτης

2159 4755 2330 4811 αὐτῶν
2387 4756 2792 4835 μεγαλοδωρεᾰς
2844 4758 3101 4839 ἀμοιϐὴν,
3165 4761 3475 4838 προσφέρειν
3545 4760 3790 4833 ᾠήθημεν

2157 4846 2249 4907 τὰς
2309 4847 2487 4910 θυσίας
2556 4851 2763 4912 αὐτοῖς,
2826 4847 3024 4912 Πάντες
3105 4852 3400 4927 τοιγαροῦν,
3465 4850 3508 4905 εἰ
3561 4846 3784 4915 δυνατὸν,

2155 4935 2446 5011 φθάσαντες
2530 4938 2630 5003 ἕως
2712 4939 2890 5014 ἡμῶν,
2954 4938 3054 5004 τήν
3140 4938 3256 5012 περὶ
3339 4939 3461 5002 τοὺς
3535 4933 3786 5014 μεγάλους

2153 5025 2299 5083 Θεοὺς
2388 5023 2590 5083 εὔνοιαν
2677 5029 2819 5102 ὓμῶν
2903 5025 3216 5091 ἐπιδείξασθε
3252 5074 3270 5101 ,
3345 5025 3536 5090 εἰδότες
3624 5026 3694 5088 ὡς
3763 5024 3786 5077 ὁ

2150 5114 2212 5168 τὸ
2293 5124 2535 5174 τοιοῦτον
2616 5119 2771 5190 ἡμῶν
2845 5115 3110 5193 διάταγμα
3183 5121 3450 5196 παρορῶν,
3511 5116 3597 5172 καὶ
3663 5112 3784 5190 πρὸς

2149 5200 2329 5278 ἑτέραν
2403 5206 2858 5283 ἄπηγορεομένην
2931 5206 3071 5281 ἡμῖν
3159 5205 3428 5262 ἀπονεύων
3494 5203 3786 5282 θρησκείαν,

2146 5291 2308 5359 cat-31;..-
2376 5316 2430 5351 τε
2495 5300 2594 5360 τῆς
2663 5295 2906 5371 μεγάλης
2965 5303 3071 5352 τῶν
3137 5298 3268 5351 θεῶν
3334 5295 3636 5352 ἐκπεσεῖται
3692 5315 3784 5370 φι-

2144 5378 2507 5462 λανθρῶπίας,
2565 5385 2652 5442 καὶ
2712 5385 2837 5462 παρ’
2913 5387 3067 5460 ἡμῶν
3137 5397 3326 5448 κακοῖς
3367 5398 3480 5451 τοῖς
3547 5382 3788 5462 ἐσχάτοις

2141 5471 2588 5544 ὑποϐληθήσεται.

2231 5561 2292 5616 Β¹
2368 5566 2577 5621 Τούτων
2638 5571 2741 5622 τὼν
2811 5565 3138 5644 γραμμάτων
3193 5574 3471 5644 πανταχοῦ
3521 5562 3784 5639 διαπεφοι-

2144 5692 2471 5759 Maxentius
2499 5697 2868 5774 Occidentis,
2902 5698 3249 5780 imperator.
