3918 6138
190 382 292 452 277

1276 388 1748 455 MARTYRIUM
1793 390 1857 457 S.
1915 390 2410 460 CATHARINE.

3417 357 3534 465 278

187 525 427 600 mittito»,
458 523 520 590 ἦν
571 516 707 577 ἰδεῖν
763 516 1040 599 συῤῥέοντα
1097 517 1278 590 πλήθη
1337 523 1466 598 πρὸς
1525 524 1685 580 αὐτὸν
1715 531 1791 600 τῷ

1929 534 2026 598 int,
2061 525 2277 588 licebat
2305 526 2508 590 videre
2539 529 2938 591 conﬂuentem
2971 529 3046 592 ad
3094 527 3286 610 ipsum
3323 531 3537 595 multi-

188 608 316 689 φόϐῳ
361 611 462 666 τῶν
518 609 775 684 ἀπειλῶν,
835 616 942 667 τῶν
993 610 1090 685 μὲν
1139 607 1377 689 πρόϐατα
1417 611 1505 668 καὶ
1535 613 1664 688 βόας
1696 613 1798 670 ἐπ..

186 699 456 776 αγομένων,
516 701 621 757 τὼν
677 697 731 755 δε
789 701 876 755 καὶ
931 701 1143 777 ὀρνίθων
1199 700 1328 778 γένη
1387 700 1627 774 ποικίλα,
1661 702 1800 759 ὥστε

184 789 325 852 οὐδεὶς
390 788 604 856 εὐτελὴς
677 789 767 867 ἦν,
846 788 982 845 ἀλλὰ
1065 790 1189 867 περί
1279 791 1379 858 τὴν
1462 793 1800 868 παρασκευὴν

186 879 353 942 πάντες
407 879 640 954 ἐγίνοντο
701 879 796 946 τῆς
855 880 1056 944 θυσίας.
1117 880 1246 942 Τοὺς
1307 891 1404 954 μεν
1464 881 1565 958 γὰρ
1631 879 1801 936 πλου-

187 970 304 1031 σίους
353 967 560 1044 μεγάλα
606 973 717 1038 ζῶα
768 970 898 1046 πρὸς
948 971 1048 1036 τὴν
1095 969 1318 1036 τελετὴν
1373 968 1567 1047 ὥριστο
1627 968 1797 1048 ἄγειν,

189 1058 322 1132 μικρὰ
349 1055 399 1112 δὲ
429 1058 554 1118 τοὺς
583 1057 844 1132 πένητας,
896 1060 974 1116 ὡς
1025 1059 1233 1131 ἑκάστῳ
1370 1080 1426 1114 τε
1485 1061 1605 1139 χεὶρ
1636 1058 1800 1115 εὔπο-

188 1147 484 1222 ροίη,καίἡ
537 1149 674 1224 πρὸς
733 1149 858 1212 τοὺς
915 1149 1061 1212 θεοὺς
1120 1148 1292 1204 εύνοια
1351 1147 1493 1226 ἔχοι.
1559 1147 1800 1205 Μαλιστα

1882 615 2157 677 tudinem
2194 627 2354 678 metu
2391 617 2682 678 minarum
2717 640 2728 680 :
2765 637 3018 698 quorum
3047 620 3405 702 aliiquidem
3429 621 3534 684 ad-

1884 705 2180 767 ducebant
2213 724 2350 768 oves
2381 714 2439 766 et
2469 705 2690 789 boves;
2726 707 2828 769 alii
2863 719 3062 772 autem
3107 713 3271 772 varia
3313 730 3534 792 genera

1883 795 2099 857 avium.
2134 794 2338 877 Neque
2358 804 2482 857 erat
2509 797 2664 858 ullus
2687 797 3106 872 immunis,sed
3136 809 3302 863 erant
3324 821 3535 866 omnes

1885 883 2094 944 intenti
2126 883 2183 945 in
2221 893 2504 966 apparatu
2534 886 2830 948 sacriﬁcii.
2859 892 3009 953 Nam
3038 892 3135 971 qui
3170 899 3340 952 erant
3364 892 3533 956 valde

1885 973 2117 1046 divites,
2153 975 2538 1035 constitutum
2574 988 2726 1056 erat,
2758 985 2822 1037 ut
2855 996 3068 1056 magna
3110 979 3389 1042 animalia
3422 982 3536 1044 ad-

1885 1062 2174 1124 ducerent
2205 1063 2275 1123 ad
2309 1063 2664 1125 sacriﬁcium
2694 1086 2708 1126 :
2763 1084 2936 1144 parva
2972 1075 3167 1130 autem
3217 1089 3532 1152 pauperes,

1883 1161 2058 1231 prout
2089 1153 2410 1234 unicuique
2442 1153 2844 1234 suppetebant
2903 1157 3236 1240 facultates,
3297 1168 3356 1221 et
3406 1172 3539 1224 erat

1884 1241 2358 1324 uniuscujusque
2391 1244 2448 1303 in
2481 1243 2626 1305 deos
2656 1243 3089 1308 benevolentia.
3138 1248 3225 1311 Ad
3258 1251 3537 1328 magniﬁ-

1880 1337 2137 1394 centiam
2172 1341 2369 1394 autem
2403 1350 2504 1393 eos
2537 1334 2789 1395 maxime
2847 1336 3131 1398 incitabat
3185 1343 3533 1419 imperator,

1877 1420 2132 1484 aﬂ'erens
2163 1421 2232 1482 ad
2263 1421 2716 1482 sacriﬁcandum
2750 1431 2988 1484 centum
3025 1434 3081 1487 et
3135 1426 3368 1505 triginta
3403 1435 3536 1489 tau—

1878 1527 2000 1574 ros.
2068 1508 2212 1572 Cum
2271 1529 2480 1572 omnes
2537 1529 2680 1590 ergo
2737 1512 2808 1574 ad
2859 1515 3052 1594 ipsum
3112 1516 3538 1579 convenissent

1881 1599 2326 1673 Alexandriam,
2368 1599 2534 1662 valde
2567 1601 2798 1663 laetatus
2821 1612 2932 1676 est,
2959 1604 3166 1666 videns
3202 1605 3538 1668 multitudi-

185 1685 338 1760 καιρὸν
390 1683 574 1760 ἕτερον
639 1684 948 1763 ἀναμεῖναι,
1006 1683 1128 1740 ἀλλ’
1189 1685 1370 1741 αὒτίκα
1427 1707 1485 1740 τε
1559 1685 1797 1752 ἀναστῆ-

1929 1708 2018 1750 em
2056 1689 2255 1769 populi
2287 1698 2345 1751 et
2371 1691 2824 1764 sacriﬁciorum,
2859 1693 3006 1755 adeo
3039 1702 3103 1756 ut
3135 1713 3246 1756 nec
3277 1695 3534 1758 alterum

185 1798 272 1852 ναι,
337 1775 422 1828 καὶ
494 1775 660 1851 τάχει
730 1775 980 1851 χωρῆσαι
1037 1776 1168 1844 πρὸς
1217 1777 1311 1830 τὸν
1361 1777 1486 1831 ναὸν
1555 1782 1646 1830 τοῦ
1715 1777 1800 1831 καὶ

1929 1797 2116 1858 :mpus
2149 1779 2527 1859 exspectarit,
2554 1781 2657 1842 sed
2692 1782 2967 1862 protinus
2988 1784 3334 1858 surrexerit,
3362 1794 3418 1846 et
3442 1786 3533 1848 ci-

185 1864 319 1930 αὖτὴν
369 1863 471 1931 ἤδη
502 1864 606 1931 τὴν
661 1866 839 1919 θυσίαν
895 1861 1214 1923 διατελέσαι.
1279 1863 1544 1944 ’Ἒτρεχον
1599 1863 1652 1919 δὲ
1709 1865 1800 1920 σὺν

1930 1869 2110 1930 ssime
2134 1871 2207 1930 ad
2231 1869 2517 1949 templum
2541 1861 2990 1954 processerit,et
3014 1875 3207 1954 ipsum
3239 1879 3537 1955 peregerit

183 1959 299 2026 αὖτῴ
360 1954 511 2030 γένος
587 1953 728 2009 ἅπαν
797 1955 884 2009 καὶ
954 1953 1136 2022 ἡλικία
1207 1961 1372 2033 πᾶσα,
1437 1953 1550 2011 ὅσοι
1604 1976 1656 2009 τε
1705 1953 1798 2020 τῆς

1929 1957 2263 2020 tcriﬁcium.
2300 1957 2442 2020 Cum
2479 1977 2550 2020 eo
2579 1968 2776 2021 autem
2814 1953 3092 2024 currebat
3135 1953 3312 2024 omne
3343 1953 3531 2043 genus

181 2042 347 2116 gauli:
403 2044 548 2110 ἦσαν
605 2042 699 2097 καὶ
759 2047 862 2097 τῶν
921 2043 976 2098 ἐν
1034 2042 1199 2115 τέλει,
1249 2045 1336 2099 καὶ
1393 2042 1508 2100 ὅσοι
1551 2043 1656 2099 τῶν
1707 2047 1798 2101 εῦ-

1929 2055 1942 2108 t
1967 2045 2162 2108 omnis
2184 2055 2348 2126 tetas,
2380 2056 2437 2109 et
2461 2048 2777 2112 universus
2800 2059 3070 2131 senatus,
3097 2042 3379 2114 etomnes
3404 2071 3539 2116 ma--

178 2131 318 2189 τελῶν
368 2132 464 2189 καί
530 2132 780 2205 ἀσήμων,
844 2132 908 2186 τὰ
970 2133 1097 2208 πρὸς
1164 2132 1262 2198 τὴν
1331 2133 1508 2188 θυσίαν
1578 2131 1796 2197 ἕκαστος

1929 2136 2187 2210 istratus,
2225 2136 2514 2216 plebsque
2546 2146 2607 2199 et
2657 2140 2866 2219 vulgus
2895 2141 3231 2216 hominum,
3295 2161 3426 2224 quae
3461 2143 3536 2206 ad

180 2223 614 2297 ἐπικομιζόμενον
691 2223 765 2283 ὡς
845 2225 1297 2299 στενοχωρεῖσθαι
1361 2221 1456 2296 μὲν
1539 2223 1639 2277 ὑπὸ
1708 2229 1799 2278 τοῦ

1929 2224 2240 2286 ιοτὶίὶοὶιιηι
2293 2226 2694 2307 pertinebant,
2757 2231 3168 2312 unusquisque
3227 2221 3529 2296 atterens:

179 2309 376 2378 πλήθους
449 2316 562 2365 τῶν
636 2309 753 2365 ἐκεῖ
807 2309 1128 2387 συῤῥεοντων
1181 2311 1341 2376 αὖτὴν
1396 2331 1448 2364 τε
1492 2309 1590 2376 τὴν
1635 2308 1796 2365 πόλιν

1929 2312 2028 2374 ieo
2052 2321 2112 2374 ut
2146 2320 2388 2394 propter
2412 2315 2851 2378 multitudinem
2877 2308 3107 2401 eorum,
3129 2321 3228 2402 qui
3261 2322 3534 2384 conﬂue-

179 2401 353 2455 καὶτὸν
408 2401 568 2476 ναὸν,
629 2402 1010 2477 περιηχεῖσθαι
1065 2397 1119 2453 δὲ
1174 2400 1275 2454 ὑπὸ
1325 2398 1420 2465 τῆς
1450 2401 1555 2453 τῶν
1590 2398 1798 2475 ἂλόγων

1929 2409 2043 2482 ant,
2079 2411 2327 2482 angusta
2360 2412 2518 2465 eSset
2547 2405 2674 2485 ipsa
2713 2407 2939 2485 civitas,
3001 2397 3314 2489 angustum
3375 2419 3528 2472 tem-

179 2487 300 2558 ζώων
353 2489 479 2564 βοῆς
541 2489 640 2555 τὴν
695 2487 874 2561 κύκλῳ
926 2489 1250 2567 περίχωρον,
1285 2493 1351 2563 τῇ
1381 2485 1434 2543 δὲ
1468 2490 1570 2544 τῶν
1608 2492 1798 2546 θυσιῶν

1929 2491 2043 2551 lum
2077 2513 2090 2554 :
2125 2493 2386 2554 clamore
2419 2509 2561 2555 vero
2596 2495 2904 2557 brutorum
2965 2485 3356 2560 animantium
3420 2502 3538 2562 cir-

182 2579 340 2655 κνίσσῃ
369 2580 456 2634 καὶ
491 2579 654 2636 αὑτὸν
685 2577 995 2652 μολύνεσθαι
1025 2580 1115 2634 τὸν
1146 2576 1296 2653 ἀέρα,

1929 2591 2259 2644 umsonaret
2287 2590 2404 2644 tota
2425 2583 2590 2662 regio
2623 2583 3049 2649 circumcirca:
3086 2587 3296 2651 nidore
3331 2597 3528 2652 autem

1881 2671 2308 2732 sacriﬁciorum
2341 2671 2467 2752 ipse
2498 2692 2736 2754 quoque
2763 2693 2868 2736 aer
2896 2675 3261 2740 inﬁceretur.

245 2750 315 2823 1".
346 2761 564 2817 Τούτων
625 2761 762 2816 οὓτω
819 2757 1166 2832 τελουμένων,
1231 2757 1362 2836 γυνή
1419 2779 1497 2820 τις
1553 2757 1794 2828 εῦσεϐὴς,

1963 2758 2064 2822 IlI.
2091 2760 2234 2822 Cum
2263 2750 2392 2823 haec
2406 2761 2493 2823 sic
2516 2750 2759 2838 tierent,
2779 2765 2992 2827 mulier
3016 2767 3284 2848 quaedam
3307 2768 3403 2849 pia
3431 2786 3535 2830 no-

181 2849 258 2916 τὴν
308 2853 495 2916 κλῆσιν
566 2850 898 2924 Αίκατερίνα,
959 2848 1047 2903 νέα
1098 2849 1196 2914 τὴν
1253 2846 1489 2926 ἡλικίαν,
1543 2847 1636 2914 τὴν
1672 2845 1798 2920 ὄψιν

1929 2851 2046 2911 line
2077 2849 2435 2940 Ecatarina,
2471 2859 2641 2913 aetate
2677 2853 2938 2933 juvenis,
3001 2845 3252 2937 pulchra
3308 2845 3529 2940 specie,

181 2938 504 3013 περικαλλὴς,
572 2940 631 2993 ὲκ
679 2936 953 3012 βασιλικοῦ
1007 2937 1191 3015 γένους
1242 2936 1586 3014 προηγμένη,
1628 2942 1800 2992 πᾶσαν

1929 2957 2016 3000 uae
2045 2956 2230 3018 genus
2263 2939 2520 3004 ducebat
2566 2959 2636 3003 ex
2694 2936 3012 3022 sanguine,
3041 2945 3232 3024 regio,
3295 2936 3531 3010 omnem

179 3026 439 3084 ἐπελθοῦσα
497 3028 738 3106 γραφὴν,
799 3027 896 3094 τὴν
944 3026 1042 3092 ἔξω
1100 3046 1155 3082 τε
1200 3028 1286 3086 καὶ
1336 3026 1434 3093 τὴν
1465 3025 1581 3082 καθ’
1631 3027 1796 3098 ἡμᾶς,

1929 3036 2078 3090 utem
2112 3037 2172 3089 et
2202 3037 2507 3091 externam
2541 3038 2598 3092 et
2630 3039 2892 3093 nostram
2925 3034 3281 3115 scripturam
3330 3037 3533 3116 perle-

177 3117 260 3171 ῦπὸ
321 3115 562 3178 πολλαῖς
645 3115 1002 3190 θεραπαινίσιν
1086 3117 1159 3177 εἰς
1223 3116 1322 3181 τὴδ
1409 3110 1800 3181 Ἀλεξάνδρειαν

1929 3117 2280 3199 erat,multis
2303 3118 2535 3180 ancillis
2561 3121 2837 3182 comitata
2866 3110 3532 3201 degeb'atAlexandriae,

177 3203 397 3282 διάγουσα
429 3208 524 3278 ἦν,
568 3205 620 3260 ἒν
654 3205 827 3268 οἴκοις
860 3206 998 3263 οὕτω
1045 3205 1353 3282 βασιλικοῖς
1411 3204 1794 3280 ταμιευομένη,

1929 3207 2058 3268 tsic
2088 3207 2503 3270 asservabatur
2557 3207 2620 3270 in
2670 3209 2898 3271 aedibus
2951 3215 3156 3294 regiis,
3222 3222 3282 3276 et
3338 3215 3530 3278 solum

177 3298 373 3370 Χριστὸν
435 3296 604 3366 μόνον
665 3293 832 3350 εἰδυῖα
893 3297 1135 3374 νυμφίον,
1199 3297 1287 3351 καὶ
1340 3301 1416 3368 τῷ
1461 3301 1561 3362 τῆς
1611 3295 1796 3372 ψυχῆς

1929 3297 2188 3359 hristum
2224 3307 2393 3359 norat
2422 3316 2729 3378 sponsum,
2766 3309 2824 3360 et
2882 3299 2938 3362 ei
2993 3293 3208 3363 anima:
3266 3302 3536 3366 servabat

178 3387 298 3457 αὖτῷ
349 3384 558 3447 κάλλος
613 3391 870 3462 τηροῦσα,
929 3385 1025 3440 καῖ
1084 3385 1230 3458 μόνῳ
1299 3386 1389 3440 τὸν
1457 3383 1626 3462 ἔρωτα
1699 3388 1798 3448 τῆς

1929 3386 2416 3468 ulchritudinem,
2450 3393 2600 3448 etin
2631 3405 2770 3449 eum
2826 3391 3014 3451 solum
3074 3400 3202 3452 erat
3254 3411 3359 3454 cor
3405 3393 3536 3473 ejus

175 3471 369 3549 καρδίας
431 3474 767 3532 ἇνάπτουσα.
829 3471 971 3540 Αὕτη
1031 3472 1418 3552 χαλεπώτατον
1475 3472 1614 3530 οὕτω
1677 3475 1800 3536 τοὺς

1929 3495 2086 3537 more
2115 3475 2568 3538 inﬂammatum.
2607 3475 2741 3539 Haec
2776 3478 2824 3538 si
2857 3479 3067 3541 videns
3101 3479 3376 3543 homines
3409 3471 3537 3561 gira-

173 3561 450 3638 ἆνθρώπους
528 3563 780 3639 ναυάγιον
857 3562 1240 3636 ὑπομένοντας,
1318 3564 1404 3618 καὶ
1491 3562 1612 3640 περῖ
1696 3567 1800 3617 τῶν

1929 3566 2184 3626 issimum
2218 3565 2422 3628 subire
2456 3565 2848 3644 naufragium,
2885 3578 2942 3629 et
2973 3568 3179 3629 venire
3225 3570 3285 3631 in
3320 3579 3524 3632 extre-

170 3649 389 3729 ἐσχατων
466 3649 864 3712 κινδυνεύοντας
948 3654 1036 3708 καὶ
1122 3651 1522 3726 ἀπολλυμένους
1597 3653 1797 3728 ὁρῶσα,

1929 3673 2046 3714 tum
2079 3654 2355 3716 interitus
2387 3655 2746 3737 periculum.
2781 3657 2981 3717 animo
3015 3658 3270 3735 graviter
3298 3659 3530 3733 affecta,

170 3741 245 3795 ui
275 3740 454 3806 δεινῶς
496 3742 601 3808 τὴν
635 3741 819 3819 ψυχὴν
848 3743 1084 3797 παθοῦσα
1113 3742 1199 3797 καὶ
1252 3741 1381 3817 ὑπὲρ
1438 3748 1529 3798 τοῦ
1589 3739 1800 3797 Δεσπό-

1929 3751 1944 3805 ι
1975 3761 2080 3824 pro
2122 3743 2374 3806 Domino
2407 3745 2782 3806 aemulatione
2813 3763 2879 3807 ac
2911 3746 3038 3806 zelo
3093 3747 3354 3821 incitata,
3393 3757 3536 3811 tunc

187 1234 230 1290 δὲ
277 1237 446 1297 αὖτοὺς
511 1237 712 1312 ἠρέθιζε
769 1239 902 1314 πρὸς
953 1236 1262 1318 φιλοτιμίαν
1314 1240 1341 1293 ὁ
1389 1237 1633 1313 βασιλεῦς
1663 1237 1798 1293 ταύ-

187 1347 285 1401 ρους
332 1330 617 1383 καταθῦσαι
674 1324 846 1405 φέρων
904 1327 1059 1390 αῦτὸς
1115 1327 1304 1384 ἑκατὸν
1345 1328 1432 1383 καὶ
1489 1325 1789 1406 τριάκοντα,

187 1415 372 1470 Πέντων
399 1418 572 1471 τοίνυν
631 1414 684 1470 ἐν
743 1413 1103 1489 ’Λλεξανδρείᾳ
1160 1415 1287 1494 παρ’
1346 1417 1501 1472 αὐτὸν
1561 1420 1790 1482 συνελη-

186 1503 387 1559 λυθότων
455 1503 729 1582 δπεριίσθη
799 1510 867 1580 τῇ
934 1504 1298 1577 πολυπληθείᾳ
1370 1513 1460 1561 τοῦ
1532 1528 1590 1562 τε
1663 1505 1792 1562 λαοῦ

187 1598 254 1652 καὶ
319 1601 418 1649 τῶν
485 1595 704 1667 θυσιῶν,
779 1596 864 1651 καθ
935 1595 1168 1668 τοσούτῳ
1237 1593 1462 1669 μᾶλλον,
1531 1597 1605 1659 ὡς
1664 1595 1800 1670 μηδὲ

171 3851 245 3885 τον
294 3829 611 3904 ζηλώσασα,
682 3832 800 3886 τότε
860 3828 1092 3904 μάλιστα
1147 3831 1239 3886 τὸν
1293 3828 1378 3886 ἐπ’
1432 3829 1592 3886 αὒτὸν
1643 3830 1804 3886 πόθον

174 3921 246 3975 καὶ
295 3923 384 3975 τὸν
442 3919 581 3996 ὑπὲρ
634 3926 732 3987 τῆς
799 3922 1020 3982 πίστεως
1071 3919 1207 3997 ἔγνω
1248 3919 1408 3991 ζῆλον
1450 3921 1672 3998 γανερὸν
1703 3942 1804 3976 κα-

174 4011 516 4079 ταστήσασθαι
585 4013 680 4065 καὶ
741 4007 1118 4084 παραλαϐοῦσα
1171 4011 1334 4070 ἐνίους
1393 4015 1499 4064 τῶν
1545 4009 1805 4086 θεραπόν-

174 4118 281 4168 των,
339 4098 538 4163 εὖθέως
596 4097 789 4177 ἐχώρει
836 4099 965 4172 πρὸς
1028 4100 1118 4152 τὸν
1168 4100 1311 4172 ναὸν,
1346 4099 1401 4154 ἐν
1430 4101 1475 4172 ᾧ
1505 4099 1565 4154 τὸ
1602 4096 1804 4164 πλῆθος

172 4189 289 4258 μετα
339 4187 434 4244 τοῦ
507 4187 774 4263 βασιλέως
845 4187 1174 4257 θυσιάζοντες
1247 4191 1406 4259 ἦσαν,
1480 4189 1568 4242 καὶ
1638 4193 1804 4243 στᾶσα

171 4278 282 4350 προς
337 4284 405 4353 τῇ
462 4282 617 4354 φλιᾷ,
680 4275 819 4332 εἷλκε
879 4277 974 4349 μὲν
1028 4278 1119 4339 τὰς
1146 4277 1254 4332 τῶν
1287 4275 1460 4336 ἄλλων
1492 4274 1644 4351 ὄψεις
1675 4278 1802 4353 πρὸς

173 4363 340 4433 ὲαυτην
369 4365 572 4430 κᾶλλος
604 4365 890 4445 ἀμήχανον
945 4369 1098 4443 οὖσα,
1131 4367 1217 4421 καὶ
1267 4367 1364 4432 τὴν
1417 4364 1559 4422 ἔνδον
1605 4365 1805 4439 ὡραιό-

1889 3833 2143 3894 maxime
2173 3831 2375 3893 statuit
2398 3851 2569 3894 suum
2595 3832 2914 3896 ostendere
2936 3833 3327 3912 desiderium,
3353 3845 3411 3898 et
3432 3855 3536 3898 ar-

1891 3923 2132 3984 dentem
2166 3939 2272 4002 pro
2303 3921 2420 3983 (ide
2450 3922 2675 3985 zelum:
2716 3931 2773 3984 et
2805 3941 2938 3984 cum
2980 3924 3301 3986 nonnullos
3332 3943 3533 3988 secum

1889 4011 2212 4092 accepisset
2246 4010 2520 4082 famulos,
2554 4012 2828 4091 protinus
2861 4013 3124 4092 profecta
3161 4025 3251 4076 est
3286 4015 3347 4076 in
3383 4025 3538 4076 tem-

1890 4101 2142 4182 plum,in
2174 4119 2291 4178 quo
2326 4113 2452 4161 erat
2486 4101 2797 4162 multitudo
2831 4121 2962 4162 cum
2997 4121 3138 4182 rege
3169 4105 3536 4181 sacriﬁcans,

1890 4198 1948 4252 et
1979 4200 2144 4252 stans
2165 4191 2223 4251 in
2251 4191 2476 4270 limine,
2505 4190 2754 4250 aliorum
2781 4191 3022 4267 quidem
3052 4193 3248 4253 vultus
3277 4194 3346 4254 ad
3369 4213 3432 4255 se
3457 4204 3544 4256 at-

1889 4279 2259 4350 trahebat,ut
2289 4299 2424 4357 qum
2456 4280 2675 4359 insigni
2731 4289 2890 4340 esset
2951 4282 3421 4360 pulchritudine,
3481 4293 3539 4345 et

1890 4370 2183 4430 internam
2217 4371 2478 4449 Speciem
2504 4369 2864 4431 ostendebat
2894 4386 2999 4449 per
3025 4379 3353 4434 externam.
3383 4371 3539 4433 Sen-

174 4474 286 4517 τητα
311 4455 392 4512 διὰ
423 4462 528 4522 τῆς
558 4458 711 4517 ἐκτὸς
772 4457 1044 4529 μηνύουσα
1107 4455 1307 4530 ὅψεως,
1373 4454 1575 4533 Ἠρέμα
1638 4453 1692 4510 δὲ
1741 4456 1800 4510 τὰ

1929 4458 1999 4518 im
2027 4466 2224 4520 autem
2259 4477 2364 4521 sua
2395 4459 2616 4520 munda
2649 4458 2812 4519 labra
2840 4459 3303 4540 aperiens,dixit
3333 4478 3398 4520 se
3427 4461 3542 4521 ha-

172 4545 343 4619 καθαρὰ
401 4544 570 4626 χείλη
642 4544 886 4622 διαρασα,
967 4543 1112 4623 ἔχειν
1185 4567 1230 4599 τι
1305 4551 1410 4600 τῶν
1482 4544 1800 4622 ἀναγκαίων,

1931 4565 2033 4609 ere
2066 4549 2467 4609 necessarium
2501 4547 2749 4628 aliquid,
2785 4548 2939 4628 quod
2995 4549 3225 4610 diceret
3274 4550 3539 4628 impera-

173 4628 277 4710 ἔτη,
309 4632 546 4700 λαλῆσαι
577 4641 654 4708 τῷ
685 4633 921 4710 βασιλεῖ.
956 4637 1016 4691 Οἱ
1049 4635 1217 4692 τοίνυν
1248 4635 1334 4690 ὶπὶ
1381 4640 1484 4689 τῶν
1535 4635 1800 4712 ἆγγελιιῦν

1929 4638 2021 4698 πί.
2082 4636 2195 4710 Qui
2254 4637 2453 4718 itaque
2529 4618 2752 4699 nuntiis
2803 4618 3152 4699 referendis
3221 4618 3539 4718 praeerant,

173 4723 463 4800 τεταγμένοι
497 4723 991 4802 προσαγγέλλουσιν
1021 4725 1161 4797 αὐτῷ
1190 4725 1253 4779 τὰ
1286 4722 1410 4801 περῖ
1450 4725 1547 4791 τῆς
1602 4723 1800 4802 παρθέ-

1929 4726 2233 4808 nperatori
2297 4728 2371 4789 de
2421 4728 2652 4805 virgine
2699 4727 3075 4788 annuntiant.
3123 4730 3394 4808 Cumque
3442 4727 3541 4788 ille

174 4832 266 4870 νου.
327 4812 584 4870 Κᾶκείνου
644 4811 1056 4890 προστάξαντος,
1119 4812 1306 4875 εὐθέως
1370 4815 1656 4891 εἰσάγεται,
1715 4816 1800 4870 καὶ

1929 4816 2178 4890 ississet,
2214 4817 2409 4877 statim
2445 4816 2877 4878 introducitur.
2912 4815 3053 4887 Quae
3085 4835 3216 4876 cum
3275 4816 3542 4877 stetisset

179 4907 329 4956 στᾶσα
353 4905 456 4979 πρὸ
494 4907 592 4968 τῆς
625 4900 871 4967 ἀναιδοῦς
903 4902 1074 4976 ὄψεως
1116 4910 1207 4959 τοῦ
1237 4904 1508 4982 τυράννου,
1559 4901 1636 4958 ἔτι
1688 4898 1804 4977 περὶ

175 4987 259 5055 τήν
284 4992 460 5047 θυσίαν
492 4991 693 5048 ἐκείνου
743 4989 1126 5070 σχολάζοντος,
1187 4999 1404 5048 τοιαῦτα
1464 4993 1590 5070 πρὸς
1648 4991 1804 5046 αὐτὸν

177 5083 416 5158 σταθερῶς
451 5082 588 5137 πάνυ
619 5082 705 5137 καὶ
737 5079 1037 5157 ἐλευθερίως
1067 5080 1373 5160 ἐφθέγγετο·

249 5167 567 5250 Α’.,Εχρήν
593 5169 688 5245 μέν
720 5191 778 5225 τε
830 5171 918 5227 καὶ
970 5172 1169 5226 οἱκοθεν
1225 5167 1454 5225 συνιδεϊδ
1512 5169 1612 5236 τὴν
1669 5169 1805 5224 ἀπάο

180 5276 282 5329 την,
336 5262 382 5313 ὧ
447 5257 690 5334 βασιλεῦ,
752 5257 834 5316 ὅτι
919 5263 1156 5337 φθαρνῶν
1221 5259 1510 5336 ἀνθρώπων
1569 5257 1804 5322 εἰδώλοις

181 5345 260 5400 οἶα
309 5350 452 5414 θεοῖς
513 5349 708 5412 θυσίαις
769 5347 1061 5419 ἐπιτελεῖς,
1129 5349 1215 5405 καὶ
1299 5349 1396 5416 τὴν
1484 5337 1805 5414 Ἑλληνικὴν

180 5436 354 5501 ταύτην
418 5438 622 5511 μωρίαν
693 5440 777 5494 καὶ
840 5439 1100 5516 αἰσχύνην
1170 5437 1488 5494 ἀποϐαλεῖν*
1572 5437 1684 5494 ἐπεὶ
1753 5435 1806 5491 δὲ

181 5526 331 5597 σκαιῴ
385 5528 700 5598 πειθόμενος
759 5526 991 5601 δαίμονι,
1051 5528 1182 5603 πρὸς
1241 5525 1378 5582 οὕτω
1427 5527 1652 5605 φανερὰν
1710 5549 1805 5584 τυ-

184 5609 420 5683 ολώττεις
499 5614 773 5684 ἀλήθειαν,
859 5614 959 5670 ἔδει
1043 5616 1255 5680 πάντως
1339 5614 1461 5690 κᾶν,
1537 5623 1612 5690 τῷ
1682 5615 1808 5695 παρ’

188 5704 316 5774 υμῶν
378 5712 531 5786 σοφῷ
589 5703 834 5786 Διοδώρῳ
891 5704 1190 5784 πεισθέντα,
1246 5712 1443 5786 γνῶναι
1495 5707 1618 5773 τους
1673 5709 1810 5784 ὑμε-

1889 4925 2086 4968 coram
2120 4907 2451 4986 impudenti
2487 4915 2752 4986 tyranno,
2792 4923 2925 4964 cum
2949 4905 3050 4965 ille
3082 4905 3280 4967 adhuc
3302 4915 3540 4966 vacaret

1889 4994 2205 5072 sacriﬁcio,
2234 5002 2572 5056 constanter
2592 5003 2650 5055 et
2678 4993 2868 5053 libere
2897 4993 2981 5053 sic
3011 4991 3068 5053 ei
3099 5001 3188 5053 est
3219 4993 3414 5053 locuta
3444 5012 3457 5054 :

1969 5169 2070 5233 IV.
2101 5169 2428 5251 Oportebat
2460 5170 2724 5250 quidem,
2774 5192 2807 5234 o
2858 5172 3205 5251 imperator,
3253 5177 3308 5230 te
3340 5187 3408 5230 ex
3442 5177 3542 5230 te-

1888 5258 2018 5337 ipso
2047 5268 2204 5320 tuam
2237 5259 2439 5320 videre
2457 5259 2895 5340 deceptionem,
2923 5259 3081 5339 quod
3115 5259 3448 5333 hominum,
3477 5259 3542 5320 in

1887 5365 2036 5426 quos
2091 5346 2250 5409 cadit
2306 5347 2606 5425 interitus,
2669 5349 3029 5423 simulacris,
3089 5357 3366 5428 tanquam
3427 5348 3543 5409 diis

1889 5435 2542 5518 otfers,etsacriﬁcia,et
2561 5439 2840 5514 gentilem
2857 5439 3007 5499 hanc
3028 5436 3336 5497 stultitiam
3364 5444 3424 5497 et
3440 5437 3473 5497 d
3488 5457 3544 5494 c-

1891 5525 2074 5586 decus
2101 5525 2388 5606 abjicere.
2428 5528 2714 5600 Quoniam
2771 5537 2968 5590 autem
3025 5525 3268 5588 sinistro
3332 5543 3548 5605 parens

1890 5614 2178 5693 daemoni,
2209 5617 2282 5678 ad
2308 5616 2458 5678 adeo
2494 5617 2861 5680 manifestam
2918 5615 3157 5677 caeculis
3204 5613 3543 5684 veritatem,

1891 5714 2196 5791 oporteret
2229 5706 2471 5776 omnino
2517 5705 2774 5792 sapienti
2842 5703 3078 5783 saltem,
3111 5703 3212 5788 qui
3272 5709 3362 5767 est
3391 5700 3547 5784 apud
