3992 6134
451 360 568 430 279

1748 363 1801 424 Μ
1813 363 1909 426 ΕΝ
1918 361 2029 426 SIS
2071 362 2512 427 NOVEMBER.

3682 359 3786 426 280

453 520 580 576 vos,
612 498 872 565 Diodoro
889 499 1256 582 credentem,
1283 514 1644 578 cognoscere
1669 496 1950 578 quidnam
1980 495 2087 558 sint

2179 495 2358 574 τέρους
2413 495 2559 559 θεοὺς
2620 493 2748 574 ὅπερ
2809 496 2903 552 εἶσὶ
2965 496 3051 553 καὶ
3131 494 3208 572 μὴ
3281 493 3461 560 ἀπλῶς
3513 495 3640 552 οὕτω
3702 498 3785 557 καί

455 591 637 656 vestri
667 591 771 666 dii,
805 601 863 654 et
891 611 1010 654 non
1043 599 1156 653 tam
1191 587 1654 662 inconsiderate,
1692 604 1821 667 qum
1845 604 1962 647 non
1985 585 2096 648 de-

457 691 592 744 cent
625 682 774 745 velle
801 681 999 744 facere
1036 701 1052 756 ;
1098 689 1152 741 et
1186 697 1303 741 non
1338 677 1483 738 deos
1529 687 1738 756 putare
1784 673 2101 736 simulacra

458 771 794 845 hominum,
829 771 931 851 qui
966 769 1145 831 vitam
1183 770 1399 830 misere
1443 767 1741 828 finierunt.
1779 764 1881 826 llle
1938 765 2096 826 enim

457 859 602 922 dicit
635 867 693 921 et
721 859 863 922 deos
907 857 1094 920 fuisse
1147 856 1446 930 homines,
1497 863 1552 917 et
1603 862 1846 936 propter
1902 853 2101 932 aliqua

455 949 734 1012 beniﬁcia
805 949 1142 1010 nominatos
1190 947 1370 1007 fuisse
1429 943 1818 1005 immortales.
1882 941 2101 1004 Scribit

454 1048 650 1099 autem
688 1038 852 1117 ipsos
883 1055 1120 1118 quoque
1152 1034 1435 1096 habuisse
1470 1034 1736 1113 proprias
1788 1031 2095 1091 nominum

453 1126 907 1208 appellationes,
941 1127 1343 1206 etimperasse
1376 1122 1728 1204 quibusdam
1753 1119 2098 1198 regionibus

453 1225 514 1277 et
544 1215 898 1279 civitatibus.
922 1213 1076 1276 Dicit
1098 1232 1235 1275 vero
1263 1212 1538 1273 homines
1562 1210 1844 1290 deceptos
1868 1209 2093 1288 ignora-

453 1305 634 1379 tione,
671 1323 775 1367 eos
805 1322 1046 1365 vocasse
1077 1302 1244 1378 deos,
1281 1311 1338 1362 et
1367 1301 1639 1362 retulisse
1688 1300 1744 1360 in
1782 1317 2094 1360 numerum

448 1393 902 1456 immortalium.
938 1391 1118 1454 Porro
1146 1399 1344 1453 autem
1377 1390 1528 1451 alius
1571 1408 1808 1471 quoque
1857 1388 2097 1468 sapiens

2182 585 2511 662 ἀλλογίστως
2581 585 2800 642 τοιαῦτα
2871 608 2930 642 τε
2998 586 3338 665 ἀσχημονεῖν
3408 583 3628 660 ἑλέσθαι,
3705 589 3786 643 καῖ

2180 675 2325 739 θεοὺς
2408 674 2660 749 νομίζειν,
2749 673 2963 740 ἐλεινῶς
3044 678 3134 731 τὸν
3214 675 3323 750 βίον
3412 674 3788 733 καταλυσάντων

2184 763 2467 844 ἀνθρώπων
2499 761 2718 825 εἴδωλα,
2779 766 2917 830 Φησὶ
2973 765 3071 843 γὰρ
3130 764 3358 839 ἒκεϊνος,
3413 764 3698 842 ἀνθρώπους
3741 787 3791 819 τε

2181 854 2302 916 τοὺς
2373 854 2520 915 θεοὺς
2595 854 2736 910 εἶναι
2792 852 2964 931 λέγων
3026 856 3111 910 καὶ
3181 851 3246 909 δι’
3307 854 3597 931 εὐεργεσίας
3663 856 3792 918 τινας

2181 943 2470 1008 ἀθανάτους
2578 944 2962 1017 ὀνομασθῆναι.
3071 936 3295 1021 Ἰστορεῖ
3381 942 3432 998 δὲ
3511 946 3593 1000 καὶ
3658 943 3793 1008 ἰδίαις

2181 1033 2367 1095 αὖτοὺς
2473 1033 2743 1106 ὀνομάτων
2850 1033 3145 1111 ἐσχηκέναι
3251 1035 3636 1111 προσηγορίας,
3717 1035 3795 1089 καὶ

2180 1144 2337 1177 τινων
2410 1121 2556 1199 ἄρξαι
2632 1128 2824 1202 χωρῶν
2899 1145 2954 1180 τε
3029 1124 3112 1180 καὶ
3183 1123 3413 1186 πόλεων,
3492 1121 3697 1200 Ἀγνοίᾳ
3746 1122 3794 1178 δὲ

2179 1210 2538 1277 πλανηθέντας
2593 1215 2718 1290 φησὶ
2776 1215 2896 1278 τοὺς
2954 1213 3258 1290 ἀνθρώπους
3316 1214 3462 1274 θεοὺς
3519 1233 3574 1268 τε
3626 1213 3794 1275 αὐτοὺς

2180 1299 2397 1356 καλέσαι
2455 1303 2542 1357 καὶ
2615 1302 2896 1365 ἀθανασίας
2959 1300 3266 1379 περιϐαλεῖν
3353 1301 3628 1376 ἀξιώματι.
3709 1303 3796 1359 Καὶ

2180 1388 2339 1452 ἄλλος
2398 1388 2451 1444 δὲ
2513 1393 2672 1470 σοφὸς
2730 1389 2856 1470 παρ’
2905 1393 3032 1464 ὑμῖν
3080 1390 3240 1447 πάλιν
3290 1398 3391 1448 τῶν
3424 1392 3646 1467 ἱστορίαν
3675 1413 3797 1468 γραο

2850 1033 3145 1112 ἐσχηκέναι

453 1483 612 1562 apud
644 1501 747 1543 vos
779 1501 849 1543 ex
879 1483 975 1560 iis,
1005 1481 1104 1560 qui
1129 1479 1616 1558 conscripserunt
1645 1476 2087 1554 historias,dixi|

2181 1479 2392 1552 ψέντων
2452 1481 2540 1536 τὸν
2600 1483 2808 1560 Σεροὺχ
2865 1480 3072 1537 ἐκεῖνον
3132 1480 3296 1560 ἔφησε
3350 1488 3556 1558 πρῶτον
3611 1483 3672 1536 τὰ
3716 1491 3798 1538 τοῦ

447 1571 614 1632 illum
649 1569 893 1634 Sarrum
949 1571 1247 1632 invenisse
1281 1568 1534 1647 primum
1598 1585 1695 1628 res
1755 1565 2087 1645 gentilium.

2174 1566 2535 1644 Ἑλληνισμοῦ
2619 1569 2870 1646 ἐξευρεῖν,
2952 1571 3079 1633 Τοὺς
3168 1570 3390 1648 γὰρέν
3465 1583 3579 1634 τοῖς
3648 1570 3798 1626 πάλαι

446 1659 564 1722 Eos
597 1660 783 1740 enim,
817 1659 919 1736 qui
967 1658 1182 1740 priscis
1242 1657 1635 1737 temporibus,
1696 1666 1798 1716 aut
1853 1655 2087 1715 fortitu-

2177 1659 2391 1735 χρόνοις
2450 1658 2484 1726 ἢ
2551 1657 2758 1737 ἀνδρίας
2824 1661 2859 1726 ἢ
2931 1659 3130 1740 φιλίας,
3219 1659 3331 1717 εἴτε
3413 1662 3554 1722 τινὸς
3635 1660 3800 1736 ἑτέρας

447 1749 627 1826 dinis,
661 1757 756 1812 aut
787 1749 1088 1823 amicitiae,
1127 1755 1225 1809 aut
1268 1747 1518 1825 alicujus
1567 1745 1810 1807 alterius
1857 1743 2087 1806 virtutis

2175 1745 2363 1824 ἀρετῆς
2421 1748 2572 1825 ἔργον
2647 1749 2865 1822 μνήμης
2942 1747 3080 1813 ἄξιον
3152 1749 3240 1806 καί
3268 1747 3503 1814 σπουδῆς
3564 1747 3804 1813 ἐπιδειξα-

448 1856 620 1918 opus,
683 1837 926 1917 dignum
989 1836 1146 1918 quod
1209 1835 1516 1897 memoriae
1591 1833 1930 1912 mandetur,
1999 1841 2087 1893 aut

2181 1837 2369 1912 μένους
2396 1836 2631 1914 ἀνδριᾶσι
2661 1836 2871 1916 λέγεται
2918 1839 3004 1894 καὶ
3061 1837 3282 1908 στήλαις
3349 1841 3595 1904 τιμῆσαι.
3654 1840 3709 1895 ot

376 1943 381 1948 '
447 1927 510 1988 in
541 1926 697 2007 quod
735 1927 994 1988 studium
1029 1925 1390 1998 conferatur,
1425 1923 1836 1997 ostenderunt,
1883 1922 2087 1984 dicitur

2181 1927 2314 2001 μετὰ
2371 1934 2558 2001 ταῦτα,
2621 1929 2715 1995 τὴν
2779 1933 2880 1983 τῶν
2941 1929 3209 2005 προγόνων
3267 1926 3622 2006 ἀγνοήσαντες
3671 1925 3804 2005 γνώ-

445 2016 772 2078 honorasse
795 2019 1004 2078 statuis
1029 2035 1096 2077 ac
1123 2013 1484 2077 simulacris.
1528 2012 1642 2086 Qui
1675 2021 1869 2074 autem
1908 2012 2092 2090 majo-

448 2122 583 2164 rum
618 2112 878 2168 mentem
914 2104 1263 2182 ignorarunt
1293 2102 1541 2184 posteri,
1577 2101 1731 2181 quod
1769 2119 1870 2162 eos
1900 2099 2090 2160 solum

448 2192 758 2256 memoriae
787 2194 993 2273 gratia,
1028 2201 1089 2254 ut
1119 2193 1216 2273 qui
1256 2210 1379 2253 rem
1417 2191 1676 2271 aliquam
1731 2187 2092 2251 laudabilem

445 2283 708 2346 fecerant
737 2283 1156 2356 bonorassent,
1194 2279 1716 2361 eisqueimagines
1768 2286 1825 2340 et
1876 2285 2094 2338 statuas

447 2373 809 2453 posuissent,
844 2371 914 2433 ad
943 2371 1214 2433 homines
1237 2369 1579 2432 interituiet
1602 2367 1844 2429 omnino
1877 2366 2091 2427 simili.

444 2459 559 2522 bus
591 2461 880 2523 obnoxios
909 2459 1327 2522 affectionibus
1357 2467 1776 2521 accesserunt:
1811 2470 1867 2516 et
1913 2465 1975 2517 ut
2006 2456 2092 2517 eis

445 2550 657 2612 tierent
691 2550 1004 2626 sacriﬁcia,
1041 2551 1422 2629 honoresque
1454 2548 1843 2626 haberentur,
1879 2554 1934 2607 et
1965 2545 2093 2606 dies

441 2637 581 2701 festi
612 2639 1088 2709 celebrarentur,
1127 2637 1529 2717 providerunt.
1563 2635 1675 2696 Eos
1708 2642 1902 2696 vester
1951 2652 2092 2708 quo-

442 2746 558 2809 que
591 2729 830 2807 sapiens
863 2727 1214 2790 Plutarchus
1245 2726 1611 2787 Clieronaeus
1632 2727 1846 2803 arguit,
1884 2721 2090 2784 (licens

441 2834 543 2877 eos
577 2815 864 2877 inducere
898 2833 1165 2877 errorem
1225 2813 1577 2894 imaginum,
1611 2813 1830 2894 quibus
1860 2819 2094 2891 oportet

441 2912 498 2966 te
526 2922 761 2987 quoque
805 2904 1117 2982 credere,o
1144 2904 1487 2984 imperator.
1520 2905 1652 2966 Non
1687 2903 1846 2965 enim
1880 2901 2092 2962 alienis

441 2993 710 3065 omnino,
745 2993 848 3054 sed
888 3003 998 3054 tuis
1028 2994 1261 3067 credes,
1299 3001 1355 3056 et
1389 3011 1506 3054 non
1557 3001 1672 3054 tam
1712 2991 1922 3052 multas
1956 2989 2082 3052 ani.

2180 2039 2312 2095 μην,
2384 2019 2472 2074 καὶ
2549 2015 2628 2072 ὅτι
2701 2018 2920 2092 μνήμης
3005 2017 3157 2073 ἕνεκα
3232 2019 3390 2092 μόνον
3464 2017 3668 2090 αὒτοῦς,
3738 2020 3802 2080 ὡς

2179 2106 2454 2162 ἒπαινετὸν
2507 2128 2555 2162 τι
2620 2112 2838 2184 πρᾶγμα
2903 2109 3300 2186 πεποιηκὸτας,
3371 2106 3651 2180 ἐτίμησαν,
3719 2107 3801 2162 καί

2177 2195 2483 2276 ἀνδριάντας
2544 2198 2726 2259 αὐτοῖς
2785 2198 2872 2253 καὶ
2931 2196 3128 2267 στήλας
3185 2196 3506 2274 ἀνέστησαν,
3565 2199 3634 2259 ὡς
3691 2199 3802 2253 ἀθα-

2685 2299 2800 2351 τοϊς
2893 2287 3269 2361 ὁμοιοπαθέσιν
3350 2287 3643 2362 ἀνθρώποις
3725 2288 3802 2341 καὶ

2177 2379 2425 2454 φθαρτοῖς
2532 2375 2924 2452 προσετέθησαν
3025 2377 3111 2431 καὶ
3203 2375 3379 2438 θυσίας
3466 2379 3646 2441 αἱτοϊς
3725 2377 3802 2431 καὶ

2177 2468 2332 2541 τιμὰς
2388 2466 2475 2522 καὶ
2533 2466 2852 2542 πανηγύρεις
2911 2465 3295 2536 ἐπενοήσαντο.
3358 2467 3574 2532 Τούτοις
3628 2465 3676 2521 δὲ
3724 2466 3803 2521 καὶ

2178 2286 2350 2348 vitet;
2434 2289 2579 2349 θεοῖς

2176 2557 2202 2610 ὁ
2255 2555 2414 2631 σοφὸς
2472 2555 2618 2628 ὑμῶν
2675 2553 3018 2634 Πλούταρχος
3070 2557 3096 2611 ὁ
3159 2557 3453 2632 Χαιρωνεῦς
3513 2555 3803 2632 ἓπιμέμφε..

2174 2665 2284 2716 ται,
2339 2642 2547 2709 πλάνην
2601 2642 2922 2720 ἀγαλμάτων
2984 2645 3166 2707 αὐτους
3227 2645 3574 2722 παρεισάγειν
3623 2645 3803 2722 λέγων,

2175 2735 2259 2795 οἷς
2289 2732 2401 2811 χρὴ
2452 2736 2729 2798 πεισθῆναι
2794 2734 2876 2788 καὶ
2940 2732 3022 2806 σὲ,
3079 2732 3321 2809 βασιλεῦ.
3384 2735 3498 2790 Οὔκ
3528 2731 3804 2810 ἀλλοτρίοις

2176 2822 2275 2898 γὰρ
2334 2820 2569 2894 πάντως,
2632 2819 2768 2876 ἀλλὰ
2821 2834 2936 2881 τοῖς
3012 2823 3219 2886 οἰκείοις
3293 2822 3662 2898 ἐπειθόμενος,
3730 2823 3810 2878 καὶ

2175 2911 2252 2986 μὴ
2309 2911 2491 2986 ψυγάς
2549 2911 2809 2974 τοσαύτας
2871 2913 2943 2974 εἷς
2993 2909 3220 2990 ἔσχατον
3266 2913 3525 2989 βάραθρον
3556 2911 3805 2972 ἀπωλείας

2173 3001 2448 3077 κατάγειν,
2521 3001 2596 3056 ὧν
2671 3002 2826 3064 αὐτὸς
2899 2999 3068 3071 δήπου
3133 3001 3227 3069 τὴν
3309 3000 3552 3076 κόλασιν,
3627 3001 3802 3064 ἀθλίως

440 3100 566 3144 mas
597 3081 884 3144 inducere
918 3083 976 3143 in
1010 3094 1345 3145 extremum
1397 3081 1736 3143 barathrum
1783 3081 2085 3144 interitus.

2174 3089 2396 3164 ὕςρὲξεις,
2456 3091 2542 3146 καὶ
2615 3088 2831 3146 κόλασιν
2898 3087 3144 3146 οὒδέποτε
3203 3089 3497 3166 λήγουσαν,
3565 3089 3678 3146 ἀλλ’
3735 3090 3805 3144 ἀεὶ

435 3173 552 3234 Pro
580 3171 798 3251 quibus
828 3172 957 3252 ipse
989 3172 1205 3235 misPre
1236 3171 1364 3233 lues
1410 3190 1640 3252 pmnas,
1693 3179 1749 3233 et
1800 3178 2086 3232 aeternum

436 3259 670 3322 subibis
730 3261 1114 3342 supplicium,
1173 3261 1536 3340 gehennam,
1599 3260 1866 3341 inquam,
1909 3260 2084 3340 ignis,

439 3368 572 3432 qum
605 3369 912 3426 nunquam
942 3350 1184 3425 desinit,
1206 3350 1311 3413 sed
1347 3350 1634 3429 majorem
1661 3367 1897 3430 semper
1919 3351 2084 3409 ﬂam-

443 3457 602 3502 mam
631 3439 929 3503 accendit.
958 3439 1062 3501 llis
1085 3459 1225 3519 ergo
1252 3440 1649 3520 persuaderis,
1681 3459 1714 3502 o
1739 3441 2083 3520 imperator,

441 3539 834 3610 etpersuasus
857 3547 1111 3609 agnosce
1125 3549 1331 3593 verum
1358 3529 1543 3591 Deum
1568 3529 1896 3607 solum,qui
1924 3529 2086 3592 dedit

439 3619 544 3680 tibi
577 3620 688 3681 hoc
724 3618 1070 3698 imperium,
1134 3633 1192 3682 et
1254 3628 1540 3701 prmterea
1599 3619 1785 3699 ipsam
1847 3638 2086 3700 quoque

437 3709 614 3771 vitam
649 3708 923 3790 praebuit.
986 3708 1097 3782 Qui
1155 3728 1288 3770 cum
1349 3717 1506 3770 esset
1555 3709 1711 3771 Deus
1739 3715 1996 3770 aeternus
2031 3717 2085 3771 et

436 3797 817 3879 immortatis,
853 3807 1092 3879 propter
1123 3816 1230 3859 nos
1261 3799 1440 3861 homo
1474 3816 1706 3880 quoque
1751 3798 1937 3859 factus
1968 3809 2079 3880 est,

437 3905 800 3968 crucemque
827 3895 884 3948 et
907 3895 1152 3948 mortem
1183 3888 1383 3966 elegit,
1412 3905 1519 3948 nos
1545 3887 1762 3948 faciens
1787 3906 2028 3966 surgere
2051 3907 2086 3950 a

437 3983 632 4036 morte
663 3975 1109 4050 iuobedientiae,
1147 3984 1205 4038 et
1238 3986 1298 4037 ut
1330 3977 1458 4057 ipse
1489 3976 1622 4048 scit,
1655 3987 1916 4039 nostram
1941 3997 2080 4057 pro-

437 4083 653 4127 curans
685 4064 959 4128 salutem.
993 4066 1048 4127 ls
1079 4073 1134 4127 et
1165 4084 1398 4135 eorum,
1434 4066 1534 4146 qui
1567 4074 1790 4141 errant,
1825 4073 1911 4126 cst
1937 4065 2080 4130 Ser-

434 4161 625 4230 vator,
661 4161 718 4216 et
753 4171 853 4214 eos
889 4171 1037 4236 quos
1071 4155 1313 4234 poenitet
1365 4153 1618 4233 benigne
1670 4162 1728 4215 et
1755 4155 2083 4218 clementer

437 4242 684 4322 excipit.

517 4331 683 4395 V.Ad
711 4332 837 4394 haec
869 4333 954 4395 ira
973 4332 1253 4414 impletur
1272 4333 1597 4396 Maxentius
1623 4331 2078 4415 [Maximinus],

2172 3181 2384 3254 μείζονά
2454 3202 2536 3237 σοι
2611 3182 2706 3246 τὴν
2772 3178 2862 3236 τοῦ
2936 3181 3097 3258 πυρὸς
3167 3180 3504 3237 ἀνάπτουσαν
3577 3185 3805 3257 γέενναν,

2173 3271 2386 3330 Τούτοις
2448 3270 2536 3326 οὖν
2595 3271 2864 3340 πείσθητι,
2913 3268 3154 3345 βασιλεῦ,
3195 3269 3290 3326 καί
3324 3271 3556 3335 πεισθεὶς
3587 3271 3806 3348 ἐπίγνω-

2170 3361 2218 3414 θι
2253 3360 2382 3414 Θεὸν
2412 3357 2587 3426 ἀληθῆ
2622 3360 2784 3434 μόνον
2817 3360 2905 3414 τὸν
2949 3357 3213 3414 δεδωκότα
3253 3381 3336 3415 σοι
3397 3360 3497 3426 τὴν
3555 3359 3807 3437 βασίλειον

2170 3448 2367 3515 ταύτην
2425 3447 2626 3527 ἀρχὴν,
2685 3447 2899 3525 προσέτι
2956 3447 3009 3504 δὲ
3067 3449 3228 3504 καῦτὸ
3285 3451 3346 3505 τὸ
3395 3454 3487 3524 ζῇν
3523 3449 3805 3528 παρασχό-

2171 3559 2352 3616 μενον,
2411 3538 2467 3599 ὃς
2525 3539 2653 3602 Θεὸς
2701 3538 2773 3594 ὢν
2816 3536 2986 3601 ἀίδιος
3016 3539 3102 3594 καὶ
3133 3539 3384 3602 ἀθάνατος
3417 3543 3511 3595 καί
3545 3538 3802 3612 ἅνθρωπος

2169 3625 2383 3706 ὕστερον
2448 3627 2656 3705 ἐγένετο
2714 3627 2778 3683 δι’
2838 3629 2979 3695 ἡμᾶς
3037 3629 3124 3683 καὶ
3174 3629 3394 3706 σταυρὸν
3442 3629 3532 3684 καὶ
3593 3629 3805 3685 θάνατον

2172 3714 2369 3792 εἵλετο,
2431 3723 2521 3772 τοῦ
2572 3716 2795 3773 θανάτου
2853 3722 2950 3784 τῆς
3023 3722 3296 3794 παρακοῆς
3369 3720 3511 3793 ἡμᾶς
3565 3718 3802 3790 ἀνιστῶν,

2170 3807 2255 3862 καὶ
2287 3808 2357 3869 ὡς
2401 3806 2554 3870 αὐτὸς
2610 3805 2727 3862 οἶδε
2785 3807 2882 3873 τὴν
2943 3807 3206 3883 σωτηρίαν
3278 3809 3801 3884 πραγματευόμενος,

2166 3895 2328 3959 Οὗτος
2385 3897 2472 3952 καί
2528 3901 2632 3951 τῶν
2688 3893 3047 3965 πλανωμένων
3096 3895 3209 3951 ἐστὶ
3266 3897 3480 3972 Σωτὴρ,
3545 3898 3635 3953 καὶ
3691 3897 3804 3958 to};

2166 3984 2547 4058 μετανοῶντας
2611 3985 2781 4052 ἠπίως
2871 3986 3000 4042 πάνυ
3086 3986 3177 4041 καί
3252 3991 3534 4064 προσηνῶς
3625 3983 3805 4042 ὑποδὲ-

2165 4091 2348 4148 χεται.

2247 4337 2324 4398 Ε’.
2393 4339 2526 4414 Πρὸς
2585 4346 2748 4395 ταῦτα
2808 4340 2971 4418 ὀργῆς
3034 4343 3060 4397 ὁ
3118 4339 3399 4406 Μαξέντιος
3455 4340 3802 4414 ὑποπίμπλα-

436 4429 495 4481 et
527 4439 659 4481 cum
694 4421 926 4482 fervens
959 4422 1200 4500 sanguis
1234 4421 1304 4482 ad
1339 4439 1445 4482 cor
1477 4421 1610 4499 ejus
1645 4419 1941 4482 modicum
1991 4423 2080 4483 af-

2174 4451 2272 4501 ται,
2335 4429 2420 4484 καὶ
2476 4428 2567 4484 τοῦ
2623 4432 2787 4504 θυμοῦ
2845 4430 2929 4486 ἐπὶ
2992 4430 3163 4505 μέσην
3213 4433 3355 4506 αὐτῷ
3427 4431 3807 4510 καταῤῥεύσαν-

434 4507 727 4582 ﬂuxisset,
760 4529 867 4570 vox
900 4529 1138 4589 quoque
1166 4509 1221 4571 ei
1253 4507 1360 4570 fuit
1393 4509 1708 4583 exstincta,
1742 4519 1799 4570 et
1831 4529 1940 4571 nec
1971 4531 2083 4591 po-

433 4597 544 4659 tuit
576 4597 816 4676 quidem
848 4598 1099 4657 omnino
1136 4597 1526 4678 respondere.
1562 4597 1705 4660 Cum
1764 4609 1960 4661 autem
2012 4601 2083 4662 ad

437 4704 505 4747 se
541 4684 637 4745 vix
671 4687 908 4748 tandem
942 4685 1242 4759 rediisset,
1278 4694 1334 4747 et
1367 4705 1500 4766 qua)
1532 4705 1563 4748 a
1621 4696 1876 4768 martyre
1930 4688 2087 4752 dicta

433 4773 692 4854 fuerant,
723 4774 972 4835 vidisset
1004 4791 1134 4835 esse
1164 4775 1470 4846 validiora,
1500 4793 1674 4856 quam
1703 4785 1765 4836 ut
1789 4786 1992 4838 contra
2018 4797 2086 4840 ea

435 4861 556 4924 dici
589 4870 814 4941 posset,
847 4863 1021 4925 Nunc
1050 4863 1318 4944 quidem,
1353 4863 1573 4940 inquit,
1609 4883 1640 4924 ο
1671 4864 1910 4945 mulier,
1954 4866 2084 4928 sine

434 4969 722 5034 peragere
743 4951 1104 5014 sacriﬁcium
1131 4973 1148 5030 ;
1174 4952 1348 5032 paulo
1375 4961 1506 5034 post
1528 4962 1722 5014 autem
1746 4953 1821 5014 de
1844 4954 1934 5031 iis,
1954 4975 2086 5036 quae

435 5041 609 5123 dicis,
651 5041 963 5104 audiemus
993 5043 1278 5122 apertius.
1315 5043 1564 5106 Peracto
1595 5060 1734 5121 ergo
1766 5044 2079 5126 sacriﬁcio,

435 5139 495 5192 et
523 5131 673 5193 festo
707 5149 813 5211 per
844 5132 968 5193 hac
998 5133 1214 5214 soluto,
1247 5132 1307 5192 in
1356 5132 1582 5211 regiam
1635 5149 1932 5209 reversus,
1978 5152 2079 5196 ac-

433 5218 615 5280 cersit
649 5219 905 5284 beatam.
942 5222 1266 5302 Postquam
1331 5230 1528 5284 autem
1589 5239 1661 5282 ea
1718 5222 1901 5283 astitit
1932 5241 1945 5286 :
1976 5222 2083 5286 Dic

434 5306 629 5382 nobis,
660 5308 878 5386 inquit,
912 5329 1181 5390 quaenam
1216 5329 1302 5390 es,
1335 5317 1436 5372 aut
1493 5328 1765 5389 quasnam
1824 5321 1962 5374 sunt
2014 5332 2082 5376 ea

430 5393 636 5485 verba,
670 5415 801 5476 quae
831 5415 896 5459 es
925 5398 1096 5459 nobis
1133 5398 1377 5460 locuta?
1420 5396 1525 5459 Illa
1559 5407 1752 5460 autem
1786 5422 1798 5463 :
1847 5400 2079 5485 Nescis,

433 5483 650 5565 inquit,
684 5504 718 5546 o
750 5486 1092 5568 imperator,
1125 5505 1394 5567 quaenam
1444 5505 1554 5566 ego
1589 5487 1697 5549 sim
1725 5495 1751 5552 ?
1785 5492 1928 5553 Sum
1961 5483 2080 5555 ﬁlia

433 5571 833 5652 imperatoris,
868 5576 969 5656 qui
1002 5584 1058 5638 te
1091 5577 1416 5656 praacessit:
1455 5594 1632 5638 vocor
1671 5586 1867 5640 autem
1895 5583 2074 5644 £Eca-

2167 4539 2256 4579 τος
2329 4517 2425 4585 τὴν
2497 4517 2732 4597 καρδίαν,
2802 4517 3021 4586 ἐσϐέσθη
3095 4542 3151 4576 τε
3226 4523 3364 4595 αὐτῷ
3422 4523 3456 4588 ἡ
3514 4521 3666 4600 φωνὴ
3721 4520 3804 4575 καὶ

2169 4605 2282 4664 οὕδέ
2313 4609 2686 4685 ἀποκρίνασθαι
2737 4607 2873 4674 ὅλως
2927 4609 3109 4688 εἶχεν,
3169 4607 3301 4685 Ὀψὲ
3353 4608 3403 4664 δὲ
3459 4612 3546 4666 καὶ
3575 4608 3803 4687 βραδέως

2167 4697 2486 4774 ἀνενεγκὼν,
2549 4697 2662 4753 ἐπεὶ
2731 4698 2908 4765 πάσης
2979 4699 3290 4765 ἀντιθέσεως
3361 4699 3678 4778 ἰσχυρότερα
3742 4701 3805 4753 τα

2168 4785 2266 4840 ὕπο
2325 4790 2420 4850 τῆς
2489 4787 2745 4866 μάρτυρος
2820 4787 3071 4865 εἰρημένα
3143 4787 3280 4863 εἶδε,
3341 4795 3426 4846 νῦν
3486 4790 3583 4863 μὲν
3655 4786 3807 4845 ἔασον

2173 4875 2332 4953 ἡμᾶς,
2393 4873 2516 4955 ἔφη,
2576 4877 2750 4954 γύναι,
2814 4878 2908 4944 τὴν
2965 4878 3142 4935 θυσίαν
3197 4877 3546 4935 ἐπιτελέσαι·
3597 4875 3718 4953 μετ’
3751 4878 3807 4933 οὔ

2168 4962 2298 5018 πολῦ
2368 4961 2422 5018 δὲ
2491 4965 2810 5045 σαφέστερον
2879 4968 2999 5044 περὶ
3054 4970 3126 5025 ὧν
3199 4966 3386 5031 λαλεῖς
3451 4965 3803 5042 ἀκουσόμεθα.

2169 5051 2506 5120 Τελεσθείσης
2580 5057 2666 5111 οὖν
2735 5061 2833 5122 τῆς
2917 5057 3120 5132 θυσίας,
3197 5060 3290 5113 καὶ
3363 5056 3602 5122 λυθείσης
3676 5055 3807 5130 μετά

2166 5148 2329 5197 ταῦτα
2399 5147 2496 5209 τῆς
2583 5143 2796 5223 ἑορτῆς,
2885 5145 3185 5203 ἐπανελθὼν
3259 5149 3333 5212 εἰς
3405 5145 3470 5201 τά
3540 5143 3801 5221 βασίλεια,

2166 5231 2544 5306 μετάπεμπτον
2617 5247 2767 5290 ποιεῖ
2843 5244 2941 5302 την
3014 5236 3297 5314 μακαρίαν.
3379 5234 3528 5292 Ἐπεὶ
3596 5231 3651 5290 δὲ
3721 5233 3806 5288 καὶ

2166 5319 2425 5398 παρέστη.
2463 5322 2590 5379 Εἰπὲ
2619 5324 2780 5398 ἡμῖν,
2834 5323 2959 5406 ἔφη,
3018 5326 3096 5389 τίς
3153 5330 3228 5399 εἷ,
3282 5326 3368 5383 καὶ
3416 5326 3550 5389 τίνες
3581 5326 3628 5381 οἱ
3656 5322 3806 5400 λόγοι

2166 5409 2251 5470 οὒς
2312 5407 2578 5477 ἐλάλησας
2638 5414 2770 5490 πρὸς
2823 5414 3013 5490 apag;
3077 5415 3143 5472 Ἠ
3199 5413 3291 5471 δέ·
3346 5416 3451 5474 Οὑκ
3486 5415 3667 5492 οἶσθα,
3700 5413 3804 5487 βα·-

2161 5496 2328 5574 σιλεῦ,
2391 5498 2507 5567 ἥτις
2565 5500 2672 5580 ἐγώ
2696 5521 2720 5580 ,'
2777 5503 2878 5561 Τοῦ
2935 5507 3034 5584 πρὸ
3093 5506 3184 5562 σοῦ
3256 5504 3518 5582 βασιλέως
3572 5503 3803 5580 θυγάτηρ

2161 5587 2267 5661 εἰμί
2305 5605 2318 5618 ⁸
2355 5589 2662 5666 Αίκατερίνα
2731 5590 2788 5649 δὲ
2843 5595 3109 5670 κέκλημαι
3143 5611 3157 5626 ⁸
3217 5593 3460 5670 ἤσγημαι
3517 5591 3569 5649 δὲ
3629 5597 3800 5647 πᾶσαν

435 5661 655 5729 terina.
691 5660 834 5728 Sum
866 5682 1002 5728 vero
1034 5665 1352 5732 exercitata
1410 5665 1473 5731 in
1534 5666 1698 5730 omni
1755 5667 2072 5751 disciplina

2174 5674 2418 5758 ταιδείαν,
2452 5660 2742 5759 ῥητορικῆς
2815 5684 2901 5740 καὶ
2955 5660 3299 5766 φιλοσοφίας,
3350 5660 3684 5764 γεωμετρίας
3743 5701 3798 5740 τε
