3918 6138
192 358 299 463 :28l
1040 394 1043 397 ι
1288 354 1761 439 MARTYBIUM
1803 354 1867 422 S.
1928 353 2326 433 CATHARIN
2330 352 2422 421 1E.
3426 350 3547 423 202

200 496 273 556 καὶ
322 496 418 571 τῶν
446 488 612 552 ἄλλων
670 489 1016 568 ἐπιστημῶν,
1051 486 1221 551 Ἀλλὰ
1272 487 1407 571 παρ’
1436 488 1584 557 οὐδὲν
1631 491 1810 551 ἐκεῖνα

1973 490 2215 559 etoricae
2262 498 2322 556 et
2349 491 2764 575 philosophia,
2796 491 3144 576 geometu'ae
3184 500 3246 560 et
3290 492 3542 563 aliarum

200 585 370 665 θεμένη
451 583 617 642 πάντα
649 630 669 665 ,
740 581 902 650 ἦλθον
938 628 941 633 .
973 585 1326 664 νυμφευθῆναι
1424 585 1505 663 τῷ
1572 580 1810 655 ἀθανάτῳ

1973 581 2309 645 lentiarum.
2371 580 2487 646 Sed
2522 583 2627 646 illa
2669 585 2871 648 omnia
2920 584 3071 649 nihil
3128 584 3379 662 ducens,
3411 582 3546 647 veni

200 677 378 756 νυμφίῳ
466 673 675 753 Χριστῷ
774 671 856 729 δὶα
949 678 1041 730 τοῦ
1123 672 1400 751 προφήτου
1497 669 1810 751 λαλῆσαι-δτι,

1985 670 2392 752 desponderer
2420 671 2755 737 immortali
2783 693 3004 756 sponso
3035 673 3293 747 Christo,
3326 673 3431 757 qui
3460 673 3544 735 lo-

205 763 453 838 «Ἀπολῳ
501 765 597 832 τὴν
643 764 832 843 σοφίαν
891 765 994 821 τῶν
1062 768 1264 843 σοιρῶν,
1309 765 1397 818 καὶ
1456 762 1555 830 τὴν
1614 762 1818 819 σύνεσιν

198 860 285 913 τῶν
314 861 523 912 συνετῶν
554 852 818 922 ἂθετήσω.
858 874 882 912 1

263 944 352 1020 ς’.
411 953 512 1003 Τοῦ
573 941 626 998 δὲ
684 940 945 1021 βασιλέως
1004 942 1098 999 ἐπί
1150 940 1271 1010 ’τοῖς
1345 945 1553 1021 ῥηθεῖσι
1607 942 1815 1018 θαυμά-

198 1055 382 1109 σαντος,
437 1033 561 1089 εἶτα
605 1032 691 1089 καὶ
727 1030 1065 1112 ἆτενὲστερον
1121 1033 1252 1111 πρὸς
1306 1033 1467 1100 αὐτὴν
1511 1030 1812 1102 ἀπιδόντος,

202 1124 270 1179 καὶ
317 1121 581 1189 οἰηθέντος
639 1132 717 1196 μὴ
777 1122 920 1179 εἶναι
978 1122 1176 1188 ταύτην
1248 1124 1372 1184 μίαν
1435 1123 1541 1177 τών
1612 1121 1817 1198 γένεσιν

198 1212 285 1269 ἆπὸ
334 1212 425 1288 γῆς
486 1211 834 1291 ἐσχηκότων,
868 1209 1005 1270 ἀλλά
1052 1233 1170 1269 τινα
1220 1212 1325 1269 τῶν
1377 1215 1508 1268 θεῶν
1558 1211 1814 1267 ὀπτασίαν

198 1303 295 1379 aps»
331 1300 380 1359 ἐν
432 1300 707 1378 ἀνθρώπου
760 1300 1006 1382 σχήματι
1065 1298 1478 1378 διαλεγομένην,
1532 1299 1671 1357 οὕτω
1726 1303 1815 1358 καὶ

198 1391 429 1459 οἰηθέντος
490 1392 579 1448 καὶ
622 1392 755 1467 πρὸς
814 1391 968 1447 αὐτὸν
1027 1390 1554 1470 παραφθεγξαμένου,
1619 1391 1653 1458 ἡ
1701 1412 1813 1462 μα-

195 1480 321 1555 καρία
394 1480 484 1537 τὸν
560 1479 724 1558 λόγον
807 1476 1141 1538 ὑπολαϐοῦσα
1211 1481 1339 1558 φησὶ
1418 1481 1551 1556 πρὸς
1630 1482 1809 1538 αὐτὸν⁸

190 1565 400 1635 Ἀληθῶς
450 1565 658 1643 ἔλεξας,
706 1567 749 1623 ὦ
792 1565 1034 1643 βασιλεῦ.
1088 1568 1345 1643 Δαίμονες
1396 1568 1497 1647 γὰρ
1540 1570 1628 1630 οὒς
1686 1569 1811 1625 ὀνο-

190 1657 346 1731 μάζεις
413 1657 566 1720 θεοὺς
653 1655 819 1730 ὄντες,
903 1654 1239 1733 δαιμονικοϊς
1324 1659 1459 1733 ὑμᾶς
1543 1658 1813 1738 φάσμασιν

193 1743 423 1823 ἂπατῶσι,
486 1746 581 1803 καὶ
637 1755 768 1825 πρὸς
824 1743 1105 1824 ἀσέλγειαν
1164 1744 1533 1825 ἐκκαλοῦνται,
1585 1747 1671 1802 καὶ
1739 1747 1813 1811 εἷς

1902 769 2071 822 cutus
2104 769 2191 823 est
2222 779 2331 843 per
2359 763 2705 843 prophetam
2740 785 2755 825 :
2787 765 3038 827 Perdam
3071 765 3422 845 sapientiam
3445 781 3544 826 sa-

1903 850 2219 932 pientium,
2246 858 2307 912 et
2340 851 2717 931 prudentium
2738 852 3095 934 prudentum
3128 853 3460 935 reprobabo
3489 855 3538 918 ί.

1981 936 2079 1002 VI.
2104 938 2249 1001 Cum
2272 949 2470 1002 autem
2503 942 2824 1022 imperator
2848 942 3171 1006 admiratus
3198 952 3379 1024 esset,
3413 961 3544 1025 qua)

1902 1027 2061 1091 dicta
2080 1029 2334 1107 fuerant,
2360 1037 2417 1092 et
2438 1030 2499 1091 in
2525 1049 2654 1094 eam
2680 1031 2965 1095 intentius
2986 1032 3295 1095 deﬁxisset
3310 1034 3540 1110 oculos,

1904 1127 1962 1180 et
2008 1118 2411 1181 existimasset
2441 1139 2570 1181 eam
2626 1141 2742 1182 non
2775 1140 2905 1184 esse
2953 1141 3130 1185 unam
3166 1141 3237 1184 ex
3283 1123 3380 1202 iis,
3411 1141 3543 1203 quas

1901 1215 2050 1269 natm
2075 1216 2212 1269 sunt
2242 1228 2274 1270 e
2305 1218 2468 1275 terra
2493 1258 2509 1286 ,
2543 1210 2648 1272 sed
2680 1229 2744 1272 se
2770 1212 3017 1273 deorum
3050 1212 3305 1290 aliquam
3338 1212 3542 1275 videre

1896 1296 2212 1374 visionem,
2247 1298 2590 1379 loquentem
2624 1300 2686 1363 in
2717 1299 2925 1364 habitu
2956 1302 3251 1365 humano:
3287 1321 3422 1365 cum
3456 1304 3542 1365 sic

1899 1394 2189 1468 putasset,
2224 1395 2286 1450 et
2331 1406 2461 1450 eam
2494 1407 2807 1470 perperam
2839 1396 2997 1453 esset
3024 1391 3334 1469 allocutus,
3370 1391 3542 1454 beata

1896 1494 2233 1538 sermonem
2272 1476 2607 1559 excipiens,
2634 1479 2778 1540 dicit
2800 1480 2855 1541 ei
2882 1499 2897 1541 :
2931 1478 3087 1543 Vere
3115 1481 3331 1555 dixisti,
3360 1500 3394 1543 ο
3418 1480 3537 1543 im-

1899 1574 2162 1647 perator.
2196 1566 2517 1629 Daemones
2550 1573 2732 1650 enim,
2767 1588 2915 1651 quos
2940 1569 3085 1632 deos
3115 1570 3407 1647 nominas,
3443 1589 3537 1633 re-

1900 1673 2043 1741 vera
2067 1674 2170 1717 vos
2224 1657 2481 1736 spectris
2525 1657 2837 1740 decipiunt
2887 1658 3293 1733 dmmoniacis,
3325 1669 3387 1722 et
3440 1676 3541 1721 vos

1899 1754 2226 1827 provocant
2255 1745 2324 1806 ad
2366 1745 2678 1809 libidinem
2723 1755 2781 1810 et
2810 1748 3353 1831 intemperantiam,
3381 1755 3438 1810 et
3464 1748 3540 1812 ad

195 1832 388 1900 ἀτόπους
468 1835 754 1911 ὲπιθῦμίας
824 1833 1203 1911 ἐμϐάλλουσιν.
1274 1836 1418 1914 Ἐγὼ
1503 1834 1582 1916 δὲ,
1656 1836 1810 1894 ὁποία

1977 1834 2153 1896 farias
2185 1834 2499 1915 impellunt
2529 1836 2904 1917 cupiditates.
2941 1837 3061 1914 Ego
3103 1846 3297 1901 autem
3342 1838 3538 1919 cujus-

194 1943 254 1987 τις
292 1923 348 1982 ἂν
387 1925 458 2006 ὦ,
504 1931 645 2006 χοῦς
691 1926 795 1982 είπι
856 1926 946 1982 καὶ
1007 1923 1202 2006 πηλὸς,
1238 1927 1310 1991 είς
1359 1927 1611 1992 τοιαύτην
1670 1926 1812 2006 παρὰ

192 2015 266 2068 τοῦ
314 2020 437 2072 Θεοῦ
496 2013 803 2071 πλασθεϊσα
861 2013 1096 2095 μορφὴν,
1157 2015 1245 2072 καὶ
1304 2021 1372 2093 τῇ
1432 2017 1591 2073 αὐτοῦ
1650 2016 1810 2072 εἰκόνι

193 2105 521 2180 τετιμημένη”
585 2103 723 2161 ὥστε
780 2106 866 2161 καὶ
948 2103 1229 2176 θαυμάζειν
1306 2103 1511 2178 μᾶλλον
1572 2107 1811 2164 ἐντεῦθεν

193 2193 271 2261 τὴν
336 2203 527 2273 σοφίαν
604 2200 696 2251 τοῦ
776 2190 1100 2274 δημιουργοῦ
1166 2195 1448 2273 προσήκει,
1517 2194 1700 2272 ὅτιπερ
1755 2195 1810 2251 ἐν

188 2281 338 2357 πῆλῷ,
389 2286 476 2339 καὶ
544 2281 711 2346 οὕτως
765 2280 976 2341 εὐτελεῖ
1029 2288 1098 2360 τῇ
1148 2282 1250 2359 ὕλῃ
1279 2293 1529 2343 τοσοῦτον
1580 2282 1808 2364 ἴσχυσεν

187 2369 438 2439 ἑξασκῆσαι
499 2371 731 2439 κάλλος.
786 2370 903 2452 Ἐφ’
957 2376 1042 2436 οἷς
1093 2370 1420 2453 δυσχεράνας
1453 2375 1481 2431 ὁ
1537 2372 1807 2451 βασιλεὺς,

189 2460 260 2527 Νὴ
325 2459 446 2539 λέγε
538 2462 660 2526 τοὺς
733 2461 878 2525 θεοὺς
934 2464 1140 2537 κακῶς,
1201 2460 1329 2544 ἔφη,
1394 2463 1679 2527 ἀθανάτους
1752 2484 1808 2519 τε

188 2551 342 2614 αὐτοὺς
387 2550 581 2631 ὄντας,
628 2552 719 2608 καὶ
774 2548 924 2618 δόξαν
982 2550 1237 2609 ἀθάνατον
1296 2551 1550 2632 ἔχοντας.
1613 2550 1718 2610 Καί
1774 2553 1810 2620 ἡ

185 2639 375 2720 μάρτυς·
434 2643 698 2719 Εὑρήσεις
753 2639 852 2720 ἄρα
897 2640 991 2698 χαί
1039 2642 1123 2718 σὺ,
1174 2640 1364 2723 φησίν,
1402 2643 1448 2699 ὦ
1495 2641 1734 2723 βασιλευ,
1781 2641 1810 2699 ὅ

188 2748 226 2783 ιι
275 2729 399 2788 ποτέ
467 2733 609 2787 εἰσιν
681 2731 726 2788 oi
795 2731 903 2788 θεοί
963 2753 1079 2805 σου,
1142 2732 1306 2808 μόνον
1363 2732 1407 2788 εί
1476 2732 1575 2800 τὴν
1639 2730 1814 2811 ἀχλὺν

181 2822 262 2884 τῆς
319 2819 539 2888 ἀπάτης
578 2818 836 2894 ἐθελήσῃς
893 2814 1211 2878 ἀποϐαλεῖν
1273 2819 1548 2901 ἐπιγνῶσῃ
1597 2818 1651 2878 δέ
1709 2825 1807 2878 καὶ

180 2907 252 2963 τὸν
298 2906 465 2978 ἀληθῆ
502 2910 668 2983 Θεὸν,
701 2907 846 2975 ὅστις
896 2909 1045 2966 ἐστίν
1075 2910 1332 2973 ἆθανατος
1384 2912 1471 2967 καὶ
1515 2908 1716 2985 ἀίδιος,
1752 2912 1811 2967 οῦ

1897 1923 2299 2005 modicunque
2332 1943 2489 2007 sum,
2521 1944 2651 1989 sum
2685 1927 2875 2009 pulvis
2907 1936 2963 1991 et
2992 1928 3203 2004 lutum,
3239 1927 3435 1992 efficta
3472 1927 3536 1990 in

1894 2013 2047 2076 hanc
2095 2015 2369 2089 formam,
2404 2025 2466 2078 et
2497 2016 2630 2096 ejus
2661 2017 2950 2080 honorata
2993 2018 3271 2097 imagine.
3308 2016 3533 2091 Quam-

1894 2102 2098 2166 obrem
2150 2105 2290 2166 hinc
2324 2105 2507 2183 magis
2539 2107 2817 2169 convenit
2857 2107 3140 2170 admirari
3182 2107 3531 2189 sapientiam

1893 2192 2147 2274 opificis,
2168 2194 2323 2274 quod
2345 2192 2542 2256 inluto
2570 2202 2627 2256 et
2652 2195 2714 2257 in
2740 2196 3046 2259 materiam
3073 2205 3189 2261 tam
3210 2197 3314 2260 vili
3332 2204 3535 2278 potue-

1890 2282 1969 2368 rit
1999 2289 2216 2352 tantam
2236 2289 2544 2346 exstruere
2566 2285 3095 2364 pulchritudinem.
3131 2287 3271 2361 Quae
3284 2286 3528 2368 quidem

1889 2391 2044 2453 azgre
2067 2372 2269 2434 ferens
2300 2372 2623 2454 imperator
2657 2397 2671 2433 :
2703 2375 2860 2450 Noli,
2894 2376 3103 2456 inquit,
3138 2377 3254 2440 diis
3284 2376 3531 2439 maledic

1891 2480 2053 2544 cere,
2085 2462 2189 2545 qui
2249 2470 2307 2524 et
2364 2462 2479 2543 ipsi
2537 2472 2674 2528 sunt
2726 2464 3114 2542 immortales,
3163 2475 3221 2531 et
3279 2465 3529 2546 gloriam

1892 2550 2113 2614 habent
2141 2553 2571 2617 immortalem.
2608 2555 2823 2635 Martyr
2852 2564 3046 2617 autem
3075 2574 3089 2618 :
3124 2555 3422 2631 Invenies,
3447 2554 3535 2617 iu-

1894 2642 2040 2721 quit,
2077 2652 2142 2703 tu
2178 2660 2439 2724 quoque,
2473 2661 2506 2704 o
2564 2642 2909 2723 imperator,
2942 2644 3227 2723 quidnam
3256 2652 3397 2706 sunt
3449 2641 3534 2704 dii

1897 2730 2004 2812 tui,
2040 2731 2091 2792 si
2124 2730 2268 2793 velis
2298 2731 2490 2795 solum
2526 2740 2683 2797 tuam
2715 2732 2980 2814 abjicere
3011 2752 3328 2817 parumper
3349 2733 3528 2796 dece-

1894 2821 2185 2903 ptionem,
2221 2839 2422 2883 verum
2458 2841 2693 2903 quoque
2722 2822 2911 2886 Deum
2942 2841 3251 2903 agnosces,
3284 2823 3387 2905 qui
3442 2828 3534 2887 est

1893 2918 2151 2973 aeternus
2203 2919 2261 2972 et
2292 2910 2649 2976 immortalis
2681 2929 2701 2985 ;
2746 2914 2918 2994 cujus
2950 2912 3036 2974 vel
3068 2913 3259 2975 solum
3312 2930 3533 2975 nomen

179 2994 258 3051 καί
306 2997 470 3072 ὄνομα
503 2999 675 3075 μόνον
731 2996 1081 3075 λαλούμενον,
1116 2999 1151 3066 ἢ
1209 2999 1306 3056 καί
1350 3001 1574 3076 σταυρὸς
1624 3000 1679 3056 ἐν
1730 3000 1808 3074 τῷ

1973 2999 2368 3070 enuntiatum,
2404 3000 2495 3062 vel
2545 3020 2688 3063 crux
2740 3002 2918 3064 etiam
2972 3002 3221 3083 ﬁgurata
3253 3002 3314 3064 in
3365 3020 3528 3076 aere,

179 3083 272 3157 ἆέρι
324 3062 748 3162 διατυπούμενος
802 3062 1189 3169 φυγάδαςισοῦ
1241 3089 1365 3151 τοὺς
1423 3062 1572 3155 θεοὺξ
1632 3062 1803 3169 άπερλ

1973 3106 2025 3150 )s
2073 3089 2216 3151 deos
2248 3062 2423 3152 vertit
2451 3090 2511 3152 in
2563 3062 2880 3170 fugam.Si
2909 3062 3313 3167 velis—autem,

180 3175 384 3257 γᾶζεται,
422 3179 481 3236 Εἰ
545 3175 598 3233 δὲ
629 3176 833 3254 βούλει,
866 3179 963 3236 καὶ
1005 3179 1233 3259 φανερὰν
1264 3176 1370 3235 ἂπὸ
1397 3180 1496 3245 τῆς
1546 3178 1803 3247 ἀληθείας

1973 3196 2019 3240 :a
2049 3177 2293 3242 veritate
2325 3188 2592 3263 apertam
2616 3181 2905 3244 faciamus
2936 3180 3529 3245 demonstrationem.

174 3264 254 3332 τήν
275 3264 545 3335 ἀπόδειξιν
576 3266 934 3344 ποιησόμεθα.
1002 3287 1009 3290 '

237 3353 308 3416 Z’.
371 3357 745 3419 ’Υποπτεύσας
801 3356 974 3414 τοίνυν
1045 3358 1072 3414 ὁ
1128 3355 1377 3433 βασιλεὺς
1437 3358 1533 3426 τὴν
1591 3357 1800 3417 ἐλευθε-

171 3442 267 3519 ρίαν
315 3445 410 3514 τῆς
472 3446 745 3527 μάρτυρος
802 3447 880 3522 μὴ
932 3449 1155 3527 περιστῇ
1197 3449 1454 3505 πάντοθεν
1504 3450 1659 3507 αὐτὸν
1717 3450 1806 3506 καὶ

170 3535 395 3615 κατάσχῃ
466 3548 599 3600 ταῖς
667 3534 1017 3616 ἀποδείξεσιν,
1072 3538 1228 3602 αὐτὸς
1296 3535 1351 3593 δὲ
1422 3538 1802 3617 ἀποκρίνασθαι

168 3622 239 3678 καὶ
286 3623 665 3706 ἆνθυιτοφὲρειν
724 3626 818 3682 οὒκ
878 3625 1023 3705 ἔχων
1055 3625 1242 3683 ἑαυτόν
1300 3647 1358 3682 τε
1418 3626 1656 3707 φαδερῶς
1716 3629 1803 3685 καὶ

168 3712 267 3776 τοὺς
320 3716 553 3780 οἰκείους
582 3714 812 3794 αἰσχύνῃ
857 3715 1032 3794 θεοὺς,
1063 3712 1271 3780 ἐκεῖνος
1331 3716 1429 3791 μὲν
1464 3716 1582 3773 οῦδὲ
1639 3716 1802 3793 ψιλὴν

169 3799 249 3866 τὴν
312 3803 575 3881 ἆιρόασιν
657 3802 1040 3885 καταδέχεται,
1112 3807 1625 3885 Προσποιησάμενος
1702 3806 1803 3863 ἆνο

171 3886 289 3954 ἀξιον
346 3897 490 3951 εἶναι
556 3894 761 3972 γυναικὶ
819 3892 1152 3971 διαλέγεσθαι
1213 3897 1679 3975 προσαχθήσονται
1750 3896 1805 3953 δέ

169 3997 233 4033 σοι
273 3981 390 4060 παρ’
449 3982 592 4056 ἐμοῦ
635 3984 878 4060 ῥήτορες,
933 3984 1083 4065 εἶπε,
1118 3984 1289 4041 πάντα
1344 4006 1436 4040 σου
1500 3987 1660 4064 λόγον
1718 3987 1807 4043 καὶ

165 4068 393 4145 πρότασιν
475 4072 622 4147 μενὰ
698 4071 907 4140 πολλῆς
966 4075 1060 4142 τῆς
1130 4074 1431 4152 περιουσίας
1503 4074 1803 4133 ἀνασκευά-

166 4162 347 4243 ζοντες,
404 4160 588 4237 ὅπως,
648 4161 877 4239 ἀκριϐῶς
948 4166 1037 4222 διαὶ
1084 4165 1217 4233 αὐτὴ
1273 4167 1651 4241 καταμαθοῦσα
1708 4168 1804 4234 τὴν

167 4254 253 4305 τῶν
364 4252 581 4309 οἰκείων
670 4251 1066 4330 προϐλημάτων
1143 4252 1413 4312 ἀσθένειαν
1444 4302 1460 4329 ,
1545 4256 1672 4333 πρὸς
1743 4256 1805 4313 τὸ

168 4339 406 4423 συμγὲρον
502 4338 826 4419 annalem;
919 4344 1008 4399 καὶ
1098 4350 1175 4418 τῷ
1243 4343 1491 4423 ἡμετέρῳ
1585 4348 1803 4422 πεισθῇς

1966 3358 2093 3421 VII.
2128 3359 2274 3422 Cum
2307 3359 2504 3441 itaque
2537 3361 2879 3442 imperatori
2910 3367 3185 3442 suspecta
3215 3359 3420 3425 fuisset
3454 3361 3531 3424 li-

1887 3442 2089 3509 bertas
2140 3449 2440 3530 martyris,
2479 3450 2837 3531 timeretque
2885 3469 2962 3513 ne
2996 3470 3063 3513 se
3108 3449 3371 3532 undique
3413 3449 3532 3513 cir-

1886 3537 2286 3614 cumsisteret,
2310 3546 2368 3601 et
2390 3539 2725 3621 implicaret
2747 3538 3373 3614 demonstrationibus,
3404 3538 3531 3620 ipse

1885 3643 2082 3688 autem
2115 3646 2235 3690 non
2267 3636 2468 3708 posset
2524 3629 2892 3709 respondere
2923 3635 2981 3690 et
3008 3628 3311 3702 resistere,
3347 3646 3531 3708 seque

1887 3723 1947 3778 et
1988 3735 2127 3779 suos
2158 3717 2303 3781 deos
2333 3725 2538 3797 aperto
2569 3718 2867 3780 dedecore
2895 3718 3185 3791 afficeret,
3218 3720 3346 3796 ipse
3400 3717 3528 3798 qui-

1887 3805 2022 3867 dem
2058 3824 2168 3868 nec
2198 3824 2326 3868 eam
2362 3815 2590 3868 tantum
2624 3806 2832 3868 audire
2893 3808 3167 3882 sustinet,
3203 3823 3324 3886 pra)
3351 3825 3417 3869 se
3447 3805 3533 3869 fe-

1884 3913 2025 3957 rens
2049 3915 2163 3957 non
2199 3895 2440 3971 decere,
2473 3904 2535 3959 ut
2562 3916 2692 3958 cum
2730 3895 2949 3959 femina
2975 3895 3320 3959 dissereret:
3353 3896 3446 3961 Ad
3475 3904 3531 3958 te

1888 3993 2108 4060 autem,
2164 3985 2375 4067 inquit,
2430 4004 2463 4047 a
2517 4005 2610 4048 me
2665 3986 3036 4048 adducentur
3091 3993 3384 4061 oratores,
3425 3985 3529 4062 qui

1889 4092 2098 4136 omnes
2126 4082 2257 4137 tuas
2290 4074 2551 4137 rationes
2572 4082 2629 4136 et
2657 4074 3095 4156 propositiones
3126 4073 3364 4137 abunde
3393 4093 3532 4137 con-

1886 4163 2206 4229 futabunt:
2264 4172 2326 4227 ut
2383 4184 2517 4227 cum
2582 4175 2638 4226 tu
2692 4184 2929 4246 quoque
2960 4165 3195 4226 abunde
3251 4163 3534 4227 didiceris

1889 4262 2124 4316 tuorum
2170 4253 2515 4334 dogmatum
2548 4252 3047 4330 imbecillitatem,
3083 4253 3335 4335 aspicias
3363 4252 3436 4314 ad
3467 4254 3529 4315 id

1887 4342 2040 4425 quod
2105 4352 2199 4408 est
2244 4344 2414 4418 utile,
2448 4351 2509 4405 et
2540 4352 2745 4406 nostro
2796 4360 3006 4424 pareas
3059 4341 3340 4420 dogmati.
3391 4340 3530 4405 Haec

166 4422 385 4505 δόγματι.
453 4437 634 4491 Ταῦτα
681 4431 832 4507 εἶπε,
879 4434 975 4489 καί
1028 4432 1124 4501 τὴν
1181 4433 1279 4509 μὲν
1336 4422 1489 4510 ἁγίαν
1545 4435 1644 4491 ὑπὸ
1697 4457 1800 4514 φυ-

1973 4435 2053 4510 Lit,
2086 4440 2145 4494 et
2174 4441 2438 4496 sanctam
2471 4433 2713 4514 quidem
2742 4422 2917 4513 jubet
2964 4430 3195 4494 servari
3224 4432 3286 4494 in
3316 4440 3526 4495 custo—

166 4513 284 4584 λακῆ
356 4522 648 4600 τηρεῖσθαι
733 4520 1077 4601 προστάττει,
1136 4523 1293 4586 αὐτὸς
1372 4521 1427 4578 δὲ
1496 4523 1569 4589 ὡς
1642 4513 1800 4603 εἶχεν

167 4605 309 4685 εὖθῖις,
370 4607 651 4674 ἐκτίθησιν
720 4608 1015 4678 ἐπιστολὴν
1076 4609 1309 4690 ἔχουσαν
1382 4611 1573 4674 οὕτως·
1632 4620 1796 4669 Βασι-

166 4690 264 4761 λεὺς
327 4696 645 4775 Μαξέντιος,
701 4704 831 4755 πᾶσι
888 4711 1005 4764 τοῖς
1054 4701 1155 4755 ὕπὸ
1210 4700 1308 4768 τὴν
1366 4699 1502 4776 ἐμήν
1566 4700 1799 4767 ἐξουσίαν

164 4783 368 4863 χαίρειν.
445 4787 609 4846 ’Ὅσοι
680 4788 773 4845 τοῦ
844 4790 1154 4868 σοφωτάτου
1220 4792 1352 4846 θεῶν
1433 4781 1629 4869 Ἐρμοῦ
1698 4793 1796 4861 τῆς

165 4878 384 4950 ιρονοίας
443 4877 695 4957 ἐτύχετε,
754 4878 847 4942 τὰς
917 4880 1086 4944 αἰτίας
1155 4884 1254 4945 τῆς
1324 4878 1571 4957 γνώσεως
1617 4879 1795 4939 ἐπιλα-

165 4957 427 5051 λισᾶμενοι
502 4967 725 5041 μούσας,
786 4965 963 5024 ἔλθετε
1023 4967 1219 5048 μέχρις
1283 4969 1458 5045 ἡμῶν,
1510 4972 1571 5026 τὸ
1641 4971 1799 5051 φανὲν

162 5050 278 5126 ἡμῖν
336 5054 396 5111 ’ἐκ
433 5077 582 5120 τινος
639 5059 713 5123 ὡς
744 5055 881 5114 ἔοικε
933 5057 1189 5135 μηχανῆς
1235 5059 1542 5138 σοφώτατον
1587 5050 1800 5139 γύναιον

164 5140 328 5229 θᾶττον
387 5144 854 5227 ἐπιστομίσοντες,
901 5146 982 5222 μὴ
1036 5147 1159 5208 τοὺς
1208 5146 1471 5226 μεγάλους
1533 5146 1792 5229 διαχλευ-

165 5226 281 5321 gem
328 5236 504 5314 θεοὺς,
557 5232 690 5311 μηδὲ
750 5226 942 5312 μύθους
999 5236 1065 5292 τὰ
1120 5239 1236 5315 περὶ
1294 5238 1463 5296 αὐτῶν
1514 5226 1789 5321 ἡγείσθαι,

163 5316 246 5409 ξπὸ
296 5326 506 5397 πιθανῷ
562 5326 638 5398 τῷ
709 5324 887 5400 ψεύδει
944 5324 1402 5402 καλυπτομένους,
1482 5316 1632 5384 Οὕτω
1690 5316 1791 5409 γὰρ

165 5404 214 5460 ἓν
258 5411 353 5481 τήν
400 5432 463 5468 τι
514 5413 736 5492 πάτριον
793 5415 939 5490 ὑμῶν
997 5415 1182 5494 σοφίαν
1237 5416 1430 5482 πάντες
1485 5404 1791 5493 θαυμάσονξ-

166 5514 257 5572 ται,
302 5501 399 5558 καῖ
452 5503 619 5577 ἡμεῖς
665 5502 768 5569 τὴν
815 5502 1065 5582 ὑμετέραν
1123 5503 1251 5585 περῖ
1294 5507 1354 5562 τὸ
1410 5505 1586 5590 λέγειν
1629 5504 1792 5565 δύνα-

232 5686 249 5738 ι
281 5687 395 5763 18a.
422 5703 591 5767 nix,
626 5690 724 5754 l4.

1883 4520 1980 4583 dia
2012 4543 2025 4584 :
2061 4522 2188 4603 ipse
2217 4531 2416 4585 autem
2449 4525 2653 4585 statim
2710 4521 2929 4584 emittit
2963 4521 3274 4603 epistolam
3307 4522 3369 4583 in
3401 4521 3528 4585 haec

1881 4608 2060 4673 verba
2091 4633 2107 4673 :
2142 4609 2473 4692 Imperator
2504 4612 2835 4674 Maxentius
2868 4611 3290 4690 [Maximinus]
3327 4610 3528 4673 omni-

1882 4698 2012 4776 bus,
2051 4700 2149 4782 qui
2199 4709 2337 4763 sunt
2394 4719 2539 4763 meae
2568 4701 2809 4762 ditionis
2855 4700 3141 4763 salutem.
3176 4698 3527 4779 Quicunque

1884 4789 2134 4852 deorum
2208 4790 2629 4873 sapientissimi
2687 4790 2962 4853 Mercurii
3036 4808 3236 4851 curam
3297 4790 3523 4868 geritis,

1883 4878 2176 4943 invocatis
2204 4879 2410 4955 Musis,
2441 4900 2571 4961 quae
2604 4889 2744 4942 sunt
2800 4897 2991 4942 causae
3020 4878 3399 4959 cognitionis,
3430 4897 3526 4940 ve-

1884 4969 2008 5032 nito
2056 4969 2129 5032 ad
2193 4989 2300 5032 nos
2357 4989 2572 5050 usque,
2630 4969 3090 5048 sapientissimae
3139 4966 3521 5041 muliercula,

1883 5077 2014 5141 qua:
2047 5057 2219 5121 nobis
2262 5057 2445 5121 veluti
2489 5077 2557 5120 ex
2603 5058 2855 5137 quadam
2912 5056 3184 5118 machina
3226 5054 3519 5136 apparuit,

1883 5166 1948 5211 os
1969 5148 2349 5220 obstructuri,
2381 5164 2456 5209 ne
2484 5164 2726 5225 magnos
2748 5147 2893 5208 deos
2911 5145 3174 5225 irrideat,
3207 5163 3401 5224 neque
3430 5144 3522 5205 fa-

1875 5236 2043 5299 bulas
2077 5255 2209 5298 esse
2241 5245 2428 5316 putet,
2463 5251 2594 5314 qua:
2647 5234 2756 5296 sub
2788 5233 2939 5296 falso
2970 5242 3255 5313 teguntur
3310 5233 3523 5313 probao

1874 5325 2004 5389 bili.
2040 5328 2136 5388 Sic
2165 5327 2325 5387 enim
2361 5334 2418 5387 et
2443 5323 2691 5404 patriam
2723 5322 3077 5405 sapientiam
3103 5341 3310 5385 omnes
3330 5323 3520 5386 admi-

1875 5414 2198 5489 rabuntur,
2230 5425 2290 5476 et
2342 5432 2450 5476 nos
2479 5421 2739 5476 vestram
2796 5412 3037 5475 dicendi
3088 5413 3427 5475 facultatem
3463 5421 3522 5475 et

1877 5514 2064 5574 artem
2138 5504 2474 5588 laudantes,
2537 5512 2595 5568 et
2667 5511 2973 5593 acceptam
3048 5503 3359 5583 habentes,
3420 5521 3520 5567 vos
