3992 6134
424 367 543 439 283

1732 365 2014 434 MENSIS
2053 369 2500 441 NOVEMBER.

3672 386 3775 463 284

429 509 655 608 magnis
683 501 858 608 donis
889 504 1431 574 remunerabimus.
1489 505 1636 608 Cum
1671 527 1758 608 ea
1788 528 1945 608 ergo,
1971 509 2070 575 lit-

2164 535 2264 608 ειν-
2298 516 2381 574 at
2409 516 2613 600 τέχνην
2662 516 3042 598 ἀποδεξάμενοι
3075 519 3338 603 μεγάλαις
3381 523 3515 600 ὑμᾶς
3565 521 3778 608 δωρεαῖς

433 609 577 662 tera
595 599 757 662 brevi
782 619 889 681 per
905 609 1094 663 totum
1116 619 1285 664 suum
1315 600 1715 681 pervasissent
1738 602 2079 682 imperium.

431 700 840 753 convenerunt
862 691 933 751 ad
955 691 1145 771 ipsum
1168 690 1341 752 electi
1375 708 1626 751 numero
1655 690 2081 772 quinquaginta

436 787 722 856 oratores,
785 781 888 859 qui
946 790 1114 842 erant
1168 797 1337 842 acres
1385 779 1457 840 ad
1511 780 1960 854 inveniendum,
2019 792 2080 844 et

438 870 686 932 multum
738 867 1010 931 valebant
1039 869 1097 930 in
1133 869 1408 930 dicendo.
1447 869 1608 941 Quos
1636 888 1770 930 cum
1809 871 2076 950 proxime

389 1027 396 1037 ι
437 961 733 1022 sistendos
805 968 1070 1022 curasset
1111 961 1442 1022 Maxentius
1487 961 1954 1042 [Maximinus],
2013 973 2076 1025 ut

434 1050 838 1114 familiaritate
867 1069 970 1111 eos
1003 1049 1188 1128 magis
1212 1058 1453 1111 acueret
1477 1061 1534 1111 et
1556 1049 1867 1114 incitaret:
1906 1053 2072 1134 Qua,

435 1141 650 1221 inquit,
683 1159 715 1201 a
747 1142 923 1202 nobis
967 1141 1039 1202 ad
1073 1160 1175 1202 vos
1208 1140 1404 1202 missa
1447 1147 1586 1200 sunt
1620 1139 1850 1216 littera,
1886 1143 2076 1222 signi-

434 1230 681 1291 ficarant
730 1249 968 1292 causam
1026 1231 1203 1292 vestri
1252 1230 1368 1290 huc
1426 1230 1735 1292 adventus.
1769 1230 1890 1292 Vos
1939 1251 2079 1309 ergo

433 1319 682 1400 pulchre
711 1322 977 1396 vosipsos
1013 1321 1229 1398 paratis
1253 1327 1311 1381 et
1341 1319 1895 1400 instruatis.Neque
1924 1323 2080 1400 quod

433 1411 507 1470 sit
553 1410 894 1471 adversaria
944 1410 1190 1488 femina,
1225 1409 1467 1487 segnius
1525 1417 1625 1470 aut
1683 1409 2082 1487 negligentius

433 1499 681 1560 veniatis
713 1499 784 1560 ad
818 1509 1152 1579 certamen,
1186 1497 1288 1560 sed
1323 1507 1600 1579 tanquam
1636 1506 1845 1560 contra
1877 1500 2081 1562 fortis-

437 1588 649 1648 simum
682 1587 1112 1661 adversarium,
1147 1605 1438 1666 generoso
1488 1596 1544 1649 et
1574 1590 1810 1650 excelso
1857 1590 2078 1663 animo,

439 1684 498 1737 et
527 1695 661 1738 cum
697 1679 856 1739 omni
890 1687 1169 1757 apparatu
1202 1678 1262 1739 in
1313 1697 1441 1738 eam
1475 1678 1816 1757 insurgatis.
1851 1678 1998 1740 Nam
2031 1680 2080 1740 si

440 1765 700 1828 viceritis
748 1768 1012 1849 quidem,
1043 1787 1160 1830 non
1205 1766 1547 1829 videbimini
1596 1769 1794 1829 multis
1840 1787 2078 1848 parvum

2164 605 2523 683 ἆμέιψὸμεθα,
2606 618 2722 670 Τῶν
2796 614 3125 691 γραμμάτων
3195 618 3367 672 τοίνυν
3441 605 3650 674 πᾶσαν-
3689 627 3778 689 τὴν

2161 696 2251 753 ὑπ’
2320 699 2478 756 αὗτὸν
2547 700 2724 782 ἀρχὴν
2780 703 2836 759 ἐν
2883 703 3048 783 ὀλίγῳ
3105 705 3483 784 περιελθόντων
3539 708 3777 776 συνῆλθον

2161 788 2293 873 πρὸς
2362 789 2534 873 αὒτὸν-
2577 790 2628 857 ἐξ
2698 791 2955 871 ἑπιλογῆς
3025 797 3116 851 τὸν
3180 795 3401 873 ἀριθμὸν
3469 800 3781 867 πεντήκοντα

2159 867 2402 949 ῥήτορες,
2480 870 2615 937 ὀξεις
2679 895 2736 929 τε
2811 867 3000 941 νοῆσαι
3071 876 3158 932 καὶ
3215 867 3386 933 εἰπεῖν
3453 879 3780 944 ἱκανώτατοι.

2164 957 2260 1015 Καὶ
2329 960 2538 1027 τούτους
2609 962 2881 1039 ἐγγυτάτω
2954 965 3429 1042 παραστησάμενος
3497 968 3523 1022 δ
3593 967 3786 1034 Μαξέν-

2160 1069 2272 1111 τιος
2314 1048 2407 1105 είνα
2475 1053 2562 1108 καὶ
2612 1051 2774 1109 πλέον
2844 1054 3120 1132 παραθήξῃ
3179 1068 3302 1118 ταῖς
3357 1056 3679 1136 οἷκειώσεσι,
3721 1061 3785 1116 Τὸ

2160 1137 2288 1215 παρ’
2344 1141 2522 1218 ἡμῶν,
2569 1140 2672 1220 ἔφη
2732 1141 2953 1220 γρόίμμα
3010 1145 3250 1224 πεμφθὲν
3291 1146 3424 1224 πρὸς
3478 1147 3615 1221 ὑμᾶς
3671 1146 3788 1218 ἐδή-

2163 1226 2303 1283 λωσε
2360 1230 2458 1297 τὴν
2490 1231 2658 1288 αἰτίαν
2714 1234 2812 1300 τῆς
2844 1233 3060 1290 ἐνταῦθα
3116 1235 3258 1307 ὑμῶν
3306 1235 3559 1314 ἀφίλεως.
3620 1242 3790 1315 Παρα-

2165 1318 2484 1375 σκευᾶσασθε
2543 1323 2629 1377 οὗν
2678 1322 2934 1402 ἰσχυρῶς,
2967 1323 3061 1380 καὶ
3111 1324 3212 1398 μὴ,
3249 1323 3329 1380 ὅτι
3376 1327 3509 1392 θῆλυ
3537 1327 3598 1383 τὸ
3647 1325 3786 1384 ἀντι-

2165 1407 2499 1488 μαχόμενον,
2563 1410 2846 1489 ἆργότερόθ
2894 1435 3006 1477 πως
3062 1414 3134 1476 εἷς
3184 1414 3274 1470 τὸν
3331 1413 3514 1492 ἆγῶνα
3557 1416 3591 1483 ἢ
3641 1417 3790 1494 ῥᾳθυ-

2167 1497 2389 1574 μότερον
2448 1498 2814 1574 ἀπαντήσητε,
2873 1501 2994 1558 ἀλλ’
3063 1504 3136 1567 ὡς
3203 1503 3334 1577 πρὸς
3401 1503 3792 1584 ἀνταγωνιστὴν

2167 1584 2525 1655 ἀνδρειότατον
2595 1589 2731 1646 οὕτω
2801 1592 3052 1668 γενναίως
3132 1594 3218 1648 καὶ
3288 1593 3434 1669 πάσῃ
3499 1593 3793 1671 παρασκέυῇ

2164 1673 2502 1744 διανᾶστητε.
2556 1682 2884 1747 Νικήσαντες
2936 1682 3034 1756 μὲν
3065 1684 3166 1760 γὰρ
3217 1686 3276 1742 ού
3327 1682 3467 1761 μέγα
3523 1685 3794 1753 στήσεσθαι

2163 1765 2282 1830 τοῖς
2347 1765 2575 1830 πολλοῖς
2635 1766 2804 1834 δόξετε
2876 1772 3126 1848 τρόπαιον
3179 1773 3222 1827 εἰ
3271 1771 3325 1828 δὲ
3370 1775 3460 1828 καὶ
3516 1773 3795 1840 ἡττηθῆναι

438 1858 701 1920 erexisse
750 1866 1061 1938 tropaum.
1122 1858 1223 1920 Sin
1283 1866 1503 1935 autem,
1561 1858 1716 1938 quod
1773 1857 1946 1938 absit,
1978 1879 2078 1921 vos

2164 1855 2294 1929 ὑμᾶς
2351 1854 2547 1933 συμϐῇ,
2583 1857 2712 1934 ὅπερ
2767 1860 3098 1937 ἂπεύχομαι,
3134 1860 3379 1939 μεγάλην
3421 1861 3484 1917 ἂν
3544 1862 3794 1942 αἰσχύνην

444 1947 603 2007 vinci
639 1948 1266 2026 contigerit,magnum
1303 1947 1568 2008 dedecus
1598 1946 1764 2008 vobis
1797 1948 2076 2010 consilia-

2164 1951 2296 2000 πᾶσι
2374 1946 2458 2002 καὶ
2525 1945 2733 2024 γέλωτα
2790 1947 3023 2028 ὄφλοιτε⁶
3112 1950 3238 2028 πρὸς
3317 1951 3416 2028 γὰρ
3476 1951 3581 2018 τὴν
3653 1952 3795 2030 φύσιν

438 2033 597 2116 bitis,
619 2045 675 2098 et
697 2037 1040 2098 ridebimini
1069 2037 1145 2098 ab
1177 2037 1473 2098 omnibus.
1505 2037 1885 2116 Aspicientes
1917 2039 2073 2100 enim

2164 2037 2386 2108 δρῶντες
2447 2035 2526 2092 ὅτι
2593 2038 2726 2115 γυνὴ
2754 2086 2770 2116 ,
2842 2038 3037 2107 ἀσθενῆ
3105 2041 3191 2097 καὶ
3262 2041 3352 2096 τὸν
3420 2038 3581 2116 λόγον
3644 2042 3795 2108 αὖτῆς

437 2123 511 2184 ad
543 2143 769 2200 sexum,
806 2127 964 2202 quod
1015 2126 1091 2186 sit
1121 2125 1356 2201 mulier,
1391 2144 1518 2187 eam
1570 2144 1705 2187 esse
1739 2127 2076 2188 existimant

2164 2123 2589 2200 ὑπολαμϐάνουσι
2659 2129 2747 2183 καὶ
2814 2128 2914 2195 τὴν
2970 2129 3128 2206 ἰσχὺν
3185 2129 3329 2185 εἶναι
3388 2130 3480 2185 καὶ
3541 2127 3686 2186 οὒδὶν
3740 2128 3795 2185 ἂν

436 2215 498 2275 in
526 2215 778 2277 dicendo
804 2215 1195 2290 imbecillam,
1231 2225 1289 2276 et
1323 2217 1450 2294 ejus
1495 2215 1849 2294 eloquentia
1883 2216 2074 2278 nullas

2164 2229 2401 2292 γενναῖον
2470 2215 2636 2283 αὖτιὶν
2705 2215 2823 2272 οὐδὲ
2898 2215 3144 2296 ἀνδρικὸν
3216 2217 3332 2274 οὔτε
3389 2217 3584 2297 πρᾶξαί
3651 2239 3793 2295 ποτε,

433 2322 567 2366 esse
609 2311 762 2367 vires
801 2304 1188 2377 arbitrantur,
1225 2324 1477 2384 eamque
1531 2305 1676 2367 nihil
1710 2325 2069 2381 generosum

431 2412 498 2455 ac
549 2397 694 2457 forte
730 2414 902 2475 posse
931 2405 1030 2458 aut
1058 2396 1274 2465 facere,
1309 2404 1406 2456 aut
1446 2395 1669 2458 dicere.
1704 2395 1824 2474 Ego
1855 2404 2074 2473 autem,

432 2492 496 2545 ut
531 2486 629 2564 qui
649 2486 776 2566 ejus
809 2495 1140 2548 accuratam
1173 2485 1423 2546 habeam
1452 2484 1909 2565 experientiam,
1943 2485 2077 2564 opi-

433 2593 546 2637 nor
574 2574 646 2636 ab
679 2594 748 2637 ea
779 2576 1108 2638 secundum
1151 2575 1414 2635 futurum
1446 2573 1778 2640 Platonem.
1816 2574 1914 2653 qui
1947 2573 2080 2635 tulit

433 2665 654 2744 primas
708 2673 903 2744 partes
933 2664 1255 2744 sapientia.
1315 2661 1552 2741 Vosque
1583 2663 1667 2724 sic
1713 2661 1890 2723 velim
1947 2681 2078 2724 esse

433 2761 695 2831 paratos.
730 2753 979 2833 perinde
1025 2771 1093 2815 ac
1122 2752 1174 2816 si
1229 2753 1512 2815 adversus
1541 2752 1710 2814 illum
1763 2753 1956 2831 ipsum
1992 2771 2079 2814 es-

431 2842 574 2904 setis
603 2843 984 2905 decertaturi.
1018 2844 1123 2904 Est
1157 2848 1312 2904 enim
1349 2843 1586 2923 melius,
1614 2859 1822 2921 magna
1841 2859 2081 2921 exspec-

433 2939 627 2992 tantes
677 2931 944 2994 invenire
1001 2931 1253 3013 minora,
1290 2951 1468 3015 quam
1519 2949 1693 3013 parva
1741 2939 2077 3012 sperantes,

431 3019 700 3082 incidere
731 3021 789 3082 in
836 3021 1103 3085 fortiora.

512 3109 664 3172 VIII.
699 3110 786 3173 All
809 3111 936 3172 hac
967 3110 1113 3172 dixit
1144 3129 1298 3172 unus
1331 3130 1403 3174 ex
1434 3109 1800 3182 oratoribus,
1821 3109 1921 3192 qui
1955 3117 2082 3171 erat

438 3200 691 3261 eximius
727 3201 882 3261 inter
911 3219 1142 3279 omnes,
1175 3201 1277 3281 qui
1310 3209 1479 3263 erant
1529 3218 1662 3263 cum
1697 3200 1879 3280 ipsis:
1915 3201 2079 3262 Con-

2160 2304 2274 2361 οῧτε
2333 2307 2503 2362 εἰπεῖν
2560 2303 2870 2372 δυνηθῆναι.
2931 2306 3074 2383 Ἐγὼ
3134 2305 3190 2362 δὲ
3234 2308 3308 2370 ὡς
3367 2305 3563 2385 ἀκριϐῆ
3621 2321 3796 2386 πεῖραν

2161 2393 2325 2462 αὐτῆς
2378 2395 2656 2474 ἐσχηκὼς,
2691 2397 2778 2452 καὶ
2810 2395 2967 2454 αὐτὸν
3017 2395 3077 2453 ἄν
3109 2419 3201 2472 μοι
3252 2394 3390 2452 δοκῶ
3421 2397 3491 2452 τὰ
3541 2394 3798 2473 δευτερεῖα

2160 2485 2356 2552 ταύτης
2415 2485 2565 2563 ἔχειν
2622 2485 2714 2540 τὸν
2769 2485 2834 2541 τὰ
2888 2486 3073 2564 πρῶτα
3129 2491 3226 2553 τῆς
3275 2487 3461 2563 σοφίας
3508 2485 3797 2563 ἂπενεγιιά-

2162 2595 2320 2647 μενον
2376 2572 2656 2647 Πλάτωνα,
2688 2575 2776 2630 καὶ
2831 2576 2966 2649 ὑμᾶς
3015 2575 3193 2654 ὥσπερ
3242 2573 3304 2631 ἂν
3361 2575 3404 2630 εἰ
3462 2575 3594 2654 πρὸς
3652 2575 3795 2632 αὐτὸν

2160 2663 2368 2719 ἐκεῖνον
2426 2662 2560 2719 οὕτω
2631 2665 3118 2740 παρασκευάζεσθαι
3190 2662 3342 2730 ἀξιῶ·
3416 2663 3631 2741 βέλτιον
3705 2664 3795 2741 γὰρ

2160 2750 2369 2829 μεγάλα
2453 2750 2822 2831 προδοκῶντας
2905 2751 3159 2811 ἐλάττονα
3247 2758 3448 2834 εὑρεῖν,
3646 2754 3795 2833 μικρὰ

2161 2841 2476 2906 ἐλπίσαντας
2529 2841 2890 2922 ἶσχυροτέροις
2921 2856 3258 2922 περιπεσεῖν.

2241 3101 2332 3160 11¹.
2387 3103 2523 3180 Πρὸς
2557 3107 2720 3157 ταῦτα
2760 3104 2842 3164 εἷς
2872 3106 2979 3157 τῶν
3022 3102 3261 3180 ῥητόρων
3320 3105 3348 3158 ὁ
3384 3107 3491 3158 τῶν
3523 3105 3613 3160 σὺν
3666 3102 3798 3176 αὗτῷ

2161 3193 2373 3249 πάντων
2457 3189 2852 3270 διαφορώτατος
2922 3192 3102 3255 εἶπεν,
3195 3193 3348 3258 Εἰκὸς
3421 3193 3564 3250 οὕτω
3647 3199 3799 3248 ταῦτα

435 3298 785 3352 sentaneum
843 3298 953 3364 est,
988 3309 1022 3350 o
1053 3278 1395 3369 imperator,
1432 3292 1557 3352 hac
1602 3289 1681 3351 ita
1712 3278 1778 3351 se
1831 3287 2075 3364 habere,

2164 3282 2332 3362 ἔχειν,
2381 3281 2428 3336 ὦ
2468 3279 2706 3356 βασιλεῦ,
2743 3279 2838 3335 καὶ
2891 3283 3108 3351 συνετήν
3153 3303 3270 3338 τινα
3303 3281 3401 3349 τὴν
3455 3294 3682 3360 γυναῖκα
3711 3278 3799 3338 καῖ

437 3387 496 3440 et
527 3378 952 3458 intelligentetn
987 3398 1118 3441 esse
1151 3379 1489 3456 mulierem,
1525 3387 1582 3440 et
1611 3379 1770 3440 acuti
1829 3377 2077 3456 ingenii.

433 3468 548 3530 Sed
581 3487 697 3529 non
732 3468 970 3552 videtur
1004 3468 1148 3529 mihi
1181 3469 1330 3539 fore,
1366 3477 1430 3529 ut
1458 3468 1748 3530 sustineat
1781 3468 1988 3528 venire
2019 3468 2082 3529 in

431 3567 816 3638 conspectum
841 3557 1115 3639 oratoris,
1151 3577 1224 3620 ne
1248 3557 1386 3619 dum
1421 3565 1485 3619 ut
1507 3574 1639 3618 cum
1669 3575 1738 3618 eo
1763 3556 1920 3616 ineat
1945 3574 2081 3618 cer--

434 3655 631 3709 tamen
664 3647 1112 3726 disputationis,
1147 3654 1206 3708 et
1235 3655 1336 3708 aut
1378 3647 1600 3728 aliquid
1634 3652 1945 3727 proponat,
1981 3659 2082 3706 aut

430 3745 708 3817 opponat.
752 3735 901 3809 Quid
937 3745 1026 3797 est
1055 3736 1212 3797 enim
1251 3737 1464 3798 mulier
1493 3735 1564 3797 ad
1598 3743 1785 3796 artem
1820 3735 2083 3797 rethori-

432 3825 607 3888 eam?
637 3827 850 3888 Veniat
881 3834 1078 3887 tamen
1113 3825 1332 3900 solum,
1370 3836 1428 3888 te
1450 3824 1726 3904 jubente,
1767 3832 1826 3886 et
1857 3823 2084 3886 videbis

433 3935 563 3995 qua
596 3915 881 3994 deinceps
916 3923 1379 3994 consequuntur.
1418 3915 1560 3978 Cum
1610 3933 1749 3990 ergo
1786 3923 2081 3975 oratorem

429 4007 579 4065 adeo
605 4003 894 4065 tumidum
923 4004 1165 4065 vidisset.
1187 4005 1523 4066 Maxentius
1549 4002 2083 4087 [Maximinus],a€l

431 4091 784 4171 voluptatem
811 4099 870 4152 et
894 4091 1152 4152 latitiam
1181 4092 1373 4153 statim
1409 4091 1517 4152 fuit
1558 4109 1904 4171 conversus,
1937 4109 2044 4171 spe
2068 4128 2082 4140 -

429 4198 572 4241 rans
619 4180 831 4242 stultus
861 4180 1122 4260 linguam
1154 4179 1302 4242 adeo
1347 4182 1842 4260 intemperantem
1880 4189 1939 4240 et
1968 4197 2078 4240 au-

431 4269 639 4332 dacem
690 4286 1102 4350 persuasuram
1154 4269 1370 4348 lingua
1416 4272 1734 4330 moderata
1777 4275 1840 4329 et
1887 4267 2082 4348 plena

431 4361 743 4440 sapientia.
767 4358 946 4422 Jubet
979 4377 1118 4437 ergo
1151 4368 1288 4421 ante
1312 4376 1375 4420 se
1410 4358 1535 4418 sisti
1572 4367 1912 4438 martyrem.
1948 4358 2073 4419 Col-

430 4448 584 4510 lecta
615 4467 851 4530 quoque
883 4449 1078 4509 fuerat
1108 4449 1393 4528 frequens
1445 4446 1784 4522 multitudo,
1821 4465 2080 4509 concur-

429 4555 570 4599 rens
614 4537 685 4598 ad
749 4537 1154 4618 spectaculum
1209 4535 1579 4609 certaminis,
1615 4543 1677 4596 ut
1727 4535 1972 4612 scirent,
2009 4555 2079 4599 ex

435 4634 565 4687 utra
598 4633 762 4706 parte
813 4633 1000 4686 staret
1052 4624 1321 4698 victoria,
1354 4624 1627 4686 Nondum
1687 4634 2080 4706 pervenerant

429 4714 501 4775 ad
534 4714 860 4776 custodiam
895 4714 959 4787 ii,
994 4715 1090 4795 qui
1121 4714 1274 4794 jussi
1308 4714 1538 4776 fuerant
1573 4733 1702 4775 eam
1747 4715 2075 4791 adducere,

435 4823 567 4866 cum
593 4804 838 4884 angelus
861 4803 1094 4866 Domini
1118 4805 1517 4884 eiapparens:
1545 4804 1679 4866 Noli
1715 4803 1949 4879 timere,
1976 4811 2076 4885 ait,

2164 3371 2419 3450 ἀγχίνουν
2451 3369 2619 3428 εἶναι.
2680 3366 2830 3424 Ἀλλ’
2883 3370 2942 3426 οὗ
3000 3368 3152 3426 δοκεῖ
3207 3392 3298 3445 μοι
3331 3370 3468 3426 κατὰ
3529 3369 3800 3449 πρόσωπον

2164 3462 2382 3536 ῥήτορος
2441 3460 2606 3526 αὐτὴν
2679 3455 2852 3514 ἐλθεῖν
2929 3459 3231 3535 ὑπομείναι,
3295 3460 3374 3534 μὴ
3445 3458 3528 3516 ὅτι
3597 3481 3657 3538 γε
3723 3459 3802 3514 καὶ

2165 3548 2325 3627 λόγον
2384 3555 2622 3628 συνᾶραι,
2656 3549 2744 3605 καὶ
2804 3550 2875 3614 εἰς
2927 3570 3208 3627 προτασεις
3267 3553 3411 3624 αὒτῷ
3462 3551 3554 3606 καὶ
3601 3549 3798 3606 ἀντιθέ-

2166 3661 2276 3703 σεις
2353 3643 2630 3718 χωρῆσαι.
2703 3637 2762 3695 Τί
2842 3638 2941 3715 γάρ
3018 3637 3129 3693 ἐστι
3200 3639 3331 3717 γυνὴ
3403 3640 3537 3717 πρὸς
3608 3637 3800 3718 τέχνην

2165 3711 2500 3806 ρητοριίιῖοςν;
2548 3711 2730 3800 ’Ὅμως
2791 3711 2986 3783 ἐλθέτω
3045 3711 3225 3801 μόνον-
3277 3733 3370 3784 σοῦ
3429 3711 3797 3806 διελεύσαντος,

2166 3820 2253 3876 καὶ
2305 3817 2425 3894 ὄψει
2486 3817 2552 3873 τὰ
2606 3818 2692 3873 kal
2749 3818 2979 3879 τούτοις.
3026 3818 3128 3876 Τὸν
3196 3817 3390 3895 ῥήτορα
3445 3819 3618 3875 τοίνυν
3673 3815 3800 3874 οὕτω

2167 3906 2375 3985 μεγάλα
2443 3909 2686 3986 φυσῶντα
2745 3904 2866 3962 ἰδὼν
2925 3908 2952 3962 ὃ
3026 3903 3339 3982 Μαξέντιος,
3411 3909 3547 3986 πρὸς
3617 3905 3800 3975 ἡδονὴν

2163 3997 2310 4060 εὐθὺς
2400 3997 2484 4052 καὶ
2568 3994 2892 4075 φαιδρότητα
2994 3993 3351 4070 μετεϐάλλετο
3386 4044 3401 4067 ,
3476 3995 3695 4059 ἐλπίσας
3775 3996 3799 4050 δ

2166 4085 2395 4159 μάταιος
2474 4084 2770 4141 ἀκόλαστον
2855 4084 2992 4141 οὕτω
3075 4086 3164 4140 καὶ
3235 4087 3488 4163 θρασεῖαν
3568 4085 3801 4164 γλῶτταν

2163 4173 2374 4241 ἐπιεικῆ
2445 4175 2537 4229 καί
2616 4173 2924 4254 γιλοσοφίας
2997 4173 3264 4253 γέμουσαν
3335 4187 3524 4230 πεῖσαι
3598 4172 3796 4254 ψυχήν.

2162 4267 2500 4340 Παραστῆναι
2570 4263 2742 4319 τοίνυν
2833 4265 2973 4336 αὒτῷ
3056 4261 3258 4320 κελεύει
3339 4263 3439 4330 τὴν
3517 4264 3796 4342 μακαρίαν,

2160 4351 2460 4408 συνείλκετο
2537 4350 2591 4407 δὲ
2666 4355 2754 4410 καὶ
2831 4356 3029 4430 πρῆθος
3109 4351 3294 4429 ἀθρόον
3351 4353 3425 4416 εἰς
3507 4351 3631 4408 θέαν
3712 4355 3797 4406 τοῦ

2162 4442 2366 4520 ἀγῶνος
2434 4440 2836 4521 ἐπιδραμόντες,
2896 4442 3032 4500 ὥστε
3089 4445 3281 4516 μαθεῖν
3342 4439 3594 4520 ὃπότεριν
3647 4440 3798 4520 μέρος

2161 4533 2258 4598 τὴν
2343 4538 2571 4588 νικῶσαν
2657 4532 2954 4590 ἀποίσεται.
3043 4529 3202 4589 Οὔπω
3274 4530 3372 4598 τὴν
3450 4529 3692 4609 φυλακὴν
3755 4531 3799 4584 οἱ

2161 4622 2387 4700 ἀγαγεῖν
2418 4621 2581 4689 αὐτὴν
2637 4621 3032 4678 ἀπεσταλμένοι
3079 4618 3395 4692 κατέλαϐον,
3433 4621 3518 4676 καὶ
3576 4618 3799 4698 ἄγγελος

2163 4712 2229 4778 ἦν
2287 4711 2418 4787 αὐτῇ
2449 4711 2666 4774 ἐπιστὰς
2705 4713 2811 4789 καὶ,
2848 4711 2935 4777 Μὴ
2989 4707 3172 4790 φοϐοῦ,
3227 4711 3262 4777 ἡ
3319 4721 3453 4772 παῖς
3497 4714 3590 4765 τοῦ
3649 4713 3796 4774 Θεοῦ,

2163 4802 2340 4857 εἶπεν·
2399 4797 2508 4856 ἰδοὺ
2563 4799 2662 4877 γὰρ
2739 4798 3016 4869 δοθήσεταί
3085 4820 3168 4855 σοι
3245 4799 3398 4876 σοφία
3456 4796 3541 4852 ἐπὶ
3593 4801 3661 4872 τῇ
3737 4801 3800 4871 σῇ

429 4893 535 4957 Dei
563 4893 758 4975 puella
805 4895 958 4955 Ecce
982 4894 1141 4957 enim
1175 4901 1390 4972 prater
1405 4902 1560 4955 tuam
1594 4891 1946 4973 sapientiam
1973 4893 2078 4955 tibi

2164 4891 2317 4967 σοφίᾳ
2400 4889 2542 4966 παρὰ
2623 4891 2779 4963 Θεοῦ,
2840 4892 2926 4945 καί
3011 4889 3210 4951 πείσεις
3270 4887 3388 4949 τοὺς
3470 4887 3799 4954 πεντήκοντα

431 4973 672 5046 dabitur
701 5003 734 5045 a
763 4982 885 5046 Deo
917 4983 1228 5066 sapientia,
1267 4991 1324 5044 et
1371 4981 1759 5064 persuadebis
1789 4982 2078 5063 quinqua-

2164 4981 2406 5058 ρἠορας.
2473 4978 2545 5036 Οὐ
2587 4979 2785 5066 πείσεις
2849 4977 2904 5034 δὲ
2971 4977 3135 5045 μόνον
3209 4975 3421 5066 ἁπλῶς,
3501 4973 3638 5030 ἀλλὰ
3683 4975 3797 5066 “sui

430 5074 592 5153 ginta
649 5061 1004 5137 oratoribus:
1039 5076 1247 5155 Neque
1299 5061 1488 5135 solum
1524 5061 1933 5154 persuadebis,
1956 5061 2072 5134 sed

2164 5069 2347 5133 αὖτοὺς
2406 5068 2495 5124 καὶ
2550 5065 2780 5133 πολλοὺς
2839 5068 2930 5124 σὺν
3003 5067 3182 5130 αὐτοῖς
3243 5065 3451 5143 ἐτέρους
3525 5061 3798 5138 προσάξεις

431 5152 487 5224 et
547 5164 731 5244 ipsos,
766 5173 823 5225 et
867 5164 1084 5225 multos
1134 5152 1304 5239 alios,
1343 5167 1440 5244 qui
1495 5152 1632 5226 sunt
1668 5180 1802 5223 cum
1857 5163 1966 5238 eis,
2003 5161 2076 5224 ad

2164 5165 2298 5232 Θεῷ.
2359 5157 2497 5214 Εἶτα
2553 5159 2639 5212 καὶ
2696 5159 2828 5234 αὒτῇ
2889 5159 2980 5214 τὸν
3044 5155 3137 5213 τοῦ
3208 5154 3491 5236 μαρτυρίου
3541 5152 3797 5234 στέφανον

429 5251 617 5314 Deum
667 5253 948 5314 adduces.
984 5253 1214 5314 Deinde
1261 5262 1321 5314 tu
1357 5272 1593 5334 quoque
1644 5251 1763 5314 eris
1799 5252 2078 5314 redimita

2164 5248 2429 5318 ἂναὸήσει.
2464 5245 2638 5305 Ταῦτα
2664 5248 2691 5304 ὁ
2720 5247 2818 5323 μὲν
2850 5249 3010 5305 εἰπὼν
3040 5245 3238 5327 ᾤχετο.

431 5359 652 5403 corona
703 5341 987 5422 martyrii.
1021 5341 1159 5404 Hac
1214 5341 1315 5404 ille
1358 5343 1598 5425 quidem
1631 5360 1765 5404 cum
1801 5341 2070 5418 dixisset,

431 5429 599 5492 abiit.

511 5517 606 5580 IX.
661 5518 805 5581 Cum
841 5537 969 5580 eam
1013 5527 1208 5582 autem
1257 5520 1628 5603 accepissent
1659 5521 1718 5601 ii,
1756 5521 1855 5602 qui
1911 5518 2078 5581 missi

2243 5515 2330 5577 ϐ’.
2379 5514 2640 5582 Λαϐόντες
2689 5514 2743 5572 δὲ
2795 5516 2959 5584 αὒτὴν
2989 5519 3036 5573 οἱ
3080 5513 3472 5591 ἀπεσταλμένοι
3515 5517 3589 5586 τῷ
3641 5513 3798 5589 βασι-

430 5610 686 5690 fuerant,
711 5608 1010 5670 adducunt
1032 5609 1103 5670 ad
1137 5608 1395 5671 tribunal
1429 5609 1830 5691 imperatoris.
1861 5610 1933 5670 Et
1956 5615 2078 5669 sta-

2164 5605 2296 5680 λικῷ
2352 5606 2673 5683 προσάγουσι
2743 5605 2968 5682 βήματι,
3039 5606 3136 5664 Καὶ
3188 5605 3369 5664 αὒτῖκα
3452 5607 3477 5659 ὃ
3555 5614 3798 5680 γενναῖος

428 5699 532 5764 tim
593 5689 869 5784 egregius
913 5699 1010 5762 ille
1057 5709 1280 5782 orator,
1334 5689 1532 5782 quem
1565 5699 1732 5782 prius
1794 5697 2074 5768 diximus,

2164 5696 2335 5777 ῥήτωρ
2373 5695 2604 5772 ἐκεῖνος,
2644 5697 2700 5752 ὃν
2757 5694 3038 5778 προλτϐὼν
3097 5699 3124 5754 ὁ
3174 5694 3330 5776 λόγος
3358 5693 3616 5771 ἒδήλωσε,
3655 5689 3795 5770 μέγα
