3918 6138
341 331 459 410 287

1644 345 1926 415 MENSIS
1963 345 2409 416 NOVEMBER.

3585 352 3692 428 288

341 496 528 578 novos
581 476 976 563 celebrantes,
1013 490 1333 567 propterea
1360 501 1470 547 nos
1526 482 1654 567 pios
1685 500 1820 548 esse
1853 482 1972 548 du-

2117 483 2289 544 ύκτων
2332 485 2552 564 τύπους,
2583 487 2765 554 θυσίας
2811 487 2866 547 δὲ
2895 487 3099 556 τούτοις
3144 489 3232 550 καὶ
3262 488 3452 560 καινὰς
3483 506 3695 578 τεῦχον-ρ

343 589 552 638 cimus.

425 662 524 726 ΧΙ.
557 662 724 737 Quod
757 676 952 728 autem
1003 665 1348 729 cruciﬁxum
1399 683 1477 728 ne
1507 664 1698 728 solum
1744 664 1987 746 quidem

343 771 563 816 nomen
591 754 788 818 dixisti
811 755 1032 818 habere
1054 756 1209 836 apud
1230 764 1725 836 veteres,oportet
1746 755 1988 836 quidem

344 861 464 905 non
499 862 628 907 esse
683 844 860 906 nimis
891 845 1214 926 curiosum,
1253 864 1447 926 neque
1479 845 1553 907 de
1598 863 1668 906 eo
1699 845 1990 906 humanas

343 935 596 995 scrutari
659 935 947 1008 rationes,
1008 935 1166 1016 quod
1214 935 1292 997 sit
1349 935 1507 998 Deus
1563 953 1760 1010 verus,
1795 934 1989 1014 opifex

343 1022 499 1094 cceli,
528 1033 582 1084 et
603 1032 795 1099 terrae,
826 1032 884 1086 et
907 1030 1110 1100 maris,
1132 1033 1191 1087 et
1220 1024 1385 1098 solis,
1413 1032 1471 1086 et
1493 1025 1670 1101 lunae,
1697 1033 1756 1085 et
1792 1031 1986 1084 astro-

341 1131 497 1182 rum,
520 1106 583 1174 'et
614 1114 876 1176 universi
902 1115 1212 1176 hominum
1241 1114 1499 1194 generis,
1523 1112 1986 1194 incomprehen-

340 1201 553 1276 sibilis,
587 1203 1017 1277 inscrutabilis,
1067 1204 1503 1278 interminatus,
1535 1203 1876 1266 ineﬂ‘abilis.
1910 1204 1986 1265 Ut

335 1308 474 1352 vero
524 1311 620 1354 res
651 1295 780 1373 ejus
826 1313 896 1356 ex
928 1295 1139 1356 vestris
1184 1311 1425 1374 quoque
1483 1293 1836 1355 confirmem
1873 1291 1984 1373 (sic

338 1382 496 1442 enim
533 1382 707 1445 fuerit
737 1384 982 1446 omnino
1004 1402 1036 1444 a
1060 1383 1408 1463 suspicione
1429 1381 1688 1443 alienum
1723 1379 1981 1443 testimo-

335 1471 546 1545 nium),
582 1473 719 1535 audi
758 1471 1256 1552 sapientissimam
1289 1471 1446 1533 inter
1481 1471 1761 1532 mulieres
1792 1468 1981 1550 sibyl-

332 1560 925 1641 lam,generationem
951 1563 1079 1642 ejus
1100 1561 1430 1624 secundum
1457 1579 1721 1635 carnem,
1758 1568 1816 1621 et
1855 1561 1988 1640 ejus

335 1649 399 1712 in
437 1670 542 1713 nos
576 1651 1012 1732 providentiam
1044 1660 1104 1714 et
1135 1669 1336 1714 curam
1390 1650 1751 1713 ineiTabilem
1783 1658 1987 1729 aperte

2071 597 2158 640 τες
2213 578 2562 661 πανηγύρεις,
2625 578 2896 639 εὐσέϐειαν
2953 581 3098 638 εἶναι
3157 589 3321 640 ταῦτα
3403 583 3693 661 νομίζομεν,

2153 665 2262 757 lA'.
2319 657 2357 695 "
2364 676 2456 726 Οτι
2520 657 2574 724 δὲ
2603 669 2696 726 τὸν
2751 669 3150 747 ἐσταυρωμένον
3177 672 3255 749 μὴ
3309 657 3476 748 ψιλοῦ.
3522 657 3697 757 τυχεῖν

2072 755 2335 844 όνόματος
2393 758 2534 836 παρᾶ
2586 771 2705 823 τοῖς
2763 759 3018 826 παλαιοῖς
3075 759 3198 842 ἔφη,
3235 761 3406 844 ἔχρῆν
3453 763 3548 840 μὲν
3585 755 3699 842 μη..

2073 842 2128 901 δὲ
2180 848 2606 925 περιεργάζεσθαι
2665 849 2751 904 καὶ
2810 842 3306 930 πολυπραγμονεῖν,
3367 849 3504 928 μηδὲ
3553 851 3700 932 λογι-

2072 934 2237 1008 σμοὺς
2309 934 2518 1012 ἐρευνᾷν
2590 935 2946 1016 ἀνθρωπίνους
3019 939 3143 1018 περῖ
3206 941 3389 1020 αὐτοῦ,
3459 942 3532 1007 ὡς
3598 941 3699 1002 ἔστι

2073 1025 2200 1089 Θεὸς
2257 1022 2464 1093 ἀληθὴς
2537 1029 2757 1102 οὖρανοῦ
2806 1028 2894 1084 καὶ
2963 1027 3064 1105 γῆς
3135 1030 3222 1086 καὶ
3283 1028 3554 1099 θαλάσσης
3620 1036 3701 1092 καὶ

2069 1110 2220 1180 ἡλίο.)
2251 1114 2338 1170 καὶ
2388 1114 2622 1184 σελήνης
2678 1117 2766 1172 καὶ
2820 1115 3058 1196 ἀστόρων
3089 1118 3176 1174 καὶ
3229 1120 3428 1183 παντὸς
3459 1130 3552 1180 τοῦ
3603 1127 3698 1179 τῶν

2067 1200 2356 1281 ἀνθρώπων
2427 1203 2606 1282 γένους
2674 1202 3022 1284 δημιουργὸς,
3095 1207 3496 1284 ἀκατάληπτος,
3555 1208 3700 1276 ἀνεξ-

2068 1293 2369 1369 ερεύνητος,
2403 1293 2716 1371 άπέραντὸς,
2751 1293 3166 1376 ἀνεξιχνίαστος,
3201 1296 3452 1376 άῤῥητος.
3502 1289 3620 1358 ’Ἵνα
3651 1298 3702 1357 δέ

2067 1402 2149 1438 σοι
2208 1381 2274 1437 τὰ
2337 1385 2454 1461 περὶ
2514 1385 2670 1442 αὐτοῦ
2727 1385 2812 1442 καὶ
2857 1385 2963 1442 ἀπὸ
3022 1392 3125 1443 τῶν
3181 1387 3448 1466 ὑμετέρων
3503 1389 3702 1446 πιστώ-

2069 1486 2268 1546 σωμαι²
2320 1471 2457 1528 οὕτω
2513 1473 2614 1552 γὰρ
2673 1472 2734 1529 ἂν
2806 1474 2898 1541 εἴη
2972 1475 3186 1540 πάντως
3257 1479 3554 1544 ἀνύποπτος
3621 1478 3704 1536 καὶ

2068 1560 2103 1627 ἡ
2188 1561 2467 1640 μαρτυρία⁶
2555 1566 2652 1628 τῆς
2727 1564 3040 1640 σοφωτάτης
3113 1565 3167 1621 ἐν
3251 1566 3480 1644 γυναιξὶν
3557 1568 3706 1626 ἄκουε

2069 1645 2322 1718 σιϐύλλης
2373 1651 2471 1718 τὴν
2529 1649 2666 1707 κατά
2721 1653 2889 1732 σάρκα
2928 1653 3177 1732 γέννησιν
3234 1657 3414 1737 αὐτοῦ,
3475 1659 3561 1714 καὶ
3613 1658 3707 1726 τὴν

337 1740 796 1818 signiﬁcantem.
856 1741 918 1806 Si
964 1742 1049 1803 vis
1087 1750 1305 1818 autem,
1341 1742 1468 1823 ipsa
1529 1759 1765 1823 quoque
1813 1738 1984 1801 verba

2112 1740 2186 1816 ερὶ
2227 1740 2364 1812 ὑμᾶς
2417 1740 2664 1820 πρόνοιαν
2709 1742 2795 1798 καὶ
2851 1742 2950 1810 την
3006 1740 3207 1823 ἄφατον
3265 1747 3421 1806 αὐτοῦ
3478 1745 3709 1823 κηδεμο-

336 1830 670 1896 audiemus.
715 1833 826 1894 Vix
862 1832 1098 1894 tandem
1155 1818 1586 1893 autem'veniet
1627 1818 1864 1910 quidam
1923 1830 1982 1890 in

2112 1830 2178 1883 ἀν
2245 1835 2425 1907 σαφῶς
2460 1818 2466 1820 Ἴ
2498 1830 2967 1906 ὁποσημαινούσης
3003 1879 3019 1912 ,
3054 1818 3065 1823 ⁷
3094 1835 3138 1889 εί
3222 1833 3400 1911 βούλει
3473 1833 3555 1909 δὲ,
3609 1818 3710 1892 *καὶ

337 1920 490 1984 hanc
527 1922 877 1985 multiﬁdam
910 1930 1217 1996 terram,et
1241 1921 1464 2002 absque
1487 1920 1654 2000 lapsu
1687 1920 1785 1981 ﬁet
1815 1937 1976 1980 caro.

333 2010 657 2074 Indefessis
677 2021 875 2074 autem
915 2011 1188 2074 terminis
1218 2011 1546 2074 divinitatis
1567 2009 1749 2071 solvet
1781 2027 1981 2070 corru-

335 2107 599 2180 ptionem
630 2102 1016 2165 aﬂ‘ectiouum
1072 2099 1632 2165 immedicabilium.
1669 2098 1739 2160 Et
1770 2099 1822 2162 ei
1868 2098 1982 2162 erit

333 2189 562 2255 invidia
592 2192 653 2254 in
685 2193 996 2255 incredulo
1031 2191 1272 2272 populo,
1307 2199 1361 2253 et
1391 2190 1451 2252 in
1497 2191 1617 2252 alto
1647 2189 1976 2270 suspende-

2065 1917 2236 1974 αὐτῶν
2299 1917 2680 1994 ἐπακούσωμεν
2737 1925 2842 1975 τῶν
2911 1921 3191 1998 ῥημάτων,
3253 1921 3386 2000 Ὀψέ
3438 1924 3710 1994 ποτὲ,τις

2065 2005 2150 2062 ἐπὶ
2199 2007 2296 2076 τὴν
2351 2005 2655 2087 πολυσχιδῆ
2707 2010 2903 2076 ταύτην
2967 2008 3172 2067 ἐλάσειε
3230 2017 3360 2090 γῆν,
3417 2015 3506 2070 καὶ
3590 2011 3714 2093 δίχα

2064 2094 2376 2176 σφάλματος
2435 2098 2717 2174 γενήσεται
2778 2097 2927 2176 σὰρξ,
2993 2099 3288 2165 ἆκαμσίτοις
3347 2101 3402 2158 δὲ
3461 2105 3709 2169 θεότητος

2063 2183 2228 2261 ὅροις,
2303 2185 2530 2242 ἀνιάτων
2601 2189 2781 2243 παθῶν
2853 2185 3002 2244 λύσει
3073 2191 3289 2268 φθοράν,
3369 2192 3468 2249 Καὶ
3548 2193 3712 2266 τούτῴ

331 2289 448 2357 tur,
475 2290 753 2364 tanquam
786 2301 926 2344 reus
952 2281 1179 2344 mortis.
1217 2280 1354 2343 Haec
1379 2289 1570 2342 autem
1604 2280 1803 2342 omnia
1833 2279 1980 2340 leni-

2125 2275 2312 2354 φθόνος
2371 2277 2652 2352 γενήσεται
2685 2275 2737 2342 ἐξ
2792 2275 3012 2334 ἀπίστοῦ
3065 2277 3218 2353 λαοῦ,
3253 2281 3341 2336 καὶ
3399 2283 3535 2361 πρὸς
3581 2281 3709 2357 ὕψος

330 2376 427 2432 ter
454 2371 728 2451 patietur.
768 2372 914 2434 Vide
936 2388 1172 2453 quoque
1202 2378 1390 2432 vatem
1423 2389 1456 2432 a
1489 2368 1802 2432 mendacio
1833 2368 1980 2432 alie-

2112 2365 2490 2440 >εμασθήσεται
2573 2366 2646 2430 ὡς
2710 2366 2935 2422 θανάτου
3021 2365 3326 2434 κατάδικος.
3409 2379 3588 2430 Ταῦτα
3661 2371 3714 2428 δὲ

333 2477 473 2521 num
505 2460 1128 2542 Apollinem,oblitum
1161 2459 1353 2521 solita;
1373 2477 1495 2520 suae
1519 2458 1900 2520 obscuritatis
1923 2467 1982 2520 et

2112 2470 2235 2510 αντα
2283 2454 2521 2510 πείσεται
2576 2455 2782 2532 πράως·
2823 2456 2918 2535 δρα
2969 2457 3024 2513 δέ
3082 2479 3167 2514 σοι
3227 2459 3315 2515 καὶ
3371 2461 3466 2516 τὸν
3516 2459 3715 2538 ἀψευδῆ

330 2548 718 2631 obliquitatis,
747 2560 807 2614 et
835 2552 1081 2630 nudam,
1106 2549 1338 2610 etiamsi
1373 2548 1539 2623 nolit,
1567 2547 1843 2610 edentem
1878 2565 1983 2610 ve-

2112 2542 2256 2598 άντιν
2323 2542 2663 2621 Ἀπόλλωνα,
2715 2545 2814 2613 τῆς
2874 2549 3127 2616 συνήθους
3184 2546 3441 2629 ἀσαφείας
3495 2552 3583 2607 οιαὶ
3621 2554 3718 2617 τῆς

329 2630 586 2702 ritatem.
621 2640 808 2717 Unus,
847 2640 1056 2720 inquit,
1094 2657 1189 2698 me
1247 2642 1404 2716 cogit
1451 2635 1730 2711 cmiestis,
1766 2636 1863 2718 qui
1898 2643 1986 2698 est

2112 2631 2352 2720 δξότητος
2424 2631 2849 2711 ἐπιλελησμένον
2925 2635 3013 2693 καὶ
3054 2637 3256 2715 γυμνὴν
3297 2640 3395 2706 τὴν
3469 2637 3718 2709 ἀλήθειαν

327 2728 422 2791 lux
454 2728 766 2809 tripliciter
794 2717 1248 2808 ret‘ulgens.Qui
1273 2745 1415 2787 vero
1449 2743 1658 2806 passus
1685 2717 1980 2808 estDeus;

2112 2717 2378 2778 ναδιδόντα
2435 2723 2523 2778 καὶ
2582 2723 2660 2799 μὴ
2715 2723 3063 2801 βουλόμενον.
3112 2731 3208 2790 Εἷς
3267 2749 3358 2804 με,
3392 2729 3555 2810 φησὶ,
3596 2728 3717 2806 βιά-

330 2837 448 2880 non
497 2808 670 2898 passa
726 2827 820 2881 est
860 2827 1057 2881 autem
1101 2817 1232 2897 ipsa
1289 2815 1588 2878 divinitas.
1631 2813 1826 2878 Ambo
1886 2824 1978 2897 est

2112 2833 2208 2867 :tar
2281 2811 2517 2890 οὑράνιος
2604 2811 2661 2876 ὅς
2745 2813 2858 2871 ἐστι
2944 2821 3056 2896 φῶς
3127 2808 3454 2894 τριλαμπὲς.
3542 2808 3599 2876 Ὀ
3667 2815 3717 2873 δὲ

328 2907 512 2985 enim,
557 2914 616 2968 et
671 2908 902 2970 mortali
952 2925 1229 2988 corpore,
1263 2915 1322 2968 et
1385 2904 1612 2968 alienus
1675 2923 1708 2966 a
1764 2921 1976 2966 corru-

2112 2902 2241 2958 ιθὼν
2325 2902 2455 2965 Θεός
2541 2900 2654 2958 ἐστι
2741 2903 2828 2960 καὶ
2929 2904 2987 2961 ού
3055 2905 3244 2972 θεότης
3324 2907 3491 2964 πάθεν
3563 2905 3714 2974 aint?

325 2995 550 3079 ptione.
584 2998 721 3078 Ipse
744 3000 870 3078 jam
928 2996 1087 3060 Deus
1118 3004 1207 3059 est
1235 2996 1345 3068 vir,
1409 2995 1611 3058 omnia
1668 2993 1868 3058 ferens
1914 2993 1975 3056 in

2112 3012 2219 3070 ιφω
2304 2992 2404 3070 γὰρ
2476 2992 2662 3071 βροτὸς
2693 3039 2709 3072 ,
2784 2993 2871 3050 καὶ
2955 2990 3243 3072 ἄμϐροτος.
3331 2998 3506 3062 Αὐτὸς
3591 2997 3716 3060 Θεὸς

326 3077 696 3166 mortalibus,
752 3077 1023 3167 crucem,
1075 3085 1522 3165 contumeliam,
1581 3085 1972 3166 sepulturam.

2112 3079 2162 3147 Ξη
2219 3083 2312 3136 καί
2369 3080 2530 3159 ἀνὴρ,
2575 3082 2749 3138 πάντα
2810 3103 2982 3163 φερων
3042 3083 3102 3140 ἐκ
3165 3088 3410 3167 θνητοῖς,
3467 3087 3717 3166 σταυρὸν,

325 3173 436 3249 Qui
467 3181 641 3241 etiam
696 3197 764 3240 ex
796 3166 1131 3258 superciliis
1180 3176 1408 3238 calidas
1455 3174 1778 3255 aliquando
1824 3176 1975 3240 t‘udit

2112 3167 2229 3248 ἶριν,
2299 3171 2497 3249 ταφὴν,
2562 3171 2618 3236 ὃς
2668 3171 2753 3232 καὶ
2814 3172 2920 3228 ἀπὸ
2993 3170 3273 3254 βλεφάρων
3327 3166 3459 3232 ποτὲ
3519 3176 3718 3256 χεύατο

325 3265 633 3346 lacrymas.
668 3268 777 3342 Qui
827 3256 1092 3348 quinque
1125 3265 1312 3327 millia
1339 3265 1607 3344 implevit
1644 3265 1972 3330 frumento.

2112 3260 2253 3336 ἱκρυα
2313 3260 2502 3348 θερμὰ,
2539 3260 2596 3324 ὃς
2656 3259 2812 3348 πέντε
2863 3259 3110 3341 χιλιάδας
3160 3269 3338 3344 πυρῶν
3382 3264 3596 3344 κόρεσι.
3651 3263 3717 3322 Τὸ

325 3353 494 3417 Velle
525 3357 682 3419 enim
710 3364 800 3420 est
829 3347 1030 3418 divina
1059 3354 1348 3435 potentia,
1382 3355 1655 3418 Christus
1687 3363 1777 3416 est
1808 3373 1975 3417 meus

2112 3371 2156 3427 ιρ
2199 3349 2343 3406 θέλεν
2389 3347 2652 3425 ἄμϐροτος
2687 3347 2850 3420 ἀλκή.
2911 3353 3136 3431 Χριστὸς
3192 3357 3320 3415 Θεὸς
3367 3353 3496 3430 ἐμός
3549 3354 3714 3428 ἐστιν,

324 3445 508 3526 Deus,
542 3447 640 3527 qui
665 3447 726 3508 in
749 3447 907 3526 ligno
937 3445 1047 3507 fuit
1078 3455 1383 3520 extensus,
1409 3445 1510 3522 qui
1543 3453 1836 3521 mortuus,
1872 3444 1974 3526 qui

2195 3438 2258 3527 ἐν
2323 3437 2460 3513 ξύλῳ
2519 3438 2854 3516 ἐξετανύσθη,
2915 3441 2971 3506 ὃς
3039 3442 3214 3522 θάνεν,
3274 3443 3333 3509 ὃς
3403 3445 3468 3500 ἐκ
3540 3447 3715 3525 ταφῆς

325 3552 396 3597 ex
420 3526 722 3614 sepultura
753 3536 815 3598 in
850 3535 1065 3598 coelum
1100 3543 1192 3596 est
1219 3533 1516 3597 sublatus.

2112 3551 2132 3592 ς
2178 3526 2346 3587 πόλον
2387 3530 2554 3608 ὦρτο.

408 3623 528 3686 XII.
548 3625 685 3688 Haec
705 3627 891 3688 refert
915 3625 1124 3706 Apollo
1150 3624 1304 3686 deus
1325 3629 1711 3700 tuus,etenlm
1725 3642 1860 3687 cum
1876 3625 1971 3702 sit,

2138 3619 2245 3683 IB’.
2287 3626 2460 3677 Ταῦτα
2491 3616 2770 3676 Ἀπόλλων
2831 3617 3075 3686 διέξεισιν
3103 3623 3131 3678 ὁ
3179 3622 3309 3688 Θεός
3344 3629 3463 3682 σοῦ’
3526 3623 3713 3702 Κύριος

327 3726 418 3776 est
473 3733 686 3797 expers
719 3716 1019 3797 principii,
1051 3724 1106 3777 et
1138 3723 1468 3778 coaeternus
1499 3733 1633 3776 cum
1694 3716 1840 3789 Deo,
1874 3713 1975 3796 qui

2112 3731 2155 3782 ιρ
2213 3710 2538 3788 συνάναρχος
2569 3708 2644 3766 ὢι
2698 3709 2774 3783 τῷ
2819 3711 3192 3788 γεγεννηκότι,
3228 3711 3536 3790 συναῖδιος,
3572 3714 3720 3793 ἀρχὴ

324 3806 548 3881 genuit,
586 3806 969 3888 principium,
999 3805 1162 3868 radix
1197 3813 1256 3866 et
1305 3805 1440 3867 fons
1485 3803 1786 3866 bonorum
1833 3810 1970 3866 uni-

2112 3802 2142 3855 ιὶ
2199 3800 2310 3877 ῥίζα
2379 3801 2466 3856 καὶ
2522 3799 2676 3876 πηγὴ
2736 3803 2842 3856 τῶν
2904 3800 3116 3879 ἀγαθῶν
3173 3801 3423 3859 ἁπάντων
3507 3804 3600 3860 καὶ
3654 3803 3720 3858 τὰ

327 3913 656 3972 vursorum;
687 3905 744 3958 et
775 3887 906 3956 cum
939 3913 1311 3976 quascunque
1333 3901 1495 3969 sunt,
1529 3913 1597 3956 ex
1623 3894 1810 3956 nihilo
1844 3913 1974 3975 pro-

2112 3890 2228 3946 ίντα
2284 3887 2336 3954 ἐξ
2394 3891 2486 3946 οὒκ
2545 3887 2711 3945 ὄντων
2799 3892 3153 3969 παραγαγὼν,
3212 3893 3302 3949 καὶ
3358 3897 3723 3969 κατακοσμῶν

326 3983 615 4064 duxisset,
647 4004 837 4062 eaque
887 3997 1128 4047 ornaret
1157 4003 1225 4047 ac
1253 3991 1511 4063 regeret,
1547 3991 1606 4044 et
1661 4002 1767 4044 sua
1798 4002 1975 4046 manu

2112 3979 2188 4037 »τὰ
2243 3981 2330 4035 καὶ
2380 3977 2678 4057 διακρατῶν
2740 3979 2829 4036 καὶ
2883 3979 3149 4061 συνέχων,
3212 3982 3379 4055 οἰκείᾳ
3452 3985 3602 4063 χειρὶ
3663 3983 3724 4038 τὸ

325 4073 684 4150 contineret,
721 4085 988 4136 nostrum
1014 4093 1202 4154 genus
1235 4083 1326 4136 est
1356 4072 1697 4148 fabricatus,
1723 4080 1782 4134 et
1800 4073 1973 4135 nobis

2112 4069 2315 4149 ιὲτερον
2393 4067 2785 4147 ἐδημιούργησε
2855 4068 3036 4148 γένός,
3097 4071 3186 4127 καὶ
3257 4070 3470 4136 πολλὰς
3536 4070 3724 4147 ἔτεμεν

327 4161 544 4224 multas
593 4163 718 4226 vias
751 4163 968 4226 muniit
1019 4165 1090 4226 ad
1124 4163 1404 4227 salutem.
1434 4163 1581 4227 Cum
1643 4179 1746 4222 eos
1774 4172 1970 4225 autem

2112 4171 2189 4216 ιῖν
2247 4159 2319 4222 εἷς
2376 4159 2641 4235 σωτηρίαν
2703 4156 2882 4221 ὁδούς.
2941 4157 3093 4217 Ἐπεὶ
3121 4158 3177 4216 δὲ
3237 4159 3722 4226 ὑποσκελισθέντας

324 4251 571 4315 vidisset
619 4252 1027 4334 supplantatos
1059 4253 1554 4330 transgressione,
1588 4259 1647 4312 et
1700 4251 1972 4314 amisisse

2117 4247 2170 4304 δε
2226 4253 2294 4324 τῇ
2350 4245 2663 4327 παραϐάνει,
2700 4249 2787 4304 καὶ
2826 4251 2887 4305 τὸ
2917 4248 3206 4330 κεφάλαιον
3265 4249 3390 4308 αὐτὸ
3445 4251 3548 4320 τῆς
3608 4271 3722 4306 σω-

325 4341 515 4412 ipsum
533 4349 702 4413 caput
722 4343 945 4409 salutis,
975 4357 1184 4414 nempe
1214 4339 1751 4414 obedientiamﬁpse
1772 4357 1973 4400 rursus

2112 4339 2267 4415 ιρὶας,
2323 4337 2422 4404 τὴν
2477 4337 2745 4412 ὑπακοὴν,
2807 4336 3269 4416 ἀποϐεϐληκότας,
3304 4341 3366 4396 τὸ
3419 4338 3723 4421 κεφάλαιον

325 4430 463 4492 facit
491 4429 576 4512 id,
601 4431 756 4511 quod
789 4440 876 4493 est
903 4439 1082 4511 caput
1103 4429 1348 4506 salutis;
1382 4437 1439 4491 et
1460 4436 1668 4510 quiest
1702 4430 1970 4512 ejusdem

2112 4427 2218 4484 άλιν
2299 4428 2452 4492 αὐτὸς
2508 4432 2607 4494 τῆς
2669 4429 2932 4506 σωτηρίας
3018 4429 3319 4510 ἐργάζεται,
3377 4431 3471 4488 καὶ
3540 4433 3569 4487 ὁ
3624 4430 3725 4497 τῆς

325 4496 747 4599 ηειῑυιωίοῖήυε
772 4496 1030 4600 pater,tit
1055 4526 1296 4600 propter
1323 4496 1432 4581 nos
1453 4496 1536 4592 id,
1570 4496 1893 4601 quod'ego,
1915 4531 1976 4583 et

2112 4518 2217 4585 »τῆς
2276 4523 2352 4591 τῷ
2402 4517 2565 4594 Πατρὶ
2625 4496 2833 4598 φύσεως
2889 4517 2989 4593 ὤν,
3024 4496 3222 4597 γίνεται
3277 4496 3344 4575 δὶ⁹
3375 4521 3533 4594 ἡμᾶς
3592 4518 3726 4597 ὅπερ

327 4615 597 4670 versatur
617 4608 794 4670 simul
819 4627 954 4670 cum
972 4607 1539 4683 hominibus,etobit
1562 4619 1778 4672 terram
1805 4613 1978 4673 casti-

2112 4608 2210 4679 ὼ,
2279 4608 2366 4662 καὶ
2455 4607 2930 4686 συναναστρέφεται
3012 4621 3131 4672 τοῖς
3204 4608 3506 4689 ἀνθρώποις
3541 4653 3562 4686 ,
3638 4609 3728 4666 καὶ

322 4716 489 4777 gans,
523 4697 878 4772 admonens,
919 4699 1165 4772 docens,
1202 4698 1402 4760 omnia
1430 4698 1654 4762 faciens
1684 4708 1742 4762 et
1763 4719 1975 4781 procu-

2112 4693 2342 4775 εριπολεῖ
2398 4695 2497 4763 τὴν
2555 4699 2683 4776 γῆν,
2747 4694 3032 4771 παιδεύων,
3087 4702 3371 4778 νουθετῶν,
3424 4696 3725 4776 διδάσκων,

325 4806 486 4850 rans.
549 4787 778 4850 Deinde
827 4789 1001 4849 etiam
1036 4787 1193 4850 subit
1253 4796 1505 4850 mortem
1559 4807 1666 4870 pro
1722 4789 1974 4870 ingratis

2112 4786 2230 4842 ίντα
2316 4789 2486 4842 ποιῶν
2556 4784 2685 4863 ὑπὲρ
2767 4785 2923 4861 ἡμῶν
3007 4787 3096 4843 καὶ
3177 4787 3724 4866 πραγματευόμενος.

324 4875 583 4956 famulis,
648 4893 899 4954 eamque
967 4875 1618 4954 ignominiosissimam,
1691 4878 1973 4958 conspui-

2112 4875 2192 4930 ἷτα
2252 4875 2341 4931 καὶ
2405 4875 2626 4931 θάνατον
2701 4875 2831 4954 ὑπὲρ
2915 4881 3023 4932 τῶν
3079 4875 3406 4954 ἀγνωμόνων
3493 4879 3729 4933 οἰκετῶν

323 4974 535 5046 turque
589 4974 646 5028 et
676 4963 944 5046 colaphis
993 4965 1262 5041 caeditur,
1297 4975 1355 5028 et
1414 4967 1667 5027 sustinet
1723 4968 1973 5028 Creator

2112 4962 2429 5044 ιταδὲχεται,
2477 4965 2563 5020 καὶ
2620 4963 2842 5020 θάνατον
2908 4963 3265 5023 ἐπονείδιστον
3323 4967 3410 5022 καὶ
3483 4965 3726 5043 ἐμπτύε·

323 5054 542 5128 omnia,
569 5073 701 5132 quae
730 5054 1112 5117 condemnati
1140 5075 1153 5118 :
1191 5063 1251 5116 et
1285 5054 1437 5116 facta
1459 5062 1597 5117 sunt
1628 5055 1751 5116 haec
1771 5055 1970 5116 omnia

2112 5076 2164 5129 ;ι,
2216 5056 2302 5109 καὶ
2357 5053 2655 5131 ῥαπίζεται,
2687 5055 2776 5110 καὶ
2831 5051 2930 5109 ὅσα
2985 5059 3094 5110 τῶν
3153 5052 3456 5112 καταδίκων
3523 5056 3553 5111 ὃ
3613 5064 3735 5121 Δη-

324 5153 564 5226 propter
590 5163 723 5219 nos,
759 5153 820 5206 ut
847 5143 1180 5206 solveretur
1213 5145 1402 5224 prima
1432 5143 1876 5226 condemnatio,
1909 5153 1968 5206 et

2116 5144 2305 5221 ουργὸς
2379 5142 2665 5218 ὑπομένει.
2739 5143 2836 5201 Καὶ
2904 5145 3072 5201 ταῦτα
3139 5147 3314 5200 πάντα
3379 5143 3586 5224 γέγονε
3663 5139 3734 5199 δι’

321 5232 396 5293 de
428 5233 622 5293 medio
656 5234 960 5295 tolleretur
984 5234 1247 5314 tyrannis
1272 5233 1583 5310 diaboli,et
1613 5233 1748 5296 caeli
1781 5243 1965 5313 portaa

2112 5239 2213 5313 ιᾶς,
2247 5231 2391 5296 ὅπως
2451 5234 2483 5300 ἡ
2542 5236 2729 5310 πρώτη
2791 5231 3045 5302 καταδίκη
3106 5233 3257 5311 λυθῇ,
3311 5235 3400 5291 καὶ
3467 5235 3734 5314 ἀναιρεθῇ

322 5320 493 5382 nobis
515 5340 720 5384 rursus
743 5323 1143 5404 aperirentur,
1179 5343 1329 5401 quas
1360 5323 1513 5385 male
1545 5322 1717 5385 nobis
1749 5323 1963 5386 clausi-

2112 5330 2135 5379 ὖ
2192 5320 2438 5379 διαϐόλου
2491 5323 2527 5390 ἡ
2591 5324 2857 5400 τυραννὶς,
2889 5324 2979 5379 καὶ
3039 5324 3294 5402 ἀνοιγῶσι
3356 5321 3529 5381 πάλιν
3592 5325 3733 5400 ἡμῖν

321 5429 478 5472 mus.
528 5410 594 5472 Et
627 5429 735 5472 nec
784 5412 1092 5492 hucusque
1138 5413 1376 5493 quidem
1425 5413 1628 5476 stetit:
1667 5411 1772 5477 sed
1827 5431 1962 5476 cum

2114 5421 2274 5494 ρανοῦ
2341 5413 2524 5488 πύλαι,
2592 5421 2654 5478 ἇς
2719 5419 2902 5478 κακῶς
2988 5415 3199 5480 ἑαυτοῖς
3287 5414 3728 5492 ἆπεκλείσαμεν,

321 5501 497 5562 etiam
520 5501 691 5562 tertio
723 5501 819 5563 die
845 5500 1226 5576 surrexisset,
1261 5511 1319 5562 et
1347 5501 1409 5562 in
1439 5502 1620 5563 crelos
1649 5503 1960 5565 ascendis-

2112 5505 2148 5561 ιὶ
2205 5501 2322 5561 οὐδὲ
2379 5503 2543 5584 μέχρι
2606 5503 2808 5561 τούτων
2870 5503 3023 5579 ἔστη,
3082 5503 3220 5561 ἀλλὰ
3275 5503 3363 5562 κάὶ
3419 5506 3728 5584 τριήμερος

320 5598 432 5664 set,
466 5589 625 5652 unde
651 5596 828 5666 venit,
863 5589 1222 5652 ineﬂ‘abilem
1281 5591 1467 5652 sancti
1493 5590 1755 5671 Spiritus
1785 5591 1958 5654 nobis

2112 5595 2274 5660 αστᾰς
2305 5640 2322 5668 ,
2397 5594 2495 5649 καί
2564 5591 2796 5650 ἆνεὶθὼν
2869 5595 2944 5657 εἷς
3015 5594 3138 5659 τοὺς
3219 5593 3474 5674 οὐρανοὺς
3511 5639 3531 5671 ,
3608 5591 3732 5652 ὅθεν

318 5680 558 5752 donavit
594 5678 865 5765 gratiam,
901 5688 959 5748 et
1005 5679 1167 5745 misit
1193 5679 1547 5764 discipulos,
1581 5679 1742 5744 illius
1789 5697 1954 5745 man-

2112 5681 2332 5762 ήλυθεν,
2367 5683 2672 5764 Πνεύματος
2720 5692 2814 5747 τοῦ
2869 5683 3018 5766 ἁγίου
3074 5686 3273 5770 ἀφατον
3321 5685 3461 5763 ἡμῖν
3524 5683 3730 5769 ἄχαρί-
