3992 6134
447 153 552 229 991

1741 159 2021 236 MENSIS
2074 163 2514 234 NOVEMBER.

3673 179 3772 247 292

447 303 690 367 veniunt
712 321 815 364 eas
836 321 1009 364 sanas
1038 309 1096 364 et
1117 305 1330 380 salvas,
1365 305 1516 367 adeo
1541 314 1601 366 ut
1625 325 1734 368 nec
1769 307 1922 386 pilus
1947 307 2063 386 qui

2175 306 2469 384 Νοεμϐρίου
2515 312 2684 384 μηνὸς
2748 309 3062 385 ἱσταμένου,
3111 310 3371 388 Ἐσπέρας
3419 311 3469 368 δέ
3509 336 3637 377 τινες
3687 320 3778 374 τῶν

446 393 583 456 dem
633 410 836 454 earum
869 412 897 451 a
961 393 1196 454 ﬂamma
1249 395 1492 456 omnino
1527 396 1601 456 sit
1653 406 2086 476 consumptus;

2172 395 2422 471 εὐσεϐῶν,
2480 397 2574 455 ἐπὶ
2634 400 2733 466 τὴν
2792 400 2894 455 τῶν
2946 398 3212 475 λειψάνων
3273 399 3529 479 συλλογὴν
3575 403 3780 469 ἐξελθόν-

445 481 557 543 hoc
601 482 855 564 primum
889 480 1119 560 signum
1177 483 1410 546 illorum
1461 502 1594 546 cum
1629 483 1750 547 Deo
1799 487 2063 565 conjunct

2171 506 2283 560 τες,
2318 485 2484 551 οὕτως
2539 489 2669 544 αὔτα
2716 490 2836 565 ὅγιῆ
2883 491 2968 545 καὶ
3016 490 3129 545 σῶα
3173 493 3510 568 εὖρίσκουαιν,
3553 495 3619 555 ὼς
3660 495 3779 569 μηδὲ

445 572 642 645 tionis,
679 570 982 650 praebente
1011 570 1410 634 Providentia.

2171 575 2330 654 τρίχα
2401 578 2600 634 τούτων
2670 579 2771 634 ὑπὸ
2839 582 2938 644 τῆς
2995 577 3191 657 φλογὸς
3258 579 3396 643 ὅλωε
3453 580 3778 657 ἀναλωθῆναι,

437 663 722 739 τεκμήριον
779 668 930 717 τοῦτο
995 663 1202 737 πρῦτον
1258 669 1354 730 τῆς
1433 664 1640 721 ἐκείνων
1708 668 1834 743 πρὸς
1910 667 2038 720 Θεὸν
2094 667 2409 724 οἰκειωσεως
2487 673 2582 743 τῇς
2657 668 2902 744 προνοίας
2959 668 3409 748 παρασχομένης.
3479 671 3783 750 Εὐχαριστήο

439 774 627 814 σαντες
660 753 746 806 οὖν
777 758 853 824 τῷ
885 758 998 825 Θεῷ
1030 753 1092 807 τὰ
1124 753 1321 815 εἰκότα.

519 854 670 917 XIV.
707 851 852 915 Cum
906 871 1067 931 ergo,
1104 862 1165 914 ut
1196 873 1301 934 par
1333 865 1481 932 erat,
1522 855 1638 923 Deo
1672 857 1935 937 egissent
1966 875 2092 936 gra-

2258 846 2366 908 [Δ’.
2432 847 2527 903 Καὶ
2576 845 2807 910 πολλοὺς
2859 853 2935 920 τῷ
2986 846 3262 925 παραδόξῳ
3322 856 3400 905 τοῦ
3427 851 3673 924 θαύματος
3720 853 3783 907 εἰς

443 947 574 1019 tias,
611 951 671 1006 et
705 942 1008 1023 inopinato
1042 943 1330 1006 miraculo
1367 947 1586 1007 multos
1609 935 1986 1008 attraxissent
2018 967 2063 1008 ai

2175 935 2458 1012 ἐπίγνωσιν
2529 940 2626 1002 τῆς
2706 935 2953 1002 ἀληθείας
3041 936 3484 1011 ἐπισπασάμενοι,
3553 938 3785 1016 λαμπρῶς

439 1033 790 1106 agnitionem
809 1020 1192 1097 veritatis,eas
1218 1033 1482 1103 praeclare
1508 1044 1559 1091 et
1582 1048 1775 1092 sancte
1799 1036 2063 1107 doponun

2176 1026 2304 1081 αὔτα
2374 1026 2460 1080 καὶ
2535 1026 2692 1088 ὁσίως
2766 1024 2816 1081 ἕν
2901 1048 3001 1081 τινι
3074 1029 3222 1101 τόπῳ
3297 1028 3666 1085 κατατιθέασιν.
3735 1020 3784 1085 Ὀ

438 1126 499 1188 in
524 1124 774 1206 quodam
800 1123 952 1184 loco.
976 1125 1301 1203 Imperator
1322 1134 1515 1186 autem
1541 1125 1867 1189 Maxentius
1892 1128 2091 1207 [Maxi-

438 1215 654 1291 minus]
681 1221 858 1274 totam
883 1215 1306 1292 cogitationem
1335 1215 1626 1292 defigehat
1649 1217 1705 1276 in
1734 1231 2078 1296 martyrem,

435 1311 493 1363 et
519 1303 593 1364 de
624 1301 724 1364 illa
753 1310 878 1364 erat
905 1310 1191 1382 perpetuo
1225 1303 1535 1377 sollicitus,
1566 1315 1626 1365 ut
1659 1325 1788 1367 eam
1826 1308 2083 1368 lucrare-

436 1399 555 1467 tur,
587 1392 682 1453 vel
731 1391 914 1470 ipsam
948 1409 1150 1451 curam
1197 1391 1434 1472 imperii
1468 1395 1881 1474 postponehat.
1936 1398 2078 1458 Cum

432 1479 632 1560 itaque
654 1479 707 1538 vi
737 1479 977 1540 dicendi
1003 1487 1060 1540 et
1090 1479 1588 1560 disputationibus
1611 1484 1986 1564 desperasset
2015 1505 2080 1547 se

432 1587 562 1630 eam
618 1585 792 1649 posse
850 1567 1162 1645 inducere,
1199 1589 1328 1631 eam
1381 1571 1686 1634 blanditiis
1733 1575 2078 1654 aggreditur

435 1657 685 1730 illicere,
721 1667 778 1717 et
827 1656 984 1736 apud
1044 1659 1342 1737 egregiam
1397 1669 1711 1742 martyrem
1745 1664 1941 1724 verbis
1990 1675 2079 1726 est

433 1765 575 1808 usus
610 1747 942 1826 ejusmodi:
977 1745 1168 1810 Credo.
1201 1749 1372 1822 mihi,
1400 1751 1644 1829 pulchra
1680 1752 1939 1832 ﬁlia,qui
1973 1753 2074 1816 tibi

2175 1113 2354 1187 μέντοι
2413 1113 2658 1189 βασιλεὺς
2719 1113 3004 1180 Μαξέντιος
3069 1115 3191 1178 ὅλος
3250 1118 3370 1195 περὶ
3427 1118 3522 1184 τὴν
3577 1119 3788 1196 μάρτυρα

2171 1205 2322 1281 εἶχε,
2389 1205 2477 1258 καὶ
2547 1204 2755 1283 φροντὶς
2827 1203 2890 1270 ἦν
2958 1206 3099 1277 αύτῷ
3169 1203 3386 1281 διαρκὴς
3452 1207 3650 1279 ὰκείνη,
3709 1208 3785 1262 καὶ

2167 1292 2304 1346 ὥστε
2373 1292 2614 1370 κερδᾶναι
2706 1292 2870 1358 αὒτὴν
2903 1341 2918 1372 ,
2993 1295 3254 1372 πάρεργον
3323 1298 3409 1352 καὶ
3478 1295 3571 1362 τὴν
3640 1295 3781 1370 βασι-

3088 1395 3122 1440 K
3134 1387 3182 1438 αἱ
3292 1381 3356 1450 δῆ
3368 1408 3424 1440 τα
3523 1385 3784 1462 ῥητορικὰς

2165 1469 2401 1546 ἀνάγκας
2472 1472 2559 1526 καὶ
2637 1473 2803 1527 πειθὼ
2885 1478 3056 1528 πᾶσαν
3127 1475 3214 1529 καὶ
3287 1476 3378 1536 τὰς
3454 1479 3549 1528 τῶν
3625 1474 3785 1550 Λόγων

2161 1557 2388 1633 ἁμίλλας
2465 1558 2856 1639 ἀπαγορεύσας,
2913 1560 3212 1626 κολακείαις
3281 1561 3576 1637 ύποκλέψαι
3636 1562 3784 1628 αὒτῆν

2160 1647 2427 1726 ἐπεχείρει
2520 1652 2604 1706 καὶ
2668 1651 2732 1705 τὰ
2801 1653 3017 1707 τοιαῦτα
3111 1658 3176 1727 τῇ
3247 1654 3459 1730 γενναίᾳ
3540 1657 3783 1730 προσῆγε,

2163 1737 2408 1802 Πείσθητί
2467 1759 2581 1811 μοι,
2629 1738 2769 1806 καλὴ
2827 1740 3069 1818 θύγατερ,
3105 1744 3198 1798 οἷα
3256 1741 3586 1819 φιλοστόργῳ
3643 1741 3786 1817 πατρὶ

2903 1341 2918 1372 3

2166 1379 2310 1436 λείαν
2414 1381 2578 1448 αὐτῆν
2688 1383 2976 1443 ἐποιεῖτο.

431 1824 1012 1929 σοιιευιὸηιρηίιυωη
1049 1835 1154 1929 tibi
1185 1835 1339 1898 bene
1400 1824 1602 1900 volens
1634 1824 1820 1921 pater;
1854 1824 2063 1922 Magnis

2161 1824 2588 1901 συμϐουλεύοντι,
2652 1831 2735 1883 καὶ
2792 1842 2907 1892 τοῖς
2971 1830 3225 1907 μεγάλοις
3281 1835 3433 1890 θύσαι
3487 1836 3650 1910 θεοῖς,
3683 1830 3785 1904 μά-

429 1923 543 1984 diis
582 1912 898 1998 sacriﬁca;
955 1924 1207 1985 maxime
1239 1935 1435 1988 autem
1483 1912 1778 1990 Musarum
1837 1912 2063 2010 praesidi

2159 1912 2312 1970 λιστα
2343 1922 2417 1988 τῷ
2445 1921 2551 1970 τῶν
2584 1919 2794 1991 μευσῶν
2825 1917 2996 1996 ἐφόρῳ
3030 1912 3218 1996 Ἐρμῇ,
3251 1918 3378 1998 παρ’
3411 1921 3472 1977 οὗ
3511 1942 3591 1976 σοι
3621 1920 3704 1976 καὶ
3732 1920 3789 1975 τὸ

427 2013 748 2092 Mercurio,
783 2031 817 2074 a
847 2030 963 2092 quo
1011 2013 1273 2092 profecta
1305 2026 1394 2076 est
1428 2017 1550 2078 haac
1587 2027 1684 2079 tua
1736 2038 1946 2099 magna
1977 2039 2072 2082 co-

431 2103 637 2183 gnitio,
675 2111 732 2163 et
785 2103 884 2182 qui
919 2109 973 2162 te
1021 2113 1265 2165 exornat
1297 2113 1454 2166 tanta
1505 2107 1740 2169 dicendi
1773 2110 1980 2190 gratia,
2016 2119 2073 2172 et

429 2211 630 2255 meum
657 2200 854 2253 tecum
876 2191 1128 2253 dividam
1154 2195 1500 2274 imperium,
1523 2204 1711 2259 sciant
1733 2198 1811 2258 dii
1837 2219 2069 2281 omnes;

427 2291 486 2344 et
535 2299 765 2344 mecum
799 2281 1096 2343 habitabis
1151 2285 1211 2344 in
1246 2285 1434 2364 regia.
1498 2287 1600 2348 llla
1630 2305 1793 2364 vero,
1827 2297 1890 2349 ut
1939 2309 2071 2366 qua:

426 2380 581 2432 esset
605 2388 815 2449 magno
834 2377 892 2430 et
915 2369 1148 2432 excelso
1169 2375 1366 2434 animo
1390 2374 1460 2434 ad
1483 2374 1894 2456 excipiendam
1925 2379 2071 2439 ami-

422 2480 626 2524 corum
686 2460 924 2522 dicendi
956 2459 1318 2537 libertatem,
1355 2472 1412 2524 et
1443 2482 1648 2524 rursus
1677 2466 1956 2528 acerrimi
1989 2469 2072 2528 in-

423 2551 580 2630 genii
631 2550 704 2611 ad
748 2548 1320 2627 deprehendendam
1377 2552 1802 2633 adulationem,
1837 2555 2070 2617 etiamsi

421 2639 678 2700 maxime
704 2645 1124 2699 contexeretur
1161 2638 1339 2701 vafris
1370 2647 1428 2701 et
1453 2640 1630 2701 variis
1662 2641 2015 2722 labyrinthis
2049 2663 2062 2708 :

420 2729 689 2808 Depone,
723 2724 937 2805 inquit,
973 2745 1007 2786 o
1059 2726 1407 2810 imperator,
1457 2729 1782 2792 ilictionem
1820 2750 1832 2794 :
1872 2751 2068 2813 neque

418 2817 642 2878 referas
675 2822 733 2877 et
761 2815 1012 2875 imiteris
1042 2815 1246 2877 dolum
1281 2819 1498 2900 vulpis.
1527 2821 1651 2901 Ego
1683 2820 1842 2882 enim
1875 2826 2061 2886 semel

2156 2003 2290 2060 πολὺ
2372 2009 2468 2070 τῆς
2529 2006 2773 2081 γνώσεως
2860 2017 3035 2087 τοῦτο,
3096 2010 3182 2064 καὶ
3240 2008 3382 2073 ὅστις
3465 2031 3521 2064 σε
3605 2008 3786 2064 τοσαύο

2156 2115 2270 2156 ταις
2327 2094 2410 2149 ἐπὶ
2463 2099 2566 2149 τῶν
2618 2096 2794 2172 λόγων
2841 2098 3079 2177 χάριστι,
3144 2100 3233 2153 καὶ
3295 2097 3649 2165 συνδιέλωμαί
3713 2118 3786 2153 σοι

2154 2183 2252 2249 τὴν
2310 2183 2403 2250 τῆς
2458 2183 2634 2263 ἆρχῇς
2690 2183 2944 2264 ἐξουσίαν,
3003 2187 3242 2244 ’ἴστωσαν
3304 2191 3351 2244 οἱ
3404 2189 3510 2244 θεοὶ
3573 2187 3779 2250 πᾶντες·

2154 2273 2242 2326 καὶ
2309 2275 2639 2342 συνοικήσεις
2695 2275 2812 2348 μετ’
2888 2275 3018 2351 ἐμοῦ
3098 2278 3164 2333 τὰ
3239 2277 3507 2353 βασίλεια.
3588 2269 3648 2332 Ἠ
3714 2273 3786 2355 δὲ,

2155 2362 2506 2442 μεγαλόφρων
2574 2363 2703 2420 οὖσα
2777 2363 2940 2441 φίλων
3015 2389 3072 2422 τε
3169 2367 3519 2433 ἀποδέξασθαι
3589 2367 3785 2446 παῤῥη-

2154 2454 2268 2507 σίαν
2327 2452 2422 2508 καί
2455 2451 2678 2520 ὀξυτάτη
2737 2454 2896 2509 πάλιν
2954 2454 3234 2514 κολακείαν
3264 2458 3476 2536 ἐχθρῶν
3536 2459 3785 2537 φωράσαι,

2153 2541 2249 2597 κᾶν
2322 2539 2400 2596 ὅτι
2479 2540 2712 2616 μάλιστα
2791 2558 2974 2622 σοφοῖς
3046 2545 3307 2614 πλέκηται
3378 2550 3470 2605 καὶ
3540 2546 3788 2608 ποικίλοις

2151 2645 2268 2693 τοῖς
2319 2628 2664 2709 λαϐυρίνθοις,
2695 2631 3028 2709 Ἀποτίθεσο,
3076 2635 3315 2711 βασιλεῦ,
3350 2637 3482 2716 ἔφη,
3513 2640 3574 2694 τὸ
3628 2635 3786 2717 δρᾶμα

2149 2721 2237 2778 καὶ
2296 2719 2395 2786 τὴν
2461 2719 2690 2798 σκηνὴν,
2750 2721 2886 2795 μηδὲ
2956 2725 3016 2779 τὸ
3067 2721 3280 2804 δολερὸν
3340 2731 3443 2793 τῆς
3517 2725 3785 2790 ἀλώπεκος

2144 2809 2441 2873 ὑποκρίνου.
2504 2807 2648 2886 Ἐγὼ
2675 2809 2775 2887 γὰρ
2833 2810 2969 2877 ἅπαξ
3018 2835 3099 2870 σοι
3159 2815 3316 2872 εἶπον
3349 2814 3456 2883 ἤδη
3513 2815 3594 2872 ὅτι
3661 2823 3785 2894 Χρι-

421 2906 539 2967 dixi
589 2904 694 2966 tibi
726 2922 820 2965 me
871 2922 1000 2965 esse
1033 2897 1450 2985 Christianam,
1487 2921 1547 2971 et
1584 2897 1720 2972 veni
1753 2920 1816 2973 ut
1867 2931 2058 2974 essem

2159 2899 2332 2967 ττιανή
2402 2898 2530 2972 εἶμι,
2583 2899 2671 2952 καὶ
2741 2897 2900 2964 ἦλθον
2974 2907 3324 2982 νυμφευθῆναι
3398 2912 3640 2983 Χριστῷ,
3708 2905 3787 2960 καὶ

421 3013 633 3076 sponsa
690 2992 908 3055 Christi
936 3012 950 3069 ;
984 3002 1040 3056 et
1071 3014 1204 3056 eum
1237 2997 1426 3060 habeo
1458 3000 1649 3061 solum
1683 3019 1967 3081 sponsum
2001 3011 2061 3065 et

2159 2990 2296 3048 ιῦτὸν
2355 2986 2519 3062 μόνον
2576 2986 2722 3066 ἔχων
2783 2991 3001 3068 νυμφίον
3067 2994 3152 3047 καὶ
3211 2990 3515 3069 σύμϐουλον
3562 2995 3648 3051 καὶ
3703 2995 3786 3051 τὸν

421 3075 921 3162 consiliarium,et
950 3096 1361 3149 ornamentum
1395 3075 1773 3167 virginitatis,
1811 3092 2056 3152 stolam-

2159 3083 2236 3143 ιῆς
2309 3075 2586 3154 παρθενίας
2648 3075 2846 3150 κόσμον
2899 3079 2985 3133 καὶ
3039 3081 3138 3147 τὴν
3197 3089 3289 3138 τοῦ
3338 3083 3627 3164 μαρτυρίου
3677 3105 3788 3140 στο-

419 3192 532 3256 que
559 3173 817 3253 martyrii
839 3173 1011 3252 longe
1043 3176 1291 3270 praefero
1323 3165 1510 3238 cuivis
1535 3197 1812 3258 purpurae
1851 3184 2050 3260 regiae.

2159 3168 2237 3233 ιὴν
2317 3165 2496 3231 πάσης
2581 3165 2864 3240 βασιλικῆς
2951 3167 3260 3270 ἆλορργίδος
3353 3176 3443 3229 καὶ
3529 3173 3787 3252 πορφύρας

416 3245 746 3344 1ἰηρθιέιιοῖ*
773 3245 970 3325 autem
995 3245 1187 3327 adhuc
1221 3284 1338 3348 prae
1366 3284 1429 3328 se
1463 3245 1681 3344 ferens,
1705 3287 1771 3330 se
1800 3245 2057 3349 ejusvcu-

2159 3255 2459 3332 τιμιωτέραν
2513 3252 2699 3329 πολλῷ
2755 3256 2986 3332 τίθεμαι,
3050 3245 3414 3336 Ὅβασιλεὺς
3471 3245 3659 3320 τοίνύν
3701 3245 3787 3317 ’ἔτι

411 3372 539 3416 ram
591 3370 845 3432 gerere:
902 3356 992 3418 Ne
1042 3373 1214 3434 cogas
1251 3375 1368 3438 me,
1418 3359 1630 3438 inquit,
1667 3358 1756 3419 vel
1808 3359 2052 3422 invitum

413 3444 565 3505 hanc
599 3453 754 3504 tuam
807 3443 1149 3524 praeclaram
1185 3464 1507 3526 purpuram
1541 3447 1758 3526 injuria
1786 3448 2050 3512 afﬁcere.

414 3533 519 3596 llle
549 3541 746 3594 autem
771 3553 784 3594 :
821 3534 936 3595 Fac
964 3532 1181 3614 inquit,
1207 3537 1361 3614 quod
1387 3537 1550 3597 velis.
1575 3539 1722 3599 Nam
1748 3555 1854 3617 per
1875 3539 2049 3620 hanc,

412 3641 542 3703 quae
567 3631 656 3684 est
684 3623 756 3684 ad
788 3627 1026 3703 tempus
1049 3631 1106 3684 et
1136 3626 1250 3687 cito
1283 3625 1647 3701 dissolvitur,
1684 3629 2054 3690 concilliabis

411 3712 560 3774 mihi
609 3730 805 3773 veram
841 3719 900 3772 et
955 3713 1348 3776 immortalem
1405 3715 1702 3794 gloriam:
1758 3726 1817 3779 et
1843 3736 2055 3797 magna

411 3819 648 3884 quoque
694 3800 833 3880 alia,
885 3808 948 3860 ut
1003 3801 1284 3878 arbitror,
1321 3805 1634 3866 multitudo
1693 3815 1750 3867 et
1795 3809 2054 3871 maxime

411 3891 494 3951 tui
526 3890 750 3970 palatii,
787 3907 893 3968 per
943 3909 1038 3951 me
1095 3892 1330 3955 Christo
1361 3896 1629 3970 credent,
1667 3903 1726 3957 et
1771 3895 1884 3975 ipsi
1913 3915 2056 3977 quo-

409 3995 524 4059 que
581 3997 676 4039 me
709 3988 1176 4059 prosequentur,
1214 3983 1285 4043 ad
1345 4001 1545 4045 sacros
1575 3983 1734 4045 illius
1767 3985 2057 4048 thalamos

414 4067 731 4148 magniﬁce
762 4076 1188 4132 transeuntem.

489 4159 619 4222 XV.
652 4158 790 4220 Haec
816 4158 914 4221 illa
935 4159 1172 4239 quidem
1193 4160 1359 4223 dixit:
1389 4164 1549 4225 Deus
1569 4169 1766 4224 autem
1799 4163 2058 4243 desuper

2139 3342 2387 3415 κήδεσθαι
2446 3341 2600 3410 δῆθεν
2644 3347 2807 3411 αιῦτῆς
2867 3350 3345 3424 προσποιούμενος.
3404 3353 3500 3420 Μὴ
3552 3351 3787 3429 ἀναγκά-

2139 3458 2237 3510 σῃς
2300 3455 2391 3514 με,
2443 3433 2568 3513 ἔφη,
2628 3437 2728 3500 τὴν
2787 3434 3034 3516 λαμπράν
3085 3459 3196 3520 σουΔ
3235 3441 3438 3508 ταύτην
3512 3439 3789 3520 ἁλουργίδα

2137 3521 2439 3602 καθυϐρίσαι
2493 3527 2578 3580 καὶ
2628 3526 2704 3598 μὴ
2774 3524 3118 3600 βουλόμενος,
3183 3517 3244 3586 Ἠ
3305 3527 3359 3585 δὲ
3419 3533 3588 3612 ποίει,
3636 3517 3788 3610 φησὶν

2137 3614 2164 3670 ὃ
2220 3613 2420 3691 βούλει,
2474 3615 2569 3669 Διὰ
2602 3616 2701 3693 γὰρ
2751 3619 2844 3680 τῆς
2888 3619 3207 3697 προσκαίρου
3250 3622 3451 3688 ταύτης
3503 3623 3595 3678 καὶ
3647 3621 3786 3700 ταχὺ

2137 3702 2400 3779 λυομένης
2456 3702 2631 3770 ἄληθῆ
2690 3726 2780 3779 μοι
2841 3703 2992 3770 δόξαν
3045 3705 3314 3786 προξενεῖς
3345 3711 3439 3767 καὶ
3500 3710 3780 3788 ἀθάνατον,

2134 3793 2269 3850 πολὺ
2319 3791 2373 3848 δὲ
2429 3793 2586 3868 οἶμαι
2641 3795 2728 3849 καὶ
2779 3791 2910 3850 ἄλλο
2967 3794 3168 3862 πλῆθος
3226 3799 3313 3854 καὶ
3374 3799 3623 3874 μάλιστα
3700 3805 3790 3855 τοῦ

2137 3887 2229 3940 σού
2284 3881 2542 3938 παλατίου
2597 3881 2928 3940 πιστεύσουσι
2983 3883 3051 3940 δι’
3113 3886 3242 3961 ἐμοῦ
3294 3895 3367 3962 τῷ
3424 3893 3668 3969 Χριστῷ,
3705 3888 3790 3943 καὶ

2135 3972 2508 4048 προπέμψουσί
2565 3993 2656 4052 με,
2713 3975 2800 4028 καὶ
2855 3975 3000 4030 αὐτοὶ
3045 3976 3171 4053 πρὸς
3228 3978 3322 4042 τὰς
3381 3979 3532 4056 ἱερὰς
3591 3977 3790 4034 ἐκείνου

2138 4060 2410 4124 παστάδας
2442 4061 2864 4140 μεγαλοπρεπῶς
2897 4060 3272 4125 διαϐαίνουσιν.

2219 4153 2326 4212 ΙΕ⁷ο
2383 4158 2556 4208 Ταῦτα
2602 4153 2636 4218 ἡ
2698 4153 2793 4226 μὲν
2852 4153 3030 4209 εἶπεν·
3091 4153 3301 4212 ἐπένευε
3351 4154 3404 4212 δὲ
3469 4158 3606 4222 Θεὸς
3648 4156 3791 4214 ἄνω-

409 4249 644 4328 annuit,
678 4257 736 4310 et
767 4249 1014 4312 deduxit
1044 4249 1116 4311 ad
1148 4251 1424 4313 effectum
1457 4270 1528 4313 ea
1560 4270 1691 4332 qua:
1720 4251 1876 4312 dicta
1923 4240 2054 4314 fue-

2159 4256 2245 4323 iev,
2301 4242 2388 4297 καὶ
2468 4243 2540 4304 εἷς
2605 4240 2768 4320 πέρας
2843 4243 2908 4297 τὰ
2991 4244 3244 4322 εἰρημένα
3315 4246 3500 4326 ἐξῆγε,
3587 4246 3791 4312 Μαξέθ-

406 4346 565 4399 rant.
625 4338 954 4400 Maxentius
1015 4346 1213 4401 autem
1266 4339 1359 4400 his
1417 4330 1594 4401 valde'
1627 4341 1834 4415 iratus,
1882 4341 2057 4422 jubet

2159 4355 2247 4398 ειος
2305 4331 2358 4387 δὲ
2415 4330 2638 4396 ὀξύτατα
2697 4333 2926 4398 κινηθεὶς
2981 4333 3065 4388 ἐπὶ
3136 4338 3346 4400 τούτοις
3405 4336 3624 4394 κελεύει
3693 4337 3791 4405 τὴν

409 4437 725 4508 martyrem
759 4428 893 4489 exui
916 4429 1101 4506 regali
1132 4429 1234 4489 illa
1259 4447 1541 4509 purpura,
1567 4438 1623 4491 et
1655 4429 1829 4492 boum
1856 4421 2052 4494 nervis

2159 4421 2416 4492 ιασιλικήν
2488 4421 2694 4488 ἐκείνην
2765 4423 3030 4500 πορφύραν
3087 4421 3406 4492 ἀποδυθῆναι
3482 4427 3588 4494 τὴν
3663 4429 3793 4503 μαρ-

406 4517 553 4578 credi
585 4516 1021 4578 crudelissime.
1056 4519 1202 4578 Cum
1236 4518 1347 4579 hoc
1381 4527 1576 4580 autem
1610 4518 1828 4581 factum
1865 4531 2044 4599 esset,

2159 4535 2281 4592 πυρα,
2345 4515 2430 4568 καὶ
2495 4512 2791 4589 βουνεύροις
2852 4512 3105 4586 ὠμότατα
3160 4514 3599 4580 καταξαίνεσθαι,
3660 4517 3792 4574 Τού-

405 4614 471 4668 ut
523 4606 806 4685 jusserat,
841 4615 900 4667 et
931 4607 1200 4687 martyris
1249 4625 1468 4688 corpus
1498 4609 1589 4670 vel
1623 4607 1756 4671 nive
1803 4610 2053 4673 cadente

2159 4627 2224 4662 του
2280 4601 2359 4682 δὲ,
2418 4604 2490 4666 ὡς
2544 4600 2811 4680 ἐκέλευσε,
2873 4603 3182 4679 γενομέυου,
3217 4607 3303 4661 καὶ
3361 4605 3463 4673 τῆς
3525 4606 3791 4685 μάρτυρος

405 4693 808 4757 crebrioribus
862 4696 1064 4775 ﬂagris
1118 4696 1602 4759 intolerabilibus
1660 4698 1807 4760 duas
1875 4701 2050 4762 horas

2164 4695 2220 4750 πὶ
2289 4689 2429 4748 δυσὶν
2497 4689 2644 4752 ὅλαις
2712 4690 2873 4770 ὥραις
2940 4694 3173 4770 καθάπερ
3244 4695 3349 4750 τισὶ
3407 4697 3606 4775 νιφασι
3667 4708 3790 4757 ταῖς

407 4785 575 4848 valde
605 4784 895 4866 creditur;
933 4792 993 4846 et
1023 4804 1154 4846 cum
1181 4796 1386 4848 venter
1413 4786 1588 4848 simul
1611 4786 2042 4866 verberaretur,

2159 4779 2510 4846 ςνυποστςίτοις
2580 4779 2822 4856 μάστιξιν
2884 4781 3118 4860 ἰσχυρῶς
3188 4784 3254 4839 τὰ
3318 4789 3460 4841 νῶτα
3538 4788 3630 4842 καὶ
3698 4787 3794 4853 τὴν

405 4875 705 4938 lavabatur
737 4875 1018 4954 \irginale
1040 4875 1277 4956 quidem
1303 4876 1462 4938 illius
1487 4895 1704 4958 corpus
1735 4880 2041 4960 sanguine,

403 4975 462 5030 et
492 4966 695 5029 multis
720 4985 789 5028 ex
823 4967 897 5027 iis
924 4965 1026 5046 qui
1075 4966 1553 5048 aderant,aperte
1585 4965 1822 5029 ciebant
1851 4969 2044 5048 lacry-

403 5075 554 5135 mas;
585 5057 711 5138 ipsa
724 5064 921 5118 autem
939 5066 1052 5116 tam
1069 5065 1413 5118 constanter
1430 5055 1730 5118 etfortiter
1750 5057 2046 5119 restiterat

399 5145 764 5208 intolerabili
794 5145 880 5207 illi
903 5155 962 5206 et
991 5145 1330 5208 vehementi
1361 5146 1416 5207 vi
1449 5145 1704 5226 tyranni,
1731 5155 1793 5208 ut
1821 5163 2042 5227 prope-

404 5235 644 5296 modum
709 5235 1008 5298 videretur
1060 5237 1188 5314 ejus
1245 5253 1464 5316 corpus
1531 5253 1664 5297 esse
1719 5236 2042 5317 lapideum,

401 5323 518 5384 nisi
541 5325 671 5403 ejus
705 5335 976 5385 naturam
1009 5324 1173 5384 ﬂuvii
1205 5325 1514 5404 sanguinis
1544 5326 1900 5404 arguissent.
1935 5326 2047 5386 Vix

400 5412 638 5475 tandem
669 5423 869 5476 autem
894 5413 1020 5474 fera
1051 5413 1151 5473 illa
1178 5413 1483 5491 immunis,
1510 5414 1774 5494 caligans
1804 5415 1880 5475 ad
1914 5415 2044 5495 pla-

398 5521 606 5584 garum
629 5503 1378 5584 spectaculum,martyrem
1401 5503 1651 5564 includit
1670 5502 1728 5564 in
1745 5501 2041 5580 custodia,

386 5593 616 5695 jubens
638 5601 791 5658 utea
821 5600 942 5658 tuto
964 5600 1368 5657 asservaretur
1390 5610 1581 5674 usque
1609 5592 1682 5656 ad
1709 5591 1867 5656 diem
1887 5592 2044 5658 duo-

2129 4871 2329 4930 κοιλίαν
2388 4873 2521 4947 ὁμοῦ
2589 4869 2950 4946 τυπτομένης,
3004 4870 3217 4929 ἐλούετο
3290 4873 3391 4947 μὲν
3458 4877 3526 4930 τὸ
3589 4877 3792 4954 παρθε-

2128 4965 2274 5019 νικὸν
2331 4961 2508 5018 ἐκεῖνο
2564 4963 2719 5036 σῶμα
2775 4973 2893 5024 τοῖς
2967 4961 3188 5042 αἵμασι,
3233 4963 3320 5019 καὶ
3378 4961 3618 5027 πολλοὺς
3688 4971 3794 5021 τῶν

2126 5052 2400 5132 παρόντων
2464 5052 2533 5116 εἷς
2605 5048 2797 5126 δάκρυα
2886 5053 3082 5129 φανερὰ
3150 5051 3382 5129 κατῆγεν
3418 5069 3430 5082 ⁶
3516 5055 3661 5121 αύτὴ
3734 5051 3792 5108 δὲ

2129 5142 2265 5198 o'itoo
2338 5143 2600 5218 σταθερῶς
2664 5141 2749 5195 ita":
2808 5140 3060 5216 γενναίως
3132 5142 3260 5218 πρὸς
3331 5144 3429 5208 ’τὴν
3511 5141 3800 5222 ἀφόρητον

2129 5231 2332 5298 ἐκείνην
2406 5233 2493 5287 καὶ
2565 5227 2814 5307 ῥαγδαίαι
2884 5229 3122 5286 ἐνίστατο
3182 5230 3273 5288 τού
3327 5231 3592 5310 τυράννου
3653 5235 3800 5309 βίαν,

2129 5325 2201 5386 ὡς
2281 5322 2471 5400 μικροῦ
2523 5321 2612 5376 καὶ
2685 5318 2877 5375 λίθινον
2933 5323 3266 5396 περικεῖσθαι
3325 5319 3484 5388 σῶμα
3587 5321 3802 5404 δοκεῖν,

2131 5415 2174 5468 εἰ
2232 5414 2308 5487 μὴ
2361 5413 2457 5480 τὴν
2513 5411 2663 5489 φύσιν
2701 5410 2748 5468 οἱ
2805 5409 3036 5483 ποταμοὶ
3080 5415 3166 5465 τοῦ
3222 5408 3458 5484 αἵματος
3517 5411 3798 5492 ἤλεγχον.

2131 5500 2263 5578 Ὀψέ
2325 5501 2508 5572 μέντοι
2560 5501 2646 5556 καὶ
2679 5501 2705 5555 ὁ
2763 5499 3027 5576 ἀνήμερος
3085 5499 3184 5577 θὴρ
3247 5499 3453 5563 ἐκεῖνος
3489 5504 3634 5580 πρὸς
3698 5503 3803 5571 τήν

2128 5592 2233 5652 τῶν
2299 5591 2522 5674 πληγῶν
2578 5588 2698 5647 θέαν
2753 5587 3084 5672 ἰλιγγιάσας,
3119 5587 3327 5675 φυλακῆ
3383 5588 3484 5659 τὴν
3553 5593 3804 5680 μάρτυρα
