3918 6138
334 225 451 302 295

1627 224 1908 297 MENSIS
1947 225 2390 297 NOVEMBEH.

3554 223 3658 300 296

335 371 494 434 bono
524 373 724 434 animo
756 358 1046 450 ;habebis
1070 371 1228 433 enim
1249 369 1550 433 Christum
1580 367 1642 428 in
1669 369 1960 430 cordetuo

2061 387 2155 429 σιν,
2218 368 2314 425 Καὶ
2373 368 2406 434 ἡ
2465 365 2688 446 μάρτυς,
2749 364 2957 445 Θάρῤει,
3027 363 3155 442 φησὶ
3189 377 3206 396 ⁶
3278 364 3503 424 σύνοικον
3565 369 3658 448 γὰρ

335 461 722 536 habitantem,
757 471 817 525 et
846 480 965 524 non
991 461 1239 539 attinget
1265 465 1653 529 tormentum,
1681 456 1777 518 hic
1807 460 1965 518 enim

334 569 653 631 parumper
683 551 1065 630 castigabitur
1089 558 1254 610 tuum
1287 565 1524 626 corpus,
1566 554 1625 607 et
1653 546 1965 609 immorta-

330 641 470 702 liter
490 639 612 701 illic
643 657 851 701 rursus
880 635 1310 718 quiescet.Haec
1336 653 1470 698 cum
1493 644 1694 697 sancta
1718 635 1964 712 diceret,

332 730 636 810 excipiens
666 728 1027 809 Porphyrio:
1062 729 1228 805 Rogo
1264 735 1343 806 te,
1389 724 1484 786 dic
1515 725 1686 800 mihi,
1729 725 1964 805 inquit:

332 819 483 891 Quid
518 819 664 879 mihi
694 816 854 878 dabit
884 817 1179 890 Christus,
1242 817 1292 876 si
1329 821 1388 876 in
1449 815 1614 875 illum
1678 815 1969 876 credam?

333 908 390 968 ei
419 907 578 969 enim
610 906 737 986 ipse
777 924 1016 986 quoque
1065 906 1186 983 jam
1248 905 1378 965 volo
1424 903 1703 966 militare.
1753 903 1968 984 Martyr

330 1005 525 1058 autem
550 1017 562 1054 :
589 993 888 1073 Nondum,
907 993 1117 1073 inquit,
1146 993 1337 1071 legisti
1368 1002 1467 1054 aut
1495 992 1770 1053 audivisti
1800 992 1964 1055 Scri-

329 1095 558 1167 pturam
576 1081 1965 1164 Christianorum?Nunquam,inquitPorphyrio

327 1175 428 1256 qui
460 1173 533 1235 ab
561 1173 803 1233 ineunte
832 1180 1003 1234 aetate
1032 1191 1269 1252 semper
1297 1172 1507 1233 fuerim
1542 1173 1602 1233 in
1645 1172 1798 1234 bello
1857 1192 1963 1234 oc-

327 1271 594 1344 cupatus,
629 1270 688 1323 et
718 1279 1020 1338 nunquam
1052 1279 1256 1323 curam
1293 1262 1552 1323 converti
1581 1261 1652 1322 ad
1683 1263 1821 1323 alia.
1857 1264 1962 1325 Illa

327 1371 512 1416 vero:
554 1353 626 1414 Et
655 1369 948 1432 quaenam,
987 1351 1200 1431 inquit,
1249 1351 1448 1430 lingua
1493 1351 1750 1413 narravit
1807 1352 1962 1414 bona

327 1440 674 1522 illa,qnibus
704 1440 948 1502 frueris?
972 1439 1127 1501 Fieri
1159 1443 1315 1501 enim
1348 1459 1464 1502 non
1489 1449 1773 1521 potest,ut
1793 1460 1959 1503 com-

327 1531 619 1612 plectatur
647 1530 860 1603 oratio,
895 1547 1027 1609 quae
1056 1530 1128 1590 ab
1154 1530 1250 1591 illa
1277 1530 1532 1609 benigna
1561 1531 1802 1592 dextera
1824 1542 1963 1593 sunt

325 1630 528 1702 parata
547 1618 620 1680 iis
650 1618 750 1698 qui
782 1618 974 1698 ipsum
1006 1619 1284 1700 diligunt.
1321 1622 1573 1700 PrOpter
1601 1620 1723 1681 hzec
1747 1622 1962 1700 gaudio

323 1712 587 1790 repletus
617 1707 964 1786 Porphyrio,
1013 1708 1141 1788 ipse
1190 1727 1428 1788 quoque
1475 1709 1665 1770 credit
1720 1711 1961 1774 Christo

325 1818 460 1862 cum
494 1797 768 1860 ducentis
800 1797 1108 1862 militibus.
1135 1797 1206 1859 Et
1229 1818 1360 1860 cum
1397 1799 1737 1879 imperatrix
1763 1809 1822 1862 et
1849 1802 1963 1882 ipsi

325 1887 748 1951 valedixissent
781 1887 1042 1967 martyri,
1078 1895 1135 1949 et
1163 1889 1459 1951 cavissent
1490 1888 1603 1950 sibi
1637 1907 1670 1951 a
1701 1893 1964 1952 custodi-

323 1979 439 2040 bus
470 1985 700 2040 secreta
728 1975 921 2037 futura
952 1995 1019 2038 ea
1047 1996 1180 2058 qua).
1208 1977 1281 2039 ab
1312 1977 1458 2058 ipsis
1507 1978 1657 2040 facta
1706 1979 1958 2056 fuerant,

323 2067 520 2129 media
577 2075 750 2128 nocte
804 2065 972 2128 illinc
1025 2068 1428 2146 egrediuntur.
1488 2068 1711 2130 Christi
1767 2079 1962 2132 autem

323 2166 541 2237 martyr
576 2156 934 2236 Alcaterina,
971 2155 1196 2218 habens
1221 2156 1537 2218 Dominum
1583 2167 1748 2239 patre
1781 2161 1964 2238 magis

321 2246 981 2324 benevolum,magnam
997 2243 1070 2306 ab
1084 2264 1155 2307 eo
1176 2263 1375 2307 curam
1399 2246 1491 2308 sui
1507 2256 1595 2308 est
1621 2258 1958 2311 consecuta.

321 2333 486 2396 Totis
499 2335 657 2395 enim
675 2333 794 2394 illis
814 2333 1131 2395 duodecim
1158 2334 1460 2411 diebus,in
1480 2336 1697 2416 quibus
1714 2356 1842 2399 eam
1863 2340 1963 2400 ha-

326 2422 501 2485 bebat
533 2422 821 2503 custodia,
856 2441 963 2502 per
1019 2423 1356 2486 columbam
1388 2425 1736 2487 alimentum
1796 2429 1960 2490 acci-

329 2513 527 2593 piebat
547 2529 581 2572 a
600 2511 857 2592 superis.
878 2513 1104 2574 Deinde
1121 2513 1250 2593 ipse
1268 2530 1506 2593 quoque
1529 2515 1801 2594 egregius
1821 2535 1960 2595 ago-

319 2602 543 2664 nothea
573 2599 842 2663 Christus
872 2619 1007 2662 cum
1037 2601 1112 2662 iis
1170 2620 1300 2681 quae
1347 2603 1512 2664 circa
1561 2606 1753 2682 ipsum
1795 2615 1963 2672 erant

320 2691 510 2771 copiis
539 2698 599 2750 et
626 2689 815 2768 gloria
843 2706 950 2750 sua
995 2706 1313 2768 apparens,
1357 2692 1542 2769 magis
1595 2693 1963 2756 confirmavit

318 2781 450 2859 ejus
472 2776 901 2854 fortitudinem,
927 2778 1266 2857 etimplevit
1290 2778 1558 2856 audacia,
1593 2781 1840 2846 dicens:
1873 2784 1958 2848 Ne

319 2869 696 2941 extimescas,
733 2883 840 2945 ego
871 2867 1028 2927 enim
1060 2885 1188 2928 sum
1209 2877 1404 2931 tecum
1435 2891 1448 2932 :
1485 2888 1596 2932 nec
1627 2879 1682 2932 te
1712 2873 1960 2951 attinget

321 2963 706 3028 tormentum,
727 2955 831 3016 sed
858 2974 992 3019 cum
1017 2974 1124 3037 per
1150 2966 1311 3020 tuam
1345 2959 1714 3022 tolerantiam
1739 2963 1809 3024 ad
1843 2983 1955 3025 no-

2051 457 2112 514 ἐν
2135 462 2202 532 τῇ
2232 455 2415 534 καρδίᾳ
2455 478 2550 513 σου
2607 457 2699 512 τὸν
2758 455 2986 534 Χριστὸν
3045 452 3200 528 ἕξεις,
3260 456 3344 511 καὶ
3398 457 3550 532 οὗμῆ
3579 480 3663 515 σου

2051 546 2254 623 ἅψηται
2311 548 2560 623 βάσανος·
2617 546 3003 614 κολασθήσεται
3077 545 3175 621 γὰρ
3233 538 3444 601 ἐνταῦθα
3494 549 3665 626 μικρόν

2052 658 2144 692 σου
2173 638 2234 692 τὸ
2261 641 2439 716 σῶμα,
2492 635 2586 692 καί
2645 636 2878 692 ἀθάνατα
2927 632 3088 691 πάλιν
3147 633 3263 690 ἐκεῖ
3311 633 3665 697 ἀναπαύσεται.

2053 735 2225 784 Ταῦτα
2283 726 2378 793 τῆς
2436 726 2590 804 ἁγίας
2648 723 2965 798 διεξιούσης,
3042 721 3318 779 δπολαϐὼν
3387 726 3414 779 δ
3481 731 3670 805 Πορφυ-

2052 817 2199 891 ρίων,
2236 815 2432 890 Δέομαί
2461 837 2577 888 σου,
2609 815 2832 895 φράσον,
2888 812 3015 893 ἔφη,
3066 813 3115 867 τί
3174 813 3262 868 καὶ
3316 814 3434 887 ἐμοὶ
3496 811 3676 893 δωρεῖ-

2049 926 2134 960 ται
2165 907 2387 983 Χριστὸς
2419 907 2491 969 εἷς
2531 904 2740 961 ἐκεῖνον
2789 903 3088 960 πιστεύοντι
3127 918 3141 976 ;
3204 903 3380 974 Τούτῳ
3434 903 3529 982 γὰρ
3584 901 3677 971 ἤδη

2051 995 2136 1051 καὶ
2192 995 2348 1056 αὑτὸς
2410 997 2778 1068 στρατεύεσθαι
2833 991 3112 1068 βούλομαι,
3192 991 3288 1047 Καὶ
3367 992 3399 1058 ἡ
3469 993 3676 1070 μάρτυς,

2049 1081 2266 1142 Οὒδέπω
2297 1086 2528 1163 γραφὴν,
2563 1083 2698 1163 ἧφη,
2736 1082 3062 1160 Χριστιανῶν
3089 1079 3319 1156 ἀνέγνως
3368 1080 3400 1146 ἦ
3438 1079 3677 1147 ἤκουσας,

2096 1170 2173 1196 ,σιν
2476 1175 2488 1192 ι
2854 1173 2865 1190 1
3004 1195 3012 1204 η
3148 1169 3158 1190 ρ
3316 1169 3329 1184 θ
3369 1171 3383 1190 \
3518 1172 3538 1192 Λ

2049 1183 2331 1246 Ουὸεποτε,
2365 1197 2545 1253 φησιν,
2576 1176 2603 1230 ὁ
2642 1180 2942 1252 Πορφυριων
2973 1173 3035 1226 εκ
3065 1168 3262 1225 παιδων
3307 1191 3384 1225 αει
3417 1191 3536 1248 περι
3582 1194 3681 1227 πο-

2044 1260 2235 1336 λέμους
2307 1263 2715 1342 ἡσχολημένος,
2791 1262 2878 1319 καὶ
2951 1257 3222 1334 μηδέποτε
3296 1262 3535 1333 μεταθεὶς
3587 1261 3681 1326 τὴν

2043 1350 2286 1429 φροντὶδα
2321 1354 2450 1430 πρὸς
2478 1353 2676 1431 ἔνερον,
2734 1343 2796 1407 Ἠ
2850 1350 2903 1406 δὲ
2965 1352 3056 1407 καὶ
3112 1350 3232 1405 ποία
3284 1369 3362 1413 τις
3393 1347 3453 1404 ἃν
3483 1347 3682 1426 γλῶττα

2043 1442 2141 1507 τὴν
2201 1447 2308 1496 τῶν
2379 1442 2590 1519 ἀγαθῶν
2667 1441 2879 1498 ἐκείνων
2949 1438 3241 1496 ἀπόλαυσιν
3327 1436 3678 1515 διηγήσαιτο;

2043 1526 2325 1585 Ἀδὺνατον
2383 1531 2482 1608 γὰρ
2539 1530 2686 1608 λόγῳ
2731 1528 3039 1607 περιλαϐεῖν
3091 1527 3189 1583 ὅσα
3235 1527 3374 1604 παρά
3430 1531 3526 1592 τῆς
3592 1550 3684 1606 φι-

2044 1609 2355 1696 λανθρώπου
2427 1617 2597 1684 δεξιᾶς
2677 1619 2890 1685 ἐκείνης
2973 1618 3092 1680 τοῖς
3179 1617 3462 1694 ἀγαπῶσιν
3537 1619 3687 1673 αὐτὸν

1989 1708 2471 1799 Βτεθησαύρισται.
2562 1715 2738 1788 Χαρᾶς
2823 1709 2908 1766 ἐπὶ
2990 1708 3197 1769 τούτοις
3283 1708 3312 1760 ὁ
3391 1704 3688 1799 Πορφυρίων

2047 1795 2299 1862 πλησθεὶς
2357 1800 2592 1854 πιστεύει
2653 1800 2743 1854 σὺν
2804 1811 2921 1863 τοτς
2989 1795 3276 1858 διακοσίοις
3349 1794 3690 1872 στρατιώταις

2045 1887 2133 1941 καὶ
2163 1887 2318 1950 αὐτὸς
2351 1893 2427 1960 τῷ
2459 1894 2691 1962 Χριστῷ,
2731 1890 2828 1946 Καὶ
2863 1887 2962 1954 τὴν
3015 1889 3254 1964 μάρτυρα
3284 1887 3318 1952 ἡ
3350 1883 3554 1960 βασιλὶς
3608 1884 3692 1939 καὶ

2047 1974 2197 2030 αὖτοὶ
2230 1975 2602 2052 ἀσπασάμενοι
2651 1979 2740 2034 καὶ
2796 1973 3218 2055 ασφαλισᾶμενοι
3276 1973 3399 2035 τοὺς
3450 1973 3694 2052 φρουροὺς

2047 2061 2318 2140 ἀπόῤῥητα
2347 2069 2555 2122 κεῖσθαι
2587 2066 2710 2145 παρ’
2762 2069 2945 2129 αὺτοῖς
3006 2065 3072 2120 τὰ
3133 2061 3463 2142 πραχθέντά,
3528 2061 3691 2137 μέσης

2047 2153 2232 2217 νυκτὸς
2266 2156 2469 2211 ἐκεῖθεν
2503 2154 2831 2236 ἐξέρχονται.
2869 2147 2931 2213 Ἠ
2963 2155 3144 2230 μέντοι
3175 2160 3265 2209 τοῦ
3299 2159 3527 2230 Χριστοῦ
3557 2151 3694 2229 μάρ-

2046 2261 2135 2305 τυς
2207 2243 2539 2321 Αἷλιατερίνα,
2615 2245 2895 2311 Δεσπότην
2965 2244 3164 2322 πατρὸς
3224 2240 3695 2321 ῳιλοστοργότερον

2047 2327 2268 2408 ἔχουσα,
2303 2331 2507 2400 πολλῆς
2539 2331 2774 2391 ἀπέλαϐε
2839 2331 2962 2412 παρ’
3013 2334 3171 2388 αὑτοῦ
3220 2332 3322 2395 τῆς
3351 2327 3689 2404 κηδεμονίας.

2047 2417 2177 2494 Παρ²
2233 2418 2360 2484 ὅλας
2437 2422 2535 2497 μὲν
2616 2421 2716 2500 γάρ
2775 2423 2869 2484 τας
2928 2420 3129 2477 δώδεκα
3187 2420 3387 2482 ταύτης
3471 2417 3691 2496 ἡμέρας,

2045 2506 2099 2560 ἐν
2127 2511 2218 2572 αἶς
2251 2511 2415 2577 αὐτὴν
2447 2512 2604 2590 εἶχεν
2635 2513 2669 2579 ἡ
2721 2511 2956 2592 φυλακὴ,
3025 2508 3110 2566 διὰ
3171 2513 3490 2586 περιστερᾶς
3551 2505 3696 2564 ἄνω·

2043 2598 2128 2650 θεν
2184 2595 2402 2677 ἐδέχετο
2460 2601 2559 2667 τὴν
2625 2602 2829 2680 προφὴν
2866 2619 2880 2634 ·
2944 2600 3128 2656 ἔπειτα
3197 2597 3252 2654 δὲ
3315 2599 3406 2654 καὶ
3467 2598 3623 2659 αὐτὸς
3669 2597 3698 2651 ὁ

2045 2683 2227 2748 κκλδζ
2262 2688 2471 2755 ἐκείνης
2530 2689 2874 2765 ἀγωνοθέτης
2934 2690 3157 2768 Χριστὸς
3219 2688 3363 2764 μετά
3423 2693 3528 2743 τῶν
3587 2685 3700 2764 περὶ⁸

2043 2773 2200 2830 αὐτὸν
2253 2774 2525 2852 δυναμεων
2582 2780 2670 2835 καὶ
2733 2780 2832 2847 τῆς
2886 2780 3080 2844 οἰκείας
3163 2776 3324 2846 δόξης
3415 2777 3697 2856 ἐπιφαδὴς,

2041 2860 2305 2941 ἐπτέρωσέ
2359 2888 2416 2923 τε
2475 2868 2634 2936 αὐτῆς
2695 2867 2854 2926 πλέον
2911 2869 3010 2936 τὴν
3066 2869 3350 2946 καρτερίαν
3425 2868 3515 2924 καὶ
3584 2869 3700 2944 θαρο

2041 2973 2160 3020 σους
2213 2955 2498 3024 ἒνέπλησε.
2571 2977 2595 3012 α
2635 2959 2721 3026 Μὴ
2777 2956 3075 3035 δειλιάσῃς,
3133 2959 3302 3013 εἰπών
3338 2976 3350 2989 ·
3423 2956 3535 3035 ἐγὼ
3599 2957 3695 3033 γὰρ

320 3064 458 3108 men
491 3062 690 3107 meum
719 3045 937 3106 mullos
957 3045 1295 3125 adduxeris,
1320 3047 1533 3109 multas
1562 3068 1796 3130 quoque
1815 3070 1960 3113 con-

2061 3043 2155 3118 εἶμι
2181 3046 2316 3118 μετά
2344 3054 2437 3104 σοῦ
2469 3049 2554 3104 καὶ
2585 3048 2644 3104 οὐ
2698 3049 2776 3122 μὴ
2835 3069 2927 3104 σοι)
2986 3045 3197 3122 ἅψηται
3259 3046 3527 3125 βάσανος)
3563 3043 3697 3100 ἀλλὰ

323 3133 596 3216 sequeris
623 3135 1158 3198 remunerationes.

398 3403 590 3469 XVIII
597 3408 766 3469 .Cum
781 3404 905 3466 hac
916 3403 1124 3466 ultima
1139 3413 1314 3467 nocte
1333 3405 1385 3467 ei
1404 3405 1674 3470 Christus
1687 3407 1960 3469 mandas-

317 3506 610 3578 set,mane
630 3496 960 3560 Maxentius
975 3497 1670 3578 [Maximinuslpraesedit
1691 3499 1752 3560 in
1778 3500 1962 3562 tribu-

317 3585 1208 3666 nali,etbeatamjussitadduci:
1225 3596 1282 3650 et
1297 3591 1580 3650 assistens
1594 3598 1815 3670 martyr
1826 3609 1959 3651 cum

318 3676 524 3754 gratiis
579 3675 970 3757 spiritalibus,
1027 3685 1086 3738 et
1128 3676 1290 3738 dulci
1318 3677 1421 3738 illa
1448 3678 1779 3754 alacritate,
1810 3678 1961 3740 adeo

320 3775 384 3826 ut
415 3765 456 3826 ii
487 3783 747 3848 quoque,
779 3768 877 3846 qui
908 3766 1181 3842 aderant,
1217 3767 1408 3828 nitido
1432 3767 1751 3848 splendore
1781 3768 1960 3830 reful-

323 3854 814 3932 gerent,graviter
829 3854 898 3915 ad
922 3855 1163 3916 modum
1181 3857 1794 3937 terretimperatorem
1807 3907 1816 3917 .
1829 3857 1959 3938 lpse

326 3951 519 4004 autem
555 3945 609 4002 ei
638 3942 780 4007 dicit
811 3943 1102 4006 malitiose
1134 3952 1190 4005 et
1238 3946 1566 4008 fallaciter:
1601 3944 1709 4020 Te,
1743 3947 1954 4026 inquit,

321 4032 496 4094 decet
525 4030 872 4111 imperium,
906 4051 940 4094 ο
965 4032 1104 4094 tilia.
1127 4034 1251 4113 Age
1279 4053 1442 4116 ergo,
1469 4053 1603 4096 cum
1627 4036 1746 4096 diis
1769 4037 1960 4097 sacri-

2047 3131 2278 3197 πολλοὺς
2333 3133 2416 3191 διὰ
2469 3139 2567 3204 τῆς
2636 3136 2831 3202 οἰκείας
2875 3137 3148 3210 ὑπομονῆς
3191 3139 3272 3208 τῷ
3347 3135 3467 3211 ἒμῷ
3535 3153 3702 3211 προσ-

2048 3230 2319 3300 αγαγοῦσα
2376 3227 2592 3302 ὀνόματι
2650 3224 2864 3283 πολλῶν
2927 3223 3199 3301 ἐιξιωθήσγΙ
3261 3227 3357 3282 καὶ
3409 3231 3517 3280 τῶν
3575 3242 3699 3279 στε-

2046 3315 2251 3392 φάνων.
2295 3338 2320 3370 ι

2123 3403 2230 3464 ΙΗ’.
2296 3414 2468 3465 Ταῦτα
2522 3406 2655 3462 κατά
2705 3406 2802 3474 την
2852 3403 3155 3462 τελευταίαν
3202 3404 3371 3460 νύκτα
3421 3424 3519 3461 του
3567 3408 3700 3480 Χρι-

2044 3500 2166 3550 στοῠ
2237 3493 2660 3575 ἐπισκήψαντος,
2734 3494 2892 3553 ἕωθεν
2965 3498 2993 3551 ὁ
3065 3492 3362 3558 Μαξέντιος
3439 3492 3526 3549 ἐπὶ
3614 3495 3706 3546 τοῦ

2043 3585 2282 3660 βήματος
2341 3587 2685 3664 προκαθίσας,
2747 3585 2980 3666 ἀχθῆναι
3056 3582 3259 3640 κελεύει
3337 3583 3442 3652 τὴν
3521 3600 3703 3656 μακα-

2045 3673 2178 3750 ρίαν.
2217 3675 2313 3732 Καὶ
2366 3681 2677 3754 παραστᾶσα
2733 3677 2767 3742 ἠ
2826 3676 3025 3754 μάρτυς
3087 3674 3222 3748 μετὰ
3281 3679 3396 3730 τῶν
3461 3690 3708 3746 πνευμα-

2042 3770 2205 3819 τικῶν
2261 3764 2494 3844 χαρίτων
2551 3767 2640 3821 καὶ
2703 3765 2802 3834 τῇς
2871 3764 3118 3843 γλυκείας
3189 3762 3408 3831 ἐκείνης
3483 3759 3706 3842 φαιδρό-

2042 3875 2230 3932 τητος,
2287 3856 2361 3919 ὡς
2417 3858 2498 3911 καὶ
2557 3855 2739 3920 αὖτοὺς
2797 3853 2968 3922 δήπου
3013 3858 3134 3916 τούς
3189 3855 3475 3931 παρόντας
3507 3852 3711 3926 καθαρᾷ

2043 3941 2397 4020 περιλάμπειν
2449 3950 2516 4020 τῇ
2589 3942 2782 4022 αἴγλῃ,
2859 3942 3040 4008 δεινῶς
3114 3941 3250 4019 ἄγαν
3329 3939 3711 4008 καταπλήττει

2041 4042 2133 4088 τὸν
2188 4032 2434 4110 βασιλέα.
2498 4033 2595 4091 Καὶ
2652 4034 2806 4095 αὑτὸς
2870 4034 3034 4112 εὐθὺς,
3095 4029 3315 4105 ὑπούλῳ
3363 4036 3447 4103 τῷ
3476 4029 3598 4098 ἤθει
3627 4026 3716 4083 καὶ

315 4118 607 4196 ficaveris,
641 4120 869 4202 impera
899 4121 1234 4185 nobiscum.
1294 4123 1501 4202 Neque
1561 4125 1726 4202 velis,
1789 4143 1955 4203 rogo,

2061 4124 2324 4204 τεριέργῳ,
2360 4125 2451 4180 Σοὶ
2481 4124 2702 4203 πρέπει,
2760 4126 2912 4203 φησὶ,
2965 4125 3026 4179 τὸ
3082 4121 3384 4198 βασίλειον,
3454 4121 3712 4201 θύγατερ.

317 4210 525 4272 videre
554 4211 803 4273 interire
837 4215 1143 4275 tormentis
1177 4222 1392 4276 tantam
1425 4212 1954 4294 pulchritudinem.

2061 4220 2208 4292 δεῦρο
2292 4214 2462 4269 τοίνυν
2545 4215 2744 4271 θύσασα
2825 4227 2940 4278 τοῖς
2990 4217 3160 4288 θεοῖς,
3214 4211 3550 4286 βασιλεύσον
3621 4209 3713 4264 σὺν

319 4300 654 4408 illaautem
683 4321 697 4364 :
890 4301 1108 4382 inquit,
1139 4304 1332 4364 solum
1367 4312 1526 4364 terra
1555 4310 1614 4364 et
1643 4303 1796 4366 cinis
1829 4325 1843 4384 ;
1903 4313 1960 4366 et

2061 4305 2200 4377 ipim,
2287 4301 2422 4377 μηδὲ
2495 4305 2728 4379 θεγήσῃς
2808 4300 3125 4381 παρακαλῶ,
3213 4301 3485 4377 βασάνοις
3576 4299 3717 4354 ἀπο-

2088 4391 2097 4408 Ι
2137 4395 2160 4408 Α
2399 4393 2412 4408 ι
2553 4390 2599 4408 ΩΙ.
2763 4394 2774 4408 ρ
2907 4393 2916 4408 ι
3127 4380 3188 4408 (η
3255 4387 3302 4408 θκ
3408 4394 3476 4408 ης
3610 4387 3623 4408 1
3711 4407 3714 4408 ,

319 4388 383 4449 id
409 4388 516 4450 tibi
538 4406 750 4452 rursus
773 4390 930 4469 dico,
959 4380 991 4451 ὁ
1014 4393 1340 4471 imperator
1363 4412 1378 4472 ;
1402 4399 1636 4473 tempus
1659 4411 1794 4454 vero
1819 4380 1959 4456 facit

2061 4391 2220 4448 téoﬂat
2252 4393 2516 4460 τοσαύτην
2545 4390 2721 4468 ὅψεως
2749 4380 3072 4471 ὡραιότητα.
3127 4380 3190 4445 Ἦ
3250 4387 3336 4464 δὲ,
3406 4394 3488 4456 Γῆ
3550 4387 3717 4464 μόνον

321 4496 451 4539 eam
484 4479 880 4557 etﬂorescere,
917 4489 976 4540 et
1005 4479 1248 4540 morbus
1281 4479 1576 4562 tabefacit,
1607 4491 1671 4544 ut
1700 4501 1830 4563 qua;
1861 4483 1956 4544 ni-

2061 4483 2203 4555 ιστὶν,
2241 4483 2390 4562 εἶπε,
2417 4484 2505 4540 καὶ
2533 4484 2701 4557 κόνις,
2733 4485 2820 4539 καὶ
2876 4481 3034 4538 πάλιν
3075 4480 3158 4536 σοί
3213 4501 3392 4557 φημι,
3467 4477 3711 4555 βασιλεῦ,

318 4565 406 4627 hil
437 4567 672 4628 ﬁrmum
703 4567 942 4648 habeat,
997 4586 1109 4629 nec
1167 4569 1399 4633 stabile.
1460 4569 1706 4632 Interim
1761 4581 1957 4635 autem

2061 4574 2296 4628 ιπανθεϊν
2354 4571 2410 4627 δὲ
2481 4572 2644 4638 αὐτὴν
2703 4574 2789 4627 καὶ
2869 4572 3066 4650 χρόνος
3151 4581 3336 4637 ιποιεϊ,
3403 4569 3498 4624 καὶ
3559 4566 3714 4628 νόσος

323 4655 462 4717 dum
495 4665 714 4737 martyr
743 4657 868 4718 haec
906 4659 958 4742 ei
1018 4657 1270 4740 diceret,
1322 4660 1560 4740 quidam
1611 4664 1956 4744 praefectus,

2061 4660 2330 4717 ;πελθοῦσα
2407 4661 2669 4741 μαραίνει,
2735 4659 2972 4738 -βέϐαιον
3057 4656 3202 4715 οὐδὲν
3276 4655 3404 4714 οὐδε
3484 4658 3720 4733 μόνιμον

320 4746 565 4807 nomine
585 4746 1206 4824 Chursasadem,acris
1227 4753 1466 4830 quidem
1489 4749 1562 4811 ad
1580 4751 1751 4826 iram,
1761 4770 1957 4832 prom-

2061 4772 2291 4828 χουσαν.
2357 4748 2444 4808 Ἐν
2497 4749 2606 4824 ὅσῳ
2663 4749 2717 4806 δὲ
2767 4758 2931 4808 ταῦτα
2989 4751 3022 4816 ἠ
3084 4747 3282 4826 μάρτυς
3347 4748 3494 4822 πρὶς
3555 4747 3716 4802 αὑτὸν

318 4844 456 4916 ptus
482 4843 678 4898 autem
711 4845 772 4898 et
800 4837 1142 4916 ingeniosus
1163 4838 1235 4901 ad
1261 4839 1652 4919 puniendum,
1677 4860 1808 4902 cum
1830 4842 1957 4903 haec

2061 4839 2325 4918 ἱιελέγετο,
2407 4840 2651 4920 ὕπαρχός
2724 4861 2805 4905 τις
2885 4838 3055 4912 ὄνομα
3137 4835 3536 4915 Χρυσασαδὲμ,
3602 4833 3720 4901 ὀξὺς

315 4924 571 5002 audiret,
591 4926 803 5006 partim
828 4927 1037 4988 dolens
1055 4929 1244 4990 vicem
1273 4929 1552 4991 Maxentii
1583 4929 1955 5009 [Mawimini]

2061 4930 2138 4986 ’.ἓν
2195 4932 2269 4993 εἷς
2327 4930 2514 5009 ὀργὴν,
2576 4928 2875 5009 εὑμέχανος
2936 4927 2990 4984 δὲ
3058 4928 3133 4992 εἷς
3217 4929 3521 5003 τιμωρίαν,
3611 4929 3722 4980 τῶν

315 5017 527 5095 partim
540 5025 738 5078 autem
752 5033 875 5078 sua:
888 5015 1319 5080 benevolentia;
1335 5019 1483 5080 dans
1497 5019 1950 5101 experientiam,

2061 5040 2100 5074 te
2117 5018 2343 5096 (ομένων
2440 5019 2666 5098 ἀκούων,
2775 5021 2908 5093 ὁμοῦ
2997 5016 3094 5092 μὲν
3177 5014 3721 5093 ὅπεραγανακτήσας

314 5123 448 5166 cum
473 5123 537 5167 se
571 5124 746 5186 parvo
777 5113 1044 5187 tempore
1067 5108 1475 5190 sustinuisset,
1505 5120 1780 5190 tanquam
1799 5110 1955 5191 apud

2061 5108 2348 5190 ιιαξεντίου,
2411 5111 2543 5184 ὁμοῦ
2600 5106 2654 5164 δὲ
2711 5110 2801 5165 καὶ
2871 5119 3060 5184 πεῖραν
3127 5106 3273 5178 αὑτῷ
3353 5106 3572 5169 εὸνοίας
3645 5101 3724 5159 δι-

315 5211 381 5254 se
412 5194 704 5256 meditans
730 5202 795 5255 et
821 5196 1154 5277 inquirens,
1192 5199 1379 5261 dixit:
1431 5199 1556 5279 Ego
1604 5199 1735 5275 tibi,
1771 5219 1806 5261 ο
1836 5201 1953 5261 im-

2061 5197 2182 5274 ἱούς,
2217 5200 2406 5277 μικρὸν
2433 5219 2551 5254 τινα
2609 5199 2806 5277 χρόνον
2866 5196 3111 5276 ἐπισχὼν
3165 5194 3253 5251 καὶ
3320 5197 3454 5251 οἷον
3533 5193 3726 5251 ἑαυτὸν

313 5292 573 5362 perator,
599 5302 718 5346 non
759 5302 938 5363 parva
983 5302 1128 5347 cura
1169 5287 1455 5363 adhibita,
1509 5288 1734 5366 inveni,
1798 5307 1950 5370 quo-

2061 5290 2428 5367 ωγκροτήσας,
2489 5285 2632 5366 Ἐγώ
2686 5308 2792 5361 σοι,
2871 5284 3114 5363 βασιλεῦ,
3179 5282 3286 5363 ἔφη
3354 5285 3457 5339 σὺν
3537 5281 3723 5360 πολλῇ

315 5371 494 5434 modo
524 5373 716 5453 possis
739 5373 828 5436 vel
857 5373 912 5434 ei
941 5372 1057 5435 cito
1089 5377 1476 5454 persuadere,
1508 5378 1598 5439 vel
1644 5397 1772 5441 eam
1811 5397 1951 5459 per-

2061 5375 2265 5457 ›ροντίδι
2320 5377 2558 5457 ἀνεῦρον,
2613 5375 2784 5459 ὅπωςΔ
2821 5375 2883 5433 ἂν
2940 5373 2975 5442 ἦ
3033 5385 3220 5431 πεῖσαι
3271 5374 3489 5432 θᾶττον
3552 5371 3730 5441 αὑτὴν

313 5462 479 5526 dere.
511 5461 723 5525 Modus
750 5469 948 5527 autem
981 5471 1072 5527 est
1101 5465 1400 5545 ejusmodi
1425 5484 1438 5529 :
1490 5465 1645 5533 Jube
1675 5468 1785 5531 sub
1811 5455 1954 5532 iuna

2061 5455 2282 5545 υνηθῇς,
2333 5466 2370 5535 ἤ
2425 5455 2708 5528 ἀπολέσαι.
2771 5455 2828 5523 ’0
2887 5461 2942 5520 δὲ
3002 5463 3211 5542 τρόπως
3242 5459 3372 5520 ἐστὶ
3406 5465 3669 5525 τοιθῦτος
3705 5480 3721 5496 ·

317 5549 499 5626 ﬁbula
528 5550 658 5616 ﬁeri
685 5560 938 5636 quatuor
964 5561 1147 5633 rotas,
1185 5565 1246 5620 et
1293 5554 1623 5636 unicuique
1661 5567 1808 5623 rotae
1851 5557 1947 5621 in-

2061 5557 2295 5618 ἱέλευσον
2352 5559 2453 5618 ὑπὸ
2509 5556 2708 5640 περόνῃ
2763 5562 2859 5635 μ.ιᾴ
2911 5553 3169 5638 τέσσαρας
3227 5555 3496 5635 γινὶσθαι
3590 5573 3724 5643 τρο-
