3918 6138
169 229 286 307 297

1278 238 1335 303 Μ
1341 235 1742 306 ARTYBIUM
1807 235 1868 300 S.
1917 231 2410 303 CATHARINIE.

3422 230 3542 312 298

167 382 324 461 χούςο
373 379 576 445 ἑκάστῳ
633 377 689 435 δὲ
755 379 860 436 τῶν
917 386 1132 459 τροχῶν
1181 384 1491 458 πρηστῆρας
1549 377 1805 454 ἐμπαγῆ-

1978 373 1989 433 ἱ
2016 390 2212 434 serras
2240 380 2302 435 et
2334 373 2532 436 clavos
2561 381 2786 436 acutos.
2813 371 3043 436 Deinde
3076 376 3409 440 machinam
3441 381 3543 442 ιά-

166 494 246 527 ναι
299 472 384 526 καί
413 469 574 536 ἥλους
610 469 778 536 οξεῖς³
817 470 939 525 εἶτα
991 471 1250 549 σχοινίοις
1282 472 1342 526 τὸ
1373 469 1678 548 μηχάνημα
1732 465 1816 522 καὶ

164 559 528 639 τροχιλίσκοις
587 561 690 635 πρὸ
749 564 854 615 τῶν
913 562 1073 626 «esse
1132 558 1418 638 ὀφθαλμῶν
1474 556 1811 622 ἑλκυσθῆναι,

170 651 222 706 Εἰ
281 653 377 724 μὲν
438 648 526 706 οὗν
585 646 768 705 ἰδοῦσα
823 657 975 706 τοῦτο
1031 649 1168 722 μετὰ
1227 645 1581 726 σφοδροτάτου
1641 645 1810 721 ῥοίζου

166 739 453 818 φερόμενον
497 737 740 804 πεισθείη
772 739 857 795 καὶ
897 738 1066 794 θύσειε
1123 737 1237 812 μεθ’
1289 738 1446 812 ἡμῶν
1474 750 1594 797 τοῖς
1641 739 1810 807 θεοῖς,

170 829 394 894 τεύξεται
443 834 549 885 τῶν
585 826 1023 904 ἐπηγγελμένων
1060 828 1103 883 εἰ
1134 825 1180 882 δ’
1227 826 1337 900 οὖν,
1373 825 1508 881 ἀλλὰ
1537 839 1651 887 τοῖς
1684 847 1806 900 τρο-

169 931 291 998 1.01;
351 916 685 992 ἒμόληθεῖσα
736 915 1071 972 ἐλεεινότατα
1127 915 1224 982 τὴν
1278 915 1462 994 ψυχὴν
1507 911 1810 998 ἀποβρτίξειο

246 1007 330 1065 le!
418 1017 458 1064 Τ
497 1014 519 1046 τι
686 1005 701 1026 \
833 1006 859 1044 γ
936 1007 963 1062 ὁ
1013 1005 1039 1028 η
1151 1029 1164 1038 .
1335 1008 1350 1024 ν
1541 995 1555 1010 ⁸
1693 1004 1705 1022 I

345 1053 359 1068 .
465 1028 592 1063 τοτα
642 1027 738 1081 μεν
803 1028 888 1062 ουν
1013 1027 1252 1084 υπαρλος
1303 1025 1476 1063 ειπεν.
1559 1017 1809 1074 Αρπασας

173 1096 222 1153 δὲ
261 1099 349 1152 τὸν
412 1096 575 1173 λόγον
633 1098 661 1151 ὁ
716 1094 984 1171 βασιλεὺς,
1031 1097 1129 1162 τὴν
1190 1097 1427 1174 μάρτυρα
1488 1094 1583 1166 μὲν
1635 1089 1808 1148 δίδωσι

172 1190 439 1266 τηρεῖσθαι
496 1187 586 1242 καὶ
649 1188 813 1250 αὖθις⁹
881 1189 940 1241 τὸ
997 1186 1308 1265 μηχάνημα
1375 1183 1429 1240 δὲ
1487 1187 1560 1245 εἱς
1631 1183 1808 1258 τρίτην

174 1279 369 1355 ἡμέραν
439 1276 753 1341 τελεσθῆναι
823 1275 1048 1338 κελεύει,
1117 1275 1313 1332 Τούτου
1375 1271 1430 1328 δὲ
1498 1271 1806 1350 γενομένου,

173 1368 490 1445 προσάγεται
549 1367 636 1420 καὶ
686 1365 848 1421 πάλιν
903 1367 937 1432 ἡ
995 1366 1213 1444 μάρτυς,
1251 1367 1361 1442 καὶ,
1396 1363 1642 1429 Πείσθητί
1687 1383 1808 1436 μοι,

173 1458 291 1534 φησὶ
351 1458 484 1533 πρὸς
543 1457 706 1522 αὐτὴν
765 1457 793 1510 ὁ
835 1453 1102 1534 βασιλεὺς,
1135 1453 1222 1510 καί
1277 1457 1428 1511 θῦσον
1485 1467 1601 1516 τοῖς
1644 1455 1808 1512 θεοῖς’

174 1548 213 1601 εἰ
266 1544 324 1600 δὲ
379 1547 483 1620 μὴ,
529 1545 698 1616 τούτῳ
757 1566 815 1599 σε
867 1551 943 1618 τῷ
997 1544 1334 1616 κολαστηρίῳ
1389 1540 1661 1615 ὑποϐαλῶ,
1716 1562 1812 1597 κει·

174 1635 355 1696 λεύσας
409 1636 473 1689 τὸ
528 1635 711 1689 καινὸν
771 1633 948 1690 ἐκεῖνο
1006 1633 1336 1712 μηχάνημα,
1371 1631 1458 1688 ὑπ’
1514 1631 1813 1710 ὀφθαλμοὺς

176 1725 331 1790 vim}:
391 1722 660 1779 ἕλκεσθαι·
725 1722 926 1785 οὗτινος
985 1724 1076 1778 σὺν
1148 1721 1332 1796 πολλῷ
1379 1720 1686 1794 κινουμένου
1740 1727 1814 1793 τῷ

207 1815 315 1886 sith
371 1813 462 1869 καὶ
523 1812 681 1869 πάλιν
727 1815 754 1868 ὃ
815 1811 1083 1891 βασιλεὺς,
1136 1815 1346 1892 ⁸Ορᾷς;
1401 1810 1527 1890 ἔφη,
1560 1811 1713 1866 τοῦτό
1755 1831 1813 1865 σε

177 1908 243 1978 μή
297 1901 622 1976 πειθομένῳ
694 1900 976 1967 ἐκδέξεται.
1046 1894 1106 1959 Ἰ]
1168 1901 1245 1976 δὲ,
1307 1900 1593 1974 Πολλάκις,
1659 1901 1811 1979 φησὶ,

175 1995 258 2061 τὴν
315 1993 454 2068 ἐμὴν
515 1993 740 2070 γνώμην
800 1993 979 2068 εἶπον,
1041 1993 1086 2047 ὦ
1141 1991 1380 2068 βασιλεῦ,
1445 1992 1530 2047 καὶ
1586 1991 1813 2069 φανεράν

179 2104 245 2140 σοι
285 2084 490 2147 ταύτην
544 2082 911 2156 ἐποιησάμην·
977 2081 1054 2156 μὴ
1107 2080 1271 2156 μέλλε
1325 2081 1437 2158 οὖν,
1483 2078 1621 2134 ἀλλὰ
1677 2079 1814 2134 ποίει

188 2174 234 2226 ti
289 2179 364 2246 τῷ
435 2175 588 2246 θυμῷ
673 2171 1066 2246 παριστάμενα.
1135 2168 1346 2227 Ἦπάτα
1407 2169 1460 2224 δέ
1527 2191 1607 2232 τις
1668 2168 1815 2233 ἐλπὶς

181 2260 244 2317 ἔτι
297 2260 647 2338 τὸνβασιλέα
703 2258 784 2315 ὅτι
839 2262 1004 2339 τυχὸν
1066 2261 1399 2329 πεισθήσεται
1434 2259 1517 2314 καὶ
1575 2254 1814 2332 μεταϐα-

181 2351 392 2430 λετ,γαξ
448 2353 595 2412 αὖθις
641 2351 772 2428 πρὸς
827 2349 988 2416 αὐτὴν
1047 2359 1167 2412 ταῖς
1216 2350 1465 2412 θωπεῖαις
1525 2346 1810 2427 ἐκέχρητο.

181 2442 320 2498 Ἐπεὶ
359 2441 412 2495 δὲ
462 2441 696 2509 ἀνήνυτα
753 2437 890 2516 ἓγνω
936 2443 1132 2512 πονῶν,
1170 2437 1499 2514 περιδεθῆναι
1546 2437 1642 2510 μὲν
1700 2449 1816 2500 τοῖς

183 2544 391 2610 τροχοῖς
443 2534 546 2597 τὴν
577 2527 820 2606 γενναίαν
873 2526 1213 2607 προστάττει,
1245 2525 1466 2592 ὀξύτατα
1521 2525 1576 2581 δὲ
1630 2525 1813 2589 αὖτοὺς

180 2625 428 2677 κινεῖσθαι
492 2618 641 2684 ὅπως
689 2623 766 2691 τῷ
821 2616 1030 2696 σφοδρῷ
1060 2625 1150 2673 τοὺ
1200 2617 1495 2692 κινήματος
1532 2615 1818 2694 βαρυτέραν

178 2711 422 2786 ὑπομείνῃ
479 2709 578 2776 τὴν
658 2707 932 2777 τελευτήν.
995 2706 1144 2763 Ἀλλ’
1211 2706 1274 2773 ἦν
1348 2705 1554 2762 ἐναντία
1617 2706 1817 2761 τούτων

176 2802 206 2866 ἡ
258 2800 319 2855 ἐκ
371 2801 469 2866 τῆς
537 2797 677 2862 θείας
737 2798 956 2876 χάριτος
1030 2793 1266 2860 ἔκϐασις.
1335 2786 1397 2850 Ἠ
1461 2795 1560 2872 γὰρ
1618 2793 1814 2871 μάρτυς

176 2891 379 2944 πάντων
436 2891 574 2962 ὁμοῦ
633 2886 729 2942 καί
783 2892 874 2942 τοῦ
930 2884 1144 2963 σιδήρου
1197 2885 1284 2940 καὶ
1340 2885 1444 2940 τῶν
1487 2890 1700 2961 τροχῶν
1729 2885 1817 2939 καὶ

175 2979 272 3033 τῶν
331 2975 544 3052 δεσμῶν
603 2975 818 3030 ἐκείνων
879 2973 1115 3043 ἐλέλυτο,
1178 2971 1406 3052 ἀγγέλου
1477 2974 1605 3050 πρὸς
1654 2973 1816 3038 αὐτὴν

1899 461 2074 523 nibus
2123 471 2180 524 et
2213 463 2408 543 parvis
2438 464 2586 524 rotis
2637 463 2792 525 trahi
2841 470 2976 524 ante
3026 464 3156 543 ejus
3187 465 3416 530 oculos.
3472 468 3544 532 Et

1898 552 1970 633 si,
2004 571 2136 615 cum
2171 571 2297 614 eam
2333 553 2577 634 quidem
2609 553 2822 615 viderit
2853 553 2996 616 ferri
3029 554 3284 616 maximo
3315 556 3542 637 impetu

1895 659 1964 703 ac
2004 643 2278 723 strepitu,
2314 660 2594 723 persuasa
2627 643 2826 719 fuerit,
2863 652 2920 705 et
2951 642 3263 706 nobiscum
3295 645 3410 708 diis
3441 665 3542 710 sa-

1895 731 2270 811 criﬁcaverit,
2307 741 2707 812 consequetur
2738 732 3028 815 promissa
3063 754 3080 810 ;
3110 740 3200 795 sin
3233 735 3454 812 minus,
3480 735 3544 800 in

1894 831 2052 882 rotas
2115 821 2348 900 injectze
2383 821 2808 885 miserabiliter
2858 841 2966 904 per
3014 823 3128 884 vim
3163 823 3217 886 ei
3267 835 3546 907 erumpet

1875 909 2115 970 anima.

1974 997 2340 1076 XlX.Atque
2361 1000 2486 1062 hazc
2509 1001 2749 1082 quidem
2771 1001 2916 1063 dixit
2935 1001 3421 1081 praifcctus.Cum
3440 1023 3548 1067 auc

1895 1097 2012 1150 tem
2035 1089 2166 1168 ejus
2188 1107 2527 1151 Sermonem
2559 1092 2910 1172 arripuisset
2935 1091 3280 1171 imperator,
3306 1091 3404 1153 dat
3420 1094 3548 1174 qui-

1895 1179 2020 1234 dem
2044 1193 2354 1249 martyrem
2380 1181 2899 1245 custodiendamet
2927 1195 3124 1238 rursus
3145 1180 3306 1252 jubet
3327 1185 3550 1242 machi-

1896 1286 2028 1328 nam
2061 1267 2188 1329 ﬁeri
2217 1269 2274 1328 in
2303 1269 2542 1330 tertium
2569 1270 2752 1331 diem.
2793 1273 2936 1333 Cum
2963 1269 3073 1332 hoc
3094 1278 3292 1332 autem
3325 1269 3542 1334 factum

1897 1365 2302 1437 esset,martyr
2321 1375 2532 1419 rursus
2553 1357 3115 1435 addicitur;et,Pare
3140 1358 3464 1436 mihi,dicit
3489 1361 3547 1423 ei

1896 1446 2245 1526 imperator,
2277 1456 2337 1508 et
2390 1447 2504 1508 diis
2558 1448 2872 1510 sacrifica:
2934 1448 3026 1508 sin
3075 1447 3297 1523 minus,
3331 1467 3439 1528 ego
3491 1460 3550 1514 te

1899 1535 2040 1597 huic
2069 1545 2366 1598 tormento
2391 1537 2729 1616 subjiciam,
2751 1536 2971 1618 jubens
2990 1553 3202 1598 novam
3227 1536 3388 1599 illam
3414 1557 3548 1602 ma-

1898 1625 2131 1685 chinam
2170 1625 2322 1686 trahi
2355 1635 2494 1688 ante
2525 1629 2655 1706 ejus
2698 1627 2930 1690 oculos.
2963 1627 3109 1700 Quae
3138 1625 3378 1708 quidem
3411 1645 3546 1690 cum

1899 1733 2111 1790 magno
2159 1714 2385 1795 impetu
2434 1725 2493 1778 et
2539 1717 2792 1796 strepitu
2843 1723 3206 1796 moveretur,
3236 1734 3444 1779 rursus
3493 1717 3550 1780 ei

1898 1805 2042 1866 dicit
2071 1806 2397 1885 imperator
2433 1825 2446 1868 :
2479 1806 2710 1870 Vides?
2741 1809 2955 1888 inquit,
2992 1826 3062 1870 ea
3093 1814 3172 1884 te,
3205 1806 3256 1869 si
3289 1825 3408 1868 non
3435 1826 3548 1888 pa—

1895 1912 2049 1968 reas,
2087 1894 2362 1972 excipiet.
2415 1895 2516 1956 Illa
2564 1905 2802 1960 autem:
2861 1896 3054 1978 Saepe,
3089 1895 3307 1977 inquit,
3344 1914 3544 1960 meum

1896 1987 2159 2044 animum
2187 1983 2291 2044 tibi
2314 1985 2460 2059 dixi,
2498 2005 2530 2046 ο
2552 1985 2904 2067 imperator,
2931 1995 2992 2048 et
3020 2005 3154 2048 eum
3186 1985 3289 2047 tibl
3317 1988 3545 2065 aperui.

1900 2072 1986 2134 Ne
2043 2091 2183 2152 ergo
2233 2075 2556 2150 cuncteris,
2611 2075 2715 2137 sed
2768 2075 2945 2138 facias
2990 2094 3121 2156 quae
3176 2087 3276 2137 tuo
3337 2074 3552 2138 sedent

1901 2163 2123 2223 animo.
2166 2162 2593 2242 Imperatorem
2624 2172 2822 2226 autem
2873 2183 3012 2246 spes
3039 2165 3309 2244 quaedam
3355 2165 3551 2227 adhuc

1901 2251 2264 2330 decipiebat,
2297 2253 2554 2314 futurum
2591 2253 2861 2334 fortasse,
2896 2263 2958 2315 ut
3002 2255 3462 2336 persuaderetur
3491 2264 3553 2318 et

1904 2349 2252 2414 mutaretur,
2290 2352 2347 2402 et
2395 2342 2596 2402 multis
2640 2343 2795 2422 apud
2841 2361 2970 2405 eam
3023 2361 3229 2405 rursus
3268 2361 3409 2405 usus
3459 2352 3553 2407 est

1899 2429 2362 2493 adulationibus.
2393 2430 2537 2493 Cum
2581 2440 2776 2493 autem
2812 2432 3187 2510 cognovisset
3237 2450 3301 2494 se
3330 2432 3552 2495 frustra

1900 2518 2193 2600 laborare,
2223 2518 2398 2598 jubet
2453 2519 2695 2600 quidem
2735 2521 2964 2600 alligari
3016 2521 3159 2585 rotis
3197 2539 3547 2601 generosam

1901 2619 2241 2688 martyrem,
2277 2609 2406 2689 ipsa
2438 2626 2580 2670 vero
2609 2611 2833 2671 moveri
2876 2610 3217 2692 celerrime,
3249 2619 3310 2672 ut
3352 2621 3549 2674 motus

1901 2699 2279 2760 vehementia
2330 2705 2582 2761 mortem
2636 2697 2864 2761 subiret
2914 2701 3272 2779 graviorem,
3307 2699 3425 2762 Sed
3475 2700 3551 2761 iis

1900 2806 2030 2867 quae
2084 2787 2502 2869 meditabatur,
2537 2789 2880 2851 contrarius
2929 2789 3145 2852 divina:
3176 2797 3302 2854 erat
3347 2789 3550 2868 gratia;

1900 2885 2148 2939 eventus
2179 2898 2192 2940 :
2231 2887 2449 2958 martyr
2479 2878 2638 2940 enim
2673 2878 2850 2940 simul
2873 2878 3118 2941 omnino
3147 2879 3342 2941 soluta
3379 2879 3490 2940 fuit
3516 2897 3552 2940 a

1899 2966 2079 3042 ferro,
2116 2976 2174 3028 et
2221 2967 2389 3045 rotis,
2424 2976 2483 3030 et
2536 2969 2653 3029 illis
2687 2969 2959 3043 vinculis,
2992 2969 3147 3050 quod
3201 2968 3447 3048 angelus
3474 2967 3550 3029 de

173 3066 360 3124 ἄνωθεν
425 3062 779 3129 καταϐάντος.
842 3065 901 3121 Οἱ
952 3069 1138 3143 τροχοὶ
1197 3061 1272 3136 δὲ,
1328 3063 1617 3136 αὐτόματοι
1675 3061 1812 3117 κυλι-

1978 3074 2082 3135 per
2111 3057 2180 3117 ad
2213 3074 2340 3117 eam
2373 3057 2710 3120 advolasset
2739 3079 2754 3132 ;
2801 3064 2948 3120 rotae
2977 3068 3171 3120 autem
3205 3077 3311 3120 sua
3340 3065 3552 3140 sponte

169 3159 398 3232 σθέντες,
455 3153 685 3217 πολλοὺς
755 3161 861 3211 τῶν
929 3153 1164 3209 ἆπίστῶν
1234 3151 1470 3226 ἀνεῖλον,
1533 3151 1816 3232 ὥστε-καὶ

168 3228 390 3316 κράζει-ι’
444 3239 590 3299 τινας
659 3241 766 3291 τῶν
821 3233 1190 3312 περιεστώτων
1248 3233 1330 3289 ἐπὶ
1403 3239 1478 3306 τῷ
1541 3228 1816 3310 παραδόξῳ

166 3329 330 3401 τούτῳ
377 3326 630 3400 θεάματι*
671 3323 848 3401 Μέγας
889 3327 915 3380 ὸ
973 3326 1100 3387 Θεὸς
1145 3331 1250 3380 τῶν
1302 3323 1655 3400 Χριστιανῶν.
1711 3329 1816 3378 Θυ-

167 3420 260 3492 μος
311 3415 407 3472 in?
461 3415 663 3479 τούτοις
719 3415 882 3476 πολὺς
946 3412 1228 3478 Μαξεντίου
1277 3413 1365 3468 καὶ
1395 3412 1556 3487 μανία
1613 3409 1810 3469 δυσκά-

165 3512 370 3582 θεκτος,
422 3507 512 3560 καὶ
567 3504 876 3582 πικρότεραι
936 3508 1005 3578 τῇ
1066 3502 1288 3579 παρτυρι
1348 3501 1510 3576 μαλιν
1564 3499 1810 3564 κολαίσεις

175 3581 674 3665 παρεσκευάζοντο(
735 3581 883 3640 Ἀλλ’
963 3585 998 3649 ὴ
1074 3584 1296 3661 σύζυγος
1367 3583 1640 3660 Αύγούστα
1706 3586 1814 3639 τῶν

171 3675 462 3751 βασιλικῶν
562 3675 747 3749 ἀθρόον
828 3671 1182 3729 κοιτωνίσκων
1284 3671 1640 3750 ἔπιφανεῖσα,
1729 3673 1816 3728 καὶ

174 3775 355 3826 τοῦτον
429 3764 558 3841 προς
622 3762 814 3827 ἑαυτὴν
876 3761 1382 3840 ἂντιπερισπάσασα,
1460 3758 1661 3816 διέλυσε
1720 3759 1818 3826 τὴν

177 3855 394 3930 βουλὴν,
433 3853 637 3928 μᾶλλον
694 3849 748 3907 δὲ
805 3851 1065 3930 ἀναιρέτις
1125 3852 1259 3918 αὐτὴ
1306 3851 1492 3928 γέγονε
1543 3855 1640 3916 τῆς
1697 3848 1820 3906 ἐπι-

178 3942 394 4010 ϐουλῆς,
459 3942 736 4022 ’Ἐρχεταί
765 3963 822 3997 τε
877 3944 976 4020 γὰρ
1025 3943 1098 4006 ὡς
1146 3942 1350 4015 ττνεῦμὰ
1409 3942 1589 4018 ποθεν,
1650 3937 1822 3995 ’Λπό-

176 4033 352 4108 λυσον,
402 4033 656 4111 λέγουσα,
703 4032 801 4099 τὴν
858 4032 1048 4090 οἰκέτιν
1099 4034 1190 4087 του
1245 4029 1480 4108 πεγάλου
1539 4030 1691 4103 θεού,
1755 4031 1820 4096 ἧς

174 4125 269 4204 οὐχ
325 4125 553 4181 ἅπτεται
612 4121 860 4198 βάσανος.
924 4122 1218 4198 Μωραίνεις
1275 4121 1375 4198 γὰρ
1438 4118 1630 4198 ὅντως,
1662 4124 1818 4189 ζῶντι

173 4214 406 4270 παλαίων
469 4217 606 4284 Θεῷ.
639 4210 752 4291 Ἐφ’
819 4215 901 4274 οἷς
957 4213 1044 4266 καὶ
1098 4210 1387 4288 θερμότερα
1415 4207 1568 4280 ζέσας
1631 4212 1658 4264 ὁ
1712 4211 1814 4284 βα-

174 4302 339 4367 σιλεὺς
399 4303 477 4378 τῷ
531 4304 701 4377 θυμῷ,
736 4299 965 4376 μάλιστα
1003 4305 1078 4373 τῷ
1135 4299 1332 4375 καὶμὴ
1393 4299 1510 4363 τοὺς
1543 4298 1814 4354 οἰκειοτά-

1899 3147 2172 3207 νοιυῐοιεε
2202 3151 2635 3209 interemerunt
2666 3148 2880 3209 multos
2913 3166 2983 3210 ex
3027 3148 3370 3212 inﬁdelibus
3400 3149 3550 3210 adeo

1898 3243 1962 3296 ut
1993 3235 2398 3298 exclamarent
2429 3237 2669 3318 quidam
2704 3256 2771 3298 ex
2806 3237 3334 3299 circumstantibus
3365 3256 3550 3319 prop-

1899 3335 1990 3386 ter
2045 3325 2440 3405 inopinatum.
2478 3335 2534 3388 et
2567 3325 2724 3406 quod
2761 3337 2890 3390 erat
2941 3336 3146 3389 contra
3177 3327 3546 3407 opinionem,

1899 3416 2352 3493 spectaculum:
2409 3414 2651 3494 Magnus
2701 3426 2788 3478 est
2842 3417 2999 3479 Deus
3058 3416 3549 3480 Christianorum.

1895 3503 2144 3584 Propter
2174 3506 2301 3566 haec
2331 3524 2544 3584 magna
2573 3506 2660 3567 ira
2693 3508 2800 3567 fuit
2832 3525 3041 3568 rursus
3102 3524 3392 3568 accensus
3424 3506 3551 3568 Ma-

1899 3593 2131 3654 xentius
2157 3592 2584 3675 [rilamiminus]
2612 3605 2669 3656 et
2697 3596 2896 3657 furore
2919 3598 3018 3677 qui
3050 3595 3297 3656 minime
3321 3602 3554 3675 poterat

1902 3681 2205 3752 cohiberi;
2248 3691 2305 3744 et
2329 3684 2604 3763 graviora
2633 3701 2842 3746 rursus
2875 3684 3163 3764 supplicia
3194 3684 3550 3764 parabantur

1909 3773 2169 3851 martyri.
2195 3769 2308 3833 Sed
2341 3773 2556 3852 conjux
2589 3773 2848 3852 Augusta
2878 3781 3126 3853 repente
3157 3790 3450 3852 apparens
3479 3790 3551 3834 ex

1904 3860 2178 3923 cubiculo
2236 3861 2634 3941 imperatoris,
2685 3870 2743 3922 et
2790 3881 2927 3923 eum
2971 3861 3044 3922 ad
3103 3880 3167 3923 se
3222 3861 3549 3937 attrahens,

1905 3950 2170 4012 dissolvit
2229 3951 2595 4031 consilium;
2644 3950 2764 4013 imo
2817 3969 2958 4013 vero
3013 3950 3251 4013 sustulit
3277 3949 3548 4014 insidias.

1904 4039 2197 4102 Alicunde
2250 4042 2404 4101 enim
2437 4045 2596 4102 venit
2647 4047 2922 4122 tanquam
2968 4040 3234 4121 spiritus,
3267 4038 3550 4116 Absolve,

1903 4130 2132 4203 dicens,
2160 4129 2438 4190 famulam
2498 4129 2694 4205 magni
2746 4133 2874 4206 Dei,
2910 4147 3088 4210 quam
3148 4148 3266 4191 non
3323 4128 3556 4209 attingit

1903 4226 2266 4282 tormentum
2305 4237 2320 4294 ;
2355 4237 2564 4280 revera
2594 4218 2752 4280 enim
2813 4219 3064 4299 desipis,
3099 4218 3411 4280 decertans
3441 4219 3552 4280 ad-

1902 4328 2110 4371 versus
2141 4307 2328 4370 Deum
2361 4309 2577 4370 vivum.
2613 4307 3007 4380 Quamobrem
3058 4307 3286 4387 majore
3317 4307 3407 4368 ira
3437 4307 3556 4368 fer-

172 4413 284 4455 τους
337 4393 490 4470 ἔχειν
552 4392 693 4466 αὐτῷ
750 4398 1196 4470 συμφρονοῦντας,
1242 4396 1340 4457 τὴν
1391 4390 1632 4468 μάρτυφα
1679 4386 1811 4450 τέως

1980 4416 2048 4460 ns
2106 4398 2455 4476 imperator,
2507 4398 2764 4460 maxime
2822 4398 2980 4478 quod
3039 4386 3164 4458 nec,
3209 4395 3548 4457 familiaris-

176 4481 543 4561 παραδραμὼν,
601 4479 732 4548 ὅλην
810 4481 944 4538 κατὰ
1003 4485 1099 4547 τῆς
1173 4480 1394 4558 συζύγου
1452 4479 1549 4546 τὴν
1625 4478 1812 4552 μανίαν

1978 4505 2080 4548 nos
2109 4486 2359 4548 haberet
2387 4505 2591 4550 secum
2625 4487 3096 4561 consentientes,
3128 4485 3366 4547 interim
3406 4503 3554 4565 prai-

174 4569 322 4650 ἠφίει.

253 4749 336 4814 ις’,
391 4749 657 4827 Μέγιστον
713 4753 803 4809 οὖν
860 4749 1108 4808 κιϐώτιον
1155 4749 1408 4828 ἐνέγκὼν,
1441 4749 1527 4805 καὶ
1586 4745 1818 4824 μολίϐδῳ

184 4841 303 4916 πρὸς
337 4843 398 4895 τὸ
432 4837 617 4917 ἔδαφος
652 4841 777 4899 αὐτὸ
833 4839 1167 4920 ἐμπεδώσας,
1200 4841 1270 4902 ὡς
1300 4838 1364 4894 ἂν
1423 4838 1664 4915 πεπηγός
1695 4858 1752 4893 τε
1783 4837 1817 4912 ᾖ

186 4931 265 4984 καὶ
291 4929 567 5008 ἀκίνητον,
598 4933 684 4986 καὶ
713 4928 869 4987 τοῦτο
917 4929 1146 5006 ἀνοίξας,
1178 4930 1297 4992 τοὺς
1328 4927 1422 4996 τῆς
1479 4928 1670 4991 οἰκείας
1723 4927 1816 4984 οἴ-

187 5017 315 5092 μοιέ
390 5020 613 5096 συζύγου
669 5019 922 5095 μασθυὺς,
962 5025 1030 5086 τῆ
1083 5017 1407 5094 ὑποκειμένῃ
1466 5024 1543 5092 τῷ
1603 5016 1816 5093 πώματι

187 5108 449 5188 προσηλοῖ
476 5115 576 5175 τῆς
614 5107 820 5173 σανίδος
851 5108 1010 5169 ἀκίδι.
1045 5108 1276 5167 ’Ἔπειτα
1308 5106 1655 5188 σφοδρότερον
1714 5129 1816 5164 κα-

187 5200 483 5279 ταφέρεσθαι
516 5198 719 5255 κελεύει
750 5201 810 5256 τὸ
839 5206 1025 5279 πῶμα,
1056 5201 1144 5254 καὶ
1190 5199 1269 5274 μὴ
1301 5197 1553 5276 πρότερον
1601 5195 1811 5275 στῆναι,

187 5291 293 5366 πρὶν
345 5291 383 5358 ἢ
434 5292 523 5346 καὶ
552 5290 742 5354 αὐτοὺς
801 5291 863 5346 τὸ
912 5290 1162 5366 παράπαν
1217 5290 1338 5349 τοὺς
1385 5288 1616 5362 μασθοὺς
1671 5288 1814 5344 ἀπο-

187 5378 363 5455 τέμοι,
438 5385 511 5456 τῇ
578 5384 678 5445 τῆς
775 5377 1049 5444 κολάσεως
1130 5378 1421 5452 παρατάσει
1501 5375 1817 5454 δριμυτέραν

187 5467 407 5542 ἐμποιῶν
458 5473 592 5546 αὑτῇ
651 5476 748 5536 τῆς
801 5468 986 5536 ὀδύνης
1029 5469 1127 5536 τὴν
1181 5467 1454 5534 αἴσθησιν,
1502 5468 1694 5525 Τούτου
1754 5465 1818 5535 δὴ

189 5560 470 5640 γιγονὸτος,
517 5560 634 5617 ἐπεὶ
685 5558 1052 5624 ἀποκοπέντας
1109 5559 1292 5624 αὐτοὺς
1349 5556 1516 5636 εἶδεν,
1570 5557 1812 5627 ἐλεεινῶς

405 5671 670 5739 Ριτιιοι..
710 5673 824 5736 Gn.
871 5669 1079 5734 CXVI.

1902 4577 2071 4640 terita
2134 4583 2413 4656 martyre,
2462 4577 2800 4639 universum
2863 4577 3126 4640 furorem
3181 4573 3444 4637 immittit
3492 4575 3556 4637 in

1902 4667 2242 4746 conjugem.

1983 4755 2264 4819 XX.Cum
2291 4773 2431 4833 ergo
2447 4772 2641 4817 arcam
2664 4756 2977 4818 maximam
2995 4762 3262 4818 curasset
3290 4754 3555 4817 afferen-

1902 4846 2063 4930 dam,
2093 4854 2150 4906 et
2185 4844 2427 4925 plumbo
2477 4864 2608 4907 eam
2642 4845 2809 4908 humi
2859 4846 3194 4925 aﬂlixisset,
3227 4845 3308 4907 ita
3340 4854 3404 4907 ut
3433 4854 3558 4908 sta-

1902 4936 2040 4998 bilis
2072 4943 2232 4996 esset
2255 4943 2312 4996 et
2335 4933 3008 5011 immobilis,mamillas,
3035 4934 3183 5015 proh
3207 4933 3399 4994 dolor!
3437 4950 3561 4994 sua;

1901 5025 2170 5106 conjugis
2207 5024 2671 5103 conﬁgitaculeo
2702 5025 2973 5104 subjecto
2998 5021 3284 5104 operculo
3316 5021 3560 5084 tabula).

1904 5115 2138 5177 Deinde
2173 5112 2346 5193 jubet
2367 5111 2714 5192 operculum
2748 5112 3029 5174 deorsum
3060 5111 3202 5174 ferri
3231 5111 3559 5174 vehemen-

1909 5205 2046 5285 tius,
2081 5212 2140 5266 et
2193 5221 2311 5263 non
2343 5203 2504 5282 prius
2553 5204 2703 5281 sisti,
2738 5221 2912 5281 quam
2946 5203 3072 5283 ipsa
3102 5200 3394 5263 mamillas
3423 5217 3560 5264 om-

1903 5296 2043 5356 nino
2085 5289 2457 5372 abscidisset,
2493 5289 2882 5353 diuturnitate
2921 5289 3200 5372 supplicii
3231 5291 3562 5369 graviorem

1903 5401 2142 5446 sensum
2178 5381 2232 5443 ei
2284 5379 2508 5444 doloris
2540 5379 2820 5443 all‘erens.
2855 5383 3002 5445 Cum
3039 5381 3152 5442 hoc
3198 5389 3401 5444 autem
3435 5381 3563 5444 fac-

1905 5484 2027 5536 tum
2079 5478 2259 5547 esset,
2290 5467 2394 5532 ubi
2425 5469 2577 5532 vidit
2606 5469 2740 5533 illas
2785 5470 3212 5535 miserabiliter
3242 5468 3560 5549 abscissae,

1906 5562 2153 5629 immitis
2204 5560 2307 5623 ille
2361 5567 2421 5622 et
2464 5559 2555 5624 vel
2608 5560 2755 5642 ipsis
2813 5562 2954 5626 feris
3004 5559 3344 5637 immanior,
3380 5561 3564 5628 veluti

3089 5668 3161 5735 10
