3918 6138
426 215 545 302 2‘99

1737 227 2025 297 MENSIS
2064 227 2509 297 NOVEMBER.

3659 225 3766 297 300

426 389 557 435 rem
608 371 799 434 levem
834 365 1177 442 arbitratus,
1213 363 1370 448 quod
1401 371 1628 447 spectat
1655 365 1730 428 ad
1782 366 2004 429 dolorei

2170 371 2192 425 ὁ
2273 369 2486 436 ἀπηνὴς
2563 367 2767 434 ἐκεῖνος
2837 367 2924 424 καὶ
3009 366 3201 446 θηρίων
3268 365 3526 446 ὠμότερος
3595 378 3769 451 κοῦφον

427 463 610 524 intert
634 459 830 523 adhuc
853 459 1204 538 graviorem,
1233 465 1294 519 et
1326 455 1672 536 pronuntiat
1692 457 2079 533 sententiam,

429 560 496 612 ut
558 551 688 631 ejus
743 556 919 630 caput
976 553 1314 627 amputetur
1345 544 1562 625 gladio.
1603 546 1870 626 Augusta
1913 565 2078 624 ergo,

430 639 690 704 libenter
711 647 957 719 accepta
982 634 1296 716 sententia,
1327 636 1458 698 lzeta
1487 635 1632 696 dixit
1657 639 1930 716 martyri;
1966 634 2086 698 Ora

429 749 539 813 pro
593 749 710 792 me.
767 727 873 790 Illa
929 745 1118 789 vero:
1173 725 1360 802 Vade,
1425 727 1637 806 inquit,
1683 726 1740 786 in
1801 744 1966 806 pace,
2022 725 2084 786 in

432 829 723 882 aeternum
779 819 939 881 enim
973 815 1251 894 regnabis
1309 835 1442 879 cum
1477 813 1736 878 Christo.
1775 817 1964 896 Atque
1996 814 2084 878 illi

434 909 676 990 quidem
721 911 894 990 jussu
927 907 1300 986 imperatoris
1331 913 1670 986 amputatur
1713 913 1890 986 caput
1920 915 2085 967 extra

435 998 731 1060 civitatem
753 998 1037 1060 vicesimo
1052 995 1222 1056 tertio
1237 993 1736 1058 Novembris.Sed
1757 1013 1952 1074 neque
1966 995 2082 1056 dux

435 1087 732 1150 exercitus
785 1085 1110 1166 Porphyrio
1174 1091 1232 1146 et
1271 1085 1372 1166 qui
1431 1103 1564 1146 cum
1618 1103 1688 1147 eo
1748 1094 1938 1160 erant,
1971 1085 2084 1147 hoc

434 1178 674 1239 beatum
710 1176 826 1238 iter
854 1176 1254 1238 deseruerunt
1287 1197 1303 1253 ;
1354 1177 1458 1238 sed
1493 1175 1790 1257 quomodo
1819 1176 1940 1237 illic
1971 1181 2085 1238 Au-

434 1273 623 1346 gustae
649 1265 834 1328 duces
887 1265 1129 1327 fuerunt
1155 1265 1228 1326 ad
1283 1273 1619 1347 martyrem,
1654 1267 1733 1327 ita
1777 1267 1953 1328 etiam
1988 1273 2082 1348 pie

405 1355 630 1419 secuti
681 1366 819 1418 sunt
850 1373 982 1418 eam
1017 1353 1330 1417 abeuntem
1363 1356 1435 1416 ad
1469 1374 1845 1417 communem
1878 1356 2083 1418 Domi-

433 1465 604 1508 num.
640 1443 784 1508 Nam
823 1463 957 1507 cum
989 1443 1104 1525 ipsi
1135 1463 1372 1525 quoque
1431 1463 1496 1506 se
1523 1445 1814 1508 stilissent
1846 1465 1948 1525 pro
1985 1446 2087 1507 tri-

434 1535 637 1597 bunali
667 1553 681 1597 :
736 1535 861 1614 Ego
893 1553 1127 1615 quoque
1183 1553 1311 1595 sum
1346 1533 1740 1610 Christianus,
1773 1534 1921 1596 dixit
1949 1534 2086 1597 Por-

434 1626 666 1706 phyrio.
707 1625 822 1688 Sed
849 1623 912 1685 hi
942 1641 1200 1704 quoque,
1229 1625 1326 1704 qui
1358 1632 1501 1687 sunt
1527 1641 1784 1702 mecum,
1816 1634 1954 1688 sunt
1984 1626 2082 1686 in-

2163 457 2341 536 ὥσπερ
2401 459 2472 519 εἰς
2533 454 2720 524 ὀδύνης
2762 456 2923 535 λόγον
2956 457 3017 513 τὸ
3076 463 3296 534 πρᾶγμα
3339 458 3547 532 νομίσας
3604 459 3773 540 ἐπάγει

2164 546 2258 604 καῖ
2311 549 2373 603 τὸ
2415 548 2721 626 βαρύτερον,
2781 547 2866 603 καὶ
2927 545 3305 626 ἀποτμηθῆναι
3363 545 3444 605 διὰ
3499 545 3658 626 ξιφους
3697 551 3776 606 καὶ

2163 638 2262 704 τὴν
2319 635 2556 717 κεφαλὴν
2607 636 2771 702 αύτῆς
2828 635 3192 713 ἀποφαίνεται.
3257 625 3318 691 Ἠ
3375 635 3632 714 Αύγούστα
3673 644 3778 694 τοί-

2166 750 2253 785 νυν
2316 725 2557 801 ἀσμένως
2631 726 2726 794 τὴν
2784 724 3052 806 ἀπόφασιν
3107 722 3383 801 δεξαμένη,
3458 725 3602 792 Εὖξαι
3664 727 3779 806 ὑπὲρ

2167 817 2316 892 ἐμοῦ,
2378 817 2510 895 πρὸς
2575 816 2676 882 τὴν
2749 815 2986 891 μάρτυρα
3062 815 3198 890 μετὰ
3267 815 3598 894 περιχαρείας
3663 816 3776 896 ἔφη.

2169 898 2232 963 (Η
2293 904 2368 981 δὲ,
2422 906 2674 984 Πορεύου,
2725 906 2906 983 φησὶν,
2967 905 3022 960 ἐν
3077 905 3280 983 εἰρήνῃ·
3342 902 3409 960 δι’
3463 907 3638 969 αἰῶνος
3691 908 3781 984 γὰρ

2166 993 2604 1071 συμϐασιλεύσεις
2680 999 2912 1070 Χριστῷ.
2968 993 3178 1061 Ἐκείνη
3246 993 3343 1068 μὶν
3413 993 3471 1050 οὗ
3532 996 3662 1051 κατὰ
3725 997 3780 1051 τὸ

2167 1085 2260 1144 τοῦ
2307 1083 2564 1161 βασιλέως
2597 1084 2917 1161 πρόσταγμα
2970 1083 3072 1151 τὴν
3122 1082 3356 1162 κεφαλὴν
3416 1083 3510 1151 ἔξω
3561 1089 3653 1151 τῆς
3685 1073 3780 1140 πό-

2169 1175 2305 1239 λεως
2365 1174 2719 1250 ἀποτέμνεται
2773 1174 2921 1252 τρίτῃ
2975 1175 3064 1231 καὶ
3134 1172 3297 1230 εἰκάδι
3368 1181 3458 1232 τοῦ
3515 1173 3781 1254 Νοεμϐρίου

2171 1266 2360 1342 μηνός.
2431 1254 2484 1322 Ὀ
2537 1263 2592 1320 δὲ
2625 1264 2926 1344 Πορφυρίων
2989 1265 3016 1320 6
3071 1261 3440 1341 στρατηλάτης
3483 1264 3571 1320 καί
3605 1266 3648 1320 οἱ
3701 1265 3780 1320 σὺν

2170 1355 2312 1427 αὐτῷ
2381 1359 2477 1420 τῆς
2553 1353 2813 1431 μακαρίας
2888 1353 3082 1420 ταύτης
3144 1353 3359 1432 πορείας
3410 1351 3784 1428 ἆπολιμπανον-

2169 1463 2280 1500 ταιο
2341 1441 2460 1499 ἀλλ’
2513 1443 2694 1522 ὥσπερ
2757 1443 2873 1499 ἐκεῖ
2938 1449 3037 1520 τῇς
3096 1442 3182 1500 ἐπὶ
3249 1444 3350 1510 τὴν
3402 1443 3624 1521 μάρτυρα
3679 1441 3786 1500 ὁδοῦ

2170 1532 2546 1612 προηγήσαντο
2626 1539 2694 1608 τῇ
2777 1533 3076 1611 Αύγούστῃ,
3147 1532 3286 1589 οὕτω
3353 1534 3604 1590 κάνταῦθα
3669 1535 3784 1611 πρὸς

2170 1626 2260 1681 τὸν
2318 1625 2495 1681 κοινὸν
2543 1623 2773 1700 ἀπιούσῃ
2833 1623 3109 1690 Δεσπότην
3170 1622 3425 1702 φιλοθὲως
3467 1625 3784 1701 παρείποντο.

438 1715 625 1793 signis
655 1713 726 1776 ad
759 1716 948 1777 Deum
982 1713 1270 1775 adductus
1303 1720 1621 1776 exercitus.
1651 1713 1775 1776 Hoc
1807 1732 1924 1777 non
1950 1735 2004 1776 sc

2172 1713 2540 1792 Παραστοίντες
2601 1714 2700 1792 γὰρ
2756 1713 2943 1775 εὐθέως
3002 1715 3089 1769 καὶ
3138 1713 3292 1795 ἀὐτοὶ
3363 1713 3519 1790 μέσον
3573 1713 3653 1770 ἐπὶ
3707 1723 3789 1771 τοῦ

438 1805 614 1866 tinuit
667 1803 908 1866 audisse
955 1804 1285 1866 Maxentius
1316 1805 1755 1885 [Maximinus],
1791 1805 1894 1866 sed
1949 1824 2004 1868 ci

2170 1805 2440 1880 βήματος,
2505 1803 2666 1879 Κάγὼ
2716 1804 3026 1882 Χριστιανός
3078 1803 3210 1882 εἰμι,
3242 1801 3343 1882 ἔφη
3398 1807 3425 1860 6
3482 1804 3786 1883 Πορφυρίων,

439 1911 510 1955 ex
561 1891 853 1973 profundo
912 1909 1014 1953 cor
1062 1893 1390 1970 ejulasset:
1451 1893 1630 1974 Perii,
1679 1895 1894 1974 inquit,
1949 1913 2082 1956 cum

436 1980 808 2064 perdiderim
867 1979 1280 2043 admirabilem
1341 1981 1529 2044 virum
1589 1981 2082 2064 Porphyrionem,

440 2071 658 2133 deinde
690 2071 868 2133 etiam
902 2089 1224 2133 conversus
1251 2071 1324 2132 ad
1357 2089 1496 2134 suos
1529 2071 1744 2134 milites
1779 2093 1791 2134 :
1829 2072 1949 2135 Vos
1986 2091 2087 2134 au-

439 2168 587 2242 tem,
619 2161 832 2242 inquit,
865 2178 1118 2241 quanam
1173 2159 1248 2222 de
1278 2178 1454 2222 causa
1505 2159 1650 2223 deos
1707 2161 1932 2242 patrios
1982 2163 2089 2222 ha.

440 2249 654 2312 buistis
681 2249 1097 2330 contemptui?
1146 2251 1293 2316 Cum
1326 2250 1409 2310 illi
1453 2269 1592 2314 vero
1647 2251 1796 2313 nihil
1848 2269 2092 2332 respon-

446 2339 694 2416 dissent,
731 2340 1094 2420 Porphyrio:
1132 2338 1250 2401 Cur
1269 2338 1538 2421 dimisso,
1571 2340 1782 2421 inquit,
1809 2341 2022 2422 capite,
2055 2358 2088 2400 ο

445 2431 789 2510 imperator,
826 2429 1010 2510 pedes
1056 2429 1387 2510 interrogas
1410 2436 1438 2492 ?
1469 2431 1574 2493 Est
1604 2431 1708 2491 tibi
1741 2449 1972 2492 mecum
2007 2430 2088 2491 lo-

447 2519 774 2601 quendum.
805 2519 914 2582 Ille
936 2525 1172 2582 autem:
1209 2519 1450 2594 Malum,
1471 2519 1684 2599 inquit,
1713 2530 1910 2600 caput,
1939 2529 1997 2581 tu
2031 2537 2093 2582 es

444 2628 652 2671 eorum
708 2613 922 2689 caput?
973 2618 1196 2671 etcum
1227 2627 1363 2670 eum
1396 2608 1565 2688 plura
1595 2609 1758 2688 loqui
1802 2629 1917 2670 non
1954 2627 2092 2688 pero

447 2699 708 2760 misisset
737 2699 926 2771 furor,
953 2715 1054 2759 eos
1085 2715 1329 2774 quoque
1351 2697 1548 2759 statim
1583 2706 1774 2760 morte
1803 2700 2093 2761 condem-

447 2796 634 2849 natet
667 2787 774 2866 ipsi
801 2802 1036 2867 quoque
1067 2795 1559 2848 consummantur
1581 2787 1860 2849 vicesimo
1884 2798 2092 2870 quarto

442 2874 820 2955 Novembris,
855 2875 1256 2956 etl'ectumque
1300 2885 1572 2939 assecuta
1625 2886 1714 2938 est
1763 2880 2088 2960 prmdictio,

2167 1893 2302 1951 ἀλλά
2357 1893 2449 1950 καί
2483 1895 2530 1950 οἱ
2587 1893 2678 1948 σὺν
2736 1893 2858 1968 ἐμοὶ
2904 1892 3071 1972 οὗτοι,
3110 1895 3332 1970 στρατὸς
3389 1893 3667 1968 ἐπίσημοςο
3722 1900 3788 1966 τῷ

2171 1985 2284 2058 Θεῷ
2335 1982 2758 2060 προσογόμενος.
2823 1983 3030 2048 Ταύτην
3089 1983 3184 2040 οὐκ
3242 1981 3433 2060 ἤνεγκε
3490 1983 3583 2050 τὴν
3637 1983 3789 2049 ἀκοὴν

2171 2075 2198 2130 6
2258 2075 2568 2148 Μαξέντιος,
2602 2073 2738 2130 ἀλλά
2797 2075 2927 2150 βαθύ
2977 2096 3025 2130 τι
3088 2076 3176 2131 καὶ
3219 2074 3329 2131 ἀπὸ
3383 2072 3589 2152 καρδίας
3641 2075 3788 2139 αὐτῆς

2171 2163 2488 2240 ἀνοιμώξας,
2550 2163 2860 2243 Ἀπόλωλα,
2921 2163 3046 2243 ἔφη,
3119 2165 3208 2220 τὸν
3287 2165 3584 2240 θαυμαστὸν
3649 2160 3788 2240 ἄνδρα

2170 2255 2452 2329 ζημιωθεὶς
2511 2258 2872 2332 Πορφυρίωνα.
2947 2253 3107 2310 Ἐἶτα
3177 2255 3264 2309 καὶ
3341 2255 3466 2332 πρὸς
3531 2253 3646 2317 τοὺς
3710 2252 3788 2307 σὺν

2173 2345 2315 2417 αὒτῷ
2369 2342 2692 2421 στρατιώτας
2749 2342 3104 2420 ἐπιστραφεὶς,
3163 2332 3351 2418 ἰ’μεϊς
3399 2340 3454 2398 δὲ
3508 2343 3556 2399 τί
3608 2342 3788 2398 παθόν-

2171 2454 2259 2496 τες
2311 2433 2605 2501 ἡθετήκατε
2659 2431 2780 2494 τοὺς
2833 2432 3104 2509 πατρῴους
3163 2432 3361 2506 θεούς;
3418 2433 3563 2494 εἶπε.
3596 2438 3702 2489 Τῶν
3744 2427 3790 2484 δὲ

2177 2520 2343 2598 μηδὲν
2401 2521 2860 2601 ἀποκριναμένων,
2907 2523 2934 2576 6
2993 2521 3322 2601 Πορφυρίων
3386 2523 3444 2579 Τί
3495 2521 3588 2588 τὴν
3642 2541 3792 2599 κεφα-

2175 2611 2274 2679 λὴν
2328 2611 2502 2691 ἀφεὶς,
2555 2611 2600 2668 ὦ
2657 2610 2896 2687 βασιλεῦ,
2931 2612 3052 2675 τοὺς
3111 2609 3272 2677 πόδας
3332 2612 3594 2689 ἐπερωτᾷς
3623 2632 3638 2682 ;
3672 2611 3791 2687 Πρὸς

2177 2701 2272 2776 ἐμέ
2324 2722 2404 2756 σοι
2459 2704 2484 2756 δ
2545 2699 2722 2778 λόγος.
2782 2701 2842 2757 '0
2901 2699 2981 2775 δὲ,
3034 2700 3211 2780 Κακὴ,
3273 2703 3425 2781 φησὶ,
3465 2698 3682 2780 κεφαλὴ,
3737 2700 3790 2754 σὺ

2177 2790 2349 2846 αὐτῶν
2401 2790 2457 2846 εἴ
2523 2788 2753 2869 κεφαλή.
2819 2789 2924 2847 Καῖ
2976 2787 3122 2846 οὐδὲν
3197 2789 3509 2869 φθελξασθαί
3552 2813 3599 2846 τι
3651 2788 3790 2846 πλέον

2175 2881 2275 2937 ὑπὸ
2331 2885 2427 2946 τῆς
2485 2880 2676 2954 μανίας
2748 2879 3147 2958 συγχωρηθεῖς,
3203 2881 3426 2938 θάνατον
3485 2880 3663 2942 εὐθέως
3714 2879 3789 2934 καὶ

446 2985 622 3047 quam
663 2973 882 3046 martyr
934 2965 1286 3046 praedixerat
1327 2965 1696 3048 imperatori,
1727 2988 1862 3030 cum
1897 2970 2004 3031 dixi

2175 2967 2345 3028 αὐτῶν
2413 2970 2736 3044 κατακρίνει,
2797 2971 2886 3025 γαὶ
2926 2967 3276 3044 τελειοῦνται,
3332 2971 3404 3034 εἰς
3467 2970 3562 3037 τὴν
3628 2969 3787 3026 ἐπιοῦο

443 3054 607 3118 Multi
635 3071 704 3116 ex
737 3061 835 3115 tuo
863 3053 1077 3134 palatio
1108 3053 1229 3116 Deo
1264 3073 1370 3136 per
1401 3075 1493 3117 me
1522 3057 1787 3119 credent.

2175 3081 2271 3116 σαν
2318 3059 2406 3115 καὶ
2457 3061 2623 3136 οὗτοι,
2658 3059 2914 3137 τετάρτην
2969 3058 3062 3114 ἐπὶ
3095 3056 3260 3116 εἰκάδι
3302 3068 3396 3117 τοῦ
3439 3063 3592 3119 αὐτοῦ
3639 3057 3788 3133 μηνὸς

443 3148 686 3226 ἄγοντος,
751 3144 910 3223 πέρας
973 3147 1233 3202 κάνταῦθα
1289 3151 1387 3213 τῆς
1444 3149 1782 3226 προρρήσεως
1840 3146 2127 3226 δεξαμένης
2185 3149 2250 3216 ἠν
2309 3151 2343 3218 ἡ
2402 3149 2598 3228 μάρτυς
2656 3153 2733 3222 τῷ
2785 3147 3010 3225 [βασιλεῖ
3067 3151 3424 3228 προειπήκει,
3483 3149 3560 3205 ὅτι
3615 3145 3790 3204 Πολλοὶ

438 3239 532 3294 τοῦ
561 3241 655 3292 σοῦ
683 3233 940 3292 παλατίου
970 3236 1302 3293 πιστεύσουσι
1333 3234 1400 3291 δι’
1433 3238 1563 3312 ἐμοῦ
1589 3245 1666 3311 τῷ
1696 3246 1924 3316 Χριστῷ.

521 3323 674 3387 XXI.
709 3323 817 3385 Ille
843 3331 1038 3386 autem
1070 3343 1205 3386 cum
1255 3343 1470 3388 rursus
1497 3326 1727 3388 beatam
1758 3327 2085 3390 sistendam

445 3421 718 3479 curasset
746 3413 1166 3490 Ecaterinam,
1193 3423 1250 3477 et
1282 3415 1343 3476 in
1373 3433 1503 3477 eam
1536 3435 1774 3478 omnem
1809 3418 2089 3479 movisset

435 3503 906 3585 improbitatem,
936 3512 994 3564 et
1024 3503 1172 3565 nihil
1221 3523 1338 3566 non
1371 3513 1528 3568 esset
1559 3507 1951 3584 machinatus,
1987 3501 2088 3570 ubi

435 3613 548 3658 nec
573 3593 902 3675 promissis,
937 3611 1050 3654 nec
1075 3593 1254 3656 minis
1285 3613 1414 3658 eam
1449 3596 1692 3659 omnino
1723 3598 1872 3661 vidit
1913 3617 2087 3679 posse

440 3682 787 3764 expugnari,
809 3682 984 3761 jubet
1019 3682 1206 3763 ipsam
1253 3704 1488 3766 quoque
1530 3685 1666 3748 duci
1704 3687 1774 3750 ad
1809 3696 2083 3750 mortem.

437 3774 585 3836 Cum
629 3791 768 3852 ergo
796 3791 925 3834 eam
981 3774 1340 3854 accipientes
1386 3776 1604 3838 milites
1658 3778 2002 3841 eduxissent
2055 3797 2087 3840 e

437 3865 696 3939 civitate,
727 3871 786 3923 et
815 3862 1124 3926 duxissent
1164 3865 1236 3926 ad
1271 3865 1468 3928 locum
1517 3869 1804 3950 martyrii,
1837 3869 2088 3932 circum-

438 3953 658 4015 sistens
691 3969 901 4030 magna
949 3953 1288 4031 multitudo,
1325 3955 1582 4018 maxime
1623 3965 1820 4020 autem
1876 3960 2090 4020 mulie-

437 4060 598 4118 rum,
635 4058 763 4121 quaa
817 4048 987 4103 erant
1019 4042 1192 4105 clarae
1243 4052 1301 4106 et
1347 4045 1632 4125 insignes,
1666 4047 1881 4110 acerbe
1925 4049 2090 4128 plan-

439 4129 660 4211 gebant
712 4137 771 4190 et
828 4129 1322 4212 lamentabantur,
1379 4144 1440 4197 et
1493 4137 1773 4216 lugebant
1813 4140 2086 4200 ultimum

435 4221 604 4283 illum
653 4218 990 4284 decessum.
1013 4220 1120 4282 Illa
1149 4231 1345 4285 autem
1379 4224 1542 4285 vultu
1573 4228 1870 4287 constanti
1900 4236 1961 4290 et
1990 4245 2091 4288 ne-

439 4329 737 4392 quaquam
797 4312 1116 4390 perterrito
1150 4313 1296 4393 petit
1349 4321 1585 4394 tempus
1613 4315 1684 4376 ad
1733 4316 2082 4378 orationem.

438 4401 606 4472 Quod
637 4401 692 4462 ei
722 4401 1056 4462 concedunt
1087 4402 1336 4464 milites.
1391 4403 1496 4463 Illa
1528 4422 1664 4466 vero
1699 4423 1833 4468 cum
1877 4415 1934 4468 et
1963 4425 2084 4467 ma-

437 4507 553 4552 nus
595 4499 654 4550 et
681 4490 944 4551 animum
980 4491 1054 4551 ad
1085 4490 1272 4552 ccelos
1322 4493 1684 4569 sustulisset,
1719 4496 1907 4557 dixit:
1961 4496 2083 4559 Do-

2254 3327 2384 3391 KA'.
2447 3325 2507 3385 ’0
2555 3325 2632 3403 δὲ,
2680 3328 2776 3396 τὴν
2834 3331 3094 3408 μακαρίαν
3141 3330 3230 3387 καὶ
3275 3331 3421 3396 αὖθις
3479 3328 3788 3408 Αἰκαττρίναν

2169 3419 2676 3497 παραστησάμενος,
2751 3419 2838 3474 καὶ
2914 3425 3088 3475 πᾶσαν
3161 3421 3323 3477 αὐτοῦ
3391 3422 3489 3488 τὴν
3557 3419 3788 3496 πονηρίαν

2169 3509 2393 3579 κιτήσας
2454 3508 2542 3564 καὶ
2581 3506 2696 3566 οὐδὲ
2754 3515 2880 3595 μιᾶς
2936 3513 3200 3589 μηχανῆς
3261 3511 3656 3591 ἀποσχόμενος,
3687 3508 3788 3565 ἐπεὶ

2171 3597 2441 3654 ἀνσίλωτον
2535 3597 2838 3655 παντάπασι
2929 3599 3016 3654 καὶ
3097 3601 3454 3681 ὑποσχέσεσιν
3525 3601 3627 3657 εἶδε
3712 3597 3790 3653 καὶ

2169 3687 2441 3763 ἀπειλαῖς,
2477 3688 2574 3754 τὴν
2608 3687 2694 3745 ἐπὶ
2723 3689 2930 3764 θανάτῳ
2987 3690 3075 3745 καὶ
3106 3691 3270 3758 αὐτὴν
3303 3691 3532 3770 ἀχθῆναι
3585 3687 3785 3747 κελεύει.

2171 3777 2264 3843 Ὠς
2322 3779 2410 3835 οὖν
2468 3781 2513 3834 οἱ
2584 3785 2901 3856 στρατιῶται
2968 3780 3168 3847 ταύτην
3241 3778 3632 3858 παραλαϐόντες
3695 3775 3789 3842 ἐξέ-

2168 3865 2329 3924 ϐαλόν
2387 3890 2444 3924 τε
2511 3867 2607 3935 τῆς
2667 3867 2876 3932 πόλεως
2931 3869 3018 3927 καὶ
3089 3870 3162 3934 εἰς
3220 3871 3312 3927 τὸν
3371 3876 3470 3937 τῆς
3530 3866 3789 3948 μαρτυρίας

2171 3957 2376 4036 ἤγαγον
2430 3957 2617 4038 τόπον,
2649 3956 2852 4025 πλῆθος
2909 3958 3074 4026 αὑτὴν
3124 3957 3260 4016 πολὺ
3313 3961 3667 4040 περιστάντες,
3693 3955 3790 4032 μεί-

2172 4046 2325 4105 λιστα
2381 4048 2435 4104 δὲ
2467 4055 2729 4127 γυναικῶν
2788 4047 2911 4107 ὅσον
2968 4047 3218 4129 ἐπιφανὲς
3278 4051 3348 4118 ἦν
3375 4050 3470 4107 καί
3527 4049 3788 4124 ἐπίσημον,

2173 4137 2460 4196 ἐκόπτοντο
2556 4142 2759 4216 πικρῶς
2785 4185 2801 4216 ,
2875 4136 3210 4218 ὠλοφύροντο
3239 4186 3255 4218 ,
3334 4141 3432 4208 τὴν
3513 4135 3787 4196 τελευταίαν

2173 4228 2377 4296 ἐκείνην
2433 4226 2687 4304 ἐκδημίαν
2745 4227 3012 4291 ἐπένθουν,
3051 4225 3116 4284 Ἠ
3168 4227 3246 4303 δὲ,
3281 4229 3399 4305 μεθ’
3447 4231 3617 4309 ὑγιοῦς
3669 4225 3789 4284 πάνυ

2171 4319 2266 4375 καί
2322 4319 2594 4398 ἀταράχου
2649 4317 2746 4385 τῆς
2811 4318 3204 4394 καταστάσεως,
3239 4321 3426 4398 καιρὸν
3455 4321 3528 4384 εἰς
3582 4337 3788 4397 προσευ-

2170 4409 2281 4489 χὴν
2337 4409 2501 4487 αἰτεῖ,
2531 4407 2625 4464 καὶ
2676 4405 2870 4465 διδοῦσι
2919 4409 3015 4476 τὴν
3046 4409 3206 4488 χάριν
3253 4410 3302 4466 οἱ
3353 4410 3682 4489 στρατιῶται,
3712 4405 3786 4462 καὶ

2167 4511 2360 4578 χεῖρας
2434 4497 2544 4573 ἅμα
2613 4499 2700 4554 καὶ
2771 4497 2954 4578 ψυχὴν
3021 4500 3094 4561 εἰς
3166 4501 3417 4575 ούρανοὺς
3475 4499 3781 4578 ἀνασχοῦσα,

436 4579 599 4642 mine
629 4578 772 4641 Jesu
808 4579 1085 4669 Christe,
1119 4579 1277 4642 Deus
1311 4600 1502 4657 meus,
1541 4601 1649 4664 ago
1680 4585 1787 4646 tibi
1835 4588 2004 4665 gratia

2170 4589 2316 4666 Κύριε
2375 4587 2550 4655 ἰησόῦ
2603 4586 2794 4663 Χριστέ
2853 4590 2881 4643 6
2923 4588 3052 4652 Θεός
3123 4587 3246 4665 μὸυ,
3313 4588 3436 4669 ἔφη,
3501 4593 3783 4668 εὐχαριστῶ

439 4667 900 4760 quod-statuisti
942 4685 1120 4748 supra
1169 4677 1395 4760 petram
1431 4672 1612 4752 pedes
1663 4693 1849 4760 meos,
1883 4685 1940 4760 e_t
1983 4677 2080 4739 di-

434 4755 644 4812 rexisti
701 4766 940 4828 gressus
972 4767 1159 4826 meos,
1192 4759 1250 4814 et
1305 4770 1462 4813 nunc
1518 4755 1768 4819 extende
1830 4755 2074 4835 palmas,

436 4858 566 4922 quae
600 4857 705 4920 pro
736 4857 832 4900 me
861 4839 922 4900 in
949 4857 1128 4902 cruce
1148 4841 1387 4902 {uerunt
1416 4844 1718 4926 sauciatae,
1754 4857 1814 4906 et
1843 4847 2078 4926 suscipe

431 4931 718 5010 animam,
749 4947 923 5010 quam
972 4929 1301 5006 sacriﬁcavi
1350 4949 1455 5013 pro
1501 4940 1558 4996 te
1611 4944 1669 4996 et
1698 4943 1794 4997 tua
1851 4935 2078 4998 confes-

433 5020 630 5084 sione.
678 5018 996 5094 Memento,
1047 5019 1319 5098 Domine,
1364 5022 1521 5102 quod
1572 5042 1778 5086 sumus
1825 5043 1962 5087 caro
2024 5030 2083 5087 et

428 5113 692 5189 sanguis,
728 5115 884 5172 etne
916 5112 1240 5190 permittas,
1275 5120 1359 5188 ut,
1391 5131 1520 5194 quae
1544 5131 1578 5174 a
1610 5132 1704 5174 me
1734 5113 1885 5175 facta
1938 5113 2080 5176 sunt

429 5218 541 5280 per
565 5199 982 5277 ignorantiam,
1015 5199 1074 5262 in
1129 5215 1402 5282 apertum
1438 5204 1742 5284 proferant
1772 5221 1940 5266 acres
1986 5223 2077 5266 re-

427 5307 564 5351 rum
598 5297 937 5351 nostrarum
970 5294 1406 5354 examinatores
1436 5302 1572 5355 ante
1607 5302 1769 5357 tuum
1804 5295 2073 5357 terribile

429 5386 489 5441 et
517 5380 925 5459 incorruptum
961 5379 1217 5442 tribunal
1245 5400 1258 5443 :
1315 5384 1422 5443 sed
1449 5402 1627 5463 quem
1659 5403 1764 5465 pro
1797 5393 1856 5446 te
1889 5385 2072 5447 etl‘udi

424 5469 803 5546 sanguinem,
856 5486 958 5530 eos
989 5487 1153 5531 meas
1207 5472 1470 5533 maculas
1502 5473 1704 5536 ablue.
1738 5473 1822 5535 Da
1873 5484 2069 5537 autem

2161 4698 2244 4734 σοι
2339 4676 2420 4734 ὅτι
2497 4677 2726 4745 ’ἐστησας
2811 4677 2898 4734 ἐπὶ
2968 4676 3165 4756 πέτραν
3243 4680 3368 4745 τοὺς
3442 4676 3600 4742 πόδας
3665 4699 3774 4753 μου,

2160 4766 2256 4822 καί
2325 4767 2639 4830 κατεύθυνας
2717 4767 2781 4823 τὰ
2851 4764 3158 4844 διαϐήματά
3216 4790 3347 4848 μου,
3405 4769 3493 4826 καὶ
3561 4773 3646 4825 νῦν
3703 4766 3784 4821 ἕκ-

2158 4857 2329 4913 τεινόν
2428 4880 2521 4913 σου
2622 4858 2720 4920 τὰς
2832 4857 2964 4936 ὖπὲρ
3072 4859 3227 4933 ἡμῶν
3339 4855 3784 4936 τραυματισθείσας

2165 4949 2372 5026 σταυρῷ
2428 4945 2703 5026 παλάμας,
2734 4947 2821 5003 καὶ
2870 4944 3007 5011 δέξαι
3059 4948 3157 5015 τὴν
3200 4947 3386 5027 ψυχὴν
3418 4946 3485 5015 ἢν
3538 4946 3661 5022 ὑπὲρ
3705 4949 3786 5000 σοῦ

2163 5037 2251 5092 καὶ
2307 5041 2406 5103 τῆς
2453 5036 2550 5104 σῆς
2609 5035 2896 5114 ὁμολογίας
2949 5036 3232 5102 κατέθυσα,
3293 5038 3592 5111 Μνήσθητι,
3627 5035 3785 5113 Κύριε,

2161 5123 2244 5182 ὅτι
2296 5124 2420 5202 σὰρξ
2469 5127 2554 5181 καὶ
2607 5126 2746 5200 αἷμά
2791 5126 2974 5202 ἐσμεν,
3007 5126 3097 5182 καὶ
3146 5126 3224 5193 μὴ
3276 5123 3382 5200 δῷς
3431 5127 3495 5182 τά
3544 5126 3597 5181 ἐν
3626 5125 3787 5203 ἀγνοίᾳ

2159 5237 2250 5290 μοι
2293 5213 2640 5293 πεπραγμένα
2699 5227 2819 5278 τοῖς
2878 5213 3072 5280 δεινοῖς
3123 5221 3228 5272 τῶν
3287 5216 3562 5294 ἡμετέρων
3617 5213 3782 5280 iisu-

2157 5317 2310 5370 σταῖς
2377 5302 2763 5361 ἀνακαλύπτειν
2834 5306 2923 5362 ὲπί
2989 5312 3083 5362 τοῦ
3165 5303 3390 5385 φοϐεροῦ
3457 5308 3543 5363 καὶ
3608 5299 3783 5360 ἀδεκά-

2156 5415 2281 5451 στου
2337 5416 2431 5452 σου
2479 5395 2740 5471 βήματοςο
2775 5393 2894 5451 ἀλλ’
2954 5395 3044 5459 οἷς
3101 5393 3237 5470 ὑπὲρ
3280 5403 3376 5452 σοῦ
3431 5394 3638 5476 ἐξέχεον
3693 5390 3781 5449 α’ί-

2156 5506 2307 5564 μασι,
2342 5487 2547 5548 τούνοις
2606 5485 2701 5549 τὰς
2753 5484 2884 5562 ἐμάς
2931 5481 3173 5562 κηλίδας,
3205 5484 3532 5547 ἁπόπλυνον.
3584 5486 3679 5547 Δὸς
3727 5478 3775 5536 δὲ

427 5567 495 5632 ut
541 5559 654 5623 hoc
689 5577 886 5622 meum
945 5576 1186 5646 corpus,
1217 5561 1373 5644 quod
1415 5579 1520 5644 pro
1563 5569 1619 5625 te
1669 5562 1780 5626 iuit
1809 5565 2004 5627 consci

2170 5578 2249 5634 u‘t
2291 5559 2368 5639 ⁷τὸ
2423 5575 2553 5660 ὑπὲρ
2595 5581 2689 5636 σοῦ
2747 5559 3047 5637 κατακοπὲν
3083 5559 3236 5636 τοῦτο
3295 5575 3453 5660 σῶμά
3491 5596 3593 5659 μου
3637 5569 3776 5666 ’τινές
