3918 6138
160 220 251 297 301

1301 223 1774 296 MARTYRIUM
1817 230 1876 298 S.
1923 225 2325 296 BARBABIE.

3384 219 3505 303 302

159 369 258 423 σθαι
321 376 436 428 τοῖς
500 363 744 434 ζητοῦσιν
826 363 1068 440 ἀθέατον,
1151 363 1187 440 ᾗ
1259 365 1527 441 οἰκονομίᾳ
1612 364 1760 432 οἶδας

1930 384 2002 440 rn,
2036 381 2154 426 non
2188 360 2379 443 possit
2426 358 2614 442 aspici
2673 357 2746 422 ab
2811 359 2884 424 iis
2940 361 3047 443 qui
3095 373 3411 445 quaerunt:
3444 374 3506 432 et

157 456 312 526 αὐτὸς,
387 456 414 510 ὁ
483 451 687 518 πλάσας
762 453 1064 530 καταμόνας
1128 456 1222 519 τὰς
1293 453 1506 536 καρδίας
1585 456 1762 530 ημῶν,

161 543 449 618 Ἐπίϐλεψον
505 541 556 609 ἐξ
609 543 772 618 ὕψους
830 545 980 622 ἁγίου
1038 567 1158 619 σου,
1209 547 1384 625 Κύριε³
1419 546 1506 602 καὶ
1553 545 1645 602 ὲπί
1679 547 1767 602 τὸν

155 641 452 712 περιεστῶτα
536 642 722 692 τοῦτον
801 632 928 690 λαὸν
961 683 977 714 ,
1062 635 1151 691 καὶ
1237 632 1506 714 ὁδήγησον
1577 634 1768 699 αὖτοὺς

157 731 218 798 τῷ
242 724 366 802 φωτὶ
397 727 494 790 τῆς
526 727 627 790 σῆς
658 723 995 801 ἐπιγνώσεως
1029 743 1046 761 ο
1108 721 1245 783 δίδου
1303 721 1358 780 δὲ
1412 725 1497 781 καὶ
1528 737 1643 786 τοῖς
1699 723 1767 780 δι’

157 814 263 889 ipe-'3
316 811 528 870 καλοῦσι
590 814 648 869 τὸ
705 815 796 869 σὸν
854 810 1004 891 ἅγιον
1062 813 1228 887 ὄνομα
1279 815 1343 870 τὰ
1374 816 1502 892 πρὸς
1534 816 1595 870 τὸ
1626 836 1765 890 συμ-

158 904 288 982 φέρον
343 901 632 983 αἰτήματα,
689 902 781 959 ’ίνα
837 900 920 959 διᾶ
989 903 1198 961 πάντων
1269 905 1495 979 ὅμνῆται
1568 905 1634 961 τὰ
1702 905 1769 960 σὰ

159 992 386 1070 μεγαλεῖα
449 999 538 1048 ’.ὧν
593 994 682 1049 καὶ
739 994 810 1058 εἷς
865 994 985 1058 τοὺς
1027 995 1240 1056 αἰῶνας.
1303 1001 1476 1050 Ταῦτα
1535 1014 1765 1071 προσευ-

161 1083 326 1158 ξιμέοη
374 1083 496 1145 τοὺς
567 1083 891 1161 στρατιώτας
952 1096 1126 1140 ποιεῖν
1181 1085 1242 1140 τὸ
1293 1081 1570 1139 κελευσθὲν
1629 1105 1763 1162 προ-

162 1173 372 1252 ετρέπετο
407 1192 422 1208 ·
483 1172 580 1229 καῖ
636 1173 835 1229 τούτων
894 1173 976 1239 εἷς
1032 1173 1093 1229 τὸ
1150 1171 1291 1251 ξίφος
1363 1172 1767 1249 ἀνατεινάμενος

160 1266 238 1327 τὴν
268 1263 520 1340 μακαρία-δ
578 1261 742 1328 αὒτῆς
798 1261 1035 1342 κεφαλὴν
1101 1261 1384 1338 ἀποτέμνει
1457 1261 1544 1319 ἐπὶ
1604 1261 1767 1318 εἰκάδι

161 1361 232 1410 τοῦ
255 1349 540 1431 Νοεμϐρέου
570 1353 739 1425 μηνὸς
772 1351 1012 1428 ἄγοντος.

223 1451 613 1519 Θαυματουργεϊ
643 1440 696 1498 δέ
725 1464 773 1497 τι
821 1442 888 1498 κά
903 1445 1082 1500 οταῦθα
1141 1443 1294 1522 Θεὸς,

159 1539 249 1608 μῶν
273 1530 528 1611 μάρτυρα,
561 1532 649 1588 καὶ
681 1533 773 1595 τὰς
808 1531 1014 1600 ἐκείνης
1057 1531 1200 1611 ἄγων
1232 1534 1302 1597 εἷς
1333 1531 1490 1606 πέρας
1550 1531 1713 1612 εὐχὰς
1748 1548 1761 1562 ⁶

163 1623 270 1701 -ιὰλα
297 1645 346 1678 τε
377 1623 477 1699 γαρ
541 1621 688 1678 εἶδον
743 1624 788 1679 οἱ
850 1624 1106 1701 παρόντες
1164 1621 1280 1698 ῥυὲν
1336 1621 1450 1677 ἀντὶ
1507 1621 1762 1701 σι’ίμοιτος⁷

1333 1442 1431 1509 τὴν
1489 1441 1646 1498 αὐτοῦ
1694 1464 1770 1496 τι-

1851 475 1968 536 qua
1999 451 2368 537 providentia
2429 452 2608 514 ﬁxisti
2663 451 2844 514 corda
2905 463 3127 529 nostra,
3180 456 3384 536 aspice
3433 477 3504 520 ex

1850 546 1967 606 alto
1999 552 2204 608 sancto
2231 553 2358 622 tuo,
2389 541 2664 618 Domine,
2694 543 2764 606 ad
2795 543 2952 605 hunc
2983 544 3294 626 populum,
3327 547 3505 629 quite

1851 635 2262 715 circumsistit,
2299 640 2358 694 et
2385 632 2580 695 deduc
2613 650 2715 694 eos
2749 632 2977 696 lumine
3023 643 3136 697 tua:
3162 635 3502 714 agnitionis.

1852 728 1932 789 Da
1968 733 2164 786 autem
2198 723 2269 784 iis
2300 741 2558 804 quoque,
2595 721 2696 803 qui
2731 741 2840 804 per
2887 742 2982 785 me
3031 727 3302 787 invocant
3358 745 3500 788 san-

1850 823 2009 874 ctum
2041 821 2208 874 tuum
2233 830 2477 886 nomen,
2511 810 2829 891 petitiones
2853 831 2983 892 quae
3005 821 3141 874 sunt
3167 814 3258 876 eis
3280 815 3507 878 condu-

1850 902 2078 975 cibiles,
2109 909 2170 962 ut
2201 918 2306 982 per
2332 900 2534 963 omnia
2559 900 2878 964 laudentur
2906 909 3004 964 tua
3028 903 3319 983 magnalia
3345 924 3504 968 nunc

1853 1000 1907 1054 et
1939 993 1998 1052 in
2032 992 2274 1053 saecula.
2310 989 2456 1052 Cum
2488 992 2570 1053 sic
2607 999 2843 1071 precata
2864 1001 3044 1072 esset,
3071 993 3252 1072 jussit
3283 995 3503 1058 milites

1853 1082 2072 1156 facere,
2097 1080 2254 1160 quod
2280 1079 2471 1142 fuerat
2497 1081 2883 1160 imperatum.
2909 1084 3071 1143 Unus
3095 1091 3288 1146 autem
3317 1104 3387 1148 ex
3411 1087 3501 1149 eis

1851 1171 2051 1232 stricto
2084 1169 2277 1250 gladio
2315 1169 2553 1232 beatum
2587 1170 2713 1249 ejus
2735 1177 2908 1249 caput
2935 1180 3204 1253 amputat
3223 1173 3500 1238 vicesimo

1852 1261 2057 1341 quinto
2092 1259 2313 1321 mensis
2344 1259 2724 1325 Novembris.

1931 1439 2112 1503 Porro
2143 1448 2340 1502 autem
2399 1442 2497 1503 hic
2555 1459 2795 1522 quoque
2856 1441 2996 1504 facit
3049 1440 3209 1506 Deus
3257 1420 3498 1527 aliquod

1853 1532 2230 1610 miraculum,
2268 1531 2569 1592 honorans
2601 1550 2764 1593 suam
2800 1541 3150 1615 martyrem,
3175 1541 3232 1595 et
3258 1535 3332 1596 ad
3362 1536 3498 1598 effe.

1851 1631 2007 1683 ctum
2034 1621 2342 1683 deducens
2373 1621 2533 1683 illius
2565 1640 2798 1702 preces.
2869 1621 3015 1685 Nam
3068 1623 3171 1704 qui
3230 1624 3497 1702 aderant,

159 1719 233 1770 καί
284 1710 493 1790 ἄγγελοι
555 1713 615 1768 τὸ
673 1711 877 1779 ἐκείνης
919 1713 1074 1789 σῶμα
1118 1714 1177 1768 τὸ
1208 1711 1380 1786 τίμιον
1439 1709 1564 1788 παρ’
1610 1711 1765 1769 αὒτὸν

1930 1711 2118 1772 lerunt
2151 1711 2240 1772 lac
2294 1711 2489 1772 ﬂuens
2524 1729 2627 1791 pro
2660 1713 2943 1792 sanguine
2974 1732 2986 1776 :
3043 1723 3101 1776 et
3140 1714 3336 1794 angeli
3366 1731 3499 1776 cum

162 1812 237 1870 τῆς
280 1801 606 1864 τελειώσεως
643 1803 736 1858 τὸν
789 1803 970 1881 καιρὸν
1024 1799 1469 1880 περιστείλαντες⁷
1529 1801 1658 1878 πρὸς
1707 1801 1768 1856 τὸ

165 1900 260 1950 Σινᾰ
311 1893 425 1970 ὄρος
478 1890 820 1972 προπέμπειν
880 1891 1135 1966 ἐῴκεσαν,
1197 1893 1270 1954 εἷς
1327 1889 1478 1955 δόξαν
1537 1891 1766 1967 Πατρὸς,

165 1986 256 2040 Υἱοῦ
301 1985 384 2040 καὶ
441 1982 605 2060 ἁγίου
668 1981 994 2056 Πνεόματος,
1056 1986 1153 2048 τῆς
1215 1985 1346 2056 μιᾶς
1405 1979 1667 2047 Θεότητός
1713 2001 1770 2036 τε

164 2076 226 2129 καὶ
261 2071 551 2149 βασιλείας,
605 2073 642 2147 ᾗ
681 2070 866 2150 πρέπει
911 2074 1054 2128 πᾶσα
1096 2070 1252 2149 τιμὴ,
1315 2069 1526 2147 κράτος,
1593 2091 1767 2147 μεγα-

167 2162 328 2230 lentim
361 2183 419 2217 τε
471 2163 567 2217 καὶ
627 2158 1059 2240 μεγαλοπρέπεια
1120 2158 1206 2214 νῦν
1262 2157 1349 2214 καὶ
1378 2158 1450 2222 εἷς
1483 2158 1604 2223 τοὺς
1637 2160 1768 2215 οιἶῶ-

170 2273 230 2315 νας
254 2258 350 2308 τῶν
381 2250 617 2312 αἰώνων,
657 2250 854 2325 Ἀμὴν.

1853 1801 2253 1863 venerandum
2288 1801 2448 1862 illius
2476 1819 2694 1882 corpus
2733 1802 3212 1884 composuissent
3260 1803 3323 1865 in
3371 1804 3501 1886 ipso

1853 1896 2126 1972 tempore
2158 1891 2713 1967 consummationis,
2767 1891 2877 1953 visi
2927 1903 3069 1954 sunt
3107 1892 3411 1957 deducere
3438 1894 3502 1956 in

1855 1991 2118 2042 montem
2147 1979 2310 2056 Sina,
2346 1979 2418 2042 ad
2449 1979 2696 2060 gloriam
2731 1983 2942 2059 Patris,
2983 1990 3042 2044 et
3069 1981 3228 2060 Filii,
3272 1995 3331 2046 et
3360 1981 3498 2065 Spi-

1854 2070 2005 2132 ritus
2063 2069 2274 2144 sancti,
2334 2071 2433 2150 qui
2465 2083 2604 2132 sunt
2635 2089 2749 2132 una
2782 2069 3070 2134 Divinitas
3101 2079 3158 2134 et
3204 2091 3498 2154 regnum:

1855 2159 1951 2222 cui
1991 2159 2268 2221 convenit
2296 2159 2493 2222 honor
2528 2169 2583 2222 et
2620 2160 2880 2240 potentia
2911 2161 2971 2222 in
3003 2161 3218 2224 saecula
3247 2161 3501 2226 saeculo-

1855 2268 2012 2314 rum.
2048 2253 2265 2312 Amen.

167 2438 3441 2472 ψ

693 2593 1498 2770 MENSIS
1658 2597 1769 2766 Ι

1930 2595 2934 2772 ICEMBER.

1570 3019 2056 3105 ΑΘΛΗΣΙΣ

540 3205 676 3258 ΤΗΣ
725 3204 920 3257 ΑΓΙΑΣ
967 3201 1289 3258 ΕΝΔΟΞΟΥ
1335 3207 1448 3257 ΚΑΙ
1495 3203 1906 3258 ΚΑΛΛΙΝΙΚΟΥ
1953 3202 2575 3257 ΜΕΓᾹΔΟΜΑΡΤΓΡΟΣ
2621 3205 2746 3258 ΤΟΥ
2792 3204 3079 3257 ΧΡΙΣΤΟΥ

1333 3397 2304 3529 ΒΑΡΒΑΡΑΣ.

1522 3795 2121 3883 CERTAMEN

818 4000 1127 4068 SANCTE
1167 3997 1262 4064 ET
1307 3998 1702 4068 GLORIOSE
1743 3998 2036 4066 MAGN/E
2080 3997 2469 4065 MARTYBIS
2513 3997 2819 4064 CHRISTI

1455 4206 2188 4322 BARBAR/E.

701 4423 893 4499 (Latine
929 4441 1011 4498 ap.
1039 4422 1247 4483 Surium
1274 4425 1336 4481 ad
1377 4424 1511 4482 diem
1538 4426 1572 4481 4
1611 4423 1905 4483 Decembris
1938 4441 1953 4489 ;
1995 4421 2170 4480 Graece
2199 4437 2261 4477 ex
2289 4421 2398 4478 cod.
2439 4437 2537 4480 ms.
2579 4418 2740 4480 Paris.
2782 4422 2929 4494 147.)

222 4690 301 4751 Μ,
357 4689 676 4767 Μαξιμιανῷ
718 4695 794 4763 τῷ
838 4683 1086 4745 δυσσεϐεῖ
1141 4683 1376 4763 βασιλεῖ,
1410 4685 1614 4755 πολλήν
1644 4693 1825 4764 περιϐ

155 4779 234 4845 τὴν
281 4784 382 4838 τῶν
455 4781 693 4839 εἰδώλων
763 4777 972 4844 πλάνην
1031 4775 1320 4855 εἰσφέροντι
1363 4779 1464 4841 τὴν
1511 4774 1766 4855 σπουδὴν,

155 4864 281 4946 ἔργον
343 4873 408 4939 ἦν
464 4879 628 4930 τοῦτο
682 4871 788 4926 τῶν
844 4865 1022 4927 ἄλλων
1081 4863 1494 4938 ἐπιμελέστατόν
1558 4885 1615 4920 τε
1684 4875 1772 4926 καὶ

157 4959 390 5034 φροντίδος
449 4959 729 5029 διηνεκοῦς
780 4956 948 5036 ἄξιον,
1009 4955 1071 5012 τὸ
1131 4952 1382 5030 δαίμονας
1444 4953 1539 5030 μὲν
1610 4957 1770 5032 θερα-

158 5049 306 5105 πεύειν
361 5054 451 5108 καὶ
506 5051 609 5118 τὴν
666 5045 908 5105 ἀσέϐειαν
963 5043 1235 5123 κρατύνειν
1295 5046 1469 5111 ὁπόση
1526 5041 1767 5122 δύναμις,

157 5138 255 5202 τοὺς
283 5138 336 5195 δὲ
387 5143 450 5198 τὸ
508 5144 658 5198 θεῖον
711 5135 878 5212 ὄνομα
933 5136 1027 5190 τοῦ
1085 5139 1306 5214 Χριστοῦ
1360 5129 1698 5210 σεϐομένους,
1736 5133 1772 5199 ἢ

159 5228 237 5292 τὴν
284 5227 471 5298 εὗσεεῆ
533 5229 733 5294 ταύτην
797 5224 1102 5296 ἐξόμνυσθαι
1159 5223 1358 5302 πίστιν,
1414 5221 1451 5291 ἢ
1506 5222 1770 5286 ποικίλαις

1930 4684 1977 4747 Ι.
2011 4681 2371 4746 Maximiano
2419 4683 2492 4762 (1)
2542 4683 2724 4764 impio
2758 4683 3126 4768 imperatori,
3158 4687 3263 4764 qui
3316 4681 3501 4751 studii

1855 4773 2176 4856 plurimum
2211 4771 2562 4835 conferebat
2591 4772 2651 4834 in
2708 4793 2971 4838 errorem
3023 4777 3348 4850 idolorum,
3384 4776 3498 4838 hoc

1856 4863 2112 4924 maxime
2144 4871 2431 4945 perpetuo
2460 4872 2586 4924 erat
2613 4883 2796 4945 curm,
2831 4873 2894 4927 ut
2923 4865 3225 4928 daemones
3253 4864 3498 4946 quidem

1855 4952 2104 5032 coleret,
2138 4960 2194 5013 et
2225 4953 2588 5028 impietatem
2620 4953 2904 5015 omnibus
2935 4955 3148 5034 opibus
3179 4962 3238 5016 et
3269 4953 3496 5017 viribus

1854 5043 2272 5117 confirmaret:
2307 5041 2350 5100 ii
2380 5049 2602 5116 autem,
2625 5041 2728 5122 qui
2754 5041 3250 5124 Christidivinutn
3276 5059 3500 5105 nomen

1855 5131 2154 5209 colebant,
2176 5138 2276 5191 aut
2302 5131 2458 5210 piam
2485 5130 2662 5191 ﬁdem
2691 5129 3163 5213 abjurarent,aut
3193 5131 3366 5193 variis
3387 5141 3500 5194 tra-

1853 5221 1959 5281 diti
1990 5219 2322 5300 suppliciis,
2356 5238 2491 5281 cum
2527 5218 2700 5282 bonis
2752 5221 3034 5284 omnibus
3067 5241 3199 5304 quae
3229 5222 3499 5300 aderant,

159 5317 513 5396 παραδοθέντας
572 5316 848 5394 κολάσεσι,
908 5314 1042 5389 μετὰ
1097 5317 1202 5369 τῶν
1259 5313 1566 5393 προσόντων
1633 5313 1769 5372 πάν·

1930 5328 1972 5371 ;a
2001 5327 2241 5392 quoque
2257 5307 2546 5372 violenter
2563 5308 2963 5390 privarentur.
2999 5311 3281 5387 Quaedam
3304 5320 3503 5374 autem

159 5425 243 5462 των
292 5408 474 5484 βιαίως
537 5406 808 5464 ἐκπίπτειν
858 5403 952 5458 καί
1014 5403 1112 5468 τῆς
1167 5405 1330 5473 ζωῆς.
1396 5401 1555 5481 Χώρα
1604 5398 1659 5458 δέ
1688 5423 1769 5466 τις

1930 5402 2038 5480 gio,
2074 5417 2208 5476 quae
2229 5407 2465 5463 vocatur
2497 5397 2846 5482 Heliopolis,
2872 5401 3060 5466 virum
3089 5401 3344 5468 habebat
3363 5402 3502 5468 insi-

225 5574 302 5658 (1)
335 5577 700 5656 Πακίπιὶηο,
737 5572 948 5638 Daren.
