3918 6138
372 258 491 346 303
1693 262 1975 342 MENSIS
2030 254 2459 342 DECEMBER.
3630 254 3733 337 304

386 434 589 499 gnem,
612 412 903 497 religione
924 409 1166 495 quidem
1189 408 1498 494 gentilem,
1517 407 1688 472 valde
1714 428 1855 474 vero
1877 414 2071 477 divi-1

2181 413 2228 472 τ’
2301 412 2478 469 ἐκεῖνο
2548 408 2732 487 καιροῦ
2827 400 3179 471 Ἠλιούπολις
3249 402 3544 481 καλουμένη
3600 407 3743 489 ἄνδρα

388 493 602 580 iem,et
622 493 802 588 hujus
826 493 1033 568 mundi
1059 493 1380 585 splendore
1404 500 1823 566 clarissimum.
1855 505 1911 568 Is
1931 524 2036 567 vo-

2180 505 2224 561 ἓν
2276 501 2556 575 ἐπισήμων
2627 497 2829 578 ἔχουσα
2882 497 2978 575 ἦν,
3039 493 3282 562 ’Ἕλληνα
3341 494 3433 570 μὲν
3492 494 3583 562 τὴν
3608 500 3733 576 θρη-

394 596 644 660 cabatur
674 582 918 677 quidem
963 582 1326 656 Dioscorus:
1363 591 1540 653 unius
1570 596 1764 677 autem
1825 595 2040 675 puellae

2180 595 2323 667 Leiav,
2385 586 2752 653 πλούσιον,δὲ
2812 583 3008 662 κομιδῆ
3078 585 3171 640 καί
3244 588 3315 660 τῇ
3368 582 3497 639 κατά
3565 607 3750 662 κοσμον

391 694 525 748 erat
555 674 747 768 pater,
782 681 879 746 cui
909 699 1139 768 nomen
1161 685 1290 768 erat
1315 676 1598 768 Barbara.
1634 674 1775 756 Ejus
1808 674 1946 742 vero
1979 684 2040 743 in

2180 682 2432 763 ιριφανείᾳ
2536 677 2936 757 λαμπρότατον.
3047 677 3212 736 Οὗτος
3241 760 3256 768 Α
3309 674 3581 768 Διόσκορος
3660 680 3747 751 μὲν

390 760 1027 852 ἱΙΙιιιηότοιὲωισηίιυί
1051 767 1309 832 debebat
1329 785 1461 830 esse
1484 766 1635 848 ejus,
1661 768 1761 849 qui
1791 769 1851 831 in
1879 771 2041 834 illam

2180 760 2401 843 ιαλεττο,
2461 772 2587 843 μιᾶς
2640 764 2695 821 δὲ
2762 764 2946 827 παιδὸς
3001 763 3178 841 πατὴρ
3238 760 3557 839 ἐγνωρίζετο“
3618 771 3748 842 Bap-

396 864 587 926 solam
624 881 860 926 omnem
886 850 1052 923 suam
1092 875 1260 939 spem
1287 856 1593 919 deﬁxerat.
1619 857 1766 921 Eam
1800 878 1960 941 cum,
1984 868 2049 922 ut

2180 860 2263 932 ίρα
2320 858 2494 934 ταύτῃ
2555 857 2616 912 τὸ
2674 855 2865 930 ὄνομα.
2934 856 3034 912 Καὶ
3091 853 3159 908 τὰ
3217 850 3427 930 φίλτρον
3482 854 3620 927 οἷον,
3676 853 3760 910 ἐπε

395 973 531 1035 quae
562 960 721 1016 esset
746 951 907 1013 vultu
936 937 1258 1010 admodum
1304 946 1588 1024 formosa,
1622 955 1680 1009 et
1710 937 2047 1028 pulchritu-

2180 949 2219 1005 ιὶ
2283 945 2368 1004 ἐπ’
2430 948 2564 1022 αὐτῇ
2625 944 2764 1021 μόνῃ
2823 942 3038 1000 ἐσάλευε
3100 942 3193 1003 τὰς
3251 937 3481 1003 ἐλπίδας,
3541 943 3753 1019 Ταύτην,

396 1027 538 1106 dine
573 1041 812 1117 eximia,
844 1038 1025 1101 vellet
1054 1053 1409 1100 conservare
1441 1027 1760 1116 integram,
1796 1046 1854 1100 et
1885 1039 2052 1102 nulla

2208 1037 2323 1095 λίαν
2382 1036 2728 1114 εὐπρόσωπον
2789 1033 2972 1109 οὖσαν,
3032 1032 3122 1088 καὶ
3177 1031 3238 1087 τὸ
3294 1027 3484 1094 κάλλος
3528 1030 3751 1106 ἐξαίσιον,

395 1131 532 1194 labe
558 1131 941 1213 pollutam,et
960 1127 1093 1190 ideo
1121 1145 1233 1189 nec
1256 1126 1484 1189 sineret
1508 1126 1748 1208 quidem
1775 1128 1957 1210 aspici
1978 1127 2052 1192 ab

2180 1144 2338 1206 γαμον
2373 1125 2685 1205 περισώζειν
2738 1122 3087 1201 βουλόμενος,
3147 1121 3234 1178 καὶ
3294 1117 3377 1175 διὰ
3432 1130 3579 1179 τοῦτο
3631 1120 3755 1196 μηδὲ

397 1222 500 1301 iis,
534 1207 637 1301 qui
665 1220 807 1282 foris
837 1225 1027 1295 erant,
1059 1216 1295 1280 excelsa
1355 1207 1540 1278 turre,
1573 1207 1938 1294 constructa,
1995 1227 2054 1281 et

2180 1216 2326 1285 ἰατὴν
2399 1220 2529 1272 εἶναι
2589 1226 2709 1278 τοῖς
2770 1211 2868 1278 ἔξω
2930 1210 3297 1292 παραχωρῶν,
3350 1209 3539 1288 πύργον
3583 1207 3756 1286 δειμά-

401 1297 581 1372 domo
597 1311 656 1373 in
679 1328 750 1372 ea
774 1306 1093 1371 artiﬁciose
1115 1304 1561 1382 aediﬁcataﬁllic
1584 1304 1814 1368 beatam
1842 1308 1923 1369 ita
1935 1308 2053 1370 col-

2180 1327 2291 1371 ενος
2343 1303 2572 1381 ὑψηλὸν,
2631 1306 2686 1359 ἐν
2745 1307 2887 1377 αὒτῷ
2938 1299 2992 1358 δὲ
3044 1300 3212 1359 οἰκίαν
3242 1297 3626 1379 φιλοτεχνήσας
3655 1300 3759 1356 ἐκεῖ

402 1399 618 1463 locavit
637 1397 1126 1477 habitandum,ut
1154 1414 1265 1458 nec
1291 1394 1400 1458 ulli
1419 1395 1491 1457 ad
1516 1412 1644 1457 eam
1675 1404 1903 1476 pateret
1922 1398 2051 1460 adi-

2180 1397 2233 1465 ὴν
2288 1392 2562 1473 Βαρϐάραν
2633 1392 2780 1450 ἔθετο
2849 1403 3130 1449 κατοικεῖν
3203 1389 3460 1467 ἂπρόϊτόν
3514 1389 3568 1445 τὲ
3620 1389 3763 1446 οὖσαν

404 1495 645 1565 tus,nec
670 1488 761 1551 vir
790 1487 948 1550 ullus
974 1503 1104 1550 eam
1132 1485 1452 1564 attingeret
1475 1484 1832 1549 oculis.Erat
1856 1500 2053 1552 autem

2180 1487 2225 1542 αὶ
2279 1484 2578 1566 ὀφθαλμοῖς
2639 1480 2839 1561 ἀνδρῶν
2891 1488 3051 1538 πᾶσιν
3110 1478 3403 1556 ἄψαυστον.
3463 1480 3532 1537 Τὸ
3580 1477 3631 1535 δέ
3676 1478 3765 1556 ἄρα

402 1577 521 1640 hoc
552 1596 699 1658 opus
749 1575 964 1639 divinae
995 1574 1404 1657 providentiae,
1439 1593 1574 1652 qua;
1630 1574 1891 1637 futurum
1953 1577 2055 1639 diu

2180 1576 2276 1641 είας
2333 1573 2641 1648 οἰκονομίας
2702 1571 2855 1650 ἔργον
2901 1570 2990 1647 ἧν,
3053 1568 3252 1627 ἄνωθεν
3306 1567 3666 1643 σκοπουμένης
3714 1570 3767 1624 τὸ

407 1674 547 1730 ante
575 1657 1017 1730 considerabat.
1054 1663 1119 1726 In
1151 1682 1220 1726 ea
1252 1664 1411 1725 enim
1442 1661 1729 1727 Paracleti
1757 1666 1947 1745 gratia
1977 1666 2057 1729 la-

2183 1663 2358 1722 έλλον·
2420 1663 2475 1719 ἐν
2534 1666 2675 1735 αὖτῳ
2730 1663 2829 1739 γὰρ
2876 1662 2911 1729 ἡ
2962 1666 3055 1717 τοῦ
3104 1657 3453 1738 Παρακλῆτου
3492 1658 3642 1737 χάρις
3673 1664 3768 1714 τῶι

406 1764 603 1819 tentes
624 1756 753 1837 ejus
773 1755 989 1845 oculos
1013 1754 1273 1845 latenter
1299 1753 1686 1845 attingen_s,et
1708 1754 2057 1818 illuminavit

2180 1759 2354 1834 φανῶν
2384 1756 2547 1820 αὗτῆς
2596 1750 2883 1831 ὀφθαλμῶν
2941 1750 3156 1829 ἀφανῶς
3211 1747 3499 1824 ἅψαμένη,
3543 1749 3670 1827 φωτί
3719 1769 3770 1802 τε

408 1845 546 1909 luce
572 1836 789 1908 divina;
816 1842 1200 1925 cognitionis,
1235 1850 1295 1905 et
1322 1860 1525 1905 verum
1549 1841 1737 1905 Deum
1770 1853 1973 1906 notum
2001 1845 2057 1907 ei

2180 1845 2458 1921 εογνωσὶας
2519 1841 2743 1920 ἐφώτιςε
2807 1842 2893 1896 καὶ
2952 1841 3043 1896 τὸν
3105 1836 3312 1914 ἀψευδῆ
3366 1838 3493 1894 Θεὸν
3528 1839 3773 1915 γνώριμον

407 1933 551 1998 fecit
581 1933 1036 1997 admirabiliter.
1066 1930 1337 1995 Habebat
1360 1949 1499 2009 ergo
1532 1932 1713 1996 turris
1741 1933 2054 2016 virginem,

2180 1933 2274 2010 ἶ)τῇ
2324 1929 2632 2009 παραδόξως
2694 1929 3045 1996 κατέστησεν.
3117 1928 3289 2008 Εἶχεν
3351 1929 3438 1984 ὠν
3492 1925 3588 1994 τὴν
3642 1947 3769 2003 παρ-

411 2041 544 2105 quae
573 2022 864 2086 aediﬁcata
893 2030 1020 2086 erat
1054 2039 1237 2104 super
1292 2020 1741 2084 fundamentum
1776 2022 1939 2100 ﬁdei,
2001 2015 2059 2086 et

2180 2022 2282 2079 ἕνον
2340 2025 2367 2079 ὁ
2424 2023 2639 2101 πύργος,
2712 2019 2800 2076 ἐπὶ
2858 2025 2936 2095 τῷ
2989 2017 3215 2093 θεμελίῳ
3272 2015 3379 2086 ἤδη
3434 2016 3528 2085 τῆς
3565 2016 3770 2079 πίστεως

413 2111 882 2176 conservabatur
910 2112 984 2175 ad
1015 2112 1156 2192 hoc,
1189 2117 1255 2174 ut
1286 2117 1444 2174 esset
1472 2109 1634 2174 salus
1665 2112 2010 2177 multorum.

2180 2110 2583 2188 ικοδομημένην,
2645 2110 2731 2167 καὶ
2785 2111 2859 2175 εἰς
2931 2106 3145 2166 πολλῶν
3215 2107 3459 2187 γενέσθαι
3516 2106 3766 2183 σωτηρίαν

2139 2200 2590 2280 συντηρουμένην.

493 2294 568 2358 ll.
593 2293 740 2355 Cum
766 2300 963 2355 autem
982 2291 1109 2371 jam
1132 2298 1291 2353 esset
1314 2288 1867 2372 nubilis,patererat
1889 2291 2056 2355 valde

2221 2289 2301 2354 B'.
2336 2290 2486 2349 Ἐπεὶ
2540 2290 2594 2346 δὲ
2641 2290 2814 2368 γάμου
2861 2289 2927 2358 ἧν
2957 2290 2991 2358 ἡ
3024 2288 3213 2365 ὡραία,
3248 2287 3480 2367 μέριμνα
3507 2283 3673 2353 πολλὴ
3700 2287 3769 2356 τῷ

416 2382 727 2466 sollicitus,
754 2384 1026 2464 quisnam
1060 2388 1218 2443 esset
1243 2398 1375 2443 eam
1402 2388 1757 2461 accepturus
1777 2402 2051 2447 uxorem:

2185 2381 2319 2461 ατρὶ,
2379 2382 2459 2446 τίς
2516 2383 2544 2437 ὁ
2608 2378 2918 2455 ληψόμενος
2982 2378 3146 2446 αὐτὴν
3219 2378 3293 2442 εἷς
3366 2389 3610 2455 γυναῖκα.
3682 2374 3769 2432 Καὶ

418 2482 479 2536 et
505 2471 672 2535 multi
702 2463 956 2553 quidem
988 2479 1046 2533 et
1071 2488 1292 2550 genere
1344 2478 1402 2531 et
1452 2469 1665 2551 opibus
1712 2481 2059 2552 praestantes

2180 2470 2332 2527 ῖολλοὶ
2384 2470 2483 2545 μὲν
2537 2475 2643 2525 τῶν
2724 2469 2959 2548 εὐγενείᾳ
3014 2469 3101 2524 καὶ
3148 2466 3367 2541 πλούτῳ
3434 2463 3765 2546 διαφερόντων

416 2562 493 2625 de
504 2562 636 2643 ejus
651 2563 925 2640 conjugio
947 2578 1083 2623 cum
1102 2578 1173 2622 eo
1190 2559 2063 2642 sermonesconlulerunt.Ejus

2180 2561 2219 2626 ἰς
2250 2558 2438 2637 λόγους
2492 2559 2634 2632 αὗτῷ
2688 2558 2805 2637 περὶ
2860 2558 3103 2637 συζυγίας
3161 2555 3443 2624 συνῆλθον.
3504 2561 3632 2612 nam
3683 2553 3771 2643 γᾷρ

420 2642 579 2715 enim
613 2648 1016 2733 pulchritudo,
1054 2648 1167 2711 etsi
1198 2665 1316 2709 non
1361 2655 1705 2728 conspecta,
1758 2650 2064 2712 auditione

2180 2651 2207 2706 ὸ
2237 2647 2455 2724 κάλλος,
2517 2650 2562 2705 εἰ
2621 2649 2708 2706 καὶ
2765 2647 2841 2723 μὴ
2901 2649 3114 2725 θεατὸν,
3172 2644 3297 2702 ἀλλ’
3351 2645 3496 2722 ὅμως
3543 2642 3773 2733 ἀνιουστον

421 2731 630 2804 tamen
650 2734 1260 2820 accepta,faciebatut
1281 2736 1410 2815 ejus
1445 2737 1664 2816 nuptiae
1695 2756 1907 2816 magna
1923 2759 2066 2802 con-

2180 2760 2230 2815 ν,
2305 2739 2680 2818 περιμάχητον
2752 2737 2916 2807 αδτῆς
2988 2736 3152 2793 ἐποίει
3223 2736 3317 2793 τὸν
3389 2734 3582 2814 γάμον.
3643 2731 3776 2797 Πλὴν

422 2832 689 2893 tentione
720 2819 1089 2908 peterentur.
1139 2822 1678 2889 Verumenimv'ero
1713 2829 1862 2907 patri
1894 2830 2067 2893 vide-

2180 2827 2288 2884 ελλὰ
2317 2828 2393 2903 τῷ
2449 2832 2606 2906 πατρὶ
2657 2829 2841 2885 σκαιὸν
2898 2824 3068 2882 ἐδόκει
3120 2826 3211 2883 καὶ
3245 2830 3527 2904 προφανῶς
3575 2819 3778 2878 ἀνελεύ-

423 2919 598 2981 batur
628 2935 761 2981 esse
789 2916 1137 2979 indecorum
1172 2923 1233 2977 et
1266 2914 1446 2996 plane
1476 2914 1794 2994 illiberale,
1829 2919 1880 2980 si
1908 2919 2067 3000 quod

2181 2939 2320 2992 ερον,
2380 2919 2423 2973 εἰ
2480 2919 2560 2993 μὴ
2604 2917 2702 2974 καί
2744 2917 2811 2994 τῇ
2862 2915 3075 2994 θυγατρὶ
3125 2916 3261 2994 πρὸς
3309 2921 3504 2992 γνῶσιν
3551 2911 3680 2969 ἔλθοι
3720 2909 3772 2964 τὸ

423 3011 554 3091 ipse
584 3026 796 3089 magno
824 3005 1035 3086 agebat
1055 3004 1422 3080 studio,ﬁlia3
1450 3021 1571 3067 non
1595 3014 1798 3069 notum
1823 3010 2069 3071 exsiste.

2180 3004 2600 3082 ’τιουδαζόμενοη
2674 3008 2763 3064 καὶ
2825 3003 3140 3082 συναιροῦσα
3220 3001 3290 3071 δὴ
3358 3005 3447 3060 καὶ
3523 3001 3648 3068 αὐτὴ
3705 3003 3771 3068 τῷ

423 3088 540 3178 ιῖει,
566 3106 624 3160 et
652 3088 781 3177 ejus
811 3113 993 3177 scopo
1026 3094 1273 3157 minime
1331 3094 1741 3160 assentiretur.
1791 3097 1880 3160 Ad
1934 3118 2065 3161 eam

2180 3104 2338 3171 κοπῷ
2395 3095 2630 3175 γένοιτο.
2690 3094 2905 3173 Ἀμέλει
2963 3095 3051 3150 καὶ
3109 3094 3240 3172 πρὸς
3301 3093 3464 3161 αὐτὴν
3530 3088 3774 3171 ἀφικόμε-

427 3157 669 3267 quidem
681 3157 863 3248 'certe
891 3157 1241 3260 veniens,de
1256 3184 1638 3248 matrimonio
1655 3204 1788 3248 cum
1810 3205 1881 3249 ea
1897 3206 2066 3251 com-

2181 3209 2263 3263 ος,
2311 3157 2718 3264 ’κοινολογείται
2757 3157 2905 3265 ’περί
2954 3192 3050 3243 τοῦ
3108 3157 3310 3267 γάμου,
3367 3157 3456 3240 καὶ
3514 3157 3653 3243 ὅπως
3684 3157 3774 3243 ’ἦν

427 3265 714 3352 municat,
748 3283 805 3337 et
834 3282 1051 3355 quanto
1082 3272 1277 3335 studio
1309 3281 1368 3336 et
1389 3284 1613 3354 quanta
1631 3294 1773 3338 cura
1790 3278 1844 3340 ei
1871 3283 2069 3358 provi-

2180 3278 2291 3352 εύτῷ
2348 3275 2719 3352 μελετώμενος
2774 3273 3094 3354 ἀπαγγέλει.
3160 3265 3224 3330 Ἠ
3284 3271 3363 3350 δὲ,
3425 3269 3560 3349 μηδέ
3609 3267 3774 3346 ἄκροις

427 3363 572 3428 dere
600 3374 870 3445 cuperet,
887 3361 1210 3443 signiﬁcat.
1241 3361 1346 3424 Illa
1374 3370 1570 3425 autem
1595 3383 1729 3427 cum
1756 3385 1873 3429 non
1892 3368 2068 3431 modo

2180 3368 2247 3423 ισὶ
2294 3366 2355 3423 τὸ
2400 3371 2621 3443 πρᾶγμα
2652 3366 2728 3441 μή
2786 3365 2837 3421 τί
2891 3385 2953 3443 γε
2984 3365 3057 3427 εἷς
3106 3360 3325 3441 καρδίαν
3384 3373 3568 3419 πεσεῖν
3594 3358 3777 3433 βουλο-

426 3454 744 3536 corde,sed
771 3470 848 3516 ne
860 3451 1109 3514 summis
1127 3452 1369 3532 quidem
1388 3452 1631 3515 auribus
1650 3473 1777 3517 eam
1793 3473 1920 3517 rem
1940 3457 2094 3519 vel-.

426 3544 511 3608 let
538 3543 877 3621 admittere,
908 3542 1012 3605 sed
1042 3549 1321 3623 tanquam
1345 3542 1633 3605 absonum
1658 3553 1716 3607 et
1743 3547 2067 3609 absurdum

427 3633 654 3715 aliquid
687 3632 747 3694 id
781 3631 836 3694 ei
865 3630 1193 3712 rejecisset,
1225 3639 1284 3693 et
1313 3631 1507 3713 ipsum
1538 3642 1762 3714 patrem
1796 3636 1944 3699 irate
1974 3656 2064 3700 re-

432 3723 605 3804 pulit,
641 3729 721 3795 et,
752 3723 842 3784 Ne
873 3721 946 3784 de
977 3740 1047 3784 ea
1075 3739 1166 3802 re,
1192 3720 1358 3799 dixit,
1394 3740 1627 3785 mecum
1655 3723 1867 3787 iterum
1890 3728 2069 3791 verba

426 3812 670 3876 feceris.
702 3810 848 3873 Nam
879 3820 961 3888 tu,
992 3819 1161 3891 pater
1188 3810 1478 3889 deinceps
1509 3832 1627 3875 non
1647 3815 1971 3893 vocaberis,
2009 3824 2065 3880 et

427 3903 672 3983 efﬁcies,
704 3910 767 3963 ut
801 3919 908 3981 ego
940 3901 1089 3963 mihi
1119 3919 1329 3963 manus
1364 3901 1632 3967 afferam.
1671 3905 1844 3966 Pater
1870 3913 2067 3968 autem

427 4000 700 4055 statuens
736 3991 911 4070 longe
941 4009 1076 4053 esse
1106 3990 1418 4055 honestius
1451 3993 1832 4073 persuadere,
1891 4014 2067 4077 quam

431 4098 667 4159 cogere,
696 4089 976 4161 ratusque
998 4081 1128 4159 ejus
1150 4081 1543 4144 constantiam
1570 4102 1687 4145 non
1718 4103 1857 4147 esse
1880 4085 2069 4166 perti-

427 4171 686 4252 naciam,
720 4188 831 4232 nec
851 4169 1457 4251 inobedientiam,sed
1479 4172 1801 4235 vehemens
1823 4175 2066 4237 deside-

426 4261 584 4323 rium
605 4259 891 4322 castitatis
918 4279 935 4338 ;
962 4268 1021 4323 et
1042 4259 1262 4342 alioqui
1287 4260 1341 4323 ei
1366 4260 1638 4341 praebens
1664 4270 1896 4343 tempus
1918 4265 2069 4327 deli-

426 4348 701 4424 berandi,
735 4367 984 4431 sperans
1012 4349 1141 4411 fore
1175 4357 1238 4411 ut
1266 4349 1513 4412 fortasse
1545 4360 1897 4436 mutaretur,
1925 4366 1979 4418 et
2012 4356 2067 4418 ei

2147 3455 2308 3534 μένη,
2341 3454 2462 3513 ἀλλ’
2487 3454 2664 3532 ὥσπερ
2722 3453 2939 3534 ἀπηχὲς
2997 3476 3047 3509 τι
3104 3453 3192 3511 καὶ
3245 3451 3446 3509 ἄτοπον
3494 3450 3774 3507 ἂποσεισα-

2152 3547 2313 3622 μένη,
2369 3545 2525 3601 αὒτόν
2577 3565 2635 3600 τε
2694 3544 2948 3601 ἀπώσατο
3007 3540 3127 3619 μετ’
3186 3543 3357 3622 ὀργῆς
3416 3542 3504 3598 τὸν
3556 3537 3767 3616 πατέρα,

2150 3638 2261 3716 καί,
2319 3629 2385 3692 Ἦ
2448 3635 2558 3710 μὴν
2614 3635 2693 3705 μὴ
2750 3633 3011 3712 δεύτερον,
3072 3632 3197 3713 ἔφη,
3247 3634 3374 3712 περί
3422 3632 3602 3688 τούτου
3630 3627 3775 3704 λόγον

2150 3748 2242 3803 μοι
2304 3724 2648 3803 προσαγάγῃς
2681 3739 2695 3754 ⁸
2758 3722 2891 3781 ἐπεὶ’
2956 3721 3049 3779 καὶ
3108 3723 3171 3779 σὺ
3244 3724 3423 3800 πατὴρ
3491 3721 3552 3776 τὸ
3606 3716 3777 3774 λοιπὸν

2153 3818 2213 3873 οὖ
2267 3814 2541 3892 κληθήσῃ,
2600 3813 2740 3890 κάμὲ
2799 3814 3062 3887 ἆναιρέτιν
3121 3813 3361 3889 ἐμαυτῆς
3421 3808 3654 3890 γενέσθαι
3683 3828 3782 3862 πα·

2152 3905 2518 3984 ρασκευάσεις.
2610 3894 2667 3961 Ὀ
2750 3901 2805 3958 δὲ
2887 3903 3091 3984 πατὴρ,
3173 3903 3237 3959 τό
3305 3902 3505 3959 πείθειν
3590 3893 3781 3984 εὐγενὲς

2153 3982 2381 4072 μᾶλλον,
2440 3994 2502 4050 οὖ
2556 3992 2618 4049 τὺ
2669 3993 2935 4069 βιάζεσθαι
2994 3982 3196 4072 κρίνας,
3244 3993 3412 4059 αὐτῆς
3459 4011 3516 4047 τε
3559 3987 3653 4053 τὴν
3699 3982 3780 4072 ἕνε-

2153 4071 2339 4141 στασιν
2430 4081 2490 4140 οὒ
2546 4083 2716 4160 ῥοπὴν
2768 4071 3088 4142 αὐθέκαστον
3143 4071 3253 4139 οὔδ’
3313 4080 3603 4150 ἀπείθειαν,
3660 4071 3785 4130 ἆλλᾶ

2152 4175 2313 4232 πόθον
2372 4159 2583 4252 ἁγνείας
2640 4173 2863 4252 ἰσχυρὸν
2920 4172 3289 4251 ἡγησάμενος,
3358 4169 3536 4232 ἄλλως
3617 4173 3673 4222 τε
3735 4159 3783 4215 δὲ

2147 4266 2236 4322 καὶ
2266 4262 2599 4338 διασκέψεως
2660 4263 2791 4337 αὐτῇ
2848 4262 3103 4343 παρέχων
3159 4262 3371 4341 καιρὸν,
3432 4259 3600 4322 εἴπως
3632 4274 3785 4331 μετα-

2148 4352 2305 4412 ϐαλεῖ
2336 4354 2420 4410 καὶ
2449 4354 2717 4423 πειθήνιος
2767 4351 2910 4426 αὒτῷ
2939 4352 3169 4430 γένοιτο,
3223 4350 3390 4409 πλέον
3447 4346 3592 4406 οὖδὲν
3639 4347 3781 4401 ἐπει-

428 4457 656 4502 morem
689 4447 951 4519 gereret,
992 4456 1127 4500 cum
1184 4437 1335 4500 nihil
1394 4437 1642 4502 dixisset
1687 4431 1965 4524 amplius,
1997 4465 2065 4507 ex

2180 4446 2265 4501 τὼν
2335 4440 2539 4500 κάτεισι
2605 4441 2703 4517 μὲν
2772 4442 2960 4508 εὐθέως
3028 4451 3121 4501 τοῦ
3164 4443 3392 4522 πύργου,
3439 4440 3570 4519 πρὸς
3637 4433 3688 4491 δέ
3727 4431 3781 4487 τὸ

428 4538 596 4591 turre
625 4512 865 4609 quidem
899 4526 1212 4590 descendit
1239 4526 1533 4610 protinus,
1556 4512 1806 4593 veniens
1826 4512 1964 4596 vero
1988 4536 2063 4598 ad

2180 4534 2367 4608 ontpov
2426 4533 2454 4588 ὃ
2514 4532 2921 4603 κατασκευάζων
2992 4531 3151 4612 ἔτυχε
3221 4531 3418 4589 νεωστὶ
3488 4524 3781 4607 γενόμενος,

428 4618 753 4692 lavacrum,
788 4616 949 4695 quod
983 4625 1122 4678 tunc
1154 4615 1499 4696 aediﬁcabat,
1527 4628 1685 4682 totus
1706 4624 1759 4683 ei
1782 4624 2061 4689 vacabat:

430 4706 605 4787 cujus
637 4723 855 4785 urgens
880 4705 1356 4782 mdiﬁcationem,
1392 4715 1450 4770 et
1481 4726 1748 4790 magnam
1772 4713 2065 4777 artiﬁcum

428 4796 669 4860 adducit
699 4795 1171 4861 multitudinem:
1221 4806 1471 4875 etcum,
1524 4809 1588 4860 nt
1625 4803 2066 4882 quamprimum

428 4886 731 4961 allectum,
761 4885 1085 4949 redderent
1112 4884 1455 4969 aediﬁcium,
1509 4890 1869 4968 mandasset,
1902 4901 1958 4955 et
1983 4900 2070 4955 eis

424 4976 716 5058 integram
730 4975 1069 5038 mercedem
1085 4974 1590 5059 praebuissetﬁpse
1606 4979 1669 5041 in
1687 4979 2070 5064 longinquam

427 5069 727 5150 profectus
758 5073 849 5130 est
877 5067 1207 5148 regionem.

506 5155 610 5221 Ill.
633 5159 777 5220 Cum
808 5156 908 5218 diu
932 5163 1128 5218 autem
1153 5163 1313 5219 esset
1334 5164 1600 5221 moratus
1619 5157 1682 5220 in
1706 5176 1775 5222 ea
1793 5160 2071 5241 peregri-

427 5250 691 5325 natione,
723 5244 834 5309 Dei
862 5245 1074 5307 ancilla
1099 5245 1365 5308 Barbara
1397 5247 1711 5310 descendit
1767 5268 1837 5312 ex
1882 5258 2069 5329 turre,

424 5338 626 5399 visura
647 5334 1147 5418 quemadmodum
1163 5334 1331 5397 ﬁeret
1348 5335 1669 5401 lavacrum.
1690 5339 1919 5403 Deinde
1935 5360 2069 5403 cum

425 5425 553 5489 illic
581 5425 875 5499 fuisset,et
906 5426 1302 5505 contemplata
1325 5436 1479 5489 esset
1505 5437 1901 5511 partem,quze
1932 5449 2068 5493 ver-

426 5517 516 5599 git
527 5515 599 5578 ad
619 5516 958 5591 meridiem,
981 5514 1128 5577 duas
1149 5514 1370 5578 habere
1392 5516 1708 5595 fenestras,
1729 5538 1859 5600 quae
1875 5522 2069 5583 lucem

427 5603 759 5706 praebeant,
790 5604 1182 5694 reprehendit
1201 5606 1486 5688 artiﬁces,
1510 5606 1755 5672 dicens:
1781 5610 1899 5673 Cur
1917 5609 2068 5673 dua-

2149 4623 2274 4681 ὅλον
2307 4623 2491 4681 ἑαυτὸν
2524 4621 2831 4702 ἁπησχόλει
2865 4635 2880 4652 ⁸
2919 4620 2979 4678 οὗ
3020 4611 3121 4678 καί
3173 4621 3273 4689 τὴν
3331 4617 3616 4693 οἰκοδομὴν
3669 4611 3782 4669 ἐπι-

2149 4711 2410 4789 σπεύδων,
2471 4708 2675 4779 πλῆθός
2730 4733 2788 4767 τε
2848 4714 3111 4791 τεχνιτῶν
3171 4711 3444 4791 ἐφίστησι,
3507 4708 3590 4764 καὶ
3650 4702 3783 4763 ὅπως

2151 4801 2213 4858 ἂν
2270 4801 2584 4881 ἐργάσαιντο
2640 4800 2740 4869 τὴν
2797 4799 3086 4877 οἰκοδομὴν
3132 4799 3464 4876 ἐπισκήψας,
3527 4792 3704 4881 ἐντελῆ
3733 4808 3783 4845 τε

2152 4894 2246 4949 τὸν
2301 4880 2509 4967 μισθὸν
2567 4893 2749 4954 αὖτοτς
2819 4890 3256 4971 παρασχόμενος,
3329 4890 3403 4953 εἰς
3475 4880 3786 4965 μακροτέραν

2155 4982 2311 5047 αύτός
2343 4978 2606 5058 ἀπεδήμει
2645 4980 2850 5061 χώραν.

2238 5160 2327 5225 Γ’,
2386 5157 2832 5239 Ἐμϐραδύνοντος
2884 5157 2939 5216 δέ
2989 5158 3087 5227 τὴν
3126 5155 3457 5237 ἀποδημίαν,
3487 5157 3522 5225 ἡ
3551 5158 3642 5212 τοῦ
3670 5152 3789 5208 Θεοῦ

2154 5248 2318 5318 δούλη
2403 5248 2648 5329 Βαρϐάρα
2726 5250 2917 5326 κατῄει
2987 5255 3080 5306 τοῦ
3147 5248 3378 5327 πύργου,
3452 5247 3515 5303 τὸ
3586 5243 3788 5317 λουτρὸν

2153 5339 2301 5405 ὅπως
2358 5338 2580 5418 γίνοιτο,
2638 5338 3073 5416 ἐπισκεψαμένη,
3133 5338 3222 5395 καὶ
3284 5335 3397 5395 δυσὶ
3446 5332 3787 5417 φωτιζόμενον

2152 5431 2315 5509 θυρίσι
2411 5430 2474 5484 τὸ
2564 5429 2697 5509 πρὸς
2791 5427 3126 5509 μεσημϐρίαν
3218 5425 3386 5506 μέρος
3476 5418 3784 5497 θεασαμένη,

2154 5503 2361 5598 μέμψιν
2390 5518 2561 5599 ἐπῆγε
2592 5503 2711 5586 τοῖς
2756 5503 3051 5599 τεχνίταις,
3084 5503 3241 5577 ”Οτου
3292 5503 3492 5597 χάριν,
3547 5512 3784 5591 λέγουσα,

2152 5621 2277 5677 ταῖς
2353 5607 2463 5671 δυσὶ
2530 5610 2694 5693 θυρίσι
2764 5612 2841 5689 μὴ
2908 5609 2995 5667 καὶ
3064 5609 3163 5681 τὴν
3231 5606 3419 5693 τρίτην
3465 5601 3781 5694 προσέθεσθε,
