3918 6138
139 344 239 417 305

1279 351 1754 419 MABTYRIUM
1815 352 1878 419 Β.
1922 352 2324 420 BARBARIE.

3384 348 3503 449 30°.

140 486 353 551 πλείονος
420 485 566 545 οὕτω
623 492 724 556 τῆς
792 489 1117 571 φωταυγείας
1179 489 1317 565 μετὰ
1372 491 1461 546 καὶ
1514 500 1607 551 τοῦ
1676 493 1794 550 86-.

1949 511 1963 555 ι
1985 490 2267 555 fenestris
2291 489 2523 557 tertiam
2548 509 2668 555 non
2689 488 3160 574 adjecistis,cum
3181 489 3266 557 sic
3287 498 3347 556 et
3370 509 3503 557 ma-

139 584 345 657 πρεποῦς
404 578 708 659 ἐγγίνεσθαι
754 577 1099 656 δυναμένης;
1173 580 1291 639 Τῶν
1362 578 1440 654 δὲ,
1493 579 1629 638 ἰ’πὸ
1685 583 1774 639 τὸν

139 666 315 746 πατέρα
372 669 464 723 τὸν
509 669 604 723 σὺν
654 665 949 743 ἐπιοτοὶξαι,
988 668 1260 748 φαμένιιιν,
1294 671 1328 737 ἡ
1383 667 1626 749 Βαρϐἆρα
1681 672 1778 729 καὶ

135 759 218 823 τὴν
281 757 465 834 ἑτέραν
540 762 725 824 αὖτοϊς
796 760 1092 839 ἰσχυρίζετο
1162 762 1490 839 προσθεῖναι.
1553 760 1650 819 Ὠς
1721 759 1773 816 δὲ

138 848 319 903 ὤκνουν
379 848 528 903 αυτοὶ
566 848 667 915 τὴν
728 848 1057 927 προσθήκην,
1090 856 1182 907 106
1237 852 1431 927 πατρὸς
1477 851 1568 905 τὸν
1616 848 1776 930 φόϐον

140 934 408 1013 ἄπολογέαν
497 936 679 1016 ὥσπερ
774 937 1116 1015 εὐπρόσωπον
1190 937 1611 1018 προϐαλλόμενοι
1647 988 1662 1015 ,
1739 941 1775 1008 ἡ

145 1026 355 1103 μακαρία
426 1027 551 1091 τοὺς
621 1040 766 1105 τρεῖς
828 1026 938 1102 ἅμα
1011 1033 1115 1084 τῶν
1186 1026 1455 1085 δακτύλιοι
1517 1028 1774 1108 παραδει-

140 1120 302 1173 κνῦςα.
375 1117 487 1177 Τὰς
557 1131 727 1195 τρεῖς,
801 1117 927 1195 ἔφη,
989 1117 1083 1182 τὰς
1154 1132 1301 1194 τρεῖς
1372 1116 1574 1197 θυρίδας
1646 1121 1776 1195 ὑμῖν

142 1205 607 1268 κατασκευαστέον,
698 1204 767 1264 Εἴ
835 1230 885 1264 τι
958 1204 1011 1263 δὲ
1095 1208 1225 1286 ὑπὲρ
1308 1207 1491 1265 τούτου
1575 1207 1775 1289 δυσχε-

146 1295 289 1369 ραίνοι
323 1293 385 1351 ἂν
434 1297 461 1351 ὃ
490 1295 695 1374 πατὴρ,
731 1297 865 1365 αὐτὴ
923 1298 1015 1353 τὸν
1072 1296 1235 1374 λόγον
1265 1296 1458 1375 ὑφέξω.
1525 1297 1775 1357 Εἵκουσιν

145 1385 182 1439 οἱ
233 1396 489 1462 τεχνῖται
537 1386 621 1441 καὶ
680 1383 939 1463 πληροῦσι
998 1400 1059 1442 10
1115 1385 1410 1446 κελευσθέν.
1470 1384 1563 1454 Ὠς
1604 1387 1692 1444 οὖν
1749 1390 1776 1444 ὁ

142 1482 216 1531 106
280 1474 508 1553 λουτροῦ
577 1477 719 1540 ἄπας
791 1479 987 1554 κόσμος
1060 1476 1380 1558 ἐξείργαστο,
1458 1480 1778 1558 πυκνότερον

148 1566 171 1630 ἦ
218 1564 340 1642 ἁγία
399 1563 817 1643 παραϐάλλουσα
876 1569 1007 1647 πρὸς
1078 1568 1178 1636 τήν
1221 1568 1364 1645 θέαν²
1412 1568 1526 1626 ἐπεὶ
1597 1572 1685 1627 καὶ
1744 1571 1781 1637 ἡ

144 1653 306 1731 mpii:
379 1654 582 1721 ταύτης
654 1662 722 1733 τῇ
792 1661 885 1716 τοῦ
957 1657 1155 1733 ἀγαθοῦ
1225 1660 1525 1734 Ilva-30110:,
1600 1660 1782 1740 χάριτι

143 1746 358 1823 κάτοχος
390 1745 483 1817 ἦν,
541 1745 715 1801 πίστει
746 1768 802 1802 τε
851 1752 918 1822 τῇ
972 1747 1100 1826 πρὸς
1148 1749 1239 1803 τὸν
1289 1751 1512 1826 Χριστὸν
1569 1748 1782 1828 παῤῥη-

1854 581 1950 660 jus
1974 581 2174 643 lumen
2201 589 2403 662 posset
2431 581 2647 664 accipi,
2673 581 2813 665 etid
2845 581 3024 645 simul
3054 589 3214 645 esset
3243 582 3503 645 futurum

1860 672 2191 751 elegantius
2216 678 2275 735 et
2298 671 2488 752 magis
2510 672 2836 737 decorum?
2860 672 3004 736 Cum
3034 672 3077 734 ii
3100 680 3300 736 autem
3322 672 3509 735 dixis-

1858 768 2014 837 sent,
2047 761 2222 823 Pater
2269 769 2405 824 tuus
2435 761 2521 823 sic
2562 762 2783 844 jussit:
2821 761 3078 825 instabat
3120 762 3403 839 Barbara,
3442 771 3513 827 ut

1859 850 2036 913 aliam
2070 851 2423 931 adjicerent.
2460 850 2604 915 Cum
2640 853 2680 915 ii
2707 870 2851 915 vero
2879 851 3126 915 alteram
3157 861 3509 918 vererentur

1860 940 2112 1016 addere,
2148 940 2332 1022 patris
2365 950 2587 1005 metum
2618 942 2985 1006 adducentes
3015 951 3290 1024 tanquam
3323 942 3510 1005 hone—

1859 1039 2004 1088 stam
2029 1031 2480 1097 excusationem,
2500 1031 2661 1088 beata
2688 1032 2936 1090 Barbara
2948 1030 3301 1099 ,Tres,simul
3323 1039 3510 1090 osten-

1861 1119 2011 1182 dens
2041 1138 2174 1182 cum
2209 1118 2434 1202 digitis,
2468 1119 2635 1182 vobis
2663 1121 2881 1202 inquit,
2919 1128 3059 1193 tres,
3091 1128 3230 1183 sunt
3279 1120 3509 1184 consti-

1862 1211 2093 1274 tuendae
2122 1210 2423 1272 fenestrae.
2456 1208 2518 1273 Si
2552 1216 2717 1291 pater
2741 1218 2940 1273 autem
2985 1229 3141 1291 aegre
3168 1210 3342 1286 ferat,
3378 1210 3510 1291 ipsa

1862 1298 2109 1361 reddam
2148 1299 2471 1360 rationem.
2510 1298 2741 1362 Cedunt
2770 1300 3051 1374 artiﬁces,
3085 1309 3142 1362 et
3170 1299 3422 1382 implent
3446 1298 3511 1362 id

1861 1388 2016 1468 quod
2051 1388 2138 1449 eis
2184 1389 2539 1468 imperatum
2596 1389 2815 1453 fuerat.
2875 1391 3194 1469 Postquam
3226 1407 3364 1451 vero
3402 1388 3514 1451 fuit

1865 1478 2137 1540 effectum
2167 1485 2352 1540 totum
2378 1479 2597 1542 lavacri
2620 1487 3061 1554 ornamentum,
3086 1483 3301 1560 saepius
3334 1497 3511 1543 acce-

1865 1566 2013 1629 dens
2044 1576 2249 1630 sancta
2299 1568 2371 1631 ad
2402 1569 2460 1630 id
2512 1567 3064 1651 contemplandum,
3098 1568 3378 1649 quoniam
3409 1585 3515 1630 cor

1867 1657 2000 1736 ejus
2023 1655 2363 1737 possidebat
2383 1657 2565 1720 divini
2579 1657 2836 1740 Spiritus
2852 1658 3191 1738 gratiam,et
3211 1675 3319 1739 per
3330 1656 3511 1719 ﬁdem

1866 1745 2172 1827 impletum
2206 1756 2331 1809 erat
2362 1747 2579 1811 fiducia
2600 1748 2662 1810 in
2692 1747 3019 1824 Christum,
3044 1755 3210 1810 stans
3234 1746 3308 1809 ad
3340 1746 3516 1828 pisci-

146 1840 232 1896 στας
290 1833 669 1909 ἐμπέπληστο,
719 1837 848 1914 πρὸς
912 1841 989 1907 τῷ
1041 1834 1292 1912 κολύμϐῳ
1336 1844 1527 1911 στᾶσα,
1564 1839 1651 1894 καὶ
1709 1840 1782 1901 εἷς

1949 1854 2028 1918 m,
2068 1844 2125 1898 et
2154 1836 2451 1918 aspiciens
2508 1838 2581 1900 ad
2612 1837 2926 1913 orientem,
2987 1837 3063 1900 iis
3093 1856 3224 1918 quae
3253 1843 3424 1900 erant
3452 1835 3516 1899 in

148 1923 389 1988 ἂνατολας
457 1923 725 2000 piceam,
772 1938 890 1991 τοῖς
968 1925 1023 1981 ἐν
1111 1926 1255 2000 αὐτῷ
1324 1928 1621 2005 μαρμάροις
1692 1928 1783 1985 τὸν

147 2017 265 2071 θετον
333 2024 431 2074 τοῦ
504 2021 726 2094 σταυροῦ
786 2016 952 2072 τύπον
1021 2014 1303 2096 διεχάραξε
1374 2023 1450 2091 τῷ
1520 2016 1779 2091 δακτύλῳ.

154 2107 215 2160 ni
274 2106 373 2160 ’ἱνα
449 2104 539 2160 καὶ
613 2117 729 2167 τοῖς
797 2104 1084 2181 μετέπειτα
1153 2106 1214 2162 τὸ
1278 2112 1563 2185 γενόμενον
1630 2110 1786 2165 10610

158 2193 391 2273 τῶριμον
452 2192 510 2268 ἧ,
564 2193 652 2250 καὶ
711 2195 749 2262 ἡ
812 2201 907 2251 τοῦ
964 2202 1192 2274 Χριστοῦ
1243 2197 1567 2274 κηρύττηται
1629 2195 1785 2254 δύνα-

156 2306 260 2364 μις,
322 2286 351 2340 ὃ
422 2284 744 2358 σημειωθεὶς
821 2281 1063 2357 δακτύλῳ
1134 2293 1227 2344 τοῦ
1295 2292 1524 2365 σταυροῦ
1595 2287 1783 2363 τύπος,

155 2376 230 2429 οἷα
283 2371 486 2451 σιδήρῳ
544 2370 920 2452 ἒγκο).αφθε“ος,
954 2371 1083 2455 ἄχρι
1138 2379 1237 2442 τῆς
1296 2372 1443 2454 δεῦρο
1500 2374 1782 2448 δείκνυται,

158 2470 222 2535 τῷ
263 2463 524 2541 μαρμάρῳ
594 2463 1029 2539 σεσημασμένος,
1082 2465 1177 2520 οὐκ
1246 2463 1318 2530 εἷς
1382 2468 1554 2539 θαῦμα
1625 2466 1788 2541 μόνον

154 2550 335 2631 ἂπλῶς,
393 2550 538 2607 ἀλλὰ
591 2551 687 2608 καῖ
749 2554 821 2616 εἷς
885 2553 1097 2628 μείζονα
1155 2554 1332 2611 πίστι)
1406 2553 1610 2634 ἐνάγων
1664 2558 1788 2621 τοὺς

147 2642 445 2717 θεωμένους.
512 2645 587 2700 06
645 2643 753 2715 μὴν
813 2640 950 2701 ἀλλὰ
1009 2644 1093 2700 καὶ
1149 2644 1274 2703 αὗτὸ
1333 2643 1498 2723 μέχρι
1559 2646 1645 2701 καὶ
1701 2652 1787 2703 νῦν

148 2732 198 2786 τὸ
254 2731 476 2808 λουτρὸν
536 2728 878 2811 διασώζεται,
936 2732 1074 2807 ἴαμα
1145 2733 1340 2795 παντὸς
1406 2733 1603 2798 πάθους
1669 2724 1786 2798 τοῖς

146 2821 490 2901 τιλοχρὶατοις
537 2821 843 2897 γινόμενον,
903 2820 1032 2900 ὅπερ
1086 2822 1141 2877 εἷ’
1202 2843 1281 2888 τις
1341 2835 1462 2887 τοῖς
1522 2820 1787 2900 Ἰορδάνου

142 2911 364 2990 ῥεῖθροις,
398 2911 436 2978 ἢ
490 2912 559 2986 τῇ
599 2917 694 2966 τοῦ
751 2909 958 2985 Σιλοὰμ
1014 2918 1194 2988 πηγῇ,
1228 2912 1264 2980 ἢ
1313 2913 1402 2969 καὶ
1459 2918 1529 2988 τῇ
1572 2911 1785 2990 προϐα-

142 3007 249 3076 τικῇ
326 2996 668 3076 κολυμϐήθρᾳ
754 2999 1089 3079 παρακαλεῖν
1163 3000 1488 3075 ἐθελήσειεν,
1562 3005 1657 3060 οὐκ
1726 3000 1788 3058 ἂν

141 3089 358 3168 ἁμάρτοι
418 3089 520 3156 τῆς
580 3090 851 3153 ἀληθείας.
904 3092 1004 3148 Καὶ
1059 3088 1125 3146 δι’
1184 3089 1381 3148 ἐκείνου
1440 3091 1539 3168 γὰρ
1596 3092 1788 3167 ὁμοίως

140 3182 169 3246 ἦ
218 3186 309 3235 τοῦ
368 3185 600 3255 Χριστοῦ
648 3178 862 3250 δύναμις
919 3178 1093 3236 πολλὰ
1148 3186 1251 3236 τῶν
1309 3179 1618 3259 παραδόξων
1672 3179 1785 3236 διε-

141 3279 384 3347 νεργοῡσα
445 3265 728 3328 δείκνυται.
780 3269 879 3325 Διὰ
932 3270 1117 3326 τούτου
1169 3270 1299 3326 ποτὲ
1342 3277 1434 3326 106
1490 3269 1709 3349 λουτροῦ
1750 3273 1785 3340 ἡ

141 3361 327 3436 μάρτυς
385 3358 777 3439 παρερχομὲνη
811 3361 901 3415 τὸν
957 3358 1225 3439 ὀφθαλμόν
1264 3382 1321 3417 τε
1378 3373 1493 3426 τοῖς
1543 3358 1785 3426 εἰδώλοις

142 3447 484 3519 ἐπιϐαλοῦσα,
534 3447 568 3503 ἃ
618 3456 695 3522 τῷ
753 3453 911 3526 πατρὶ
972 3448 1169 3516 ταύτης
1226 3450 1506 3525 ἐτιμῶντο,
1554 3451 1639 3507 καὶ
1681 3453 1787 3508 θεοὶ

140 3545 305 3603 κακῶς
382 3537 711 3617 ἐνομίζοντο,
781 3536 956 3605 ἄηδῶς
1030 3540 1131 3614 μὲν
1206 3537 1401 3619 ἤνεγκε
1491 3542 1619 3618 πρὸς
1688 3541 1788 3608 τὴν

144 3628 275 3707 ὄψιν,
336 3628 472 3705 βαρὺ
530 3625 585 3682 δὲ
644 3631 742 3683 καὶ
811 3632 910 3694 τῆς
982 3627 1299 3696 ἂναισθήτου
1359 3626 1793 3694 καταστενᾶξασα

141 3720 219 3773 106
265 3715 566 3792 σεϐομένου
623 3722 789 3775 ταῦτα
852 3721 1058 3797 ψυχῆς,
1107 3721 1230 3773 εἶτα
1285 3718 1370 3773 καὶ
1428 3720 1499 3781 εἰς
1542 3718 1607 3773 τὰ
1659 3717 1790 3774 ὲκεί-

142 3830 231 3863 νων
317 3807 545 3882 ἐμπτύει
628 3808 912 3885 πρόσωπα,
978 3806 1288 3864 ἐπειποῦσα·
1377 3806 1595 3882 ’Ὀμοιοι
1664 3809 1793 3882 ὑμῖν

140 3898 369 3972 γένοιντο
442 3898 491 3952 οἱ
549 3902 965 3975 προσκυνοῦντες
1036 3898 1194 3976 ὑμᾶς,
1255 3897 1344 3954 καὶ
1414 3896 1608 3961 πάντες
1681 3895 1796 3954 ὅσοι

143 3984 198 4053 δὴ
261 3986 519 4064 βοηθείας
597 3990 697 4052 τῆς
755 3985 880 4063 παρ’
940 3987 1087 4062 ὑμῶν
1144 3984 1366 4067 δέονται.
1429 3985 1610 4049 Οὕτως
1669 3984 1795 4067 ἔφη,

143 4082 230 4132 καὶ
302 4078 381 4140 εἷς
461 4077 554 4133 τὸν
634 4076 831 4155 πύργον
902 4077 1044 4139 αὖθις
1116 4066 1389 4142 ἆ·λεθοῦσα,
1462 4089 1798 4155 προσευχαῖς

145 4164 400 4246 ἐσχόλαζε
441 4166 531 4222 καὶ
571 4167 862 4242 νηστείαις,
896 4165 1030 4233 ὅληθ
1073 4187 1131 4222 τε
1189 4165 1380 4234 ἑαυτὴν
1423 4171 1530 4222 τῶν
1585 4164 1795 4243 ἀγαθῶν

151 4253 333 4333 ἰξὰρτα
361 4262 472 4312 τῶν
495 4256 774 4331 οὖρανίων,

227 4345 307 4407 Δ’.
372 4345 446 4403 Οὔ
517 4343 658 4401 πολὺ
737 4345 797 4400 τὸ
868 4343 921 4400 ἑ)
986 4344 1158 4419 μέσῳ,
1214 4344 1301 4400 καὶ
1373 4346 1400 4400 ὁ
1455 4343 1635 4421 πατήρ
1690 4342 1794 4411 ἤδη

1866 1925 2018 2006 ipsa,
2047 1925 2444 1988 marmoribus
2473 1926 2657 2007 digito
2690 1927 2989 2009 impressit
3019 1926 3266 2007 ﬁguram
3299 1925 3518 1988 divinae

1868 2015 2153 2078 cruciszet
2176 2022 2240 2077 ut
2273 2017 2537 2094 posteris
2568 2035 2805 2098 quoque
2836 2023 3038 2079 notum
3062 2024 3220 2079 esset
3247 2014 3331 2093 id,
3355 2014 3518 2097 quod

1867 2103 2083 2166 factum
2110 2104 2324 2181 fuerat,
2358 2114 2418 2168 et
2447 2105 2664 2169 Christi
2692 2107 2874 2169 virtus
2906 2105 3356 2188 praedicaretur,
3386 2123 3519 2167 cru-

1870 2198 1954 2255 cis
1983 2194 2190 2273 ﬁgura,
2224 2214 2358 2273 quae
2388 2195 2572 2275 digito
2606 2204 2730 2258 erat
2760 2196 3010 2276 signata,
3045 2202 3326 2276 tanquam
3355 2194 3516 2257 ferro

1868 2282 2252 2363 insculpta,in
2273 2283 2627 2347 hodiernum
2651 2302 2841 2366 usque
2861 2284 3018 2347 diem
3050 2284 3277 2362 signata
3309 2290 3518 2346 osten-

1872 2371 2032 2433 ditur
2055 2373 2112 2434 in
2144 2389 2466 2450 marmore,
2485 2391 2607 2434 non
2637 2373 2708 2434 ad
2730 2380 2916 2435 tactus
2948 2373 3141 2435 solum
3166 2371 3516 2435 admiratio-

1872 2460 2147 2536 nem,sed
2163 2462 2338 2524 etiam
2357 2463 2430 2524 ad
2447 2463 2733 2543 majorem
2767 2462 2942 2525 ﬁdem
2956 2461 3257 2526 adducens
3277 2470 3518 2541 specta-

1872 2558 2052 2615 tores.
2080 2549 2300 2614 Verum
2335 2552 2494 2614 enim
2525 2570 2661 2615 vero
2684 2552 2745 2614 in
2769 2551 3120 2614 hodiernum
3152 2568 3340 2633 usque
3357 2549 3518 2613 diem

1871 2640 1985 2702 hoc
2028 2660 2265 2722 quoque
2314 2642 2608 2705 lavacrum
2660 2647 3064 2722 conservatur,
3095 2640 3252 2723 quod
3290 2640 3384 2710 iis.
3418 2640 3524 2722 qui

1870 2738 2008 2792 sunt
2027 2731 2249 2793 Christi
2271 2739 2560 2807 amantes,
2590 2740 2755 2793 curat
2773 2748 3011 2794 omnem
3028 2730 3315 2793 dolorem.
3350 2728 3522 2801 Quod

1869 2818 2112 2900 quidem
2148 2820 2198 2880 si
2229 2820 2364 2901 quis
2393 2820 2534 2883 velit
2560 2838 2908 2903 comparare
2937 2838 3074 2881 cum
3112 2818 3351 2882 ﬂuentis
3378 2816 3520 2881 Jor-

1871 2908 2064 2985 danis,
2094 2919 2196 2972 aut
2229 2929 2363 2973 cum
2392 2910 2554 2972 fonte
2586 2909 2768 2983 Siloe,
2796 2920 2901 2972 aut
2927 2908 3104 2971 etiam
3129 2927 3263 2972 cum
3293 2906 3524 2988 piscina

1873 2997 2210 3079 Probatica,
2244 3019 2278 3060 a
2315 3000 2555 3061 veritate
2588 2999 2837 3062 minime
2863 2997 3253 3061 aberraverit.
3287 2996 3521 3060 Etenim

1873 3105 1983 3168 per
2012 3088 2157 3150 illud
2192 3089 2471 3151 similiter
2501 3088 2724 3152 Christi
2766 3088 2953 3151 virtus
2981 3087 3312 3150 ostenditur
3340 3086 3526 3149 multa

1874 3177 2116 3240 efﬁcere
2144 3178 2535 3241 admirabilia.
2557 3178 2669 3241 Per
2688 3179 2802 3241 hoc
2824 3196 2965 3258 ergo
2988 3176 3286 3241 lavacrum
3302 3185 3525 3257 martyr

1870 3265 2184 3349 aliquando
2238 3269 2553 3344 transiens,
2588 3288 2723 3330 cum
2756 3269 2813 3330 in
2867 3266 3185 3330 simulacra
3214 3266 3524 3347 injecisset

1871 3358 2096 3433 oculos,
2129 3376 2261 3438 quae
2291 3357 2365 3419 ab
2396 3359 2526 3439 ejus
2557 3366 2726 3439 patre
2757 3357 3123 3425 colebantur.
3159 3364 3217 3419 et
3255 3356 3339 3418 dii
3372 3355 3525 3419 male

1873 3446 2385 3525 existimabantur,
2417 3467 2621 3511 eorum
2646 3448 2888 3529 quidem
2916 3454 3225 3530 aspectum
3258 3464 3413 3526 aegre
3440 3455 3528 3508 tu-

1873 3536 1963 3614 lit,
1995 3537 2191 3616 gravia
2229 3546 2426 3599 autem
2460 3538 2647 3601 edens
2680 3537 2938 3619 suspiria
2969 3543 3209 3618 propter
3235 3535 3389 3615 ejus,
3424 3534 3528 3616 qui

1876 3644 1947 3687 ea
1979 3623 2235 3700 colebat,
2269 3627 2526 3688 animam
2561 3626 2735 3706 plane
2767 3626 2929 3688 nullo
2963 3644 3144 3688 sensu
3188 3624 3518 3705 prasditam,

1876 3712 2096 3776 deinde
2125 3714 2362 3777 illorum
2386 3734 2621 3796 quoque
2643 3717 2838 3777 vultus
2859 3714 3157 3793 conspuit,
3184 3713 3413 3776 dicens:
3438 3712 3529 3775 Si-

1881 3802 2060 3865 miles
2108 3803 2273 3866 vobis
2301 3804 2467 3879 ﬁant,
2509 3803 2610 3884 qui
2644 3821 2751 3866 vos
2798 3804 3068 3885 adorant,
3101 3816 3160 3865 et
3189 3819 3398 3863 omnes
3426 3803 3529 3883 qui

1878 3899 2074 3956 vestro
2106 3893 2377 3972 indigent
2404 3892 2621 3955 auxilio
2646 3895 2694 3956 1,
2730 3893 2829 3956 Sic
2858 3893 3035 3969 dixit,
3068 3901 3282 3956 etcum
3315 3889 3378 3952 in
3408 3901 3531 3953 tur-

1880 4000 2007 4044 rem
2038 4000 2252 4045 rursns
2282 3983 2584 4054 rediisset,
2618 3982 2984 4046 orationibus
3015 3980 3254 4045 vacabat
3285 3989 3343 4043 et
3365 3981 3530 4063 jeju-

1882 4071 2021 4153 niis,
2059 4080 2117 4132 et
2152 4079 2275 4135 tota
2303 4070 2680 4154 dependebat
2708 4093 2742 4136 a
2774 4072 2947 4137 bonis
2976 4070 3341 4136 coelestibus.

1949 4340 2041 4399 IV.
2069 4341 2193 4400 Non
2219 4341 2463 4400 multum
2486 4343 2760 4414 temporis
2784 4341 3129 4407 intercessit,
3154 4349 3209 4398 et
3223 4340 3343 4412 jam
3377 4347 3536 4411 pater

151 4436 342 4501 ταῦτης
400 4433 731 4507 ἐπανελθὼν,
762 4433 830 4489 τὰ
884 4433 938 4489 ἐν
990 4440 1069 4507 τῷ
1111 4430 1248 4505 οἴκῳ
1300 4453 1357 4488 τε
1417 4433 1589 4492 πάντα
1643 4454 1794 4512 περι-

1949 4431 1957 4486 l
1985 4446 2110 4488 eam
2136 4435 2504 4500 reversus,{et
2532 4446 2895 4507 quaecunque
2916 4439 3079 4488 erant
3097 4429 3252 4488 domi
3272 4428 3539 4487 conside-

154 4532 384 4597 σκοπῶν,
419 4523 543 4581 ἐπεὶ
590 4525 678 4579 καὶ
731 4529 809 4597 τῷ
860 4521 1064 4602 λουτρῷ
1106 4523 1204 4590 τὴν
1248 4522 1369 4597 ὄψιν
1424 4518 1798 4603 ἒπιϐεϐλῆιιει,

153 4616 473 4687 θεασάμενος
530 4614 661 4689 πρὸς
711 4625 834 4677 ταῖς
887 4610 998 4667 δυσὶ
1041 4612 1205 4690 θυρίσι
1262 4612 1350 4668 καὶ
1392 4611 1574 4692 τρίτην
1632 4611 1800 4691 ἐξειρ-

157 4703 449 4779 γασμένην,
525 4701 862 4782 ἐπυνθάνετο,
933 4706 1047 4765 πῶς
1108 4699 1206 4779 ἄρα
1275 4700 1429 4757 10610
1499 4702 1640 4780 παρὰ
1699 4701 1799 4770 τὴν

196 4796 210 4815 ς
280 4801 305 4811 σ
432 4793 446 4813 Ι
521 4791 543 4811 Γ
704 4791 714 4807 ί
804 4814 829 4825 .-
938 4790 955 4814 9
1104 4789 1151 4822 ΝΣ
1232 4815 1241 4823 ι
1486 4796 1510 4807 ν
1781 4793 1794 4810 \

162 4815 309 4850 απου
365 4791 600 4858 διαταςιν
656 4813 881 4869 γενοιιο.
962 4800 1036 4854 Ως
1100 4810 1153 4846 οε
1203 4790 1400 4847 ἐκεῖνοι
1449 4813 1517 4867 τῃ
1585 4795 1798 4870 θυγατρι

160 4883 512 4959 παρέπεμψαν
569 4884 669 4947 τὴν
740 4882 1103 4960 καινοτομίαν,
1164 4879 1641 4956 μεταστειλάμενος
1699 4881 1800 4937 αὖ·

160 4972 253 5037 τὴν
308 4972 580 5049 ἀνηρώτα.
615 4968 678 5026 Ἠ
735 4967 924 5049 also-31
971 4969 1117 5034 ὅπως
1168 4968 1375 5048 ἔξαρνος
1406 4968 1494 5044 ἦν,
1528 4967 1664 5024 ἀλλὰ
1715 4970 1802 5025 καὶ

161 5059 237 5115 ὅτι
294 5060 460 5123 οὕτως
508 5059 609 5117 ἔδει
661 5058 991 5139 πραχθῆναι,
1024 5061 1110 5115 καὶ
1161 5060 1231 5121 ὡς
1266 5057 1444 5122 γαλῶς
1506 5057 1803 5137 πέπρακται

165 5147 450 5211 ἆετείνετο,
523 5150 621 5208 Καὶ
691 5151 746 5211 ὃς
783 5196 801 5222 ,
874 5150 1003 5227 πρὸς
1076 5148 1238 5226 ὄργὴν
1321 5146 1466 5209 εὒθὺς
1551 5149 1802 5221 κινηθεὶς,

171 5242 257 5296 Καὶ
301 5240 418 5319 λέγε
477 5263 596 5319 μοι,
627 5238 755 5318 ἔφη,
792 5240 880 5294 τὸν
936 5239 1154 5316 τρόπον²
1190 5238 1274 5293 καὶ
1317 5238 1461 5305 παρὰ
1506 5237 1556 5292 τί
1596 5236 1807 5314 βέλτιον

172 5332 322 5394 dum;
390 5329 565 5409 ἔχειν.
631 5328 697 5384 Ἠ
765 5324 820 5382 δὲ
891 5325 1014 5404 παρ’
1088 5328 1116 5383 ὃ
1172 5325 1305 5383 πολὺ
1367 5324 1624 5405 διαφέρειν
1702 5329 1806 5383 τῶν

177 5418 251 5474 ἰῧο
304 5421 392 5483 τὰς
446 5432 591 5500 τρεῖς
653 5416 865 5497 ἔλεψεν.
928 5420 988 5473 Αἱ
1049 5416 1148 5493 γὰρ
1205 5428 1376 5495 τρεῖς,
1432 5414 1560 5494 ἔφη,
1610 5413 1804 5485 θυρίδες

178 5513 440 5586 amicust
537 5508 716 5564 πάντα
816 5504 1084 5585 ἄνθρωπον
1180 5503 1472 5589 ἐρχόμενον
1563 5507 1635 5570 εἷς
1720 5506 1809 5564 τὸν

253 5691 272 5734 ί
301 5692 423 5758 Psal
440 5735 455 5756 .
493 5708 660 5769 exui,
697 5660 762 5753 8.

1883 4534 2041 4584 rans,
2064 4531 2368 4593 postquam
2405 4521 2463 4579 in
2486 4521 2998 4594 laVacruminjecit
3027 4519 3248 4585 oculos,
3272 4519 3388 4575 visa
3423 4525 3541 4576 ter-

1883 4611 1984 4682 tia,
2016 4625 2150 4684 quae
2181 4610 2406 4670 duabus
2428 4613 2647 4684 adjecta
2679 4621 2820 4680 erat,
2849 4613 3120 4677 fenestra,
3141 4608 3367 4681 rogavit
3393 4621 3543 4679 quo-

1880 4719 2018 4764 nam
2041 4701 2212 4764 modo
2245 4702 2357 4765 hoc
2382 4703 2597 4765 factum
2629 4702 2837 4765 fuisset
2867 4709 3087 4783 praeter
3120 4700 3254 4781 ejus
3277 4702 3539 4783 jussum-

1884 4793 2029 4856 Cum
2061 4801 2261 4854 autem
2295 4792 2380 4854 illi
2411 4792 2466 4854 ei
2498 4790 3076 4873 exposuissent,quae
3097 4789 3436 4853 innovasset
3472 4791 3543 4853 fi-

1884 4881 1982 4957 lia,
2018 4899 2146 4942 eam
2178 4882 2454 4944 accersiit
2496 4889 2555 4944 et
2581 4881 2823 4961 rogavit.
2848 4879 2954 4941 Illa
2982 4895 3119 4940 vero
3151 4878 3318 4941 nullo
3362 4879 3539 4941 modo

1888 4970 2147 5050 negavit,
2163 4971 2267 5033 sed
2299 4971 2448 5033 dixit
2466 4979 2742 5051 Oportere
2768 4969 2854 5031 sic
2873 4967 3027 5049 ﬁeri,
3053 4976 3114 5029 et
3134 4975 3298 5030 recte
3322 4967 3541 5031 factum

1889 5078 2022 5122 esse
2051 5061 2430 5123 asseveravit.
2464 5060 2568 5122 Ille
2598 5077 2736 5121 vero
2765 5057 2962 5120 statim
3016 5063 3216 5117 motus
3245 5055 3320 5116 ad
3367 5056 3540 5118 iram.

1889 5147 1993 5215 Dic
2025 5148 2420 5229 mihi,inquit,
2452 5146 2753 5229 quomodo
2777 5153 2839 5208 et
2858 5161 3109 5225 quanam
3126 5144 3356 5207 ratione
3380 5144 3458 5207 ita
3478 5158 3545 5207 se

1889 5235 2067 5297 habet
2099 5236 2314 5298 melius
2337 5235 2369 5295 ‘I
2400 5236 2505 5299 Illa
2536 5242 2739 5298 autem
2774 5251 2788 5297 :
2824 5232 3150 5305 Quatenus,
3177 5231 3395 5314 inquit,
3424 5241 3545 5295 tres

1891 5323 2139 5385 multum
2174 5323 2458 5386 dilierunt
2486 5342 2521 5386 a
2550 5322 2805 5386 duobus.
2838 5320 2986 5385 Nam
3018 5329 3162 5396 tres,
3194 5321 3412 5402 inquit,
3443 5322 3541 5384 fe—

1892 5422 2109 5476 nestrae
2139 5414 2475 5476 illuminant
2505 5431 2742 5477 omnem
2778 5411 3082 5475 hominem
3112 5409 3450 5474 venientem
3483 5413 3545 5474 in

1892 5504 2050 5569 hunc
2079 5502 2344 5568 modum.
2374 5503 2497 5569 Hoc
2526 5522 2663 5568 vero
2694 5501 2836 5569 dixit
2856 5501 3119 5582 omnino,
3151 5509 3369 5567 sancire
3405 5498 3544 5569 Tri-
