3918 6138
389 391 505 464 307
1694 387 1976 456 MENSIS
2028 384 2458 454 DEGEMBER.
3631 385 3735 461 308

391 529 594 596 nitatis
623 528 962 613 signiﬁcans
994 527 1384 611 majestatem.
1418 524 1648 590 Deinde
1689 525 1858 589 Pater
1889 546 1938 590 cz

2191 543 2342 601 σμονο
2379 532 2532 585 τοῦτο
2581 519 2634 581 δὲ
2665 523 2790 582 εἶπε
2837 523 3046 589 πάντως
3077 522 3174 590 τὴν
3227 522 3320 593 τῆς
3351 523 3496 603 ἁγίας
3547 528 3737 606 Υριάδος

393 623 668 687 turbatus
686 611 954 683 novitate
984 618 1282 682 sermonis
1317 617 1492 699 plane
1523 615 1871 697 admiratus,
1906 636 1936 679 c

2193 613 2500 694 ιραδηλοῦσα
2553 611 2967 694 μεγαλειότητα.
3008 614 3146 672 Εἶτα
3193 615 3320 693 πρὸς
3363 617 3422 672 τὸ
3463 624 3548 674 τοῦ
3594 617 3740 696 λόγου

394 730 525 775 eam
559 729 828 775 seorsum
880 707 1318 788 assumpsisset,
1353 714 1413 769 et
1455 705 1720 770 venisset
1750 707 1820 768 ad
1853 707 1941 786 ips

2194 707 2329 762 νικὸν
2398 705 2486 763 καὶ
2559 705 2810 773 ἀσύνηθες
2881 707 2910 762 δ
2979 705 3158 783 πατὴρ
3231 703 3586 787 διαταραχθεὶς
3651 708 3741 783 ἰδίᾳ

390 801 611 866 lavacri
643 801 930 882 piscinam
968 817 982 862 :
1045 797 1310 870 Quonam
1355 796 1554 878 modo,
1594 796 1807 878 inquit,
1844 796 1937 858 Iun

2198 797 2326 862 ύτην
2395 793 2738 873 παραλαϐὼν,
2812 796 2900 852 καὶ
2967 796 3099 873 πρὸς
3161 793 3304 882 αὒτῷ
3374 802 3449 870 τῷ
3514 795 3745 874 κολύμϐῳ

403 892 587 954 trium
618 881 1010 952 fenestrarum
1065 885 1366 950 illuminat
1397 905 1636 948 omnem
1686 887 1950 948 homine:

2197 893 2222 943 ὗ
2276 883 2495 963 λουτροῦ
2571 885 2877 966 γενόμενος,
2945 889 3084 960 Πῶς,
3145 881 3269 965 ἔφη,
3330 886 3390 942 τὸ
3445 891 3544 944 τῶν
3602 893 3744 966 τριῶν

390 979 503 1045 Illa
522 987 741 1056 autem,
775 977 1061 1052 Attende,
1094 976 1312 1058 inquit,
1347 983 1539 1059 pater,
1575 985 1634 1038 et
1659 975 1937 1055 intellige:

2198 973 2344 1059 ρίδων
2417 974 2530 1055 ιρῶς
2612 976 2811 1039 παντὸς
2883 975 3155 1050 ἀνθρώπου
3226 977 3536 1054 φωτιστικὸν
3615 979 3745 1054 γίνε-

394 1069 556 1149 quod
590 1055 818 1130 dictum
841 1075 958 1141 est,
985 1074 1044 1128 et
1073 1055 1255 1128 simul
1287 1055 1631 1128 ei'ostendit
1652 1065 1882 1144 signum
1909 1083 1940 1126 c

2203 1083 2268 1145 ι;
2329 1055 2392 1121 Ἠ
2452 1062 2529 1144 δὲ,
2595 1067 2893 1144 Πρόσσχες,
2947 1064 3073 1145 ἔφη,
3136 1064 3330 1146 Πάτερ,
3389 1067 3474 1124 καὶ
3525 1069 3745 1136 συνήσεις

392 1160 502 1223 eis.
539 1157 769 1220 Deinde
798 1156 976 1219 etiam
1000 1155 1324 1219 ostendens
1356 1155 1600 1234 digitis:
1636 1153 1813 1236 Vide,
1837 1155 1939 1236 inq

2262 1154 2563 1234 εἰρημένον.
2625 1157 2721 1213 Καὶ
2782 1154 2894 1231 ἅμα
2947 1156 3007 1211 τὸ
3078 1162 3171 1213 τοῦ
3227 1164 3446 1234 σταυροῦ
3511 1154 3749 1236 ὑπεδήλου

391 1249 591 1330 Pater,
611 1247 794 1309 Filius
819 1254 876 1309 et
903 1245 1158 1328 Spiritus
1189 1230 1452 1307 sanctus:
1483 1244 1574 1306 Ab
1605 1245 1716 1307 hac
1746 1230 1881 1306 luce
1911 1230 1938 1306 ὀ

2198 1257 2364 1321 ιμεῖον
2424 1245 2548 1301 εἶτα
2578 1245 2666 1301 καὶ
2720 1257 2837 1310 τοῖς
2886 1243 3162 1310 δακτύλοις
3216 1245 3578 1326 ὑποδεικνῦσα,
3605 1230 3745 1324 τὈρα,

393 1338 486 1400 nis
515 1343 714 1400 creata
743 1345 952 1399 natura
981 1335 1362 1398 illuminatur
1415 1333 1843 1413 intelligenter.
1875 1333 1940 1396 Ηι

2202 1358 2258 1407 η,
2321 1334 2528 1411 Πατὴρ,
2587 1335 2706 1398 Υἱὸς
2763 1337 2848 1391 καὶ
2906 1336 2968 1390 τὸ
3027 1335 3179 1414 ἅγιον
3250 1341 3481 1412 Πνεῦμα·
3533 1339 3628 1394 ὑπὸ
3681 1342 3749 1409 τῷ

390 1429 590 1512 itaque
621 1444 823 1488 verum
856 1443 1199 1489 sermonem
1227 1443 1362 1487 cum
1397 1423 1567 1486 malae
1598 1433 1657 1486 et
1688 1423 1760 1484 ad
1794 1442 1929 1486 men

2202 1426 2263 1481 »τὶ
2339 1425 2509 1500 τούτῳ
2578 1428 2746 1490 κτίσις
2829 1431 2976 1482 πᾶσα
3058 1430 3252 1504 νοερῶς
3338 1425 3749 1503 καταλάμπεται.

392 1517 550 1581 cium
575 1515 914 1579 exercitatae
938 1533 1113 1579 aures
1139 1514 1385 1576 minime
1416 1513 1720 1588 tulissent,
1755 1513 1847 1575 ira
1879 1514 1939 1575 fu

2205 1522 2328 1572 ῦτον
2388 1511 2486 1593 ἄρα
2532 1515 2622 1571 τὸν
2693 1513 2867 1583 ἀληθῆ
2928 1513 3090 1594 λόγον
3143 1517 3179 1584 ἡ
3237 1515 3411 1596 φαύλη
3467 1516 3622 1595 ἀκοὴ,
3664 1516 3750 1575 καί

391 1607 679 1689 repletae:
709 1613 769 1669 et
800 1612 968 1686 pater
999 1603 1218 1667 oblitus
1243 1623 1310 1666 se
1333 1621 1464 1666 esse
1492 1611 1745 1683 patrem,
1771 1610 1933 1684 tyran

2209 1606 2264 1669 ὸς
2337 1603 2526 1680 ψεῦδος
2599 1603 3009 1682 γεγυμνασμένη
3091 1604 3167 1680 μή
3252 1608 3533 1684 ἐνεγκοῦσα
3610 1610 3756 1683 θυμοῦ

396 1695 739 1780 properavit
769 1713 902 1757 esse
952 1702 1010 1757 et
1040 1694 1363 1776 parricida,
1397 1696 1456 1755 et
1501 1692 1600 1775 qui
1637 1692 1932 1774 pendebat

2210 1697 2222 1751 ί
2289 1694 2452 1774 ὀργῆς
2537 1692 2856 1775 ἐπληροῦτο.
2933 1694 3031 1752 Καὶ
3102 1696 3130 1752 ὀ
3199 1697 3400 1775 πατὴρ,
3472 1703 3560 1753 τοῦ
3629 1700 3757 1754 εἶναι

391 1785 898 1867 humeris,stricto
922 1802 1065 1847 ense
1090 1793 1261 1866 pater
1280 1801 1595 1865 aggressus
1626 1791 1714 1845 est
1739 1800 1846 1845 sua
1877 1801 1938 1844 m

2214 1785 2310 1862 τὴρ
2384 1782 2757 1860 ἐκλαθόμενος,
2832 1783 3080 1863 τύραννος
3170 1788 3262 1843 καὶ
3350 1787 3533 1867 φονεὺς
3611 1787 3761 1864 ἀπῄει

399 1875 677 1940 occidere
714 1874 1062 1939 Barbaram.
1096 1875 1202 1938 llla
1231 1883 1430 1937 autem
1463 1891 1597 1935 cum
1632 1891 1841 1936 manus
1875 1873 1946 1935 si!

2217 1875 2400 1947 θέσθαι,
2478 1876 2566 1931 καὶ
2645 1875 2706 1931 τὸ
2784 1874 2926 1954 ξίφος
2997 1875 3024 1930 ὃ
3093 1876 3375 1956 παρήτητο
3450 1879 3551 1933 τῶν
3615 1876 3764 1950 ὤμων

399 1968 605 2031 oculos
635 1975 694 2029 et
727 1973 989 2028 mentem
1023 1965 1082 2028 in
1117 1964 1332 2028 coelum
1383 1963 1749 2046 sustulisset,
1783 1983 1918 2027 eum

2222 1962 2582 2040 σπασάμενος,
2647 1965 2952 2044 αύτοχειρίᾳ
3024 1963 3120 2033 τὴν
3180 1963 3456 2045 Βαρϐαραν
3535 1965 3766 2024 ἔσπευδεν

399 2063 592 2140 potest
612 2055 757 2118 dare
778 2055 1053 2134 salutem,
1082 2053 1330 2118 vocabat
1361 2055 1434 2116 ad
1458 2054 1882 2118 auxilium.Ille
1911 2076 1941 2116 v

2218 2053 2368 2114 ιλετν.
2430 2054 2643 2122 Ἐκείνη
2699 2052 2753 2109 δὲ
2785 2067 2979 2134 χεῖρας
3037 2054 3150 2131 ἅμα
3209 2057 3305 2129 καί
3341 2054 3633 2136 ὀφθαλμοὺς
3691 2059 3765 2112 καὶ

397 2167 518 2212 non
550 2144 810 2223 neglexit
842 2163 912 2208 ea
939 2146 1162 2221 facere,
1191 2163 1320 2224 quae
1341 2151 1748 2208 consueverat:
1779 2145 1883 2206 sed
1908 2165 1942 2226 q

2222 2167 2366 2201 νοιαν
2425 2145 2499 2209 εἰς
2557 2142 2778 2223 οὐρανὸν
2848 2143 3022 2218 ἄρασα
3079 2146 3170 2200 τὸν
3241 2145 3432 2215 σώζειν
3501 2143 3764 2222 δυνάμενον

397 2237 575 2300 modo
603 2234 887 2298 Theclam
920 2241 1414 2316 protomartyrem
1471 2231 1844 2295 conservavit
1877 2233 1944 2294 ab

2216 2235 2312 2293 ίλει
2370 2235 2501 2306 πρὸς
2553 2233 2791 2313 ἀρωγήν.
2861 2235 2957 2292 Καὶ
3010 2234 3066 2298 ὃς
3112 2234 3206 2291 οὐκ
3247 2233 3440 2310 ἠμέλει
3477 2237 3541 2292 τὰ
3582 2237 3763 2305 συνήθη

395 2331 499 2404 qui
555 2323 1086 2408 persequebantur,
1147 2332 1325 2404 petrae
1354 2341 1487 2404 qua;
1540 2330 1904 2400 occurrerat,

2219 2323 2326 2379 ,ὧνο
2384 2320 2506 2380 ἁλλ’
2560 2322 2740 2402 ὥσπερ
2797 2321 2999 2379 Θὲκλαι
3050 2325 3150 2391 τὴν
3202 2325 3622 2404 πρωτομάρτυρα
3671 2331 3766 2382 τῶν

395 2415 578 2493 bens,
609 2423 676 2478 ut
711 2415 1212 2496 disrumperetur,
1244 2420 1303 2474 et
1334 2431 1463 2475 eam
1501 2412 1642 2475 sinu
1694 2412 1942 2494 excipert

2217 2412 2434 2469 ικύντων
2504 2410 2748 2488 διέσωσε,
2812 2412 2977 2491 πέτρᾳ
3045 2413 3114 2482 τῇ
3182 2416 3563 2495 προστυχούσῃ
3629 2412 3764 2492 διαρ-

397 2505 479 2568 ita
505 2504 662 2567 hanc
694 2522 932 2586 quoque
961 2503 1277 2582 gloriosam
1310 2501 1492 2563 simili
1523 2510 1833 2563 conservat
1863 2501 1941 2562 mi

2221 2507 2385 2581 (ἦναι,
2451 2502 2537 2558 καὶ
2615 2504 2776 2570 αὗτὴν
2855 2500 3298 2580 ἐγκολπώσασθαι
3373 2503 3768 2580 διακελευσάμε-

398 2595 560 2659 culo.
593 2593 741 2657 Nam
784 2611 920 2656 cum
948 2593 1049 2654 ille
1080 2591 1339 2654 carnifex
1372 2598 1587 2671 (neque
1617 2591 1776 2651 enim
1812 2609 1945 2670 parr

2231 2610 2247 2627 '
2304 2591 2442 2649 οὕτω
2503 2592 2591 2647 καὶ
2649 2591 2746 2659 τὴν
2790 2590 3024 2667 ἀοίδιμον
3081 2593 3286 2661 ταύτην
3341 2595 3509 2670 ὁμοίῳ
3555 2594 3639 2652 καί
3675 2594 3769 2666 ἴσῳ

399 2685 536 2748 dam
571 2684 658 2745 fas
689 2691 778 2745 est
806 2699 1018 2744 vocare
1049 2687 1294 2761 patrem)
1322 2697 1466 2741 ense
1496 2679 1726 2740 sublato
1756 2698 1946 2760 procet

2268 2681 2495 2756 θαύματι
2551 2679 2823 2753 διασώζει·
2883 2681 2979 2746 Ὠς
3051 2683 3152 2762 γὰρ
3210 2682 3421 2749 ἐκεῖνος
3474 2687 3501 2742 ὁ
3572 2682 3764 2760 δήμιος,

396 2785 495 2839 ret
514 2773 572 2834 in
603 2773 809 2847 ﬁliam,
836 2779 1006 2852 petra
1030 2770 1213 2831 scissa
1238 2768 1299 2830 in
1318 2769 1464 2830 duas
1487 2777 1846 2850 partes,eam
1873 2788 1942 2832 ex

2221 2769 2252 2825 ῖὲ
2306 2770 2407 2848 γὰρ
2465 2769 2614 2828 ὅσιον
2684 2771 2888 2848 πατέρα
2947 2773 3038 2828 τὸν
3108 2771 3394 2853 μιαιφόνον
3459 2772 3658 2844 καλεῖν,
3716 2773 3768 2829 τὰ

398 2863 486 2945 pit
515 2861 714 2938 divino
759 2869 818 2923 et
849 2860 1256 2939 omnipotente
1312 2865 1482 2932 nutu,
1514 2866 1574 2921 et
1605 2877 1681 2921 ne
1710 2876 1744 2919 a
1778 2859 1945 2920 manif

2224 2882 2282 2922 ος
2327 2860 2458 2937 ἄρας
2517 2859 2714 2939 ἐχώρει
2767 2861 2904 2918 κατᾶ
2962 2865 3060 2928 τῆς
3119 2864 3400 2942 θυγατρὸς,
3438 2863 3595 2940 πέτρα
3648 2860 3767 2942 διχῆ

403 2951 628 3016 caedem
663 2948 1030 3031 spirantibus
1057 2955 1396 3029 caperetur,
1429 2948 1822 3022 conservavit,
1856 2958 1950 3010 trav

2220 2953 2406 3015 ηθεϊσα
2473 2951 2595 3025 θείῳ
2654 2951 2740 3006 καὶ
2797 2963 3112 3029 παντουργῳ
3183 2953 3406 3030 νεύματι
3466 2955 3653 3020 ταύτην
3719 2972 3767 3007 τε

405 3041 648 3104 mittens
677 3039 750 3102 ad
783 3039 913 3101 loca
945 3038 1130 3117 magis
1161 3045 1463 3100 montana.
1498 3037 1612 3101 Sed
1647 3056 1759 3100 nec
1789 3037 1874 3099 sic
1925 3059 1952 3116 q

2219 3036 2451 3115 εδέξατο,
2489 3042 2580 3096 καὶ
2635 3041 2790 3121 χερσὶ
2847 3041 3113 3103 ωονώσαις
3172 3039 3421 3110 ἄληπτον
3477 3041 3765 3120 διεσώσατο,

403 3131 539 3194 dem
565 3138 792 3211 poterat
814 3128 1148 3207 intelligere
1171 3127 1271 3208 qui
1297 3127 1438 3206 ipsis
1470 3126 1768 3208 lapidibus
1787 3140 1913 3189 erat
1934 3148 1950 3189 ι

2225 3151 2320 3194 τοις
2401 3129 2804 3206 παραπέμψασα
2864 3144 2984 3196 τοῖς
3041 3131 3417 3209 ὀρεινοτέροις,
3490 3129 3636 3189 Ἀλλ’
3689 3133 3772 3188 οὒκ

403 3223 498 3301 gis
527 3218 894 3310 impatibilis,
931 3226 991 3310 et
1043 3217 1243 3310 minus
1273 3235 1452 3310 sensu
1507 3217 1811 3310 praeditus.
1845 3217 1950 3280 Ad]

2251 3216 2366 3277 οὐδὲ
2425 3217 2562 3275 οὕτω
2620 3233 2856 3278 συνεῖναι
2923 3220 3014 3275 τὸν
3074 3222 3166 3276 καί
3224 3219 3386 3279 λίθων
3430 3223 3599 3279 αὗτῶν
3654 3223 3778 3276 ἀπα-

399 3310 562 3374 enim
626 3309 836 3372 eodem
871 3307 1232 3370 incitabatur
1282 3307 1534 3386 impetu,
1569 3313 1628 3367 et
1675 3305 1946 3370 desidera

2230 3327 2378 3385 τερον
2433 3307 2527 3363 καί
2602 3307 3070 3386 ἀναισθητότερον,
3147 3307 3223 3364 ἔτι
3286 3311 3390 3389 γὰρ
3451 3311 3636 3391 εἴχετο
3688 3313 3777 3374 τῆς

397 3399 669 3480 accipere
698 3397 877 3460 ﬁliam
909 3419 924 3478 ;
977 3415 1098 3458 non
1129 3396 1229 3478 qui
1260 3404 1418 3459 esset
1474 3404 1660 3476 pater,
1695 3396 1800 3457 sed
1861 3407 1944 3475 pol

2229 3397 2329 3476 πῆς,
2393 3397 2479 3453 καὶ
2536 3394 2724 3454 λαϐεῖν
2787 3400 2966 3456 ἒποθει
3052 3399 3151 3466 τὴν
3220 3400 3508 3480 θυγατέρα,
3565 3404 3665 3480 οὔχ
3711 3399 3776 3460 ὡς

398 3489 558 3551 filius
587 3489 738 3570 ejus,
771 3487 875 3569 qui
906 3487 1014 3548 fuit
1043 3484 1349 3548 homicida
1379 3483 1451 3546 ab
1496 3484 1662 3546 initio
1685 3485 1738 3558 2,
1771 3493 1833 3545 ut
1859 3485 1945 3547 dic

2231 3486 2310 3562 τὴρ
2363 3485 2436 3543 ὢν
2465 3485 2696 3564 ἐκείνης,
2731 3485 2851 3544 ἀλλ’
2897 3491 2970 3553 ὡς
3015 3490 3123 3552 υἱὸς
3172 3488 3384 3564 μᾷλλον
3428 3497 3521 3546 τοῦ
3562 3487 3778 3568 ἒξαρχῆς

400 3596 539 3641 cum
572 3577 774 3640 divina
821 3576 1130 3656 Scriptura
1167 3597 1181 3649 ;
1217 3582 1301 3655 ut,
1337 3592 1472 3638 cum
1521 3573 1839 3651 invenerit,
1877 3575 1947 3636 Sll

2231 3576 2587 3652 ρωποκτύνου,
2649 3578 2784 3634 κατὰ
2847 3578 2944 3646 τὴν
3000 3578 3140 3634 θείαν
3217 3579 3386 3660 ιρσίναι
3444 3579 3648 3657 φωνήν,
3709 3576 3778 3630 ’ἶν’

400 3675 620 3731 mactet
647 3674 706 3730 et
736 3665 946 3748 perdat
972 3665 1025 3728 ὅ.

2134 3667 2296 3744 εὑρὼν
2317 3665 2428 3742 ἅμα
2460 3668 2544 3723 καὶ
2576 3667 2706 3742 θύσῃ
2735 3668 2821 3722 καὶ
2853 3665 3119 3744 ἀπολέσῃ.

479 3755 555 3822 V.
592 3746 749 3821 Cum
794 3773 934 3818 vero
966 3754 1029 3816 in
1088 3753 1239 3816 duos
1270 3752 1574 3816 incidisset
1630 3756 1914 3834 pastores,
1948 3774 2026 3818 ro‘

2234 3746 2301 3814 ε’.
2367 3756 2591 3828 Ποιμὲσι
2649 3753 2704 3811 δὲ
2778 3753 2867 3812 δύο
2910 3757 3243 3836 περιτυχὼν,
3307 3757 3364 3813 εἴ
3421 3779 3471 3814 τι
3504 3756 3591 3813 καὶ
3645 3755 3781 3812 ἴσασι

399 3846 561 3929 gavit
588 3865 665 3910 an
696 3845 772 3908 de
804 3863 875 3908 ea
905 3843 1132 3908 scirent
1178 3843 1422 3924 aliquid.
1457 3842 1540 3904 Ex
1568 3843 1659 3904 his
1688 3854 1883 3906 autem
1908 3864 1940 3906 a

2244 3846 2258 3900 ἰ
2316 3846 2512 3910 ταύτης
2559 3844 2962 3905 ἀνεπυνθάνετο.
3034 3847 3248 3903 Τούτων
3312 3844 3369 3902 δὲ
3425 3845 3610 3925 ἅτερος
3670 3843 3780 3920 μὲν,

399 3936 667 4015 quidem,
704 3937 805 4016 qui
837 3942 967 3996 erat
999 3934 1198 3996 animo
1232 3933 1593 4005 misericors,
1627 3944 1688 3994 et
1718 3935 1810 3994 cui
1841 3934 1946 4015 dis]

2239 3956 2360 4008 »μης
2443 3933 2518 3990 ὢν
2600 3934 2927 4014 συμπαθοῧ,
3015 3936 3100 3992 καὶ
3184 3936 3248 3992 τὸ
3336 3936 3620 4016 προδοῦναι
3698 3931 3786 3998 τὴν

399 4024 599 4106 cebat,
631 4042 761 4087 eam
815 4042 992 4104 quam
1035 4030 1204 4103 pater
1258 4021 1744 4103 persequebatur,
1774 4025 1946 4104 prode

2237 4021 2472 4097 κομένην
2544 4025 2637 4080 οὒκ
2695 4021 2950 4096 ἐπαινῶν,
3012 4022 3222 4101 ἔξαρνος
3295 4023 3365 4092 ἧν
3439 4022 3784 4104 παραχρῆμα,

401 4115 597 4177 statim
642 4114 895 4193 negavit,
933 4122 992 4174 et
1021 4129 1085 4173 se
1148 4111 1443 4172 simulavit
1472 4112 1766 4189 ignorare,
1803 4131 1948 4174 mem

2277 4111 2377 4178 τὴν
2435 4109 2652 4188 ἄγνοιαν
2715 4113 3040 4191 ὑπεκρίνετο,
3090 4112 3307 4189 ψεῦδος,
3361 4115 3521 4171 εἶπεν
3578 4113 3637 4171 ἄν
3693 4131 3785 4182 τις,

402 4204 562 4267 cium
597 4202 852 4265 salutare
883 4220 990 4283 pro
1021 4201 1289 4276 veritate,
1325 4219 1460 4277 quae
1503 4201 1766 4278 laederet,
1801 4202 1949 4282 elige

2241 4211 2401 4279 ῖήριον
2455 4201 2567 4256 ἀντὶ
2621 4200 2962 4276 βλαπτούσης
3018 4201 3271 4268 ἀληθείας
3318 4203 3602 4277 ἐλόμενος,
3654 4198 3788 4266 Πλὴν

401 4293 694 4357 Caeterum
749 4292 850 4355 hic
880 4299 1087 4374 aperte
1139 4289 1452 4352 erubescat
1480 4290 1770 4360 Herodes.
1805 4293 1905 4372 qui
1937 4313 1948 4354 ι

2246 4289 2260 4313 ’
2344 4290 2675 4370 αἰσχυνέσθω
2756 4299 2992 4370 φανερῶς
3099 4291 3326 4351 ἐνταῦθα
3419 4285 3660 4374 Ἡρώδης
3740 4290 3793 4344 οὗ

399 4390 563 4446 recte
591 4383 865 4444 servabat
916 4378 1362 4461 jusjurandum,
1397 4385 1459 4438 ut
1493 4378 1664 4440 etiam
1700 4380 1921 4461 aliquid

2240 4385 2317 4443 ,ῶς
2377 4379 2624 4458 εὗροκῶν,
2658 4381 2752 4437 ’ίνα
2802 4405 2851 4438 τι
2883 4385 2971 4438 καί
3026 4385 3324 4463 παρὲνείρω
3353 4389 3433 4458 τῷ
3483 4380 3787 4461 διηγήματι,

400 4489 594 4533 seram
642 4470 992 4545 narrationi,
1046 4477 1105 4529 et
1158 4467 1256 4546 qui
1318 4476 1382 4528 ut
1442 4468 1653 4530 malam
1713 4471 1947 4534 defende

2275 4467 2468 4542 ⁴ἡδονῆς
2501 4469 2562 4526 ἐκ
2589 4469 2738 4538 δίκης
2787 4481 3024 4550 πονηράς
3067 4480 3161 4531 τοῦ
3218 4472 3386 4554 ὅρκου
3416 4477 3518 4541 τὴν
3567 4469 3793 4552 φυλακὴν

399 4561 786 4649 voluptatem,
822 4557 1015 4649 stabat
1042 4555 1424 4649 jusjurando.
1453 4558 1625 4620 Alter
1645 4577 1790 4649 vero
1825 4579 1942 4638 neq

2246 4560 2502 4649 odpevoc,
2543 4558 2608 4618 Ὀ
2663 4559 2717 4618 δὲ
2767 4560 2928 4624 ἄλλος
2971 4561 3188 4641 γλώττῃ
3237 4564 3342 4640 μὲν
3402 4562 3668 4640 οὸδαμῶς,
3726 4564 3793 4632 τῷ

403 4666 578 4728 quam
613 4647 854 4727 quidem
890 4644 1112 4726 lingua,
1141 4643 1248 4706 sed
1273 4644 1478 4725 digito,
1504 4647 1662 4727 quod
1694 4657 1783 4710 est
1806 4650 1950 4712 scele

2246 4647 2382 4724 τύλῳ
2465 4647 2518 4704 δὲ
2601 4649 3016 4731 κακουργότερον
3101 4654 3422 4732 ὑποφαίνων
3456 4701 3474 4732 ,
3553 4652 3651 4719 τὴν
3729 4650 3793 4710 ὡς

402 4737 544 4818 tius,
577 4735 884 4811 indicans,
938 4733 1294 4797 ostendebat
1351 4738 1525 4812 viam,
1558 4755 1691 4818 quae
1738 4739 1808 4800 ad
1867 4740 1949 4821 ips

2247 4738 2307 4805 ὴν
2363 4738 2671 4817 ἀπάγουσαν
2746 4739 3040 4804 ὑπεδείκνυ.
3101 4744 3401 4821 Τοιγαροῦν
3463 4746 3560 4802 οὒκ
3614 4739 3794 4816 ἤνεγκε

405 4823 883 4916 ducebatrouod
899 4823 1126 4916 factum,
1143 4825 1471 4916 estitaque,
1498 4845 1617 4916 non
1653 4828 1787 4889 tulit
1803 4829 1946 4910 justi

2277 4827 2515 4907 πραχθὲν
2565 4831 2600 4897 ἠ
2660 4827 2804 4904 δίκη,
2866 4829 3001 4886 ἀλλᾶ
3069 4833 3335 4910 τιμωρίαν
3398 4831 3576 4910 ἐπῆγε
3631 4851 3795 4907 παρα-

405 4914 512 4977 sed
570 4915 768 4977 statim
803 4913 1052 4976 sceleris
1111 4912 1308 4974 intulit
1356 4914 1751 4995 supplicium:
1814 4925 1874 4979 et
1924 4937 1952 4979 c

2250 4939 2334 4994 ,μα
2389 4919 2482 4974 τοῦ
2530 4921 2997 4998 κακουργήματος,
3058 4921 3147 4978 καὶ
3187 4921 3258 4976 τὰ
3312 4920 3478 4978 αὐτοῦ
3535 4920 3797 4999 θρέμματα

405 5005 539 5086 ejus
585 5021 725 5066 oves
777 5009 1080 5092 exsecrata
1133 5016 1292 5092 esset
1351 5011 1597 5086 martyr,
1631 5023 1749 5066 non
1808 5025 1952 5088 amp

2299 5007 2558 5087 μάρτυρος
2614 5010 3049 5086 ἒπαρασαμένης,
3111 5011 3206 5067 οὐκ
3264 5009 3348 5068 ἔτι
3403 5009 3678 5092 θρέμματα
3717 5005 3797 5081 ἦν,

403 5100 574 5156 erant
605 5109 771 5170 oves,
801 5090 905 5154 sed
938 5099 1176 5182 mutatae
1204 5091 1447 5155 fuerant
1475 5093 1536 5154 in
1577 5096 1891 5157 scarabeos
1933 5115 1950 5158 ι

2254 5093 2263 5117 ’
2314 5099 2386 5161 είς
2416 5096 2684 5177 κανθάρων
2739 5099 3034 5174 ὁμοιότητα
3085 5090 3635 5182 μετεϐλήθη,ὴστιὶλη
3676 5117 3801 5155 κατ-

404 5183 483 5245 ad
533 5189 818 5264 perpetua
849 5181 1099 5244 sceleris
1146 5182 1610 5263 accusationem,
1644 5193 1863 5247 sanctae
1910 5187 1951 5248 B

2256 5208 2337 5265 ρος
2394 5186 2520 5267 ἄχρι
2597 5186 2781 5254 τέλους
2863 5191 2952 5246 τὸν
3011 5189 3108 5258 τῆς
3181 5188 3348 5268 ἆγίας
3411 5181 3583 5267 τάφον
3659 5209 3803 5266 περι-

403 5271 564 5334 harae
583 5270 926 5352 sepulcrum
946 5278 1235 5351 perpetuo
1268 5273 1713 5338 circumvolant.
1745 5272 1884 5337 Haec
1916 5293 1948 5337 e

2257 5278 2429 5352 ίμενα.
2488 5277 2704 5344 Τούτοις
2767 5278 2854 5336 οὗν
2918 5291 3034 5344 τοῖς
3082 5275 3450 5358 ὑποδείγμασι
3496 5287 3590 5338 τοῦ
3643 5276 3804 5334 δολίου

405 5359 598 5422 dolosi
626 5360 879 5440 pastoris
908 5360 1160 5439 vestigia
1209 5371 1450 5424 secutus
1479 5381 1686 5426 amens
1713 5363 1952 5428 Dioscor

2258 5387 2424 5443 rxopo;
2483 5365 2847 5438 ἀκολουθήσας
2908 5370 2935 5425 ὁ
2992 5366 3310 5445 παραπλὴξ,
3361 5370 3456 5427 καὶ
3511 5369 3612 5438 τὴν
3661 5367 3805 5446 ἁγίαν

405 5466 542 5539 cum
564 5456 826 5510 sanctam
873 5449 932 5509 in
953 5461 1155 5539 monte
1181 5453 1761 5532 comprehendisset,
1797 5457 1946 5536 prim

2296 5456 2451 5534 ὅρους
2515 5455 2852 5539 καταλαϐὧν,
2911 5464 3094 5537 πρῶτα
3147 5457 3251 5532 μὲν
3310 5458 3489 5526 οὕτως
3559 5461 3631 5523 ὡς
3689 5459 3804 5534 εἶχε

405 5537 647 5620 quidem
678 5543 756 5599 ita
785 5545 846 5599 ut
875 5544 1000 5600 erat
1027 5537 1118 5600 ira
1156 5543 1436 5621 percitus,
1474 5543 1810 5607 conscindit
1833 5545 1952 5607 verl

2256 5553 2298 5604 >6
2352 5544 2593 5631 πληγαῖς
2625 5537 2975 5605 κατακόπτει·
3038 5545 3224 5606 ἔπειτα
3270 5552 3375 5618 τῆς
3408 5549 3588 5627 κόμης
3647 5544 3803 5614 αὒτὴν

483 5713 511 5759 ²
535 5716 707 5778 Joan.
740 5731 870 5794 vm,
904 5716 1006 5786 44.
1089 5718 1123 5770 3
1149 5719 1320 5781 Joan.
1353 5735 1415 5800 x,
1451 5718 1553 5783 12.
