3918 6138
165 381 276 454 309

1329 391 1800 458 MARTYRIUM
1846 391 1904 457 S.
1949 387 2347 456 BARBARAE.

3416 371 3538 458 310'

161 519 466 603 λαϐόμενος,
525 521 617 580 καὶ
679 523 809 602 πρὸς
865 523 981 612 βίαν
1039 521 1232 599 ἕλκων,
1278 524 1398 581 τότε
1440 525 1535 599 μὲν
1582 525 3519 612 οἰκίσκῴΑτὶὺυς.1)θίηάθθειηιεοιηοερρτοιιεηάθηεοινίινδιιθηε,

159 612 356 691 βραχεῖ
437 612 772 688 κατακλείει,
853 611 1089 694 φύλακας
1173 613 1463 685 ἐπιστήσας
1542 617 1629 672 καὶ
1701 618 1800 685 τὴν

158 703 306 780 θᾶραν
380 715 640 781 σφαγῐσιν
716 702 1163 783 ἀσφαλισάμενος·
1241 707 1361 760 εἶτα
1445 706 1533 760 καὶ
1616 704 1801 780 πολλῷ

154 799 222 865 τῷ
249 793 415 872 τάχει
450 794 578 871 πρὸς
640 794 732 849 τὸν
792 795 1031 872 ἡγεμόνα
1089 795 1388 860 Μαρκιανὸν
1450 795 1794 877 ἀφικόμενος,

153 883 204 947 ὃς
229 884 332 948 τὴν
365 883 542 962 ἀρχὴν
592 884 714 940 τότε
761 883 867 940 τῶν
910 883 1086 940 ἐκεῖσε
1143 881 1368 959 διεῖπεν,
1429 886 1569 960 αύτῷ
1626 887 1796 943 πάντα

154 974 213 1028 τὰ
267 979 360 1028 τοῦ
431 973 749 1050 πράγματος
822 972 1124 1051 καταλέγει’
1200 975 1288 1029 καὶ
1378 976 1439 1030 το
1510 973 1795 1054 κεφάλαιον

158 1062 230 1118 ὅτι
293 1062 444 1126 θεοῦς
507 1063 608 1136 μὲν
665 1065 727 1120 τὸ
782 1063 1056 1141 θυγάτριον
1115 1064 1389 1140 αρντ,θείη,
1453 1065 1516 1120 τὰ
1561 1062 1614 1120 δὲ
1659 1073 1794 1141 Χρι-

157 1159 375 1208 στιανῶν
425 1151 606 1209 ἕλοιτο
665 1153 791 1230 παρ’
849 1150 1035 1208 ἐλπίδα
1090 1159 1270 1226 τιμᾷν.
1335 1155 1510 1210 Ταῦτά
1562 1177 1619 1211 τε
1665 1154 1792 1234 ἔφη,

157 1243 233 1297 καὶ
305 1242 549 1320 ἀγα-(ὼν,
624 1244 807 1320 χερσὶν
879 1242 1040 1309 αὐτὴν
1122 1240 1332 1298 ἔκδοτον
1403 1257 1525 1308 ταῖς
1595 1243 1794 1301 ἐκείνου

158 1344 315 1405 ποιεῖ,
353 1333 494 1388 κατα
523 1335 628 1387 τῶν
656 1331 797 1388 ἰδίων
827 1332 1064 1405 ὁρκώσας
1092 1335 1224 1388 θεῶν
1256 1333 1331 1408 μὴ
1364 1335 1634 1410 φείσασθαι
1665 1341 1794 1391 τοῦ-

158 1444 239 1477 τον
267 1426 368 1487 τῆς
400 1422 657 1499 θυγατρὸς
691 1421 759 1501 (ὣ
789 1419 1115 1500 σπλάγχνων
1141 1421 1410 1500 πατρικῶν
1441 1425 1453 1480 l
1489 1425 1516 1479 ὁ
1565 1423 1790 1504 πατὴρ),

157 1510 282 1566 ἀλλᾶ
335 1513 424 1568 καὶ
485 1510 760 1587 βιαιότατα
820 1515 1118 1591 μετελθεῖν,
1185 1514 1272 1568 καὶ
1337 1513 1586 1589 βασάνοις
1659 1513 1792 1570 ἄνα-

163 1603 322 1658 λῶσαι
356 1601 798 1680 χαλεπωτάταις.

235 1691 336 1766 ςν.
402 1683 463 1749 Ὀ
532 1693 702 1749 τοίνυν
777 1695 1076 1773 Μαρκιανὸς
1160 1692 1496 1773 δικαστήριον
1580 1694 1796 1758 καθίσας

167 1783 320 1854 εἘδς,
385 1783 476 1838 καὶ
535 1782 633 1850 τήν
689 1783 843 1860 ἁγίαν
891 1784 1398 1864 παραστησάμενος,
1456 1785 1516 1841 τό
1585 1806 1642 1840 τε
1704 1789 1796 1841 τοῦ

167 1872 307 1938 ἤθους
357 1874 501 1947 ὁμοῦ
557 1872 780 1947 κόσμιον
839 1875 924 1929 καὶ
979 1875 1040 1929 τὸ
1095 1879 1193 1940 τῆς
1253 1876 1461 1954 μορφῆς
1519 1873 1795 1953 πάγκαλον

169 1965 506 2039 θεασάμενος,
580 1964 685 2019 τῶν
742 1965 838 2020 τοῦ
890 1965 1090 2042 πατρὸς
1148 1963 1318 2042 ὅρκων
1388 1964 1791 2040 ἐπιλαθόμενος,

169 2055 438 2128 θαυμάζειν
510 2054 632 2109 τότε
703 2051 906 2128 μᾶλλον
967 2052 1002 2120 ἤ
1088 2052 1330 2125 κολάζειν
1413 2054 1624 2130 ἕτοιμος
1709 2054 1795 2120 ἧν.

175 2146 322 2220 Ττὶτῃ
394 2150 532 2221 γοῦν
603 2145 688 2200 καὶ
762 2143 958 2221 ῥήμασι
1026 2145 1439 2224 χρηστοτέροις,
1516 2144 1798 2222 Οἵκτειρον

174 2235 398 2303 σεαυτὴν,
465 2230 674 2310 ἔλεγεν,
732 2232 778 2287 ὦ
835 2232 1096 2312 Βαρϐάρα,
1160 2235 1244 2290 καὶ
1302 2233 1416 2308 μεθ’
1464 2235 1617 2308 ἡμῶν
1647 2236 1796 2290 θῦσαι

170 2335 270 2384 τοῖς
328 2325 480 2385 θεοῖς
554 2323 920 2398 προθυμήθητι
952 2340 962 2352 ·
1027 2325 1099 2387 ὡς
1169 2321 1337 2400 ἓχωγε
1407 2321 1637 2398 κήδομαί
1705 2345 1798 2379 σου

172 2414 248 2466 καὶ
297 2413 553 2486 βασάνοις
613 2410 806 2476 κάλλος
857 2422 1106 2470 τοσοῦτον
1171 2411 1456 2469 ὑποϐαλεῖν
1530 2411 1792 2492 φείδομαι.

175 2503 228 2557 Εἰ
274 2500 323 2555 δὲ
379 2503 459 2576 μὴ
521 2502 815 2575 πεισθείης,
881 2500 999 2558 ἀλλ’
1055 2502 1150 2578 ἐμὲ
1202 2504 1504 2582 χρήσασθαί
1560 2524 1641 2558 σοι
1691 2526 1796 2559 κα-

173 2593 506 2668 ταναῃέσεις
579 2593 642 2647 τὸ
712 2590 901 2648 λοιπὸν
971 2595 1044 2657 ὡς
1116 2592 1174 2649 οὗ
1239 2593 1520 2670 βούλομαι.
1593 2584 1660 2650 Ἠ
1743 2591 1797 2648 δὲ

171 2681 374 2757 μὲρτυς,
410 2683 557 2758 Ἐγὼ
586 2683 766 2737 θυσίαν
811 2682 1057 2746 αἰνέσεως
1114 2688 1192 2752 τῷ
1245 2683 1379 2758 ἐμῷ,
1440 2682 1564 2763 ἔφη,
1627 2706 1797 2760 προσ-

171 2769 270 2835 ἐγω
334 2777 474 2844 Θεῷ,
534 2773 590 2835 ὃς
647 2772 866 2846 οὐρανόν
923 2793 979 2827 τε
1041 2773 1128 2827 καὶ
1187 2777 1288 2850 γῆν
1346 2772 1543 2852 ἔκτισε,
1597 2774 1682 2829 καὶ
1733 2773 1800 2830 τὰ

167 2857 214 2912 ἓν
265 2861 452 2923 αὖτοϊς
513 2858 744 2918 ἅπαντα.
809 2863 926 2939 Περὶ
1000 2858 1052 2915 δὲ
1123 2867 1228 2917 τῶν
1299 2863 1560 2940 ματαίων,
1633 2863 1795 2941 φημὶ)

161 2952 282 3003 θεῶν
353 2970 450 3004 σου
523 2949 829 3028 προείρηται
904 2950 1000 3024 μὲν
1073 2949 1127 3004 ἐν
1194 2950 1316 3024 θείῳ
1390 2953 1649 3025 Πνεύματι
1722 2957 1798 3023 τῷ

165 3037 318 3094 Δαυίδ
377 3038 459 3094 ὅτι
527 3061 555 3091 α
594 3039 668 3096 Τὰ
725 3037 920 3095 εἴδωλα
977 3046 1082 3096 τῶν
1147 3039 1304 3096 ἐθνῶν
1366 3041 1609 3117 ἀργύριον
1648 3062 1672 3097 ι)
1710 3043 1796 3097 καὶ

160 3129 390 3207 γρυσίον,
426 3127 556 3207 ἔργα
589 3134 787 3208 χειρῶν
818 3129 1126 3208 ἀνθρώπων,
1163 3153 1190 3184 ››
1246 3132 1331 3186 καὶ
1390 3131 1468 3186 ὅτι
1537 3151 1559 3185 (ι
1598 3130 1795 3193 Πάντες

157 3220 197 3271 οἱ
287 3222 342 3274 θε
350 3221 398 3274 οὶ

153 3307 318 3385 κάγὼ,

502 3225 608 3274 τῶν
706 3219 866 3275 ἐθνῶν
965 3217 1234 3294 δαιμόνια,
1274 3243 1300 3274 ι
1392 3223 1647 3301 Σύμφημι
1741 3218 1795 3275 δὲ

442 3310 533 3364 καὶ
643 3308 742 3374 τὴν
846 3310 972 3385 πρὸς
1055 3309 1241 3372 αὖτοὺς
1347 3308 1531 3366 ἒλπίδα
1637 3310 1796 3376 κενὴν

156 3400 291 3454 εἶναι
376 3399 469 3454 καί
570 3398 796 3472 ματαίαν
879 3397 1160 3477 διαῤῥτίδην
1254 3398 1527 3478 ὁμολογῶ.
1624 3407 1797 3456 Ταῦτα

155 3489 242 3554 τῆς
317 3489 584 3566 μάρτυρος
655 3488 929 3566 εἰπούσῆς,
1006 3492 1034 3544 δ
1103 3487 1357 3554 δικαστὴς
1430 3490 1561 3568 πρὸς
1631 3488 1798 3566 δργὴν

156 3578 408 3658 ἐξαφθεὶς,
460 3575 824 3654 περιδεθεϊσαν
879 3578 1044 3645 αὐτὴν
1097 3577 1299 3635 κελεύει
1353 3579 1544 3654 βοείοις
1603 3579 1797 3652 νεύροις

756 3666 1175 3733 καταξαίνεσθαι.
1277 3669 1414 3724 Εἶτα
1488 3666 1797 3746 δριμυτέραν

159 3760 280 3834 αὖτῇ
333 3760 437 3825 τὴν
493 3759 744 3824 αἴσθησιν
803 3757 1029 3814 ἐνθεῖναι
1091 3756 1438 3837 βουλόμενος,
1494 3760 1581 3814 καὶ
1616 3758 1798 3838 τριχί-

157 3667 323 3740 ὼςαοϊς
409 3667 656 3734 ἀνηλεῶς

160 3871 258 3913 νοις
369 3847 678 3926 ὑφάσμασιν
793 3846 1064 3902 ἓπιτάττει
1187 3845 1582 3926 προστρίϐεσθαι
1711 3847 1798 3910 τὰς

161 3937 394 4013 πληγάς,
508 3937 686 3998 Οὕτως
784 3937 871 3992 οὗν
982 3936 1341 4012 ἀπανθρώπως
1433 3935 1794 4012 αἰκιζομένης,

1889 625 2028 680 tunc
2058 618 2298 699 quidem
2329 617 2582 680 includit
2612 621 2670 680 in
2704 637 2880 700 parva
2907 621 3287 702 domuncula,
3323 622 3524 704 impo-

1883 725 2032 770 nens
2062 708 2356 784 custodes,
2410 716 2468 769 et
2517 709 2732 770 ostium
2765 709 3051 773 obserans
3083 719 3138 773 et
3175 711 3521 793 obsignans.

1883 797 2111 859 Deinde
2139 798 2312 860 etiam
2347 816 2554 877 magna
2586 799 2892 862 celeritate
2941 800 3185 863 veniens
3241 801 3310 864 ad
3373 823 3524 883 prae-

1883 887 2072 949 sidem
2104 886 2478 970 Martianum,
2505 889 2604 969 qui
2638 897 2774 952 tunc
2800 889 2921 952 illic
2951 890 3193 970 gerebat
3216 893 3522 971 magistra-

1881 985 2026 1058 tum,
2061 977 2242 1039 refert
2270 978 2323 1038 ei
2356 995 2480 1038 rem
2531 997 2792 1041 omnem.
2847 978 3090 1043 Summa
3141 989 3335 1044 autem
3369 993 3516 1062 erat,

1879 1063 2040 1141 quod
2063 1063 2209 1126 deos
2231 1064 2473 1145 quidem
2499 1076 2769 1145 negasset
2791 1067 2933 1148 ﬁlia,
2953 1085 3052 1130 res
3077 1087 3214 1132 vero
3238 1071 3519 1134 Christia-

1880 1171 2088 1214 norum
2124 1154 2399 1233 elegisset
2423 1164 2635 1236 praater
2665 1176 2828 1238 spem
2852 1159 3316 1223 honorare.Hzec
3345 1161 3512 1241 dixit,

1881 1253 1937 1304 et
1967 1242 2280 1305 adductam
2307 1245 2564 1307 traditin
2593 1247 3003 1330 manusillius,
3028 1268 3159 1311 cum
3191 1269 3322 1312 eum
3351 1252 3518 1332 prius

1879 1333 2173 1411 adegisset
2203 1345 2600 1413 sacramento,
2638 1356 2755 1398 non
2788 1356 3102 1417 parsurum
3162 1359 3296 1402 esse
3355 1341 3516 1424 ﬁlize,

1875 1426 1934 1504 (ο
1970 1432 2214 1504 paterna
2244 1425 2492 1501 viscera,
2523 1428 2754 1508 pater!)
2791 1428 2894 1489 sed
2929 1429 3354 1492 violentissime
3386 1450 3514 1494 eam

1879 1531 2011 1576 esse
2043 1522 2451 1592 lractaturum,
2488 1525 2545 1578 et
2575 1535 2706 1579 esse
2735 1519 3098 1598 gravissimis
3120 1529 3514 1602 consumptu-

1879 1621 2010 1664 rum
2042 1605 2370 1684 suppliciis.

1960 1692 2057 1755 VI.
2085 1693 2404 1759 Martianus
2431 1715 2570 1778 ergo
2588 1715 2721 1760 cum
2744 1699 2958 1764 sedere
2987 1702 3255 1782 protinus
3277 1702 3517 1766 fecisset

1875 1782 2188 1862 judicium,
2244 1795 2300 1848 et
2347 1797 2612 1849 sanctam
2660 1799 2931 1853 curasset
2977 1793 3320 1875 sistendam,
3375 1801 3516 1856 tunc

1818 1924 1858 1976 Β
1881 1877 2584 1976 morumncontemplatus
2615 1880 3093 1976 honestatemet
3147 1883 3352 1945 forma;
3384 1882 3516 1964 pul-

1885 1963 2504 2047 chritudinem,patris
2535 1971 2894 2033 sacramenti
2920 1973 3160 2048 oblitus,
3188 1992 3318 2035 eam
3349 1963 3519 2052 para-

1889 2059 2141 2144 luserat
2163 2057 2348 2134 magis
2380 2057 2608 2140 mirari,
2633 2079 2808 2140 quam
2842 2063 3150 2140 castigare.
3177 2061 3270 2126 Sic
3296 2081 3434 2144 ergo
3458 2071 3519 2126 et

1885 2142 2078 2204 verbis
2129 2143 2618 2224 benignioribus:
2675 2150 2964 2214 Miserere
3013 2154 3118 2228 tui,
3176 2142 3436 2228 dicebat,
3481 2173 3515 2215 ο

1880 2231 2161 2314 Barbara,
2195 2245 2587 2317 promptoque
2620 2247 2678 2300 et
2716 2240 2896 2302 alacri
2942 2242 3142 2305 animo
3203 2243 3512 2306 nobiscum

1881 2320 1996 2383 diis
2027 2325 2321 2387 sacrifica.
2355 2323 2499 2386 Nam
2533 2345 2640 2405 ego
2661 2328 2899 2408 quidem
2934 2333 3017 2393 tui
3037 2351 3235 2396 curam
3260 2352 3424 2412 gero,
3461 2341 3520 2396 et

1882 2430 2059 2491 parco
2089 2413 2402 2474 tormentis
2435 2415 2606 2476 talem
2652 2418 2952 2497 subjicere
2983 2421 3514 2501 pulchritudinem.

1882 2503 1986 2564 Sin
2016 2510 2211 2564 autem
2238 2522 2356 2564 non
2382 2505 2671 2584 parueris,
2705 2526 2800 2568 me
2825 2509 3107 2589 deinceps
3128 2529 3302 2589 coges
3323 2519 3378 2574 te
3401 2513 3508 2588 uti,

1883 2599 1945 2681 ut
1975 2592 2128 2655 volo.
2164 2593 2384 2673 Martyr
2411 2603 2608 2656 autem
2639 2616 2652 2656 :
2685 2596 2805 2675 Ego
2853 2599 3236 2672 sacriﬁcium,
3298 2600 3514 2681 inquit,

1881 2679 2074 2743 laudis
2105 2681 2224 2743 Deo
2257 2701 2390 2744 meo
2424 2684 2633 2766 offero,
2668 2688 2769 2762 qui
2819 2689 3036 2750 creavit
3062 2689 3274 2751 coelum
3306 2698 3363 2752 et
3384 2679 3516 2752 iter-

1881 2788 2034 2851 ram,
2067 2780 2126 2831 et
2154 2773 2354 2834 omnia
2400 2793 2529 2854 quae
2560 2775 2615 2834 in
2652 2775 2740 2838 eis
2771 2785 2931 2839 sunt.
2965 2777 3049 2840 De
3079 2780 3194 2841 tuis
3222 2798 3385 2860 vero,
3418 2782 3518 2842 in-

1882 2860 2034 2940 quit,
2067 2861 2232 2922 vanis
2265 2862 2380 2922 diis
2413 2863 2759 2942 praedictum
2807 2867 3048 2947 quidem
3083 2877 3174 2931 est
3219 2889 3254 2931 a
3303 2869 3522 2932 Davide

1881 2949 1941 3008 in
1973 2949 2175 3012 divino
2209 2949 2470 3031 Spiritu:
2505 2975 2528 3010 ιι
2555 2954 2889 3018 Simulacra
2917 2957 3179 3033 gentium
3214 2969 3520 3038 argentum

1881 3045 1940 3099 et
1994 3057 2226 3113 aurum,
2291 3060 2474 3121 opera
2540 3061 2818 3105 manuum
2888 3047 3198 3109 hominum
3222 3049 3270 3108 4.
3313 3074 3336 3105 »
3402 3049 3513 3112 Et:

1888 3148 1912 3184 ιι
1945 3126 2165 3191 Omnes
2196 3129 2276 3190 dii
2308 3132 2570 3210 gentium
2604 3133 2938 3200 daemonia:
2986 3137 3272 3201 Dominus
3324 3146 3521 3202 autem

1881 3218 2060 3279 ccelos
2085 3218 2224 3280 fecit
2245 3221 2296 3280 5.
2332 3247 2352 3276 υ
2384 3219 2625 3310 Etvero
2657 3241 2763 3302 ego
2795 3243 3027 3306 quoque
3050 3227 3364 3310 assentior,
3390 3248 3522 3291 esse

1816 3293 2114 3388 Cvanam,
2147 3327 2277 3389 qua;
2327 3317 2418 3371 est
2467 3309 2528 3371 in
2579 3293 3022 3395 eis,vspem,.et
3049 3316 3285 3379 inanem
3317 3293 3521 3398 aperte

1882 3398 2194 3460 conﬁteor.
2249 3398 2384 3460 Haec
2425 3418 2559 3460 cum
2620 3400 2865 3465 dixisset
2923 3415 3163 3486 martyr,
3213 3407 3402 3486 judex
3431 3408 3523 3470 ira

1879 3504 2192 3561 accensus,
2220 3487 2392 3567 jubet
2423 3507 2552 3550 eam
2605 3491 2766 3566 exui,
2826 3502 2886 3556 et
2943 3494 3282 3556 crudelibus
3340 3495 3519 3559 boum

1881 3576 2078 3637 nervis
2137 3576 2461 3638 crudeliter
2510 3579 2680 3640 caedi.
2741 3582 2970 3643 Deinde
3029 3603 3163 3645 cum
3221 3585 3395 3646 vellet
3463 3587 3521 3647 ei

1882 3667 2120 3729 efﬁcere
2150 3684 2391 3727 sensum
2425 3667 2817 3746 acerbiorem,
2856 3671 3027 3750 jubet
3076 3672 3273 3752 plagas
3322 3674 3516 3736 cilicio

1881 3755 2076 3817 atteri.
2109 3756 2254 3818 Cum
2279 3755 2591 3836 puniretur
2611 3774 2748 3834 ergo
2775 3767 2888 3820 tam
2913 3761 3259 3836 inhumane,
3288 3764 3517 3844 aperie-

1882 3844 2100 3906 bantur
2128 3862 2332 3923 graves
2362 3845 2554 3906 fontes
2588 3848 2877 3926 corporis,
2912 3849 3058 3911 adeo
3108 3859 3168 3912 ut
3201 3860 3383 3912 totum
3416 3870 3518 3912 so-

1883 3935 2006 3996 lum
2039 3934 2385 4014 irrigaretur
2440 3936 2731 4014 sanguine
2786 3937 3048 4017 virginis.
3098 3941 3337 4004 Deinde
3391 3948 3522 4021 post

163 4026 391 4105 χαλεπαὶ
453 4032 530 4099 τῷ
606 4024 812 4100 σώματι
887 4027 974 4082 καὶ
1045 4025 1336 4083 ἆνώκεστοι
1416 4027 1795 4102 ἀνεστομοῦντο

1922 4025 2130 4087 erbera
2161 4042 2288 4087 eam
2321 4041 2561 4086 carcere
2585 4025 2822 4107 excipit,
2860 4027 2998 4089 dum
3023 4038 3344 4110 occupatus
3367 4037 3524 4091 esset

161 4096 347 4195 πηγαὶ,
401 4096 585 4178 ὡς-τὸ
629 4096 750 4171 ὅλον
801 4113 988 4195 ἔδαφος
1034 4120 1131 4182 τῆς
1189 4114 1445 4194 παρθένου
1502 4115 1795 4195 περιεῤῥάν-

1927 4114 2178 4177 rzesesin
2193 4096 2846 4196 deliberando,cuinam
2869 4119 3160 4199 supplicio
3173 4096 3300 4183 eam
3321 4126 3524 4201 postea

157 4209 231 4261 θαι
301 4219 425 4270 τοῖς
487 4205 736 4280 αἴμασιν.
795 4203 1024 4261 ’Ἔπειτα
1099 4205 1234 4280 μετὰ
1307 4205 1400 4264 τὰς
1473 4203 1686 4284 πληγὰς
1743 4209 1803 4264 τὸ
1887 4205 2172 4269 traderet.

158 4294 516 4372 δεσμωτήριον
576 4295 739 4361 αὐτὴν
780 4291 1106 4374 διαδέχεται,
1159 4304 1251 4355 τοῦ
1305 4296 1572 4373 ἡγεμόνος
1623 4297 1754 4375 πρὸς
1826 4295 2116 4374 διάσκεψεν
2178 4297 2661 4378 ἐνασχολουμένου,
2721 4299 2819 4354 τίνι
2890 4301 2951 4355 τὸ
3023 4301 3158 4374 μετὰ
3218 4307 3375 4359 ταῦτα
3435 4323 3524 4356 τι·-

160 4387 323 4464 μωρίᾳ
352 4388 455 4453 τὴν
485 4385 719 4463 μάρτυρα
745 4382 1068 4456 παραδώσει.
2120 4390 2122 4392 ⁷

235 4476 316 4539 Ζ¹,
350 4473 496 4542 Ἤδη
527 4473 583 4530 δὲ
615 4475 877 4548 μεσούσης
935 4477 1141 4550 νυκτὸς,
1203 4475 1315 4556 φῶς
1363 4497 1421 4532 τε
1465 4475 1628 4542 αὐτὴν
1658 4497 1787 4555 φαι-

1953 4475 2080 4537 VII.
2115 4476 2261 4540 Cum
2293 4484 2490 4538 autem
2508 4478 2631 4557 jam
2659 4483 2817 4539 esset
2840 4495 2954 4539 uox
2971 4477 3186 4551 media,
3217 4478 3524 4560 luxipsam

160 4563 269 4642 ἱρὸν
340 4565 542 4621 ἄνωθεν
601 4562 950 4643 περιλάμπει,
1011 4567 1093 4621 καὶ
1156 4567 1381 4642 Χριστὸς
1449 4564 1795 4646 ἐπιφαίνεται,

1922 4565 2275 4628 ircumcirca
2306 4565 2605 4628 illuminat
2634 4585 2667 4627 a
2703 4567 2961 4648 superis,
2995 4575 3054 4632 et
3103 4567 3372 4630 Christus
3425 4588 3526 4651 ap-

160 4657 339 4734 θέρσος
400 4676 458 4710 τε
517 4657 652 4730 αὖτῇ
712 4653 935 4718 ἐντιθεὶς
981 4655 1066 4711 καὶ
1114 4656 1180 4712 τὰ
1235 4653 1286 4720 ἐξ
1344 4655 1630 4736 ἀνθρώπων
1662 4656 1800 4712 κακὰ

162 4749 236 4820 μὴ
291 4743 514 4801 δεδιέναι
577 4743 716 4805 ὅλως
789 4742 1221 4822 ἐγκελευόμενος,
1302 4743 1445 4822 Ἐγὼ
1523 4745 1622 4824 γὰρ
1693 4747 1800 4820 εἶμι

168 4839 292 4910 μετὰ
321 4841 440 4907 σοῦ,
474 4832 600 4913 ἔφη,
649 4833 738 4890 καὶ
783 4834 884 4889 ὑπὸ
940 4835 1006 4908 τῇ
1068 4839 1189 4905 σκιᾷ
1242 4835 1348 4888 τῶν
1406 4833 1548 4908 ἐμῶν
1605 4835 1802 4913 πτερύ-

170 4948 269 5002 γων
298 4924 394 5001 ’έσῃ
418 4921 814 5002 φυλαττομένη.
857 4920 991 4979 Dii-co
1037 4921 1191 4988 τέλος
1249 4923 1409 5003 εἶχον
1468 4925 1513 4980 οἱ
1542 4925 1672 5002 πρὸς
1704 4925 1799 4993 τὴν

172 5015 395 5092 μάρτυρα
424 5014 518 5068 τοῦ
551 5013 774 5088 Χριστοῦ
820 5009 994 5091 λόγοι,
1030 5013 1115 5067 καὶ
1175 5013 1236 5068 τὸ
1291 5019 1382 5069 τοῦ
1433 5015 1657 5070 ’Πσαίου
1715 5017 1801 5071 επὶ

171 5107 292 5178 αὖτῇ
343 5102 506 5179 πέρας
566 5101 717 5179 εἶχε,
771 5102 910 5179 ταχὺ
962 5106 1065 5156 τῶν
1125 5102 1361 5176 ἰαμάτων
1412 5102 1800 5162 ἀνατειλάντων

172 5192 313 5269 αὒτῇ,
348 5191 436 5247 καὶ
465 5197 572 5246 τῶν
601 5188 852 5268 πληγῶν,
909 5187 1086 5268 ὥσπερ
1139 5189 1190 5256 ἐξ
1241 5191 1415 5270 ἀρχῆς
1475 5191 1610 5268 μηδέ
1640 5215 1798 5273 γενο-

173 5281 352 5359 μένων,
428 5277 800 5336 ἀπελαθέντων
873 5284 967 5333 τοῦ
1036 5280 1306 5355 σώματος,
1379 5281 1528 5359 Χᾶρὰ
1583 5280 1636 5337 δὲ
1702 5284 1800 5352 τὴν

175 5371 310 5447 ἁγίαν
365 5369 494 5448 εἶχε
557 5369 645 5424 καὶ
701 5365 1035 5445 ἀγαλλίασις,
1111 5371 1398 5449 εὒιρροσύνη
1457 5393 1513 5427 τε
1586 5373 1796 5439 αἰώνιος

314 5459 554 5536 κεφαλῆς
589 5457 778 5538 αὐτῆς,
837 5457 898 5513 τὸ
953 5466 1044 5516 τοῦ
1100 5462 1304 5518 Ησαίου
1375 5459 1534 5518 πάλιν
1602 5466 1795 5528 εἰπεῖν,

177 5551 295 5616 Γυνὴ
363 5547 416 5604 δέ
486 5569 568 5610 τις
628 5544 880 5614 θεοσεϐὴς
942 5549 1029 5605 καὶ
1088 5549 1390 5628 φοϐουμένη
1447 5553 1539 5608 τὸν
1587 5555 1798 5634 Κύριον,

180 5637 417 5707 ἰουλιανὴ
475 5639 668 5714 ὄνομα,
729 5641 796 5714 τῇ
855 5637 1072 5717 μάρτυρι
1121 5639 1242 5697 τότε
1271 5645 1516 5718 συνοῦσα,
1549 5643 1661 5702 ἐπεὶ
1693 5645 1796 5704 τῶν

1884 4662 2072 4736 paret,
2107 4655 2204 4736 qui
2236 4663 2298 4716 et
2327 4655 2384 4718 ei
2411 4654 2690 4729 addebat,
2724 4658 3011 4735 animum,
3047 4665 3108 4720 et
3157 4656 3408 4737 jubebat
3461 4665 3525 4720 ut

1885 4745 2049 4807 nullo
2080 4744 2254 4807 modo
2304 4745 2542 4807 timeret
2593 4745 2748 4808 mala
2798 4747 3106 4808 hominum
3135 4765 3150 4811 :
3183 4747 3303 4824 Ego
3335 4746 3520 4824 enim,

1884 4833 2098 4916 inquit,
2134 4853 2265 4895 sum
2299 4841 2518 4910 tecum,
2563 4841 2620 4896 et
2651 4833 2985 4897 servaberis
3014 4835 3122 4896 sub
3155 4836 3366 4897 umbra
3394 4838 3521 4898 ala—

1883 4942 2016 4988 rum
2051 4941 2337 4986 mearum.
2372 4923 2646 4986 Nondum
2695 4924 2874 4986 ﬁnem
2921 4933 3275 5003 acceperant
3317 4925 3517 5001 verba,

1884 5033 2012 5096 quae
2036 5013 2258 5076 ﬁebant
2284 5013 2548 5094 martyri,
2575 5022 2632 5074 et
2654 5013 2810 5092 quod
2841 5011 2915 5073 ab
2945 5011 3094 5074 Isaia
3115 5013 3334 5074 dictum
3358 5021 3446 5074 est
3463 5013 3518 5091 6,

1882 5103 1944 5166 in
1975 5122 2046 5164 ea
2076 5111 2164 5164 est
2194 5109 2692 5164 consummatum.
2724 5102 2872 5163 Nam
2905 5119 3038 5161 cum
3072 5101 3187 5162 cito
3221 5101 3275 5162 ei
3306 5110 3524 5166 exortae

1883 5201 2086 5256 essent
2116 5192 2478 5268 curationes,
2515 5198 2572 5252 et
2601 5189 2806 5269 plagae,
2835 5197 3108 5268 tanquam
3132 5207 3250 5250 non
3271 5189 3523 5254 fuissent

1882 5282 1955 5345 ab
1988 5282 2178 5356 initio,
2212 5299 2245 5341 a
2275 5297 2525 5360 corpore
2562 5278 2822 5360 expulsae
2851 5285 3071 5354 essent,
3119 5278 3394 5357 gaudium
3427 5286 3520 5343 te-

1881 5373 2011 5435 nuit
2038 5377 2300 5434 sanctam
2335 5377 2394 5431 et
2425 5367 2759 5439 exsultatio,
2797 5375 2854 5429 et
2879 5367 3080 5430 laetitia
3095 5377 3316 5429 mterna
3341 5386 3521 5450 super

1882 5471 2056 5543 caput
2088 5462 2239 5542 ejus,
2272 5467 2335 5522 ut
2364 5477 2570 5521 rursus
2628 5457 2843 5537 dicam,
2905 5456 3060 5538 quod
3114 5457 3254 5518 dicit
3307 5460 3511 5521 Isaias.

1881 5553 2092 5615 Mulier
2121 5559 2317 5613 autem
2351 5547 2617 5631 quaedam
2653 5546 2768 5628 pia,
2805 5554 2862 5608 et
2911 5547 3122 5608 timens
3168 5545 3507 5624 Dominum,

1884 5643 2126 5706 nomine
2157 5641 2414 5724 Juliana,
2451 5647 2590 5703 tunc
2629 5653 2984 5702 conversans
3042 5654 3178 5700 cum
3231 5644 3506 5718 martyre,

249 5746 277 5796 4
309 5742 459 5813 Psal.
494 5759 660 5824 caui,
694 5741 756 5811 4.
839 5742 872 5796 5
899 5745 1055 5814 Psal.
1087 5762 1224 5816 xcv.
1259 5747 1320 5815 5.
1404 5749 1438 5803 θ
1465 5750 1577 5818 Isa.
1611 5765 1787 5836 xxxv,
1819 5751 1895 5816 t4
1927 5770 2056 5836 seq.
