3992 6134
467 351 578 427 311
1696 343 1716 397 ί
1771 353 2053 419 MENSIS
2100 354 2128 417 Ι

2218 352 2526 419 JEMBER.
3709 350 3813 420 312

468 503 777 579 postqum
810 490 1204 569 admirabilia,
1241 510 1372 574 quae
1427 491 1488 554 in
1543 507 1613 555 ea
1650 492 1800 553 facta
1831 500 1987 570 sunt,
2025 497 2112 551 est

2222 490 2265 556 ἲς
2340 491 2531 559 αὐτὴν
2580 487 2887 570 παραδόξων
2964 488 3157 556 θεατὴς
3225 486 3444 567 γέγωνε,
3521 489 3608 547 καὶ
3682 487 3816 553 ὅπως

467 576 708 664 intuila,
735 590 798 648 et
827 581 1331 663 quemadmodum
1357 581 1638 643 continuo
1661 580 1845 662 plaga:
1866 596 2120 641 evanue-

2218 582 2423 659 ἱφανεϊς
2477 582 2539 636 εκ
2597 586 2692 636 τοῦ
2743 582 3084 658 παραχρῆμα
3133 578 3465 646 κατέστησαν
3516 580 3566 636 di
3614 576 3819 656 πληγαὶ,

465 682 631 752 runt,
666 672 793 735 Deo
823 672 972 734 dans
1024 671 1304 750 gloriam,
1365 684 1426 732 et
1474 671 1665 734 instar
1719 669 1944 731 sororis
1983 687 2117 731 cum

2218 668 2360 729 ἴοῦσά
2423 691 2479 725 τε
2544 667 2695 735 δόξαν
2752 672 2830 741 τῷ
2862 674 3021 743 Θεῷ,
3084 670 3171 725 καὶ
3227 666 3424 749 ἀδελφὰ
3500 674 3569 746 τῇ
3622 668 3823 747 μάρτυρι

470 754 728 845 martyre
789 760 1196 839 consentiens,
1269 760 1530 835 seipsam
1603 757 1976 840 praeparabat
2048 757 2121 818 ad

2218 761 2644 838 τυμφξονήσασα,
2709 759 2843 835 πρὸς
2902 756 3119 836 πληγὰς
3177 758 3368 826 ἑαυτὴν
3425 759 3513 815 καὶ
3581 758 3823 834 μάστιγας

470 844 671 936 plagas
701 859 758 915 et
787 850 1038 928 ﬂagella.
1073 848 1303 912 Deinde
1334 868 1468 911 cum
1528 867 1744 930 praeses
1802 848 1875 910 ad
1909 866 2119 910 secun-

2218 852 2617 926 παρεσκεύαζεν.
2680 848 2820 905 Εἶτα
2879 848 3010 925 πρὸς
3069 844 3309 926 δευτέραν
3362 848 3577 913 καθίσας
3629 851 3656 901 ὁ
3703 846 3829 924 ἦγε·

471 943 609 1004 dam
655 941 908 1003 sedisset
966 938 1489 1012 examinationem,
1545 936 1801 998 adducta
1855 936 1926 999 ad
1986 955 2118 998 eum

2218 939 2321 995 1.th
2393 938 2493 1006 τὴν
2566 936 2821 1015 ἐξέτασιν,
2892 938 2981 995 καὶ
3061 941 3161 1004 τῆς
3232 938 3383 1016 ἁγίας
3454 937 3826 1017 προσαχθείσης

469 1039 694 1109 sancta,
729 1038 790 1092 et
847 1029 971 1091 viso
1027 1027 1365 1091 admirabili
1418 1026 1696 1089 omnibus
1754 1026 2118 1108 spectaculo,

2218 1030 2366 1102 κύτῷ,
2468 1029 2556 1084 καὶ
2640 1028 2855 1106 ῳρικτον
2931 1027 3102 1101 θέαμα
3182 1032 3338 1083 πᾶσιν
3418 1026 3680 1101 ὀφθείσης,
3755 1024 3827 1081 ὅτι

472 1119 634 1201 quod
666 1137 774 1183 nec
804 1116 951 1180 levis
983 1116 1225 1199 quidem
1273 1115 1333 1177 in
1364 1117 1496 1195 ejus
1528 1133 1783 1196 corpore
1815 1115 2120 1191 laceratio,

2218 1116 2343 1185 αηδὲ
2374 1121 2433 1174 τὸ
2464 1118 2633 1197 τυχὸν
2665 1116 2953 1194 σπάραγμα
2981 1123 3058 1190 τῷ
3105 1126 3314 1191 σώματι
3372 1118 3538 1183 αὐτῆς
3573 1114 3826 1190 ἐδτιλοῦτο,

470 1227 668 1292 neque
695 1208 853 1272 ullus
884 1205 1052 1268 vibex
1083 1203 1432 1287 apparebat,
1477 1204 1665 1284 judex
1699 1204 1771 1266 ad
1815 1204 2120 1267 veritatem

2218 1205 2347 1282 μηδὲ
2405 1205 2614 1282 μώλωψ
2672 1203 2883 1281 μηδεὶς,
2959 1209 2987 1262 ὁ
3057 1204 3333 1286 δικαστὴς,
3409 1213 3544 1285 φεῦὲ
3616 1212 3832 1286 φανερῶς

468 1307 675 1380 aperte
706 1296 1046 1376 cascutiens,
1115 1295 1356 1357 mittens
1406 1311 1636 1373 magna;
1687 1293 1794 1357 Dei
1847 1294 2126 1375 potentia)

2218 1295 2524 1375 τυφλώττων
2554 1297 2685 1372 πρὸς
2714 1296 2813 1365 τήν
2839 1294 3113 1371 ἀλήθειαν,
3176 1295 3455 1353 ἀπολιπὼν
3514 1301 3580 1372 τῇ
3636 1294 3829 1372 μεγάλη

471 1387 776 1451 ascribere
796 1386 858 1448 id
890 1383 1050 1467 quod
1087 1383 1304 1446 factum
1336 1383 1550 1463 fuerat,
1583 1390 1640 1444 et
1670 1383 1883 1463 prioris
1913 1383 2044 1444 vita:
2068 1390 2125 1444 et

2218 1393 2301 1442 τσῦ
2331 1393 2462 1445 Θεοῦ
2490 1385 2704 1461 δυνάμει
2758 1387 2819 1442 τὸ
2874 1386 3095 1462 γεγονὸς
3155 1385 3489 1467 ἐπιγράφειν,
3550 1382 3830 1462 μετάμελόν

474 1476 701 1540 erroris
724 1475 865 1538 duci
899 1472 1248 1554 ponitentia,
1281 1473 1383 1535 ille
1417 1475 1610 1552 potius
1668 1490 1908 1533 omnem
1963 1470 2125 1534 exuit

2218 1497 2265 1532 τε
2323 1474 2513 1533 λαϐεῖν
2571 1479 2666 1533 τοῦ
2724 1476 2979 1554 προτέρου
3031 1478 3144 1553 βίου
3201 1478 3287 1532 καὶ
3339 1481 3440 1544 τῆς
3473 1471 3834 1554 ἀπάτης,ὁδέ

471 1566 796 1649 pudorem,
830 1571 889 1625 et
919 1563 1038 1623 diis
1069 1562 1195 1623 suis
1228 1560 1615 1642 impudenter
1641 1579 1768 1623 eam
1796 1560 2128 1623 altribuens

2218 1565 2298 1621 καὶ
2361 1563 2566 1640 μᾶλλο)
2625 1565 3072 1645 ἀπηναισχύντει,
3140 1567 3226 1622 καὶ
3296 1578 3413 1629 τοῖς
3487 1569 3639 1625 αὐτοῦ
3705 1568 3835 1624 θεοῖς

472 1655 892 1718 sanationem:
920 1650 1128 1727 Vides,
1162 1650 1330 1730 dixit,
1359 1669 1393 1711 ο
1425 1650 1708 1731 Barbara,
1741 1650 2126 1731 quemadmo-

2218 1656 2311 1720 τὴν
2348 1653 2495 1710 ἴασιν
2547 1652 2837 1734 ἐλογίζετο,
2895 1656 3004 1731 καὶ,
3068 1653 3247 1732 Ὀρᾷς,
3308 1654 3484 1735 ἔλεγε,
3538 1660 3649 1717 πῶς
3701 1653 3835 1710 ἀντι-

470 1745 612 1806 dum
648 1750 707 1805 te
739 1743 819 1806 dii
851 1748 1114 1822 tuentur,
1149 1748 1207 1803 et
1238 1741 1323 1802 tui
1355 1757 1554 1801 curam
1588 1746 1824 1818 gerunt,
1864 1740 1966 1820 qui
2001 1749 2128 1800 tuas

2218 1743 2483 1800 ποιοῦνταί
2534 1766 2628 1800 σου
2686 1746 2732 1800 οἱ
2788 1743 2926 1817 θεοῖ,
2988 1742 3251 1822 Βαρϐάρα,
3294 1745 3383 1801 καὶ
3438 1742 3714 1819 κηδόμενοί
3758 1764 3840 1798 σο.)

471 1831 676 1916 plagas
699 1839 1004 1895 curarunt.
1027 1830 1130 1893 Cui
1162 1828 1649 1910 martyr-Christi:
1681 1828 1792 1902 Qui
1823 1826 2125 1906 similiter,

2218 1833 2308 1896 τὰς
2366 1831 2577 1911 πληγὰς
2633 1833 3034 1912 ὲθεράπευσανς
3093 1836 3229 1911 Πρὸς
3289 1836 3348 1891 ὃν
3399 1836 3433 1902 ἡ
3490 1843 3582 1893 τοῦ
3636 1839 3842 1910 Χριστοῦ

472 1922 691 2005 inquit,
725 1929 906 2003 atque
942 1930 1029 2000 tu,
1063 1920 1402 1999 caacutiunt,
1438 1926 1497 1980 et
1527 1919 1788 1980 humana
1820 1936 1996 1979 manu
2031 1918 2126 1979 in—

2218 1923 2412 2001 μάρτυς
2452 1941 2468 1959 ‘
2508 1925 2567 1981 Οἱ
2600 1925 2794 1999 ὁμοίως
2852 1945 2934 1978 σοι
3001 1922 3418 2004 τυφλώττοντες,
3477 1923 3603 2003 ἔφη,
3654 1923 3738 1980 καὶ
3764 1922 3840 1977 ἀνι

471 2013 678 2091 digent
700 2010 770 2072 ad
796 2011 931 2085 hoc,
957 2017 1024 2072 ut
1043 2008 1447 2090 perducantur
1467 2008 1541 2068 ad
1567 2006 2127 2088 essentiam,quem-

2218 2013 2488 2090 θρωπίνης
2523 2014 2705 2092 χειρὸς
2737 2010 2977 2087 δεόμενοι
3021 2015 3148 2090 πρὸς
3184 2013 3282 2081 τὴν
3340 2020 3433 2071 τοῦ
3493 2013 3630 2069 εἶναι
3683 2033 3838 2088 παρα-

471 2100 796 2163 admodum
858 2099 973 2161 tale
1033 2097 1174 2179 quid
1235 2106 1555 2178 potuerunt
1605 2096 1852 2159 facere?
1895 2097 2013 2159 Sed
2078 2097 2128 2160 si

2218 2102 2422 2179 γωγὴν,
2506 2109 2620 2165 πῶς
2700 2101 2798 2181 ἄρα
2871 2113 3106 2161 τοιοῦτον
3138 2101 3398 2171 ἠδύναντο
3432 2101 3638 2180 ’δρᾷν;
3703 2099 3836 2157 Ἀλλ’

2204 1030 2366 1102 αύτῷ,

470 2190 560 2252 vis
591 2190 748 2252 scire
779 2189 1050 2271 quisnam
1083 2187 1185 2263 sit,
1216 2188 1317 2270 qui
1351 2204 1445 2247 me
1505 2186 1755 2266 sanavit,
1809 2194 1899 2248 est
1955 2188 2124 2249 Jesus

475 2278 751 2344 Christus
780 2279 937 2342 [ilius
968 2277 1100 2351 Dei,
1136 2294 1311 2359 quem
1346 2274 1478 2338 ﬁeri
1510 2295 1630 2338 non
1658 2284 1857 2357 potest
1888 2285 1950 2338 ut
1974 2295 2123 2338 con-

474 2368 722 2450 tuearis,
745 2387 880 2431 cum
910 2367 1225 2450 profundis
1250 2365 1514 2429 tenebris
1536 2366 1859 2448 impietatis
1881 2366 2123 2429 orbatus

471 2458 560 2522 sis
591 2458 781 2521 oculis
808 2457 1046 2521 animae.

554 2547 708 2613 VIII.
739 2547 843 2610 His
874 2547 1071 2610 verbis
1103 2564 1322 2628 praeses
1351 2546 1424 2608 ad
1489 2547 1774 2625 majorem
1834 2563 2121 2607 accensus

471 2636 876 2711 iracundiam,
911 2645 970 2699 et
1002 2655 1119 2697 non
1144 2635 1348 2696 valens
1378 2653 1443 2696 se
1473 2639 1810 2714 continere,
1849 2634 2022 2713 jubet
2052 2634 2123 2695 iis

474 2728 580 2809 qui
601 2725 1091 2801 aderant,ferreis
1116 2723 1452 2804 pectinibus
1475 2723 1660 2783 latera
1693 2723 1932 2800 virginis
1961 2724 2121 2785 scin-

473 2818 642 2892 dere,
677 2824 735 2879 et
760 2814 927 2876 taadis
955 2813 1110 2892 ignis
1160 2810 1430 2874 membra
1474 2812 1596 2892 jam
1642 2813 1892 2874 lacerata
1926 2831 2122 2889 urere,

475 2904 695 2969 deinde
726 2905 900 2966 etiam
934 2902 1151 2965 malleo
1186 2910 1498 2983 percutere
1550 2902 1956 2965 venerandum
1997 2902 2127 2982 ejus

473 3002 671 3076 caput.
719 2992 862 3066 Quas
911 2991 1154 3074 quidem
1228 3009 1362 3053 cum
1415 2992 1730 3054 celerrime
1787 2992 2026 3072 ﬁerent,
2059 3010 2130 3053 ea

473 3083 683 3146 videns
714 3084 810 3165 pia
834 3081 1089 3161 Iuliana,
1126 3086 1186 3144 et
1234 3078 1434 3142 animo
1487 3099 1644 3160 aegre
1707 3080 1927 3154 ferens,
1990 3100 2126 3143 cum

2211 2193 2255 2247 εἰ
2284 2192 2375 2248 τὸν
2407 2190 2501 2264 ἐμὲ
2531 2192 2819 2268 ἰασάμενον
2851 2191 2996 2252 ὅστις
3030 2191 3121 2258 εἴη
3153 2191 3333 2269 βούλει
3378 2196 3594 2271 μαθεῖν,
3650 2189 3835 2257 Ἰησοῦς

2207 2284 2428 2356 Χριστός
2484 2283 2625 2338 ἔστιν
2683 2284 2709 2338 ὁ
2765 2289 2895 2339 Θεοῦ
2950 2291 3042 2340 τοῦ
3089 2289 3286 2352 ζῶντος
3332 2283 3478 2356 Υἱὸς,
3508 2281 3562 2336 ὃν
3590 2279 3646 2335 σὲ
3676 2282 3823 2335 καθο-

2205 2376 2297 2448 ρᾷν
2329 2370 2614 2451 ἀμήχανον
2647 2372 2800 2447 βαθετ
2854 2371 3029 2446 σκότῳ
3085 2371 3401 2449 πηρωθέντα
3457 2375 3554 2437 τῆς
3609 2366 3824 2430 ἀσεϐείας

2203 2461 2321 2520 τοὺς
2355 2464 2453 2527 τῆς
2483 2461 2667 2539 ψυχῆς
2699 2459 3024 2540 ὀφθαλμοὺς.
3232 2462 3242 2472 ’

2290 2549 2384 2610 Η’.
2415 2558 2542 2616 Τοῖς
2572 2549 2753 2626 λόγοις
2798 2552 3002 2614 τούτοις
3055 2553 3080 2606 ὁ
3125 2550 3346 2628 ἡγεμὼν
3393 2550 3466 2613 εἷς
3519 2549 3720 2624 μεζονα
3746 2546 3825 2602 τὸν

2205 2638 2366 2712 θυμόν
2398 2637 2690 2718 ἐκκαυθεὶς,
2750 2642 2838 2696 καὶ
2890 2636 3026 2715 μηδὲ
3084 2638 3338 2719 κατέχειν
3400 2639 3580 2695 ἑαυτὸν
3635 2636 3741 2698 οἶός
3775 2656 3824 2689 τε

2208 2727 2304 2802 ὢν,
2340 2740 2457 2792 τοῖς
2490 2729 2792 2807 παρεστῶσι
2851 2727 3207 2786 διακελεύεται
3267 2726 3512 2808 σιδηροῖς
3568 2726 3694 2791 ὄνυξι
3741 2725 3823 2787 τὰς

2210 2815 2436 2895 πλευρὰς
2494 2818 2589 2886 τῆς
2654 2818 2913 2897 μάρτυρος
2970 2817 3234 2897 ἀποξέειν,
3293 2820 3428 2898 πρὸς
3487 2815 3541 2873 δὲ
3588 2813 3821 2889 καὶλαμ-

2206 2908 2335 2963 πάσι
2370 2908 2530 2985 πυρὶς
2581 2908 2645 2965 τὰ
2693 2906 2796 2975 ἤδη
2860 2906 3102 2973 ξανθὲντα
3164 2914 3269 2965 τῶν
3328 2914 3518 2983 μεμῶν
3574 2906 3816 2975 ἐπικαίειν,

2209 2997 2477 3076 εἶταρκαὶ
2532 2998 2702 3076 σφύρᾳ
2759 3000 2932 3054 παίειν
2991 2997 3088 3065 τὴν
3149 3000 3327 3072 τιμίαν
3379 2997 3545 3065 αὐτῆς
3595 2994 3819 3074 κεφαλήν.

2209 3074 2305 3142 ἐὶν
2367 3085 2432 3153 δὴ
2492 3089 2580 3143 καὶ
2641 3088 2714 3150 ὡς
2769 3087 3002 3166 τάχιστα
3052 3086 3458 3165 πραττομένων,
3517 3087 3552 3154 ἦ
3602 3080 3824 3147 θεοσεϐὴς

478 3191 599 3236 non
633 3180 835 3254 posset
866 3189 1042 3251 opem
1074 3169 1255 3245 ferre,
1287 3169 1542 3231 faciebat
1591 3170 1750 3250 quod
1784 3178 2033 3250 poterat,
2070 3178 2128 3232 et

2218 3173 2475 3242 Ἰουλιανῆ
2531 3179 2830 3253 καθορῶσα,
2896 3177 2983 3231 καὶ
3037 3175 3134 3244 τήν
3209 3175 3399 3256 ψυχὴν
3455 3175 3677 3256 ἰσχυρῶς
3735 3169 3824 3226 ἀλ-

476 3280 649 3326 suum
683 3261 745 3323 in
776 3279 907 3324 eam
939 3276 1204 3321 amorem
1234 3259 1766 3333 ostcndebat,nlhil
1786 3278 2000 3320 curans
2025 3278 2128 3320 eos

478 3350 582 3434 qui
611 3350 882 3422 aderant,
915 3366 1028 3411 nec
1062 3346 1407 3428 praesidem,
1443 3348 1546 3410 sed
1597 3348 1810 3409 uberes
1841 3348 2129 3430 lacrymas

477 3441 792 3507 eﬂ‘undeus
822 3458 893 3503 ex
925 3436 1138 3501 oculis.
1198 3440 1343 3501 Cum
1404 3455 1538 3499 eam
1598 3456 1742 3517 ergo
1799 3440 2131 3519 aSpexisset

477 3529 821 3605 Martianus,
856 3537 914 3592 et
945 3545 1214 3610 quaenam
1245 3535 1403 3590 esset
1436 3526 1765 3603 didicisset,
1818 3536 2129 3609 postquam

477 3639 608 3686 eam
642 3637 879 3702 quoque
908 3616 1132 3680 audivit
1156 3634 1288 3678 esse
1311 3614 1732 3692 Christianam,
1769 3625 1828 3678 et
1854 3617 2131 3690 Barbarae

477 3709 895 3775 misericordia
928 3715 1151 3783 notam,
1187 3705 1386 3768 animo
1417 3706 1776 3787 perturbari,
1802 3706 1972 3787 jubet
2000 3726 2129 3768 eam

478 3818 719 3882 quoque
748 3795 1198 3879 comprehendi,
1238 3803 1296 3857 et
1319 3795 1478 3876 ligno
1508 3796 1821 3877 suspendi,
1868 3805 1927 3860 et
1958 3798 2131 3859 simi-

477 3888 616 3953 liter
651 3896 825 3969 atque
873 3888 1140 3967 martyri,
1171 3885 1512 3966 pectinibus
1545 3886 1758 3947 ferreis
1797 3888 1979 3947 latera
2008 3887 2131 3948 dis-

479 3977 666 4060 cerpi.
693 3978 773 4040 At
788 3975 967 4037 variis
990 3974 1232 4055 quidem
1257 3976 1687 4037 certaminibus
1709 3979 1970 4038 exercita
2001 3981 2139 4038 Bar-

479 4066 646 4139 hara,
689 4083 822 4128 cum
882 4063 1100 4125 acerbe
1158 4064 1514 4139 laniaretur,
1583 4064 1773 4127 oculis
1831 4065 1891 4125 in
1922 4066 2137 4127 coelum

480 4154 728 4218 sublatis
754 4170 769 4218 :
793 4151 882 4216 Tu
916 4154 1094 4228 nosti,
1125 4150 1811 4234 inquit,Deus,cognitor
1843 4155 2131 4231 cordium,

481 4244 638 4329 quod
668 4253 724 4307 te
754 4241 1126 4322 desiderans,
1163 4252 1224 4304 et
1281 4251 1410 4304 tuas
1455 4260 1662 4304 amans
1693 4242 1877 4321 leges,
1917 4261 2010 4303 me
2043 4251 2135 4304 to-

481 4342 597 4395 tam
633 4332 738 4394 tibi
768 4331 981 4404 obtuli,
1018 4338 1078 4393 et
1107 4348 1140 4392 a
1168 4340 1268 4393 tua
1300 4331 1534 4410 pendeo
1567 4330 1829 4390 dextera.
1854 4329 1941 4391 Tu
1967 4349 2131 4411 ergo,

481 4418 755 4493 Domine,
787 4436 862 4480 ne
894 4435 990 4479 me
1021 4416 1425 4497 derelinquas,
1456 4416 1560 4477 sed
1598 4434 1692 4479 me
1723 4436 1830 4498 per
1849 4427 2005 4481 tuam
2038 4439 2137 4482 su-

2211 3264 2399 3341 γοῧσα,
2473 3264 2586 3321 ἐπεὶ
2659 3265 2735 3333 μὴ
2806 3264 3028 3342 βοηθεῖν
3100 3263 3338 3339 ἐδύνατο,
3397 3263 3526 3344 ὅπερ
3590 3264 3650 3331 ἦν
3713 3262 3830 3335 non}

2211 3351 2427 3411 δυνατὸν
2484 3353 2672 3428 ἐποίει,
2729 3357 2821 3410 καί
2882 3355 2943 3411 τὸ
2996 3351 3207 3434 φίλτρον
3267 3356 3340 3419 ὡς
3403 3356 3559 3435 εἶχεν
3628 3348 3826 3422 ἐδείκνυ,

2213 3441 2380 3518 μηδὲν
2409 3446 2516 3499 τῶν
2576 3442 2850 3520 παρόντων
2910 3445 2998 3500 καὶ
3067 3446 3151 3500 τοῦ
3209 3443 3472 3525 ἄρχοντος
3536 3442 3827 3519 ἐπιστρεφο-

2212 3533 2375 3608 μένη,
2409 3531 2531 3589 ἀλλ’
2558 3533 2776 3589 ἀστακτὶ
2809 3535 2867 3589 τὸ
2912 3531 3129 3610 δάκρυον
3188 3540 3294 3591 τῶν
3349 3532 3603 3610 ὀμμάτων
3655 3538 3827 3606 προϊε-

2212 3621 2374 3696 μένη.
2411 3613 2468 3680 Ὀ
2517 3624 2817 3701 Μαρκιανὸς
2865 3622 2975 3697 οὗν,
3037 3624 3111 3686 εἰς
3165 3623 3327 3691 αὖτὴν
3385 3620 3708 3696 ἀποϐλέψας,
3754 3616 3829 3672 καὶ

2212 3710 2330 3779 ἥτις
2389 3711 2481 3779 εἴη
2542 3713 2745 3786 μαθὼν,
2810 3714 2925 3769 επεὶ
2975 3715 3062 3769 καί
3118 3714 3283 3780 αὐτὴν
3341 3712 3488 3770 εἶναι
3542 3706 3828 3787 Χριστιανὴν

2216 3801 2396 3874 ἤκουε,
2458 3802 2545 3858 καὶ
2607 3808 2675 3875 τῇ
2734 3803 2863 3879 πρὸς
2916 3802 3015 3869 τὴν
3080 3800 3351 3880 Βαρϐἇραν
3408 3801 3689 3879 συμπαθείᾳ
3731 3814 3826 3853 πα-

2215 3893 2473 3948 θαίνεσθαι
2559 3890 2655 3956 τὴν
2741 3890 2948 3970 ψυχὴν,
3037 3889 3405 3970 συλληφθῆναι
3494 3890 3579 3946 ναὶ
3659 3883 3830 3948 ταύτην

2220 3979 2448 4055 κελεύει,
2538 3981 2625 4036 καὶ
2702 3985 2780 4053 τῷ
2865 3979 2998 4055 ξύλῳ
3084 3984 3571 4059 προσαναρτᾶσθαι,
3647 3976 3727 4033 καὶ
3775 3970 3832 4046 τῇ

2223 4071 2439 4148 μάρτυρι
2498 4068 2884 4145 παραπλησίως
2945 4067 3190 4147 σιδηροῖς
3249 4069 3498 4143 ξυστῆρσι
3558 4067 3645 4130 τὰς
3693 4062 3835 4120 πλευ-

2221 4160 2310 4237 ρᾶς
2370 4156 2703 4223 ἆποξέεσθαι.
2789 4148 2852 4214 Ἠ
2920 4157 3015 4234 μὲν
3101 4158 3190 4215 οὗν
3271 4157 3567 4222 πολύαθλος
3624 4150 3835 4229 Βαρϐἇρα

2219 4246 2400 4311 δεινῶς
2432 4247 2682 4323 Εεομένη,
2741 4248 2876 4323 ὑψοῦ
2932 4249 2995 4304 τὸ
3056 4246 3204 4324 ὄμμα
3261 4245 3507 4328 διάρασα,
3566 4247 3634 4302 Σὺ
3686 4240 3832 4321 γινώ-

2219 4351 2396 4418 σκεῖς,
2455 4337 2581 4418 ἔφη,
2657 4336 3049 4416 καρδιογνῶστα
3124 4336 3243 4414 Θεὲ,
3324 4338 3406 4394 ὅτι
3481 4337 3538 4396 σὲ
3606 4337 3831 4407 ποθοῦσα,

2218 4428 2456 4493 καὶτοὺς
2510 4430 2632 4491 σοὺς
2686 4427 2974 4506 στέργουσα
3031 4428 3247 4502 νόμους,
3301 4426 3435 4496 ὅλην
3488 4424 3708 4502 ἐμαυτὴν
3761 4439 3832 4473 σοι

482 4506 699 4598 scipias
731 4506 1226 4580 misericordiam,
1261 4513 1320 4567 et
1371 4523 1479 4567 nos
1523 4504 1727 4568 ambas
1756 4508 2042 4570 confirma
2072 4519 2127 4572 et

2218 4518 2577 4598 προσήγαγον,
2637 4518 2725 4573 καὶ
2781 4504 2876 4584 τῆς
2946 4517 3043 4585 σῆς
3089 4517 3377 4596 ἀπήρτησα
3436 4515 3623 4580 δεξιᾶς,
3682 4508 3830 4598 Αὐτὸς

484 4593 828 4668 corrobora,
863 4602 929 4656 ut
957 4612 1196 4656 cursum
1250 4602 1606 4675 praesentem
1640 4614 1976 4677 pergamus.
2012 4598 2129 4662 Sed

481 4682 826 4766 sicquidem
858 4691 1077 4763 martyr
1096 4681 1315 4747 Christi
1345 4684 2129 4768 Dominum,proplerquem

484 4772 608 4857 haec
638 4772 990 4848 sustinebat,
1027 4771 1292 4854 rogabat,
1328 4781 1391 4834 ut
1431 4773 1562 4852 ejus
1610 4774 1826 4836 auxilio
1875 4776 2128 4839 robora-

481 4872 652 4927 retur
679 4868 908 4924 naturai
938 4859 1338 4925 imbecillitas.
1371 4861 1609 4925 Sciebat
1638 4864 1795 4925 enim
1834 4885 1968 4927 eum
2000 4886 2130 4930 esse

480 4969 784 5025 veracem,
816 4950 919 5034 qui
961 4951 1228 5015 dixerat:
1268 4974 1295 5008 tr
1330 4949 1590 5031 Spiritus
1622 4952 1861 5033 quidem
1922 4974 2131 5035 prom-

483 5051 644 5126 ptus,
676 5058 815 5107 caro
845 5058 985 5104 vero
1015 5040 1254 5104 infirma
1280 5041 1334 5102 7.
1376 5065 1399 5099 ι

560 5309 671 5373 IX.
700 5308 1249 5398 Tyrannusautem,
1272 5317 1337 5370 ut
1357 5311 1458 5391 qui
1489 5310 1544 5374 ei
1578 5330 1644 5373 se
1676 5314 1922 5377 omnino
1946 5335 2131 5398 oppo-

484 5400 708 5458 suisset
734 5396 1163 5470 adversarium,
1198 5404 1261 5459 ut
1289 5398 1471 5459 animi
1529 5414 1845 5481 superaret
1897 5396 2135 5470 for—titu-

484 5482 687 5548 dinem
718 5486 1007 5548 malorum
1040 5484 1232 5566 copia,
1286 5488 1657 5551 convertitur
1685 5489 1758 5552 ad
1788 5494 1949 5558 aliud
1983 5515 2132 5578 sup-

563 5678 593 5729 7
632 5674 837 5743 Matth.
867 5695 1026 5762 xxvr,
1054 5681 1158 5750 41.

2212 4617 2323 4682 οὖν,
2362 4594 2627 4678 Δέσποτα,
2666 4606 2742 4682 μὴ
2773 4604 3134 4683 ἐγκαταλίπης
3181 4594 3350 4681 ημᾶς,
3404 4605 3524 4663 ἀλλ⁹
3579 4594 3834 4659 ἀντιλαὸοὗ

2213 4697 2349 4754 κατὰ
2375 4696 2436 4752 τὸ
2467 4695 2518 4753 El
2532 4695 2617 4759 εός
2650 4717 2765 4766 σου,
2793 4695 2877 4752 καὶ
2934 4695 3213 4751 τελειῶσαι
3261 4697 3351 4751 τὸν
3384 4694 3614 4765 παρόντα
3659 4687 3832 4767 δρόμον

2214 4784 2515 4865 ἀμφοτέροις
2546 4784 2847 4864 ἐνίπχυσον,
2882 4784 3033 4841 Ἀλλ’
3065 4783 3202 4840 οὕτω
3257 4786 3355 4860 μὲν
3400 4786 3434 4853 ἡ
3490 4785 3581 4840 τοῦ
3633 4778 3831 4865 Χριστοῦ

2217 4864 2415 4954 μάρτυς
2474 4876 2566 4931 τὸν
2624 4873 2690 4931 δι’
2752 4876 2810 4930 ὃν
2861 4881 3027 4930 ταῦτα
3083 4873 3308 4950 ὒπέμενε
3369 4872 3638 4938 Δεσπότην
3682 4864 3829 4935 ἠξίου,

2256 4967 2270 4984 \
2416 4968 2422 4973 ’
2545 4965 2559 4985 κ
2663 4963 2677 4984 ³
3006 4964 3020 4984 ο
3139 4969 3165 4979 α-
3384 4970 3409 4982 -
3601 4956 3617 4978 θ
3728 4958 3741 4978 9
3809 4956 3828 4965 "'

2215 4989 2315 5034 την
2375 4987 2603 5045 φυσικην
2658 4962 2926 5021 ασθὲνειαν
2996 4968 3261 5042 ρωοθηναι
3347 4986 3417 5041 τῃ
3498 4981 3599 5041 παρ
3694 4973 3831 5013 αυτου

2217 5057 2359 5137 ῥοπῇ
2389 5042 2674 5132 ’δεομένω
2739 5052 2853 5131 ᾔδει
2922 5054 3023 5138 γὰρ
3093 5056 3170 5119 τίς
3241 5056 3270 5112 ὁ
3333 5052 3569 5131 ἀψευδῶς
3635 5042 3832 5138 εἶροκξυς

2217 5134 2294 5212 ὥς
2356 5167 2384 5201 α
2432 5146 2504 5203 Τὸ
2563 5144 2661 5221 μὲν
2720 5150 2924 5221 πνεῦμα
2987 5134 3280 5225 πρόθυμον,
3333 5147 3369 5214 ἡ
3429 5142 3478 5200 ’δὲ
3532 5137 3652 5220 σὰρξ
3700 5134 3837 5191 ἀσθε-

2217 5260 2337 5304 νης.
2366 5255 2393 5292 ι

2301 5324 2391 5384 6'.
2449 5328 2510 5384 '0
2570 5344 2823 5404 τυραννος
2883 5322 2959 5404 δὲ,
3023 5327 3258 5404 καθαπερ
3328 5318 3609 5380 ἀντίπαλον
3673 5310 3837 5370 ἑαυτὸν

2218 5428 2336 5480 τοῖς
2396 5413 2542 5480 ὅλοις
2593 5399 2897 5494 ἀντιτιθεὶς,
2946 5399 3048 5471 ’ἵνα
3103 5399 3287 5493 ψυχῆς
3341 5410 3543 5489 ἀνδρίαν
3600 5399 3837 5483 ἀλγεινῶν

2216 5506 2427 5585 ἡττήσῃ
2482 5505 2776 5586 περιουσία,
2836 5502 2967 5585 πρός
3026 5502 3210 5582 ἑτέραν
3276 5502 3391 5581 ἅμα
3454 5498 3685 5581 τρέπεται
3757 5507 3833 5543 τι·
