3992 6134
391 326 506 406 315

392 483 451 541 et
479 474 874 544 communiter
901 477 1030 546 haec
1059 487 1118 545 et
1150 479 1328 564 justis
1352 489 1413 547 et
1461 481 1719 566 injustis,
1757 492 1816 549 et
1864 482 2036 548 bonis
2057 492 2098 544 Α
2119 489 2246 543 πᾶσι

392 575 451 630 ct
469 567 639 631 malis
663 570 840 632 simul
870 572 1236 654 suppeditas,
1257 582 1318 636 tu
1337 593 1575 658 quoque
1599 593 1758 638 nunc
1781 593 1876 638 me
1901 593 2034 655 pre-

389 665 620 721 cantem
652 662 886 739 exaudi,
927 682 960 725 o
989 662 1136 740 Rex,
1171 673 1234 727 ut
1261 665 1363 747 qui
1395 666 1475 727 tui
1508 665 1764 728 nominis
1795 669 1857 729 et
1883 683 2031 727 mea;

391 748 769 812 meminerint
793 751 1238 828 decertationis,
1266 773 1340 816 ue
1380 755 1662 836 pestilens
1691 754 1934 816 morbus
1965 760 2027 814 in

393 839 522 918 ejus
579 838 818 903 domum
866 842 1123 923 ingruat,
1157 863 1349 926 neque
1397 845 1582 908 ullum
1637 845 1796 907 aliud
1829 863 1901 906 ex
1955 844 2026 906 iis

389 947 521 1008 quae
552 939 799 1010 possunt
825 933 1175 1007 corporibus
1231 935 1448 998 afferre
1476 937 1759 998 damnum
1816 943 1874 997 et
1901 953 2029 997 mo-

390 1016 650 1081 lestiam.
706 1019 837 1083 Scis
866 1023 1052 1098 enim,
1087 1022 1359 1100 Domine,
1392 1043 1501 1087 nos
1551 1043 1684 1088 esse
1713 1042 1922 1087 carnes
1967 1033 2027 1088 et

389 1108 749 1179 sanguinem,
770 1125 944 1182 opera
973 1111 1439 1172 intemeratarum
1472 1125 1696 1172 tuarum
1725 1129 2022 1182 manuum,

391 1205 451 1258 et
494 1197 780 1262 honorata
809 1209 906 1263 tua
935 1201 1191 1282 imagine
1225 1211 1284 1266 et
1320 1205 1732 1268 similitudine.
1767 1205 1946 1276 Dixit,
1971 1214 2029 1269 et

387 1305 498 1350 vox
527 1288 604 1350 de
651 1290 818 1352 ccelis
846 1291 1048 1354 audita
1077 1303 1170 1356 est
1219 1295 1676 1369 admirabiliter,
1707 1297 1779 1357 ad
1811 1296 2028 1359 ccelum

391 1396 602 1440 vocans
647 1378 835 1460 ipsam
867 1389 924 1443 et
957 1382 1249 1446 Julianam
1307 1385 1528 1448 sociam
1574 1386 1938 1465 certaminis,
1970 1393 2032 1449 et

387 1467 568 1530 simul
617 1470 907 1549 pollicens
936 1471 1239 1549 implenda
1267 1492 1357 1548 ea,
1393 1495 1526 1556 quae
1571 1475 1840 1556 petierat.
1867 1475 2030 1537 Hanc

380 1557 705 1638 jucundam
748 1573 954 1624 vocem
985 1581 1118 1624 cum
1175 1564 1464 1626 audiisset
1492 1565 1770 1640 Barbara,
1805 1565 1916 1626 iter
1944 1565 2032 1626 in-

386 1647 558 1729 gredi
575 1652 924 1732 perrexit,et
945 1653 1119 1716 ducta
1149 1659 1240 1718 est
1264 1655 1336 1716 ad
1368 1655 1563 1718 locum
1595 1662 1685 1718 sui
1716 1655 2025 1720 decessus.

1693 342 1974 411 MENSIS
2025 345 2458 413 .DECEMBER.

3644 347 3752 422 316

2360 478 2866 565 παραστησάμενος,
2954 479 3041 544 καὶ
3121 480 3218 552 τὰς
3307 483 3486 553 κοινὰς
3569 486 3753 558 ταότας

2119 573 2441 641 ἀπολαύσεις
2518 575 2741 641 δικαίοις
2797 597 2856 633 τε
2931 577 3018 634 καὶ
3077 574 3296 657 ἀδίκοις,
3367 579 3592 657 ἀταθοτς
3645 580 3750 656 ἅμα

2119 667 2203 723 καὶ
2259 680 2518 746 πονηροῖς
2573 672 2851 747 χορηγῶν,
2889 667 3044 730 αὐτὸς
3101 665 3195 724 καΐ
3249 674 3333 724 νῦν
3395 668 3526 742 ἐμοῦ
3567 666 3749 745 δεομέ-

2114 777 2210 824 νης
2241 757 2570 836 εἰσάκουσον,
2627 755 2867 834 βασιλευ,
2901 757 2989 813 καὶ
3040 757 3100 822 ὃς
3128 755 3189 812 ἂν
3240 764 3332 814 τοῦ
3359 764 3456 816 σοῦ
3497 759 3750 834 ὀνόματος

2110 846 2199 902 καὶ
2240 851 2338 913 τῆς
2365 846 2501 922 ἒμῆς
2556 845 2826 917 ἀθλήσεως
2867 852 2944 920 τῷ
3000 845 3138 919 οἴκῳ
3196 846 3352 904 αὐτοῦ
3410 847 3744 928 ἐπισκήῴειε,

2109 937 2188 1011 μὴ
2248 937 2376 997 ἄλλο
2406 959 2457 995 τι
2515 935 2682 1012 μηδὲν
2731 941 2838 993 τῶν
2886 933 3154 993 λωϐᾶσθαι
3197 937 3421 1012 σώματα
3452 939 3540 995 καὶ
3569 937 3750 997 λυπεῖν

2109 1025 2431 1102 δυναμένων,
2483 1025 2650 1090 Οἶδας
2699 1027 2822 1106 γὰρ,
2861 1026 3034 1106 Κύριε,
3069 1024 3150 1082 ὅτι
3209 1028 3398 1105 σάρκες
3442 1029 3606 1103 ἡμεῖς
3664 1021 3752 1085 καὶ

2109 1120 2269 1191 αἷμα,
2307 1139 2516 1192 ποιημα
2545 1122 2651 1173 τῶν
2702 1118 2810 1173 σῶν
2865 1115 3148 1196 ἀχράντων
3203 1123 3402 1197 χειρῶν
3446 1118 3534 1174 καὶ
3594 1119 3750 1174 εἰκόνι

2113 1209 2182 1283 σῇ
2213 1207 2298 1263 καὶ
2355 1208 2608 1284 ὁμοιώσει
2653 1204 3033 1282 τετιμημένοι.
3087 1205 3271 1286 ”Ειρη,
3333 1207 3425 1263 καὶ
3468 1209 3617 1286 φωνή
3675 1228 3751 1270 τις

2113 1295 2386 1374 οὐρανόθεν
2442 1293 2747 1375 παραδόξως
2808 1295 3030 1362 ἠκούετο
3056 1342 3073 1373 ,
3131 1297 3296 1367 αὐτήν
3355 1315 3410 1352 τε
3478 1297 3567 1354 καὶ
3623 1294 3751 1355 Ἰου-

2113 1383 2302 1453 λιανὴν
2374 1386 2474 1453 τὴν
2549 1384 2801 1442 σύναθλον
2887 1383 3252 1460 ἐκκαλουμένη
3340 1386 3473 1464 πρὸς
3542 1387 3752 1462 οὖρανδν

2112 1475 2200 1530 καὶ
2256 1478 2362 1531 τῶν
2393 1473 2710 1542 αἰτηθέντων
2765 1474 2877 1548 ἅμα
2905 1474 3003 1540 τὴν
3055 1473 3393 1552 ἐκπλήρωσιν
3425 1474 3753 1552 ἐπαγγελλο-

2115 1563 2274 1639 μένη.
2327 1565 2533 1632 Ταύτης
2590 1562 2654 1632 δὴ
2712 1568 2810 1630 τῆς
2868 1561 3115 1642 γλυκείας
3177 1584 3359 1641 φωνης
3415 1565 3754 1623 ῐενωτισθετσα

2113 1653 2378 1733 Βαρϐάρα,
2413 1653 2532 1711 ὁδοῦ
2587 1675 2641 1709 τε
2703 1651 2918 1734 εἴχετο,
2967 1655 3055 1711 καὶ
3102 1654 3232 1733 πρὸς
3289 1654 3382 1710 τὸν
3434 1654 3526 1711 του
3579 1652 3754 1719 τέλους

2109 1743 2277 1800 τόπον
2306 1744 2573 1821 ἐπείγετο.

467 1825 723 1892 XLCum
751 1848 822 1893 eo
846 1839 1043 1896 autem
1069 1832 1461 1915 pervenisset,
1492 1834 1777 1896 inclinato
1808 1835 2023 1917 capite,

2194 1840 2299 1894 lA’.
2360 1832 2509 1893 Ἐπεὶ
2539 1831 2594 1889 δὲ
2641 1832 2730 1890 καὶ
2762 1833 3000 1913 φθάσασα
3047 1831 3136 1908 ἦν,
3196 1832 3292 1899 τὴν
3352 1833 3591 1913 κεφαλὴν
3635 1832 3752 1891 κλί-

386 1919 651 2001 paternis
680 1921 982 1998 manibus,
1016 1933 1264 2005 paterno
1312 1941 1457 1986 ense
1487 1924 1702 2007 accipit
1739 1944 2024 1988 consum-

386 2008 732 2091 mationem,
787 2011 980 2074 bonus
1031 2013 1256 2075 fructus
1316 2034 1386 2076 ex
1440 2013 1595 2076 mala
1656 2014 1871 2077 arbore
1929 2034 2030 2096 ap-

383 2117 602 2180 parens
644 2102 998 2184 manifeste;
1029 2103 1261 2167 Juliana
1291 2124 1528 2187 quoque
1580 2105 1757 2166 simul
1788 2123 1922 2167 cum
1959 2123 2029 2167 ea

384 2189 612 2251 ibidem
643 2203 1049 2256 consummata
1065 2214 1098 2257 a
1123 2195 1375 2276 quodam
1396 2214 1467 2258 ex
1499 2195 1570 2256 iis
1593 2195 1691 2276 qui
1719 2196 1837 2258 illic
1860 2203 2030 2258 erant

385 2278 701 2345 militibus.
736 2281 801 2344 In
850 2302 920 2344 eo
951 2302 1144 2347 autem
1179 2286 1333 2358 loco,
1365 2284 1465 2346 ubi
1514 2285 1639 2348 hzec
1671 2285 1823 2348 facta
1863 2295 2022 2362 sunt,

383 2369 632 2449 impium
655 2391 890 2454 quoque
912 2383 1137 2455 patrem
1165 2375 1362 2438 divina
1381 2376 1761 2458 persequitur
1776 2377 2024 2459 justitia,
2056 2445 2061 2454 ,

383 2478 518 2522 cum
552 2478 662 2524 nec
695 2463 994 2526 modicum
1027 2466 1266 2548 quidem
1297 2466 1393 2528 hic
1425 2473 1827 2548 exspectasset
1859 2466 2028 2528 boni-

386 2557 494 2631 tas,
529 2558 772 2632 propter
827 2554 1058 2634 insigne
1113 2554 1343 2628 vitium,
1376 2563 1435 2618 et
1477 2554 1635 2635 quod
1682 2555 1845 2616 nulla
1871 2563 2029 2619 esset

381 2658 518 2720 spes
550 2643 896 2706 curationis.
930 2644 978 2705 E
1028 2651 1226 2705 monte
1254 2644 1413 2706 enim
1463 2651 1772 2707 revertens
1816 2645 2028 2706 feritur

380 2728 654 2805 fulmine,
690 2739 748 2792 et
775 2731 891 2793 vita
921 2735 1164 2793 omnino
1197 2733 1480 2812 privatur,
1516 2751 1635 2794 non
1687 2733 1798 2795 hac
1831 2734 2023 2795 solum

382 2819 560 2890 ﬂuxa,
594 2819 700 2881 sed
731 2839 798 2882 ea
856 2824 1053 2902 etiam,
1091 2841 1224 2902 quas
1273 2829 1490 2896 manet,
1524 2822 1626 2884 ille
1655 2841 1796 2884 vere
1849 2825 2029 2885 miser

382 2917 442 2969 et
465 2908 732 2989 utrisque
762 2910 1064 2989 indignus.
1101 2911 1348 2974 Transit
1376 2919 1571 2974 autem
1603 2913 1675 2973 ad
1712 2913 2024 2993 praesidem

383 3014 621 3078 quoque
652 2997 1001 3062 Martianum
1053 3001 1234 3082 hujus
1262 3001 1545 3064 divinitus
1587 3002 1842 3063 immissi
1873 3002 2027 3081 ignis

383 3093 663 3168 impetus,
698 3090 869 3168 plane
915 3089 1146 3151 initium
1203 3099 1260 3152 et
1312 3099 1540 3153 certum
1597 3092 1830 3169 signum
1867 3093 2027 3155 illius

2111 1947 2244 1982 νασα
2269 1972 2288 2002 ,
2374 1936 2660 2002 πατρικαῖς
2745 1925 2900 2002 χερσὶ
2979 1928 3058 1996 τῷ
3141 1927 3386 2002 πατρικῷ
3449 1922 3577 2005 ξίφει
3656 1924 3750 1992 τὴν

2108 2014 2381 2072 τελείωσιν
2465 2013 2706 2094 δέχεται,
2790 2013 2994 2090 καρπὸς
3078 2011 3276 2090 ἀγαθὸς
3379 2011 3442 2070 ἐκ
3525 2019 3752 2092 πονηροῦ

2111 2103 2317 2180 δένδρου
2420 2101 2728 2184 παραδόξως
2833 2102 3160 2182 ἀναφανεῖσα
3193 2150 3208 2181 ,
3296 2102 3387 2158 καὶ
3469 2101 3752 2172 Ἰουλιανῆς

2116 2195 2246 2272 αὐτῇ
2287 2195 2418 2272 πρός
2447 2217 2498 2250 τι
2555 2216 2611 2256 ος
2641 2198 2746 2248 τῶν
2800 2194 2980 2248 ὶκεϊσε
3028 2194 3371 2270 στρατιωτῶν
3403 2193 3606 2268 σύναμα
3660 2215 3749 2250 τε-

2113 2283 2446 2352 λειωθείσης.
2479 2281 2566 2340 Ἐν
2625 2285 2671 2337 ὦ
2701 2281 2752 2337 δὲ
2786 2287 2948 2337 ταῦτα
2993 2280 3175 2358 γέγονε
3207 2282 3295 2337 καὶ
3325 2283 3418 2337 τὸν
3449 2280 3611 2351 ἀσεϐῆ
3647 2305 3751 2340 πα-

2111 2375 2234 2454 τέρα
2277 2377 2311 2443 ἡ
2341 2378 2452 2431 θεία
2483 2372 2682 2450 μέτεισι
2716 2369 2858 2445 δίκη,
2894 2368 3030 2446 μηδὲ
3090 2371 3268 2450 βραχύ
3298 2372 3401 2440 τῆς
3433 2372 3751 2449 ἀγαθότητος

2111 2464 2327 2522 ἐνταῦθα
2397 2463 2776 2542 περιμεινάσης
2846 2460 2928 2516 διὰ
2992 2460 3177 2525 κακίας
3247 2483 3463 2524 παντως
3532 2460 3750 2541 ὑπερϐο-

2109 2552 2212 2621 λὴν
2263 2554 2351 2610 καὶ
2409 2553 2598 2615 ἰάσεως
2642 2551 3020 2629 ἀπαγόρευσιν.
3073 2547 3338 2606 Ἐπανιὼν
3399 2552 3500 2629 γὰρ
3532 2551 3632 2607 ἀπὸ
3667 2558 3752 2608 τοῦ

2109 2641 2256 2721 ὅρους
2289 2687 2309 2714 ,
2383 2648 2617 2720 κεραυνῷ
2687 2639 2989 2717 βάλλεται,
3065 2642 3151 2694 καὶ
3233 2639 3328 2706 τῆς
3416 2645 3556 2712 ζωῆς
3627 2640 3748 2706 ὅλως

2109 2729 2444 2804 ἐκϐάλλεται,
2507 2731 2566 2786 οὒ
2631 2735 2729 2797 τῆς
2799 2727 2987 2796 ῥευσῆς
3057 2727 3244 2804 μόνον,
3305 2727 3447 2787 ἀλλὰ
3504 2730 3595 2788 καί
3657 2735 3747 2796 τῆς

2111 2821 2396 2896 μενούσης,
2443 2823 2470 2878 ὁ
2530 2818 2707 2883 ἅθλιος
2780 2819 2946 2883 ὅντως
3005 2817 3235 2897 ἐκεῖνος,
3282 2821 3374 2876 καὶ
3449 2819 3745 2898 ἀμφοτέρων

2108 2911 2340 2977 ἀνάξιος.
2379 2909 2538 2978 Αιέϐη
2591 2910 2643 2966 δὲ
2694 2911 2781 2966 καὶ
2834 2910 2905 2972 εἰς
2938 2909 3029 2964 τὸν
3077 2907 3317 2982 ἡγεμόνα
3364 2912 3664 2989 Μαρκιανὸν
3692 2911 3744 2965 τὸ

2106 3009 2198 3058 τοῦ
2281 3000 2541 3068 θεηλάτου
2623 2997 2770 3058 τοῦδε
2871 2999 3033 3075 πυρὸς
3119 2996 3340 3076 ὅρμημα
3381 3048 3396 3079 ,
3483 3001 3743 3078 προοίμιον

2108 3090 2276 3160 δήπου
2331 3093 2418 3147 καὶ
2450 3088 2714 3166 σύμϐολον
2764 3086 2986 3164 ἀψευδὲς
3018 3096 3110 3145 τοῦ
3161 3086 3324 3146 eum
3353 3091 3517 3165 πυρὸς
3565 3089 3746 3146 ἐκείνου

381 3173 537 3254 ignis
578 3178 1009 3254 immaterialis,
1045 3180 1145 3260 qui
1197 3182 1385 3260 ipsum
1446 3190 1733 3242 aeternum
1778 3191 1867 3243 est
1927 3201 2027 3261 pu-

2111 3183 2198 3237 καὶ
2268 3181 2493 3245 αἷω-ρίως
2554 3182 2708 3239 αὐτὸν
2778 3179 3206 3256 τιμωρήσοντυς.
3277 3178 3632 3242 Οὖαλεντῖνος
3699 3175 3746 3232 δέ

2279 3272 2293 3288 9
2371 3269 2423 3288 οι
2529 3272 2540 3288 9
2591 3271 2602 3288 κ
2779 3270 2793 3288 \
2922 3273 2932 3288 \
2963 3269 3003 3288 In
3175 3267 3188 3288 ,
3240 3265 3282 3288 ,‘
3312 3269 3323 3288 Ι
3571 3269 3583 3285 \
3686 3272 3711 3283 -

380 3265 634 3328 niturus.
671 3267 1054 3330 Valentianus
1085 3287 1222 3332 vero
1269 3270 1362 3331 vir
1393 3269 1632 3350 quidam
1668 3270 1798 3350 pius
1847 3279 1905 3332 et
1934 3290 2027 3333 re-

2111 3292 2190 3334 τις
2247 3269 2468 3338 εὐσεϐὴς
2517 3271 2650 3349 ἀνὴρ
2707 3270 2796 3325 καὶ
2851 3269 3118 3347 φιλόθεος,
3167 3265 3487 3342 ἀνελόμενος
3533 3269 3596 3325 τὰ
3648 3272 3744 3324 τῶν

383 3353 652 3435 ligiosus,
682 3375 816 3418 cum
851 3370 1169 3440 martyrum
1204 3377 1371 3420 sacra
1399 3359 1732 3422 sustulisset
1752 3378 2023 3440 corpora,

2111 3361 2386 3439 μαρτύρων
2468 3360 2583 3439 ἱερά
2667 3358 2892 3434 σώματα
2974 3358 3062 3412 καὶ
3145 3359 3307 3434 ἱεροῖς
3379 3356 3603 3433 ᾅσμασιν
3680 3357 3746 3420 ὡς

384 3452 441 3504 et
473 3445 762 3520 sacris,ut
783 3448 1115 3530 oportebat,
1147 3449 1497 3511 honorasset
1527 3449 1798 3530 canticis,
1833 3469 1903 3512 ea
1933 3452 2026 3531 pie

2111 3447 2211 3504 ἔδει
2269 3450 2526 3529 τιμήσας,
2575 3448 2629 3503 ὲν
2688 3447 2875 3528 χωρίῳ
2930 3444 3195 3502 Γελασσὸν
3253 3444 3588 3522 καλουμένῳ,
3643 3443 3743 3500 δώ-

382 3541 438 3595 et
468 3533 795 3598 honoriﬁce
811 3537 1058 3616 deponit
1086 3540 1145 3598 in
1177 3537 1333 3613 loco,
1355 3538 1458 3616 qui
1481 3538 1702 3600 dicitur
1721 3537 2025 3616 Gelassus,

2114 3537 2236 3594 ὃεκα
2307 3537 2504 3614 μιλίοις
2572 3538 2860 3618 Εὒχαϊτων
2935 3535 3220 3615 ἀπέχοντι,
3265 3543 3478 3612 σεμνῶς
3545 3557 3600 3593 τε
3664 3534 3744 3589 καὶ

381 3622 483 3704 qui
539 3623 706 3685 abest
756 3625 1076 3686 duodecim
1144 3626 1498 3688 milliaribus
1557 3627 1630 3689 ab
1690 3629 2020 3707 Euchaitis,

2111 3627 2364 3709 θεοφιλῶς
2417 3632 2753 3702 κατατιθησι,
2807 3627 2976 3684 νόσων
3030 3623 3192 3700 ἴαμα,
3242 3630 3442 3705 ψυχῶν
3493 3623 3743 3704 ἀγαλλία-

382 3712 725 3776 morborum
783 3715 1098 3792 medelam,
1146 3716 1478 3778 animarum
1539 3718 2020 3796 exsultationem,

2111 3741 2204 3794 μα,
2269 3718 2524 3799 φιλοθέων
2581 3716 2780 3796 ἀνδρῶν
2844 3714 3149 3794 έντρύφημα
3219 3713 3607 3796 πολυέράσκον,
3667 3718 3735 3777 εἰς

383 3801 613 3882 piorum
663 3808 918 3866 virorum
961 3806 1274 3868 amabilem
1297 3805 1880 3870 delectationem.Ad
1902 3809 2023 3888 glo-

2111 3807 2255 3874 Βόξαν
2313 3816 2538 3889 Χριστοῦ
2599 3816 2690 3866 τοῦ
2746 3807 2994 3874 ἀληθινοῦ
3055 3811 3188 3860 Θεοῦ
3243 3805 3400 3881 ἡμῶν
3470 3809 3515 3880 ᾧ
3566 3803 3738 3877 πρέπει

379 3891 528 3952 riam
583 3894 807 3957 Christi
837 3896 957 3956 veri
993 3897 1096 3958 Dei
1127 3896 1336 3969 nostri,
1372 3915 1546 3978 quem
1582 3896 1756 3960 decet
1809 3900 2019 3980 honor,

2111 3921 2263 3975 ειμη,
2321 3899 2540 3979 κράτος,
2617 3896 2968 3977 μεγαλωσύνη
3029 3914 3084 3949 τε
3147 3893 3246 3951 καί
3317 3894 3738 3976 μεγαλοπρέπεια

377 3983 660 4060 potentia,
695 3986 972 4064 majestas
1011 3992 1069 4046 et
1098 3986 1552 4065 magniﬁcentia,
1591 4006 1747 4050 nunc
1780 3995 1837 4050 et
1869 4006 2020 4050 sem-

2111 3996 2188 4045 νῦν
2257 3991 2344 4046 καὶ
2401 3989 2479 4047 ἀεὶ
2549 3989 2636 4046 καὶ
2705 3989 2778 4051 είς
2855 3986 2976 4049 τοὺς
3044 3985 3238 4048 αἰῶνας
3314 3994 3424 4043 τῶν
3510 3985 3734 4044 αἰώνων.

359 4086 489 4148 per,
526 4077 664 4136 etin
694 4073 911 4136 saacula
941 4074 1335 4137 saeculorum.
1372 4080 1586 4140 Amen.
2100 4078 2306 4154 ³Δμήν.
