4006 6146
269 350 380 423 317

1614 345 1802 414 VITA
1846 345 1908 410 S.
1954 341 2287 411 NICOLAI.

3523 309 3642 408 318

267 500 3631 543 ww“

1375 655 1626 742 ΒΙΟΣ
1729 655 1917 740 ΚΑΙ

2015 651 2554 739 ΠΟΛΙΤΕΙΑ

791 844 902 896 ΚΑΙ
944 841 1197 894 ΜΕΡΙΚΗ
1241 839 1610 893 ΘΛΥΜΑΤΩΝ
1659 838 1975 892 ΔΙΗΓΗΣΙΣ
2030 838 2158 889 ΤΟΥ
2201 829 2643 907 ΕΝᾸΘΑΥΜΔΣΙ
2691 833 3118 886 ΠΕΡΙΩΝΥΜΟΥ

1500 1029 2427 1165 ΝΙΚΟΛΑΟΥ

1095 1297 1634 1352 ΛΡΧΙΕΠΙΣΚΟΠΟΥ
1679 1296 1905 1347 ΜΥΡΩΝ
1971 1295 2104 1347 ΤΗΣ
2149 1292 2402 1344 ΛΥΚΙΩΝ
2450 1289 2806 1346 ΕΠΑΡΧΙΑΣ,

1294 1598 1557 1686 VITA
1624 1599 1760 1685 ET
1831 1594 2647 1686 CONVERSATIO.

690 1775 786 1840 ET
826 1774 1271 1845 SINGULARIS
1308 1775 1863 1844 MIRACULORUM
1906 1773 2295 1843 NARRATIO
2338 1769 2745 1839 MIRACULIS
2791 1765 3219 1834 CLABISSIMI

1561 1980 2351 2132 NICOLAI

1155 2251 1654 2312 ARCHIEPISCOPI
1695 2252 1897 2312 MYR/E
1927 2251 1993 2308 IN
2031 2247 2356 2307 EPARCHIA
2395 2247 2745 2306 LYCIORUM.

828 2423 1026 2496 (Latine
1061 2439 1143 2497 ap.
1177 2422 1383 2482 Surium
1421 2425 1483 2482 ad
1516 2423 1650 2482 diem
1690 2423 1724 2480 6
1762 2424 1886 2480 Dec.
1926 2442 1940 2490 ;
1987 2421 2162 2478 Grzece
2199 2438 2260 2478 ex
2297 2419 2407 2476 cod.
2450 2435 2547 2476 ms.
2589 2418 2798 2476 Coisliu.
2843 2435 2896 2478 n.
2936 2418 3085 2488 M7.)

341 2738 738 2794 ΠροοιΜῐΟΝ,
769 2766 845 2777 -
899 2733 1067 2813 Σοφόν
1095 2755 1144 2789 τι
1201 2739 1393 2813 χρῆμα
1425 2734 1714 2814 ζωγράφων
1763 2734 1902 2814 χεὶρ,
1929 2746 1951 2795 Α

2070 2728 2498 2795 PR/EFATIO.
2571 2763 2637 2775 -—
2669 2729 2830 2792 Scita
2857 2727 3128 2808 quaedam
3178 2745 3278 2788 res
3307 2733 3398 2788 est
3429 2739 3641 2814 manus

276 2823 352 2878 καὶ
397 2821 551 2890 δεινῆ
613 2822 712 2898 μὲν
775 2824 1106 2898 μιμήσασθαι
1165 2824 1260 2890 τὴν
1318 2822 1590 2902 ἀλήθειαν,
1650 2822 1800 2890 δεινὴ
1862 2822 1916 2878 δὲ

272 2917 367 2967 τῶν
415 2912 751 2989 πραγμάτων
803 2912 998 2989 ἐναργῆ
1053 2915 1327 2989 προθεῖναι
1385 2913 1449 2968 τὰ
1503 2910 1764 2988 σύμϐολα,
1826 2935 1916 2968 σο-

275 3001 503 3078 φώτερον
559 3000 613 3056 δὲ
661 2999 759 3078 ἄρα
827 2999 1012 3077 λόγος,
1057 3002 1144 3057 καὶ
1199 2999 1384 3076 πολλῷ
1440 3004 1702 3080 γραφικῆς
1759 3003 1918 3081 ἐκαρ-

272 3092 519 3169 γέστερον
591 3088 760 3154 δεῖξαί
813 3111 871 3145 τε
949 3091 976 3146 ὃ
1033 3088 1302 3166 βούλεται,
1364 3092 1450 3148 καὶ
1507 3089 1802 3171 ὄφθαλμοῖς
1856 3094 1918 3148 τὸ

273 3186 495 3257 πρᾶγμα
552 3177 883 3257 παραϐαλεῖν
946 3181 1034 3236 καὶ
1098 3180 1333 3254 τοσούτῳ
1389 3179 1616 3256 μαλλον,
1663 3179 1770 3253 ὅσῳ
1837 3185 1922 3239 καὶ

271 3269 430 3325 πλέον
490 3268 732 3345 ἐρεθίζειν
790 3266 904 3325 οἶδε
947 3271 1034 3325 καὶ
1089 3268 1253 3339 ζήλου
1313 3291 1363 3325 τι
1421 3271 1636 3348 κέντρον
1704 3270 1918 3342 ἐνιέναι,

273 3361 357 3416 καὶ
415 3356 685 3429 διανιστᾳν
716 3357 848 3436 πρὸς
904 3358 1004 3424 τὴν
1047 3359 1295 3433 μίμησιν,
1353 3361 1546 3415 Αὐτίκα
1590 3368 1714 3438 γοὺν
1758 3363 1786 3416 ὁ
1815 3367 1920 3417 τῶν

271 3451 402 3504 κατὰ
479 3448 610 3504 Θεὸν
678 3447 1144 3523 πολιτευσαμένων
1203 3449 1340 3528 βίος,
1400 3456 1477 3521 τῷ
1529 3448 1674 3527 λόγῳ
1738 3449 1918 3506 διατυ-

271 3540 563 3614 πούμενος,
620 3535 849 3600 πολλοὺς
906 3535 969 3592 ἂν
1026 3536 1380 3605 ἐφελκύσηται
1454 3540 1542 3596 καὶ
1599 3539 1919 3620 διαθερμάνῃ

273 3629 400 3705 πρὸς
462 3627 678 3705 ἀρετὴν.
711 3627 798 3683 καὶ
849 3625 958 3700 ὅλῳ
1015 3628 1199 3691 αὐτοὺς
1231 3629 1363 3706 πρὸς
1421 3629 1513 3685 τὸν
1555 3627 1738 3703 ὅμοιον
1783 3631 1920 3686 ὑπο-

270 3717 410 3786 θήξει
479 3715 662 3790 ζῆλον,
696 3715 876 3795 ὥσπερ
925 3713 991 3783 δὴ
1049 3718 1192 3773 καὶὸ
1241 3727 1334 3775 τοῦ
1385 3718 1520 3774 θείου
1559 3719 1761 3793 Πατρὸς
1823 3729 1922 3776 Νι-

280 3806 500 3880 κολάου,
534 3809 627 3862 καῖ
689 3807 873 3862 τούτου
903 3827 964 3882 γε
1022 3805 1226 3880 μᾶλλον
1282 3807 1434 3884 εἷ’περ
1486 3809 1650 3886 τινὸς,
1681 3805 1788 3881 ὅσῳ
1842 3803 1929 3862 καὶ

276 3895 443 3963 ἆκοὴν
503 3893 668 3950 πλέον
719 3893 892 3962 ἡδύνει
941 3896 1026 3950 καὶ
1085 3895 1273 3974 ψυχὴν
1327 3895 1610 3974 εὐφραίνει,
1645 3900 1739 3952 καῖ
1799 3897 1928 3974 πρὸς

276 3984 372 4049 τὴν
429 3987 536 4038 τῶν
583 3981 764 4038 καλῶν
811 3982 1058 4059 ἐργασίαν
1119 3981 1382 4054 διανιστᾷ.
1432 3983 1508 4040 Τὰ
1563 3983 1760 4040 ἐκείνου
1816 3983 1926 4038 τοί-

2001 2820 2268 2900 pictoris,
2301 2830 2359 2882 et
2403 2839 2536 2900 quae
2567 2819 2818 2900 pulchre
2861 2817 3104 2897 quidem
3139 2817 3250 2878 scit
3279 2813 3495 2877 imitari
3537 2831 3641 2873 ve-

2001 2911 2258 2984 ritatem,
2298 2918 2357 2970 et
2386 2927 2583 2970 rerum
2621 2909 2787 2986 signa
2817 2907 3138 2970 ostendere
3187 2905 3506 2974 evidentia,
3541 2901 3644 2964 sed

2001 3018 2099 3060 res
2125 3007 2215 3060 est
2242 2999 2426 3076 magis
2459 2998 2604 3060 scita
2635 2997 2844 3071 oratio,
2876 3005 2934 3058 et
2965 2997 3188 3074 pictura
3238 2996 3412 3072 longe
3444 2993 3641 3056 edica-

2003 3089 2149 3158 cior,
2182 3089 2254 3148 ad
2287 3089 2346 3150 id
2379 3090 2536 3168 quod
2568 3088 2688 3148 vult
2733 3087 3194 3158 ostendendum,
3231 3093 3292 3146 et
3320 3102 3445 3146 rem
3496 3101 3646 3143 ocu-

2003 3179 2075 3239 lis
2118 3177 2598 3258 subjiciendam:
2637 3195 2768 3256 quae
2798 3183 2857 3237 et
2909 3174 3096 3255 magis
3137 3175 3248 3236 scit
3277 3173 3528 3235 incitare
3574 3170 3650 3232 ad

2002 3268 2420 3342 imitationem,
2459 3275 2518 3328 et
2564 3267 2822 3348 aliquem
2857 3265 3165 3327 stimulum
3212 3261 3558 3326 imitationis
3586 3261 3649 3322 in

2003 3359 2229 3419 animas
2270 3359 2597 3420 immittere
2628 3365 2684 3418 et
2714 3356 2785 3417 ad
2821 3355 2982 3435 paria
3015 3355 3294 3417 excitare.
3325 3353 3456 3416 Jam
3491 3351 3649 3413 enim

2003 3447 2124 3508 vita
2181 3465 2388 3509 eorum
2447 3447 2551 3527 qui
2618 3465 2686 3508 ex
2741 3445 2864 3508 Deo
2897 3446 3068 3506 vitam
3124 3463 3322 3523 egere,
3375 3459 3654 3522 expressa

2004 3537 2291 3610 oratione,
2329 3536 2549 3598 multos
2580 3537 2651 3597 ad
2713 3535 2990 3597 virtutem
3024 3533 3328 3596 attraxerit
3358 3541 3416 3594 et
3463 3531 3648 3593 advo-

2006 3625 2246 3699 caverit,
2282 3632 2342 3687 et
2372 3625 2443 3686 ad
2479 3625 2736 3686 similem
2791 3624 2981 3685 zelum
3015 3623 3255 3684 omnino
3286 3619 3648 3682 accenderit.

2012 3714 2322 3786 Quomodo
2355 3715 2531 3775 etiam
2587 3715 2702 3774 vita
2735 3713 2916 3774 divini
2960 3711 3152 3772 Patris
3180 3710 3405 3772 Nicolai
3434 3717 3493 3771 et
3521 3707 3650 3787 ejus

2015 3804 2210 3883 potius
2265 3821 2441 3884 quam
2499 3803 2752 3882 alicujus
2826 3799 3094 3872 alterius,
3153 3818 3284 3880 quas
3355 3810 3414 3859 et
3483 3814 3660 3859 aures

2013 3892 2267 3953 delectat
2297 3900 2354 3952 et
2402 3891 2658 3952 animam
2691 3890 2873 3953 afﬁcit
2923 3888 3140 3962 laetitia,
3175 3897 3232 3950 et
3277 3889 3490 3949 excited
3520 3885 3656 3947 ani-

2015 3999 2178 4042 mum
2228 3982 2301 4042 ad
2339 3982 2722 4042 honestarum
2777 3999 2977 4042 rerum
3031 3979 3460 4056 Operationem.
3510 3974 3660 4038 Sunt

275 4094 361 4128 νυν
420 4074 507 4128 καὶ
567 4070 852 4149 διηγητέον
910 4073 1070 4146 ἡμῖν,
1119 4073 1206 4128 καὶ
1255 4073 1330 4133 τῶ
1376 4071 1522 4151 λόγῳ
1576 4071 1932 4151 περιληπτέον

2018 4089 2155 4150 ergo
2210 4089 2306 4132 res
2363 4072 2496 4150 ejus
2553 4069 2888 4141 narranda,
2950 4078 3010 4130 et
3062 4069 3330 4130 oratione
3375 4084 3658 4146 compre-

279 4163 349 4224 είς
406 4159 650 4240 δύναμιν,
703 4161 798 4217 xuii
865 4159 1034 4216 πάλαι
1092 4161 1190 4235 μὲν
1261 4159 1459 4228 ἔκδηλα
1516 4176 1632 4225 τοῖς
1702 4160 1929 4228 πολλοῖς

279 4250 420 4324 ὄντα,
466 4252 556 4307 καὶ
613 4247 729 4307 οὐδὲ
781 4255 907 4326 μιᾶς
984 4248 1096 4308 οὔδ’
1169 4248 1310 4314 ὅλως
1374 4253 1608 4328 ἱστορίας
1683 4253 1926 4326 δεόμενα,

283 4339 416 4408 πλὴν
467 4337 592 4396 ἀλλ’
620 4337 741 4396 ὅσον
803 4337 1093 4396 ἀναλαϐεῖν
1146 4341 1275 4396 αὐτὰ
1303 4342 1390 4397 καὶ
1443 4342 1518 4404 εἷς
1577 4343 1798 4416 μνήμην
1831 4341 1926 4396 ἆν-

285 4430 516 4506 ενεγκεῖν
561 4431 820 4509 σήμερον,
867 4430 955 4485 καὶ
1013 4430 1101 4494 τὰς
1145 4435 1251 4485 τῶν
1309 4430 1600 4510 φιλαρέτων
1647 4433 1794 4507 ὑμῶν
1838 4435 1930 4489 εὗ-

286 4525 463 4598 φρᾶναι
545 4519 753 4598 ψυχάς.
844 4541 869 4573 a
907 4515 1412 4595 Ἐγκωμιαζομένου
1497 4520 1620 4600 γὰρ,
1661 4542 1684 4577 ι
1775 4520 1926 4598 φησὶ,

293 4629 314 4660 ι
344 4606 542 4666 δικαίου
569 4607 1022 4688 εὐφρανθήσονται
1052 4605 1193 4667 λαοί.
1236 4631 1264 4664 ν

362 4700 452 4761 A'.
513 4703 602 4771 Τῷ
661 4697 884 4776 μεγάλῳ
951 4697 1228 4776 τοιγάροῦν
1293 4704 1464 4772 τοῦτῷ
1525 4699 1612 4754 καὶ
1661 4700 1930 4775 θαυμασίῳ

290 4791 440 4869 Πατρὶ
491 4788 710 4864 Πάταρα
767 4785 864 4862 μὲν
913 4787 948 4854 ἠ
1005 4789 1218 4863 πατρὶς,
1246 4786 1402 4852 πόλις
1460 4787 1652 4853 Λυκίας
1679 4791 1765 4845 καὶ
1821 4791 1926 4845 τοῖον

291 4878 548 4959 ἐπιφανῶν
600 4876 877 4955 πρότερον,
935 4876 1163 4955 Πατέρες
1228 4875 1283 4933 δὲ
1355 4878 1421 4933 τὰ
1477 4877 1573 4953 μὲν
1645 4879 1716 4941 εἰς
1773 4877 1925 4956 γένος

290 4975 387 5025 τῶν
441 4968 498 5024 εὖ
544 4976 872 5046 γεγονότων,
906 4968 1084 5026 οὐσίαν
1141 4965 1194 5022 δὲ
1253 4966 1513 5045 αὖτάρκῃ,
1562 4969 1646 5025 καὶ
1698 4965 1799 5034 ὅση
1848 4968 1925 5043 μὴ

289 5061 523 5136 περιττὴ,
583 5055 930 5136 κεκτημένοι,
987 5055 1230 5134 ἄγευστοι
1287 5061 1555 5132 κοσμικῆς
1612 5054 1768 5125 δόξης
1839 5059 1926 5114 καὶ

291 5149 500 5206 ἀπίστου
555 5147 918 5227 περιφανείας,
965 5147 1054 5204 καὶ
1109 5153 1186 5220 τῷ
1242 5145 1388 5203 παιδὶ
1416 5149 1580 5210 καλὸς
1637 5148 1800 5210 τύπος
1836 5148 1930 5204 τοῦ

292 5241 493 5318 μετρίου
574 5237 972 5316 προσκείμενοι,
1052 5237 1167 5315 περὶ
1251 5244 1414 5312 μόνον
1499 5236 1784 5317 σχολάζειν
1866 5238 1927 5293 τὸ

292 5328 497 5410 ἆγαθὸν,
557 5329 645 5384 καὶ
699 5334 856 5384 τοῦτο
927 5326 988 5384 ἐκ
1058 5328 1255 5391 παντὸς
1314 5327 1509 5404 τρόπου
1580 5326 1928 5404 μεταδιώκειν

2013 4159 2346 4222 Ιιοιιᾶθηόω
2404 4178 2506 4239 pro
2563 4159 2811 4240 viribus,
2877 4159 3110 4221 etiamsi
3166 4160 3283 4221 sint
3333 4159 3451 4236 jam
3517 4155 3657 4216 olim

2014 4249 2254 4331 quidem
2290 4249 2492 4312 multis
2524 4250 2798 4328 cognitae,
2833 4267 2964 4330 quae
3013 4248 3176 4309 nulla
3206 4247 3476 4325 indigent
3526 4245 3659 4306 his-

2014 4346 2185 4412 toria,
2219 4338 2336 4400 nisi
2391 4339 2464 4400 ad
2521 4357 2622 4401 eas
2675 4336 3037 4419 repetendas
3087 4344 3149 4398 et
3195 4336 3258 4398 in
3307 4334 3658 4397 memoriam

2012 4429 2394 4501 revocandas,
2458 4435 2519 4491 et
2576 4427 2649 4490 ad
2707 4436 2965 4492 vestrum
3025 4424 3258 4488 virtutis
3329 4424 3659 4489 amentium

2013 4518 2398 4582 laetiﬁcandos
2421 4518 2676 4582 animos.

2091 4697 2137 4762 Ι.
2172 4697 2323 4761 Huic
2373 4715 2512 4777 ergo
2568 4716 2781 4774 magno
2839 4705 2898 4758 et
2945 4695 3297 4758 admirando
3331 4695 3492 4758 Patri
3547 4713 3654 4775 pa-

2010 4787 2122 4850 tria
2179 4787 2418 4868 quidem
2473 4795 2599 4848 erat
2657 4787 2890 4867 Patara,
2953 4788 3148 4865 Lyciae
3204 4786 3430 4859 civitas,
3499 4785 3662 4864 prius

2010 4877 2279 4956 insignis.
2344 4875 2630 4938 Parentes
2682 4884 2878 4936 autem
2940 4875 3191 4935 honesto
3249 4873 3488 4953 quidem
3531 4873 3661 4933 loco

2010 4968 2131 5029 nati
2170 4989 2183 5025 :
2232 4984 2334 5028 eas
2387 4985 2525 5028 vero
2558 4966 2933 5046 possidentes
2976 4963 3285 5026 facultates
3315 4981 3446 5042 qum
3490 4961 3661 5022 sufﬁ-

2010 5057 2326 5121 ciebantet
2347 5074 2467 5117 non
2490 5055 2996 5134 erantsuperﬂuaa
3026 5071 3040 5116 :
3081 5054 3178 5132 qui
3208 5052 3446 5131 quidem
3481 5069 3662 5111 mun-

2010 5147 2221 5207 danam
2255 5144 2502 5224 gloriam
2536 5152 2592 5204 et
2627 5160 2901 5222 pompam
2947 5159 3022 5202 ne
3052 5149 3362 5220 gustavere
3391 5138 3659 5219 quidem,

2010 5245 2070 5297 et
2115 5234 2238 5296 ﬁlio
2271 5233 2451 5295 futuri
2493 5241 2665 5294 erant
2698 5231 3012 5312 pulchrum
3068 5228 3370 5310 exemplar
3399 5229 3472 5290 ad
3519 5229 3654 5303 hoc,

2010 5333 2074 5385 ut
2131 5325 2185 5385 ei
2213 5330 2442 5402 gratum
2476 5329 2636 5384 esset
2685 5320 2768 5382 nil
2825 5317 3181 5400 possidere;
3239 5318 3296 5380 ei
3340 5319 3452 5381 soli
3501 5319 3660 5400 quod

292 5407 614 5495 βουλομένω.
696 5417 853 5473 Οὗτοι
925 5415 1069 5490 παρὰ
1131 5419 1225 5480 τὰς
1296 5413 1548 5481 διεξόδους
1580 5419 1684 5473 τῶν
1728 5415 1951 5482 ὑδτλὶτων1

2011 5413 2233 5475 bonum
2274 5421 2362 5474 est
2395 5419 2692 5488 vacantes,
2730 5418 2788 5472 et
2817 5411 2877 5471 id
2913 5409 3101 5470 modis
3132 5407 3408 5470 omnibus
3452 5427 3660 5489 perse-

293 5506 382 5574 τῆς
444 5503 713 5568 οὗσεϐείας
782 5502 1166 5580 πεφυτευμένοι
1196 5552 1213 5585 ,
1273 5505 1408 5581 ὁμοῦ
1475 5527 1531 5562 τε
1603 5507 1804 5585 καρπὸν
1873 5505 1929 5561 ἐν

295 5604 452 5676 καιρῷ
495 5595 688 5654 διδοῦσι
747 5595 839 5652 τὸν
890 5592 1239 5673 ὡραιότατον,
1286 5598 1314 5653 ὁ
1355 5599 1500 5663 θεῖος
1561 5597 1713 5662 οὗτος
1764 5593 1930 5654 Νικό-

366 5713 386 5760 ¹
418 5710 572 5778 Psal.
604 5729 648 5796 ι,
679 5712 740 5777 3.

2013 5510 2286 5585 quentes.
2321 5501 2392 5564 Hi
2424 5500 2670 5582 plantati
2693 5518 2872 5563 secus
2896 5497 3185 5562 decursus
3218 5514 3504 5578 aquarum
3539 5498 3660 5580 pie-

2013 5592 2148 5657 tatis
2192 5592 2240 5670 Ι,
2273 5591 2446 5656 simul
2478 5600 2652 5674 atque
2684 5589 2826 5653 dant
2855 5587 2916 5652 in
2949 5595 3218 5676 tempore
3271 5587 3528 5652 fructum
3558 5587 3654 5650 di-
