  <div class='ocr_page' id='page_1' title='image "/cluster/home/n/w/nwhite01/storage/ocr_20150623/116/mdp.39015008903554/167.png"; bbox 0 0 3992 6134; ppageno 0'>
   <div class='ocr_carea' id='block_1_1' title="bbox 382 290 502 371">
    <p class='ocr_par' dir='ltr' id='par_1_1' title="bbox 382 290 502 371">
     <span class='ocr_line' id='line_1_1' title="bbox 382 290 502 371; baseline 0.033 -4"><span class='ocrx_word' id='word_1_1' title='bbox 382 290 502 371; x_wconf 77' lang='grc'><strong>319</strong></span> 
     </span>
    </p>
   </div>
   <div class='ocr_carea' id='block_1_2' title="bbox 1689 302 2445 379">
    <p class='ocr_par' dir='ltr' id='par_1_2' title="bbox 1689 302 2445 379">
     <span class='ocr_line' id='line_1_2' title="bbox 1689 302 2445 379; baseline 0.008 -10"><span class='ocrx_word' id='word_1_2' title='bbox 1689 302 1853 373; x_wconf 82' lang='grc' dir='ltr'><strong>ΜΕΝ</strong></span> <span class='ocrx_word' id='word_1_3' title='bbox 1858 303 1972 372; x_wconf 83' lang='lat' dir='ltr'><strong>SIS</strong></span> <span class='ocrx_word' id='word_1_4' title='bbox 2009 305 2445 379; x_wconf 78' lang='lat' dir='ltr'><strong>DECEMBER.</strong></span> 
     </span>
    </p>
   </div>
   <div class='ocr_carea' id='block_1_3' title="bbox 3636 324 3745 399">
    <p class='ocr_par' dir='ltr' id='par_1_3' title="bbox 3636 324 3745 399">
     <span class='ocr_line' id='line_1_3' title="bbox 3636 324 3745 399; baseline 0.037 -4"><span class='ocrx_word' id='word_1_5' title='bbox 3636 324 3745 399; x_wconf 73' lang='lat'><strong>320</strong></span> 
     </span>
    </p>
   </div>
   <div class='ocr_carea' id='block_1_4' title="bbox 384 440 2036 546">
    <p class='ocr_par' dir='ltr' id='par_1_4' title="bbox 384 440 2031 546">
     <span class='ocr_line' id='line_1_4' title="bbox 384 440 2031 546; baseline 0.001 -39"><span class='ocrx_word' id='word_1_6' title='bbox 384 440 589 546; x_wconf 56' lang='lat' dir='ltr'><strong>vinum</strong></span> <span class='ocrx_word' id='word_1_7' title='bbox 614 441 949 529; x_wconf 79' lang='lat' dir='ltr'><strong>Nicolaum,</strong></span> <span class='ocrx_word' id='word_1_8' title='bbox 982 451 1170 521; x_wconf 80' lang='lat' dir='ltr'><strong>mater</strong></span> <span class='ocrx_word' id='word_1_9' title='bbox 1213 453 1410 513; x_wconf 81' lang='lat' dir='ltr'><strong>cessat</strong></span> <span class='ocrx_word' id='word_1_10' title='bbox 1438 465 1674 530; x_wconf 88' lang='lat' dir='ltr'><strong>parere,</strong></span> <span class='ocrx_word' id='word_1_11' title='bbox 1707 444 1928 546; x_wconf 78' lang='lat' dir='ltr'><strong>sterilis</strong></span> <span class='ocrx_word' id='word_1_12' title='bbox 1957 444 2031 510; x_wconf 86' lang='lat' dir='ltr'><strong>ab</strong></span> 
     </span>
    </p>
   </div>
   <div class='ocr_carea' id='block_1_5' title="bbox 2121 440 3747 546">
    <p class='ocr_par' dir='ltr' id='par_1_5' title="bbox 2121 444 3747 546">
     <span class='ocr_line' id='line_1_5' title="bbox 2121 444 3747 546; baseline 0.012 -41"><span class='ocrx_word' id='word_1_13' title='bbox 2121 444 2244 546; x_wconf 55' lang='grc' dir='ltr'>λαος</span> <span class='ocrx_word' id='word_1_14' title='bbox 2300 449 2511 546; x_wconf 34' lang='grc' dir='ltr'>ἧνῇκαὶ</span> <span class='ocrx_word' id='word_1_15' title='bbox 2566 453 2700 546; x_wconf 69' lang='grc' dir='ltr'>δμοῦ</span> <span class='ocrx_word' id='word_1_16' title='bbox 2734 448 2979 514; x_wconf 86' lang='grc' dir='ltr'>πεδειται</span> <span class='ocrx_word' id='word_1_17' title='bbox 3040 453 3137 531; x_wconf 77' lang='grc' dir='ltr'><strong>τὰς</strong></span> <span class='ocrx_word' id='word_1_18' title='bbox 3191 456 3389 533; x_wconf 81' lang='grc' dir='ltr'>ὠδῖνας</span> <span class='ocrx_word' id='word_1_19' title='bbox 3432 462 3468 533; x_wconf 75' lang='grc' dir='ltr'>ἡ</span> <span class='ocrx_word' id='word_1_20' title='bbox 3526 462 3747 546; x_wconf 71' lang='grc' dir='ltr'>μήτηρς</span> 
     </span>
    </p>
   </div>
   <div class='ocr_carea' id='block_1_6' title="bbox 386 533 2029 620">
    <p class='ocr_par' dir='ltr' id='par_1_6' title="bbox 386 533 2029 620">
     <span class='ocr_line' id='line_1_6' title="bbox 386 533 2029 620; baseline 0.002 -25"><span class='ocrx_word' id='word_1_21' title='bbox 386 533 486 597; x_wconf 90' lang='lat' dir='ltr'><strong>illo</strong></span> <span class='ocrx_word' id='word_1_22' title='bbox 522 542 794 619; x_wconf 86' lang='lat' dir='ltr'><strong>tempore</strong></span> <span class='ocrx_word' id='word_1_23' title='bbox 824 555 1074 601; x_wconf 87' lang='lat' dir='ltr'><strong>manens</strong></span> <span class='ocrx_word' id='word_1_24' title='bbox 1104 548 1161 601; x_wconf 92' lang='lat' dir='ltr'><strong>et</strong></span> <span class='ocrx_word' id='word_1_25' title='bbox 1183 540 1379 602; x_wconf 89' lang='lat' dir='ltr'><strong>nullos</strong></span> <span class='ocrx_word' id='word_1_26' title='bbox 1414 539 1749 620; x_wconf 89' lang='lat' dir='ltr'><strong>producens</strong></span> <span class='ocrx_word' id='word_1_27' title='bbox 1783 537 2029 607; x_wconf 87' lang='lat' dir='ltr'><strong>liberos,</strong></span> 
     </span>
    </p>
   </div>
   <div class='ocr_carea' id='block_1_7' title="bbox 387 625 2033 709">
    <p class='ocr_par' dir='ltr' id='par_1_7' title="bbox 387 625 2033 709">
     <span class='ocr_line' id='line_1_7' title="bbox 387 625 2033 709; baseline 0.002 -23"><span class='ocrx_word' id='word_1_28' title='bbox 387 625 828 702; x_wconf 79' lang='lat' dir='ltr'><strong>quodammodo</strong></span> <span class='ocrx_word' id='word_1_29' title='bbox 886 629 1201 709; x_wconf 86' lang='lat' dir='ltr'><strong>proﬁtente</strong></span> <span class='ocrx_word' id='word_1_30' title='bbox 1252 639 1460 691; x_wconf 85' lang='lat' dir='ltr'><strong>natura</strong></span> <span class='ocrx_word' id='word_1_31' title='bbox 1502 647 1619 691; x_wconf 90' lang='lat' dir='ltr'><strong>non</strong></span> <span class='ocrx_word' id='word_1_32' title='bbox 1676 644 1850 707; x_wconf 81' lang='lat' dir='ltr'><strong>posse</strong></span> <span class='ocrx_word' id='word_1_33' title='bbox 1902 646 2033 689; x_wconf 90' lang='lat' dir='ltr'><strong>eam</strong></span> 
     </span>
    </p>
   </div>
   <div class='ocr_carea' id='block_1_8' title="bbox 386 714 2035 799">
    <p class='ocr_par' dir='ltr' id='par_1_8' title="bbox 386 714 2035 799">
     <span class='ocr_line' id='line_1_8' title="bbox 386 714 2035 799; baseline 0.001 -24"><span class='ocrx_word' id='word_1_34' title='bbox 386 714 569 777; x_wconf 91' lang='lat' dir='ltr'><strong>alium</strong></span> <span class='ocrx_word' id='word_1_35' title='bbox 624 716 911 796; x_wconf 90' lang='lat' dir='ltr'><strong>proferre.</strong></span> <span class='ocrx_word' id='word_1_36' title='bbox 944 718 1061 781; x_wconf 87' lang='lat' dir='ltr'><strong>Sed</strong></span> <span class='ocrx_word' id='word_1_37' title='bbox 1108 738 1240 780; x_wconf 93' lang='lat' dir='ltr'><strong>cum</strong></span> <span class='ocrx_word' id='word_1_38' title='bbox 1274 738 1408 782; x_wconf 93' lang='lat' dir='ltr'><strong>eum</strong></span> <span class='ocrx_word' id='word_1_39' title='bbox 1462 719 1718 799; x_wconf 90' lang='lat' dir='ltr'><strong>primum</strong></span> <span class='ocrx_word' id='word_1_40' title='bbox 1752 716 1928 777; x_wconf 90' lang='lat' dir='ltr'><strong>simul</strong></span> <span class='ocrx_word' id='word_1_41' title='bbox 1974 724 2035 779; x_wconf 91' lang='lat' dir='ltr'><strong>et</strong></span> 
     </span>
    </p>
   </div>
   <div class='ocr_carea' id='block_1_9' title="bbox 386 805 2033 882">
    <p class='ocr_par' dir='ltr' id='par_1_9' title="bbox 386 805 2033 882">
     <span class='ocr_line' id='line_1_9' title="bbox 386 805 2033 882; baseline 0.001 -15"><span class='ocrx_word' id='word_1_42' title='bbox 386 805 663 868; x_wconf 88' lang='lat' dir='ltr'><strong>ultimum</strong></span> <span class='ocrx_word' id='word_1_43' title='bbox 697 825 1058 882; x_wconf 78' lang='lat' dir='ltr'><strong>generosum</strong></span> <span class='ocrx_word' id='word_1_44' title='bbox 1081 828 1310 871; x_wconf 89' lang='lat' dir='ltr'><strong>ramum</strong></span> <span class='ocrx_word' id='word_1_45' title='bbox 1342 819 1539 872; x_wconf 81' lang='lat' dir='ltr'><strong>mater</strong></span> <span class='ocrx_word' id='word_1_46' title='bbox 1579 809 1640 870; x_wconf 88' lang='lat' dir='ltr'><strong>iu</strong></span> <span class='ocrx_word' id='word_1_47' title='bbox 1669 807 1864 870; x_wconf 83' lang='lat' dir='ltr'><strong>lucem</strong></span> <span class='ocrx_word' id='word_1_48' title='bbox 1898 807 2033 869; x_wconf 90' lang='lat' dir='ltr'><strong>edi-</strong></span> 
     </span>
    </p>
   </div>
   <div class='ocr_carea' id='block_1_10' title="bbox 389 895 2032 981">
    <p class='ocr_par' dir='ltr' id='par_1_10' title="bbox 389 895 2032 981">
     <span class='ocr_line' id='line_1_10' title="bbox 389 895 2032 981; baseline 0 -22"><span class='ocrx_word' id='word_1_49' title='bbox 389 895 573 960; x_wconf 86' lang='lat' dir='ltr'><strong>disset</strong></span> <span class='ocrx_word' id='word_1_50' title='bbox 605 898 995 979; x_wconf 79' lang='lat' dir='ltr'><strong>multiplicem</strong></span> <span class='ocrx_word' id='word_1_51' title='bbox 1040 900 1251 981; x_wconf 79' lang='lat' dir='ltr'><strong>spiritu</strong></span> <span class='ocrx_word' id='word_1_52' title='bbox 1297 918 1432 961; x_wconf 93' lang='lat' dir='ltr'><strong>cum</strong></span> <span class='ocrx_word' id='word_1_53' title='bbox 1477 902 1731 981; x_wconf 81' lang='lat' dir='ltr'><strong>conjuge</strong></span> <span class='ocrx_word' id='word_1_54' title='bbox 1778 899 2032 959; x_wconf 86' lang='lat' dir='ltr'><strong>fructum</strong></span> 
     </span>
    </p>
   </div>
   <div class='ocr_carea' id='block_1_11' title="bbox 393 985 2036 1071">
    <p class='ocr_par' dir='ltr' id='par_1_11' title="bbox 393 985 2036 1071">
     <span class='ocr_line' id='line_1_11' title="bbox 393 985 2036 1071; baseline 0.002 -24"><span class='ocrx_word' id='word_1_55' title='bbox 393 985 614 1049; x_wconf 83' lang='lat' dir='ltr'><strong>dedere</strong></span> <span class='ocrx_word' id='word_1_56' title='bbox 669 988 945 1050; x_wconf 88' lang='lat' dir='ltr'><strong>virtutum</strong></span> <span class='ocrx_word' id='word_1_57' title='bbox 1014 989 1343 1071; x_wconf 82' lang='lat' dir='ltr'><strong>cumulum,</strong></span> <span class='ocrx_word' id='word_1_58' title='bbox 1405 990 1516 1053; x_wconf 88' lang='lat' dir='ltr'><strong>hac</strong></span> <span class='ocrx_word' id='word_1_59' title='bbox 1585 1010 1723 1053; x_wconf 87' lang='lat' dir='ltr'><strong>vere</strong></span> <span class='ocrx_word' id='word_1_60' title='bbox 1782 986 2036 1066; x_wconf 87' lang='lat' dir='ltr'><strong>pulchra</strong></span> 
     </span>
    </p>
   </div>
   <div class='ocr_carea' id='block_1_12' title="bbox 388 1076 2030 1163">
    <p class='ocr_par' dir='ltr' id='par_1_12' title="bbox 388 1076 2030 1163">
     <span class='ocr_line' id='line_1_12' title="bbox 388 1076 2030 1163; baseline 0.005 -26"><span class='ocrx_word' id='word_1_61' title='bbox 388 1076 731 1157; x_wconf 86' lang='lat' dir='ltr'><strong>lacnpletati</strong></span> <span class='ocrx_word' id='word_1_62' title='bbox 787 1077 1018 1156; x_wconf 77' lang='lat' dir='ltr'><strong>sobole,</strong></span> <span class='ocrx_word' id='word_1_63' title='bbox 1050 1080 1320 1155; x_wconf 86' lang='lat' dir='ltr'><strong>Nicolao,</strong></span> <span class='ocrx_word' id='word_1_64' title='bbox 1370 1080 1636 1163; x_wconf 88' lang='lat' dir='ltr'><strong>inquam,</strong></span> <span class='ocrx_word' id='word_1_65' title='bbox 1669 1083 2030 1148; x_wconf 81' lang='lat' dir='ltr'><strong>admirabili.</strong></span> 
     </span>
    </p>
   </div>
   <div class='ocr_carea' id='block_1_13' title="bbox 389 1163 2029 1256">
    <p class='ocr_par' dir='ltr' id='par_1_13' title="bbox 389 1163 2029 1256">
     <span class='ocr_line' id='line_1_13' title="bbox 389 1163 2029 1256; baseline 0.007 -31"><span class='ocrx_word' id='word_1_66' title='bbox 389 1163 474 1256; x_wconf 75' lang='lat' dir='ltr'><strong>Ex</strong></span> <span class='ocrx_word' id='word_1_67' title='bbox 523 1166 616 1228; x_wconf 85' lang='lat' dir='ltr'><strong>his</strong></span> <span class='ocrx_word' id='word_1_68' title='bbox 651 1174 820 1230; x_wconf 86' lang='lat' dir='ltr'><strong>natus</strong></span> <span class='ocrx_word' id='word_1_69' title='bbox 876 1168 1128 1249; x_wconf 76' lang='lat' dir='ltr'><strong>praebuit</strong></span> <span class='ocrx_word' id='word_1_70' title='bbox 1175 1169 1459 1231; x_wconf 90' lang='lat' dir='ltr'><strong>indicium</strong></span> <span class='ocrx_word' id='word_1_71' title='bbox 1521 1189 1641 1232; x_wconf 71' lang='lat' dir='ltr'><strong>suae</strong></span> <span class='ocrx_word' id='word_1_72' title='bbox 1689 1192 1823 1234; x_wconf 90' lang='lat' dir='ltr'><strong>cum</strong></span> <span class='ocrx_word' id='word_1_73' title='bbox 1876 1178 2029 1256; x_wconf 88' lang='lat' dir='ltr'><strong>Bap-</strong></span> 
     </span>
    </p>
   </div>
   <div class='ocr_carea' id='block_1_14' title="bbox 392 1254 2029 1344">
    <p class='ocr_par' dir='ltr' id='par_1_14' title="bbox 392 1254 2029 1344">
     <span class='ocr_line' id='line_1_14' title="bbox 392 1254 2029 1344; baseline 0.009 -30"><span class='ocrx_word' id='word_1_74' title='bbox 392 1254 527 1344; x_wconf 86' lang='lat' dir='ltr'><strong>tista</strong></span> <span class='ocrx_word' id='word_1_75' title='bbox 556 1257 1015 1337; x_wconf 91' lang='lat' dir='ltr'><strong>conjunctionis,</strong></span> <span class='ocrx_word' id='word_1_76' title='bbox 1052 1259 1182 1339; x_wconf 89' lang='lat' dir='ltr'><strong>ejus</strong></span> <span class='ocrx_word' id='word_1_77' title='bbox 1234 1278 1367 1339; x_wconf 74' lang='lat' dir='ltr'><strong>quae</strong></span> <span class='ocrx_word' id='word_1_78' title='bbox 1398 1259 1589 1340; x_wconf 92' lang='lat' dir='ltr'><strong>ipsum</strong></span> <span class='ocrx_word' id='word_1_79' title='bbox 1645 1264 1878 1344; x_wconf 83' lang='lat' dir='ltr'><strong>peperit</strong></span> <span class='ocrx_word' id='word_1_80' title='bbox 1906 1254 2029 1328; x_wconf 84' lang='lat' dir='ltr'><strong>ste-</strong></span> 
     </span>
    </p>
   </div>
   <div class='ocr_carea' id='block_1_15' title="bbox 390 1343 2030 1429">
    <p class='ocr_par' dir='ltr' id='par_1_15' title="bbox 390 1343 2030 1429">
     <span class='ocr_line' id='line_1_15' title="bbox 390 1343 2030 1429; baseline 0.007 -25"><span class='ocrx_word' id='word_1_81' title='bbox 390 1343 669 1408; x_wconf 89' lang='lat' dir='ltr'><strong>rilitatem</strong></span> <span class='ocrx_word' id='word_1_82' title='bbox 707 1365 720 1409; x_wconf 91' lang='lat'>:</span> <span class='ocrx_word' id='word_1_83' title='bbox 772 1348 928 1428; x_wconf 90' lang='lat' dir='ltr'><strong>quod</strong></span> <span class='ocrx_word' id='word_1_84' title='bbox 960 1348 1063 1409; x_wconf 92' lang='lat' dir='ltr'><strong>ille</strong></span> <span class='ocrx_word' id='word_1_85' title='bbox 1094 1347 1334 1429; x_wconf 89' lang='lat' dir='ltr'><strong>quidem</strong></span> <span class='ocrx_word' id='word_1_86' title='bbox 1367 1348 1426 1409; x_wconf 90' lang='lat' dir='ltr'><strong>in</strong></span> <span class='ocrx_word' id='word_1_87' title='bbox 1459 1348 1649 1411; x_wconf 86' lang='lat' dir='ltr'><strong>lucem</strong></span> <span class='ocrx_word' id='word_1_88' title='bbox 1683 1343 1877 1414; x_wconf 86' lang='lat' dir='ltr'><strong>enitus</strong></span> <span class='ocrx_word' id='word_1_89' title='bbox 1906 1355 2030 1415; x_wconf 88' lang='lat' dir='ltr'><strong>sol-</strong></span> 
     </span>
    </p>
   </div>
   <div class='ocr_carea' id='block_1_16' title="bbox 390 1432 2028 1506">
    <p class='ocr_par' dir='ltr' id='par_1_16' title="bbox 390 1432 2028 1506">
     <span class='ocr_line' id='line_1_16' title="bbox 390 1432 2028 1506; baseline 0.007 -13"><span class='ocrx_word' id='word_1_90' title='bbox 390 1432 477 1494; x_wconf 90' lang='lat' dir='ltr'><strong>vit</strong></span> <span class='ocrx_word' id='word_1_91' title='bbox 527 1437 729 1498; x_wconf 84' lang='lat' dir='ltr'><strong>matris</strong></span> <span class='ocrx_word' id='word_1_92' title='bbox 786 1444 1072 1499; x_wconf 88' lang='lat' dir='ltr'><strong>uterum:</strong></span> <span class='ocrx_word' id='word_1_93' title='bbox 1125 1437 1219 1499; x_wconf 89' lang='lat' dir='ltr'><strong>hic</strong></span> <span class='ocrx_word' id='word_1_94' title='bbox 1277 1446 1473 1499; x_wconf 90' lang='lat' dir='ltr'><strong>autem</strong></span> <span class='ocrx_word' id='word_1_95' title='bbox 1534 1448 1738 1502; x_wconf 87' lang='lat' dir='ltr'><strong>contra</strong></span> <span class='ocrx_word' id='word_1_96' title='bbox 1787 1442 2028 1506; x_wconf 88' lang='lat' dir='ltr'><strong>claudit.</strong></span> 
     </span>
    </p>
   </div>
   <div class='ocr_carea' id='block_1_17' title="bbox 393 1525 2034 1610">
    <p class='ocr_par' dir='ltr' id='par_1_17' title="bbox 393 1525 2034 1610">
     <span class='ocr_line' id='line_1_17' title="bbox 393 1525 2034 1610; baseline 0.005 -22"><span class='ocrx_word' id='word_1_97' title='bbox 393 1525 541 1588; x_wconf 90' lang='lat' dir='ltr'><strong>Cum</strong></span> <span class='ocrx_word' id='word_1_98' title='bbox 597 1540 796 1590; x_wconf 89' lang='lat' dir='ltr'><strong>autem</strong></span> <span class='ocrx_word' id='word_1_99' title='bbox 847 1537 1149 1610; x_wconf 91' lang='lat' dir='ltr'><strong>oporteret</strong></span> <span class='ocrx_word' id='word_1_100' title='bbox 1192 1548 1327 1592; x_wconf 92' lang='lat' dir='ltr'><strong>eum</strong></span> <span class='ocrx_word' id='word_1_101' title='bbox 1380 1530 1585 1592; x_wconf 89' lang='lat' dir='ltr'><strong>lactari</strong></span> <span class='ocrx_word' id='word_1_102' title='bbox 1641 1542 1705 1593; x_wconf 86' lang='lat' dir='ltr'><strong>ut</strong></span> <span class='ocrx_word' id='word_1_103' title='bbox 1746 1533 2034 1596; x_wconf 80' lang='lat' dir='ltr'><strong>infantem</strong></span> 
     </span>
    </p>
   </div>
   <div class='ocr_carea' id='block_1_18' title="bbox 397 1618 2036 1699">
    <p class='ocr_par' dir='ltr' id='par_1_18' title="bbox 397 1618 2036 1699">
     <span class='ocr_line' id='line_1_18' title="bbox 397 1618 2036 1699; baseline 0.007 -25"><span class='ocrx_word' id='word_1_104' title='bbox 397 1622 457 1675; x_wconf 92' lang='lat' dir='ltr'><strong>et</strong></span> <span class='ocrx_word' id='word_1_105' title='bbox 488 1619 771 1680; x_wconf 87' lang='lat' dir='ltr'><strong>maternis</strong></span> <span class='ocrx_word' id='word_1_106' title='bbox 800 1618 872 1681; x_wconf 89' lang='lat' dir='ltr'><strong>ad</strong></span> <span class='ocrx_word' id='word_1_107' title='bbox 888 1619 1100 1680; x_wconf 83' lang='lat' dir='ltr'><strong>moveri</strong></span> <span class='ocrx_word' id='word_1_108' title='bbox 1129 1619 1441 1696; x_wconf 83' lang='lat' dir='ltr'><strong>uberibus,</strong></span> <span class='ocrx_word' id='word_1_109' title='bbox 1477 1620 1575 1684; x_wconf 85' lang='lat' dir='ltr'><strong>hic</strong></span> <span class='ocrx_word' id='word_1_110' title='bbox 1605 1640 1845 1699; x_wconf 90' lang='lat' dir='ltr'><strong>quoque</strong></span> <span class='ocrx_word' id='word_1_111' title='bbox 1876 1626 2036 1688; x_wconf 89' lang='lat' dir='ltr'><strong>Deus</strong></span> 
     </span>
    </p>
   </div>
   <div class='ocr_carea' id='block_1_19' title="bbox 392 1705 2035 1790">
    <p class='ocr_par' dir='ltr' id='par_1_19' title="bbox 392 1705 2035 1790">
     <span class='ocr_line' id='line_1_19' title="bbox 392 1705 2035 1790; baseline 0.007 -24"><span class='ocrx_word' id='word_1_112' title='bbox 392 1705 687 1785; x_wconf 81' lang='lat' dir='ltr'><strong>signiﬁcat</strong></span> <span class='ocrx_word' id='word_1_113' title='bbox 732 1708 925 1790; x_wconf 88' lang='lat' dir='ltr'><strong>qualis</strong></span> <span class='ocrx_word' id='word_1_114' title='bbox 960 1717 1116 1772; x_wconf 86' lang='lat' dir='ltr'><strong>esset</strong></span> <span class='ocrx_word' id='word_1_115' title='bbox 1146 1710 1375 1772; x_wconf 86' lang='lat' dir='ltr'><strong>futurus</strong></span> <span class='ocrx_word' id='word_1_116' title='bbox 1417 1710 1715 1789; x_wconf 84' lang='lat' dir='ltr'><strong>Nicolaus,</strong></span> <span class='ocrx_word' id='word_1_117' title='bbox 1750 1732 1886 1775; x_wconf 90' lang='lat' dir='ltr'><strong>cum</strong></span> <span class='ocrx_word' id='word_1_118' title='bbox 1929 1734 2035 1776; x_wconf 90' lang='lat' dir='ltr'><strong>ve-</strong></span> 
     </span>
    </p>
   </div>
   <div class='ocr_carea' id='block_1_20' title="bbox 2117 536 3746 633">
    <p class='ocr_par' dir='ltr' id='par_1_20' title="bbox 2117 536 3746 633">
     <span class='ocr_line' id='line_1_20' title="bbox 2117 536 3746 633; baseline 0.013 -40"><span class='ocrx_word' id='word_1_119' title='bbox 2117 536 2308 618; x_wconf 79' lang='grc' dir='ltr'>ἄγονος</span> <span class='ocrx_word' id='word_1_120' title='bbox 2362 540 2420 633; x_wconf 11' lang='grc' dir='ltr'><strong>,ἐξ</strong></span> <span class='ocrx_word' id='word_1_121' title='bbox 2477 542 2677 601; x_wconf 77' lang='grc' dir='ltr'>ἐκείνου</span> <span class='ocrx_word' id='word_1_122' title='bbox 2738 548 2983 620; x_wconf 85' lang='grc' dir='ltr'>μείνασα,</span> <span class='ocrx_word' id='word_1_123' title='bbox 3023 550 3178 606; x_wconf 72' lang='grc' dir='ltr'>οἱονεὶ</span> <span class='ocrx_word' id='word_1_124' title='bbox 3234 557 3327 629; x_wconf 79' lang='grc' dir='ltr'><strong>τῇς</strong></span> <span class='ocrx_word' id='word_1_125' title='bbox 3387 536 3588 633; x_wconf 81' lang='grc' dir='ltr'>φύσεως</span> <span class='ocrx_word' id='word_1_126' title='bbox 3640 536 3746 614; x_wconf 53' lang='lat' dir='ltr'><strong>sic;</strong></span> 
     </span>
    </p>
   </div>
   <div class='ocr_carea' id='block_1_21' title="bbox 2115 632 3747 720">
    <p class='ocr_par' dir='ltr' id='par_1_21' title="bbox 2115 632 3747 720">
     <span class='ocr_line' id='line_1_21' title="bbox 2115 632 3747 720; baseline 0.01 -35"><span class='ocrx_word' id='word_1_127' title='bbox 2115 632 2476 720; x_wconf 74' lang='grc' dir='ltr'>αγορευούσης</span> <span class='ocrx_word' id='word_1_128' title='bbox 2532 636 2594 691; x_wconf 84' lang='grc' dir='ltr'>τὸ</span> <span class='ocrx_word' id='word_1_129' title='bbox 2642 635 2718 709; x_wconf 75' lang='grc' dir='ltr'>μὴ</span> <span class='ocrx_word' id='word_1_130' title='bbox 2761 643 2997 694; x_wconf 89' lang='grc' dir='ltr'>τοιοῦτον</span> <span class='ocrx_word' id='word_1_131' title='bbox 3043 635 3204 696; x_wconf 74' lang='grc' dir='ltr'>ἄλλον</span> <span class='ocrx_word' id='word_1_132' title='bbox 3260 632 3605 720; x_wconf 85' lang='grc' dir='ltr'>προενεγκεῖν</span> <span class='ocrx_word' id='word_1_133' title='bbox 3659 645 3747 702; x_wconf 84' lang='grc' dir='ltr'>δύ-</span> 
     </span>
    </p>
   </div>
   <div class='ocr_carea' id='block_1_22' title="bbox 2116 719 3747 805">
    <p class='ocr_par' dir='ltr' id='par_1_22' title="bbox 2116 719 3747 805">
     <span class='ocr_line' id='line_1_22' title="bbox 2116 719 3747 805; baseline 0.01 -31"><span class='ocrx_word' id='word_1_134' title='bbox 2116 723 2327 783; x_wconf 88' lang='grc' dir='ltr'>νασθαι.</span> <span class='ocrx_word' id='word_1_135' title='bbox 2387 719 2554 781; x_wconf 82' lang='grc' dir='ltr'>Ἀλλὰ</span> <span class='ocrx_word' id='word_1_136' title='bbox 2586 730 2771 781; x_wconf 85' lang='grc' dir='ltr'>τοῦτον</span> <span class='ocrx_word' id='word_1_137' title='bbox 2826 724 2891 793; x_wconf 82' lang='grc' dir='ltr'><strong>δὴ</strong></span> <span class='ocrx_word' id='word_1_138' title='bbox 2923 730 3129 804; x_wconf 84' lang='grc' dir='ltr'>πρῶτον</span> <span class='ocrx_word' id='word_1_139' title='bbox 3186 725 3295 805; x_wconf 75' lang='grc' dir='ltr'><strong>ἅμα</strong></span> <span class='ocrx_word' id='word_1_140' title='bbox 3327 733 3414 789; x_wconf 82' lang='grc' dir='ltr'><strong>καὶ</strong></span> <span class='ocrx_word' id='word_1_141' title='bbox 3455 719 3747 791; x_wconf 80' lang='grc' dir='ltr'>τελευταῖον</span> 
     </span>
    </p>
   </div>
   <div class='ocr_carea' id='block_1_23' title="bbox 2116 811 3751 903">
    <p class='ocr_par' dir='ltr' id='par_1_23' title="bbox 2116 811 3751 903">
     <span class='ocr_line' id='line_1_23' title="bbox 2116 811 3751 903; baseline 0.009 -37"><span class='ocrx_word' id='word_1_142' title='bbox 2116 811 2151 877; x_wconf 80' lang='grc' dir='ltr'><strong>ἡ</strong></span> <span class='ocrx_word' id='word_1_143' title='bbox 2191 812 2408 903; x_wconf 55' lang='grc' dir='ltr'><strong>Δμήτηρ</strong></span> <span class='ocrx_word' id='word_1_144' title='bbox 2465 814 2554 903; x_wconf 78' lang='grc' dir='ltr'>τὸν</span> <span class='ocrx_word' id='word_1_145' title='bbox 2609 814 2795 891; x_wconf 74' lang='grc' dir='ltr'>εὖγενῆ</span> <span class='ocrx_word' id='word_1_146' title='bbox 2881 815 3074 875; x_wconf 82' lang='grc' dir='ltr'>κλάδον</span> <span class='ocrx_word' id='word_1_147' title='bbox 3130 820 3204 883; x_wconf 80' lang='grc' dir='ltr'><strong>είς</strong></span> <span class='ocrx_word' id='word_1_148' title='bbox 3273 830 3388 899; x_wconf 80' lang='grc' dir='ltr'><strong>φῶς</strong></span> <span class='ocrx_word' id='word_1_149' title='bbox 3455 822 3751 903; x_wconf 77' lang='grc' dir='ltr'>ἐνεγκοῦσα,</span> 
     </span>
    </p>
   </div>
   <div class='ocr_carea' id='block_1_24' title="bbox 2119 898 3749 986">
    <p class='ocr_par' dir='ltr' id='par_1_24' title="bbox 2119 898 3749 986">
     <span class='ocr_line' id='line_1_24' title="bbox 2119 898 3749 986; baseline 0.009 -31"><span class='ocrx_word' id='word_1_150' title='bbox 2119 898 2390 980; x_wconf 81' lang='grc' dir='ltr'><strong>πολύχουν</strong></span> <span class='ocrx_word' id='word_1_151' title='bbox 2463 901 2611 978; x_wconf 80' lang='grc' dir='ltr'>ὅμως</span> <span class='ocrx_word' id='word_1_152' title='bbox 2669 904 2762 959; x_wconf 80' lang='grc' dir='ltr'>σὺν</span> <span class='ocrx_word' id='word_1_153' title='bbox 2823 912 2901 961; x_wconf 92' lang='grc' dir='ltr'><strong>τῶ</strong></span> <span class='ocrx_word' id='word_1_154' title='bbox 2959 907 3165 985; x_wconf 83' lang='grc' dir='ltr'>συζύγῳ</span> <span class='ocrx_word' id='word_1_155' title='bbox 3207 898 3297 984; x_wconf 15' lang='grc' dir='ltr'><strong>τῷν</strong></span> <span class='ocrx_word' id='word_1_156' title='bbox 3352 898 3611 986; x_wconf 82' lang='grc' dir='ltr'>πνεύματι</span> <span class='ocrx_word' id='word_1_157' title='bbox 3667 898 3749 969; x_wconf 53' lang='grc' dir='ltr'><strong>δέέ</strong></span> 
     </span>
    </p>
   </div>
   <div class='ocr_carea' id='block_1_25' title="bbox 2117 989 3750 1077">
    <p class='ocr_par' dir='ltr' id='par_1_25' title="bbox 2117 989 3750 1077">
     <span class='ocr_line' id='line_1_25' title="bbox 2117 989 3750 1077; baseline 0.009 -32"><span class='ocrx_word' id='word_1_158' title='bbox 2117 989 2255 1047; x_wconf 84' lang='grc' dir='ltr'>δωκε</span> <span class='ocrx_word' id='word_1_159' title='bbox 2310 992 2400 1047; x_wconf 83' lang='grc' dir='ltr'>τὸν</span> <span class='ocrx_word' id='word_1_160' title='bbox 2447 993 2670 1070; x_wconf 79' lang='grc' dir='ltr'>καρπὸν,</span> <span class='ocrx_word' id='word_1_161' title='bbox 2716 994 2807 1048; x_wconf 81' lang='grc' dir='ltr'>τὸν</span> <span class='ocrx_word' id='word_1_162' title='bbox 2860 1000 2967 1051; x_wconf 86' lang='grc' dir='ltr'><strong>τῶν</strong></span> <span class='ocrx_word' id='word_1_163' title='bbox 3013 995 3210 1075; x_wconf 73' lang='grc' dir='ltr'>ἀρετῶν</span> <span class='ocrx_word' id='word_1_164' title='bbox 3266 1002 3459 1077; x_wconf 85' lang='grc' dir='ltr'>σωρὸν,</span> <span class='ocrx_word' id='word_1_165' title='bbox 3507 1001 3602 1069; x_wconf 79' lang='grc' dir='ltr'>τὴν</span> <span class='ocrx_word' id='word_1_166' title='bbox 3652 1008 3750 1059; x_wconf 90' lang='grc' dir='ltr'><strong>τῶν</strong></span> 
     </span>
    </p>
   </div>
   <div class='ocr_carea' id='block_1_26' title="bbox 2117 1079 3752 1160">
    <p class='ocr_par' dir='ltr' id='par_1_26' title="bbox 2117 1079 3752 1160">
     <span class='ocr_line' id='line_1_26' title="bbox 2117 1079 3752 1160; baseline 0.008 -26"><span class='ocrx_word' id='word_1_167' title='bbox 2117 1079 2328 1157; x_wconf 82' lang='grc' dir='ltr'><strong>ἀγαθῶν</strong></span> <span class='ocrx_word' id='word_1_168' title='bbox 2385 1080 2675 1157; x_wconf 65' lang='grc' dir='ltr'>θάλασσαν,</span> <span class='ocrx_word' id='word_1_169' title='bbox 2735 1084 2828 1139; x_wconf 85' lang='grc' dir='ltr'>τὸν</span> <span class='ocrx_word' id='word_1_170' title='bbox 2888 1088 3190 1160; x_wconf 83' lang='grc' dir='ltr'>θαυμαστὸν</span> <span class='ocrx_word' id='word_1_171' title='bbox 3247 1090 3301 1145; x_wconf 68' lang='grc' dir='ltr'>ἓν</span> <span class='ocrx_word' id='word_1_172' title='bbox 3375 1095 3503 1146; x_wconf 83' lang='grc' dir='ltr'>πᾶσι</span> <span class='ocrx_word' id='word_1_173' title='bbox 3561 1088 3752 1158; x_wconf 76' lang='grc' dir='ltr'>δηλαδὴ</span> 
     </span>
    </p>
   </div>
   <div class='ocr_carea' id='block_1_27' title="bbox 2117 1168 3753 1254">
    <p class='ocr_par' dir='ltr' id='par_1_27' title="bbox 2117 1168 3753 1254">
     <span class='ocr_line' id='line_1_27' title="bbox 2117 1168 3753 1254; baseline 0.008 -30"><span class='ocrx_word' id='word_1_174' title='bbox 2117 1168 2404 1232; x_wconf 86' lang='grc' dir='ltr'>Νικόλαον,</span> <span class='ocrx_word' id='word_1_175' title='bbox 2456 1170 2551 1228; x_wconf 84' lang='grc' dir='ltr'>Ἐκ</span> <span class='ocrx_word' id='word_1_176' title='bbox 2579 1173 2833 1229; x_wconf 82' lang='grc' dir='ltr'><strong>τοιούτων</strong></span> <span class='ocrx_word' id='word_1_177' title='bbox 2889 1175 3044 1237; x_wconf 77' lang='grc' dir='ltr'>αύτὸς</span> <span class='ocrx_word' id='word_1_178' title='bbox 3077 1178 3369 1254; x_wconf 83' lang='grc' dir='ltr'>γεννηθεὶς,</span> <span class='ocrx_word' id='word_1_179' title='bbox 3403 1182 3475 1244; x_wconf 84' lang='grc' dir='ltr'>ὡς</span> <span class='ocrx_word' id='word_1_180' title='bbox 3537 1179 3753 1245; x_wconf 75' lang='grc' dir='ltr'>ἐοικέναι</span> 
     </span>
    </p>
   </div>
   <div class='ocr_carea' id='block_1_28' title="bbox 2115 1260 3753 1346">
    <p class='ocr_par' dir='ltr' id='par_1_28' title="bbox 2115 1260 3753 1346">
     <span class='ocr_line' id='line_1_28' title="bbox 2115 1260 3753 1346; baseline 0.009 -34"><span class='ocrx_word' id='word_1_181' title='bbox 2115 1265 2191 1331; x_wconf 81' lang='grc' dir='ltr'>τῷ</span> <span class='ocrx_word' id='word_1_182' title='bbox 2248 1260 2510 1335; x_wconf 84' lang='grc' dir='ltr'>σπέρματι</span> <span class='ocrx_word' id='word_1_183' title='bbox 2553 1262 2645 1317; x_wconf 82' lang='grc' dir='ltr'>τὸν</span> <span class='ocrx_word' id='word_1_184' title='bbox 2690 1263 2915 1344; x_wconf 72' lang='grc' dir='ltr'>καρπὸν,</span> <span class='ocrx_word' id='word_1_185' title='bbox 2949 1262 3149 1342; x_wconf 77' lang='grc' dir='ltr'>δεῖγμα</span> <span class='ocrx_word' id='word_1_186' title='bbox 3205 1269 3303 1334; x_wconf 79' lang='grc' dir='ltr'>τῆς</span> <span class='ocrx_word' id='word_1_187' title='bbox 3348 1269 3483 1345; x_wconf 77' lang='grc' dir='ltr'>πρὸς</span> <span class='ocrx_word' id='word_1_188' title='bbox 3526 1270 3613 1325; x_wconf 78' lang='grc' dir='ltr'>τὸν</span> <span class='ocrx_word' id='word_1_189' title='bbox 3655 1270 3753 1346; x_wconf 86' lang='grc' dir='ltr'><strong>βα-</strong></span> 
     </span>
    </p>
   </div>
   <div class='ocr_carea' id='block_1_29' title="bbox 2115 1349 3754 1435">
    <p class='ocr_par' dir='ltr' id='par_1_29' title="bbox 2115 1349 3754 1435">
     <span class='ocr_line' id='line_1_29' title="bbox 2115 1349 3754 1435; baseline 0.007 -31"><span class='ocrx_word' id='word_1_190' title='bbox 2115 1349 2343 1415; x_wconf 78' lang='grc' dir='ltr'>πτιστὴν</span> <span class='ocrx_word' id='word_1_191' title='bbox 2411 1349 2740 1417; x_wconf 78' lang='grc' dir='ltr'>οἰκειότητος</span> <span class='ocrx_word' id='word_1_192' title='bbox 2816 1352 2916 1420; x_wconf 79' lang='grc' dir='ltr'><strong>τὴν</strong></span> <span class='ocrx_word' id='word_1_193' title='bbox 2987 1359 3084 1422; x_wconf 77' lang='grc' dir='ltr'><strong>τῆς</strong></span> <span class='ocrx_word' id='word_1_194' title='bbox 3159 1356 3562 1435; x_wconf 78' lang='grc' dir='ltr'><strong>γεννησαμένης</strong></span> <span class='ocrx_word' id='word_1_195' title='bbox 3626 1380 3754 1435; x_wconf 86' lang='grc' dir='ltr'>παρ·-</span> 
     </span>
    </p>
   </div>
   <div class='ocr_carea' id='block_1_30' title="bbox 2119 1436 3755 1525">
    <p class='ocr_par' dir='ltr' id='par_1_30' title="bbox 2119 1436 3755 1525">
     <span class='ocr_line' id='line_1_30' title="bbox 2119 1436 3755 1525; baseline 0.007 -34"><span class='ocrx_word' id='word_1_196' title='bbox 2119 1436 2237 1525; x_wconf 85' lang='grc' dir='ltr'>έχει</span> <span class='ocrx_word' id='word_1_197' title='bbox 2295 1439 2591 1517; x_wconf 88' lang='grc' dir='ltr'>στείρωσιν.</span> <span class='ocrx_word' id='word_1_198' title='bbox 2629 1441 2725 1497; x_wconf 81' lang='grc' dir='ltr'>Καὶ</span> <span class='ocrx_word' id='word_1_199' title='bbox 2778 1442 2878 1518; x_wconf 78' lang='grc' dir='ltr'>γὰο</span> <span class='ocrx_word' id='word_1_200' title='bbox 2913 1444 2940 1499; x_wconf 78' lang='grc' dir='ltr'>ὁ</span> <span class='ocrx_word' id='word_1_201' title='bbox 3001 1443 3099 1518; x_wconf 81' lang='grc' dir='ltr'>μὲν</span> <span class='ocrx_word' id='word_1_202' title='bbox 3127 1446 3359 1525; x_wconf 86' lang='grc' dir='ltr'>μητέρος</span> <span class='ocrx_word' id='word_1_203' title='bbox 3391 1447 3587 1512; x_wconf 79' lang='grc' dir='ltr'>ὠδῖνας</span> <span class='ocrx_word' id='word_1_204' title='bbox 3640 1445 3755 1503; x_wconf 88' lang='grc' dir='ltr'>δια-</span> 
     </span>
    </p>
   </div>
   <div class='ocr_carea' id='block_1_31' title="bbox 2118 1524 3756 1615">
    <p class='ocr_par' dir='ltr' id='par_1_31' title="bbox 2118 1524 3756 1615">
     <span class='ocr_line' id='line_1_31' title="bbox 2118 1524 3756 1615; baseline 0.008 -35"><span class='ocrx_word' id='word_1_205' title='bbox 2118 1524 2227 1581; x_wconf 80' lang='grc' dir='ltr'>λΰει</span> <span class='ocrx_word' id='word_1_206' title='bbox 2260 1530 2491 1606; x_wconf 83' lang='grc' dir='ltr'>τεχθείς’</span> <span class='ocrx_word' id='word_1_207' title='bbox 2549 1531 2698 1595; x_wconf 81' lang='grc' dir='ltr'>οὗτος</span> <span class='ocrx_word' id='word_1_208' title='bbox 2730 1528 2784 1585; x_wconf 81' lang='grc' dir='ltr'>δὲ</span> <span class='ocrx_word' id='word_1_209' title='bbox 2834 1530 2996 1588; x_wconf 72' lang='grc' dir='ltr'>κλείει</span> <span class='ocrx_word' id='word_1_210' title='bbox 3047 1524 3479 1615; x_wconf 13' lang='grc' dir='ltr'>ταύτας,νῶσπερ</span> <span class='ocrx_word' id='word_1_211' title='bbox 3522 1539 3550 1594; x_wconf 78' lang='grc' dir='ltr'>ὁ</span> <span class='ocrx_word' id='word_1_212' title='bbox 3606 1536 3756 1613; x_wconf 83' lang='grc' dir='ltr'>λόγος</span> 
     </span>
    </p>
   </div>
   <div class='ocr_carea' id='block_1_32' title="bbox 2117 1615 3756 1706">
    <p class='ocr_par' dir='ltr' id='par_1_32' title="bbox 2117 1615 3756 1706">
     <span class='ocr_line' id='line_1_32' title="bbox 2117 1615 3756 1706; baseline 0.007 -35"><span class='ocrx_word' id='word_1_213' title='bbox 2117 1615 2356 1695; x_wconf 78' lang='grc' dir='ltr'>ὕστερον.</span> <span class='ocrx_word' id='word_1_214' title='bbox 2419 1615 2623 1675; x_wconf 75' lang='grc' dir='ltr'>Ἐπειδὲ</span> <span class='ocrx_word' id='word_1_215' title='bbox 2681 1617 2735 1676; x_wconf 79' lang='grc' dir='ltr'>δὲ</span> <span class='ocrx_word' id='word_1_216' title='bbox 2779 1622 2867 1677; x_wconf 85' lang='grc' dir='ltr'><strong>καὶ</strong></span> <span class='ocrx_word' id='word_1_217' title='bbox 2909 1621 3150 1689; x_wconf 78' lang='grc' dir='ltr'>θηλάξειν</span> <span class='ocrx_word' id='word_1_218' title='bbox 3196 1627 3355 1684; x_wconf 78' lang='grc' dir='ltr'>αὐτὸν</span> <span class='ocrx_word' id='word_1_219' title='bbox 3394 1627 3528 1683; x_wconf 77' lang='grc' dir='ltr'>κατὰ</span> <span class='ocrx_word' id='word_1_220' title='bbox 3576 1625 3756 1706; x_wconf 83' lang='grc' dir='ltr'>βρέφος</span> 
     </span>
    </p>
   </div>
   <div class='ocr_carea' id='block_1_33' title="bbox 2116 1708 3756 1791">
    <p class='ocr_par' dir='ltr' id='par_1_33' title="bbox 2116 1708 3756 1791">
     <span class='ocr_line' id='line_1_33' title="bbox 2116 1708 3756 1791; baseline 0.007 -32"><span class='ocrx_word' id='word_1_221' title='bbox 2116 1708 2311 1785; x_wconf 74' lang='grc' dir='ltr'><strong>ἒχρῆν²</strong></span> <span class='ocrx_word' id='word_1_222' title='bbox 2369 1710 2455 1763; x_wconf 78' lang='grc' dir='ltr'>καὶ</span> <span class='ocrx_word' id='word_1_223' title='bbox 2510 1713 2587 1781; x_wconf 84' lang='grc' dir='ltr'>τῷ</span> <span class='ocrx_word' id='word_1_224' title='bbox 2644 1712 2878 1788; x_wconf 77' lang='grc' dir='ltr'>μητρῴῳ</span> <span class='ocrx_word' id='word_1_225' title='bbox 2932 1714 3287 1791; x_wconf 73' lang='grc' dir='ltr'><strong>παρακεῖσθαι</strong></span> <span class='ocrx_word' id='word_1_226' title='bbox 3349 1723 3526 1790; x_wconf 81' lang='grc' dir='ltr'>μαζῷ,</span> <span class='ocrx_word' id='word_1_227' title='bbox 3567 1716 3756 1781; x_wconf 74' lang='grc' dir='ltr'>ἐπιση-</span> 
     </span>
    </p>
   </div>
   <div class='ocr_carea' id='block_1_34' title="bbox 396 1796 2036 1883">
    <p class='ocr_par' dir='ltr' id='par_1_34' title="bbox 396 1796 2032 1883">
     <span class='ocr_line' id='line_1_34' title="bbox 396 1796 2032 1883; baseline 0.008 -29"><span class='ocrx_word' id='word_1_228' title='bbox 396 1796 585 1859; x_wconf 86' lang='lat' dir='ltr'><strong>uisset</strong></span> <span class='ocrx_word' id='word_1_229' title='bbox 612 1796 684 1859; x_wconf 90' lang='lat' dir='ltr'><strong>ad</strong></span> <span class='ocrx_word' id='word_1_230' title='bbox 718 1807 947 1861; x_wconf 69' lang='lat' dir='ltr'><strong>aatatem</strong></span> <span class='ocrx_word' id='word_1_231' title='bbox 980 1819 1115 1880; x_wconf 84' lang='lat' dir='ltr'><strong>quae</strong></span> <span class='ocrx_word' id='word_1_232' title='bbox 1162 1807 1426 1879; x_wconf 85' lang='lat' dir='ltr'><strong>saperet.</strong></span> <span class='ocrx_word' id='word_1_233' title='bbox 1461 1802 1609 1865; x_wconf 86' lang='lat' dir='ltr'><strong>Nam</strong></span> <span class='ocrx_word' id='word_1_234' title='bbox 1643 1810 1760 1864; x_wconf 89' lang='lat' dir='ltr'><strong>tota</strong></span> <span class='ocrx_word' id='word_1_235' title='bbox 1793 1804 2032 1883; x_wconf 82' lang='lat' dir='ltr'><strong>quidem</strong></span> 
     </span>
    </p>
   </div>
   <div class='ocr_carea' id='block_1_35' title="bbox 2121 1796 3757 1883">
    <p class='ocr_par' dir='ltr' id='par_1_35' title="bbox 2121 1796 3757 1871">
     <span class='ocr_line' id='line_1_35' title="bbox 2121 1796 3757 1871; baseline 0.005 -21"><span class='ocrx_word' id='word_1_236' title='bbox 2121 1796 2360 1871; x_wconf 84' lang='grc' dir='ltr'>μαίνεται</span> <span class='ocrx_word' id='word_1_237' title='bbox 2432 1796 2693 1855; x_wconf 79' lang='grc' dir='ltr'>κάνταῦθα</span> <span class='ocrx_word' id='word_1_238' title='bbox 2749 1803 2877 1866; x_wconf 85' lang='grc' dir='ltr'><strong>Θεὸς</strong></span> <span class='ocrx_word' id='word_1_239' title='bbox 2930 1804 3122 1868; x_wconf 80' lang='grc' dir='ltr'>ὁποῖος</span> <span class='ocrx_word' id='word_1_240' title='bbox 3167 1802 3309 1860; x_wconf 80' lang='grc' dir='ltr'>ἔσται</span> <span class='ocrx_word' id='word_1_241' title='bbox 3365 1804 3623 1866; x_wconf 82' lang='grc' dir='ltr'>Νικόλαος</span> <span class='ocrx_word' id='word_1_242' title='bbox 3665 1805 3757 1871; x_wconf 75' lang='grc' dir='ltr'>τὴν</span> 
     </span>
    </p>
   </div>
   <div class='ocr_carea' id='block_1_36' title="bbox 395 1884 2036 1966">
    <p class='ocr_par' dir='ltr' id='par_1_36' title="bbox 395 1884 2036 1966">
     <span class='ocr_line' id='line_1_36' title="bbox 395 1884 2036 1966; baseline 0.005 -18"><span class='ocrx_word' id='word_1_243' title='bbox 395 1884 779 1950; x_wconf 79' lang='lat' dir='ltr'><strong>hebdomade</strong></span> <span class='ocrx_word' id='word_1_244' title='bbox 810 1887 1071 1952; x_wconf 90' lang='lat' dir='ltr'><strong>mamilla</strong></span> <span class='ocrx_word' id='word_1_245' title='bbox 1100 1888 1383 1951; x_wconf 87' lang='lat' dir='ltr'><strong>utebatur</strong></span> <span class='ocrx_word' id='word_1_246' title='bbox 1432 1897 1495 1951; x_wconf 90' lang='lat' dir='ltr'><strong>ut</strong></span> <span class='ocrx_word' id='word_1_247' title='bbox 1523 1890 1740 1966; x_wconf 85' lang='lat' dir='ltr'><strong>infans,</strong></span> <span class='ocrx_word' id='word_1_248' title='bbox 1771 1912 1905 1955; x_wconf 85' lang='lat' dir='ltr'><strong>cum</strong></span> <span class='ocrx_word' id='word_1_249' title='bbox 1937 1912 2036 1956; x_wconf 91' lang='lat' dir='ltr'><strong>ve-</strong></span> 
     </span>
    </p>
   </div>
   <div class='ocr_carea' id='block_1_37' title="bbox 2118 1887 3757 1970">
    <p class='ocr_par' dir='ltr' id='par_1_37' title="bbox 2118 1887 3757 1970">
     <span class='ocr_line' id='line_1_37' title="bbox 2118 1887 3757 1970; baseline 0.003 -27"><span class='ocrx_word' id='word_1_250' title='bbox 2118 1892 2407 1965; x_wconf 72' lang='grc' dir='ltr'>φρονοῦσαν</span> <span class='ocrx_word' id='word_1_251' title='bbox 2476 1887 2689 1956; x_wconf 80' lang='grc' dir='ltr'>ἡλικίαν</span> <span class='ocrx_word' id='word_1_252' title='bbox 2761 1889 3183 1966; x_wconf 82' lang='grc' dir='ltr'>ἇπολαμϐανων,</span> <span class='ocrx_word' id='word_1_253' title='bbox 3243 1892 3423 1961; x_wconf 71' lang='grc' dir='ltr'>“Ολης</span> <span class='ocrx_word' id='word_1_254' title='bbox 3495 1894 3591 1969; x_wconf 67' lang='grc' dir='ltr'>μὲν</span> <span class='ocrx_word' id='word_1_255' title='bbox 3664 1894 3757 1970; x_wconf 82' lang='grc' dir='ltr'><strong>γὰρ</strong></span> 
     </span>
    </p>
   </div>
   <div class='ocr_carea' id='block_1_38' title="bbox 394 1973 2036 2064">
    <p class='ocr_par' dir='ltr' id='par_1_38' title="bbox 394 1976 2034 2060">
     <span class='ocr_line' id='line_1_38' title="bbox 394 1976 2034 2060; baseline 0.006 -24"><span class='ocrx_word' id='word_1_256' title='bbox 394 1980 583 2037; x_wconf 87' lang='lat' dir='ltr'><strong>nisset</strong></span> <span class='ocrx_word' id='word_1_257' title='bbox 611 1984 809 2040; x_wconf 87' lang='lat' dir='ltr'><strong>autem</strong></span> <span class='ocrx_word' id='word_1_258' title='bbox 842 1987 1084 2060; x_wconf 86' lang='lat' dir='ltr'><strong>quartus</strong></span> <span class='ocrx_word' id='word_1_259' title='bbox 1112 1976 1241 2041; x_wconf 89' lang='lat' dir='ltr'><strong>dies</strong></span> <span class='ocrx_word' id='word_1_260' title='bbox 1270 1986 1329 2041; x_wconf 90' lang='lat' dir='ltr'><strong>et</strong></span> <span class='ocrx_word' id='word_1_261' title='bbox 1374 1977 1722 2058; x_wconf 86' lang='lat' dir='ltr'><strong>Parasceve,</strong></span> <span class='ocrx_word' id='word_1_262' title='bbox 1757 1984 1943 2045; x_wconf 87' lang='lat' dir='ltr'><strong>semel</strong></span> <span class='ocrx_word' id='word_1_263' title='bbox 1972 1984 2034 2046; x_wconf 91' lang='lat' dir='ltr'><strong>in</strong></span> 
     </span>
    </p>
   </div>
   <div class='ocr_carea' id='block_1_39' title="bbox 2121 1973 3758 2064">
    <p class='ocr_par' dir='ltr' id='par_1_39' title="bbox 2121 1973 3758 2064">
     <span class='ocr_line' id='line_1_39' title="bbox 2121 1973 3758 2064; baseline 0.004 -33"><span class='ocrx_word' id='word_1_264' title='bbox 2121 1973 2408 2052; x_wconf 77' lang='grc' dir='ltr'>ἑϐδομάδος</span> <span class='ocrx_word' id='word_1_265' title='bbox 2465 1975 2563 2034; x_wconf 78' lang='grc' dir='ltr'><strong>ὅσα</strong></span> <span class='ocrx_word' id='word_1_266' title='bbox 2611 1980 2698 2036; x_wconf 87' lang='grc' dir='ltr'><strong>καὶ</strong></span> <span class='ocrx_word' id='word_1_267' title='bbox 2745 1980 2936 2059; x_wconf 81' lang='grc' dir='ltr'>βρέφος</span> <span class='ocrx_word' id='word_1_268' title='bbox 2996 1989 3062 2058; x_wconf 82' lang='grc' dir='ltr'><strong>τῇ</strong></span> <span class='ocrx_word' id='word_1_269' title='bbox 3105 1981 3246 2059; x_wconf 82' lang='grc' dir='ltr'>θηλῇ</span> <span class='ocrx_word' id='word_1_270' title='bbox 3298 1983 3524 2064; x_wconf 79' lang='grc' dir='ltr'>ἐχρῆτο·</span> <span class='ocrx_word' id='word_1_271' title='bbox 3586 1980 3758 2049; x_wconf 72' lang='grc' dir='ltr'>ἐπειδὴ</span> 
     </span>
    </p>
   </div>
   <div class='ocr_carea' id='block_1_40' title="bbox 392 2064 2036 2154">
    <p class='ocr_par' dir='ltr' id='par_1_40' title="bbox 392 2068 2036 2154">
     <span class='ocr_line' id='line_1_40' title="bbox 392 2068 2036 2154; baseline 0.006 -28"><span class='ocrx_word' id='word_1_272' title='bbox 392 2071 648 2147; x_wconf 90' lang='lat' dir='ltr'><strong>utroque</strong></span> <span class='ocrx_word' id='word_1_273' title='bbox 701 2084 909 2129; x_wconf 91' lang='lat' dir='ltr'><strong>eorum</strong></span> <span class='ocrx_word' id='word_1_274' title='bbox 968 2068 1062 2130; x_wconf 88' lang='lat' dir='ltr'><strong>lac</strong></span> <span class='ocrx_word' id='word_1_275' title='bbox 1116 2068 1434 2131; x_wconf 85' lang='lat' dir='ltr'><strong>sumebat:</strong></span> <span class='ocrx_word' id='word_1_276' title='bbox 1469 2068 1648 2151; x_wconf 87' lang='lat' dir='ltr'><strong>idque</strong></span> <span class='ocrx_word' id='word_1_277' title='bbox 1692 2073 2036 2154; x_wconf 84' lang='lat' dir='ltr'><strong>vespertino</strong></span> 
     </span>
    </p>
   </div>
   <div class='ocr_carea' id='block_1_41' title="bbox 2121 2064 3756 2154">
    <p class='ocr_par' dir='ltr' id='par_1_41' title="bbox 2121 2064 3756 2147">
     <span class='ocr_line' id='line_1_41' title="bbox 2121 2064 3756 2147; baseline 0.004 -26"><span class='ocrx_word' id='word_1_278' title='bbox 2121 2064 2171 2121; x_wconf 71' lang='grc' dir='ltr'><strong>δέ</strong></span> <span class='ocrx_word' id='word_1_279' title='bbox 2229 2068 2265 2135; x_wconf 78' lang='grc' dir='ltr'>ἡ</span> <span class='ocrx_word' id='word_1_280' title='bbox 2336 2068 2522 2147; x_wconf 81' lang='grc' dir='ltr'>τετρὰς</span> <span class='ocrx_word' id='word_1_281' title='bbox 2553 2069 2659 2125; x_wconf 65' lang='grc' dir='ltr'><strong>τῶν</strong></span> <span class='ocrx_word' id='word_1_282' title='bbox 2712 2071 2949 2143; x_wconf 77' lang='grc' dir='ltr'>ἡμερῶν,</span> <span class='ocrx_word' id='word_1_283' title='bbox 2985 2073 3056 2137; x_wconf 83' lang='grc' dir='ltr'><strong>ὡς</strong></span> <span class='ocrx_word' id='word_1_284' title='bbox 3106 2071 3160 2128; x_wconf 82' lang='grc' dir='ltr'>δὲ</span> <span class='ocrx_word' id='word_1_285' title='bbox 3219 2074 3304 2130; x_wconf 84' lang='grc' dir='ltr'><strong>καὶ</strong></span> <span class='ocrx_word' id='word_1_286' title='bbox 3358 2074 3394 2140; x_wconf 79' lang='grc' dir='ltr'><strong>ἠ</strong></span> <span class='ocrx_word' id='word_1_287' title='bbox 3455 2071 3756 2145; x_wconf 81' lang='grc' dir='ltr'>Παρασκευὴ</span> 
     </span>
    </p>
   </div>
   <div class='ocr_carea' id='block_1_42' title="bbox 397 2154 2036 2243">
    <p class='ocr_par' dir='ltr' id='par_1_42' title="bbox 397 2154 2035 2240">
     <span class='ocr_line' id='line_1_42' title="bbox 397 2154 2035 2240; baseline 0.005 -23"><span class='ocrx_word' id='word_1_288' title='bbox 397 2160 690 2236; x_wconf 88' lang='lat' dir='ltr'><strong>tempore,</strong></span> <span class='ocrx_word' id='word_1_289' title='bbox 723 2154 833 2218; x_wconf 92' lang='lat' dir='ltr'><strong>sub</strong></span> <span class='ocrx_word' id='word_1_290' title='bbox 854 2157 1119 2240; x_wconf 87' lang='lat' dir='ltr'><strong>perfecta</strong></span> <span class='ocrx_word' id='word_1_291' title='bbox 1155 2160 1359 2239; x_wconf 80' lang='lat' dir='ltr'><strong>regula</strong></span> <span class='ocrx_word' id='word_1_292' title='bbox 1374 2159 1657 2222; x_wconf 82' lang='lat' dir='ltr'><strong>educatus</strong></span> <span class='ocrx_word' id='word_1_293' title='bbox 1680 2161 1861 2223; x_wconf 90' lang='lat' dir='ltr'><strong>etiam</strong></span> <span class='ocrx_word' id='word_1_294' title='bbox 1892 2172 2035 2228; x_wconf 88' lang='lat' dir='ltr'><strong>ante</strong></span> 
     </span>
    </p>
   </div>
   <div class='ocr_carea' id='block_1_43' title="bbox 2121 2154 3755 2243">
    <p class='ocr_par' dir='ltr' id='par_1_43' title="bbox 2121 2156 3755 2243">
     <span class='ocr_line' id='line_1_43' title="bbox 2121 2156 3755 2243; baseline 0.002 -30"><span class='ocrx_word' id='word_1_295' title='bbox 2121 2162 2317 2231; x_wconf 74' lang='grc' dir='ltr'>παρῆν,</span> <span class='ocrx_word' id='word_1_296' title='bbox 2349 2156 2487 2224; x_wconf 75' lang='grc' dir='ltr'>ἅπαξ</span> <span class='ocrx_word' id='word_1_297' title='bbox 2543 2157 2599 2214; x_wconf 84' lang='grc' dir='ltr'>ἐν</span> <span class='ocrx_word' id='word_1_298' title='bbox 2655 2158 2878 2238; x_wconf 66' lang='grc' dir='ltr'>ἑκατέρᾳ</span> <span class='ocrx_word' id='word_1_299' title='bbox 2934 2161 3134 2219; x_wconf 87' lang='grc' dir='ltr'>τούτων</span> <span class='ocrx_word' id='word_1_300' title='bbox 3194 2175 3427 2243; x_wconf 77' lang='grc' dir='ltr'>μετεῖχε</span> <span class='ocrx_word' id='word_1_301' title='bbox 3478 2161 3755 2241; x_wconf 81' lang='grc' dir='ltr'>γάλακτος,</span> 
     </span>
    </p>
   </div>
   <div class='ocr_carea' id='block_1_44' title="bbox 400 2243 2036 2332">
    <p class='ocr_par' dir='ltr' id='par_1_44' title="bbox 400 2243 2033 2325">
     <span class='ocr_line' id='line_1_44' title="bbox 400 2243 2033 2325; baseline 0.007 -20"><span class='ocrx_word' id='word_1_302' title='bbox 400 2243 743 2325; x_wconf 79' lang='lat' dir='ltr'><strong>pueritiam,</strong></span> <span class='ocrx_word' id='word_1_303' title='bbox 779 2254 835 2310; x_wconf 91' lang='lat' dir='ltr'><strong>et</strong></span> <span class='ocrx_word' id='word_1_304' title='bbox 893 2247 1245 2312; x_wconf 83' lang='lat' dir='ltr'><strong>familiarem</strong></span> <span class='ocrx_word' id='word_1_305' title='bbox 1294 2246 1407 2312; x_wconf 84' lang='lat' dir='ltr'><strong>sibi</strong></span> <span class='ocrx_word' id='word_1_306' title='bbox 1437 2266 1569 2312; x_wconf 90' lang='lat' dir='ltr'><strong>esse</strong></span> <span class='ocrx_word' id='word_1_307' title='bbox 1611 2248 2033 2317; x_wconf 86' lang='lat' dir='ltr'><strong>abstinentiam</strong></span> 
     </span>
    </p>
   </div>
   <div class='ocr_carea' id='block_1_45' title="bbox 2121 2243 3755 2332">
    <p class='ocr_par' dir='ltr' id='par_1_45' title="bbox 2121 2247 3755 2332">
     <span class='ocr_line' id='line_1_45' title="bbox 2121 2247 3755 2332; baseline 0.001 -29"><span class='ocrx_word' id='word_1_308' title='bbox 2121 2248 2209 2304; x_wconf 86' lang='grc' dir='ltr'>καὶ</span> <span class='ocrx_word' id='word_1_309' title='bbox 2262 2247 2427 2304; x_wconf 87' lang='grc' dir='ltr'>ταῦτα</span> <span class='ocrx_word' id='word_1_310' title='bbox 2487 2249 2622 2306; x_wconf 80' lang='grc' dir='ltr'>κατὰ</span> <span class='ocrx_word' id='word_1_311' title='bbox 2680 2250 2772 2306; x_wconf 79' lang='grc' dir='ltr'><strong>τὸν</strong></span> <span class='ocrx_word' id='word_1_312' title='bbox 2831 2250 2928 2318; x_wconf 75' lang='grc' dir='ltr'>τῆς</span> <span class='ocrx_word' id='word_1_313' title='bbox 2973 2250 3200 2324; x_wconf 83' lang='grc' dir='ltr'><strong>ἑσπέρας</strong></span> <span class='ocrx_word' id='word_1_314' title='bbox 3253 2255 3465 2332; x_wconf 81' lang='grc' dir='ltr'>καιρὸν,</span> <span class='ocrx_word' id='word_1_315' title='bbox 3508 2253 3608 2308; x_wconf 82' lang='grc' dir='ltr'><strong>ὑπὸ</strong></span> <span class='ocrx_word' id='word_1_316' title='bbox 3659 2272 3755 2306; x_wconf 88' lang='grc' dir='ltr'>κα-</span> 
     </span>
    </p>
   </div>
   <div class='ocr_carea' id='block_1_46' title="bbox 393 2332 1040 2401">
    <p class='ocr_par' dir='ltr' id='par_1_46' title="bbox 393 2332 1040 2401">
     <span class='ocr_line' id='line_1_46' title="bbox 393 2332 1040 2401; baseline 0.008 -5"><span class='ocrx_word' id='word_1_317' title='bbox 393 2332 717 2398; x_wconf 89' lang='lat' dir='ltr'><strong>ostendens</strong></span> <span class='ocrx_word' id='word_1_318' title='bbox 746 2334 820 2399; x_wconf 89' lang='lat' dir='ltr'><strong>ab</strong></span> <span class='ocrx_word' id='word_1_319' title='bbox 850 2336 1040 2401; x_wconf 91' lang='lat' dir='ltr'><strong>initio.</strong></span> 
     </span>
    </p>
   </div>
   <div class='ocr_carea' id='block_1_47' title="bbox 473 2603 2035 2689">
    <p class='ocr_par' dir='ltr' id='par_1_47' title="bbox 473 2603 2035 2689">
     <span class='ocr_line' id='line_1_47' title="bbox 473 2603 2035 2689; baseline 0.004 -22"><span class='ocrx_word' id='word_1_320' title='bbox 473 2603 545 2669; x_wconf 85' lang='lat' dir='ltr'><strong>Il.</strong></span> <span class='ocrx_word' id='word_1_321' title='bbox 601 2608 749 2671; x_wconf 90' lang='lat' dir='ltr'><strong>Cum</strong></span> <span class='ocrx_word' id='word_1_322' title='bbox 780 2609 868 2672; x_wconf 88' lang='lat' dir='ltr'><strong>sic</strong></span> <span class='ocrx_word' id='word_1_323' title='bbox 898 2628 1038 2689; x_wconf 75' lang='lat' dir='ltr'><strong>ergo</strong></span> <span class='ocrx_word' id='word_1_324' title='bbox 1084 2610 1458 2683; x_wconf 86' lang='lat' dir='ltr'><strong>educaretur,</strong></span> <span class='ocrx_word' id='word_1_325' title='bbox 1493 2618 1552 2672; x_wconf 89' lang='lat' dir='ltr'><strong>et</strong></span> <span class='ocrx_word' id='word_1_326' title='bbox 1600 2610 1789 2673; x_wconf 90' lang='lat' dir='ltr'><strong>bonos</strong></span> <span class='ocrx_word' id='word_1_327' title='bbox 1837 2630 2035 2674; x_wconf 90' lang='lat' dir='ltr'><strong>mores</strong></span> 
     </span>
    </p>
   </div>
   <div class='ocr_carea' id='block_1_48' title="bbox 393 2696 2031 2783">
    <p class='ocr_par' dir='ltr' id='par_1_48' title="bbox 393 2696 2031 2783">
     <span class='ocr_line' id='line_1_48' title="bbox 393 2696 2031 2783; baseline 0.004 -25"><span class='ocrx_word' id='word_1_328' title='bbox 393 2696 615 2778; x_wconf 84' lang='lat' dir='ltr'><strong>partim</strong></span> <span class='ocrx_word' id='word_1_329' title='bbox 672 2698 914 2780; x_wconf 89' lang='lat' dir='ltr'><strong>quidem</strong></span> <span class='ocrx_word' id='word_1_330' title='bbox 955 2719 1031 2761; x_wconf 82' lang='lat' dir='ltr'><strong>ex</strong></span> <span class='ocrx_word' id='word_1_331' title='bbox 1086 2700 1206 2762; x_wconf 87' lang='lat' dir='ltr'><strong>illis</strong></span> <span class='ocrx_word' id='word_1_332' title='bbox 1247 2699 1395 2781; x_wconf 85' lang='lat' dir='ltr'><strong>ipsis</strong></span> <span class='ocrx_word' id='word_1_333' title='bbox 1444 2700 1788 2781; x_wconf 86' lang='lat' dir='ltr'><strong>parentibus</strong></span> <span class='ocrx_word' id='word_1_334' title='bbox 1829 2703 2031 2783; x_wconf 78' lang='lat' dir='ltr'><strong>expri-</strong></span> 
     </span>
    </p>
   </div>
   <div class='ocr_carea' id='block_1_49' title="bbox 395 2788 2035 2872">
    <p class='ocr_par' dir='ltr' id='par_1_49' title="bbox 395 2788 2035 2872">
     <span class='ocr_line' id='line_1_49' title="bbox 395 2788 2035 2872; baseline 0.003 -25"><span class='ocrx_word' id='word_1_335' title='bbox 395 2796 585 2848; x_wconf 88' lang='lat' dir='ltr'><strong>meret</strong></span> <span class='ocrx_word' id='word_1_336' title='bbox 642 2788 852 2868; x_wconf 87' lang='lat' dir='ltr'><strong>partim</strong></span> <span class='ocrx_word' id='word_1_337' title='bbox 905 2798 1102 2851; x_wconf 90' lang='lat' dir='ltr'><strong>autem</strong></span> <span class='ocrx_word' id='word_1_338' title='bbox 1158 2789 1289 2869; x_wconf 91' lang='lat' dir='ltr'><strong>ipse</strong></span> <span class='ocrx_word' id='word_1_339' title='bbox 1338 2806 1411 2852; x_wconf 81' lang='lat' dir='ltr'><strong>ex</strong></span> <span class='ocrx_word' id='word_1_340' title='bbox 1456 2807 1524 2853; x_wconf 88' lang='lat' dir='ltr'><strong>se</strong></span> <span class='ocrx_word' id='word_1_341' title='bbox 1573 2789 1933 2872; x_wconf 88' lang='lat' dir='ltr'><strong>produceret</strong></span> <span class='ocrx_word' id='word_1_342' title='bbox 1977 2798 2035 2854; x_wconf 92' lang='lat' dir='ltr'><strong>et</strong></span> 
     </span>
    </p>
   </div>
   <div class='ocr_carea' id='block_1_50' title="bbox 396 2874 2030 2959">
    <p class='ocr_par' dir='ltr' id='par_1_50' title="bbox 396 2874 2030 2959">
     <span class='ocr_line' id='line_1_50' title="bbox 396 2874 2030 2959; baseline 0.005 -23"><span class='ocrx_word' id='word_1_343' title='bbox 396 2874 643 2954; x_wconf 89' lang='lat' dir='ltr'><strong>coleret,</strong></span> <span class='ocrx_word' id='word_1_344' title='bbox 679 2885 960 2954; x_wconf 87' lang='lat' dir='ltr'><strong>tanquam</strong></span> <span class='ocrx_word' id='word_1_345' title='bbox 1011 2877 1170 2942; x_wconf 81' lang='lat' dir='ltr'><strong>bona</strong></span> <span class='ocrx_word' id='word_1_346' title='bbox 1196 2878 1398 2958; x_wconf 86' lang='lat' dir='ltr'><strong>aliqua</strong></span> <span class='ocrx_word' id='word_1_347' title='bbox 1429 2887 1487 2942; x_wconf 89' lang='lat' dir='ltr'><strong>et</strong></span> <span class='ocrx_word' id='word_1_348' title='bbox 1535 2898 1826 2959; x_wconf 82' lang='lat' dir='ltr'><strong>generosa</strong></span> <span class='ocrx_word' id='word_1_349' title='bbox 1853 2889 2030 2957; x_wconf 85' lang='lat' dir='ltr'><strong>terra,</strong></span> 
     </span>
    </p>
   </div>
   <div class='ocr_carea' id='block_1_51' title="bbox 394 2965 2037 3051">
    <p class='ocr_par' dir='ltr' id='par_1_51' title="bbox 394 2965 2037 3051">
     <span class='ocr_line' id='line_1_51' title="bbox 394 2965 2037 3051; baseline 0.004 -24"><span class='ocrx_word' id='word_1_350' title='bbox 394 2973 452 3027; x_wconf 87' lang='lat' dir='ltr'><strong>et</strong></span> <span class='ocrx_word' id='word_1_351' title='bbox 472 2965 596 3045; x_wconf 88' lang='lat' dir='ltr'><strong>jam</strong></span> <span class='ocrx_word' id='word_1_352' title='bbox 649 2966 722 3029; x_wconf 91' lang='lat' dir='ltr'><strong>ad</strong></span> <span class='ocrx_word' id='word_1_353' title='bbox 773 2966 1050 3030; x_wconf 88' lang='lat' dir='ltr'><strong>idoneam</strong></span> <span class='ocrx_word' id='word_1_354' title='bbox 1083 2975 1453 3051; x_wconf 87' lang='lat' dir='ltr'><strong>pervenisset</strong></span> <span class='ocrx_word' id='word_1_355' title='bbox 1498 2978 1754 3047; x_wconf 58' lang='lat' dir='ltr'><strong>aetatem,</strong></span> <span class='ocrx_word' id='word_1_356' title='bbox 1789 2971 2037 3033; x_wconf 89' lang='lat' dir='ltr'><strong>traditus</strong></span> 
     </span>
    </p>
   </div>
   <div class='ocr_carea' id='block_1_52' title="bbox 2118 2336 3756 2418">
    <p class='ocr_par' dir='ltr' id='par_1_52' title="bbox 2118 2336 3756 2418">
     <span class='ocr_line' id='line_1_52' title="bbox 2118 2336 3756 2418; baseline 0.007 -26"><span class='ocrx_word' id='word_1_357' title='bbox 2118 2340 2227 2394; x_wconf 86' lang='grc' dir='ltr'>νόνι</span> <span class='ocrx_word' id='word_1_358' title='bbox 2300 2336 2486 2412; x_wconf 81' lang='grc' dir='ltr'>τελείῳ</span> <span class='ocrx_word' id='word_1_359' title='bbox 2556 2341 2644 2396; x_wconf 83' lang='grc' dir='ltr'>καὶ</span> <span class='ocrx_word' id='word_1_360' title='bbox 2725 2342 2827 2418; x_wconf 82' lang='grc' dir='ltr'>πρὸ</span> <span class='ocrx_word' id='word_1_361' title='bbox 2897 2346 2995 2408; x_wconf 80' lang='grc' dir='ltr'><strong>τῆς</strong></span> <span class='ocrx_word' id='word_1_362' title='bbox 3073 2339 3326 2411; x_wconf 76' lang='grc' dir='ltr'>παιδικῆς</span> <span class='ocrx_word' id='word_1_363' title='bbox 3398 2342 3756 2417; x_wconf 81' lang='grc' dir='ltr'>τιθηνούμενος</span> 
     </span>
    </p>
   </div>
   <div class='ocr_carea' id='block_1_53' title="bbox 2116 2427 3755 2510">
    <p class='ocr_par' dir='ltr' id='par_1_53' title="bbox 2116 2427 3755 2510">
     <span class='ocr_line' id='line_1_53' title="bbox 2116 2427 3755 2510; baseline -0.001 -25"><span class='ocrx_word' id='word_1_364' title='bbox 2116 2427 2327 2496; x_wconf 80' lang='grc' dir='ltr'>ἡλικίας</span> <span class='ocrx_word' id='word_1_365' title='bbox 2363 2476 2379 2508; x_wconf 83' lang='grc'><strong>,</strong></span> <span class='ocrx_word' id='word_1_366' title='bbox 2451 2430 2540 2485; x_wconf 85' lang='grc' dir='ltr'><strong>καὶ</strong></span> <span class='ocrx_word' id='word_1_367' title='bbox 2605 2428 2665 2485; x_wconf 70' lang='grc' dir='ltr'><strong>τὸ</strong></span> <span class='ocrx_word' id='word_1_368' title='bbox 2734 2432 2865 2508; x_wconf 85' lang='grc' dir='ltr'>πρός</span> <span class='ocrx_word' id='word_1_369' title='bbox 2947 2431 3256 2510; x_wconf 61' lang='grc' dir='ltr'>ἐγκράτειαν</span> <span class='ocrx_word' id='word_1_370' title='bbox 3329 2434 3537 2496; x_wconf 81' lang='grc' dir='ltr'>οἰκείως</span> <span class='ocrx_word' id='word_1_371' title='bbox 3618 2428 3755 2510; x_wconf 82' lang='grc' dir='ltr'>ἔχειν</span> 
     </span>
    </p>
   </div>
   <div class='ocr_carea' id='block_1_54' title="bbox 2114 2518 2858 2599">
    <p class='ocr_par' dir='ltr' id='par_1_54' title="bbox 2114 2518 2858 2599">
     <span class='ocr_line' id='line_1_54' title="bbox 2114 2518 2858 2599; baseline 0 -25"><span class='ocrx_word' id='word_1_372' title='bbox 2114 2518 2415 2599; x_wconf 75' lang='grc' dir='ltr'>ὑποφαίνων</span> <span class='ocrx_word' id='word_1_373' title='bbox 2449 2518 2508 2575; x_wconf 78' lang='grc' dir='ltr'>ἐκ</span> <span class='ocrx_word' id='word_1_374' title='bbox 2540 2520 2858 2597; x_wconf 85' lang='grc' dir='ltr'>προοιμίων,</span> 
     </span>
    </p>
   </div>
   <div class='ocr_carea' id='block_1_55' title="bbox 2196 2607 3755 2692">
    <p class='ocr_par' dir='ltr' id='par_1_55' title="bbox 2196 2607 3755 2692">
     <span class='ocr_line' id='line_1_55' title="bbox 2196 2607 3755 2692; baseline 0.001 -28"><span class='ocrx_word' id='word_1_375' title='bbox 2196 2607 2286 2669; x_wconf 88' lang='grc' dir='ltr'><strong>Β¹.</strong></span> <span class='ocrx_word' id='word_1_376' title='bbox 2347 2607 2496 2665; x_wconf 75' lang='grc' dir='ltr'>Οῦτω</span> <span class='ocrx_word' id='word_1_377' title='bbox 2539 2609 2817 2688; x_wconf 74' lang='grc' dir='ltr'>τοιγαροῦν</span> <span class='ocrx_word' id='word_1_378' title='bbox 2874 2610 3225 2691; x_wconf 82' lang='grc' dir='ltr'>ἀναγόμενος,</span> <span class='ocrx_word' id='word_1_379' title='bbox 3277 2613 3370 2667; x_wconf 86' lang='grc' dir='ltr'><strong>καὶ</strong></span> <span class='ocrx_word' id='word_1_380' title='bbox 3439 2611 3504 2668; x_wconf 80' lang='grc' dir='ltr'><strong>τὰ</strong></span> <span class='ocrx_word' id='word_1_381' title='bbox 3557 2610 3755 2692; x_wconf 86' lang='grc' dir='ltr'>χρηστὰ</span> 
     </span>
    </p>
   </div>
   <div class='ocr_carea' id='block_1_56' title="bbox 2113 2697 3752 2778">
    <p class='ocr_par' dir='ltr' id='par_1_56' title="bbox 2113 2697 3752 2778">
     <span class='ocr_line' id='line_1_56' title="bbox 2113 2697 3752 2778; baseline 0.005 -24"><span class='ocrx_word' id='word_1_382' title='bbox 2113 2703 2220 2754; x_wconf 89' lang='grc' dir='ltr'><strong>τῶν</strong></span> <span class='ocrx_word' id='word_1_383' title='bbox 2299 2698 2440 2765; x_wconf 72' lang='grc' dir='ltr'>ἠθῶν</span> <span class='ocrx_word' id='word_1_384' title='bbox 2512 2699 2578 2754; x_wconf 81' lang='grc' dir='ltr'><strong>τὰ</strong></span> <span class='ocrx_word' id='word_1_385' title='bbox 2636 2697 2735 2774; x_wconf 78' lang='grc' dir='ltr'>μὲν</span> <span class='ocrx_word' id='word_1_386' title='bbox 2815 2703 2987 2759; x_wconf 74' lang='grc' dir='ltr'>αὐτῶν</span> <span class='ocrx_word' id='word_1_387' title='bbox 3057 2702 3273 2759; x_wconf 71' lang='grc' dir='ltr'>ἓκείνων</span> <span class='ocrx_word' id='word_1_388' title='bbox 3329 2701 3752 2778; x_wconf 80' lang='grc' dir='ltr'>ἆποματτόμενος</span> 
     </span>
    </p>
   </div>
   <div class='ocr_carea' id='block_1_57' title="bbox 2117 2785 3754 2868">
    <p class='ocr_par' dir='ltr' id='par_1_57' title="bbox 2117 2785 3754 2868">
     <span class='ocr_line' id='line_1_57' title="bbox 2117 2785 3754 2868; baseline 0.002 -25"><span class='ocrx_word' id='word_1_389' title='bbox 2117 2790 2218 2843; x_wconf 87' lang='grc' dir='ltr'><strong>τῶν</strong></span> <span class='ocrx_word' id='word_1_390' title='bbox 2274 2785 2541 2866; x_wconf 83' lang='grc' dir='ltr'>πατέρων,</span> <span class='ocrx_word' id='word_1_391' title='bbox 2573 2786 2639 2843; x_wconf 76' lang='grc' dir='ltr'>τὰ</span> <span class='ocrx_word' id='word_1_392' title='bbox 2688 2785 2742 2843; x_wconf 81' lang='grc' dir='ltr'>δὲ</span> <span class='ocrx_word' id='word_1_393' title='bbox 2798 2789 2940 2868; x_wconf 83' lang='grc' dir='ltr'>φύων</span> <span class='ocrx_word' id='word_1_394' title='bbox 2988 2791 3078 2847; x_wconf 87' lang='grc' dir='ltr'>καὶ</span> <span class='ocrx_word' id='word_1_395' title='bbox 3130 2792 3387 2868; x_wconf 75' lang='grc' dir='ltr'>γεωργῶν</span> <span class='ocrx_word' id='word_1_396' title='bbox 3418 2792 3569 2858; x_wconf 78' lang='grc' dir='ltr'>αὐτὸς</span> <span class='ocrx_word' id='word_1_397' title='bbox 3613 2790 3754 2847; x_wconf 80' lang='grc' dir='ltr'>οἴκο-</span> 
     </span>
    </p>
   </div>
   <div class='ocr_carea' id='block_1_58' title="bbox 2114 2876 3749 2957">
    <p class='ocr_par' dir='ltr' id='par_1_58' title="bbox 2114 2876 3749 2957">
     <span class='ocr_line' id='line_1_58' title="bbox 2114 2876 3749 2957; baseline 0.001 -24"><span class='ocrx_word' id='word_1_398' title='bbox 2114 2880 2224 2951; x_wconf 87' lang='grc' dir='ltr'>θεν,</span> <span class='ocrx_word' id='word_1_399' title='bbox 2278 2880 2457 2954; x_wconf 82' lang='grc' dir='ltr'>ὥσπερ</span> <span class='ocrx_word' id='word_1_400' title='bbox 2513 2899 2593 2941; x_wconf 92' lang='grc' dir='ltr'><strong>τις</strong></span> <span class='ocrx_word' id='word_1_401' title='bbox 2654 2876 2826 2957; x_wconf 80' lang='grc' dir='ltr'>ἀγαθὴ</span> <span class='ocrx_word' id='word_1_402' title='bbox 2885 2882 2957 2957; x_wconf 75' lang='grc' dir='ltr'>γῆ</span> <span class='ocrx_word' id='word_1_403' title='bbox 3000 2881 3086 2937; x_wconf 86' lang='grc' dir='ltr'>καὶ</span> <span class='ocrx_word' id='word_1_404' title='bbox 3132 2880 3376 2957; x_wconf 82' lang='grc' dir='ltr'>γενναία,</span> <span class='ocrx_word' id='word_1_405' title='bbox 3436 2879 3639 2949; x_wconf 75' lang='grc' dir='ltr'>ἡλικίας</span> <span class='ocrx_word' id='word_1_406' title='bbox 3702 2900 3749 2935; x_wconf 89' lang='grc' dir='ltr'><strong>τε</strong></span> 
     </span>
    </p>
   </div>
   <div class='ocr_carea' id='block_1_59' title="bbox 2115 2959 3751 3047">
    <p class='ocr_par' dir='ltr' id='par_1_59' title="bbox 2115 2959 3751 3047">
     <span class='ocr_line' id='line_1_59' title="bbox 2115 2959 3751 3047; baseline 0.001 -26"><span class='ocrx_word' id='word_1_407' title='bbox 2115 2965 2218 3034; x_wconf 71' lang='grc' dir='ltr'>ἤδη</span> <span class='ocrx_word' id='word_1_408' title='bbox 2290 2965 2492 3033; x_wconf 75' lang='grc' dir='ltr'>ἥπτετο</span> <span class='ocrx_word' id='word_1_409' title='bbox 2549 2966 2643 3023; x_wconf 72' lang='grc' dir='ltr'><strong>καί</strong></span> <span class='ocrx_word' id='word_1_410' title='bbox 2721 2976 3103 3047; x_wconf 87' lang='grc' dir='ltr'>γραμματιστῇ</span> <span class='ocrx_word' id='word_1_411' title='bbox 3179 2968 3515 3043; x_wconf 86' lang='grc' dir='ltr'>παρεδίδοτο.</span> <span class='ocrx_word' id='word_1_412' title='bbox 3600 2959 3653 3028; x_wconf 60' lang='grc' dir='ltr'>Ὀ</span> <span class='ocrx_word' id='word_1_413' title='bbox 3705 2967 3751 3024; x_wconf 77' lang='grc' dir='ltr'>δὲ</span> 
     </span>
    </p>
   </div>
   <div class='ocr_carea' id='block_1_60' title="bbox 394 3052 2036 3140">
    <p class='ocr_par' dir='ltr' id='par_1_60' title="bbox 394 3052 2034 3140">
     <span class='ocr_line' id='line_1_60' title="bbox 394 3052 2034 3140; baseline 0.004 -26"><span class='ocrx_word' id='word_1_414' title='bbox 394 3052 502 3116; x_wconf 87' lang='lat' dir='ltr'><strong>fuit</strong></span> <span class='ocrx_word' id='word_1_415' title='bbox 531 3056 944 3132; x_wconf 85' lang='lat' dir='ltr'><strong>grammatico.</strong></span> <span class='ocrx_word' id='word_1_416' title='bbox 993 3060 1048 3121; x_wconf 91' lang='lat' dir='ltr'><strong>Is</strong></span> <span class='ocrx_word' id='word_1_417' title='bbox 1087 3077 1223 3121; x_wconf 90' lang='lat' dir='ltr'><strong>vero</strong></span> <span class='ocrx_word' id='word_1_418' title='bbox 1267 3078 1403 3121; x_wconf 91' lang='lat' dir='ltr'><strong>cum</strong></span> <span class='ocrx_word' id='word_1_419' title='bbox 1454 3065 1675 3140; x_wconf 90' lang='lat' dir='ltr'><strong>optimo</strong></span> <span class='ocrx_word' id='word_1_420' title='bbox 1707 3068 1767 3122; x_wconf 90' lang='lat' dir='ltr'><strong>et</strong></span> <span class='ocrx_word' id='word_1_421' title='bbox 1810 3060 2034 3124; x_wconf 82' lang='lat' dir='ltr'><strong>acutis-</strong></span> 
     </span>
    </p>
   </div>
   <div class='ocr_carea' id='block_1_61' title="bbox 2121 3052 3753 3140">
    <p class='ocr_par' dir='ltr' id='par_1_61' title="bbox 2121 3054 3753 3139">
     <span class='ocr_line' id='line_1_61' title="bbox 2121 3054 3753 3139; baseline 0.001 -29"><span class='ocrx_word' id='word_1_422' title='bbox 2121 3054 2329 3132; x_wconf 79' lang='grc' dir='ltr'>μεγέθει</span> <span class='ocrx_word' id='word_1_423' title='bbox 2386 3077 2445 3112; x_wconf 86' lang='grc' dir='ltr'><strong>τε</strong></span> <span class='ocrx_word' id='word_1_424' title='bbox 2502 3057 2707 3135; x_wconf 82' lang='grc' dir='ltr'>φύσεως</span> <span class='ocrx_word' id='word_1_425' title='bbox 2767 3058 2850 3112; x_wconf 89' lang='grc' dir='ltr'>καὶ</span> <span class='ocrx_word' id='word_1_426' title='bbox 2902 3056 3131 3123; x_wconf 81' lang='grc' dir='ltr'>διανοίας</span> <span class='ocrx_word' id='word_1_427' title='bbox 3193 3057 3409 3125; x_wconf 65' lang='grc' dir='ltr'>ὀξύτητι</span> <span class='ocrx_word' id='word_1_428' title='bbox 3468 3060 3646 3139; x_wconf 77' lang='grc' dir='ltr'>μικρὸν</span> <span class='ocrx_word' id='word_1_429' title='bbox 3696 3057 3753 3124; x_wconf 74' lang='grc' dir='ltr'>ἦν</span> 
     </span>
    </p>
   </div>
   <div class='ocr_carea' id='block_1_62' title="bbox 399 3141 2036 3246">
    <p class='ocr_par' dir='ltr' id='par_1_62' title="bbox 399 3141 2036 3246">
     <span class='ocr_line' id='line_1_62' title="bbox 399 3141 2036 3246; baseline 0.005 -42"><span class='ocrx_word' id='word_1_430' title='bbox 399 3141 552 3205; x_wconf 89' lang='lat' dir='ltr'><strong>simo</strong></span> <span class='ocrx_word' id='word_1_431' title='bbox 607 3144 843 3246; x_wconf 72' lang='lat' dir='ltr'><strong>ingenio</strong></span> <span class='ocrx_word' id='word_1_432' title='bbox 859 3147 1159 3246; x_wconf 72' lang='lat' dir='ltr'><strong>plurimas</strong></span> <span class='ocrx_word' id='word_1_433' title='bbox 1185 3149 1527 3230; x_wconf 86' lang='lat' dir='ltr'><strong>disciplinas</strong></span> <span class='ocrx_word' id='word_1_434' title='bbox 1556 3148 1721 3211; x_wconf 86' lang='lat' dir='ltr'><strong>brevi</strong></span> <span class='ocrx_word' id='word_1_435' title='bbox 1773 3158 2036 3246; x_wconf 85' lang='lat' dir='ltr'><strong>tempore</strong></span> 
     </span>
    </p>
   </div>
   <div class='ocr_carea' id='block_1_63' title="bbox 2121 3141 3755 3246">
    <p class='ocr_par' dir='ltr' id='par_1_63' title="bbox 2122 3143 3755 3224">
     <span class='ocr_line' id='line_1_63' title="bbox 2122 3143 3755 3224; baseline 0.001 -24"><span class='ocrx_word' id='word_1_436' title='bbox 2122 3145 2407 3208; x_wconf 79' lang='grc' dir='ltr'>ἀκωλύτως</span> <span class='ocrx_word' id='word_1_437' title='bbox 2468 3143 2535 3202; x_wconf 88' lang='grc' dir='ltr'><strong>δι’</strong></span> <span class='ocrx_word' id='word_1_438' title='bbox 2580 3145 2730 3222; x_wconf 78' lang='grc' dir='ltr'>ἀέρος</span> <span class='ocrx_word' id='word_1_439' title='bbox 2788 3146 2928 3224; x_wconf 86' lang='grc' dir='ltr'>θέον,</span> <span class='ocrx_word' id='word_1_440' title='bbox 2960 3147 3193 3207; x_wconf 85' lang='grc' dir='ltr'>πλεῖστα</span> <span class='ocrx_word' id='word_1_441' title='bbox 3246 3155 3352 3205; x_wconf 86' lang='grc' dir='ltr'><strong>τῶν</strong></span> <span class='ocrx_word' id='word_1_442' title='bbox 3409 3146 3755 3223; x_wconf 80' lang='grc' dir='ltr'>παιδευμάτων</span> 
     </span>
    </p>
   </div>
   <div class='ocr_carea' id='block_1_64' title="bbox 398 3233 2036 3318">
    <p class='ocr_par' dir='ltr' id='par_1_64' title="bbox 398 3234 2035 3318">
     <span class='ocr_line' id='line_1_64' title="bbox 398 3234 2035 3318; baseline 0.003 -23"><span class='ocrx_word' id='word_1_443' title='bbox 398 3234 786 3315; x_wconf 88' lang='lat' dir='ltr'><strong>percepisset,</strong></span> <span class='ocrx_word' id='word_1_444' title='bbox 819 3235 994 3300; x_wconf 86' lang='lat' dir='ltr'><strong>civile</strong></span> <span class='ocrx_word' id='word_1_445' title='bbox 1022 3238 1261 3318; x_wconf 89' lang='lat' dir='ltr'><strong>quidem</strong></span> <span class='ocrx_word' id='word_1_446' title='bbox 1295 3246 1354 3301; x_wconf 88' lang='lat' dir='ltr'><strong>et</strong></span> <span class='ocrx_word' id='word_1_447' title='bbox 1403 3240 1642 3301; x_wconf 85' lang='lat' dir='ltr'><strong>forense</strong></span> <span class='ocrx_word' id='word_1_448' title='bbox 1672 3256 1861 3317; x_wconf 84' lang='lat' dir='ltr'><strong>genus</strong></span> <span class='ocrx_word' id='word_1_449' title='bbox 1889 3239 2035 3301; x_wconf 84' lang='lat' dir='ltr'><strong>doc-</strong></span> 
     </span>
    </p>
   </div>
   <div class='ocr_carea' id='block_1_65' title="bbox 2121 3233 3755 3318">
    <p class='ocr_par' dir='ltr' id='par_1_65' title="bbox 2121 3233 3755 3314">
     <span class='ocr_line' id='line_1_65' title="bbox 2121 3233 3755 3314; baseline 0.002 -26"><span class='ocrx_word' id='word_1_450' title='bbox 2121 3233 2176 3289; x_wconf 81' lang='grc' dir='ltr'>ἐν</span> <span class='ocrx_word' id='word_1_451' title='bbox 2232 3237 2435 3313; x_wconf 84' lang='grc' dir='ltr'>βραχεῖ</span> <span class='ocrx_word' id='word_1_452' title='bbox 2504 3236 2947 3310; x_wconf 79' lang='grc' dir='ltr'>καρπωσάμενος.</span> <span class='ocrx_word' id='word_1_453' title='bbox 3009 3239 3079 3296; x_wconf 80' lang='grc' dir='ltr'>Τὸ</span> <span class='ocrx_word' id='word_1_454' title='bbox 3154 3239 3252 3313; x_wconf 79' lang='grc' dir='ltr'>μὲν</span> <span class='ocrx_word' id='word_1_455' title='bbox 3321 3237 3415 3295; x_wconf 76' lang='grc' dir='ltr'>οὖν</span> <span class='ocrx_word' id='word_1_456' title='bbox 3488 3237 3755 3314; x_wconf 78' lang='grc' dir='ltr'>δημοτικὸν</span> 
     </span>
    </p>
   </div>
   <div class='ocr_carea' id='block_1_66' title="bbox 396 3323 2036 3407">
    <p class='ocr_par' dir='ltr' id='par_1_66' title="bbox 396 3323 2034 3407">
     <span class='ocr_line' id='line_1_66' title="bbox 396 3323 2034 3407; baseline 0.003 -22"><span class='ocrx_word' id='word_1_457' title='bbox 396 3323 572 3388; x_wconf 65' lang='lat' dir='ltr'><strong>trinas</strong></span> <span class='ocrx_word' id='word_1_458' title='bbox 595 3325 844 3407; x_wconf 87' lang='lat' dir='ltr'><strong>respuit.</strong></span> <span class='ocrx_word' id='word_1_459' title='bbox 878 3328 1206 3391; x_wconf 86' lang='lat' dir='ltr'><strong>lnsotentes</strong></span> <span class='ocrx_word' id='word_1_460' title='bbox 1234 3336 1428 3391; x_wconf 88' lang='lat' dir='ltr'><strong>autem</strong></span> <span class='ocrx_word' id='word_1_461' title='bbox 1470 3327 1816 3391; x_wconf 84' lang='lat' dir='ltr'><strong>sodalitates</strong></span> <span class='ocrx_word' id='word_1_462' title='bbox 1845 3328 2034 3390; x_wconf 90' lang='lat' dir='ltr'><strong>decli-</strong></span> 
     </span>
    </p>
   </div>
   <div class='ocr_carea' id='block_1_67' title="bbox 2121 3323 3755 3407">
    <p class='ocr_par' dir='ltr' id='par_1_67' title="bbox 2121 3323 3755 3407">
     <span class='ocr_line' id='line_1_67' title="bbox 2121 3323 3755 3407; baseline 0.003 -29"><span class='ocrx_word' id='word_1_463' title='bbox 2121 3330 2275 3380; x_wconf 90' lang='grc' dir='ltr'>τοῦτο</span> <span class='ocrx_word' id='word_1_464' title='bbox 2323 3325 2411 3380; x_wconf 86' lang='grc' dir='ltr'><strong>καὶ</strong></span> <span class='ocrx_word' id='word_1_465' title='bbox 2482 3323 2737 3402; x_wconf 81' lang='grc' dir='ltr'>ἀγοραῖον</span> <span class='ocrx_word' id='word_1_466' title='bbox 2795 3324 3094 3407; x_wconf 82' lang='grc' dir='ltr'>διέπτυσεν,</span> <span class='ocrx_word' id='word_1_467' title='bbox 3141 3326 3384 3407; x_wconf 72' lang='grc' dir='ltr'>ἑταιρίας</span> <span class='ocrx_word' id='word_1_468' title='bbox 3428 3326 3481 3384; x_wconf 83' lang='grc' dir='ltr'>δὲ</span> <span class='ocrx_word' id='word_1_469' title='bbox 3535 3327 3755 3402; x_wconf 82' lang='grc' dir='ltr'>ἆκόσμος</span> 
     </span>
    </p>
   </div>
   <div class='ocr_carea' id='block_1_68' title="bbox 399 3412 2036 3494">
    <p class='ocr_par' dir='ltr' id='par_1_68' title="bbox 399 3416 2036 3482">
     <span class='ocr_line' id='line_1_68' title="bbox 399 3416 2036 3482; baseline 0.002 -7"><span class='ocrx_word' id='word_1_470' title='bbox 399 3431 550 3476; x_wconf 87' lang='lat' dir='ltr'><strong>nans</strong></span> <span class='ocrx_word' id='word_1_471' title='bbox 620 3424 680 3478; x_wconf 90' lang='lat' dir='ltr'><strong>et</strong></span> <span class='ocrx_word' id='word_1_472' title='bbox 735 3417 1204 3480; x_wconf 87' lang='lat' dir='ltr'><strong>consuetudines</strong></span> <span class='ocrx_word' id='word_1_473' title='bbox 1276 3425 1336 3480; x_wconf 92' lang='lat' dir='ltr'><strong>et</strong></span> <span class='ocrx_word' id='word_1_474' title='bbox 1402 3416 1833 3481; x_wconf 76' lang='lat' dir='ltr'><strong>collocationes</strong></span> <span class='ocrx_word' id='word_1_475' title='bbox 1901 3436 2036 3482; x_wconf 92' lang='lat' dir='ltr'><strong>cum</strong></span> 
     </span>
    </p>
   </div>
   <div class='ocr_carea' id='block_1_69' title="bbox 2121 3412 3755 3494">
    <p class='ocr_par' dir='ltr' id='par_1_69' title="bbox 2121 3412 3755 3494">
     <span class='ocr_line' id='line_1_69' title="bbox 2121 3412 3755 3494; baseline -0.015 -3"><span class='ocrx_word' id='word_1_476' title='bbox 2121 3414 2281 3493; x_wconf 55' lang='grc' dir='ltr'>φημὶ,</span> <span class='ocrx_word' id='word_1_477' title='bbox 2316 3415 2403 3470; x_wconf 69' lang='grc' dir='ltr'>καὶ</span> <span class='ocrx_word' id='word_1_478' title='bbox 2456 3412 2668 3489; x_wconf 72' lang='grc' dir='ltr'>ὁμιλίας</span> <span class='ocrx_word' id='word_1_479' title='bbox 2727 3416 2953 3491; x_wconf 74' lang='grc' dir='ltr'>ἀμαθεῖς</span> <span class='ocrx_word' id='word_1_480' title='bbox 3011 3414 3282 3491; x_wconf 78' lang='grc' dir='ltr'>ἐκκλίνας,</span> <span class='ocrx_word' id='word_1_481' title='bbox 3328 3420 3421 3474; x_wconf 74' lang='grc' dir='ltr'><strong>καὶ</strong></span> <span class='ocrx_word' id='word_1_482' title='bbox 3463 3419 3522 3473; x_wconf 82' lang='grc' dir='ltr'>τὸ</span> <span class='ocrx_word' id='word_1_483' title='bbox 3566 3414 3755 3494; x_wconf 73' lang='grc' dir='ltr'>γυναιξί</span> 
     </span>
    </p>
   </div>
   <div class='ocr_carea' id='block_1_70' title="bbox 400 3501 2036 3587">
    <p class='ocr_par' dir='ltr' id='par_1_70' title="bbox 400 3502 2036 3587">
     <span class='ocr_line' id='line_1_70' title="bbox 400 3502 2036 3587; baseline 0.004 -24"><span class='ocrx_word' id='word_1_484' title='bbox 400 3502 776 3582; x_wconf 85' lang='lat' dir='ltr'><strong>mulieribus,</strong></span> <span class='ocrx_word' id='word_1_485' title='bbox 826 3512 884 3567; x_wconf 92' lang='lat' dir='ltr'><strong>et</strong></span> <span class='ocrx_word' id='word_1_486' title='bbox 939 3505 1031 3568; x_wconf 93' lang='lat' dir='ltr'><strong>vel</strong></span> <span class='ocrx_word' id='word_1_487' title='bbox 1090 3505 1295 3569; x_wconf 88' lang='lat' dir='ltr'><strong>oculos</strong></span> <span class='ocrx_word' id='word_1_488' title='bbox 1349 3506 1411 3568; x_wconf 91' lang='lat' dir='ltr'><strong>in</strong></span> <span class='ocrx_word' id='word_1_489' title='bbox 1471 3524 1571 3569; x_wconf 85' lang='lat' dir='ltr'><strong>eas</strong></span> <span class='ocrx_word' id='word_1_490' title='bbox 1619 3506 1869 3587; x_wconf 89' lang='lat' dir='ltr'><strong>injicere</strong></span> <span class='ocrx_word' id='word_1_491' title='bbox 1924 3506 2036 3569; x_wconf 89' lang='lat' dir='ltr'><strong>sibi</strong></span> 
     </span>
    </p>
   </div>
   <div class='ocr_carea' id='block_1_71' title="bbox 2121 3501 3754 3587">
    <p class='ocr_par' dir='ltr' id='par_1_71' title="bbox 2122 3501 3754 3586">
     <span class='ocr_line' id='line_1_71' title="bbox 2122 3501 3754 3586; baseline 0.001 -28"><span class='ocrx_word' id='word_1_492' title='bbox 2122 3501 2175 3558; x_wconf 76' lang='grc' dir='ltr'>δὲ</span> <span class='ocrx_word' id='word_1_493' title='bbox 2226 3502 2534 3579; x_wconf 86' lang='grc' dir='ltr'>συλλαλεῖν,</span> <span class='ocrx_word' id='word_1_494' title='bbox 2586 3504 2621 3571; x_wconf 75' lang='grc' dir='ltr'>ἢ</span> <span class='ocrx_word' id='word_1_495' title='bbox 2670 3505 2758 3560; x_wconf 83' lang='grc' dir='ltr'><strong>καὶ</strong></span> <span class='ocrx_word' id='word_1_496' title='bbox 2814 3502 3010 3562; x_wconf 82' lang='grc' dir='ltr'>διδόναι</span> <span class='ocrx_word' id='word_1_497' title='bbox 3056 3505 3325 3586; x_wconf 70' lang='grc' dir='ltr'>ὀφθαλμὸν</span> <span class='ocrx_word' id='word_1_498' title='bbox 3381 3506 3517 3572; x_wconf 82' lang='grc' dir='ltr'>ὅλως</span> <span class='ocrx_word' id='word_1_499' title='bbox 3559 3505 3754 3582; x_wconf 81' lang='grc' dir='ltr'>ἀπαγο-</span> 
     </span>
    </p>
   </div>
   <div class='ocr_carea' id='block_1_72' title="bbox 397 3590 2036 3676">
    <p class='ocr_par' dir='ltr' id='par_1_72' title="bbox 397 3590 2035 3676">
     <span class='ocr_line' id='line_1_72' title="bbox 397 3590 2035 3676; baseline 0.004 -24"><span class='ocrx_word' id='word_1_500' title='bbox 397 3590 793 3673; x_wconf 88' lang='lat' dir='ltr'><strong>interdicens,</strong></span> <span class='ocrx_word' id='word_1_501' title='bbox 854 3613 1054 3657; x_wconf 89' lang='lat' dir='ltr'><strong>curam</strong></span> <span class='ocrx_word' id='word_1_502' title='bbox 1104 3595 1346 3675; x_wconf 83' lang='lat' dir='ltr'><strong>gerebat</strong></span> <span class='ocrx_word' id='word_1_503' title='bbox 1400 3596 1533 3658; x_wconf 68' lang='lat' dir='ltr'><strong>vita:</strong></span> <span class='ocrx_word' id='word_1_504' title='bbox 1586 3601 2035 3676; x_wconf 80' lang='lat' dir='ltr'><strong>temperantiae:</strong></span> 
     </span>
    </p>
   </div>
   <div class='ocr_carea' id='block_1_73' title="bbox 2121 3590 3755 3676">
    <p class='ocr_par' dir='ltr' id='par_1_73' title="bbox 2124 3591 3755 3676">
     <span class='ocr_line' id='line_1_73' title="bbox 2124 3591 3755 3676; baseline 0 -27"><span class='ocrx_word' id='word_1_505' title='bbox 2124 3593 2336 3667; x_wconf 88' lang='grc' dir='ltr'>ρεύσας,</span> <span class='ocrx_word' id='word_1_506' title='bbox 2396 3598 2495 3659; x_wconf 79' lang='grc' dir='ltr'>τῆς</span> <span class='ocrx_word' id='word_1_507' title='bbox 2568 3591 2797 3660; x_wconf 79' lang='grc' dir='ltr'>ἀληθοῦς</span> <span class='ocrx_word' id='word_1_508' title='bbox 2870 3594 3162 3669; x_wconf 77' lang='grc' dir='ltr'>ἐπεμέλετο</span> <span class='ocrx_word' id='word_1_509' title='bbox 3224 3597 3591 3676; x_wconf 72' lang='grc' dir='ltr'>σωφροσύνης,</span> <span class='ocrx_word' id='word_1_510' title='bbox 3641 3594 3755 3650; x_wconf 76' lang='grc' dir='ltr'>εἶτα</span> 
     </span>
    </p>
   </div>
   <div class='ocr_carea' id='block_1_74' title="bbox 396 3679 2036 3765">
    <p class='ocr_par' dir='ltr' id='par_1_74' title="bbox 396 3683 2036 3763">
     <span class='ocr_line' id='line_1_74' title="bbox 396 3683 2036 3763; baseline 0.001 -17"><span class='ocrx_word' id='word_1_511' title='bbox 396 3690 458 3746; x_wconf 91' lang='lat' dir='ltr'><strong>et</strong></span> <span class='ocrx_word' id='word_1_512' title='bbox 498 3683 720 3763; x_wconf 88' lang='lat' dir='ltr'><strong>jubens</strong></span> <span class='ocrx_word' id='word_1_513' title='bbox 769 3684 966 3748; x_wconf 87' lang='lat' dir='ltr'><strong>valere</strong></span> <span class='ocrx_word' id='word_1_514' title='bbox 1005 3695 1281 3749; x_wconf 79' lang='lat' dir='ltr'><strong>externas</strong></span> <span class='ocrx_word' id='word_1_515' title='bbox 1336 3686 1843 3760; x_wconf 86' lang='lat' dir='ltr'><strong>conversationes,</strong></span> <span class='ocrx_word' id='word_1_516' title='bbox 1879 3685 2036 3749; x_wconf 89' lang='lat' dir='ltr'><strong>divi-</strong></span> 
     </span>
    </p>
   </div>
   <div class='ocr_carea' id='block_1_75' title="bbox 2121 3679 3755 3765">
    <p class='ocr_par' dir='ltr' id='par_1_75' title="bbox 2124 3679 3755 3765">
     <span class='ocr_line' id='line_1_75' title="bbox 2124 3679 3755 3765; baseline 0.001 -28"><span class='ocrx_word' id='word_1_517' title='bbox 2124 3683 2211 3737; x_wconf 82' lang='grc' dir='ltr'><strong>καὶ</strong></span> <span class='ocrx_word' id='word_1_518' title='bbox 2252 3693 2373 3747; x_wconf 91' lang='grc' dir='ltr'>ταῖς</span> <span class='ocrx_word' id='word_1_519' title='bbox 2426 3680 2525 3747; x_wconf 77' lang='grc' dir='ltr'><strong>ἔξω</strong></span> <span class='ocrx_word' id='word_1_520' title='bbox 2577 3679 2871 3759; x_wconf 89' lang='grc' dir='ltr'>διατριϐαῖς</span> <span class='ocrx_word' id='word_1_521' title='bbox 2956 3683 3095 3748; x_wconf 77' lang='grc' dir='ltr'>ἅπαξ</span> <span class='ocrx_word' id='word_1_522' title='bbox 3150 3685 3357 3765; x_wconf 81' lang='grc' dir='ltr'>χαίρειν</span> <span class='ocrx_word' id='word_1_523' title='bbox 3422 3685 3602 3764; x_wconf 73' lang='grc' dir='ltr'>εἰπὼν,</span> <span class='ocrx_word' id='word_1_524' title='bbox 3650 3685 3755 3745; x_wconf 79' lang='grc' dir='ltr'>τοῖς</span> 
     </span>
    </p>
   </div>
   <div class='ocr_carea' id='block_1_76' title="bbox 395 3770 2036 3852">
    <p class='ocr_par' dir='ltr' id='par_1_76' title="bbox 395 3772 2036 3850">
     <span class='ocr_line' id='line_1_76' title="bbox 395 3772 2036 3850; baseline 0.001 -15"><span class='ocrx_word' id='word_1_525' title='bbox 395 3772 491 3835; x_wconf 89' lang='lat' dir='ltr'><strong>nis</strong></span> <span class='ocrx_word' id='word_1_526' title='bbox 544 3776 790 3838; x_wconf 89' lang='lat' dir='ltr'><strong>omnino</strong></span> <span class='ocrx_word' id='word_1_527' title='bbox 838 3774 1081 3839; x_wconf 88' lang='lat' dir='ltr'><strong>vacabat</strong></span> <span class='ocrx_word' id='word_1_528' title='bbox 1148 3776 1401 3850; x_wconf 67' lang='lat' dir='ltr'><strong>aedibus,</strong></span> <span class='ocrx_word' id='word_1_529' title='bbox 1457 3785 1518 3838; x_wconf 92' lang='lat' dir='ltr'><strong>et</strong></span> <span class='ocrx_word' id='word_1_530' title='bbox 1567 3776 1796 3837; x_wconf 87' lang='lat' dir='ltr'><strong>malens</strong></span> <span class='ocrx_word' id='word_1_531' title='bbox 1847 3775 1904 3836; x_wconf 91' lang='lat' dir='ltr'><strong>in</strong></span> <span class='ocrx_word' id='word_1_532' title='bbox 1954 3779 2036 3839; x_wconf 87' lang='lat' dir='ltr'><strong>eis</strong></span> 
     </span>
    </p>
   </div>
   <div class='ocr_carea' id='block_1_77' title="bbox 2121 3770 3755 3852">
    <p class='ocr_par' dir='ltr' id='par_1_77' title="bbox 2123 3770 3755 3852">
     <span class='ocr_line' id='line_1_77' title="bbox 2123 3770 3755 3852; baseline -0.001 -26"><span class='ocrx_word' id='word_1_533' title='bbox 2123 3772 2279 3834; x_wconf 82' lang='grc' dir='ltr'>θείοις</span> <span class='ocrx_word' id='word_1_534' title='bbox 2340 3770 2633 3852; x_wconf 75' lang='grc' dir='ltr'>ἐσχόλαζεν</span> <span class='ocrx_word' id='word_1_535' title='bbox 2690 3771 2893 3847; x_wconf 76' lang='grc' dir='ltr'>οἴκοις,</span> <span class='ocrx_word' id='word_1_536' title='bbox 2956 3776 3109 3829; x_wconf 76' lang='grc' dir='ltr'>οἷκον</span> <span class='ocrx_word' id='word_1_537' title='bbox 3167 3774 3323 3835; x_wconf 71' lang='grc' dir='ltr'>αὐτὸς</span> <span class='ocrx_word' id='word_1_538' title='bbox 3381 3774 3565 3831; x_wconf 79' lang='grc' dir='ltr'>ἑαυτὸν</span> <span class='ocrx_word' id='word_1_539' title='bbox 3630 3770 3755 3837; x_wconf 79' lang='grc' dir='ltr'>ἄξιον</span> 
     </span>
    </p>
   </div>
   <div class='ocr_carea' id='block_1_78' title="bbox 398 3860 2036 3942">
    <p class='ocr_par' dir='ltr' id='par_1_78' title="bbox 398 3861 2036 3942">
     <span class='ocr_line' id='line_1_78' title="bbox 398 3861 2036 3942; baseline 0.002 -19"><span class='ocrx_word' id='word_1_540' title='bbox 398 3861 668 3942; x_wconf 87' lang='lat' dir='ltr'><strong>abjectus</strong></span> <span class='ocrx_word' id='word_1_541' title='bbox 706 3881 840 3926; x_wconf 88' lang='lat' dir='ltr'><strong>esse</strong></span> <span class='ocrx_word' id='word_1_542' title='bbox 870 3881 939 3926; x_wconf 73' lang='lat' dir='ltr'><strong>ex</strong></span> <span class='ocrx_word' id='word_1_543' title='bbox 973 3863 1157 3926; x_wconf 86' lang='lat' dir='ltr'><strong>divini</strong></span> <span class='ocrx_word' id='word_1_544' title='bbox 1186 3864 1426 3927; x_wconf 86' lang='lat' dir='ltr'><strong>Davidis</strong></span> <span class='ocrx_word' id='word_1_545' title='bbox 1455 3865 1748 3927; x_wconf 89' lang='lat' dir='ltr'><strong>sententia</strong></span> <span class='ocrx_word' id='word_1_546' title='bbox 1776 3863 1828 3928; x_wconf 72' lang='grc'><strong>2.</strong></span> <span class='ocrx_word' id='word_1_547' title='bbox 1864 3866 2036 3926; x_wconf 88' lang='lat' dir='ltr'><strong>Post-</strong></span> 
     </span>
    </p>
   </div>
   <div class='ocr_carea' id='block_1_79' title="bbox 2121 3860 3755 3942">
    <p class='ocr_par' dir='ltr' id='par_1_79' title="bbox 2124 3860 3755 3940">
     <span class='ocr_line' id='line_1_79' title="bbox 2124 3860 3755 3940; baseline -0.002 -23"><span class='ocrx_word' id='word_1_548' title='bbox 2124 3866 2201 3934; x_wconf 80' lang='grc' dir='ltr'>τῷ</span> <span class='ocrx_word' id='word_1_549' title='bbox 2261 3861 2507 3938; x_wconf 79' lang='grc' dir='ltr'>Δεσπότῃ</span> <span class='ocrx_word' id='word_1_550' title='bbox 2538 3861 2936 3932; x_wconf 76' lang='grc' dir='ltr'>κατασκεάζων,</span> <span class='ocrx_word' id='word_1_551' title='bbox 2991 3860 3209 3930; x_wconf 75' lang='grc' dir='ltr'>Ἐπειδὴ</span> <span class='ocrx_word' id='word_1_552' title='bbox 3267 3860 3321 3918; x_wconf 77' lang='grc' dir='ltr'>δὲ</span> <span class='ocrx_word' id='word_1_553' title='bbox 3364 3863 3498 3940; x_wconf 78' lang='grc' dir='ltr'>πρός</span> <span class='ocrx_word' id='word_1_554' title='bbox 3546 3884 3601 3919; x_wconf 89' lang='grc' dir='ltr'><strong>τε</strong></span> <span class='ocrx_word' id='word_1_555' title='bbox 3667 3860 3755 3927; x_wconf 77' lang='grc' dir='ltr'>τὴν</span> 
     </span>
    </p>
   </div>
   <div class='ocr_carea' id='block_1_80' title="bbox 394 3949 2036 4035">
    <p class='ocr_par' dir='ltr' id='par_1_80' title="bbox 394 3953 2036 4035">
     <span class='ocr_line' id='line_1_80' title="bbox 394 3953 2036 4035; baseline 0.002 -23"><span class='ocrx_word' id='word_1_556' title='bbox 394 3970 572 4031; x_wconf 89' lang='lat' dir='ltr'><strong>quam</strong></span> <span class='ocrx_word' id='word_1_557' title='bbox 630 3960 825 4015; x_wconf 84' lang='lat' dir='ltr'><strong>autem</strong></span> <span class='ocrx_word' id='word_1_558' title='bbox 860 3953 920 4014; x_wconf 91' lang='lat' dir='ltr'><strong>in</strong></span> <span class='ocrx_word' id='word_1_559' title='bbox 965 3953 1304 4016; x_wconf 87' lang='lat' dir='ltr'><strong>divinarum</strong></span> <span class='ocrx_word' id='word_1_560' title='bbox 1362 3954 1801 4035; x_wconf 89' lang='lat' dir='ltr'><strong>Scripturarum</strong></span> <span class='ocrx_word' id='word_1_561' title='bbox 1850 3963 1910 4015; x_wconf 91' lang='lat' dir='ltr'><strong>et</strong></span> <span class='ocrx_word' id='word_1_562' title='bbox 1964 3954 2036 4016; x_wconf 90' lang='lat' dir='ltr'><strong>de</strong></span> 
     </span>
    </p>
   </div>
   <div class='ocr_carea' id='block_1_81' title="bbox 2121 3949 3755 4035">
    <p class='ocr_par' dir='ltr' id='par_1_81' title="bbox 2124 3949 3755 4033">
     <span class='ocr_line' id='line_1_81' title="bbox 2124 3949 3755 4033; baseline 0.001 -27"><span class='ocrx_word' id='word_1_563' title='bbox 2124 3956 2231 4007; x_wconf 87' lang='grc' dir='ltr'><strong>τῶν</strong></span> <span class='ocrx_word' id='word_1_564' title='bbox 2288 3953 2440 4007; x_wconf 89' lang='grc' dir='ltr'>θείων</span> <span class='ocrx_word' id='word_1_565' title='bbox 2499 3956 2718 4029; x_wconf 82' lang='grc' dir='ltr'>Γραφῶν</span> <span class='ocrx_word' id='word_1_566' title='bbox 2774 3956 2970 4028; x_wconf 83' lang='grc' dir='ltr'>γνῶσιν</span> <span class='ocrx_word' id='word_1_567' title='bbox 3027 3953 3120 4008; x_wconf 80' lang='grc' dir='ltr'>καί</span> <span class='ocrx_word' id='word_1_568' title='bbox 3164 3957 3267 4008; x_wconf 90' lang='grc' dir='ltr'><strong>τῶν</strong></span> <span class='ocrx_word' id='word_1_569' title='bbox 3327 3955 3449 4033; x_wconf 87' lang='grc' dir='ltr'>περὶ</span> <span class='ocrx_word' id='word_1_570' title='bbox 3492 3960 3618 4013; x_wconf 82' lang='grc' dir='ltr'>Θεοῦ</span> <span class='ocrx_word' id='word_1_571' title='bbox 3669 3949 3755 4007; x_wconf 87' lang='grc' dir='ltr'>δο-</span> 
     </span>
    </p>
   </div>
   <div class='ocr_carea' id='block_1_82' title="bbox 394 4037 2036 4124">
    <p class='ocr_par' dir='ltr' id='par_1_82' title="bbox 394 4038 2036 4124">
     <span class='ocr_line' id='line_1_82' title="bbox 394 4038 2036 4124; baseline 0 -20"><span class='ocrx_word' id='word_1_572' title='bbox 394 4041 520 4104; x_wconf 92' lang='lat' dir='ltr'><strong>Deo</strong></span> <span class='ocrx_word' id='word_1_573' title='bbox 573 4038 912 4121; x_wconf 78' lang='lat' dir='ltr'><strong>dogmatum</strong></span> <span class='ocrx_word' id='word_1_574' title='bbox 962 4042 1302 4121; x_wconf 79' lang='lat' dir='ltr'><strong>cognitione</strong></span> <span class='ocrx_word' id='word_1_575' title='bbox 1362 4044 1505 4105; x_wconf 89' lang='lat' dir='ltr'><strong>satis</strong></span> <span class='ocrx_word' id='word_1_576' title='bbox 1554 4043 1939 4124; x_wconf 84' lang='lat' dir='ltr'><strong>elaborasset,</strong></span> <span class='ocrx_word' id='word_1_577' title='bbox 1985 4050 2036 4106; x_wconf 93' lang='lat' dir='ltr'><strong>et</strong></span> 
     </span>
    </p>
   </div>
   <div class='ocr_carea' id='block_1_83' title="bbox 2121 4037 3755 4124">
    <p class='ocr_par' dir='ltr' id='par_1_83' title="bbox 2125 4037 3755 4122">
     <span class='ocr_line' id='line_1_83' title="bbox 2125 4037 3755 4122; baseline 0 -27"><span class='ocrx_word' id='word_1_578' title='bbox 2125 4039 2345 4119; x_wconf 82' lang='grc' dir='ltr'>γμάτων</span> <span class='ocrx_word' id='word_1_579' title='bbox 2405 4038 2703 4118; x_wconf 74' lang='grc' dir='ltr'>ἀρκούντως</span> <span class='ocrx_word' id='word_1_580' title='bbox 2762 4037 3148 4116; x_wconf 80' lang='grc' dir='ltr'>διαπεπόνητο,</span> <span class='ocrx_word' id='word_1_581' title='bbox 3182 4042 3389 4121; x_wconf 79' lang='grc' dir='ltr'>μυρίαις</span> <span class='ocrx_word' id='word_1_582' title='bbox 3444 4065 3500 4100; x_wconf 89' lang='grc' dir='ltr'><strong>τε</strong></span> <span class='ocrx_word' id='word_1_583' title='bbox 3556 4042 3755 4122; x_wconf 82' lang='grc' dir='ltr'>χάρισιν</span> 
     </span>
    </p>
   </div>
   <div class='ocr_carea' id='block_1_84' title="bbox 398 4128 2036 4212">
    <p class='ocr_par' dir='ltr' id='par_1_84' title="bbox 398 4131 2036 4212">
     <span class='ocr_line' id='line_1_84' title="bbox 398 4131 2036 4212; baseline 0.001 -20"><span class='ocrx_word' id='word_1_584' title='bbox 398 4138 642 4194; x_wconf 89' lang='lat' dir='ltr'><strong>ornatus</strong></span> <span class='ocrx_word' id='word_1_585' title='bbox 712 4138 871 4193; x_wconf 87' lang='lat' dir='ltr'><strong>esset</strong></span> <span class='ocrx_word' id='word_1_586' title='bbox 949 4132 1155 4212; x_wconf 81' lang='lat' dir='ltr'><strong>gratiis</strong></span> <span class='ocrx_word' id='word_1_587' title='bbox 1228 4131 1791 4208; x_wconf 84' lang='lat' dir='ltr'><strong>innumerabilibus,</strong></span> <span class='ocrx_word' id='word_1_588' title='bbox 1858 4150 2036 4194; x_wconf 88' lang='lat' dir='ltr'><strong>accu-</strong></span> 
     </span>
    </p>
   </div>
   <div class='ocr_carea' id='block_1_85' title="bbox 2121 4128 3752 4212">
    <p class='ocr_par' dir='ltr' id='par_1_85' title="bbox 2128 4128 3752 4211">
     <span class='ocr_line' id='line_1_85' title="bbox 2128 4128 3752 4211; baseline -0.001 -26"><span class='ocrx_word' id='word_1_589' title='bbox 2128 4128 2436 4205; x_wconf 77' lang='grc' dir='ltr'>ἒκοσμεῖτο,</span> <span class='ocrx_word' id='word_1_590' title='bbox 2493 4131 2582 4185; x_wconf 86' lang='grc' dir='ltr'><strong>καὶ</strong></span> <span class='ocrx_word' id='word_1_591' title='bbox 2651 4130 2749 4197; x_wconf 76' lang='grc' dir='ltr'><strong>τὴν</strong></span> <span class='ocrx_word' id='word_1_592' title='bbox 2805 4132 3176 4209; x_wconf 77' lang='grc' dir='ltr'>προσήκουσαν</span> <span class='ocrx_word' id='word_1_593' title='bbox 3232 4133 3456 4209; x_wconf 77' lang='grc' dir='ltr'>ἱερεῦσιν</span> <span class='ocrx_word' id='word_1_594' title='bbox 3507 4129 3752 4211; x_wconf 79' lang='grc' dir='ltr'>ἀκρίϐειαν</span> 
     </span>
    </p>
   </div>
   <div class='ocr_carea' id='block_1_86' title="bbox 396 4217 2036 4303">
    <p class='ocr_par' dir='ltr' id='par_1_86' title="bbox 396 4220 2036 4303">
     <span class='ocr_line' id='line_1_86' title="bbox 396 4220 2036 4303; baseline -0.001 -20"><span class='ocrx_word' id='word_1_595' title='bbox 396 4228 704 4302; x_wconf 88' lang='lat' dir='ltr'><strong>ratamque</strong></span> <span class='ocrx_word' id='word_1_596' title='bbox 750 4229 808 4282; x_wconf 90' lang='lat' dir='ltr'><strong>et</strong></span> <span class='ocrx_word' id='word_1_597' title='bbox 865 4231 1130 4284; x_wconf 82' lang='lat' dir='ltr'><strong>exactam</strong></span> <span class='ocrx_word' id='word_1_598' title='bbox 1190 4222 1319 4285; x_wconf 69' lang='lat' dir='ltr'><strong>vitai</strong></span> <span class='ocrx_word' id='word_1_599' title='bbox 1378 4223 1627 4285; x_wconf 90' lang='lat' dir='ltr'><strong>formam</strong></span> <span class='ocrx_word' id='word_1_600' title='bbox 1687 4239 1820 4303; x_wconf 82' lang='lat' dir='ltr'><strong>quae</strong></span> <span class='ocrx_word' id='word_1_601' title='bbox 1870 4220 2036 4284; x_wconf 87' lang='lat' dir='ltr'><strong>decet</strong></span> 
     </span>
    </p>
   </div>
   <div class='ocr_carea' id='block_1_87' title="bbox 2121 4217 3749 4303">
    <p class='ocr_par' dir='ltr' id='par_1_87' title="bbox 2128 4217 3749 4298">
     <span class='ocr_line' id='line_1_87' title="bbox 2128 4217 3749 4298; baseline -0.002 -23"><span class='ocrx_word' id='word_1_602' title='bbox 2128 4217 2369 4298; x_wconf 71' lang='grc' dir='ltr'>ἄτεχνῶς</span> <span class='ocrx_word' id='word_1_603' title='bbox 2427 4217 2645 4298; x_wconf 75' lang='grc' dir='ltr'>ἔσωζεν,</span> <span class='ocrx_word' id='word_1_604' title='bbox 2676 4221 2734 4276; x_wconf 83' lang='grc' dir='ltr'><strong>οῦ</strong></span> <span class='ocrx_word' id='word_1_605' title='bbox 2778 4220 2887 4296; x_wconf 77' lang='grc' dir='ltr'>μὴν</span> <span class='ocrx_word' id='word_1_606' title='bbox 2931 4219 3066 4277; x_wconf 79' lang='grc' dir='ltr'>ἀλλὰ</span> <span class='ocrx_word' id='word_1_607' title='bbox 3123 4222 3302 4279; x_wconf 81' lang='grc' dir='ltr'>καὶτὸ</span> <span class='ocrx_word' id='word_1_608' title='bbox 3350 4221 3478 4289; x_wconf 77' lang='grc' dir='ltr'>ἦθος</span> <span class='ocrx_word' id='word_1_609' title='bbox 3511 4224 3643 4295; x_wconf 81' lang='grc' dir='ltr'>αὐτῷ</span> <span class='ocrx_word' id='word_1_610' title='bbox 3682 4218 3749 4274; x_wconf 83' lang='grc' dir='ltr'>’ἐτι</span> 
     </span>
    </p>
   </div>
   <div class='ocr_carea' id='block_1_88' title="bbox 398 4305 2036 4404">
    <p class='ocr_par' dir='ltr' id='par_1_88' title="bbox 398 4310 2036 4404">
     <span class='ocr_line' id='line_1_88' title="bbox 398 4310 2036 4404; baseline 0 -32"><span class='ocrx_word' id='word_1_611' title='bbox 398 4312 743 4375; x_wconf 87' lang='lat' dir='ltr'><strong>sacerdotes</strong></span> <span class='ocrx_word' id='word_1_612' title='bbox 796 4329 936 4375; x_wconf 88' lang='lat' dir='ltr'><strong>vere</strong></span> <span class='ocrx_word' id='word_1_613' title='bbox 967 4310 1330 4387; x_wconf 83' lang='lat' dir='ltr'><strong>observaret,</strong></span> <span class='ocrx_word' id='word_1_614' title='bbox 1364 4312 1507 4393; x_wconf 93' lang='lat' dir='ltr'><strong>quin</strong></span> <span class='ocrx_word' id='word_1_615' title='bbox 1563 4311 1737 4372; x_wconf 88' lang='lat' dir='ltr'><strong>etiam</strong></span> <span class='ocrx_word' id='word_1_616' title='bbox 1788 4310 1880 4372; x_wconf 88' lang='lat' dir='ltr'><strong>vel</strong></span> <span class='ocrx_word' id='word_1_617' title='bbox 1908 4319 2036 4404; x_wconf 80' lang='lat' dir='ltr'><strong>ante</strong></span> 
     </span>
    </p>
   </div>
   <div class='ocr_carea' id='block_1_89' title="bbox 2121 4305 3751 4404">
    <p class='ocr_par' dir='ltr' id='par_1_89' title="bbox 2126 4305 3751 4404">
     <span class='ocr_line' id='line_1_89' title="bbox 2126 4305 3751 4404; baseline 0.001 -43"><span class='ocrx_word' id='word_1_618' title='bbox 2126 4308 2359 4379; x_wconf 79' lang='grc' dir='ltr'>νεάζοντι</span> <span class='ocrx_word' id='word_1_619' title='bbox 2418 4309 2673 4383; x_wconf 82' lang='grc' dir='ltr'>στάσιμόν</span> <span class='ocrx_word' id='word_1_620' title='bbox 2730 4330 2788 4366; x_wconf 91' lang='grc' dir='ltr'><strong>τε</strong></span> <span class='ocrx_word' id='word_1_621' title='bbox 2842 4311 2929 4366; x_wconf 79' lang='grc' dir='ltr'>καὶ</span> <span class='ocrx_word' id='word_1_622' title='bbox 3000 4308 3345 4404; x_wconf 60' lang='grc' dir='ltr'>πρεσϐυτικὸν</span> <span class='ocrx_word' id='word_1_623' title='bbox 3395 4312 3485 4385; x_wconf 80' lang='grc' dir='ltr'>ἧν,</span> <span class='ocrx_word' id='word_1_624' title='bbox 3540 4305 3751 4388; x_wconf 86' lang='grc' dir='ltr'>πρεσϐύ-</span> 
     </span>
    </p>
   </div>
   <div class='ocr_carea' id='block_1_90' title="bbox 396 4396 2036 4481">
    <p class='ocr_par' dir='ltr' id='par_1_90' title="bbox 396 4399 2036 4481">
     <span class='ocr_line' id='line_1_90' title="bbox 396 4399 2036 4481; baseline -0.001 -19"><span class='ocrx_word' id='word_1_625' title='bbox 396 4418 577 4462; x_wconf 88' lang='lat' dir='ltr'><strong>canos</strong></span> <span class='ocrx_word' id='word_1_626' title='bbox 626 4409 827 4464; x_wconf 82' lang='lat' dir='ltr'><strong>essent</strong></span> <span class='ocrx_word' id='word_1_627' title='bbox 883 4401 1015 4481; x_wconf 89' lang='lat' dir='ltr'><strong>ejus</strong></span> <span class='ocrx_word' id='word_1_628' title='bbox 1066 4419 1264 4464; x_wconf 91' lang='lat' dir='ltr'><strong>mores</strong></span> <span class='ocrx_word' id='word_1_629' title='bbox 1309 4408 1652 4462; x_wconf 90' lang='lat' dir='ltr'><strong>constentes</strong></span> <span class='ocrx_word' id='word_1_630' title='bbox 1681 4408 1741 4463; x_wconf 90' lang='lat' dir='ltr'><strong>et</strong></span> <span class='ocrx_word' id='word_1_631' title='bbox 1794 4399 2036 4481; x_wconf 86' lang='lat' dir='ltr'><strong>seniles,</strong></span> 
     </span>
    </p>
   </div>
   <div class='ocr_carea' id='block_1_91' title="bbox 2121 4396 3749 4481">
    <p class='ocr_par' dir='ltr' id='par_1_91' title="bbox 2125 4396 3749 4480">
     <span class='ocr_line' id='line_1_91' title="bbox 2125 4396 3749 4480; baseline 0.006 -27"><span class='ocrx_word' id='word_1_632' title='bbox 2125 4419 2274 4476; x_wconf 87' lang='grc' dir='ltr'>τερον</span> <span class='ocrx_word' id='word_1_633' title='bbox 2327 4397 2483 4456; x_wconf 74' lang='grc' dir='ltr'>αὖτδν</span> <span class='ocrx_word' id='word_1_634' title='bbox 2526 4396 2698 4465; x_wconf 78' lang='grc' dir='ltr'>ἠξίουν</span> <span class='ocrx_word' id='word_1_635' title='bbox 2748 4401 3087 4478; x_wconf 67' lang='grc' dir='ltr'>ψηφίζεσθαι,</span> <span class='ocrx_word' id='word_1_636' title='bbox 3148 4396 3354 4480; x_wconf 63' lang='grc' dir='ltr'>’Ὠσπερ</span> <span class='ocrx_word' id='word_1_637' title='bbox 3413 4402 3513 4480; x_wconf 87' lang='grc' dir='ltr'><strong>γάρ</strong></span> <span class='ocrx_word' id='word_1_638' title='bbox 3541 4402 3599 4456; x_wconf 80' lang='grc' dir='ltr'>τὸ</span> <span class='ocrx_word' id='word_1_639' title='bbox 3650 4400 3749 4476; x_wconf 79' lang='grc' dir='ltr'><strong>γῆ-</strong></span> 
     </span>
    </p>
   </div>
   <div class='ocr_carea' id='block_1_92' title="bbox 396 4485 2036 4571">
    <p class='ocr_par' dir='ltr' id='par_1_92' title="bbox 396 4488 2036 4571">
     <span class='ocr_line' id='line_1_92' title="bbox 396 4488 2036 4571; baseline 0 -20"><span class='ocrx_word' id='word_1_640' title='bbox 396 4488 685 4568; x_wconf 77' lang='lat' dir='ltr'><strong>rogabant</strong></span> <span class='ocrx_word' id='word_1_641' title='bbox 712 4491 903 4571; x_wconf 89' lang='lat' dir='ltr'><strong>ipsum</strong></span> <span class='ocrx_word' id='word_1_642' title='bbox 938 4498 999 4551; x_wconf 94' lang='lat' dir='ltr'><strong>ut</strong></span> <span class='ocrx_word' id='word_1_643' title='bbox 1027 4490 1197 4552; x_wconf 83' lang='lat' dir='ltr'><strong>ﬁeret</strong></span> <span class='ocrx_word' id='word_1_644' title='bbox 1247 4489 1575 4571; x_wconf 82' lang='lat' dir='ltr'><strong>presbyter.</strong></span> <span class='ocrx_word' id='word_1_645' title='bbox 1619 4489 1862 4552; x_wconf 85' lang='lat' dir='ltr'><strong>Hortatu</strong></span> <span class='ocrx_word' id='word_1_646' title='bbox 1904 4508 2036 4569; x_wconf 84' lang='lat' dir='ltr'><strong>ergo</strong></span> 
     </span>
    </p>
   </div>
   <div class='ocr_carea' id='block_1_93' title="bbox 2121 4485 3751 4571">
    <p class='ocr_par' dir='ltr' id='par_1_93' title="bbox 2126 4485 3751 4570">
     <span class='ocr_line' id='line_1_93' title="bbox 2126 4485 3751 4570; baseline -0.002 -26"><span class='ocrx_word' id='word_1_647' title='bbox 2126 4509 2220 4565; x_wconf 81' lang='grc' dir='ltr'><strong>ρας</strong></span> <span class='ocrx_word' id='word_1_648' title='bbox 2265 4488 2432 4558; x_wconf 81' lang='grc' dir='ltr'>σῶζον</span> <span class='ocrx_word' id='word_1_649' title='bbox 2492 4488 2592 4555; x_wconf 80' lang='grc' dir='ltr'>τὴν</span> <span class='ocrx_word' id='word_1_650' title='bbox 2649 4490 3028 4565; x_wconf 77' lang='grc' dir='ltr'>προσήκομσαν</span> <span class='ocrx_word' id='word_1_651' title='bbox 3079 4491 3421 4570; x_wconf 79' lang='grc' dir='ltr'>σωφροσύνην</span> <span class='ocrx_word' id='word_1_652' title='bbox 3488 4490 3623 4547; x_wconf 81' lang='grc' dir='ltr'>ἔστιν</span> <span class='ocrx_word' id='word_1_653' title='bbox 3671 4485 3751 4542; x_wconf 83' lang='grc' dir='ltr'><strong>ὅτε</strong></span> 
     </span>
    </p>
   </div>
   <div class='ocr_carea' id='block_1_94' title="bbox 397 4565 2036 4660">
    <p class='ocr_par' dir='ltr' id='par_1_94' title="bbox 397 4565 2036 4660">
     <span class='ocr_line' id='line_1_94' title="bbox 397 4565 2036 4660; baseline -0.001 -20"><span class='ocrx_word' id='word_1_654' title='bbox 397 4565 530 4658; x_wconf 82' lang='lat' dir='ltr'><strong>ejus</strong></span> <span class='ocrx_word' id='word_1_655' title='bbox 577 4565 792 4659; x_wconf 74' lang='lat' dir='ltr'><strong>patrui,</strong></span> <span class='ocrx_word' id='word_1_656' title='bbox 826 4578 902 4640; x_wconf 88' lang='lat' dir='ltr'><strong>ab</strong></span> <span class='ocrx_word' id='word_1_657' title='bbox 959 4579 1227 4641; x_wconf 89' lang='lat' dir='ltr'><strong>antistite</strong></span> <span class='ocrx_word' id='word_1_658' title='bbox 1247 4565 1373 4660; x_wconf 47' lang='lat' dir='ltr'><strong>&#39;qui</strong></span> <span class='ocrx_word' id='word_1_659' title='bbox 1427 4565 1573 4641; x_wconf 76' lang='lat' dir='ltr'><strong>tunc</strong></span> <span class='ocrx_word' id='word_1_660' title='bbox 1624 4584 1754 4642; x_wconf 88' lang='lat' dir='ltr'><strong>erat</strong></span> <span class='ocrx_word' id='word_1_661' title='bbox 1807 4565 2036 4659; x_wconf 77' lang='lat' dir='ltr'><strong>Myren-</strong></span> 
     </span>
    </p>
   </div>
   <div class='ocr_carea' id='block_1_95' title="bbox 2121 4565 3750 4660">
    <p class='ocr_par' dir='ltr' id='par_1_95' title="bbox 2127 4574 3750 4658">
     <span class='ocr_line' id='line_1_95' title="bbox 2127 4574 3750 4658; baseline 0 -26"><span class='ocrx_word' id='word_1_662' title='bbox 2127 4578 2215 4632; x_wconf 84' lang='grc' dir='ltr'><strong>καὶ</strong></span> <span class='ocrx_word' id='word_1_663' title='bbox 2262 4574 2643 4653; x_wconf 78' lang='grc' dir='ltr'>διαϐάλλομεν,</span> <span class='ocrx_word' id='word_1_664' title='bbox 2676 4577 2811 4634; x_wconf 73' lang='grc' dir='ltr'>οὕτω</span> <span class='ocrx_word' id='word_1_665' title='bbox 2864 4577 2930 4646; x_wconf 81' lang='grc' dir='ltr'>δὴ</span> <span class='ocrx_word' id='word_1_666' title='bbox 2979 4582 3069 4637; x_wconf 85' lang='grc' dir='ltr'><strong>καὶ</strong></span> <span class='ocrx_word' id='word_1_667' title='bbox 3123 4582 3348 4646; x_wconf 88' lang='grc' dir='ltr'>νεότητα</span> <span class='ocrx_word' id='word_1_668' title='bbox 3407 4583 3618 4658; x_wconf 82' lang='grc' dir='ltr'>κρείττω</span> <span class='ocrx_word' id='word_1_669' title='bbox 3664 4596 3750 4652; x_wconf 78' lang='grc' dir='ltr'>γε·</span> 
     </span>
    </p>
   </div>
   <div class='ocr_carea' id='block_1_96' title="bbox 397 4665 2036 4771">
    <p class='ocr_par' dir='ltr' id='par_1_96' title="bbox 397 4667 2036 4771">
     <span class='ocr_line' id='line_1_96' title="bbox 397 4667 2036 4771; baseline 0.001 -43"><span class='ocrx_word' id='word_1_670' title='bbox 397 4667 574 4771; x_wconf 62' lang='lat' dir='ltr'><strong>sium,</strong></span> <span class='ocrx_word' id='word_1_671' title='bbox 627 4668 938 4771; x_wconf 62' lang='lat' dir='ltr'><strong>ordinatur</strong></span> <span class='ocrx_word' id='word_1_672' title='bbox 985 4668 1342 4751; x_wconf 78' lang='lat' dir='ltr'><strong>presbyter:</strong></span> <span class='ocrx_word' id='word_1_673' title='bbox 1406 4671 1638 4771; x_wconf 47' lang='lat' dir='ltr'><strong>etHDeo</strong></span> <span class='ocrx_word' id='word_1_674' title='bbox 1694 4674 1798 4749; x_wconf 87' lang='lat' dir='ltr'><strong>qui</strong></span> <span class='ocrx_word' id='word_1_675' title='bbox 1848 4668 2036 4771; x_wconf 60' lang='lat' dir='ltr'><strong>ipsum</strong></span> 
     </span>
    </p>
   </div>
   <div class='ocr_carea' id='block_1_97' title="bbox 2121 4665 3749 4771">
    <p class='ocr_par' dir='ltr' id='par_1_97' title="bbox 2127 4665 3749 4771">
     <span class='ocr_line' id='line_1_97' title="bbox 2127 4665 3749 4748; baseline -0.002 -27"><span class='ocrx_word' id='word_1_676' title='bbox 2127 4665 2354 4740; x_wconf 83' lang='grc' dir='ltr'>νομένην</span> <span class='ocrx_word' id='word_1_677' title='bbox 2414 4668 2520 4723; x_wconf 82' lang='grc' dir='ltr'><strong>τῶν</strong></span> <span class='ocrx_word' id='word_1_678' title='bbox 2583 4668 2788 4723; x_wconf 80' lang='grc' dir='ltr'>οἰκείων</span> <span class='ocrx_word' id='word_1_679' title='bbox 2855 4671 3055 4748; x_wconf 77' lang='grc' dir='ltr'>ὁρμῶν,</span> <span class='ocrx_word' id='word_1_680' title='bbox 3106 4672 3193 4726; x_wconf 82' lang='grc' dir='ltr'>καὶ</span> <span class='ocrx_word' id='word_1_681' title='bbox 3253 4671 3432 4748; x_wconf 74' lang='grc' dir='ltr'>γήρως</span> <span class='ocrx_word' id='word_1_682' title='bbox 3487 4665 3749 4742; x_wconf 79' lang='grc' dir='ltr'>εὐκοσμίαν</span> 
     </span>
     <span class='ocr_line' id='line_1_98' title="bbox 2372 4752 3746 4771; baseline 0 0"><span class='ocrx_word' id='word_1_683' title='bbox 2372 4769 2379 4771; x_wconf 61' lang='lat'>.</span> <span class='ocrx_word' id='word_1_684' title='bbox 2483 4753 2505 4771; x_wconf 63' lang='grc' dir='ltr'>θ</span> <span class='ocrx_word' id='word_1_685' title='bbox 2660 4755 2671 4771; x_wconf 73' lang='grc' dir='ltr'><strong>ο</strong></span> <span class='ocrx_word' id='word_1_686' title='bbox 2839 4758 2852 4771; x_wconf 68' lang='grc'><strong>1</strong></span> <span class='ocrx_word' id='word_1_687' title='bbox 3009 4762 3062 4771; x_wconf 65' lang='grc' dir='ltr'><strong>Α,</strong></span> <span class='ocrx_word' id='word_1_688' title='bbox 3471 4760 3481 4771; x_wconf 80' lang='grc' dir='ltr'><strong>ο</strong></span> <span class='ocrx_word' id='word_1_689' title='bbox 3732 4752 3746 4771; x_wconf 77' lang='lat'><strong><em>\</em></strong></span> 
     </span>
    </p>
   </div>
   <div class='ocr_carea' id='block_1_98' title="bbox 398 4756 2045 4839">
    <p class='ocr_par' dir='ltr' id='par_1_98' title="bbox 398 4756 2045 4839">
     <span class='ocr_line' id='line_1_99' title="bbox 398 4756 2045 4839; baseline -0.001 -19"><span class='ocrx_word' id='word_1_690' title='bbox 398 4756 670 4829; x_wconf 86' lang='lat' dir='ltr'><strong>dederat,</strong></span> <span class='ocrx_word' id='word_1_691' title='bbox 703 4757 994 4830; x_wconf 90' lang='lat' dir='ltr'><strong>redditur,</strong></span> <span class='ocrx_word' id='word_1_692' title='bbox 1029 4765 1092 4819; x_wconf 90' lang='lat' dir='ltr'><strong>ut</strong></span> <span class='ocrx_word' id='word_1_693' title='bbox 1123 4764 1224 4839; x_wconf 88' lang='lat' dir='ltr'><strong>qui</strong></span> <span class='ocrx_word' id='word_1_694' title='bbox 1270 4757 1614 4838; x_wconf 89' lang='lat' dir='ltr'><strong>parentibus</strong></span> <span class='ocrx_word' id='word_1_695' title='bbox 1642 4774 1850 4819; x_wconf 89' lang='lat' dir='ltr'><strong>revera</strong></span> <span class='ocrx_word' id='word_1_696' title='bbox 1892 4756 2045 4819; x_wconf 80' lang='lat' dir='ltr'><strong>fuis-</strong></span> 
     </span>
    </p>
   </div>
   <div class='ocr_carea' id='block_1_99' title="bbox 396 4846 2042 4929">
    <p class='ocr_par' dir='ltr' id='par_1_99' title="bbox 396 4846 2042 4929">
     <span class='ocr_line' id='line_1_100' title="bbox 396 4846 2042 4929; baseline -0.003 -18"><span class='ocrx_word' id='word_1_697' title='bbox 396 4856 490 4911; x_wconf 84' lang='lat' dir='ltr'><strong>set</strong></span> <span class='ocrx_word' id='word_1_698' title='bbox 546 4847 769 4910; x_wconf 89' lang='lat' dir='ltr'><strong>donum</strong></span> <span class='ocrx_word' id='word_1_699' title='bbox 831 4849 1210 4929; x_wconf 88' lang='lat' dir='ltr'><strong>precationis.</strong></span> <span class='ocrx_word' id='word_1_700' title='bbox 1266 4848 1380 4911; x_wconf 89' lang='lat' dir='ltr'><strong>Hic</strong></span> <span class='ocrx_word' id='word_1_701' title='bbox 1433 4856 1630 4910; x_wconf 88' lang='lat' dir='ltr'><strong>autem</strong></span> <span class='ocrx_word' id='word_1_702' title='bbox 1681 4846 2042 4928; x_wconf 80' lang='lat' dir='ltr'><strong>Myrensium</strong></span> 
     </span>
    </p>
   </div>
   <div class='ocr_carea' id='block_1_100' title="bbox 399 4935 2044 5022">
    <p class='ocr_par' dir='ltr' id='par_1_100' title="bbox 399 4935 2044 5022">
     <span class='ocr_line' id='line_1_101' title="bbox 399 4935 2044 5022; baseline -0.003 -20"><span class='ocrx_word' id='word_1_703' title='bbox 399 4937 669 5022; x_wconf 83' lang='lat' dir='ltr'><strong>pontifex</strong></span> <span class='ocrx_word' id='word_1_704' title='bbox 719 4937 940 5000; x_wconf 87' lang='lat' dir='ltr'><strong>donum</strong></span> <span class='ocrx_word' id='word_1_705' title='bbox 990 4937 1175 5001; x_wconf 88' lang='lat' dir='ltr'><strong>divini</strong></span> <span class='ocrx_word' id='word_1_706' title='bbox 1233 4935 1494 5019; x_wconf 87' lang='lat' dir='ltr'><strong>Spiritus</strong></span> <span class='ocrx_word' id='word_1_707' title='bbox 1540 4945 1919 5013; x_wconf 85' lang='lat' dir='ltr'><strong>consecutus,</strong></span> <span class='ocrx_word' id='word_1_708' title='bbox 1955 4936 2044 4997; x_wconf 86' lang='lat' dir='ltr'><strong>vi-</strong></span> 
     </span>
    </p>
   </div>
   <div class='ocr_carea' id='block_1_101' title="bbox 401 5027 2047 5109">
    <p class='ocr_par' dir='ltr' id='par_1_101' title="bbox 401 5027 2047 5109">
     <span class='ocr_line' id='line_1_102' title="bbox 401 5027 2047 5109; baseline -0.002 -18"><span class='ocrx_word' id='word_1_709' title='bbox 401 5028 552 5093; x_wconf 90' lang='lat' dir='ltr'><strong>dens</strong></span> <span class='ocrx_word' id='word_1_710' title='bbox 574 5029 812 5109; x_wconf 89' lang='lat' dir='ltr'><strong>juvenis</strong></span> <span class='ocrx_word' id='word_1_711' title='bbox 862 5028 1127 5092; x_wconf 88' lang='lat' dir='ltr'><strong>animam</strong></span> <span class='ocrx_word' id='word_1_712' title='bbox 1157 5029 1470 5091; x_wconf 86' lang='lat' dir='ltr'><strong>ﬂorentem</strong></span> <span class='ocrx_word' id='word_1_713' title='bbox 1523 5027 1857 5103; x_wconf 87' lang='lat' dir='ltr'><strong>virtutibus,</strong></span> <span class='ocrx_word' id='word_1_714' title='bbox 1893 5044 2047 5107; x_wconf 71' lang='lat' dir='ltr'><strong>prte-</strong></span> 
     </span>
    </p>
   </div>
   <div class='ocr_carea' id='block_1_102' title="bbox 401 5114 2045 5199">
    <p class='ocr_par' dir='ltr' id='par_1_102' title="bbox 401 5114 2045 5199">
     <span class='ocr_line' id='line_1_103' title="bbox 401 5114 2045 5199; baseline -0.002 -18"><span class='ocrx_word' id='word_1_715' title='bbox 401 5118 545 5181; x_wconf 83' lang='lat' dir='ltr'><strong>dixit</strong></span> <span class='ocrx_word' id='word_1_716' title='bbox 601 5124 844 5197; x_wconf 77' lang='lat' dir='ltr'><strong>gratiam</strong></span> <span class='ocrx_word' id='word_1_717' title='bbox 905 5138 1041 5199; x_wconf 67' lang='lat' dir='ltr'><strong>quae</strong></span> <span class='ocrx_word' id='word_1_718' title='bbox 1096 5119 1159 5180; x_wconf 90' lang='lat' dir='ltr'><strong>in</strong></span> <span class='ocrx_word' id='word_1_719' title='bbox 1210 5137 1282 5182; x_wconf 90' lang='lat' dir='ltr'><strong>eo</strong></span> <span class='ocrx_word' id='word_1_720' title='bbox 1340 5126 1467 5181; x_wconf 88' lang='lat' dir='ltr'><strong>erat</strong></span> <span class='ocrx_word' id='word_1_721' title='bbox 1522 5117 1913 5198; x_wconf 87' lang='lat' dir='ltr'><strong>abundatura,</strong></span> <span class='ocrx_word' id='word_1_722' title='bbox 1959 5114 2045 5177; x_wconf 87' lang='lat' dir='ltr'><strong>sic</strong></span> 
     </span>
    </p>
   </div>
   <div class='ocr_carea' id='block_1_103' title="bbox 398 5206 2040 5289">
    <p class='ocr_par' dir='ltr' id='par_1_103' title="bbox 398 5206 2040 5289">
     <span class='ocr_line' id='line_1_104' title="bbox 398 5206 2040 5289; baseline -0.002 -19"><span class='ocrx_word' id='word_1_723' title='bbox 398 5207 608 5270; x_wconf 90' lang='lat' dir='ltr'><strong>dicens</strong></span> <span class='ocrx_word' id='word_1_724' title='bbox 640 5222 658 5269; x_wconf 83' lang='lat'><strong>:</strong></span> <span class='ocrx_word' id='word_1_725' title='bbox 717 5206 936 5269; x_wconf 85' lang='lat' dir='ltr'><strong>Eorum</strong></span> <span class='ocrx_word' id='word_1_726' title='bbox 969 5207 1207 5288; x_wconf 87' lang='lat' dir='ltr'><strong>quidem</strong></span> <span class='ocrx_word' id='word_1_727' title='bbox 1263 5207 1364 5289; x_wconf 90' lang='lat' dir='ltr'><strong>qui</strong></span> <span class='ocrx_word' id='word_1_728' title='bbox 1397 5207 1635 5270; x_wconf 88' lang='lat' dir='ltr'><strong>tristitia</strong></span> <span class='ocrx_word' id='word_1_729' title='bbox 1681 5206 2040 5282; x_wconf 83' lang='lat' dir='ltr'><strong>afficiuntur,</strong></span> 
     </span>
    </p>
   </div>
   <div class='ocr_carea' id='block_1_104' title="bbox 399 5295 2047 5378">
    <p class='ocr_par' dir='ltr' id='par_1_104' title="bbox 399 5295 2047 5378">
     <span class='ocr_line' id='line_1_105' title="bbox 399 5295 2047 5378; baseline -0.002 -20"><span class='ocrx_word' id='word_1_730' title='bbox 399 5302 513 5358; x_wconf 81' lang='lat' dir='ltr'><strong>erit</strong></span> <span class='ocrx_word' id='word_1_731' title='bbox 539 5295 862 5374; x_wconf 81' lang='lat' dir='ltr'><strong>benignum</strong></span> <span class='ocrx_word' id='word_1_732' title='bbox 915 5297 1241 5377; x_wconf 89' lang='lat' dir='ltr'><strong>solatium;</strong></span> <span class='ocrx_word' id='word_1_733' title='bbox 1296 5298 1544 5378; x_wconf 88' lang='lat' dir='ltr'><strong>pulchre</strong></span> <span class='ocrx_word' id='word_1_734' title='bbox 1594 5304 1793 5360; x_wconf 86' lang='lat' dir='ltr'><strong>autem</strong></span> <span class='ocrx_word' id='word_1_735' title='bbox 1846 5302 2047 5376; x_wconf 83' lang='lat' dir='ltr'><strong>pascet</strong></span> 
     </span>
    </p>
   </div>
   <div class='ocr_carea' id='block_1_105' title="bbox 402 5385 2045 5465">
    <p class='ocr_par' dir='ltr' id='par_1_105' title="bbox 402 5385 2045 5465">
     <span class='ocr_line' id='line_1_106' title="bbox 402 5385 2045 5465; baseline 0 -18"><span class='ocrx_word' id='word_1_736' title='bbox 402 5386 653 5464; x_wconf 87' lang='lat' dir='ltr'><strong>animas,</strong></span> <span class='ocrx_word' id='word_1_737' title='bbox 685 5393 744 5445; x_wconf 91' lang='lat' dir='ltr'><strong>et</strong></span> <span class='ocrx_word' id='word_1_738' title='bbox 800 5403 904 5446; x_wconf 90' lang='lat' dir='ltr'><strong>eos</strong></span> <span class='ocrx_word' id='word_1_739' title='bbox 932 5385 1035 5465; x_wconf 90' lang='lat' dir='ltr'><strong>qui</strong></span> <span class='ocrx_word' id='word_1_740' title='bbox 1086 5387 1418 5449; x_wconf 83' lang='lat' dir='ltr'><strong>erraverint</strong></span> <span class='ocrx_word' id='word_1_741' title='bbox 1454 5386 1754 5449; x_wconf 87' lang='lat' dir='ltr'><strong>revocabit</strong></span> <span class='ocrx_word' id='word_1_742' title='bbox 1800 5386 1870 5447; x_wconf 91' lang='lat' dir='ltr'><strong>ad</strong></span> <span class='ocrx_word' id='word_1_743' title='bbox 1907 5404 2045 5465; x_wconf 88' lang='lat' dir='ltr'><strong>pas-</strong></span> 
     </span>
    </p>
   </div>
   <div class='ocr_carea' id='block_1_106' title="bbox 402 5474 2049 5561">
    <p class='ocr_par' dir='ltr' id='par_1_106' title="bbox 402 5474 2049 5561">
     <span class='ocr_line' id='line_1_107' title="bbox 402 5474 2049 5561; baseline -0.001 -22"><span class='ocrx_word' id='word_1_744' title='bbox 402 5492 512 5539; x_wconf 85' lang='lat' dir='ltr'><strong>cua</strong></span> <span class='ocrx_word' id='word_1_745' title='bbox 545 5474 775 5557; x_wconf 88' lang='lat' dir='ltr'><strong>pietatis</strong></span> <span class='ocrx_word' id='word_1_746' title='bbox 805 5491 818 5537; x_wconf 88' lang='lat'>:</span> <span class='ocrx_word' id='word_1_747' title='bbox 855 5481 915 5536; x_wconf 89' lang='lat' dir='ltr'><strong>et</strong></span> <span class='ocrx_word' id='word_1_748' title='bbox 959 5474 1266 5558; x_wconf 87' lang='lat' dir='ltr'><strong>apparebit</strong></span> <span class='ocrx_word' id='word_1_749' title='bbox 1295 5485 1563 5540; x_wconf 86' lang='lat' dir='ltr'><strong>servator</strong></span> <span class='ocrx_word' id='word_1_750' title='bbox 1595 5475 1670 5538; x_wconf 91' lang='lat' dir='ltr'><strong>iis</strong></span> <span class='ocrx_word' id='word_1_751' title='bbox 1698 5477 1799 5561; x_wconf 88' lang='lat' dir='ltr'><strong>qui</strong></span> <span class='ocrx_word' id='word_1_752' title='bbox 1828 5474 2049 5540; x_wconf 88' lang='lat' dir='ltr'><strong>fuerint</strong></span> 
     </span>
    </p>
   </div>
   <div class='ocr_carea' id='block_1_107' title="bbox 480 5655 1099 5741">
    <p class='ocr_par' dir='ltr' id='par_1_107' title="bbox 480 5655 1099 5741">
     <span class='ocr_line' id='line_1_108' title="bbox 480 5655 1099 5741; baseline -0.018 -12"><span class='ocrx_word' id='word_1_753' title='bbox 480 5655 509 5705; x_wconf 74' lang='grc'><strong>²</strong></span> <span class='ocrx_word' id='word_1_754' title='bbox 541 5656 696 5729; x_wconf 65' lang='lat' dir='ltr'><strong>Plat.</strong></span> <span class='ocrx_word' id='word_1_755' title='bbox 729 5671 967 5741; x_wconf 73' lang='lat' dir='ltr'><strong>unm,</strong></span> <span class='ocrx_word' id='word_1_756' title='bbox 999 5655 1099 5719; x_wconf 81' lang='lat' dir='ltr'><strong>tl.</strong></span> 
     </span>
    </p>
   </div>
   <div class='ocr_carea' id='block_1_108' title="bbox 2129 4753 3749 4837">
    <p class='ocr_par' dir='ltr' id='par_1_108' title="bbox 2129 4753 3749 4837">
     <span class='ocr_line' id='line_1_109' title="bbox 2129 4753 3749 4837; baseline -0.002 -22"><span class='ocrx_word' id='word_1_757' title='bbox 2129 4769 2407 4834; x_wconf 78' lang='grc' dir='ltr'>συντηρεῖν</span> <span class='ocrx_word' id='word_1_758' title='bbox 2479 4753 2773 4831; x_wconf 83' lang='grc' dir='ltr'>δυναμένην</span> <span class='ocrx_word' id='word_1_759' title='bbox 2829 4758 3070 4836; x_wconf 78' lang='grc' dir='ltr'>ἂγαμεθά</span> <span class='ocrx_word' id='word_1_760' title='bbox 3126 4781 3182 4816; x_wconf 90' lang='grc' dir='ltr'><strong>τε</strong></span> <span class='ocrx_word' id='word_1_761' title='bbox 3243 4760 3614 4837; x_wconf 77' lang='grc' dir='ltr'>προσηκόντως</span> <span class='ocrx_word' id='word_1_762' title='bbox 3669 4753 3749 4812; x_wconf 77' lang='grc' dir='ltr'><strong>καὶ</strong></span> 
     </span>
    </p>
   </div>
   <div class='ocr_carea' id='block_1_109' title="bbox 2127 4843 3750 4927">
    <p class='ocr_par' dir='ltr' id='par_1_109' title="bbox 2127 4843 3750 4927">
     <span class='ocr_line' id='line_1_110' title="bbox 2127 4843 3750 4927; baseline -0.004 -24"><span class='ocrx_word' id='word_1_763' title='bbox 2127 4843 2339 4903; x_wconf 76' lang='grc' dir='ltr'>πολλῶν</span> <span class='ocrx_word' id='word_1_764' title='bbox 2396 4844 2622 4901; x_wconf 78' lang='grc' dir='ltr'>ἐπαίνων</span> <span class='ocrx_word' id='word_1_765' title='bbox 2671 4844 2812 4911; x_wconf 76' lang='grc' dir='ltr'>ἀξίαν</span> <span class='ocrx_word' id='word_1_766' title='bbox 2869 4848 3135 4927; x_wconf 84' lang='grc' dir='ltr'>κρίνομεν,</span> <span class='ocrx_word' id='word_1_767' title='bbox 3208 4852 3404 4923; x_wconf 82' lang='grc' dir='ltr'>Γνώμη</span> <span class='ocrx_word' id='word_1_768' title='bbox 3453 4848 3616 4906; x_wconf 87' lang='grc' dir='ltr'>τοίνυν</span> <span class='ocrx_word' id='word_1_769' title='bbox 3667 4844 3750 4899; x_wconf 81' lang='grc' dir='ltr'><strong>τοῦ</strong></span> 
     </span>
    </p>
   </div>
   <div class='ocr_carea' id='block_1_110' title="bbox 2127 4936 3743 5014">
    <p class='ocr_par' dir='ltr' id='par_1_110' title="bbox 2127 4936 3743 5014">
     <span class='ocr_line' id='line_1_111' title="bbox 2127 4936 3743 5014; baseline 0.002 -23"><span class='ocrx_word' id='word_1_770' title='bbox 2127 4937 2257 5014; x_wconf 74' lang='grc' dir='ltr'>πρὸς</span> <span class='ocrx_word' id='word_1_771' title='bbox 2326 4936 2523 5013; x_wconf 83' lang='grc' dir='ltr'>πατρὸς</span> <span class='ocrx_word' id='word_1_772' title='bbox 2586 4940 2743 4994; x_wconf 72' lang='grc' dir='ltr'>αὐτοῦ</span> <span class='ocrx_word' id='word_1_773' title='bbox 2799 4939 2935 4994; x_wconf 88' lang='grc' dir='ltr'>θείου</span> <span class='ocrx_word' id='word_1_774' title='bbox 2987 4940 3088 4996; x_wconf 79' lang='grc' dir='ltr'>ὑπὸ</span> <span class='ocrx_word' id='word_1_775' title='bbox 3155 4937 3246 4995; x_wconf 82' lang='grc' dir='ltr'><strong>τοῦ</strong></span> <span class='ocrx_word' id='word_1_776' title='bbox 3315 4946 3597 5007; x_wconf 86' lang='grc' dir='ltr'>τηνικαῦτα</span> <span class='ocrx_word' id='word_1_777' title='bbox 3658 4937 3743 4999; x_wconf 78' lang='grc' dir='ltr'>τῆς</span> 
     </span>
    </p>
   </div>
   <div class='ocr_carea' id='block_1_111' title="bbox 2130 5023 3746 5106">
    <p class='ocr_par' dir='ltr' id='par_1_111' title="bbox 2130 5023 3746 5106">
     <span class='ocr_line' id='line_1_112' title="bbox 2130 5023 3746 5106; baseline 0.002 -26"><span class='ocrx_word' id='word_1_778' title='bbox 2130 5023 2344 5103; x_wconf 80' lang='grc' dir='ltr'>Μυρέων</span> <span class='ocrx_word' id='word_1_779' title='bbox 2425 5023 2675 5102; x_wconf 84' lang='grc' dir='ltr'>προέδρου</span> <span class='ocrx_word' id='word_1_780' title='bbox 2750 5041 3136 5105; x_wconf 80' lang='grc' dir='ltr'>χειροτονεῖται</span> <span class='ocrx_word' id='word_1_781' title='bbox 3207 5026 3595 5106; x_wconf 87' lang='grc' dir='ltr'>πρεσϐύτερος,</span> <span class='ocrx_word' id='word_1_782' title='bbox 3660 5026 3746 5081; x_wconf 61' lang='grc' dir='ltr'><strong>καί</strong></span> 
     </span>
    </p>
   </div>
   <div class='ocr_carea' id='block_1_112' title="bbox 2121 5112 3745 5199">
    <p class='ocr_par' dir='ltr' id='par_1_112' title="bbox 2121 5112 3745 5199">
     <span class='ocr_line' id='line_1_113' title="bbox 2121 5112 3745 5199; baseline 0.003 -27"><span class='ocrx_word' id='word_1_783' title='bbox 2121 5122 2199 5190; x_wconf 84' lang='grc' dir='ltr'>τῷ</span> <span class='ocrx_word' id='word_1_784' title='bbox 2248 5112 2496 5171; x_wconf 85' lang='grc' dir='ltr'>δεδωκότι</span> <span class='ocrx_word' id='word_1_785' title='bbox 2555 5122 2671 5190; x_wconf 86' lang='grc' dir='ltr'><strong>Θεῷ</strong></span> <span class='ocrx_word' id='word_1_786' title='bbox 2727 5115 3062 5199; x_wconf 76' lang='grc' dir='ltr'>ἀντιδίδοται,</span> <span class='ocrx_word' id='word_1_787' title='bbox 3097 5120 3124 5174; x_wconf 79' lang='grc' dir='ltr'>ὁ</span> <span class='ocrx_word' id='word_1_788' title='bbox 3175 5115 3339 5197; x_wconf 83' lang='grc' dir='ltr'>δῶρον</span> <span class='ocrx_word' id='word_1_789' title='bbox 3385 5117 3548 5179; x_wconf 70' lang='grc' dir='ltr'>ὅντως</span> <span class='ocrx_word' id='word_1_790' title='bbox 3590 5112 3745 5192; x_wconf 69' lang='grc' dir='ltr'>εὗχῖις</span> 
     </span>
    </p>
   </div>
   <div class='ocr_carea' id='block_1_113' title="bbox 2122 5200 3745 5285">
    <p class='ocr_par' dir='ltr' id='par_1_113' title="bbox 2122 5200 3745 5285">
     <span class='ocr_line' id='line_1_114' title="bbox 2122 5200 3745 5285; baseline -0.001 -22"><span class='ocrx_word' id='word_1_791' title='bbox 2122 5218 2243 5268; x_wconf 79' lang='grc' dir='ltr'>τοῖς</span> <span class='ocrx_word' id='word_1_792' title='bbox 2287 5207 2661 5284; x_wconf 70' lang='grc' dir='ltr'>γεγεννηκόσιν</span> <span class='ocrx_word' id='word_1_793' title='bbox 2711 5208 2868 5265; x_wconf 77' lang='grc' dir='ltr'>αὐτὸν</span> <span class='ocrx_word' id='word_1_794' title='bbox 2915 5205 3227 5285; x_wconf 85' lang='grc' dir='ltr'>γενόμενος.</span> <span class='ocrx_word' id='word_1_795' title='bbox 3290 5200 3347 5267; x_wconf 66' lang='grc' dir='ltr'><strong>Ὀ</strong></span> <span class='ocrx_word' id='word_1_796' title='bbox 3401 5206 3575 5282; x_wconf 86' lang='grc' dir='ltr'>μέντοι</span> <span class='ocrx_word' id='word_1_797' title='bbox 3616 5204 3745 5280; x_wconf 45' lang='grc' dir='ltr'>ἄρχ’·</span> 
     </span>
    </p>
   </div>
   <div class='ocr_carea' id='block_1_114' title="bbox 2127 5293 3745 5376">
    <p class='ocr_par' dir='ltr' id='par_1_114' title="bbox 2127 5293 3745 5376">
     <span class='ocr_line' id='line_1_115' title="bbox 2127 5293 3745 5376; baseline -0.002 -23"><span class='ocrx_word' id='word_1_798' title='bbox 2127 5298 2291 5376; x_wconf 83' lang='grc' dir='ltr'>ιερεὺς</span> <span class='ocrx_word' id='word_1_799' title='bbox 2351 5300 2449 5363; x_wconf 78' lang='grc' dir='ltr'>τῆς</span> <span class='ocrx_word' id='word_1_800' title='bbox 2502 5293 2717 5372; x_wconf 79' lang='grc' dir='ltr'>Μυρέων</span> <span class='ocrx_word' id='word_1_801' title='bbox 2763 5296 2913 5360; x_wconf 84' lang='grc' dir='ltr'>οὗτος</span> <span class='ocrx_word' id='word_1_802' title='bbox 2956 5299 3096 5354; x_wconf 86' lang='grc' dir='ltr'>θείου</span> <span class='ocrx_word' id='word_1_803' title='bbox 3152 5298 3453 5369; x_wconf 84' lang='grc' dir='ltr'>Πνεύματος</span> <span class='ocrx_word' id='word_1_804' title='bbox 3499 5298 3745 5370; x_wconf 77' lang='grc' dir='ltr'>εὖμοιρεῖν</span> 
     </span>
    </p>
   </div>
   <div class='ocr_carea' id='block_1_115' title="bbox 2125 5384 3743 5468">
    <p class='ocr_par' dir='ltr' id='par_1_115' title="bbox 2125 5384 3743 5468">
     <span class='ocr_line' id='line_1_116' title="bbox 2125 5384 3743 5468; baseline -0.006 -25"><span class='ocrx_word' id='word_1_805' title='bbox 2125 5384 2440 5461; x_wconf 83' lang='grc' dir='ltr'>ἠξιωμένος,</span> <span class='ocrx_word' id='word_1_806' title='bbox 2489 5385 2588 5452; x_wconf 73' lang='grc' dir='ltr'>τὴν</span> <span class='ocrx_word' id='word_1_807' title='bbox 2639 5392 2730 5441; x_wconf 88' lang='grc' dir='ltr'><strong>τοῦ</strong></span> <span class='ocrx_word' id='word_1_808' title='bbox 2770 5385 2889 5443; x_wconf 87' lang='grc' dir='ltr'>νέου</span> <span class='ocrx_word' id='word_1_809' title='bbox 2946 5388 3130 5468; x_wconf 75' lang='grc' dir='ltr'>ψυχὴν</span> <span class='ocrx_word' id='word_1_810' title='bbox 3188 5386 3407 5464; x_wconf 69' lang='grc' dir='ltr'>ἀρεταῖς</span> <span class='ocrx_word' id='word_1_811' title='bbox 3464 5385 3743 5455; x_wconf 80' lang='grc' dir='ltr'>κατάκομον</span> 
     </span>
    </p>
   </div>
   <div class='ocr_carea' id='block_1_116' title="bbox 2128 5471 3741 5557">
    <p class='ocr_par' dir='ltr' id='par_1_116' title="bbox 2128 5471 3741 5557">
     <span class='ocr_line' id='line_1_117' title="bbox 2128 5471 3741 5557; baseline -0.004 -22"><span class='ocrx_word' id='word_1_812' title='bbox 2128 5480 2387 5557; x_wconf 82' lang='grc' dir='ltr'>καθορῶν,</span> <span class='ocrx_word' id='word_1_813' title='bbox 2442 5472 2589 5532; x_wconf 71' lang='grc' dir='ltr'>οῦδὲν</span> <span class='ocrx_word' id='word_1_814' title='bbox 2640 5474 2940 5543; x_wconf 80' lang='grc' dir='ltr'>ἐπιδοιάσας</span> <span class='ocrx_word' id='word_1_815' title='bbox 2991 5488 3082 5535; x_wconf 78' lang='grc' dir='ltr'><strong>καί</strong></span> <span class='ocrx_word' id='word_1_816' title='bbox 3141 5478 3256 5557; x_wconf 82' lang='grc' dir='ltr'>περὶ</span> <span class='ocrx_word' id='word_1_817' title='bbox 3311 5478 3410 5546; x_wconf 75' lang='grc' dir='ltr'>τῆς</span> <span class='ocrx_word' id='word_1_818' title='bbox 3466 5471 3741 5555; x_wconf 79' lang='grc' dir='ltr'>μελλούσης</span> 
     </span>
    </p>
   </div>
  </div>
