4006 6146
251 284 352 355 321

1584 277 1769 353 ViTA
1825 284 1884 351 S.
1932 274 2265 352 NICOLAI.

3496 276 3613 352 322

245 431 382 498 αὐτῷ
428 423 708 481 πλεονάσαι
760 416 1003 503 χάριτος,
1041 424 1434 503 προηγόρευσεν
1484 422 1652 488 οὕτως
1698 424 1882 503 εἰπὼν,

1998 440 2031 482 ιι
2094 420 2401 501 periculis.
2461 415 2603 493 Quae
2658 434 2897 503 quoque
2958 426 3226 501 tempore
3288 428 3491 503 postea
3533 421 3607 485 ad

246 517 313 578 ὣς
399 515 546 571 ἔσται
633 514 730 590 μὲν
816 512 1030 590 εὐμενὲς
1115 513 1458 591 λυπουμένων
1529 518 1878 593 παραμύθιον,

1967 510 2242 573 effectum
2278 509 2536 573 deducta
2565 510 2707 587 sint,
2738 510 3125 573 declarabunt
3173 528 3242 574 ea
3270 529 3405 591 quae
3432 511 3610 575 dein-

242 618 496 680 ποιμανεϊ
550 603 602 661 δὲ
659 602 841 668 καλῶς
901 604 1104 684 ψυχὰς,
1151 606 1239 661 καὶ
1300 604 1739 674 πεπλανημένους
1786 604 1885 681 μὲν

1995 618 2108 681 :eps
2140 608 2612 681 consequuntur.

244 696 368 773 πρὸς
427 695 591 770 νομὰς
647 700 747 761 τῆς
808 692 1070 759 εὗσεϐείας
1130 694 1535 768 ἆνακαλέσεται,
1596 694 1778 773 σωτήρ
1834 691 1890 748 δὲ
1951 693 2073 755 τοῖς
2136 691 2191 747 ἐν
2261 693 2516 755 κινδύνοις
2580 698 2742 750 πᾶσιν
2803 692 3172 774 ἀναφανεῖται·
3233 694 3367 774 ἅπερ
3439 696 3482 751 s’.
3538 698 3615 769 τῷ

445 782 661 863 ὕστερον
692 781 868 859 διέϐη,
902 784 967 841 τὰ
998 782 1121 851 ἔξῆς
1150 792 1240 842 τοῦ
1270 784 1432 864 λόγου
1459 784 1711 852 δηλώσει,

320 866 397 936 Γ’,
442 879 563 936 Πῶς
599 872 647 929 δ’
690 873 754 930 ἂν
797 876 870 939 εἷς
924 880 1126 954 γνῶσιν
1171 873 1309 931 ἔλθοι
1338 875 1516 939 καλῶς
1549 875 1723 942 ὁπόση
1756 874 1891 949 μετὰ

246 964 340 1031 τὴν
393 965 735 1044 χειροτονίαν
795 967 936 1038 αῦτῷ
992 966 1123 1043 πρὸς
1176 964 1276 1033 τήν
1316 971 1422 1022 τῶν
1477 965 1677 1043 ἀρετῶν
1724 965 1889 1042 ἐργα-

251 1056 356 1112 σίαν
412 1052 653 1117 ἒπίεοσις
709 1055 829 1134 ἧν;
889 1054 1196 1134 ἀγρυπνίαις
1226 1076 1282 1110 τε
1342 1056 1428 1111 καὶ
1472 1054 1738 1123 νηστείαις
1795 1051 1891 1110 καὶ

250 1146 576 1223 πρόσευχαῒς
621 1142 765 1207 οἵαις
832 1144 1017 1201 ἑαυτὸν
1088 1141 1383 1218 ἐδεδώκει;
1454 1143 1591 1201 ὥστε
1662 1143 1892 1223 καθαρὰν

248 1235 326 1290 καὶ
378 1230 654 1312 ἄχραντον
713 1233 1065 1291 διασώσασθαι
1123 1233 1221 1301 την
1253 1234 1562 1311 ἱερωσύνην,
1607 1231 1660 1299 ἒξ
1715 1231 1768 1299 ἒξ
1818 1235 1892 1288 ὧν

248 1323 337 1390 τὴν
409 1328 521 1379 τῶν
596 1323 898 1399 ἀσωμάτων
968 1322 1238 1402 διαγωγὴν
1309 1324 1362 1379 ἐν
1431 1324 1644 1400 σώματι
1717 1327 1895 1396 θνητῷ

249 1413 596 1489 κατορθώσειν
666 1411 1000 1491 ἐφιλονείκει,
1075 1414 1160 1470 καὶ
1237 1403 1379 1492 παρᾶ
1449 1423 1603 1473 τοῦτο
1672 1414 1760 1469 καὶ
1806 1413 1895 1492 ,τὰ

250 1500 454 1580 μεγάλα
514 1504 633 1581 περὶ
667 1504 827 1559 αὐτοῦ
886 1499 1092 1561 οἴεσθαι
1126 1517 1240 1568 τοῖς
1295 1491 1520 1566 πολλοῖς
1552 1500 1738 1564 ἐδίδου,
1801 1491 1893 1564 Ὠς

248 1591 295 1647 δὲ
348 1593 436 1649 καὶ
515 1593 590 1656 ὡς
653 1593 783 1671 πρὸς
856 1594 1080 1669 μνήμην
1136 1592 1301 1649 ἐλθὼν
1355 1590 1457 1659 ἤδη
1515 1595 1659 1656 θεῖος
1716 1593 1894 1665 αὑτοῦ,

249 1680 511 1746 Νικόλαος
569 1680 623 1737 δὲ
679 1681 778 1739 καΐ
837 1684 979 1757 αὗτῷ
1034 1684 1069 1751 ἡ
1127 1683 1338 1763 κλῆσις,
1384 1683 1457 1747 εἷς
1513 1685 1667 1741 τοῦτο
1708 1681 1899 1761 ἆρετῆς

250 1770 437 1839 ἥκοντα
490 1773 581 1827 τὸν
640 1770 758 1828 νέόν
788 1771 953 1852 ἑώρα,
983 1771 1083 1839 τήν
1139 1793 1194 1828 τε
1250 1780 1343 1835 τοῦ
1395 1771 1535 1829 θείου
1593 1778 1717 1829 ναοῦ
1762 1794 1959 1860 προ-θ

250 1862 488 1942 στασίαν,
549 1863 610 1917 ὃν
668 1862 920 1941 πρότερον
994 1859 1078 1919 ἐπ’
1123 1862 1342 1936 ὀνόματι
1398 1867 1496 1929 τῆς
1553 1862 1702 1940 ἁγίας
1761 1863 1897 1917 Σιὼν

249 1951 451 2015 ἐκεῖνος
489 1948 744 2026 ἒδείματὸ
817 1973 874 2007 τε
934 1952 1019 2008 καὶ
1079 1952 1150 2014 εἷς
1210 1953 1566 2030 μοναστήριοθ
1637 1953 1898 2021 συνεστή-

251 2064 387 2118 σατο,
457 2041 607 2114 αότῷ
663 2039 973 2120 ἐγχειρίζει,
1040 2040 1135 2098 καῖ
1185 2041 1463 2120 συνεργοὺς
1523 2045 1601 2115 τῷ
1649 2041 1749 2116 νέῳ
1809 2048 1900 2097 τοῦ

250 2129 673 2210 ἐγχειρήματος,
726 2131 880 2193 ὅσους
942 2131 1029 2187 καὶ
1083 2137 1181 2198 τῆς
1241 2135 1433 2209 ἀρετῆς
1479 2128 1592 2206 ᾔδει
1635 2144 1893 2204 ποιεῖται,

251 2221 373 2277 ὥστε
441 2222 531 2277 καὶ
610 2217 965 2301 συνδιαφέρειν
1054 2223 1196 2294 αὒτῷ
1280 2222 1375 2284 τὰς
1448 2220 1894 2289 ἐκκλησιαστικὰς

254 2309 542 2391 φροντίδας,
617 2311 701 2366 καὶ
760 2316 866 2366 τῶν
937 2313 1089 2390 ἱερῶν
1159 2309 1551 2385 ἶεπιμελέστατα
1621 2324 1893 2388 προνοεῖν.

256 2403 344 2458 Καὶ
390 2401 505 2476 μὴν
548 2397 634 2470 ’δή
682 2421 809 2456 ποτε
865 2402 954 2457 καὶ
996 2408 1089 2458 τοῦ
1143 2404 1449 2476 θαυμαστοῦ
1489 2402 1675 2458 τούτου
1734 2411 1898 2459 Νικο-

264 2487 380 2544 λάου
428 2492 500 2553 εἷς
562 2488 929 2558 Παλαιστίνην
984 2491 1309 2569 ἀπάραντος,
1360 2493 1424 2571 ἐφ
1468 2493 1512 2565 ᾧ
1556 2492 1677 2555 τοὺς
1723 2490 1899 2570 ἁγίους

274 2580 525 2658 ἱστορῆσαι
589 2581 807 2654 τοπους,
845 2581 1024 2657 ὥσπερ
1080 2583 1108 2637 ὁ
1167 2580 1327 2658 λόγος
1386 2581 1523 2656 μετὰ
1582 2588 1745 2638 ταῦτα
1805 2580 1907 2649 δησ-

275 2665 433 2750 λὼσει,
496 2672 648 2725 οὗτοι
705 2671 796 2725 τὸν
866 2669 1065 2726 ἐκείνου
1121 2671 1286 2727 τόπον
1356 2669 1643 2748 ἐπλήρουν,
1703 2672 1790 2727 καὶ
1844 2673 1911 2727 τὰ

267 2769 340 2817 τοῦ
407 2760 538 2815 ναοῦ
590 2760 681 2815 καὶ
751 2759 816 2815 τὰ
875 2765 971 2828 τῆς
1033 2761 1336 2835 οἰκονομίας
1397 2758 1562 2824 οὕτως
1630 2759 1906 2838 ἐνήργουν,

263 2847 429 2927 ὥσπερ
492 2847 556 2903 ἂν
614 2850 659 2904 εἱ
709 2847 972 2928 ἐτύγχανε
1028 2848 1232 2912 ἐκεῖνος
1282 2849 1488 2928 παρών,
1538 2846 1702 2906 Ἀλλὰ
1745 2857 1907 2906 ταῦτα

256 2939 347 3012 μὲν
373 2938 626 3017 ὕστερον,

334 3028 423 3087 Δ¹.
486 3026 646 3105 ’Ἄρτι
678 3026 733 3083 δὲ
784 3027 890 3083 τῶν
940 3027 1181 3108 πατέρων
1211 3033 1370 3088 αὐτοῦ
1420 3030 1512 3086 τὸν
1542 3030 1656 3106 βίον
1705 3028 1905 3108 ἀπογι-

264 3118 488 3191 πόντων,
537 3117 875 3195 κληρονόμος
938 3122 1035 3185 τῆς
1092 3119 1267 3183 οὖσιας
1326 3117 1477 3184 οὗτος
1536 3124 1634 3187 τῆς
1693 3118 1906 3175 ἐκείνων

253 3178 660 3288 καταλειφθεὶς,ι
710 3207 796 3264 καὶ
857 3206 954 3265 ὅσα
1026 3209 1166 3273 εἰκὸς
1237 3210 1347 3267 υἱὸν
1422 3208 1753 3288 φιλοπάτορα
1824 3178 1967 3266 ἔπὶο

251 3297 497 3374 πατέρων
557 3292 831 3369 ἀποδημίᾳ
890 3294 1213 3375 φιλοτέκνων
1260 3294 1520 3364 ἒπιδειξαι
1578 3296 1905 3372 διατελέσας,

252 3385 309 3439 οὔ
365 3386 508 3462 πρὸς
573 3385 662 3439 τὸν
707 3382 907 3462 κλῆρον
955 3382 1176 3441 ἀπεῖδεν
1235 3387 1407 3465 εὐθὺς,
1466 3386 1644 3466 ὥσπερ
1701 3386 1763 3442 ἄν
1829 3410 1910 3452 τις

251 3470 388 3539 ἄλλη
443 3474 582 3550 πρὸς
641 3471 1080 3553 φιλοχρηματίαν
1136 3477 1310 3553 ὁρῶσα
1369 3476 1544 3556 ψυχὴ,
1604 3474 1709 3533 οὔδ’
1765 3475 1910 3540 ὅπως

249 3560 309 3617 ἂν
368 3560 631 3629 αὐξηθείη
664 3564 692 3617 ὁ
750 3562 978 3627 πλοῦτος
1028 3564 1169 3621 αὖτῶ
1201 3563 1287 3621 καὶ
1339 3563 1592 3640 διαμείνοι
1625 3564 1756 3643 ῥέων
1808 3566 1909 3640 ἀεὶ,

251 3649 501 3729 τροντίόα
558 3657 683 3727 γοῦν
747 3674 865 3708 τινα
921 3654 1010 3709 καὶ
1066 3657 1297 3733 σμικρὴν
1353 3654 1521 3715 ἔθετο.
1581 3653 1759 3711 Πάλαι
1813 3656 1914 3734 γὰρ

247 3739 518 3815 maxumi;
594 3742 961 3820 ἀπαγορεύσας
1034 3741 1313 3819 ἐπιθυμίας
1386 3742 1635 3801 ἔσπευδεν
1713 3737 1940 3824 ἆδελιρα

248 3827 417 3895 δεῖξαι
480 3837 558 3904 τῷ
617 3832 750 3906 μετὰ
824 3839 985 3889 ταῦτα
1043 3833 1142 3909 βίῳ
1203 3834 1268 3889 τὰ
1328 3836 1420 3890 τοῦ
1488 3836 1600 3911 βίου
1659 3835 1912 3913 προοίμια

248 3921 539 4000 σύμφωνον
580 3942 633 3976 τε
688 3923 753 3997 τῇ
808 3920 957 4002 ἀρχῇ
1015 3925 1102 3979 καὶ
1154 3924 1213 3978 τὸ
1264 3922 1384 3991 ἑξῆς
1434 3923 1575 3980 ἅπαν
1625 3924 1910 3983 ἐπιθεῖναι.

250 4008 458 4068 ’Ἡκουε
492 4007 547 4065 δὲ
612 4011 822 4067 καὶτοῦ
869 4012 1005 4067 θείου
1060 4010 1219 4087 Δαῖδ,
1264 4035 1291 4067 ιι
1318 4012 1552 4077 Πλοῦτος
1605 4012 1695 4069 ἐὰν
1725 4014 1841 4090 ῥεῃ,
1881 4035 1909 4068 ι

248 4097 536 4178 λέγοντος,
597 4118 621 4153 α
657 4101 734 4174 μὴ
787 4101 1127 4175 προστίθεσθε
1181 4100 1387 4184 καρδία,
1427 4125 1450 4158 n
1516 4104 1602 4160 καὶ
1671 4111 1762 4160 τοῦ
1818 4125 1916 4160 σο-

251 4196 351 4267 φοῦ
423 4187 805 4264 Σολομῶντος,
876 4209 904 4250 (
942 4188 1327 4265 Ἐλεημοσύναι
1407 4193 1496 4249 καὶ
1564 4194 1767 4256 πίστεις
1840 4193 1918 4268 μὴ

247 4276 654 4353 ἒκὶιειπέτωσέν
716 4300 799 4359 σε,
830 4280 921 4335 καὶ
969 4278 1044 4353 μή
1076 4279 1298 4361 ἀπόσχῃ
1355 4284 1413 4337 εὖ
1444 4295 1623 4339 ποιεῖν
1675 4281 1847 4363 ἐνδεῆ,
1889 4306 1912 4340 ι)

255 4369 342 4423 καὶ
386 4367 475 4424 διά
504 4375 662 4426 τοῦτο
713 4369 802 4432 τὰς
860 4369 1043 4427 ἑαυτοῦ
1092 4383 1286 4450 χεῖρας
1338 4371 1397 4429 όῦ
1440 4373 1570 4445 πρὸς
1618 4372 1917 4454 χρημάτων

2054 868 2154 934 III.
2188 869 2341 944 Quid
2375 879 2604 951 oportet
2633 879 2830 935 autem
2862 869 3069 934 dicere
3089 881 3303 955 quanta
3330 882 3462 956 post
3485 875 3616 956 ejus

1973 961 2410 1024 ordinationem
2444 962 2512 1023 ad
2559 962 2836 1023 virtutum
2869 962 3355 1025 exercitationem
3400 965 3449 1026 ei
3511 984 3617 1027 ac-

1975 1052 2165 1113 cessio
2200 1051 2352 1113 facta
2394 1052 2527 1114 sit?
2575 1052 2930 1131 vigiliisque,
2957 1051 3207 1132 jejuniis
3252 1060 3315 1114 et
3343 1054 3620 1133 precibus

1976 1141 2273 1222 quomodo
2329 1159 2392 1202 se
2449 1140 2730 1203 dederit?
2787 1140 3013 1213 Quibus
3057 1160 3125 1203 ex
3179 1140 3359 1204 rebus
3400 1143 3618 1206 factum

1975 1238 2067 1292 est
2115 1238 2179 1291 ut
2207 1230 2385 1292 vitam
2441 1231 2930 1312 incorporeorum
2990 1232 3048 1293 in
3102 1233 3339 1294 mortali
3369 1251 3621 1314 corpore

1974 1338 2153 1399 agere
2183 1320 2596 1398 contenderet,
2631 1328 2688 1382 et
2728 1320 2865 1381 ideo
2898 1320 2973 1382 de
3003 1339 3071 1381 eo
3105 1321 3377 1398 quaedam
3411 1342 3623 1403 magna

1976 1409 2143 1470 daret
2192 1409 2590 1489 conjicienda.
2637 1408 2953 1490 Postquam
3004 1426 3148 1470 vero
3202 1411 3333 1490 ejus
3381 1421 3622 1492 patruus

1982 1500 2154 1579 cujus
2179 1498 2345 1580 prius
2378 1500 2782 1580 meminimus,
2817 1498 3240 1560 nominabatur
3267 1510 3463 1562 autem
3496 1503 3624 1583 ipse

1981 1607 2222 1669 quoque
2236 1588 2691 1669 Nicolaus,vidit
2711 1588 3247 1658 adolescentem,eo
3259 1591 3626 1672 processisse

1981 1678 2236 1753 virtutis,
2270 1689 2327 1741 et
2380 1687 2536 1740 tanta
2566 1679 2869 1758 dignatum
2916 1696 3048 1741 esse
3105 1683 3312 1761 gratia,
3345 1679 3402 1743 ei
3453 1699 3627 1743 man-

1983 1767 2085 1828 dat
2118 1767 2301 1829 divini
2331 1768 2535 1848 templi
2567 1787 2794 1845 curam,
2829 1768 2986 1850 quod
3040 1767 3140 1831 ille
3170 1772 3334 1851 prius
3374 1770 3629 1833 aediﬁca-

1982 1864 2144 1919 verat
2190 1857 2251 1919 in
2300 1861 2541 1920 nomine
2600 1866 2822 1920 sanctae
2870 1856 3037 1932 Sion,
3100 1866 3158 1920 et
3215 1868 3629 1924 construxerat

1985 1947 2435 2011 monasterium.
2472 1948 2543 2013 Et
2563 1948 2636 2010 ad
2650 1947 2865 2029 juveni
2894 1948 3019 2011 hzec
3053 1953 3109 2009 in
3140 1966 3206 2011 re
3228 1967 3402 2030 opem
3427 1949 3629 2011 feren-

1984 2036 2142 2113 dam,
2197 2037 2440 2100 adbibet
2489 2056 2878 2120 quoscunque
2926 2037 3151 2100 sciebat
3201 2056 3333 2101 esse
3393 2038 3629 2103 virtutis

1984 2127 2115 2206 ejus
2139 2127 2334 2189 socios
2368 2145 2384 2202 ;
2416 2135 2480 2190 ut
2510 2129 2689 2191 simul
2722 2147 2853 2190 cum
2887 2146 2957 2190 eo
2988 2128 3212 2190 ferrent
3240 2147 3415 2192 curas
3441 2130 3631 2192 eccle-

1979 2217 2333 2286 siasticas,et
2356 2216 3005 2296 diligentissimerebus
3022 2218 3205 2279 sacris
3220 2218 3624 2299 providerent.

1978 2306 2172 2386 Atque
2204 2326 2335 2368 cum
2363 2306 2677 2388 aliquando
2709 2307 2953 2383 quidem
2979 2307 3276 2387 profectus
3306 2319 3465 2371 esset
3494 2308 3631 2372 Hie-

1982 2396 2276 2476 rosolyma
2299 2396 2691 2459 admirandus
2714 2395 3015 2471 Nicolaus,
3042 2407 3105 2459 ut
3124 2397 3422 2460 viviﬁcum
3451 2398 3631 2461 Chri-

1991 2491 2064 2548 sti
2108 2486 2450 2566 sepulcrum
2497 2493 2557 2549 et
2604 2486 2863 2548 salutare
2923 2485 3144 2565 lignum
3205 2486 3403 2549 crucis
3450 2488 3511 2549 in
3570 2506 3641 2550 ea

1992 2577 2285 2652 adoraret,
2349 2575 2750 2656 impleverunt
2812 2574 2908 2637 isti
2967 2575 3163 2637 locum
3223 2574 3403 2655 illius,
3464 2585 3522 2639 et
3568 2594 3639 2641 ea

1996 2684 2126 2747 quae
2169 2668 2242 2727 ad
2279 2670 2563 2747 templum
2601 2666 2849 2747 ejusque
2892 2663 3396 2746 dispensationem
3459 2664 3638 2749 perti-

1996 2756 2219 2818 nebant
2262 2757 2341 2817 ita
2400 2754 2887 2817 administrarunt
2953 2773 3021 2818 ac
3076 2755 3123 2816 si
3178 2754 3282 2818 ille
3323 2755 3633 2822 adfuisset.

1991 2845 2109 2908 Sed
2141 2846 2268 2907 hac
2300 2846 2544 2923 quidem
2574 2852 2805 2925 postea.

2069 3022 2167 3089 IV.
2191 3022 2335 3086 Cum
2368 3033 2565 3086 autem
2601 3024 2732 3104 ejus
2766 3033 3041 3106 parentes
3065 3025 3185 3103 jam
3219 3044 3252 3089 e
3281 3025 3401 3090 vita
3444 3043 3642 3090 exces-

1991 3122 2213 3191 serant,
2242 3114 2584 3176 facultatum
2617 3114 2810 3176 haeres
2841 3114 3115 3196 relictus,
3146 3123 3205 3177 et
3255 3134 3325 3179 ea
3357 3124 3643 3197 perpetuo

1993 3202 2219 3266 faciens
2241 3220 2371 3284 quae
2396 3221 2501 3284 par
2523 3210 2612 3266 est
2639 3203 2822 3265 tilium
2856 3203 2957 3285 qui
2981 3203 3173 3283 diligit
3197 3213 3494 3286 parentes,
3521 3224 3641 3269 non

1994 3294 2190 3354 statim
2233 3293 2465 3373 aspexit
2494 3292 2568 3354 ad
2599 3292 2857 3369 divitias,
2896 3311 3087 3375 neque
3135 3293 3640 3376 quemadmodum

1995 3381 2459 3464 ampliﬁcaretur
2482 3381 2608 3444 etei
2628 3390 3009 3463 permanerot
3038 3384 3374 3460 haereditas,
3402 3384 3492 3446 vel
3516 3402 3646 3465 par-

1994 3491 2126 3533 vam
2161 3472 2338 3533 ullam
2360 3490 2564 3534 curam
2587 3471 2858 3552 gerebat.
2891 3472 3034 3535 Nam
3059 3475 3322 3553 cumjam
3348 3474 3487 3535 olim
3511 3493 3647 3535 om-

1996 3561 2171 3623 nibus
2187 3562 2921 3624 mundanisrenuntiasset
2943 3562 3198 3639 deliciis,
3228 3581 3334 3644 per
3355 3582 3482 3625 eam
3514 3580 3647 3642 qua)

1997 3664 2086 3712 est
2118 3652 2245 3712 haec
2291 3660 2609 3713 consecuta
2640 3653 2876 3713 vivendi
2909 3651 3200 3714 rationem
3247 3652 3648 3714 contendebat

1995 3742 2311 3803 ostendere
2340 3758 2494 3801 verre
2544 3742 2672 3801 vita}
2719 3743 3026 3822 prooemia,
3064 3749 3121 3802 et
3165 3740 3457 3823 principio
3497 3759 3643 3803 con-

1996 3830 2260 3891 sentiens
2310 3830 2566 3892 reddere
2590 3831 2648 3891 id
2680 3830 2836 3911 quod
2869 3830 3152 3912 deinceps
3184 3830 3523 3892 accesserit.
3569 3831 3647 3893 Et

1997 3920 2133 3981 ideo
2165 3920 2364 3980 omnia
2393 3938 2499 3981 sua
2535 3921 2655 3982 Deo
2682 3921 3073 4000 permittens:
3111 3922 3322 3983 Notam
3353 3916 3445 3983 fac
3477 3920 3643 3995 mihi,

2002 4010 2278 4083 Domine,
2309 4009 2562 4077 dicebat
2589 4012 2741 4072 viam
2772 4011 2833 4071 in
2866 4028 2981 4092 qua
3014 4010 3339 4087 ambulem,
3365 4010 3646 4091 quoniam

2000 4099 2073 4161 ad
2104 4110 2165 4162 te
2210 4099 2418 4161 sustuli
2438 4100 2693 4162 animam
2729 4118 2920 4161 meam
2951 4102 2984 4152 5
3013 4124 3027 4160 :
3061 4112 3121 4163 et
3154 4102 3299 4163 doce
3333 4118 3427 4162 me
3455 4099 3652 4165 facere

2002 4189 2363 4252 voluntatem
2391 4190 2860 4270 tuam,quoniam
2897 4199 2953 4251 tu
2975 4209 3038 4252 es
3054 4190 3451 4253 Deusmeusi.
3483 4191 3645 4263 Quo-

2005 4279 2160 4341 niam
2185 4281 2245 4340 in
2271 4287 2326 4341 te
2351 4279 2653 4361 projectus
2675 4299 2801 4341 sum
2834 4279 2909 4341 ab
2926 4290 3123 4356 utero,
3148 4298 3182 4341 a
3199 4289 3410 4342 ventre
3445 4279 3650 4341 matris

2003 4387 2151 4432 meae
2197 4368 2355 4431 Deus
2390 4387 2555 4431 meus
2586 4378 2675 4431 est
2707 4378 2764 4431 tu
2794 4371 2846 4433 5.
2900 4369 3115 4433 Audivi
3153 4378 3349 4431 autem
3383 4369 3649 4430 divinum

255 4472 495 4539 παρεῖχε
572 4463 913 4537 συναγωγῆς
989 4457 1113 4515 ἀλλ’
1174 4460 1331 4523 αὐτὸς
1386 4461 1596 4537 μᾶλλον
1662 4464 1780 4543 χεὶρ
1854 4464 1903 4532 ἧι

2004 4478 2242 4541 quoque
2273 4459 2453 4523 David
2498 4460 2586 4520 sic
2629 4459 2973 4523 dicentem:
3026 4459 3258 4522 Divitiae
3285 4459 3335 4519 si
3385 4457 3648 4533 afﬂuant,

260 4546 445 4612 ἄνετος
501 4551 657 4605 παντὶ
707 4547 961 4630 δεομένῳ,
995 4548 1147 4616 κοινὴ
1197 4549 1478 4608 πανδαισία
1533 4553 1618 4609 καὶ
1664 4539 2681 4631 accepto;Dnolitecorapponerefi.
2709 4550 3647 4634 AsapientequoqueSalomone:

260 4635 442 4712 πολλῷ
502 4637 639 4714 ῥέων
672 4638 762 4694 καὶ
819 4639 1012 4719 ἡσύχῳ
1065 4641 1141 4713 τῷ
1172 4638 1423 4717 ῥεύματι,
1484 4641 1661 4698 ἐκεῖνο
1690 4642 1772 4700 διὰ
1819 4646 1917 4708 τῆς

261 4726 496 4789 εὐποιίας
556 4728 618 4783 τὸ
691 4724 933 4805 δαψιλὲς,
997 4734 1151 4785 τοῦτο
1222 4726 1305 4786 Sta‘
1375 4732 1437 4787 τὸ
1506 4729 1760 4788 λανθάνον
1818 4732 1916 4798 τῆς

260 4814 626 4887 μεταδόσεως.
688 4816 860 4875 Ἀλλὰ
932 4818 1033 4898 γὰρ
1094 4816 1235 4884 ἄξιον
1300 4818 1404 4888 ἤδη
1464 4825 1560 4878 καὶ
1623 4820 1727 4877 τῶν
1783 4820 1919 4878 κατᾶ

258 4905 423 4985 μέρος
481 4907 896 4983 ἐπιμνησθῆναι,
930 4906 1013 4983 Ἰν,
1045 4908 1073 4963 ὁ
1127 4906 1353 4975 πλοῦτος
1412 4909 1570 4967 αὒτοῦ
1624 4910 1720 4979 τῆς
1766 4933 1915 4992 χρη-

261 4997 518 5064 στότητος
553 4997 924 5078 ἀκριϐέστερον
955 4999 1254 5076 γνωρισθῇ.

351 5165 432 5235 ιε’.
493 5176 659 5255 Ἀνήρ
710 5198 790 5239 τις
862 5174 1043 5241 ἄδοξος
1107 5174 1159 5241 ἒξ
1210 5173 1415 5241 ἐνδόξου
1473 5180 1560 5235 καὶ
1632 5179 1799 5248 πένης
1858 5180 1918 5237 ἐκ

264 5261 535 5321 πλουσίων
592 5267 901 5346 γενόμενος,
936 5266 1029 5322 οἶα
1081 5263 1147 5332 δὴ
1203 5267 1265 5321 τὸ
1311 5273 1404 5323 τοῦ
1454 5268 1568 5345 βίου
1628 5273 1916 5349 περιπετές

267 5355 358 5409 καὶ
412 5353 696 5431 ἄνώμαλον
754 5353 1053 5435 σχεδιάζειν
1128 5350 1298 5435 οἶδεν,
1354 5354 1537 5425 ἐπειδὴ
1596 5371 1713 5423 τοῖς
1774 5360 1916 5425 ὅλοις

268 5439 529 5526 διαπορῶν
591 5447 681 5526 ἧν,
742 5448 828 5504 καὶ
886 5445 1054 5503 αὐτῶν
1116 5441 1220 5512 ἤδη
1278 5449 1384 5503 τῶν
1438 5447 1738 5528 ἀναγκαίων
1791 5449 1916 5506 ἐπι-

2008 4662 2031 4696 (ι
2053 4636 2445 4701 Eleemosinie
2476 4649 2533 4702 et
2564 4640 2712 4702 fides
2734 4660 2807 4702 ne
2843 4651 2898 4704 te
2926 4642 3246 4719 deﬁciant;
3278 4665 3300 4699 ι
3340 4657 3458 4701 non
3485 4638 3651 4700 desi-

1999 4728 2192 4789 stebat
2221 4726 2580 4791 benefacere
2614 4749 2628 4790 :
2665 4729 2770 4791 sed
2804 4738 2934 4792 erat
2980 4749 3196 4793 manus
3226 4738 3438 4811 aperta
3480 4744 3656 4808 egen-

2001 4817 2179 4890 tibus,
2222 4826 2281 4880 et
2327 4818 2542 4881 ﬂuvius
2574 4819 2767 4881 ﬂuens
2818 4822 3004 4882 multo
3060 4830 3117 4882 et
3149 4819 3354 4901 quieto
3403 4818 3650 4894 ﬂuento,

1999 4908 2222 4970 Verum
2249 4907 2553 4971 enimvero
2578 4909 2702 4988 jam
2757 4928 2864 4990 par
2895 4918 2988 4972 est
3019 4909 3370 4972 meminisse
3399 4908 3657 4987 singulo-

2001 5015 2157 5079 rum,
2193 5005 2256 5059 ut
2286 4996 2505 5059 divitiae
2535 4999 2664 5077 ejus
2696 4997 2978 5062 bonitatis
3007 5007 3442 5081 cognoscantur
3479 5012 3654 5060 accu-

2001 5086 2207 5150 ratius.

2082 5179 2155 5239 V.
2204 5178 2313 5239 Vir
2340 5177 2580 5258 quidam
2633 5175 2734 5259 qui
2780 5196 2849 5240 ex
2912 5177 3074 5255 claro
3127 5177 3442 5252 obscurus,
3476 5185 3535 5240 et
3583 5194 3657 5240 ex

2004 5267 2181 5330 divite
2214 5266 2401 5328 fuerat
2431 5266 2625 5329 factus
2644 5287 2887 5349 pauper,
2911 5269 3191 5351 quoniam
3224 5268 3500 5332 redactus
3530 5275 3658 5331 erat

2002 5357 2076 5418 ad
2128 5374 2423 5417 summam
2471 5373 2671 5417 rerum
2705 5360 2973 5421 omnium
3022 5359 3310 5441 inopiam,
3346 5378 3479 5421 cum
3530 5357 3659 5438 ipsa

2003 5447 2181 5509 etiam
2224 5447 2278 5508 ei
2303 5445 2669 5510 defecissent
2693 5449 3056 5526 necessaria,
3084 5449 3234 5532 proh
3265 5449 3440 5511 dolor
3465 5449 3480 5510 ι
3510 5464 3656 5532 quo-

351 5637 384 5694 3
406 5636 562 5705 Psal.
599 5657 777 5727 cmi,
813 5642 877 5708 8.
963 5643 993 5698 Δ
1023 5641 1178 5711 Psal.
1211 5655 1333 5718 xxx,
1370 5639 1475 5706 t4.
1556 5641 1589 5695 5
1617 5640 1776 5709 Psal.
1807 5656 1929 5722 ιιι,
1960 5643 2062 5708 it.
2152 5640 2185 5694 ϐ
2215 5640 2405 5710 Eccli.
2436 5660 2536 5724 vn,
2571 5645 2666 5708 10.
