4006 6146
358 217 475 292 3⁵33

1661 225 1942 298 MENSIS
1997 186 2425 298 DECEMBER,

3616 225 3734 300 324

359 385 551 447 usque
607 363 986 448 progreditur
1016 367 1301 448 egestas?
1347 373 1631 429 statuerat
1661 367 1810 428 ﬁlias
1865 385 1988 429 sua:

2083 367 2348 427 λιπόντων
2403 371 2583 448 αὐτὸν,
2645 367 2789 449 φεῦί
2865 367 3031 450 μέχρι
3082 367 3180 426 καί
3241 369 3394 427 τίνων
3453 373 3490 442 ἦ
3563 366 3733 426 ἔνδεια

358 454 555 533 (erant
576 463 772 517 autem
801 468 923 520 tres
947 458 1136 519 forma
1159 455 1449 534 insignes)
1474 456 1754 519 mercede
1774 456 1845 518 ad
1871 455 2002 517 libi-

358 545 554 605 dinem
579 547 936 626 prostituere
967 545 1324 621 volentibus,
1353 553 1411 606 et
1437 564 1505 609 ex
1541 563 1742 606 earum
1777 553 2004 626 quzestu

357 652 423 695 se
447 642 504 696 et
525 633 679 696 ﬁlias
699 636 886 700 alere.
919 635 1030 698 Eas
1049 637 1208 698 enim
1238 634 1616 696 matrimonio
1639 635 2006 715 conjungere

355 742 473 784 non
532 732 780 804 poterat,
816 726 954 803 quia
1000 733 1242 805 propter
1297 725 1540 786 nimiam
1599 734 2005 805 paupertatem

356 831 565 873 omnes
611 832 709 875 eas
740 814 1227 893 dedignarentur.
1264 814 1319 875 Is
1377 832 1517 892 ergo
1549 814 1609 874 in
1643 815 1736 876 his
1765 823 1912 889 erat,
1949 822 2009 875 et

355 901 510 964 hanc
539 902 871 983 improbam
908 902 1110 964 animo
1141 901 1412 963 versabat
1471 903 1915 982 cogitationem,
1949 912 2008 965 et

349 989 470 1070 jam
491 991 563 1052 ad
590 992 929 1054 miserabile
954 1011 1104 1072 opus
1133 991 1740 1071 aggrediebatur.Sed
1777 1002 1860 1069 tu,
1887 992 2004 1055 Do-

353 1080 655 1161 mine,qui
679 1089 766 1142 est
798 1091 1008 1144 natura
1033 1082 1247 1156 bonus,
1271 1090 1328 1143 et
1352 1083 1542 1144 omnis
1567 1081 1707 1143 boni
1730 1090 1998 1156 causa,et

350 1166 609 1248 benigne
636 1168 964 1232 inflecteris
989 1175 1208 1232 nosms
1234 1171 1912 1246 necessitatibus,elﬁcis
1937 1181 1999 1233 ut

350 1257 462 1320 hoc
486 1260 677 1322 veniat
701 1259 772 1321 ad
797 1279 972 1323 aures
988 1259 1217 1323 Nicolai
1252 1281 1265 1321 :
1299 1271 1357 1321 et
1378 1259 1597 1322 bonum
1636 1261 1818 1322 mittis
1853 1280 1998 1323 nun‘

347 1348 495 1408 tium
551 1356 611 1410 et
641 1361 980 1431 promptum
1015 1349 1426 1429 opitulator-em
1458 1350 1529 1411 ad
1577 1368 1714 1411 eum
1745 1353 1844 1431 qui
1873 1351 1994 1430 jam

347 1435 626 1500 veniebat
674 1439 733 1500 in
764 1441 980 1501 animm
1031 1440 1386 1521 periculum,
1419 1439 1520 1520 qui
1561 1439 1736 1502 simul
1769 1449 1828 1501 et
1869 1442 1998 1520 ejus

349 1529 644 1590 solaretur
674 1536 1104 1609 paupertatem,
1139 1540 1199 1591 et
1230 1529 1513 1591 liberaret
1544 1549 1576 1591 a
1621 1548 1688 1608 re
1713 1549 1846 1611 quae
1875 1540 1999 1592 erat

347 1617 603 1699 gravior,
633 1627 996 1699 paupertate.
1034 1617 1184 1681 Vide
1233 1627 1429 1680 autem
1467 1618 1611 1680 mihi
1641 1621 1829 1681 sancti
1861 1639 1994 1682 cum

2088 461 2321 536 βιάζεται
2380 459 2730 542 προχωρεϊνί
2805 462 3028 538 γνώμην
3093 458 3221 540 ἔσχε
3281 460 3375 524 τὰς
3445 459 3735 537 θυγατέρας

2095 551 2263 629 (τρεῖς
2339 551 2393 606 δὲ
2447 551 2583 618 ἦσαν
2664 549 2807 622 αὐτῷ
2879 545 3146 627 πάγκαλοι
3219 550 3304 606 καὶ
3383 547 3736 628 διαφερόντως

2089 638 2276 716 ἀγαθαὶ
2333 639 2432 706 τὴν
2481 638 2626 715 ὄψιν)
2683 641 2871 714 μισθοῦ
2939 639 3070 716 πρὸς
3143 635 3431 695 ἀκολασίαν
3501 634 3736 693 ἐκδοῦναι

2088 742 2207 793 τοϊς
2267 728 2632 808 βουλομένοις,
2669 729 2755 787 καὶ
2813 729 2875 783 τὸ
2925 729 3160 783 ἓντεῦθεν
3215 731 3402 792 αὐταῖς
3447 726 3739 805 ποριζόμε-

2090 841 2178 875 νον
2239 819 2425 875 ἑαυτοῦ
2487 839 2545 874 τε
2598 818 2690 874 καί
2751 819 2857 873 τῶν
2915 815 3115 872 παίδων
3188 820 3456 874 ποιεῖσθαι
3514 818 3738 895 τροφὴν,

2088 906 2270 983 ὥσπερ
2327 905 2388 962 ἐκ
2444 904 2699 985 βορϐόρου
2757 906 2880 986 φασὶ
2930 901 3341 985 βορϐορολογεϊν
3391 903 3736 982 βοδλόμενος,

2087 998 2174 1052 καὶ
2245 997 2410 1074 πόρον
2483 997 2656 1070 ἐαυτῷ
2726 997 2980 1074 πορίζειν,
3053 996 3206 1059 ποίας
3265 994 3364 1072 ἄρα
3436 996 3620 1058 πενίας
3680 995 3742 1051 οὐ

2078 1085 2509 1167 χαλεπώτερον,
2573 1088 2643 1143 Τὸ
2691 1087 2788 1164 γὰρ
2845 1083 3089 1162 ἀνδράσιν
3135 1086 3293 1148 αὐτὰς
3350 1085 3558 1160 νομίμῳ
3616 1106 3736 1141 συν-

2081 1176 2306 1254 αρμόσαι
2357 1175 2511 1252 γάμῳ
2555 1173 2817 1242 ἠϐούλετο
2864 1174 2984 1250 μὲν,
3022 1175 3114 1232 οὐκ
3145 1173 3372 1243 ἠδύνατο
3430 1173 3482 1231 δὲ
3534 1172 3619 1230 διὰ
3673 1173 3734 1229 τὸ

2079 1264 2215 1322 πολύ
2273 1269 2367 1331 τῆς
2430 1265 2610 1329 πενίας
2666 1266 2769 1320 ὑπὸ
2835 1265 3049 1320 πάντων
3105 1265 3252 1329 εὐθὺς
3312 1262 3730 1340 ἆτιμαζομένας,

2079 1362 2172 1412 τοῦ
2205 1354 2468 1428 σωμάτων
2519 1353 2712 1426 ἔρωτος
2764 1353 2982 1411 ἐνταῦθα
3040 1356 3171 1434 πρὸς
3207 1356 3504 1433 χρημάτων
3563 1353 3735 1431 ἔρωτα

2080 1449 2188 1500 τῶν
2244 1440 2544 1521 δευτερείων
2603 1441 2932 1519 ἀξιουμένου.
2997 1434 3054 1502 Ὀ
3113 1444 3208 1518 μὲν
3267 1443 3355 1501 οὖν
3410 1443 3465 1499 ἓν
3527 1444 3733 1506 τούτοις

2081 1537 2171 1613 ἦν,
2222 1535 2309 1590 καὶ
2365 1555 2464 1599 την
2523 1534 2759 1611 πονηρὰν
2804 1534 3000 1600 ταύτην
3051 1531 3248 1589 ὠδίνων
3308 1532 3532 1589 ἔννοιαν
3593 1530 3736 1588 ἀλλὰ

2081 1624 2167 1678 καὶ
2216 1624 2345 1700 πρὸς
2405 1621 2558 1700 ἔργον
2615 1620 2717 1689 ἤδη
2793 1622 3013 1701 ἐχώρει.
3090 1619 3247 1681 Οὐδὲν
3321 1624 3421 1701 γὰρ
3491 1621 3734 1698 ἀνάγκης

349 1707 666 1787 prudentia
715 1707 1325 1788 commiserationem,
1356 1707 1485 1769 Non
1517 1708 1676 1770 enim
1723 1709 1988 1770 sustinuit

2082 1714 2236 1792 φτσὶν
2312 1712 2673 1790 ἰσχυρότερον.
2750 1713 2810 1770 Τί
2867 1710 2922 1767 δὲ
3001 1711 3083 1786 σὺ,
3147 1714 3174 1768 ὁ
3257 1711 3648 1792 φιλάνθρωπος,
3703 1709 3734 1765 ὃ

349 1796 422 1857 ad
456 1815 590 1857 eum
619 1797 935 1870 accedere,
961 1804 1019 1858 et
1038 1797 1112 1859 de
1137 1817 1206 1858 eo
1243 1798 1444 1878 paucis
1476 1797 1988 1878 disserere,neque

2083 1802 2278 1879 ἀγαθὸς
2339 1800 2391 1858 ἐν
2441 1806 2570 1858 πᾶσι
2623 1802 2774 1872 Θεὸς,
2830 1803 2857 1857 ὁ
2913 1814 3036 1864 ταῖς
3088 1803 3243 1876 ἡμῶν
3291 1800 3547 1879 ἀνάγκαις
3601 1797 3734 1880 φιλ-

350 1883 406 1946 ei
450 1884 766 1946 ostendere
796 1903 1039 1947 manum
1093 1904 1229 1963 quae
1280 1885 1365 1946 illi
1414 1885 1836 1966 benefecisset,
1871 1907 2002 1968 quae

351 1974 544 2036 solent
565 1975 760 2036 facere
789 1977 894 2054 qui
925 1983 1066 2038 sunt
1088 1976 1161 2036 ad
1199 1973 1672 2038 misericordiam
1695 1975 1909 2058 pusillo
1943 1984 2001 2039 et

348 2064 582 2144 abjecto
618 2064 818 2126 animo
849 2084 866 2141 ;
923 2064 1152 2127 sciebat
1181 2065 1342 2126 enim
1376 2065 1503 2126 haec
1537 2082 1668 2126 esse
1698 2064 1896 2144 gravia
1920 2066 1996 2128 iis

347 2155 448 2235 qui
479 2154 552 2214 ab
576 2153 786 2234 opibus
816 2162 875 2216 et
902 2154 1089 2233 gloria
1133 2153 1484 2216 deciderunt
1513 2157 1584 2215 ad
1617 2153 1903 2234 inopiam,
1935 2163 1996 2216 ut

347 2262 482 2322 quas
511 2261 617 2306 eos
663 2243 888 2322 pudore
937 2243 1218 2324 afﬁciant,
1253 2251 1313 2306 et
1361 2244 1618 2324 priorem
1651 2243 1993 2306 felicitatem

345 2341 626 2397 revocent
654 2334 714 2394 in
747 2334 1098 2396 memoriam
1126 2355 1140 2397 :
1173 2333 1276 2396 sed
1325 2333 1575 2414 perinde
1606 2351 1676 2395 ac
1705 2333 1996 2413 evangeli-

345 2441 480 2485 cum
506 2429 862 2504 prmceptum
893 2422 1272 2487 contendens
1300 2439 1731 2504 superare,quo
1745 2423 1992 2502 jubetur

343 2531 423 2576 ne
447 2513 506 2576 id
538 2512 696 2594 quod
729 2512 792 2573 ﬁt
821 2513 1080 2575 dexterae
1113 2512 1252 2574 fidei
1285 2511 1602 2574 credatur?
1637 2535 1652 2571 :
1690 2531 1766 2573 ne
1795 2519 1989 2591 ipsum

345 2604 589 2687 quidem
623 2603 724 2685 qui
766 2603 1138 2668 afﬁciebatur
1167 2603 1462 2665 beneﬁcio
1493 2601 1678 2665 voluit
1705 2603 1992 2664 adhibere

343 2703 554 2758 testem
579 2695 708 2773 ejus
734 2694 888 2773 quod
915 2693 1132 2757 ﬁebat:
1168 2700 1391 2754 tantum
1418 2691 1628 2753 aberat
1650 2700 1713 2754 ut
1741 2691 1989 2772 gloriam

342 2793 637 2865 quareret
653 2782 726 2844 ab
743 2780 1108 2844 hominibus.
1143 2780 1289 2843 Nam
1313 2781 1442 2862 ipse
1473 2782 1649 2843 etiam
1679 2779 1821 2843 boni
1852 2781 1992 2862 quid

339 2873 587 2949 faciens,
623 2873 809 2952 magis
838 2871 1114 2934 studebat
1160 2872 1370 2948 latere,
1405 2890 1585 2952 quam
1618 2871 1658 2933 ii
1705 2871 1807 2953 qui
1840 2872 1994 2934 mala

338 2963 588 3027 faciunt.
624 2961 798 3025 Certe
847 2980 983 3023 cum
1029 2961 1159 3024 auri
1191 2961 1550 3043 permultum
1596 2961 1773 3023 simul
1823 2961 1994 3023 colli-

338 3061 553 3135 gasset,
585 3053 944 3133 intempesta
975 3060 1150 3115 nocte
1194 3052 1352 3113 venit
1380 3051 1453 3113 ad
1487 3052 1617 3132 ejus
1647 3049 1762 3113 viri
1805 3051 1986 3131 aedes,

2081 1891 2369 1969 ανθρώπως
2466 1889 2960 1969 ἐπικαμπτόμενος,
3039 1891 3152 1945 τίνα
3237 1890 3503 1970 μηχανὴν
3589 1889 3735 1967 εὐρί-

2081 2001 2250 2053 σκεις,
2311 1981 2400 2036 καὶ
2453 1979 2567 2035 τίνα
2626 1977 2690 2046 δὴ
2749 1981 3038 2058 θεραπείαν
3101 1989 3195 2039 τοῦ
3267 1979 3486 2058 ἀμάχου
3541 1979 3734 2036 τούτου

2078 2075 2246 2127 κακοῦ
2274 2087 2297 2141 ,°
2355 2071 2441 2132 Εἰς
2491 2069 2603 2124 ὦτα
2651 2082 2840 2125 πεσεῖν
2896 2072 2958 2126 τὸ
3013 2069 3290 2147 γινόμενον
3319 2073 3398 2142 τῷ
3451 2065 3737 2145 θεράποντι

2079 2181 2171 2216 σου
2228 2159 2662 2238 παρασκευάζεις,
2711 2160 2803 2215 καί
2865 2156 3092 2238 ἄγγελον
3165 2149 3324 2218 αὐτὸν
3383 2158 3578 2238 ἀγαθὸν
3626 2157 3730 2213 ἆνε-

2077 2247 2153 2325 δρὶ
2211 2251 2298 2306 καὶ
2347 2250 2484 2306 κατὰ
2530 2253 2686 2325 σῶμα
2730 2249 3028 2325 πιεζομένῳ
3076 2250 3164 2306 καὶ
3209 2249 3324 2327 περὶ
3377 2247 3564 2327 ψυχὴν
3605 2269 3734 2303 κιν-

2077 2335 2333 2395 δυνεύοντι
2392 2341 2709 2414 θαυμαστῶς
2768 2337 3122 2414 ἒπιπέμπεις,
3175 2339 3308 2413 ὁμοῦ
3367 2358 3424 2393 τε
3470 2337 3570 2405 τὴν
3618 2359 3729 2393 πε-

2077 2430 2188 2485 νίαν
2238 2428 2733 2506 παραμυθούμενον,
2764 2430 2852 2485 καὶ
2909 2433 3008 2495 τῆς
3042 2429 3189 2507 ,πρὸς
3248 2425 3519 2484 ἀπώλειαν
3567 2427 3732 2483 αὐτὸν

2074 2517 2333 2596 φερούσης
2389 2516 2687 2594 ἀπάγοντα,
2762 2516 2910 2585 Πλὴν
2969 2517 3067 2593 ὅρα
3126 2540 3217 2594 μοι
3289 2518 3376 2573 καὶ
3417 2521 3572 2574 τοῦτο
3623 2520 3730 2586 τῆς

2074 2605 2315 2683 μεγάλης
2367 2612 2460 2663 τοῦ
2507 2605 2659 2685 ἆγιου
2719 2610 2930 2687 ψυχῆς,
2989 2611 3104 2670 πῶς
3163 2607 3416 2664 συνάπτει
3469 2607 3730 2685 φρονήσει

2072 2697 2134 2751 τὸ
2210 2694 2495 2771 συμποθές,
2557 2695 2628 2753 Οὐ
2703 2697 2803 2774 γὰρ
2862 2696 3120 2772 ὺπάμεινε
3197 2703 3274 2772 τῷ
3328 2693 3472 2774 ἀνδρὶ
3550 2717 3731 2775 προσ-

2075 2783 2271 2859 ελθεῖν,
2307 2783 2422 2842 οὐδέ
2466 2787 2584 2861 περὶ
2625 2786 2810 2843 τούτου
2863 2787 2950 2843 καὶ
2999 2785 3174 2867 βραχύ
3231 2809 3281 2843 τι
3340 2785 3717 2867 διαλεχθηναι,

2074 2873 2188 2934 οὐδὲ
2261 2875 2362 2942 τὴν
2449 2874 2748 2955 εὐεργέτιδκ
2805 2879 2948 2950 αὐτῳ
3018 2878 3106 2932 καὶ
3183 2876 3345 2952 μόνον
3405 2873 3717 2955 παραδεῖξαι

2073 2967 2264 3046 χεῖρα,
2314 2966 2347 3020 ἃ
2407 2965 2624 3032 σύνηθες
2683 2966 2872 3041 μικροῦ
2931 2971 3059 3022 πᾶσι
3115 2977 3291 3024 ποιεῖν
3346 2966 3468 3029 τοῖς
3525 2987 3720 3042 μικρο-

2073 3054 2276 3136 ψύχοις
2312 3057 2422 3124 ,τὸν
2468 3053 2636 3118 ἔλεον,
2687 3053 2842 3125 "East
2871 3056 2970 3134 γὰρ
3014 3053 3095 3112 ὅτι
3145 3056 3369 3135 φορτικὰ
3395 3062 3560 3113 ταῦτα
3602 3068 3723 3120 τοῖς

341 3152 400 3207 et
439 3162 572 3205 cum
603 3141 663 3205 id
696 3161 801 3223 per
830 3142 1147 3222 quamdam
1181 3141 1487 3222 injecisset
1514 3141 1863 3222 fenestram,
1888 3142 1988 3203 do-

2075 3144 2132 3202 ἐκ
2187 3144 2414 3206 πλούτου
2471 3145 2558 3201 καὶ
2614 3141 2767 3212 δόξης
2799 3145 2868 3209 εἷς
2929 3146 2990 3201 τὸ
3043 3145 3264 3222 ἀπορεῖν
3321 3162 3725 3223 κατενηνεγμεο

339 3251 502 3299 mum
554 3231 753 3296 statim
802 3231 1140 3309 revertitur,
1176 3231 1360 3297 veluti
1402 3230 1762 3294 erubescens
1805 3229 1988 3294 videri

2075 3258 2205 3310 νοις,
2265 3234 2625 3313 ἐντρέμποντσί
2665 3255 2722 3290 τε
2771 3235 2862 3299 τὰς
2936 3233 3148 3292 ἐκείνων
3222 3235 3427 3315 ψυχὰς,
3484 3235 3572 3291 καὶ
3642 3235 3720 3301 εἷς

338 3327 503 3389 dare.
2071 3327 2290 3402 μνήμην
2377 3323 2519 3389 αὖθις
2605 3320 2937 3400 ἐμϐάλλοντα
3006 3324 3104 3393 τῆς
3191 3324 3451 3405 προτέρας
3521 3321 3722 3400 εδημέ.

339 3418 476 3499 ρίας.
557 3411 702 3472 Ἀλλ’
757 3413 935 3492 ὥσπερ
988 3410 1367 3492 ὑπερϐαλέσθαι
1454 3411 1766 3492 φιλονεικῶν
1837 3416 1923 3473 καὶ
2002 3415 2100 3484 τὴν
2185 3413 2535 3492 εὐαγγελικὴν
2613 3412 2820 3479 ἐκεῖνος
2887 3412 3274 3494 παραγγελίαν,
3332 3414 3395 3470 τὸ
3467 3413 3546 3489 μὴ
3615 3435 3724 3470 πι-

338 3509 614 3575 στευθῆναι
669 3505 768 3573 τὴν
846 3505 1120 3584 ἀριστερὰν
1175 3505 1236 3559 τὸ
1297 3503 1607 3582 μυστήριον,
1667 3504 1783 3563 οὐδὲ
1856 3507 2013 3562 αὐτὸν
2068 3503 2342 3575 ἠϐουλήθη
2413 3505 2504 3560 τὸν
2563 3503 2620 3559 εὖ
2669 3503 2952 3584 πάσχοντα
3031 3505 3267 3584 μάρτυρα
3322 3504 3416 3560 τοῦ
3477 3524 3721 3584 πραττο-

337 3599 500 3676 μένου
560 3594 911 3676 παραὶαϐεϊψ
973 3594 1110 3650 οὕτω
1167 3595 1374 3674 μακρὰν
1437 3594 1639 3676 ἀπεῖχε
1694 3604 1785 3654 τοῦ
1840 3595 2016 3664 ἥττων
2074 3595 2218 3653 εἶναι
2277 3592 2596 3676 φιλοδοξίας·
2653 3593 2768 3652 ἐπεὶ
2824 3596 2916 3653 καὶ
2960 3593 3164 3672 μᾶλλον
3216 3595 3373 3657 αὐτὸς
3421 3593 3616 3673 ἀγαθόν
3665 3613 3721 3664 τι

337 3695 507 3749 ποιῶν
582 3686 620 3754 ἢ
673 3684 840 3765 ἕτεροι
903 3685 1100 3762 πονηρᾶ
1175 3683 1397 3763 δρῶντες
1456 3686 1516 3741 το
1573 3685 1755 3743 λαθεῖν
1830 3685 2102 3750 ἔσπευδεν,
2161 3683 2380 3762 Ἀμέλει
2438 3686 2531 3742 καὶ
2591 3683 2748 3764 ἀδρὸν
2805 3683 3107 3761 ἀπόδεσμον
3182 3683 3412 3765 εἰληφὼς
3470 3683 3718 3764 χρυσίου,

333 3779 465 3859 ἇωρὶ
514 3781 619 3834 τῶν
678 3776 877 3833 νυκτῶν
940 3774 1119 3853 ἔξεισι,
1179 3777 1267 3830 καὶ
1321 3776 1451 3853 πρὸς
1495 3776 1593 3840 τὴν
1654 3778 1816 3834 οἰκίαν
1881 3783 1975 3835 τοῦ
2043 3773 2228 3856 ἀνδρὸς
2288 3775 2535 3856 ἐπιστὰς,
2591 3775 2654 3831 τὸ
2711 3774 2810 3852 μὲν
2865 3775 3083 3858 χρυσίον
3136 3773 3197 3831 ἕκ
3236 3796 3378 3859 τιν-ος
3421 3779 3527 3831 τῶν
3569 3775 3725 3852 θυρί..

333 3856 439 3928 δων
511 3866 646 3924 εἴσω
699 3867 965 3942 καθίησιν,
1025 3865 1180 3927 αὐτὸς
1253 3861 1307 3919 δὲ
1358 3868 1395 3941 ᾗ
1476 3863 1646 3922 ποδῶν
1706 3865 1866 3948 εἶχεν
1940 3868 2086 3931 εὐθὺς
2175 3864 2473 3940 ἐπάνεισιν,
2535 3864 2712 3944 ὥσπερ
2783 3856 3168 3946 αἰσχυνόμενος
3247 3856 3472 3944 όγθῆναι
3544 3883 3727 3940 μετα-

332 3957 522 4110 διδῖίῖ
542 4047 709 4106 Mane
730 4061 870 4120 ergo
895 4061 1029 4106 cum
1056 4042 1142 4105 vir
1161 4044 1264 4106 ille
1294 4045 1654 4109 surrexisset
1682 4054 1742 4108 et
1775 4064 1982 4108 aurum

2146 4044 2249 4119 ς’.
2308 4029 2506 4102 τἸζωθεν
2566 4042 2655 4102 οὖν
2712 4046 2739 4101 ὁ
2795 4043 2928 4124 ἀνὴρ
2975 4045 3224 4126 ἀναστὰς,
3277 4046 3362 4104 καὶ
3391 4045 3453 4103 τὸ
3499 4040 3728 4125 χρυσίον

329 4135 748 4216 invenisset,et
768 4133 988 4230 deinde
1010 4133 1305 4196 vinculum
1329 4134 1630 4230 solvisset,
1655 4136 1765 4198 fuit
1787 4137 1982 4200 obstu-

2075 4136 2212 4200 εὐθὺς
2269 4134 2522 4215 ἐφευρὼν,
2568 4134 2752 4192 ἔπειτα
2801 4137 2892 4192 τὸν
2944 4134 3137 4212 δεσμὸν
3185 4135 3373 4210 λύσας,
3409 4135 3722 4230 ἔκπληκτος

333 4227 627 4310 pefactus,
654 4233 712 4286 et
737 4241 801 4285 se
829 4223 1039 4286 falsum
1062 4243 1194 4287 esse
1225 4223 1489 4305 putabat,
1514 4225 1734 4288 timens
1763 4245 1837 4289 ne
1859 4245 1980 4288 non

2075 4228 2158 4306 ἦν,
2217 4227 2304 4282 καὶ
2357 4226 2543 4285 ἑαυτὸν
2613 4224 2817 4300 μᾶλλον
2887 4223 3250 4295 ἐξηπατῆσθαι
3313 4226 3470 4302 ᾤετο,
3531 4217 3724 4289 δεδιὼς

332 4325 493 4381 esset
521 4333 734 4378 aurum
767 4314 825 4376 id
854 4313 1012 4394 quod
1043 4315 1425 4376 cernebatur.
1455 4311 1770 4378 Undenam
1816 4317 1976 4379 enim

331 4410 447 4469 tale
465 4405 605 4488 quid
627 4405 834 4466 fuisset
855 4404 1211 4484 suspicatus,
1237 4402 1499 4465 noluisse
1531 4405 1972 4469 benefactorem

331 4513 470 4559 eum
515 4494 736 4557 habere
767 4494 1070 4556 conscium
1102 4491 1379 4555 beneﬁcii
1411 4493 1506 4555 cui
1553 4493 1974 4560 benefecerat‘?

330 4584 620 4658 Quocirca
646 4587 895 4645 summis
943 4583 1004 4645 id
1037 4591 1300 4644 atterens
1350 4582 1548 4662 digitis
1578 4594 1636 4646 et
1677 4586 1973 4650 curiosius

328 4676 592 4749 intuens,
628 4671 730 4735 ubi
779 4672 1048 4752 cognovit
1077 4671 1138 4734 id
1184 4689 1323 4734 vere
1359 4690 1493 4734 esse
1536 4691 1769 4750 aurum,
1803 4675 1970 4738 laeta-

328 4763 528 4846 batur,
565 4761 916 4836 mirabatur,
950 4761 1169 4824 dubius
1216 4769 1341 4824 erat
1371 4761 1575 4840 animi,
1609 4783 1730 4846 prae
1758 4767 1968 4845 gaudio

327 4854 550 4919 calidas
572 4852 910 4915 effundebat
926 4853 1560 4934 lacrymas.Postquam
1576 4861 1770 4916 autem
1788 4854 1970 4916 multa

325 4945 481 5028 apud
533 4962 598 5006 se
627 4960 871 5006 versans
926 4943 1226 5004 neminem
1260 4941 1520 5004 habebat
1568 4961 1770 5006 eorum
1817 4963 1964 5024 quos

327 5033 725 5115 cognoscebat
745 5033 840 5096 cui
875 5033 1203 5096 ascriberet
1233 5032 1292 5094 id
1319 5031 1478 5113 quod
1509 5032 1727 5095 factum
1754 5033 1969 5115 fuerat,

325 5126 441 5188 hoc
457 5129 578 5186 Deo
590 5133 898 5205 acceptum
918 5122 1168 5200 ferebat,
1193 5130 1252 5184 et
1269 5123 1541 5202 lacrymis
1563 5142 1681 5185 non
1705 5123 1974 5186 cessabat

330 5215 385 5278 ei
427 5215 642 5293 gratias
672 5231 868 5291 agere,
893 5212 983 5273 sui
1007 5230 1242 5293 quoque
1273 5212 1332 5272 in
1362 5214 1553 5274 Deum
1578 5213 1806 5293 peccati
1838 5213 1969 5275 cul-

327 5321 460 5384 pam
482 5302 876 5364 contendebat
897 5302 1129 5363 solvere
1157 5310 1294 5363 ante
1312 5301 1515 5378 alia;et
1543 5321 1720 5365 unam
1746 5321 1814 5365 ex
1846 5302 1970 5366 suis

326 5393 561 5458 ﬁliabus
589 5410 807 5475 nempe
846 5393 1123 5474 primam,
1161 5397 1280 5454 viro
1309 5391 1616 5475 conjungit
1664 5394 1970 5458 matrimo-

403 5583 434 5641 7
462 5579 665 5652 Matth.
688 5599 764 5667 τι,
795 5581 854 5648 3.

2061 4316 2139 4392 μῆ
2185 4315 2308 4395 οὐχὶ
2357 4317 2556 4395 χρυσὸς
2615 4313 2735 4391 ᾗτὸ
2779 4314 3075 4396 δρώμενον,
3107 4312 3230 4373 ἀλλ’
3281 4316 3487 4384 ἀπάτη.
3545 4315 3722 4376 Πόθεν

2058 4406 2158 4486 γὰρ
2207 4405 2270 4462 ἂν
2313 4408 2400 4462 καί
2449 4401 2728 4484 ὅπειλήφει
2786 4401 3046 4483 τοιοῧτον,
3083 4406 3144 4462 τὸ
3202 4405 3279 4481 μὴ
3333 4404 3559 4473 θελῆσαι
3616 4407 3718 4474 τὸν

2057 4495 2453 4575 εὐηργετηκότα
2516 4493 2651 4570 μηδὲ
2709 4496 2984 4574 συνίστορα
3049 4495 3134 4553 τὸν
3194 4494 3252 4552 εὖ
3308 4495 3541 4555 παθόντα
3607 4503 3717 4566 τῆς

2056 4587 2353 4666 εὐεργεσίας
2436 4581 2822 4663 παραλαϐεἷνς
2906 4584 3068 4643 ’Ὅθεν
3162 4581 3344 4666 ἄκροις
3428 4583 3716 4665 ἐπιτρίϐων

2056 4677 2182 4734 αὐτὸ
2265 4672 2538 4737 δακτύλοὶς
2572 4718 2588 4749 ,
2675 4673 2764 4730 καὶ
2848 4673 3248 4754 περιεργότερον
3332 4674 3713 4756 ἐπαφώμενος,

2052 4763 2166 4821 ἐπεὶ
2219 4763 2356 4842 ἔγνω
2409 4763 2607 4844 χρυσὸν
2664 4762 2875 4831 ἀληθῶς
2939 4763 3106 4835 εἶναι,
3151 4763 3330 4836 ἥδετο,
3392 4765 3707 4843 ἐθαύμαζεν,

2051 4854 2334 4934 ἠπορεῖτο,
2380 4856 2572 4932 θερμὸν
2629 4852 2717 4934 ὑφ’
2765 4852 2961 4936 ἣδονξδς
3009 4853 3269 4926 ἇπέσταζε
3317 4853 3561 4936 δάκρυον,
3607 4853 3714 4914 οὐκ

2056 4944 2217 5024 εἶχεν
2268 4943 2296 5000 ὅ
2331 4966 2382 5000 τι
2411 4943 2506 5000 καί
2556 4933 2784 5022 γένοιτο.
2835 4933 2927 5008 Ὠς
2959 4942 3014 4999 δὲ
3073 4943 3250 5002 πολλὰ
3297 4933 3709 5026 στρέφων-καθ’

2056 5033 2265 5115 ἕαυτὸν,
2321 5031 2502 5092 οὐδένα
2540 5034 2670 5114 εἶχε
2711 5040 2818 5090 τῶν
2871 5034 3281 5113 γινωσκομένων
3323 5039 3368 5113 ᾧ
3413 5035 3705 5116 ἐπιγράφει

2053 5125 2115 5180 τὸ
2185 5125 2426 5202 γεγονὸς,
2478 5122 2564 5180 ἐπὶ
2627 5124 2756 5180 Θεὸν
2813 5123 3029 5203 ἀνέφερε
3083 5130 3263 5205 τοῦτο,
3307 5125 3394 5184 καὶ
3449 5123 3713 5206 δάκρυσιν

2054 5214 2384 5294 εὐχαριστῶν
2454 5216 2550 5272 οὐκ
2626 5211 2782 5275 ἆνίει.
2859 5216 2955 5270 Διὸ
3022 5215 3116 5270 καὶ
3195 5222 3287 5273 τοῦ
3371 5215 3498 5293 πρὸς
3571 5217 3715 5275 Θεὸν

2052 5305 2433 5382 ἁμαρτήματος
2492 5325 2588 5373 την
2657 5303 2827 5360 αἰτίαν
2887 5304 3135 5383 ἠπείγετο
3188 5305 3289 5384 πρὸ
3344 5309 3450 5362 τῶν
3521 5303 3712 5364 ἄλλων

2050 5391 2214 5473 λύειν,
2275 5393 2365 5452 καὶ
2435 5392 2559 5472 μίαν
2617 5397 2723 5451 τῶν
2791 5393 3111 5478 θυγατέρων,
3158 5394 3195 5464 ἠ
3252 5393 3442 5478 πρώτη
3509 5391 3564 5454 δὲ
3644 5394 3713 5470 ἦν
