4006 6146
261 245 361 317 325

1567 237 1651 310 VI
1654 239 1755 308 TA
1799 243 1858 306 S.
1905 237 2239 308 NICOLAI.

3466 231 3585 310 3‘26

259 391 392 462 αὕτη,
447 387 564 464 πρὸς
627 383 804 464 γάμον
865 380 1006 461 ἀνδρὶ
1061 381 1336 457 συνάπτει,
1397 404 1489 442 του
1551 381 1862 458 αὐτομάτως

1961 377 2071 459 aio,
2113 394 2217 458 pro
2241 374 2380 438 dote
2409 374 2465 437 ei
2516 373 2710 437 soluto
2760 391 2904 438 auro
2935 374 3094 456 quod
3123 373 3360 440 abunde
3393 379 3585 443 iuerat

259 479 412 558 ὥσπερ
456 475 656 556 ῥυέντος
716 481 919 554 χρυσοῦ
986 471 1020 541 ἦ
1078 471 1440 552 θεοπέμπτου,
1509 470 1713 546 μᾶλλον
1784 473 1864 528 εἶ-

257 581 384 642 πετν,
411 569 592 630 ἱκανῶς
621 566 694 627 εἷς
756 577 958 642 προῖκα
1013 561 1459 630 καταϐληθέντος.
1521 561 1692 641 Ὅπερ
1722 560 1865 618 ’ἱεπεί

255 659 367 736 πρὸς
392 656 574 734 γνιῖηιν
598 653 731 721 ἦλθε
760 654 839 728 τῷ
886 652 1182 728 θαυμασίῷ,
1244 653 1332 708 καὶ
1382 650 1519 730 ἔγνω
1575 653 1712 709 κατὰ
1768 653 1865 718 τὴν

256 744 450 822 γνώμην
510 744 650 817 αὒτῷ
705 740 972 819 πράξαντα
1027 743 1119 799 τὸν
1178 739 1360 821 ἄνδρα,
1421 749 1573 798 τοῦτο
1626 742 1726 819 γὰρ
1772 747 1866 802 καί

256 834 388 895 αὐτὸς
416 830 648 906 ἔσπευδε,
700 832 761 888 τὸ
819 830 970 888 λῦσαι
1031 829 1114 886 διὰ
1172 837 1264 887 τοῦ
1315 831 1489 908 γάμου
1518 830 1614 897 τὴν
1643 836 1734 886 τοῦ
1762 851 1862 886 κα·-

255 921 630 1002 κοῦπρόφασιν,
681 923 935 1000 εὒτρὲπής
968 919 1034 987 ἧν
1087 921 1152 976 τὰ
1209 917 1372 995 ὅμοια
1429 920 1524 977 ita?
1585 921 1711 999 πρὸς
1771 919 1868 986 τὴν

258 1009 463 1089 δευτέραν
491 1010 697 1090 δρᾶσαι.
742 1013 838 1069 Καὶ
895 1011 962 1077 δὴ
1013 1011 1101 1066 καὶ
1158 1009 1318 1066 ἄλλον
1370 1008 1673 1085 ἀπόδεσμον
1729 1021 1868 1089 χρυ-

261 1109 355 1175 σοῦ,
382 1100 722 1159 ἰσοτάλαντον
779 1107 855 1176 τῷ
905 1100 1166 1179 προτέρῳ,
1226 1101 1413 1164 νυκτός
1472 1100 1722 1179 ἐπιστὰς,
1785 1099 1870 1154 καὶ

258 1190 395 1251 οὐδενὶ
447 1190 698 1258 αἴσθησιν
754 1188 896 1266 δοὺς,
956 1189 1097 1264 αὒτῷ
1155 1189 1469 1263 ἐπιπέμπει.
1531 1189 1756 1268 ⁰Ορθρου
1817 1187 1870 1244 δὲ

259 1280 499 1346 διαναστὰς
551 1284 582 1337 6
637 1281 771 1360 ἀνὴρ
843 1280 930 1336 καὶ
979 1280 1040 1335 τό
1099 1279 1318 1359 χρυσίον
1381 1279 1570 1346 ἐπίσης
1630 1279 1868 1357 εὑρηκὼς

259 1371 490 1450 κείμενον,
554 1371 641 1426 καὶ
697 1369 820 1427 ἰδὼν
879 1368 1023 1434 ὅπως
1083 1369 1111 1424 ὁ
1170 1370 1298 1434 Θεὸς
1354 1367 1563 1432 ἀπόνως
1622 1373 1762 1440 αὒτῷ
1791 1367 1868 1423 ὕει

258 1462 330 1516 τὸν
355 1460 599 1539 πλοῦτον,
632 1460 745 1536 βίον
803 1481 862 1516 τε
893 1457 1122 1538 δίδωσιν,
1169 1459 1347 1538 ὥσπερ
1403 1461 1430 1514 6
1487 1457 1668 1536 λόγος,
1731 1457 1870 1524 ἀλη-

256 1550 500 1626 λεσμένον,
579 1556 646 1625 τῇ
715 1551 871 1624 ὁμοίᾳ
947 1549 1138 1630 εἴχετο
1204 1551 1290 1605 καὶ
1375 1548 1519 1613 αὖθις
1591 1547 1864 1619 ἐκπλήξει,

1947 467 2414 548 suppeditatum.
2452 464 2621 540 Quod
2655 463 2894 546 quidem
2927 473 3237 546 postquam
3296 467 3456 530 venit
3511 469 3584 529 ad

1948 556 2213 618 notitiam
2238 555 2467 620 Nicolai
2487 553 2881 630 admirabilis,
2907 565 2966 616 et
2983 555 3288 619 hominem
3310 559 3588 636 cognovit

1949 647 2163 709 fecisse
2196 663 2268 708 ex
2299 646 2430 726 ejus
2459 644 2644 706 animi
2676 645 2966 708 sententia
2992 646 3132 723 (hoc
3164 645 3324 708 enim
3375 657 3502 710 erat
3530 647 3588 710 ei

1950 736 2148 798 studio
2182 754 2288 817 per
2315 735 2549 816 nuptias
2577 733 2814 796 auferre
2846 734 2984 796 mali
3015 735 3443 818 occasionem),
3482 757 3588 820 pa-

1951 835 2114 888 ratus
2141 834 2268 887 erat
2295 825 2514 885 similia
2543 843 2778 905 quoque
2811 824 3004 887 facere
3043 826 3104 887 in
3135 828 3460 889 secundam
3512 828 3586 892 ﬁ-

1955 916 2089 977 liam
2108 937 2121 979 :
2139 924 2312 996 atque
2324 914 2472 976 adeo
2502 913 2865 976 tantumdem
2881 913 3015 976 auri
3037 915 3270 996 pondus
3285 918 3584 998 alligatum

1954 1006 2128 1067 mittit
2158 1023 2264 1085 per
2294 1003 2564 1066 eamdem
2595 1003 2912 1066 fenestram
2947 1013 3148 1079 noctu,
3184 1006 3460 1069 omnibus
3488 1007 3586 1070 in-

1955 1095 2299 1157 scientibus.
2331 1093 2477 1156 Cum
2508 1111 2648 1154 vero
2679 1093 2767 1154 vir
2794 1112 2968 1156 mane
2997 1095 3373 1173 surrexisset,
3398 1105 3456 1160 et
3477 1117 3587 1160 au-

1953 1202 2084 1248 rum
2116 1185 2393 1247 similiter
2422 1183 2769 1260 invenisset,
2791 1184 3002 1245 eodem
3037 1186 3211 1247 modo
3246 1205 3450 1249 rursus
3480 1187 3590 1251 fuit

1954 1274 2418 1355 obstupefactus,
2451 1273 2738 1354 humique
2769 1282 3097 1354 prostratus
3142 1275 3333 1338 solum
3385 1279 3592 1340 calidis

1953 1364 2238 1443 irrigabat
2270 1363 2567 1444 lacrymis,
2611 1366 2791 1441 Deus,
2824 1363 3050 1440 dicens,
3085 1366 3188 1446 qui
3212 1365 3297 1428 vis
3348 1367 3588 1431 miseri-

1954 1455 2240 1528 cordiam,
2275 1454 2652 1535 dispensator
2705 1463 2922 1515 nostrae
2972 1455 3201 1532 salutis,
3255 1457 3358 1537 qui
3415 1460 3592 1522 etiam

1955 1546 2120 1626 prius
2141 1555 2379 1627 propter
2394 1563 2583 1606 meam
2600 1545 2776 1605 homo
2797 1544 2986 1606 factus
3009 1564 3072 1606 es
3103 1545 3590 1630 inohedientiam,

258 1643 403 1718 Ταύτῃ
453 1663 536 1699 τοι
599 1641 692 1697 καί
753 1642 826 1706 εἷς
887 1642 986 1719 γῆν
1045 1641 1250 1719 πεσὼν,
1311 1640 1398 1696 καὶ
1454 1646 1532 1715 τῷ
1579 1638 1756 1720 ἐδάφει
1809 1641 1871 1696 τὸ

1961 1646 2016 1698 et
2047 1654 2205 1698 nunc
2240 1654 2336 1697 me
2368 1653 2500 1697 cum
2534 1634 2769 1695 ﬁliabus
2799 1632 3018 1696 liberas
3048 1653 3081 1696 a
3104 1635 3316 1717 laqueo
3339 1636 3592 1720 inimici,

259 1730 472 1806 μέτωπον
545 1730 917 1810 προσερείσας,
988 1729 1321 1808 θερμοτέροις
1377 1730 1520 1805 αὖτῷ
1589 1743 1706 1795 τοῖς
1777 1727 1873 1785 δά-

258 1843 405 1898 κρυσιν
434 1819 649 1901 ἔϐαλλε,
685 1821 806 1897 Θεὲ,
843 1820 1038 1900 λέγων,
1099 1820 1284 1898 ἀγαθὲ,
1351 1819 1448 1875 Θεὲ
1504 1819 1716 1876 παντων
1761 1841 1870 1887 κη-

260 1907 400 1986 δεμὼν
429 1913 518 1968 καὶ
550 1911 749 1989 ἀγαιθοῦ
776 1911 976 1972 παντὸς
1033 1909 1197 1988 αῖτιε,
1261 1909 1508 1985 οἶκονόμε
1567 1911 1665 1976 τῆς
1719 1912 1873 1985 ἡμῶν

259 2002 516 2078 σωτηρίας,
573 2003 601 2058 ὁ
630 2002 716 2058 καὶ
762 2001 1014 2079 πρότερον
1050 1998 1134 2055 διὰ
1186 2002 1285 2067 τὴν
1335 1999 1470 2075 ἐμὴν
1529 2000 1869 2078 ἐνανθρωπή-

259 2112 332 2152 σας
380 2087 697 2169 παράϐασιν,
735 2091 852 2146 -καὶ
910 2099 998 2149 νῦν
1061 2087 1172 2164 ἅμα
1222 2091 1373 2146 παισὶ
1429 2093 1526 2155 τῆς
1583 2090 1871 2166 ἀναγκαίας

261 2200 313 2251 με
339 2181 523 2248 ταύτης
579 2178 798 2258 παγίδος
852 2187 944 2236 τοὺ
1002 2181 1196 2258 ἔχθροῦ
1252 2180 1528 2255 ῥυόμενος,
1595 2179 1749 2242 αὐτός
1782 2201 1874 2254 μοι

259 2270 329 2324 τὸν
357 2273 438 2327 τοῦ
467 2277 572 2326 σοῦ
631 2268 933 2344 θελήματος
973 2269 1256 2347 ὑπουργὸν,
1317 2269 1408 2324 τὸν
1466 2270 1558 2324 σὸν
1611 2269 1875 2344 μιμητὴν,

261 2358 400 2414 τδνὲν
442 2357 746 2438 ἀνθρώποις
803 2355 1050 2436 ἄγγελον,
1118 2358 1174 2422 ὃς
1234 2356 1372 2414 οὕτω
1429 2379 1494 2434 με
1552 2355 1874 2413 ἀναπλάττει

272 2450 411 2524 πόλιν,
468 2448 646 2511 οὕτως
684 2449 972 2525 ἒγκαινίζει
1031 2469 1122 2522 μοι
1178 2447 1278 2514 τὴν
1338 2447 1646 2526 εὒημερίαν,
1711 2445 1875 2512 οὕτως

1954 1725 2086 1806 ipse
2118 1724 2263 1786 mihi
2294 1743 2427 1786 eum
2464 1724 2711 1786 ostende
2733 1724 2832 1804 qui
2869 1734 2982 1786 tuae
3005 1725 3267 1789 deservit
3286 1729 3591 1803 voluntati,

1955 1816 2059 1893 qui
2090 1815 2247 1877 inter
2296 1815 2572 1876 homines
2601 1821 2690 1876 est
2741 1814 2988 1894 angelus
3047 1824 3104 1878 et
3162 1817 3424 1880 imitator
3481 1826 3595 1881 tuas

1956 1903 2342 1984 benignitatis
2378 1926 2394 1986 ;
2429 1908 2560 1985 quis
2592 1904 2688 1966 hic
2718 1911 2830 1980 est,
2864 1905 2968 1981 qui
3009 1923 3118 1966 nos
3147 1907 3368 1988 eripuit
3395 1926 3430 1972 a
3458 1927 3602 1988 pau-

1957 2004 2185 2076 pertate
2213 2014 2344 2076 quae
2375 2014 2484 2056 nos
2513 1993 2835 2074 premebat,
2873 2001 2933 2056 et
2959 2012 2994 2056 a
3024 1995 3190 2058 tetris
3217 1997 3395 2060 solvit
3423 1998 3595 2078 cogi-

1957 2085 2300 2146 tationibus.
2336 2083 2488 2146 Ecce
2517 2084 2680 2146 enim
2713 2093 2808 2146 tua
2832 2084 3243 2148 misericordia
3271 2087 3592 2162 secundam

1960 2173 2141 2235 ﬁliam
2176 2173 2340 2235 trado
2373 2175 2495 2236 viro
2527 2174 3004 2252 conjungendam
3044 2177 3422 2239 matrimonio
3453 2178 3597 2258 legi-

1961 2263 2127 2339 timo,
2163 2282 2294 2344 quae
2318 2265 2436 2343 jam
2470 2261 2668 2324 vitavit
2697 2281 2773 2324 ne
2798 2264 2876 2324 sit
2925 2265 3124 2343 praeda
3154 2265 3397 2344 diaboli,
3432 2276 3489 2329 et
3525 2286 3600 2330 ne

1961 2353 2104 2416 mihi
2137 2366 2428 2434 quaestum
2460 2354 2670 2416 afferat
2700 2354 2904 2434 quovis
2934 2353 3174 2432 damno,
3221 2357 3372 2437 proh
3429 2357 3602 2419 dolor

1957 2462 2312 2522 granorem.

277 2534 447 2615 ὀλεθρίου
501 2538 626 2594 λύει
696 2536 1081 2617 βουλεύματος,
1131 2536 1287 2600 αὒτός
1345 2559 1436 2612 μοι
1493 2544 1676 2593 τοῦτον
1735 2534 1844 2600 ὅτίς
1897 2535 2006 2592 ἐστὶ
2064 2535 2345 2614 γνώρισον.
2408 2533 2537 2592 ἰδοὺ
2593 2535 2692 2612 γὰρ
2761 2539 2837 2608 τῷ
2896 2533 3030 2590 ἐλέει
3075 2542 3151 2610 τῷ
3209 2541 3306 2612 σῷ,
3354 2537 3443 2593 καὶ
3499 2539 3597 2606 τὴν

281 2625 454 2703 δευτέραν
542 2633 658 2683 τῶν
712 2625 1008 2704 θυγατέρων
1088 2624 1238 2703 ἀνδρὶ
1295 2627 1430 2682 κατὰ
1487 2626 1650 2701 νόμον
1726 2624 1995 2702 ἒκδίδωμι,
2057 2635 2320 2704 φυγοῦσαν
2403 2623 2505 2692 ἤδη
2585 2626 2644 2680 τὸ
2731 2629 3119 2699 μνηστευθῆνια
3179 2632 3257 2699 τῷ
3340 2623 3596 2709 διαϐόλῳ,

273 2718 331 2773 ni
352 2717 514 2796 κέρδος
548 2718 671 2792 ἐμοὶ
703 2715 1039 2795 προσφέρειν,
1070 2715 1266 2792 ζημίας
1295 2713 1461 2779 ὅντως
1493 2716 1730 2792 ψυψικῆς
1759 2714 2029 2794 πρόξενον,

322 2798 387 2868 Ζ’.
419 2806 601 2867 Ταῦτά
662 2828 718 2862 τε
790 2806 965 2886 ἔλεγε,
1037 2807 1123 2862 καὶ
1183 2811 1251 2882 τῇ
1323 2805 1468 2862 παιδὶ
1537 2811 1874 2885 παραχρῆμα

2035 2801 2160 2866 VII.
2194 2803 2332 2866 Haec
2363 2805 2532 2885 dixit,
2574 2813 2632 2867 et
2660 2807 2939 2870 secundae
2979 2810 3116 2873 ﬁliae
3173 2814 3362 2876 statim
3435 2817 3598 2880 cele-

259 2896 400 2953 ὲτέλει
467 2900 601 2959 τοὺς
667 2897 896 2974 γάμους,
957 2895 1226 2974 μετέωρον
1285 2895 1463 2973 ὥτπερ
1521 2896 1620 2963 τὴν
1693 2897 1874 2975 ψυχὴν

1964 2891 2155 2985 bravit
2186 2894 2445 2976 nuptias,
2478 2898 2818 2976 erectojam
2845 2899 3045 2962 animo
3076 2910 3134 2963 et
3163 2901 3319 2966 bona
3349 2923 3455 2985 spe
3483 2908 3598 2970 du-

257 2985 395 3066 ἒχων,
453 2988 544 3044 ἐπὶ
614 2993 863 3066 χρηστῶν
922 3007 979 3041 τε
1028 2984 1252 3042 ἐλπίδων
1304 2987 1626 3066 ὀχούμενος,
1667 2987 1740 3050 ὡς
1774 2984 1880 3044 οὔδ’

255 3078 323 3134 επὶ
348 3080 440 3145 τῆς
467 3078 662 3156 τρίτης
695 3076 756 3132 ἃν
788 3077 860 3140 εἰς
916 3077 1116 3156 μακρὸν
1157 3077 1420 3156 ἀπορήσοι
1474 3083 1566 3134 τοῦ
1623 3078 1878 3146 συνοική-

253 3189 433 3234 donec.
468 3170 587 3237 Τὴν
623 3180 818 3247 προῖκα
875 3168 975 3244 γὰρ
1032 3164 1135 3234 ἤδη
1193 3170 1285 3224 καὶ
1347 3165 1430 3223 διὰ
1487 3168 1671 3247 χειρὸς
1733 3166 1880 3246 ἔχειν

252 3256 386 3334 ᾤετο,
420 3257 655 3338 θαῤῥῶν,
688 3259 762 3321 ὡς
795 3257 960 3329 εἰκὸς,
1015 3255 1120 3312 ἀπὸ
1179 3262 1282 3313 τῶν
1340 3257 1632 3335 προτέρων,
1694 3256 1878 3314 ’Ένθεν

249 3368 319 3403 τοι
365 3351 450 3406 καὶ
509 3348 867 3421 προσεκτιιιὸς
924 3345 1012 3417 ἧν,
1070 3346 1158 3402 καὶ
1219 3347 1318 3412 τὴν
1376 3347 1560 3426 ψυχὴν
1632 3347 1876 3426 ἐμπαρά-

251 3458 434 3510 mox,
491 3438 578 3514 μὴ
639 3438 724 3494 καὶ
783 3436 917 3514 λάθῃ
971 3437 1230 3514 φοιτήσας
1261 3438 1287 3492 6
1318 3435 1624 3516 εὐεργέτης,
1657 3438 1743 3493 καὶ
1769 3457 1877 3493 πα-

252 3529 450 3608 ρασχὼν
511 3528 617 3602 μὲν
679 3525 934 3605 εὐφρόνῃ,
993 3523 1210 3602 λυπήσῃ
1265 3523 1319 3580 δὲ
1393 3532 1464 3599 τῷ
1536 3523 1672 3602 μηδέ
1738 3531 1880 3601 αὐτῷ

251 3615 391 3682 δῆλος
443 3616 718 3696 γενέσθαι,
769 3622 846 3690 τῷ
903 3618 959 3671 εὖ
1008 3615 1305 3696 πάσχοντι,
1363 3615 1499 3691 μηδὲ
1534 3623 1690 3674 τοῦτο
1720 3617 1883 3692 μόνον

249 3703 543 3764 ἀντιλαϐεῖν
601 3704 846 3780 θελῆσαι,
879 3705 976 3773 τὴν
1023 3705 1312 3785 ὁμολογίαν
1356 3708 1456 3772 τῆς
1513 3707 1758 3786 χάριτος,
1825 3697 1881 3764 (Ο

249 3795 332 3870 μὲν
359 3795 422 3864 δὴ
481 3796 629 3854 οὕτω
685 3796 814 3876 πρὸς
870 3797 968 3862 τὴν
1029 3797 1227 3852 ἑκείνου
1292 3795 1495 3853 ἕλευσιν
1550 3795 1876 3875 διηγρύπνειο

246 3887 502 3966 ὲφίσταται
539 3884 599 3941 δὲ
655 3887 716 3942 τὸ
775 3887 949 3964 τρίτον
1007 3887 1034 3942 6
1092 3886 1372 3966 εὺεργέτης
1427 3887 1636 3963 βαθείας
1697 3888 1880 3951 νυκτὸς

246 3976 422 4058 ἀψόφῳ
451 3975 606 4056 ποδὶ,
647 3979 736 4034 καὶ
800 3974 941 4055 παρᾶ
995 3983 1072 4051 τῷ
1128 3980 1336 4048 συνήθει
1395 3979 1544 4052 τόπῳ
1598 3979 1877 4057 γενόμενος

245 4062 352 4122 ἴσον
378 4073 592 4147 χρυσοῦ
618 4067 705 4122 καὶ
734 4069 883 4130 αὖθις
914 4064 1213 4142 ἀπόδεσμον
1254 4065 1338 4123 διὰ
1397 4073 1494 4134 τῆς
1552 4070 1713 4136 αὐτῆς
1766 4071 1878 4125 εἰσ-

245 4155 426 4229 πέμπει
518 4154 748 4233 θυρίδος,
835 4157 920 4212 καὶ
1007 4155 1340 4236 παραχρῆμα
1428 4157 1558 4213 θέων
1631 4157 1873 4234 ἐπανῇει⁶

1965 2991 2094 3044 ctus
2123 2983 2248 3044 fore
2281 2991 2339 3044 ut
2371 2985 2566 3046 τιθείη
2601 2987 2776 3048 tertia
2805 2988 3050 3068 quidem
3100 2993 3154 3053 ei
3187 2994 3267 3054 sit
3293 2983 3602 3059 defuturus

1963 3071 2070 3150 qui
2129 3090 2258 3132 eam
2316 3072 2568 3164 accipiat
2623 3076 2961 3164 conjugem.
3023 3082 3101 3142 Se
3161 3085 3320 3144 enim
3369 3085 3494 3164 jam
3539 3087 3600 3147 in

1965 3171 2242 3242 promptu
2279 3162 2515 3242 putabat
2546 3163 2767 3227 habere
2800 3166 3022 3243 dotem,
3060 3188 3129 3232 ex
3182 3162 3476 3251 prioribus
3523 3174 3600 3237 de

1964 3269 2034 3312 ea
2063 3270 2324 3332 quoque,
2360 3261 2422 3313 ut
2453 3271 2557 3333 par
2586 3262 2732 3330 erat,
2761 3258 3110 3339 concipiens
3133 3260 3433 3327 ﬁduciam.
3460 3266 3603 3327 Erat

1963 3340 2162 3434 itaque
2192 3350 2450 3434 attentus
2479 3352 2538 3405 et
2565 3345 2879 3422 sollicitus,
2909 3357 2968 3409 et
3015 3357 3165 3411 totas
3197 3365 3404 3414 noctes
3453 3356 3601 3434 vigi-

1963 3430 2120 3493 labat
2148 3431 2407 3508 assidue,
2443 3453 2518 3496 ne
2549 3453 2620 3496 eo
2658 3435 2946 3498 insciente
2977 3440 3292 3503 accederet
3332 3430 3603 3524 egregius

1962 3521 2065 3583 ille
2094 3523 2504 3602 suppeditator
2561 3527 2856 3604 pecunia):
2915 3528 3019 3589 sed
3076 3529 3127 3590 si
3188 3521 3414 3593 veniret
3465 3521 3600 3597 eum

1965 3610 2254 3673 ambabus
2291 3612 2564 3675 manibus
2592 3616 3096 3695 apprehenderet,
3123 3627 3180 3680 et
3209 3637 3279 3680 ex
3310 3639 3380 3681 eo
3421 3623 3604 3686 sciret

1965 3701 2233 3781 quisnam
2251 3704 2803 3777 esset,etundenam
2819 3723 3026 3767 aurum
3044 3708 3116 3768 ad
3141 3726 3277 3769 eum
3299 3710 3599 3776 afﬂueret.

1965 3795 2156 3870 Atque
2205 3790 2306 3853 ille
2339 3792 2579 3882 quidem
2640 3793 2728 3855 sic
2773 3794 3048 3874 vigilabat
3101 3797 3416 3861 adventum
3473 3803 3604 3882 ejus

1965 3882 2333 3962 praestolans.
2367 3880 2568 3944 Tertio
2597 3891 2792 3944 autem
2826 3884 3188 3965 pedetentim
3240 3889 3470 3953 accedit
3500 3880 3604 3957 Dei

1965 3986 2171 4033 servus
2199 3971 2478 4033 Nicolaus
2507 3991 2641 4034 cum
2698 3982 2859 4036 esset
2909 3995 3020 4038 nox
3075 3977 3403 4058 profunda:
3467 4001 3603 4047 cum

1962 4060 2224 4123 venisset
2253 4061 2326 4123 ad
2359 4063 2556 4124 locum
2607 4077 2986 4142 consuetum,
3050 4070 3416 4132 tantumdem
3474 4075 3604 4138 auri

1960 4168 2171 4212 rursus
2198 4150 2496 4232 alligatum
2531 4153 2796 4214 immittit
2817 4174 2926 4236 per
2954 4157 3226 4223 eamdem
3255 4161 3594 4228 fenestram.

243 4248 393 4312 Αὐτὸς
424 4245 479 4303 δὲ
515 4249 546 4303 6
605 4248 700 4309 τὰς
758 4246 1056 4324 εὒεργεσίας
1112 4247 1348 4316 συνήθως
1405 4244 1724 4327 δεχόμενος,
1785 4255 1874 4306 τοῦ

1963 4239 2134 4304 Pater
2163 4260 2300 4303 vero
2332 4243 2663 4324 puellarum
2687 4263 2819 4307 cum
2839 4247 3122 4311 sensisset
3145 4254 3455 4335 strepitum
3473 4258 3602 4319 auri

245 4336 571 4400 εἰσπεσόντος
633 4345 835 4416 χρυσοῦ
901 4338 1006 4391 τῶν
1091 4337 1277 4414 ψόφων
1372 4335 1703 4417 αἰαθόμενος,
1793 4340 1881 4395 καὶ

244 4427 397 4501 τούτῳ
446 4440 709 4507 παρεῖναι
769 4423 928 4485 πάλιν
990 4426 1081 4482 τὸν
1141 4427 1338 4496 συνήθη
1399 4425 1755 4495 πλουτοδότην
1804 4430 1882 4504 μὴ

243 4514 524 4593 ἀγνοήσας,
563 4517 601 4592 ᾗ
629 4515 831 4596 τάχους
885 4517 1045 4596 εἶχεν
1103 4517 1246 4580 εὐθὺς
1306 4514 1512 4574 ἐδίωκε*
1567 4519 1654 4574 καὶ
1710 4540 1880 4576 κατα-

245 4601 405 4664 λαϐὼν
434 4610 530 4665 καὶ
585 4610 738 4685 γνοὺς
796 4605 942 4670 ὅστις
997 4605 1112 4680 εἴη,
1173 4604 1289 4665 οὐδὲ
1350 4608 1448 4686 γὰρ
1498 4613 1605 4664 τῶν
1658 4609 1882 4684 ἀσήμων

247 4696 378 4764 ὸῦτος
459 4701 541 4762 εἱς
605 4697 797 4776 ἀρετὴν
866 4698 958 4754 οὒκ
1015 4697 1175 4776 εἶχεν
1234 4696 1294 4754 ἐκ
1349 4700 1691 4778 περιχαρείας
1748 4699 1782 4755 ὅ
1832 4720 1879 4756 τι

243 4789 318 4842 καὶ
345 4789 586 4866 γένοιτο,
650 4787 914 4866 ἐγκρατὴς
969 4785 1074 4854 ἤδη
1134 4795 1226 4845 τοὺ
1283 4789 1585 4866 θηράματος
1639 4788 1734 4866 ὢν,
1796 4791 1884 4847 καὶ

238 4877 322 4932 τὸν
377 4879 672 4958 εὐεργέτην
729 4878 784 4934 ἐν
856 4878 1042 4957 χερσὶν
1110 4876 1279 4957 ἔχων,
1354 4876 1688 4954 Λαμϐἄνεται
1759 4884 1883 4958 γοῦν

241 4963 395 5034 ἡδέως
453 4974 569 5024 τῶν
626 4967 824 5024 ἐκείνου
881 4965 1081 5047 ποδῶν,
1143 4969 1231 5024 καὶ
1287 4966 1560 5047 λυτρωτὴν
1589 4970 1746 5028 αὐτὸν
1793 4974 1880 5028 καὶ

239 5056 420 5128 βοηθὸν
484 5058 579 5114 καὶ
635 5063 852 5135 σωτῆρα
911 5057 1102 5134 ψυχῶν
1175 5057 1248 5120 εἷς
1326 5055 1556 5137 ἔσχατον
1613 5057 1880 5124 ἀπωλείας

239 5143 549 5225 ἐρχομένων
611 5147 806 5207 ἐκάλει.
872 5148 932 5203 Εἰ
988 5147 1064 5221 μὴ
1121 5147 1220 5224 γὰρ
1276 5147 1396 5209 τοὺς
1459 5148 1601 5223 σοὺς,
1670 5148 1876 5228 ἔλεγεν,

236 5235 537 5315 οἰκτιρμοὺς
599 5239 625 5293 6
683 5237 851 5315 μέγας
905 5234 1040 5292 ἐλέει
1101 5233 1408 5303 διανέστησε
1461 5238 1670 5318 Κύριος,
1713 5238 1878 5295 πάλαι

239 5322 293 5378 ἂν
317 5325 672 5401 ἀπωλώλειν,
732 5328 912 5404 πατὴρ
958 5323 1156 5398 ἄθλιος,
1219 5326 1354 5401 μετά
1411 5327 1731 5406 θυγατέρων,
1791 5329 1883 5384 οἵ·

236 5437 316 5488 μοι
350 5413 363 5478 !
401 5421 597 5495 τριῶν.
633 5415 800 5473 Ἀλλὰ
853 5425 942 5475 νῦν
998 5413 1233 5471 σέσωκεν
1286 5416 1432 5490 ἡμᾶς
1491 5413 1575 5471 διὰ
1622 5438 1736 5498 σου,
1796 5419 1882 5476 καὶ

236 5511 319 5562 τοῦ
403 5511 607 5586 πικροῦ
696 5510 794 5576 τῆς
888 5503 1146 5584 ἁμαρτίας
1231 5502 1478 5586 ἐρρύσατο
1565 5507 1880 5586 πτώματος,

301 5612 334 5669 8
358 5611 524 5680 Psal.
563 5628 698 5696 exn,
734 5619 793 5678 7.

1963 4344 2116 4415 quod
2145 4343 2507 4409 ceciderat,et
2527 4345 3021 4405 animadvertisset
3044 4349 3244 4408 adesse
3265 4366 3604 4417 consuetum

1967 4442 2145 4504 opum
2179 4423 2708 4504 suppeditatorem,
2742 4445 2916 4503 quam
2947 4429 3232 4494 citissime
3255 4436 3441 4513 potuit
3466 4457 3601 4500 eum

1967 4522 2466 4610 estpersecutus;
2498 4533 2754 4596 cumque
2783 4535 2918 4579 eum
2944 4523 3520 4610 comprehendisset,
3548 4540 3606 4593 et

1968 4603 2339 4700 cognovisset
2359 4605 2632 4700 quisnam
2667 4617 2846 4684 esset,
2877 4627 3071 4691 neque
3101 4613 3261 4675 enim
3293 4615 3344 4677 is
3365 4603 3608 4700 propter

1966 4694 2237 4794 virtutem
2272 4700 2332 4794 et
2369 4692 2752 4775 splendorem
2811 4701 3052 4776 generis
3106 4713 3235 4766 erat
3290 4692 3604 4794 obscurus,

1968 4783 2226 4874 procidit
2253 4784 2327 4846 ad
2359 4787 2488 4865 ejus
2507 4785 2710 4866 pedes,
2744 4795 2803 4849 et
2821 4787 2991 4852 illum
3021 4792 3466 4874 redemptorem
3501 4783 3608 4861 vo;

1968 4871 2226 4968 cabat,et
2251 4874 2321 4934 ad
2323 4874 2612 4954 jutorem,
2641 4885 2699 4968 et
2728 4887 3094 4968 servatorem
3120 4871 3452 4948 animarum
3475 4907 3608 4968 quae

1959 4963 2085 5042 jam
2117 4963 2190 5024 ad
2222 4973 2550 5025 extremum
2583 4965 3034 5028 adducebantur
3075 4970 3428 5049 periculum.
3480 4963 3606 5038 Nisi

1965 5053 2148 5125 enim,
2183 5053 2440 5134 dicebat,
2475 5059 2604 5116 tuas
2662 5073 2913 5132 magnus
2969 5057 3071 5118 ille
3104 5059 3163 5120 in
3196 5061 3608 5129 misericordia

1963 5143 2587 5235 Dominusexcitasset
2610 5143 3044 5235 miserationes,
3071 5147 3194 5226 jam
3227 5151 3366 5212 olim
3399 5155 3605 5235 periis-

1965 5249 2091 5293 sem
2127 5231 2331 5292 intelix
2368 5242 2532 5311 pater
2556 5251 2692 5294 cum
2747 5233 2955 5312 tribus,
2994 5237 3109 5300 heu
3143 5239 3311 5314 mihi,
3347 5231 3604 5309 ﬁliabus.

1967 5319 2085 5382 Sed
2113 5339 2272 5383 nunc
2303 5321 2476 5382 nobis
2506 5339 2612 5403 per
2643 5330 2697 5384 te
2725 5323 2886 5387 dedit
2917 5327 3192 5406 salutem,
3216 5338 3273 5392 et
3293 5331 3367 5394 ab
3389 5337 3607 5400 acerbo

1967 5430 2108 5474 casu
2143 5409 2368 5493 peccati
2399 5411 2708 5477 liberavit:
2742 5422 2800 5476 et
2829 5417 3016 5479 erexit
3045 5421 3354 5488 mendicos
3385 5444 3418 5488 e
3450 5435 3606 5490 ster-

1966 5501 2244 5586 quilinio,
2277 5509 2336 5566 et
2364 5520 2399 5567 e
2429 5511 2584 5568 terra
2613 5521 2860 5586 surgere
2887 5506 3030 5572 fecit
3060 5527 3350 5597 pauperes
3376 5517 3433 5581 8.
3470 5515 3610 5586 Haec
