3992 6134
433 210 548 288 397

1741 211 2021 282 ΜΕΝὲΙὸ
2061 203 2487 281 DECEMBER.

3651 211 3750 289 328

435 361 535 422 ille
568 357 808 440 quidem
842 375 976 416 cum
1007 353 1282 435 lacrymis
1308 353 1528 416 laetitiae
1563 361 1623 415 et
1650 353 1842 416 calido
1866 353 2069 432 Spiritu

2159 353 2340 430 ἡγειοέ
2368 374 2426 408 τε
2455 352 2563 409 διπὸ
2619 351 2840 429 κοπρίας
2904 352 3175 432 πτωχοὺς,
3234 353 3318 410 καὶ
3370 354 3468 412 ἀπὸ
3519 362 3612 434 γῆς
3643 358 3750 416 ἆνε-

436 450 572 512 fidei
610 454 662 510 ei
696 445 948 520 dicebat,
985 453 1045 506 et
1075 446 1148 506 ad
1183 443 1387 506 beatos
1418 442 1551 504 illos
1597 445 1778 524 pedes
1805 445 2074 506 adhaere-

433 539 658 602 scebat.
692 536 798 598 llle
826 544 1023 598 autem
1059 543 1364 614 postquam
1399 537 1694 611 cognovit,
1727 552 1791 595 se
1819 536 1940 612 jam
1971 535 2075 595 ho-

437 629 581 689 mini
609 626 871 689 evasisse
919 623 1326 693 manifestum,
1361 641 1496 683 eum
1548 622 1688 684 facit
1719 641 1984 703 surgere,
2018 631 2077 685 et

433 723 806 782 sacramento
835 713 998 775 illius
1027 713 1301 790 astringit
1328 712 1586 775 animam
1634 731 1710 775 ne
1739 713 1894 794 apud
1925 713 2074 774 alios

433 809 694 890 proferat
725 823 856 885 quae
885 804 1038 864 facta
1062 802 1296 864 fuerant
1329 810 1448 863 toto
1477 810 1747 882 tempore
1773 803 1904 864 vitm
1929 821 2075 884 suae,

432 915 626 980 neque
658 894 918 974 publicet
950 892 1446 955 misericordiam.
1482 892 1606 955 Hoc
1638 902 1728 954 est
1757 893 1936 972 hujus
1968 892 2078 954 viri

431 983 807 1066 unum,quod
829 989 919 1044 est
940 991 996 1043 ct
1021 981 1441 1054 niaxiinum,et
1466 982 1721 1044 maxime
1745 983 2071 1062 cognitum.

430 1075 571 1156 Ejus
591 1092 728 1137 vero
761 1090 891 1152 quae
920 1071 1185 1152 quotidie
1213 1069 1432 1132 fiebant
1460 1070 1520 1131 in
1545 1090 1765 1148 egenos
1785 1071 2072 1133 distribu-

431 1167 714 1239 tiones,et
748 1163 916 1242 panis
946 1159 1235 1222 mendicis
1266 1161 1812 1240 suppeditationem
1846 1180 1994 1242 quos
2014 1161 2074 1223 in

429 1255 586 1317 fame
619 1252 837 1328 alebat,
871 1257 934 1312 et
957 1249 1127 1310 bonis
1150 1249 1439 1329 implebat
1462 1251 1689 1319 animas
1713 1253 2071 1333 esurientes,

429 1344 500 1405 ad
560 1345 686 1406 haec
741 1359 817 1403 ne
877 1337 1260 1402 mediocriter
1310 1338 1554 1419 quidem
1605 1340 1860 1402 dicenda
1888 1342 2074 1403 suffe-

429 1433 578 1496 cerit
608 1430 846 1511 aliquis.

509 1698 663 1765 VIII.
694 1697 985 1774 Quoniam
1033 1705 1228 1760 autem
1259 1697 1439 1761 etiam
1479 1698 1779 1760 'virtutum
1838 1697 2072 1760 amabat
2097 1698 2131 1747 Β

428 1801 828 1873 pei'iectiorem
853 1805 906 1852 et
928 1796 1196 1866 majorem
1221 1795 1372 1866 apud
1395 1796 1574 1853 Deum
1604 1797 2069 1867 coniunctionem

428 1880 672 1960 assequi
705 1887 762 1941 et
789 1876 1282 1952 familiaritatem,
1328 1875 1554 1956 capitur
1591 1876 1832 1957 quidem
1864 1895 2070 1938 amore

427 1971 668 2043 silentii,
727 1966 928 2030 animo
979 1983 1118 2026 vero
1177 1966 1438 2046 concipit
1493 1965 1816 2027 abscedere
1867 1973 2070 2047 utpote

427 2059 584 2143 quod
620 2076 737 2118 non
771 2061 973 2137 posset
1000 2055 1172 2116 aliter
1203 2055 1440 2136 assequi
1471 2058 1633 2135 quod
1667 2055 2064 2118 desiderabat.

435 2173 458 2208 ιι
478 2149 698 2212 Vacate
719 2144 1195 2225 enim,inquit,et
1215 2143 1620 2224 cognoscite9.
1635 2143 2069 2216 nQuamobrem

428 2239 627 2301 statuit
655 2255 724 2298 se
757 2236 927 2312 longe
956 2251 1288 2314 removere,
1326 2241 1384 2295 et
1440 2237 1865 2296 convenienter
1921 2237 2070 2298 Pro-

427 2329 619 2410 pheta:
651 2325 916 2387 habitare
938 2325 997 2385 in
1039 2322 1364 2384 solitudine
1388 2325 1486 2401 10;
1520 2333 1730 2386 etcum
1756 2325 2070 2405 aliquando

429 2420 486 2481 ei
517 2419 701 2480 visum
737 2422 892 2477 esset
923 2415 1128 2475 venire
1158 2412 1530 2476 Palaestinam
1581 2423 1644 2474 ut
1695 2423 1898 2475 sancta
1943 2415 2072 2475 loca

425 2507 673 2582 videret,
709 2505 770 2566 in
803 2504 1019 2586 quibus
1049 2502 1149 2581 qui
1181 2521 1288 2582 pro
1320 2503 1492 2565 nobis
1543 2521 1752 2582 passus
1803 2511 1892 2564 est
1946 2507 2067 2566 Do-

425 2599 622 2660 minus
652 2600 710 2656 in
745 2593 967 2655 mundo
1019 2599 1111 2653 est
1153 2599 1442 2667 versatus,
1505 2612 1642 2652 cum
1699 2593 2073 2654 ascendisset

427 2705 635 2748 navem
670 2702 800 2764 quae
828 2691 968 2744 tunc
1003 2691 1244 2742 venerat
1275 2701 1344 2742 ex
1370 2681 1840 2762 Egypto,tcndit
1860 2699 2071 2744 versus

421 2773 796 2838 Palaestinam
823 2770 1000 2832 simul
1027 2769 1266 2850 quidem
1283 2789 1559 2850 quaerens
1577 2789 1704 2832 eam
1725 2789 1900 2848 quam
1920 2771 2074 2834 desi-

424 2864 672 2926 derabat
695 2861 1170 2935 solitudinem,et
1185 2860 1567 2940 proﬁciscens
1593 2861 1663 2923 ad
1683 2862 1925 2923 visenda
1945 2862 2072 2925 loca

426 2964 650 3016 sancta.
676 2951 792 3014 Sed
819 2953 890 3012 de
915 2950 1008 3012 bis
1030 2950 1272 3029 quidem
1298 2951 1500 3013 dicere
1524 2952 1734 3013 dilfera
1747 2971 1895 3014 mus.
1923 2955 2068 3016 Pau-

2159 463 2322 509 στησε
2367 443 2626 508 πένητας.
2667 450 2840 500 Ταῦτα
2897 441 3100 505 ἐκεῖνος
3160 443 3250 498 σὺν
3305 441 3534 522 δάκρυσιν
3585 448 3755 526 εὖφρο-

2157 533 2318 598 σύνης
2385 534 2472 588 καὶ
2540 535 2716 610 θερμῷ
2778 533 3005 598 πίστεως
3077 532 3339 608 πνεύματι
3402 534 3583 610 ὲῲασκε
3645 538 3756 614 πρὸς

2159 621 2341 695 αὐτὸν,
2397 623 2484 679 καὶ
2540 620 2704 685 πολὺς
2763 622 2851 695 ἧν,
2915 638 3034 686 τοῖς
3091 622 3367 700 μακαρίοις
3421 623 3607 681 ἐκείνου
3650 629 3756 683 ποσὶ

2156 712 2557 791 προσκείμενος.
2621 703 2678 770 Ὀ
2744 709 2821 792 δὲ,
2884 711 3069 771 ἐπειδὴ
3101 712 3238 790 ἔγνω
3293 715 3504 792 φανερὸς
3550 713 3644 781 ἤδη
3697 722 3761 788 τῷ

2159 801 2417 878 ἀνθρώπῳ
2473 802 2789 882 γενόμενος,
2842 799 3139 869 διανίστησί
3195 825 3252 858 τε
3299 805 3381 859 καὶ
3421 803 3584 882 ὅρκοις
3625 804 3764 862 αὕτιοῦ

2158 891 2256 958 τὴν
2324 892 2509 970 ψυχὴν
2578 891 2847 969 μεγίστοις
2918 890 3336 971 καταλαμϐάνει,
3399 895 3474 966 μὴ
3536 891 3593 947 ἂν
3649 895 3764 970 πρὸς

2160 978 2366 1058 ἐτέρους
2423 977 2548 1058 παρ’
2604 978 2731 1036 δ’λον
2815 983 2974 1038 αὐτοῦ
3029 983 3119 1038 τὸν
3182 982 3292 1055 βίον
3365 980 3644 1060 ἐξενεγκεῖν
3709 983 3765 1038 τὰ

2159 1071 2511 1148 γεγενημένα,
2570 1069 2708 1145 μηδὲ
2766 1069 3112 1146 δημοσιεῦσαι
3172 1075 3263 1129 τὸν
3323 1071 3488 1132 ἔλεον.
3545 1069 3627 1128 Ἐν
3682 1073 3767 1147 μὲν

2157 1158 2220 1227 δὴ
2248 1162 2340 1215 τοῦ
2368 1157 2550 1236 ἀνδρὸς
2579 1167 2760 1240 τοῦτο,
2797 1163 2882 1217 καὶ
2915 1160 3054 1218 οὕτω
3086 1162 3338 1242 μέγιστόν
3393 1183 3448 1218 τε
3504 1162 3587 1216 καὶ
3638 1184 3767 1240 γνω-

2156 1249 2480 1327 ριμώτατον
2531 1251 2624 1314 τὰς
2681 1248 2737 1305 δὲ
2802 1249 2916 1307 καθ’
2977 1251 3202 1307 ἕκαστον
3251 1253 3380 1328 πρὸς
3406 1252 3524 1314 τοὺς
3553 1250 3605 1306 ἐν
3633 1252 3771 1331 χρείᾳ

2156 1337 2410 1410 διανομὰς
2469 1341 2554 1395 καὶ
2613 1341 2675 1395 τὸ
2737 1338 3015 1420 χορτάζειν
3072 1342 3324 1421 πτωχοὺς
3386 1341 3439 1396 ἐν
3485 1337 3640 1418 ἄρτῳ,
3695 1341 3770 1396 καὶ

2154 1426 2447 1507 διατρέφειν
2519 1429 2703 1491 αὐτοὺς
2777 1430 2832 1484 ἐν
2906 1437 3056 1508 γιμῷ
3125 1433 3212 1486 καὶ
3285 1431 3462 1510 ψυχὰς
3529 1431 3769 1491 πεινώσας

2155 1518 2366 1595 ἀγαθῶν
2425 1517 2723 1591 ἐμπιπλᾷν.
2787 1518 2924 1575 ἀλλὰ
2995 1519 3158 1576 ταῦτά
3242 1541 3302 1598 γε
3370 1517 3484 1575 οὒδὲ
3566 1519 3770 1594 μετρίως

2153 1607 2212 1663 ἄν
2246 1630 2325 1672 τις
2363 1609 2534 1664 εἰπεῖν
2565 1607 2856 1686 ἐξαρκέσοι.

2237 1696 2324 1760 H'.
2362 1697 2578 1764 Ἐπειδὴ
2635 1697 2691 1753 δὲ
2746 1700 2835 1755 καὶ
2891 1699 3214 1778 τελεωτέρας
3271 1700 3459 1778 αρετῆς
3515 1698 3634 1777 ἦρα,
3698 1699 3775 1754 καὶ

2157 1788 2395 1862 μείζονος
2482 1786 2781 1844 ἀπολαῦσαι
2869 1790 2964 1857 τῆς
3050 1790 3189 1867 παρὰ
3273 1796 3389 1864 Θεῷ
3457 1789 3774 1866 οἷκειώσεως,

2155 1873 2412 1950 λαμϐάνει
2473 1876 2570 1950 μὲν
2625 1877 2780 1934 αὺτὸν
2837 1879 3070 1958 ἡσυχίας
3132 1878 3287 1959 ἔρως,
3361 1875 3529 1932 ὠδίνει
3586 1873 3638 1931 δὲ
3689 1875 3778 1942 τὴν

2153 1963 2458 2039 ἀποδημίαν
2491 1965 2628 2022 οὕτω
2658 1970 2891 2044 θερμῶς,
2937 1971 3011 2031 ὡς
3043 1970 3120 2043 μὴ
3176 1969 3236 2025 ὃν
3280 1968 3456 2031 ἄλλως
3512 1969 3646 2040 αύτῷ
3699 1971 3777 2020 τοῦ

2153 2054 2477 2130 ποθουμένου
2550 2055 2835 2120 τεύξεσθαι.
2926 2076 2955 2116 (
2989 2057 3306 2137 Σχολάσατε
3383 2058 3505 2136 γὰρ,
3545 2079 3568 2113 ι
3639 2055 3777 2134 φησὶ,

2163 2166 2184 2199 α
2221 2145 2307 2200 καὶ
2336 2151 2506 2222 γνῶτε
2549 2167 2569 2200 ι
2631 2147 2724 2202 Διὸ
2776 2145 2870 2202 καῖ
2915 2149 3122 2226 μακρὰν
3177 2162 3358 2205 ποιεῖν
3394 2147 3578 2203 ἑαυτὸν
3632 2144 3775 2221 ἔγνω,

2153 2235 2242 2290 καὶ
2309 2234 2447 2289 κατὰ
2528 2235 2620 2289 τὸν
2689 2237 2975 2314 Προφήτην
3046 2240 3119 2300 είς
3190 2238 3392 2317 ἔρημον
3465 2235 3777 2300 αὖλισθῆνιι.

2157 2323 2386 2402 Ἐρημία
2442 2323 2539 2397 μὲν
2597 2325 2696 2402 γὰρ
2755 2327 2936 2403 μήτηρ
2995 2327 3255 2406 ἡσυχίας,
3289 2329 3491 2407 ἡσυχία
3539 2323 3591 2380 δὲ
3643 2322 3779 2379 θείων

2153 2415 2366 2468 ἒννοιῶν
2422 2415 2510 2469 καὶ
2567 2415 2808 2492 θεωρίας,
2872 2416 3173 2472 οιγειότατα
3232 2423 3351 2491 Θεῷ
3410 2414 3781 2478 συναπτούσης.

2158 2504 2259 2560 Καὶ
2311 2523 2440 2558 ποτε
2475 2499 2625 2566 δόξαν
2677 2504 2818 2577 αύτῴ
2875 2505 2976 2571 τὴν
3033 2505 3394 2574 Παλαιστίνην
3451 2504 3602 2580 ἰδεῖν,
3661 2501 3781 2557 ὥστε

2153 2605 2272 2654 τοῖς
2321 2592 2484 2669 ἁγίοις
2544 2592 2792 2672 ἐντυχεῖν
2851 2595 3059 2675 τόποις,
3115 2596 3168 2652 ἐν
3226 2601 3316 2660 οἷς
3374 2599 3402 2653 ὁ
3459 2595 3586 2671 ὑπὲρ
3639 2590 3780 2666 ἡμῶν

2155 2680 2336 2736 παθὼν
2398 2681 2587 2759 Κύριος
2658 2683 2751 2748 τὰς
2807 2682 2861 2739 ἐν
2938 2685 3125 2760 κόσμῳ
3194 2684 3470 2765 διατριϐὰς
3538 2687 3777 2760 ἐποιεῖτο,

2155 2767 2340 2826 πλοίου
2397 2768 2584 2834 ἐπιϐὰς
2642 2771 2695 2837 ἒξ
2753 2774 3014 2850 Αἰγύπτου
3074 2783 3159 2832 νῦν
3225 2775 3554 2855 ἄναχθέντος
3623 2775 3779 2829 ἐκεῖσε

2153 2861 2410 2938 καταίρει,
2481 2862 2616 2932 ὁμοῦ
2671 2862 2772 2936 μὲν
2828 2863 2929 2928 τὴν
2986 2864 3146 2944 φίλην
3199 2863 3372 2940 διψῶν
3432 2865 3669 2943 ἐρημίαν,
3721 2862 3779 2914 6·-

2153 2956 2254 3023 μοῦ
2282 2947 2334 3004 δὲ
2367 2951 2452 3006 καὶ
2481 2951 2554 3014 εἷς
2602 2951 2743 3030 θέαν,
2775 2953 2847 3013 ὡς
2880 2950 2981 3020 ἤδη
3028 2953 3258 3034 ἔφημεν,
3322 2962 3430 3010 τῶν
3488 2954 3646 3031 ἁγίων
3693 2948 3775 3004 τύυ

427 3045 614 3106 lulum
642 3052 838 3106 autem
869 3041 1261 3102 immoremur
1317 3043 1378 3103 in
1441 3040 1838 3122 navigatione.
1871 3045 2066 3124 Atque

2156 3059 2264 3094 πων
2293 3040 2604 3117 φερόμενος.
2656 3039 2805 3096 Ἀλλ’
2834 3043 2860 3096 ὁ
2893 3041 2990 3115 μὲν
3021 3047 3147 3120 περὶ
3195 3045 3387 3102 τούτου
3447 3042 3608 3117 λόγος
3663 3039 3782 3094 ἀνα·

428 3132 737 3213 navigabat
769 3131 1008 3212 quidem
1040 3139 1200 3191 recta
1230 3131 1290 3191 in
1322 3131 1661 3211 .lEgyptum.
1695 3132 1840 3194 Cum
1868 3142 2064 3194 autem

425 3224 577 3286 nihil
601 3222 932 3284 futurorum
963 3238 998 3281 a
1025 3220 1222 3280 nautis
1253 3221 1698 3300 praavideretur,
1746 3221 1798 3282 is
1829 3231 2065 3302 tempe-

421 3320 634 3376 statem
668 3310 980 3371 maximam
1014 3317 1072 3369 et
1113 3326 1298 3369 saevos
1328 3317 1638 3371 ventorum
1683 3309 1946 3390 impetus
1977 3311 2065 3373 eis

422 3399 800 3483 praenuntiat.
852 3397 1094 3460 Dicebat
1137 3397 1296 3457 enim
1349 3417 1416 3460 se
1463 3397 1684 3460 vidisse
1740 3399 2059 3479 malignum

420 3509 628 3554 navem
676 3489 1125 3568 ascendentem,
1187 3487 1420 3568 velique
1477 3497 1535 3550 et
1582 3488 1727 3549 clavi
1783 3491 2066 3552 rudentes

421 3580 613 3659 gladio
637 3579 1061 3652 dissecantem,
1091 3584 1148 3637 et
1179 3584 1356 3637 totam
1385 3595 1594 3639 navem
1625 3576 1982 3640 retinentem
2004 3588 2064 3642 et

420 3672 950 3750 circumagentem,
988 3676 1047 3729 et
1071 3667 1367 3728 volentem
1401 3685 1531 3729 eam
1568 3686 1701 3730 cum
1733 3668 1874 3730 viris
1917 3669 2065 3750 ipsis

420 3760 834 3840 submergere.
897 3759 995 3819 Sic
1054 3755 1268 3837 inquit,
1331 3765 1389 3818 et
1439 3757 1631 3818 statim
1667 3757 1844 3819 veluti
1892 3759 2064 3838 signo

419 3850 900 3914 dato.vehemens
914 3847 1182 3926 quaedam
1199 3845 1458 3925 procella
1478 3846 1711 3927 spirans
1733 3865 1767 3907 e
1781 3847 2059 3926 nubibus,

418 3939 662 4018 pelagus
709 3938 860 3998 tollit
895 3937 953 3996 in
983 3936 1196 3996 ﬂuctus
1241 3935 1553 4010 maximos,
1588 3943 1646 3996 et
1677 3936 1776 4015 qui
1807 3955 1941 3998 cum
1992 3955 2062 3999 eo

418 4027 924 4107 navigabant,non
949 4024 1145 4086 minus
1177 4025 1542 4087 ﬂuctuabant
1561 4025 1866 4101 animis,et
1881 4045 2063 4107 prope

425 4135 705 4196 maguum
738 4123 960 4178 stantes
987 4113 1323 4189 Nicolaum,
1367 4114 1553 4177 Deum
1588 4115 1825 4194 quidem
1858 4133 2064 4195 preca-

422 4205 662 4282 bantur,
698 4208 896 4289 ipsum
929 4222 1069 4266 vero
1100 4203 1390 4282 rogabant
1446 4213 1512 4265 ut
1560 4222 1734 4284 opem
1780 4204 1962 4266 ferret
2003 4205 2063 4265 in

2151 3129 2405 3203 μεινάτω
2437 3130 2600 3203 ἡμεῖς
2634 3127 2688 3184 δὲ
2738 3133 2814 3204 τῷ
2859 3129 2978 3204 πλῷ
3037 3132 3212 3212 βραχύ
3269 3155 3323 3189 τι
3385 3127 3784 3210 προσδιατρίψο-

2151 3238 2272 3292 μεν.
2333 3215 2524 3274 ’Ἐπλει
2588 3221 2685 3291 μὲν
2744 3222 2833 3275 οὖν
2887 3221 3002 3276 εὐθὺ
3060 3224 3158 3290 τῆς
3212 3223 3506 3301 Αἰγύπτου.
3565 3229 3687 3281 Τοῖς
3743 3215 3790 3271 δὲ

2149 3307 2361 3371 ναύταις
2390 3304 2537 3364 οὐδὲν
2595 3315 2686 3364 τοῦ
2744 3307 3036 3384 μέλλοντος
3092 3311 3464 3389 προγνωσθὲν,
3530 3312 3788 3388 τρικυμίαν

2148 3397 2295 3458 οὗτος
2361 3397 2543 3460 αύτοῖς
2619 3399 2714 3453 καί
2777 3399 3092 3474 πνευμάτων
3161 3399 3507 3478 ἀγριωτέρων
3577 3395 3792 3472 ἐμϐολὰς

2148 3483 2528 3563 προαγγέλλει.
2618 3490 2786 3545 Αὐτὸν
2871 3489 2970 3566 γὰρ
3034 3488 3135 3568 ἔφη
3208 3490 3303 3546 τὸν
3377 3490 3611 3567 πονηρὸν
3671 3483 3793 3542 ἰδεῖν

2149 3573 2401 3630 ἐπιϐάντα
2436 3577 2534 3651 μὲν
2563 3576 2659 3644 τῆς
2691 3578 2846 3653 νεὼς,
2881 3578 2946 3634 τὰ
3006 3577 3059 3634 δὲ
3110 3589 3204 3638 τοῦ
3261 3581 3414 3637 ἱστοῦ
3465 3580 3557 3635 καὶ
3607 3578 3672 3635 τὰ
3699 3581 3796 3632 τῶν

2149 3663 2421 3731 πηδαλίων
2452 3663 2564 3739 ἅμα
2592 3665 2828 3724 καλώδια
2891 3669 3133 3748 μαχαίρᾳ
3190 3667 3538 3745 διατεμόντο,
3586 3667 3714 3732 ὅλην
3744 3684 3795 3719 τε

2149 3755 2478 3834 περισχόντα
2533 3756 2628 3823 τὴν
2697 3765 2816 3814 ναῦν
2872 3759 2957 3814 καὶ
3033 3756 3486 3834 περιδινήσαντα,
3569 3758 3658 3815 καὶ
3729 3755 3800 3826 τῷ

2147 3844 2286 3919 βυθῷ
2342 3845 2670 3922 πειρώμενον
2728 3845 3010 3925 αὔτανδρον
3076 3851 3344 3908 καθεῖναι.
3425 3849 3611 3912 Οὕτως
3678 3845 3795 3924 ἔφη,

2147 3934 2235 3989 καὶ
2288 3939 2624 4014 παραχρῆμα
2670 3933 2849 4014 ὥσπερ
2910 3936 2968 3993 ἔκ
3023 3957 3162 4002 τινος
3218 3937 3471 3995 ἆπόπτου
3530 3936 3799 4012 συνθήμα-

2145 4044 2233 4086 τος
2268 4020 2462 4102 σφοδρά
2492 4046 2572 4087 τις
2618 4021 2850 4100 λαῖλαψ,
2885 4031 2990 4083 τῶν
3049 4031 3222 4105 νεφῶν
3281 4025 3672 4100 διαπνεύσασα,
3733 4025 3800 4086 εἷς

2147 4108 2386 4167 κλύδωνα
2445 4111 2698 4192 μέγιστον
2755 4115 2817 4170 τὸ
2875 4113 3108 4194 πέλαγος
3169 4115 3338 4196 αἴρει,
3412 4117 3566 4174 αὗτοί
3635 4113 3692 4171 τέ
3760 4112 3803 4170 οἱ

2148 4199 2506 4275 συμπλέοντες
2566 4200 2712 4259 οὒδὲν
2777 4204 2939 4270 ἧττον
3010 4205 3360 4280 ἐκυμαίνοντο
3434 4207 3533 4271 τὰς
3607 4205 3804 4283 ψυχᾶς,

422 4298 831 4374 gravissimum
847 4295 1120 4357 adductis
1133 4293 1487 4374 periculum,
1511 4292 1806 4354 etnullam
1823 4311 2038 4373 speran
2051 4327 2064 4338 -

2156 4291 2234 4345 καὶ
2292 4292 2434 4367 παρὰ
2492 4298 2568 4366 τῷ
2639 4292 2861 4372 μεγάλῳ
2930 4296 3172 4370 στάντες,
3240 4295 3494 4376 ηὔχοντο
3570 4295 3668 4371 μὲν
3733 4299 3806 4366 τῷ

423 4386 579 4448 tibus
599 4388 738 4448 mali
755 4385 1138 4458 solutionem,
1157 4401 1230 4443 ex
1259 4401 1328 4443 eo
1341 4382 1500 4462 quod
1519 4385 1646 4462 ipse
1668 4382 2060 4462 praedixisset,

2156 4385 2290 4459 θεῷ,
2347 4379 2550 4437 ἐδέοντο
2609 4381 2661 4438 δὲ
2733 4385 2914 4460 αὐτοῦ,
2993 4385 3258 4460 ἐπαμῦναι
3330 4393 3547 4465 πικρῶς
3633 4382 3806 4441 κινδυο

420 4482 736 4555 sperantes
756 4493 890 4536 eum
926 4491 1106 4551 posse
1135 4471 1310 4533 etiam
1341 4490 1513 4552 opem
1544 4472 1724 4533 ferre.
1746 4470 1850 4533 Ille
1873 4479 2067 4533 autem

2156 4471 2380 4545 νεύουσι,
2451 4471 2539 4528 καὶ
2595 4471 2860 4548 μηδεμίαν
2922 4472 3187 4546 ἐλπίζουσι
3246 4482 3343 4532 τοῦ
3405 4483 3581 4533 κακοῦ
3640 4473 3807 4552 λύσιν,

419 4582 523 4626 eos
544 4565 726 4644 jussit
759 4565 917 4624 bono
950 4580 1080 4623 esse
1110 4563 1336 4642 animo,
1372 4569 1432 4623 et
1462 4561 1758 4642 pollicitus
1789 4572 1879 4623 est
1902 4561 2067 4624 brevi

2156 4558 2328 4635 ὥσπερ
2386 4559 2492 4617 ἀπὸ
2551 4561 2642 4619 τοῦ
2697 4576 2978 4642 προειπεῖν
3035 4565 3193 4623 αὐτὸν
3262 4566 3354 4622 καὶ
3429 4567 3496 4622 τὸ
3568 4564 3809 4622 δύνασθαι

417 4643 676 4715 futuram
698 4673 732 4716 ε
763 4653 918 4714 malo
945 4651 1383 4714 liberationem.
1409 4649 1624 4716 Omnia
1644 4661 1804 4713 certe
1830 4669 1960 4732 quae
1980 4650 2068 4713 eis

2156 4650 2368 4724 βοηθεῖν
2426 4647 2758 4715 ἐλπίσαντες.
2821 4643 2878 4710 Ὀ
2937 4650 2991 4709 δὲ
3045 4651 3257 4732 θαρῤεῖν
3315 4675 3378 4710 τε
3443 4653 3660 4713 ἐκέλευε
3729 4652 3811 4706 καὶ

418 4745 672 4808 molesta
700 4751 868 4806 erant
897 4742 1013 4804 cito
1045 4749 1184 4803 sunt
1238 4741 1474 4804 ablata:
1537 4759 1820 4822 mareque
1882 4742 2067 4804 evasit

419 4837 742 4919 placidum,
775 4844 835 4899 et
863 4837 923 4896 in
956 4834 1277 4917 perfectam
1305 4841 1591 4896 mutatum
1619 4843 1710 4896 est
1737 4834 2066 4915 tranquilli-

418 4937 638 4992 tatem:
675 4941 734 4992 et
767 4926 880 5010 ipsi
918 4926 1086 4989 obliti
1115 4924 1626 5002 lamentationum,
1675 4923 1748 4988 ad
1799 4923 2059 4987 laetitiam

415 5019 602 5082 animi
626 5025 764 5081 sunt
791 5016 1082 5096 conversi,
1113 5015 1236 5078 Deo
1270 5023 1329 5078 et
1361 5015 1491 5094 ejus
1547 5014 1766 5078 famulo
1818 5023 2063 5094 agentes

417 5103 656 5181 gratias,
688 5109 746 5161 et
775 5099 1095 5179 dupliciter
1143 5115 1278 5159 eum
1341 5096 1729 5174 admirantes,
1791 5105 1852 5158 et
1901 5096 2062 5173 quod

416 5190 790 5270 praedixisset
820 5189 1029 5264 tristia,
1065 5195 1124 5248 et
1155 5186 1315 5264 quod
1347 5185 1720 5249 removisset.

2145 4739 2388 4817 ταχεῖαν
2443 4742 2628 4805 αὐτοῖς
2689 4739 2896 4799 ἔσεσθαι
2955 4742 3051 4809 τὴν
3115 4741 3446 4822 ἀπαλλαγὴν
3501 4752 3600 4803 τοῦ
3653 4747 3814 4801 κακοῦ

2148 4828 2442 4908 προειρώνει
2476 4847 2492 4864 ⁸
2547 4828 2627 4886 διὸ
2679 4833 2770 4888 καὶ
2826 4829 3030 4905 συνῳδά
3086 4845 3205 4896 τοῖς
3262 4833 3486 4910 ῥηθεῖσι
3547 4835 3618 4890 τὰ
3671 4831 3811 4910 πρά-

2147 4939 2330 4996 γματα
2385 4915 2688 4994 ἠκολούθει,
2751 4922 2837 4977 καὶ
2916 4921 2982 4978 τὰ
3065 4919 3328 4979 λυποῦντα
3405 4923 3592 4981 πάντα
3659 4918 3814 4987 ὀξέως

2148 5007 2352 5069 ἐλύετο,
2410 5008 2484 5064 ’Ἡ
2540 5030 2599 5064 ἰε
2661 5010 2757 5090 γὰρ
2811 5009 3052 5067 θάλασσα
3109 5011 3403 5090 ἠμεροῦτο,
3461 5015 3554 5070 καὶ
3607 5014 3682 5074 εἷς
3712 5030 3816 5087 γα-

2148 5095 2322 5166 λήνην
2379 5094 2571 5175 ἀκριϐῆ
2631 5096 3013 5176 μετεϐάλλετο,
3071 5099 3166 5156 καῖ
3223 5100 3382 5158 αὐτοὶ
3440 5108 3556 5160 τῶν
3613 5099 3818 5180 θρήνων

2149 5187 2296 5250 εὐθὺς
2355 5184 2724 5262 ἐκλαθόμενοι,
2799 5190 2930 5268 πρὸς
3004 5189 3245 5264 εὐθυμίαν
3304 5189 3641 5269 ἐτράποντο.
3697 5190 3822 5245 Ἐν-

414 5285 590 5345 me“
649 5285 765 5352 Θεῷ
818 5280 915 5354 μὲν
970 5280 1058 5334 καὶ
1111 5283 1188 5350 τῷ
1257 5280 1414 5338 αὐτου
1481 5278 1751 5356 θεράποντι
1805 5278 1905 5346 τὴν
1965 5277 2127 5358 χάριν
2185 5275 2573 5354 διωμολόγουν.
2639 5276 2815 5354 Διπλῇ
2871 5277 2925 5334 δε
2978 5286 3158 5338 τοῦτον
3215 5281 3594 5357 θαυμάζοντες
3655 5281 3816 5353 ἦσαν,

414 5375 492 5445 τῷ
516 5390 576 5426 τε
609 5380 886 5449 προειπεῖν
915 5366 1029 5444 ἅμα
1058 5365 1158 5433 τὴν
1197 5367 1303 5426 τῶν
1335 5370 1658 5448 σκυθρωπῶν
1690 5366 1898 5448 ἔφοδον,
1934 5369 2022 5425 καὶ
2053 5374 2131 5445 τῷ
2159 5366 2310 5424 λῦσαι
2339 5363 2526 5446 ῥᾳδίως
2558 5368 2626 5428 τὰ
2652 5368 2956 5450 σκυθρωπά.

492 5547 526 5602 9
555 5544 716 5612 Psal.
747 5563 888 5627 XLV,
923 5548 1022 5612 11.
1109 5547 1169 5600 ιο
1195 5546 1358 5612 Psal.
1393 5564 1513 5627 Liv,
1559 5553 1620 5614 8.
