  <div class='ocr_page' id='page_1' title='image "/cluster/home/n/w/nwhite01/storage/ocr_20150623/116/mdp.39015008903554/172.png"; bbox 0 0 3992 6134; ppageno 0'>
   <div class='ocr_carea' id='block_1_1' title="bbox 200 271 305 339">
    <p class='ocr_par' dir='ltr' id='par_1_1' title="bbox 200 271 305 339">
     <span class='ocr_line' id='line_1_1' title="bbox 200 271 305 339; baseline 0.01 -2"><span class='ocrx_word' id='word_1_1' title='bbox 200 271 305 339; x_wconf 64' lang='grc'><strong>329</strong></span> 
     </span>
    </p>
   </div>
   <div class='ocr_carea' id='block_1_2' title="bbox 267 411 1903 494">
    <p class='ocr_par' dir='ltr' id='par_1_2' title="bbox 267 411 1903 494">
     <span class='ocr_line' id='line_1_2' title="bbox 267 411 1903 494; baseline -0.001 -25"><span class='ocrx_word' id='word_1_2' title='bbox 267 412 357 477; x_wconf 82' lang='grc' dir='ltr'><strong>ϐ’,</strong></span> <span class='ocrx_word' id='word_1_3' title='bbox 402 412 564 472; x_wconf 78' lang='grc' dir='ltr'>Ἀλλὰ</span> <span class='ocrx_word' id='word_1_4' title='bbox 608 414 816 473; x_wconf 72' lang='grc' dir='ltr'>τούτων</span> <span class='ocrx_word' id='word_1_5' title='bbox 854 414 1028 478; x_wconf 67' lang='grc' dir='ltr'>οὕτως</span> <span class='ocrx_word' id='word_1_6' title='bbox 1076 414 1312 494; x_wconf 71' lang='grc' dir='ltr'>ἑχόντων</span> <span class='ocrx_word' id='word_1_7' title='bbox 1356 415 1462 470; x_wconf 79' lang='grc' dir='ltr'><strong>τῶν</strong></span> <span class='ocrx_word' id='word_1_8' title='bbox 1517 414 1718 469; x_wconf 80' lang='grc' dir='ltr'>ναυτῶν</span> <span class='ocrx_word' id='word_1_9' title='bbox 1759 411 1903 474; x_wconf 73' lang='grc' dir='ltr'>εἶςΑ</span> 
     </span>
    </p>
   </div>
   <div class='ocr_carea' id='block_1_3' title="bbox 202 501 1843 584">
    <p class='ocr_par' dir='ltr' id='par_1_3' title="bbox 202 501 1843 584">
     <span class='ocr_line' id='line_1_3' title="bbox 202 501 1843 584; baseline -0.002 -25"><span class='ocrx_word' id='word_1_10' title='bbox 202 502 373 582; x_wconf 68' lang='grc' dir='ltr'>(πάλιν</span> <span class='ocrx_word' id='word_1_11' title='bbox 436 506 537 581; x_wconf 77' lang='grc' dir='ltr'><strong>γὰρ</strong></span> <span class='ocrx_word' id='word_1_12' title='bbox 591 508 616 561; x_wconf 77' lang='grc' dir='ltr'><strong>δ</strong></span> <span class='ocrx_word' id='word_1_13' title='bbox 671 504 956 581; x_wconf 55' lang='grc' dir='ltr'>βάσκανος</span> <span class='ocrx_word' id='word_1_14' title='bbox 1019 506 1082 560; x_wconf 78' lang='grc' dir='ltr'>τὰ</span> <span class='ocrx_word' id='word_1_15' title='bbox 1141 505 1353 584; x_wconf 78' lang='grc' dir='ltr'>χρηστὰ</span> <span class='ocrx_word' id='word_1_16' title='bbox 1414 512 1577 562; x_wconf 77' lang='grc' dir='ltr'>ταῦτα</span> <span class='ocrx_word' id='word_1_17' title='bbox 1633 501 1843 579; x_wconf 76' lang='grc' dir='ltr'>πληγὰς</span> 
     </span>
    </p>
   </div>
   <div class='ocr_carea' id='block_1_4' title="bbox 197 591 1844 676">
    <p class='ocr_par' dir='ltr' id='par_1_4' title="bbox 197 591 1844 676">
     <span class='ocr_line' id='line_1_4' title="bbox 197 591 1844 676; baseline -0.001 -28"><span class='ocrx_word' id='word_1_18' title='bbox 197 595 371 651; x_wconf 77' lang='grc' dir='ltr'>ἑαυτοῦ</span> <span class='ocrx_word' id='word_1_19' title='bbox 441 591 816 676; x_wconf 80' lang='grc' dir='ltr'>λογιζόμενος,</span> <span class='ocrx_word' id='word_1_20' title='bbox 893 593 1203 651; x_wconf 70' lang='grc' dir='ltr'><strong>ἀντιλυπεῖν</strong></span> <span class='ocrx_word' id='word_1_21' title='bbox 1275 594 1562 672; x_wconf 74' lang='grc' dir='ltr'>ἐπειρᾶτο),</span> <span class='ocrx_word' id='word_1_22' title='bbox 1622 591 1714 648; x_wconf 73' lang='grc' dir='ltr'>ἐπί</span> <span class='ocrx_word' id='word_1_23' title='bbox 1784 593 1844 647; x_wconf 77' lang='grc' dir='ltr'>τὸ</span> 
     </span>
    </p>
   </div>
   <div class='ocr_carea' id='block_1_5' title="bbox 197 678 1843 763">
    <p class='ocr_par' dir='ltr' id='par_1_5' title="bbox 197 678 1843 763">
     <span class='ocr_line' id='line_1_5' title="bbox 197 678 1843 763; baseline -0.002 -24"><span class='ocrx_word' id='word_1_24' title='bbox 197 683 479 759; x_wconf 67' lang='grc' dir='ltr'>ξηρότατον</span> <span class='ocrx_word' id='word_1_25' title='bbox 533 685 627 753; x_wconf 68' lang='grc' dir='ltr'>τῆς</span> <span class='ocrx_word' id='word_1_26' title='bbox 700 687 880 759; x_wconf 75' lang='grc' dir='ltr'>μὲσης</span> <span class='ocrx_word' id='word_1_27' title='bbox 955 683 1184 741; x_wconf 75' lang='grc' dir='ltr'>ἀνελθὼν</span> <span class='ocrx_word' id='word_1_28' title='bbox 1259 685 1491 762; x_wconf 75' lang='grc' dir='ltr'>κεραίας,</span> <span class='ocrx_word' id='word_1_29' title='bbox 1551 678 1633 763; x_wconf 68' lang='grc' dir='ltr'><strong>ἔφ’</strong></span> <span class='ocrx_word' id='word_1_30' title='bbox 1692 686 1736 755; x_wconf 81' lang='grc' dir='ltr'>ᾧ</span> <span class='ocrx_word' id='word_1_31' title='bbox 1798 704 1843 737; x_wconf 82' lang='grc' dir='ltr'><strong>τι</strong></span> 
     </span>
    </p>
   </div>
   <div class='ocr_carea' id='block_1_6' title="bbox 196 772 1844 853">
    <p class='ocr_par' dir='ltr' id='par_1_6' title="bbox 196 772 1844 853">
     <span class='ocr_line' id='line_1_6' title="bbox 196 772 1844 853; baseline -0.002 -23"><span class='ocrx_word' id='word_1_32' title='bbox 196 779 294 829; x_wconf 81' lang='grc' dir='ltr'>τῶν</span> <span class='ocrx_word' id='word_1_33' title='bbox 338 775 437 841; x_wconf 74' lang='grc' dir='ltr'><strong>τῆς</strong></span> <span class='ocrx_word' id='word_1_34' title='bbox 472 777 607 841; x_wconf 77' lang='grc' dir='ltr'>νεὼς</span> <span class='ocrx_word' id='word_1_35' title='bbox 658 774 843 833; x_wconf 77' lang='grc' dir='ltr'>ὅπλων</span> <span class='ocrx_word' id='word_1_36' title='bbox 874 775 932 831; x_wconf 75' lang='grc' dir='ltr'>εὗ</span> <span class='ocrx_word' id='word_1_37' title='bbox 979 773 1258 853; x_wconf 73' lang='grc' dir='ltr'>διαθεῖναι,</span> <span class='ocrx_word' id='word_1_38' title='bbox 1292 776 1364 838; x_wconf 86' lang='grc' dir='ltr'><strong>ὡς</strong></span> <span class='ocrx_word' id='word_1_39' title='bbox 1411 772 1514 841; x_wconf 68' lang='grc' dir='ltr'>ἤδη</span> <span class='ocrx_word' id='word_1_40' title='bbox 1569 772 1844 830; x_wconf 72' lang='grc' dir='ltr'>κατελθεῖν</span> 
     </span>
    </p>
   </div>
   <div class='ocr_carea' id='block_1_7' title="bbox 199 863 1845 944">
    <p class='ocr_par' dir='ltr' id='par_1_7' title="bbox 199 863 1845 944">
     <span class='ocr_line' id='line_1_7' title="bbox 199 863 1845 944; baseline -0.001 -26"><span class='ocrx_word' id='word_1_41' title='bbox 199 863 438 944; x_wconf 71' lang='grc' dir='ltr'>ἔμελλεν,</span> <span class='ocrx_word' id='word_1_42' title='bbox 491 863 800 939; x_wconf 68' lang='grc' dir='ltr'>ὃλισθῆσας,</span> <span class='ocrx_word' id='word_1_43' title='bbox 838 864 925 920; x_wconf 75' lang='grc' dir='ltr'>ἐπὶ</span> <span class='ocrx_word' id='word_1_44' title='bbox 977 863 1146 939; x_wconf 77' lang='grc' dir='ltr'>μέσην</span> <span class='ocrx_word' id='word_1_45' title='bbox 1193 865 1294 930; x_wconf 68' lang='grc' dir='ltr'><strong>τὴν</strong></span> <span class='ocrx_word' id='word_1_46' title='bbox 1335 870 1456 919; x_wconf 79' lang='grc' dir='ltr'>ναῦν</span> <span class='ocrx_word' id='word_1_47' title='bbox 1506 864 1845 934; x_wconf 67' lang='grc' dir='ltr'>καταπίπτει,</span> 
     </span>
    </p>
   </div>
   <div class='ocr_carea' id='block_1_8' title="bbox 204 944 1848 1034">
    <p class='ocr_par' dir='ltr' id='par_1_8' title="bbox 204 944 1848 1034">
     <span class='ocr_line' id='line_1_8' title="bbox 204 944 1848 1034; baseline -0.001 -27"><span class='ocrx_word' id='word_1_48' title='bbox 204 956 279 1008; x_wconf 73' lang='grc' dir='ltr'><strong>καὶ</strong></span> <span class='ocrx_word' id='word_1_49' title='bbox 334 953 537 1019; x_wconf 66' lang='grc' dir='ltr'>ἄπνους</span> <span class='ocrx_word' id='word_1_50' title='bbox 594 954 787 1034; x_wconf 77' lang='grc' dir='ltr'>ἔκειτο,</span> <span class='ocrx_word' id='word_1_51' title='bbox 835 957 924 1010; x_wconf 79' lang='grc' dir='ltr'><strong>καὶ</strong></span> <span class='ocrx_word' id='word_1_52' title='bbox 986 956 1167 1031; x_wconf 73' lang='grc' dir='ltr'>νεκρὸς</span> <span class='ocrx_word' id='word_1_53' title='bbox 1225 952 1464 1029; x_wconf 71' lang='grc' dir='ltr'>ἄντικρυς</span> <span class='ocrx_word' id='word_1_54' title='bbox 1526 952 1614 1020; x_wconf 80' lang='grc' dir='ltr'>ἧν,</span> <span class='ocrx_word' id='word_1_55' title='bbox 1680 944 1738 1008; x_wconf 71' lang='grc'><strong>’0</strong></span> <span class='ocrx_word' id='word_1_56' title='bbox 1793 949 1848 1007; x_wconf 70' lang='grc' dir='ltr'>δὲ</span> 
     </span>
    </p>
   </div>
   <div class='ocr_carea' id='block_1_9' title="bbox 208 1043 1847 1123">
    <p class='ocr_par' dir='ltr' id='par_1_9' title="bbox 208 1043 1847 1123">
     <span class='ocr_line' id='line_1_9' title="bbox 208 1043 1847 1123; baseline 0.001 -27"><span class='ocrx_word' id='word_1_57' title='bbox 208 1044 291 1109; x_wconf 69' lang='grc' dir='ltr'>τὴν</span> <span class='ocrx_word' id='word_1_58' title='bbox 346 1046 617 1123; x_wconf 63' lang='grc' dir='ltr'>ταχίσνςην</span> <span class='ocrx_word' id='word_1_59' title='bbox 680 1043 982 1122; x_wconf 69' lang='grc' dir='ltr'><strong>ἐπικουρεῖν</strong></span> <span class='ocrx_word' id='word_1_60' title='bbox 1048 1043 1242 1105; x_wconf 75' lang='grc' dir='ltr'>εἰωθὼς</span> <span class='ocrx_word' id='word_1_61' title='bbox 1318 1046 1597 1121; x_wconf 77' lang='grc' dir='ltr'>προσευχῇ</span> <span class='ocrx_word' id='word_1_62' title='bbox 1665 1049 1847 1099; x_wconf 82' lang='grc' dir='ltr'>τοῦτον</span> 
     </span>
    </p>
   </div>
   <div class='ocr_carea' id='block_1_10' title="bbox 212 1130 1851 1211">
    <p class='ocr_par' dir='ltr' id='par_1_10' title="bbox 212 1130 1851 1211">
     <span class='ocr_line' id='line_1_10' title="bbox 212 1130 1851 1211; baseline -0.001 -26"><span class='ocrx_word' id='word_1_63' title='bbox 212 1134 314 1208; x_wconf 62' lang='grc' dir='ltr'>ῥᾷον</span> <span class='ocrx_word' id='word_1_64' title='bbox 381 1133 418 1200; x_wconf 72' lang='grc' dir='ltr'><strong>ἢ</strong></span> <span class='ocrx_word' id='word_1_65' title='bbox 476 1136 574 1189; x_wconf 81' lang='grc' dir='ltr'>τὸν</span> <span class='ocrx_word' id='word_1_66' title='bbox 638 1135 897 1190; x_wconf 68' lang='grc' dir='ltr'>ὃπνοῧντα</span> <span class='ocrx_word' id='word_1_67' title='bbox 973 1130 1232 1211; x_wconf 80' lang='grc' dir='ltr'>διανιστᾷ,</span> <span class='ocrx_word' id='word_1_68' title='bbox 1296 1133 1382 1187; x_wconf 82' lang='grc' dir='ltr'><strong>καὶ</strong></span> <span class='ocrx_word' id='word_1_69' title='bbox 1445 1137 1616 1200; x_wconf 83' lang='grc' dir='ltr'>ζῶντα</span> <span class='ocrx_word' id='word_1_70' title='bbox 1686 1130 1851 1186; x_wconf 76' lang='grc' dir='ltr'>πάλιν</span> 
     </span>
    </p>
   </div>
   <div class='ocr_carea' id='block_1_11' title="bbox 217 1220 1852 1301">
    <p class='ocr_par' dir='ltr' id='par_1_11' title="bbox 217 1220 1852 1301">
     <span class='ocr_line' id='line_1_11' title="bbox 217 1220 1852 1301; baseline -0.002 -24"><span class='ocrx_word' id='word_1_71' title='bbox 217 1223 347 1278; x_wconf 61' lang='grc' dir='ltr'>αὕτόν</span> <span class='ocrx_word' id='word_1_72' title='bbox 428 1237 556 1286; x_wconf 75' lang='grc' dir='ltr'>τοῖς</span> <span class='ocrx_word' id='word_1_73' title='bbox 617 1223 927 1301; x_wconf 72' lang='grc' dir='ltr'><strong>πλωτῆρσιν</strong></span> <span class='ocrx_word' id='word_1_74' title='bbox 998 1222 1349 1293; x_wconf 77' lang='grc' dir='ltr'>ἆποκαθιστᾷ.</span> <span class='ocrx_word' id='word_1_75' title='bbox 1424 1220 1650 1277; x_wconf 74' lang='grc' dir='ltr'>Ἔπειτα</span> <span class='ocrx_word' id='word_1_76' title='bbox 1716 1220 1852 1275; x_wconf 78' lang='grc' dir='ltr'>ἱστία</span> 
     </span>
    </p>
   </div>
   <div class='ocr_carea' id='block_1_12' title="bbox 216 1308 1852 1390">
    <p class='ocr_par' dir='ltr' id='par_1_12' title="bbox 216 1308 1852 1390">
     <span class='ocr_line' id='line_1_12' title="bbox 216 1308 1852 1390; baseline -0.002 -23"><span class='ocrx_word' id='word_1_77' title='bbox 216 1312 363 1368; x_wconf 70' lang='grc' dir='ltr'>τᾶντα</span> <span class='ocrx_word' id='word_1_78' title='bbox 423 1313 787 1390; x_wconf 68' lang='grc' dir='ltr'><strong>πετάσαντες,</strong></span> <span class='ocrx_word' id='word_1_79' title='bbox 819 1314 907 1367; x_wconf 81' lang='grc' dir='ltr'><strong>καὶ</strong></span> <span class='ocrx_word' id='word_1_80' title='bbox 957 1309 1025 1367; x_wconf 86' lang='grc' dir='ltr'>δι’</span> <span class='ocrx_word' id='word_1_81' title='bbox 1078 1311 1234 1389; x_wconf 69' lang='grc' dir='ltr'>αὔρας</span> <span class='ocrx_word' id='word_1_82' title='bbox 1292 1309 1490 1378; x_wconf 75' lang='grc' dir='ltr'>λεπτῆς</span> <span class='ocrx_word' id='word_1_83' title='bbox 1523 1309 1615 1365; x_wconf 82' lang='grc' dir='ltr'><strong>καί</strong></span> <span class='ocrx_word' id='word_1_84' title='bbox 1676 1308 1852 1377; x_wconf 73' lang='grc' dir='ltr'>ἡδείας</span> 
     </span>
    </p>
   </div>
   <div class='ocr_carea' id='block_1_13' title="bbox 217 1397 1850 1477">
    <p class='ocr_par' dir='ltr' id='par_1_13' title="bbox 217 1397 1850 1477">
     <span class='ocr_line' id='line_1_13' title="bbox 217 1397 1850 1477; baseline -0.002 -22"><span class='ocrx_word' id='word_1_85' title='bbox 217 1402 265 1455; x_wconf 67' lang='grc' dir='ltr'><strong>ιο</strong></span> <span class='ocrx_word' id='word_1_86' title='bbox 308 1401 419 1467; x_wconf 77' lang='grc' dir='ltr'><strong>ἑξῆς</strong></span> <span class='ocrx_word' id='word_1_87' title='bbox 453 1409 549 1457; x_wconf 75' lang='grc' dir='ltr'>τοῦ</span> <span class='ocrx_word' id='word_1_88' title='bbox 608 1407 747 1457; x_wconf 76' lang='grc' dir='ltr'>πλοῦ</span> <span class='ocrx_word' id='word_1_89' title='bbox 776 1398 1130 1469; x_wconf 69' lang='grc' dir='ltr'>διανύσαντες,</span> <span class='ocrx_word' id='word_1_90' title='bbox 1166 1401 1238 1463; x_wconf 80' lang='grc' dir='ltr'><strong>ὡς</strong></span> <span class='ocrx_word' id='word_1_91' title='bbox 1268 1398 1371 1465; x_wconf 76' lang='grc' dir='ltr'>ἤδη</span> <span class='ocrx_word' id='word_1_92' title='bbox 1429 1405 1497 1475; x_wconf 74' lang='grc' dir='ltr'>τῇ</span> <span class='ocrx_word' id='word_1_93' title='bbox 1528 1404 1599 1475; x_wconf 79' lang='grc' dir='ltr'>γῆ</span> <span class='ocrx_word' id='word_1_94' title='bbox 1653 1397 1850 1477; x_wconf 80' lang='grc' dir='ltr'>προσέ-</span> 
     </span>
    </p>
   </div>
   <div class='ocr_carea' id='block_1_14' title="bbox 215 1487 1850 1569">
    <p class='ocr_par' dir='ltr' id='par_1_14' title="bbox 215 1487 1850 1569">
     <span class='ocr_line' id='line_1_14' title="bbox 215 1487 1850 1569; baseline -0.001 -24"><span class='ocrx_word' id='word_1_95' title='bbox 215 1513 330 1569; x_wconf 78' lang='grc' dir='ltr'>σχον</span> <span class='ocrx_word' id='word_1_96' title='bbox 398 1488 580 1547; x_wconf 66' lang='grc' dir='ltr'>πολλὰ</span> <span class='ocrx_word' id='word_1_97' title='bbox 655 1494 762 1546; x_wconf 80' lang='grc' dir='ltr'><strong>τῶν</strong></span> <span class='ocrx_word' id='word_1_98' title='bbox 837 1487 1140 1568; x_wconf 77' lang='grc' dir='ltr'>παραδόξων</span> <span class='ocrx_word' id='word_1_99' title='bbox 1213 1492 1355 1551; x_wconf 71' lang='grc' dir='ltr'>εὒθυς</span> <span class='ocrx_word' id='word_1_100' title='bbox 1422 1487 1699 1558; x_wconf 76' lang='grc' dir='ltr'>ἐτελεῖτο,</span> <span class='ocrx_word' id='word_1_101' title='bbox 1767 1489 1850 1543; x_wconf 76' lang='grc' dir='ltr'>καὶ</span> 
     </span>
    </p>
   </div>
   <div class='ocr_carea' id='block_1_15' title="bbox 207 1576 1852 1659">
    <p class='ocr_par' dir='ltr' id='par_1_15' title="bbox 207 1576 1852 1659">
     <span class='ocr_line' id='line_1_15' title="bbox 207 1576 1852 1659; baseline -0.001 -25"><span class='ocrx_word' id='word_1_102' title='bbox 207 1581 491 1651; x_wconf 63' lang='grc' dir='ltr'>θαυμασίων</span> <span class='ocrx_word' id='word_1_103' title='bbox 559 1602 643 1645; x_wconf 85' lang='grc' dir='ltr'><strong>τις</strong></span> <span class='ocrx_word' id='word_1_104' title='bbox 717 1580 1009 1659; x_wconf 72' lang='grc' dir='ltr'>ἆνεκέχυτο</span> <span class='ocrx_word' id='word_1_105' title='bbox 1078 1577 1342 1639; x_wconf 68' lang='grc' dir='ltr'>θάλασσα.</span> <span class='ocrx_word' id='word_1_106' title='bbox 1415 1580 1468 1634; x_wconf 78' lang='grc' dir='ltr'>Εἰ</span> <span class='ocrx_word' id='word_1_107' title='bbox 1542 1576 1640 1657; x_wconf 67' lang='grc' dir='ltr'>γάρ</span> <span class='ocrx_word' id='word_1_108' title='bbox 1696 1599 1852 1633; x_wconf 87' lang='grc' dir='ltr'>συνε-</span> 
     </span>
    </p>
   </div>
   <div class='ocr_carea' id='block_1_16' title="bbox 208 1666 1851 1749">
    <p class='ocr_par' dir='ltr' id='par_1_16' title="bbox 208 1666 1851 1749">
     <span class='ocr_line' id='line_1_16' title="bbox 208 1666 1851 1749; baseline 0 -26"><span class='ocrx_word' id='word_1_109' title='bbox 208 1670 349 1724; x_wconf 68' lang='grc' dir='ltr'>λόντα</span> <span class='ocrx_word' id='word_1_110' title='bbox 402 1690 473 1742; x_wconf 86' lang='grc' dir='ltr'>με</span> <span class='ocrx_word' id='word_1_111' title='bbox 523 1666 613 1725; x_wconf 76' lang='grc' dir='ltr'><strong>δεῖ</strong></span> <span class='ocrx_word' id='word_1_112' title='bbox 674 1670 858 1749; x_wconf 70' lang='grc' dir='ltr'>ιρέναι,</span> <span class='ocrx_word' id='word_1_113' title='bbox 905 1667 1064 1731; x_wconf 60' lang='grc' dir='ltr'>οὐδεὶς</span> <span class='ocrx_word' id='word_1_114' title='bbox 1096 1668 1160 1736; x_wconf 80' lang='grc' dir='ltr'>ἧν</span> <span class='ocrx_word' id='word_1_115' title='bbox 1204 1671 1231 1724; x_wconf 87' lang='grc' dir='ltr'>ὁ</span> <span class='ocrx_word' id='word_1_116' title='bbox 1286 1669 1386 1723; x_wconf 74' lang='grc' dir='ltr'>ὑπὸ</span> <span class='ocrx_word' id='word_1_117' title='bbox 1440 1667 1527 1724; x_wconf 71' lang='grc' dir='ltr'>τοῦ</span> <span class='ocrx_word' id='word_1_118' title='bbox 1583 1669 1778 1729; x_wconf 80' lang='grc' dir='ltr'>πάθους</span> <span class='ocrx_word' id='word_1_119' title='bbox 1817 1669 1851 1732; x_wconf 78' lang='grc' dir='ltr'><strong>ἢ</strong></span> 
     </span>
    </p>
   </div>
   <div class='ocr_carea' id='block_1_17' title="bbox 1548 248 2224 343">
    <p class='ocr_par' dir='ltr' id='par_1_17' title="bbox 1548 248 2224 343">
     <span class='ocr_line' id='line_1_17' title="bbox 1548 248 2224 343; baseline 0 0"><span class='ocrx_word' id='word_1_120' title='bbox 1548 277 1739 343; x_wconf 81' lang='lat' dir='ltr'><strong>VITA</strong></span> <span class='ocrx_word' id='word_1_121' title='bbox 1783 277 1843 339; x_wconf 90' lang='lat' dir='ltr'><strong>s.</strong></span> <span class='ocrx_word' id='word_1_122' title='bbox 1891 248 2224 343; x_wconf 76' lang='lat' dir='ltr'><strong>NiCOLAI.</strong></span> 
     </span>
    </p>
   </div>
   <div class='ocr_carea' id='block_1_18' title="bbox 3456 288 3573 353">
    <p class='ocr_par' dir='ltr' id='par_1_18' title="bbox 3456 288 3573 353">
     <span class='ocr_line' id='line_1_18' title="bbox 3456 288 3573 353; baseline 0.009 -1"><span class='ocrx_word' id='word_1_123' title='bbox 3456 288 3573 353; x_wconf 85' lang='lat'><strong>330</strong></span> 
     </span>
    </p>
   </div>
   <div class='ocr_carea' id='block_1_19' title="bbox 2006 409 3581 497">
    <p class='ocr_par' dir='ltr' id='par_1_19' title="bbox 2006 409 3581 497">
     <span class='ocr_line' id='line_1_19' title="bbox 2006 409 3581 497; baseline 0.008 -25"><span class='ocrx_word' id='word_1_124' title='bbox 2006 410 2111 475; x_wconf 87' lang='grc' dir='ltr'><strong>ΙΧ.</strong></span> <span class='ocrx_word' id='word_1_125' title='bbox 2148 409 2264 475; x_wconf 87' lang='lat' dir='ltr'><strong>Sed</strong></span> <span class='ocrx_word' id='word_1_126' title='bbox 2316 429 2452 474; x_wconf 87' lang='lat' dir='ltr'><strong>cum</strong></span> <span class='ocrx_word' id='word_1_127' title='bbox 2492 411 2623 474; x_wconf 66' lang='lat' dir='ltr'><strong>hmo</strong></span> <span class='ocrx_word' id='word_1_128' title='bbox 2667 411 2748 475; x_wconf 85' lang='lat' dir='ltr'><strong>ita</strong></span> <span class='ocrx_word' id='word_1_129' title='bbox 2778 430 2846 475; x_wconf 89' lang='lat' dir='ltr'><strong>se</strong></span> <span class='ocrx_word' id='word_1_130' title='bbox 2873 411 3189 485; x_wconf 87' lang='lat' dir='ltr'><strong>haberent,</strong></span> <span class='ocrx_word' id='word_1_131' title='bbox 3226 417 3464 497; x_wconf 85' lang='lat' dir='ltr'><strong>quidam</strong></span> <span class='ocrx_word' id='word_1_132' title='bbox 3508 440 3581 484; x_wconf 81' lang='lat' dir='ltr'><strong>ex</strong></span> 
     </span>
    </p>
   </div>
   <div class='ocr_carea' id='block_1_20' title="bbox 1930 501 3578 570">
    <p class='ocr_par' dir='ltr' id='par_1_20' title="bbox 1930 501 3578 570">
     <span class='ocr_line' id='line_1_20' title="bbox 1930 501 3578 570; baseline 0.006 -10"><span class='ocrx_word' id='word_1_133' title='bbox 1930 502 2123 562; x_wconf 98' lang='lat' dir='ltr'><strong>nautis</strong></span> <span class='ocrx_word' id='word_1_134' title='bbox 2149 520 2282 563; x_wconf 92' lang='lat' dir='ltr'><strong>cum</strong></span> <span class='ocrx_word' id='word_1_135' title='bbox 2315 507 2371 562; x_wconf 91' lang='lat' dir='ltr'><strong>in</strong></span> <span class='ocrx_word' id='word_1_136' title='bbox 2398 520 2699 564; x_wconf 90' lang='lat' dir='ltr'><strong>summum</strong></span> <span class='ocrx_word' id='word_1_137' title='bbox 2737 501 2951 564; x_wconf 85' lang='lat' dir='ltr'><strong>mediae</strong></span> <span class='ocrx_word' id='word_1_138' title='bbox 2976 513 3255 566; x_wconf 62' lang='lat' dir='ltr'><strong>antennae</strong></span> <span class='ocrx_word' id='word_1_139' title='bbox 3279 507 3578 570; x_wconf 85' lang='lat' dir='ltr'><strong>ascendis-</strong></span> 
     </span>
    </p>
   </div>
   <div class='ocr_carea' id='block_1_21' title="bbox 1928 590 3580 679">
    <p class='ocr_par' dir='ltr' id='par_1_21' title="bbox 1928 590 3580 679">
     <span class='ocr_line' id='line_1_21' title="bbox 1928 590 3580 679; baseline 0.007 -30"><span class='ocrx_word' id='word_1_140' title='bbox 1928 598 2037 666; x_wconf 82' lang='lat' dir='ltr'><strong>set,</strong></span> <span class='ocrx_word' id='word_1_141' title='bbox 2075 598 2138 651; x_wconf 90' lang='lat' dir='ltr'><strong>ut</strong></span> <span class='ocrx_word' id='word_1_142' title='bbox 2172 590 2334 652; x_wconf 89' lang='lat' dir='ltr'><strong>navis</strong></span> <span class='ocrx_word' id='word_1_143' title='bbox 2355 599 2874 654; x_wconf 71' lang='lat' dir='ltr'><strong>armamentorum</strong></span> <span class='ocrx_word' id='word_1_144' title='bbox 2899 602 3065 654; x_wconf 76' lang='lat' dir='ltr'><strong>recte</strong></span> <span class='ocrx_word' id='word_1_145' title='bbox 3094 594 3316 675; x_wconf 87' lang='lat' dir='ltr'><strong>aliquid</strong></span> <span class='ocrx_word' id='word_1_146' title='bbox 3341 615 3580 679; x_wconf 83' lang='lat' dir='ltr'><strong>compo-</strong></span> 
     </span>
    </p>
   </div>
   <div class='ocr_carea' id='block_1_22' title="bbox 1931 681 3579 761">
    <p class='ocr_par' dir='ltr' id='par_1_22' title="bbox 1931 681 3579 761">
     <span class='ocr_line' id='line_1_22' title="bbox 1931 681 3579 761; baseline 0.007 -22"><span class='ocrx_word' id='word_1_147' title='bbox 1931 687 2121 756; x_wconf 88' lang='lat' dir='ltr'><strong>neret,</strong></span> <span class='ocrx_word' id='word_1_148' title='bbox 2157 700 2289 742; x_wconf 88' lang='lat' dir='ltr'><strong>cum</strong></span> <span class='ocrx_word' id='word_1_149' title='bbox 2340 681 2463 761; x_wconf 89' lang='lat' dir='ltr'><strong>jam</strong></span> <span class='ocrx_word' id='word_1_150' title='bbox 2498 681 2663 743; x_wconf 91' lang='lat' dir='ltr'><strong>illinc</strong></span> <span class='ocrx_word' id='word_1_151' title='bbox 2689 688 2850 745; x_wconf 84' lang='lat' dir='ltr'><strong>esset</strong></span> <span class='ocrx_word' id='word_1_152' title='bbox 2900 683 3321 761; x_wconf 74' lang='lat' dir='ltr'><strong>descensurus,</strong></span> <span class='ocrx_word' id='word_1_153' title='bbox 3357 705 3426 748; x_wconf 79' lang='lat' dir='ltr'><strong>ex</strong></span> <span class='ocrx_word' id='word_1_154' title='bbox 3465 691 3579 751; x_wconf 89' lang='lat' dir='ltr'><strong>alto</strong></span> 
     </span>
    </p>
   </div>
   <div class='ocr_carea' id='block_1_23' title="bbox 1934 768 3579 856">
    <p class='ocr_par' dir='ltr' id='par_1_23' title="bbox 1934 768 3579 856">
     <span class='ocr_line' id='line_1_23' title="bbox 1934 768 3579 856; baseline 0.005 -26"><span class='ocrx_word' id='word_1_155' title='bbox 1934 768 2140 851; x_wconf 89' lang='lat' dir='ltr'><strong>lapsus</strong></span> <span class='ocrx_word' id='word_1_156' title='bbox 2172 770 2328 832; x_wconf 82' lang='lat' dir='ltr'><strong>cadit</strong></span> <span class='ocrx_word' id='word_1_157' title='bbox 2358 778 2417 833; x_wconf 88' lang='lat' dir='ltr'><strong>in</strong></span> <span class='ocrx_word' id='word_1_158' title='bbox 2452 772 2710 833; x_wconf 87' lang='lat' dir='ltr'><strong>mediam</strong></span> <span class='ocrx_word' id='word_1_159' title='bbox 2761 790 3023 836; x_wconf 88' lang='lat' dir='ltr'><strong>navem:</strong></span> <span class='ocrx_word' id='word_1_160' title='bbox 3078 782 3134 836; x_wconf 91' lang='lat' dir='ltr'><strong>et</strong></span> <span class='ocrx_word' id='word_1_161' title='bbox 3182 773 3285 836; x_wconf 91' lang='lat' dir='ltr'><strong>ille</strong></span> <span class='ocrx_word' id='word_1_162' title='bbox 3338 776 3579 856; x_wconf 85' lang='lat' dir='ltr'><strong>quidem</strong></span> 
     </span>
    </p>
   </div>
   <div class='ocr_carea' id='block_1_24' title="bbox 1926 858 3581 942">
    <p class='ocr_par' dir='ltr' id='par_1_24' title="bbox 1926 858 3581 942">
     <span class='ocr_line' id='line_1_24' title="bbox 1926 858 3581 942; baseline 0.007 -24"><span class='ocrx_word' id='word_1_163' title='bbox 1926 858 2165 938; x_wconf 87' lang='lat' dir='ltr'><strong>jacebat</strong></span> <span class='ocrx_word' id='word_1_164' title='bbox 2215 860 2363 922; x_wconf 91' lang='lat' dir='ltr'><strong>nihil</strong></span> <span class='ocrx_word' id='word_1_165' title='bbox 2397 860 2634 942; x_wconf 86' lang='lat' dir='ltr'><strong>spirans</strong></span> <span class='ocrx_word' id='word_1_166' title='bbox 2666 870 2726 924; x_wconf 89' lang='lat' dir='ltr'><strong>et</strong></span> <span class='ocrx_word' id='word_1_167' title='bbox 2786 860 3101 925; x_wconf 79' lang='lat' dir='ltr'><strong>videbatur</strong></span> <span class='ocrx_word' id='word_1_168' title='bbox 3131 876 3418 929; x_wconf 89' lang='lat' dir='ltr'><strong>mortuus.</strong></span> <span class='ocrx_word' id='word_1_169' title='bbox 3475 866 3581 930; x_wconf 90' lang='lat' dir='ltr'><strong>llle</strong></span> 
     </span>
    </p>
   </div>
   <div class='ocr_carea' id='block_1_25' title="bbox 1933 950 3584 1031">
    <p class='ocr_par' dir='ltr' id='par_1_25' title="bbox 1933 950 3584 1031">
     <span class='ocr_line' id='line_1_25' title="bbox 1933 950 3584 1031; baseline 0.006 -23"><span class='ocrx_word' id='word_1_170' title='bbox 1933 965 2069 1009; x_wconf 90' lang='lat' dir='ltr'><strong>vero</strong></span> <span class='ocrx_word' id='word_1_171' title='bbox 2091 950 2162 1010; x_wconf 89' lang='lat' dir='ltr'><strong>ad</strong></span> <span class='ocrx_word' id='word_1_172' title='bbox 2180 969 2352 1031; x_wconf 86' lang='lat' dir='ltr'><strong>opem</strong></span> <span class='ocrx_word' id='word_1_173' title='bbox 2377 950 2686 1012; x_wconf 85' lang='lat' dir='ltr'><strong>ferendam</strong></span> <span class='ocrx_word' id='word_1_174' title='bbox 2713 950 2890 1013; x_wconf 90' lang='lat' dir='ltr'><strong>etiam</strong></span> <span class='ocrx_word' id='word_1_175' title='bbox 2917 962 3241 1029; x_wconf 80' lang='lat' dir='ltr'><strong>antequam</strong></span> <span class='ocrx_word' id='word_1_176' title='bbox 3276 964 3584 1018; x_wconf 80' lang='lat' dir='ltr'><strong>vocaretur</strong></span> 
     </span>
    </p>
   </div>
   <div class='ocr_carea' id='block_1_26' title="bbox 1933 1038 3582 1124">
    <p class='ocr_par' dir='ltr' id='par_1_26' title="bbox 1933 1038 3582 1124">
     <span class='ocr_line' id='line_1_26' title="bbox 1933 1038 3582 1124; baseline 0.005 -26"><span class='ocrx_word' id='word_1_177' title='bbox 1933 1038 2366 1120; x_wconf 86' lang='lat' dir='ltr'><strong>paratissimus,</strong></span> <span class='ocrx_word' id='word_1_178' title='bbox 2393 1040 2664 1102; x_wconf 83' lang='lat' dir='ltr'><strong>oratione</strong></span> <span class='ocrx_word' id='word_1_179' title='bbox 2686 1058 2822 1102; x_wconf 90' lang='lat' dir='ltr'><strong>eum</strong></span> <span class='ocrx_word' id='word_1_180' title='bbox 2846 1040 3076 1102; x_wconf 82' lang='lat' dir='ltr'><strong>facilius</strong></span> <span class='ocrx_word' id='word_1_181' title='bbox 3102 1062 3274 1124; x_wconf 89' lang='lat' dir='ltr'><strong>quam</strong></span> <span class='ocrx_word' id='word_1_182' title='bbox 3298 1051 3346 1105; x_wconf 89' lang='lat' dir='ltr'><strong>si</strong></span> <span class='ocrx_word' id='word_1_183' title='bbox 3371 1064 3582 1107; x_wconf 85' lang='lat' dir='ltr'><strong>somno</strong></span> 
     </span>
    </p>
   </div>
   <div class='ocr_carea' id='block_1_27' title="bbox 1935 1126 3585 1197">
    <p class='ocr_par' dir='ltr' id='par_1_27' title="bbox 1935 1126 3585 1197">
     <span class='ocr_line' id='line_1_27' title="bbox 1935 1126 3585 1197; baseline 0.005 -9"><span class='ocrx_word' id='word_1_184' title='bbox 1935 1126 2305 1189; x_wconf 82' lang='lat' dir='ltr'><strong>delineretur</strong></span> <span class='ocrx_word' id='word_1_185' title='bbox 2340 1129 2596 1191; x_wconf 82' lang='lat' dir='ltr'><strong>excitat:</strong></span> <span class='ocrx_word' id='word_1_186' title='bbox 2636 1137 2694 1191; x_wconf 91' lang='lat' dir='ltr'><strong>et</strong></span> <span class='ocrx_word' id='word_1_187' title='bbox 2729 1129 2919 1191; x_wconf 78' lang='lat' dir='ltr'><strong>vivum</strong></span> <span class='ocrx_word' id='word_1_188' title='bbox 2954 1149 3160 1194; x_wconf 89' lang='lat' dir='ltr'><strong>rursus</strong></span> <span class='ocrx_word' id='word_1_189' title='bbox 3211 1133 3406 1196; x_wconf 81' lang='lat' dir='ltr'><strong>nautis</strong></span> <span class='ocrx_word' id='word_1_190' title='bbox 3452 1135 3585 1197; x_wconf 88' lang='lat' dir='ltr'><strong>red-</strong></span> 
     </span>
    </p>
   </div>
   <div class='ocr_carea' id='block_1_28' title="bbox 1936 1215 3586 1302">
    <p class='ocr_par' dir='ltr' id='par_1_28' title="bbox 1936 1215 3586 1302">
     <span class='ocr_line' id='line_1_28' title="bbox 1936 1215 3586 1302; baseline 0.004 -25"><span class='ocrx_word' id='word_1_191' title='bbox 1936 1215 2109 1280; x_wconf 90' lang='lat' dir='ltr'><strong>didit.</strong></span> <span class='ocrx_word' id='word_1_192' title='bbox 2162 1216 2392 1281; x_wconf 88' lang='lat' dir='ltr'><strong>Deinde</strong></span> <span class='ocrx_word' id='word_1_193' title='bbox 2423 1238 2555 1281; x_wconf 91' lang='lat' dir='ltr'><strong>cum</strong></span> <span class='ocrx_word' id='word_1_194' title='bbox 2609 1218 2739 1281; x_wconf 87' lang='lat' dir='ltr'><strong>vela</strong></span> <span class='ocrx_word' id='word_1_195' title='bbox 2798 1219 3000 1281; x_wconf 84' lang='lat' dir='ltr'><strong>omnia</strong></span> <span class='ocrx_word' id='word_1_196' title='bbox 3046 1222 3490 1302; x_wconf 84' lang='lat' dir='ltr'><strong>expandissent,</strong></span> <span class='ocrx_word' id='word_1_197' title='bbox 3526 1232 3586 1286; x_wconf 89' lang='lat' dir='ltr'><strong>et</strong></span> 
     </span>
    </p>
   </div>
   <div class='ocr_carea' id='block_1_29' title="bbox 1935 1306 3584 1394">
    <p class='ocr_par' dir='ltr' id='par_1_29' title="bbox 1935 1306 3584 1394">
     <span class='ocr_line' id='line_1_29' title="bbox 1935 1306 3584 1394; baseline 0.005 -28"><span class='ocrx_word' id='word_1_198' title='bbox 1935 1324 2083 1367; x_wconf 87' lang='lat' dir='ltr'><strong>aura</strong></span> <span class='ocrx_word' id='word_1_199' title='bbox 2107 1306 2301 1369; x_wconf 87' lang='lat' dir='ltr'><strong>leniet</strong></span> <span class='ocrx_word' id='word_1_200' title='bbox 2323 1308 2485 1371; x_wconf 92' lang='lat' dir='ltr'><strong>suavi</strong></span> <span class='ocrx_word' id='word_1_201' title='bbox 2508 1309 2907 1370; x_wconf 87' lang='lat' dir='ltr'><strong>confecissent</strong></span> <span class='ocrx_word' id='word_1_202' title='bbox 2931 1319 3277 1390; x_wconf 87' lang='lat' dir='ltr'><strong>sequentem</strong></span> <span class='ocrx_word' id='word_1_203' title='bbox 3300 1312 3584 1394; x_wconf 81' lang='lat' dir='ltr'><strong>deinceps</strong></span> 
     </span>
    </p>
   </div>
   <div class='ocr_carea' id='block_1_30' title="bbox 1937 1395 3586 1482">
    <p class='ocr_par' dir='ltr' id='par_1_30' title="bbox 1937 1395 3586 1482">
     <span class='ocr_line' id='line_1_30' title="bbox 1937 1395 3586 1482; baseline 0.006 -28"><span class='ocrx_word' id='word_1_204' title='bbox 1937 1395 2393 1474; x_wconf 82' lang='lat' dir='ltr'><strong>navigationem,</strong></span> <span class='ocrx_word' id='word_1_205' title='bbox 2421 1417 2552 1459; x_wconf 90' lang='lat' dir='ltr'><strong>cum</strong></span> <span class='ocrx_word' id='word_1_206' title='bbox 2573 1398 2697 1478; x_wconf 89' lang='lat' dir='ltr'><strong>jam</strong></span> <span class='ocrx_word' id='word_1_207' title='bbox 2730 1404 2905 1459; x_wconf 67' lang='lat' dir='ltr'><strong>terra)</strong></span> <span class='ocrx_word' id='word_1_208' title='bbox 2935 1399 3335 1482; x_wconf 79' lang='lat' dir='ltr'><strong>appulissent,</strong></span> <span class='ocrx_word' id='word_1_209' title='bbox 3372 1403 3586 1464; x_wconf 86' lang='lat' dir='ltr'><strong>multas</strong></span> 
     </span>
    </p>
   </div>
   <div class='ocr_carea' id='block_1_31' title="bbox 1936 1484 3589 1568">
    <p class='ocr_par' dir='ltr' id='par_1_31' title="bbox 1936 1484 3589 1568">
     <span class='ocr_line' id='line_1_31' title="bbox 1936 1484 3589 1568; baseline 0.004 -22"><span class='ocrx_word' id='word_1_210' title='bbox 1936 1484 2223 1547; x_wconf 92' lang='lat' dir='ltr'><strong>Dominus</strong></span> <span class='ocrx_word' id='word_1_211' title='bbox 2271 1506 2378 1568; x_wconf 90' lang='lat' dir='ltr'><strong>per</strong></span> <span class='ocrx_word' id='word_1_212' title='bbox 2406 1485 2713 1549; x_wconf 89' lang='lat' dir='ltr'><strong>Nicolaum</strong></span> <span class='ocrx_word' id='word_1_213' title='bbox 2771 1487 2912 1550; x_wconf 84' lang='lat' dir='ltr'><strong>fecit</strong></span> <span class='ocrx_word' id='word_1_214' title='bbox 2942 1488 3299 1551; x_wconf 86' lang='lat' dir='ltr'><strong>curationes.</strong></span> <span class='ocrx_word' id='word_1_215' title='bbox 3347 1491 3495 1554; x_wconf 88' lang='lat' dir='ltr'><strong>Nam</strong></span> <span class='ocrx_word' id='word_1_216' title='bbox 3531 1501 3589 1552; x_wconf 91' lang='lat' dir='ltr'><strong>et</strong></span> 
     </span>
    </p>
   </div>
   <div class='ocr_carea' id='block_1_32' title="bbox 1936 1575 3587 1661">
    <p class='ocr_par' dir='ltr' id='par_1_32' title="bbox 1936 1575 3587 1661">
     <span class='ocr_line' id='line_1_32' title="bbox 1936 1575 3587 1661; baseline 0.004 -27"><span class='ocrx_word' id='word_1_217' title='bbox 1936 1575 2076 1635; x_wconf 74' lang='lat' dir='ltr'><strong>czeci</strong></span> <span class='ocrx_word' id='word_1_218' title='bbox 2110 1575 2313 1637; x_wconf 82' lang='lat' dir='ltr'><strong>statim</strong></span> <span class='ocrx_word' id='word_1_219' title='bbox 2341 1576 2583 1639; x_wconf 78' lang='lat' dir='ltr'><strong>charum</strong></span> <span class='ocrx_word' id='word_1_220' title='bbox 2607 1576 2805 1638; x_wconf 90' lang='lat' dir='ltr'><strong>lucem</strong></span> <span class='ocrx_word' id='word_1_221' title='bbox 2832 1575 3238 1657; x_wconf 79' lang='lat' dir='ltr'><strong>aspiciebant:</strong></span> <span class='ocrx_word' id='word_1_222' title='bbox 3276 1588 3337 1639; x_wconf 89' lang='lat' dir='ltr'><strong>et</strong></span> <span class='ocrx_word' id='word_1_223' title='bbox 3358 1579 3457 1641; x_wconf 83' lang='lat' dir='ltr'><strong>alii</strong></span> <span class='ocrx_word' id='word_1_224' title='bbox 3486 1580 3587 1661; x_wconf 89' lang='lat' dir='ltr'><strong>qui</strong></span> 
     </span>
    </p>
   </div>
   <div class='ocr_carea' id='block_1_33' title="bbox 1937 1663 3581 1746">
    <p class='ocr_par' dir='ltr' id='par_1_33' title="bbox 1937 1663 3581 1746">
     <span class='ocr_line' id='line_1_33' title="bbox 1937 1663 3581 1746; baseline 0.005 -23"><span class='ocrx_word' id='word_1_225' title='bbox 1937 1663 2728 1745; x_wconf 87' lang='lat' dir='ltr'><strong>laborabant,liberabantur</strong></span> <span class='ocrx_word' id='word_1_226' title='bbox 2748 1664 2910 1727; x_wconf 90' lang='lat' dir='ltr'><strong>abiis</strong></span> <span class='ocrx_word' id='word_1_227' title='bbox 2926 1685 3060 1746; x_wconf 82' lang='lat' dir='ltr'><strong>quae</strong></span> <span class='ocrx_word' id='word_1_228' title='bbox 3073 1666 3370 1729; x_wconf 81' lang='lat' dir='ltr'><strong>habebant</strong></span> <span class='ocrx_word' id='word_1_229' title='bbox 3389 1671 3581 1731; x_wconf 89' lang='lat' dir='ltr'><strong>malis.</strong></span> 
     </span>
    </p>
   </div>
   <div class='ocr_carea' id='block_1_34' title="bbox 206 1751 1854 1837">
    <p class='ocr_par' dir='ltr' id='par_1_34' title="bbox 206 1758 1845 1834">
     <span class='ocr_line' id='line_1_34' title="bbox 206 1758 1845 1834; baseline -0.001 -19"><span class='ocrx_word' id='word_1_230' title='bbox 206 1761 487 1831; x_wconf 70' lang='grc' dir='ltr'><strong>νοσήματος</strong></span> <span class='ocrx_word' id='word_1_231' title='bbox 571 1759 916 1834; x_wconf 75' lang='grc' dir='ltr'><strong>πιεζόμενος,</strong></span> <span class='ocrx_word' id='word_1_232' title='bbox 982 1758 1016 1826; x_wconf 72' lang='grc' dir='ltr'><strong>ἢ</strong></span> <span class='ocrx_word' id='word_1_233' title='bbox 1087 1758 1228 1833; x_wconf 76' lang='grc' dir='ltr'>λύπῃ</span> <span class='ocrx_word' id='word_1_234' title='bbox 1300 1760 1399 1813; x_wconf 85' lang='grc' dir='ltr'>τινὶ</span> <span class='ocrx_word' id='word_1_235' title='bbox 1470 1758 1845 1834; x_wconf 74' lang='grc' dir='ltr'><strong>βαρυνόμενος,</strong></span> 
     </span>
    </p>
   </div>
   <div class='ocr_carea' id='block_1_35' title="bbox 1943 1751 3587 1837">
    <p class='ocr_par' dir='ltr' id='par_1_35' title="bbox 1943 1751 3587 1837">
     <span class='ocr_line' id='line_1_35' title="bbox 1943 1751 3587 1837; baseline 0.004 -23"><span class='ocrx_word' id='word_1_236' title='bbox 1943 1751 2004 1815; x_wconf 87' lang='lat' dir='ltr'><strong>Et</strong></span> <span class='ocrx_word' id='word_1_237' title='bbox 2034 1763 2096 1814; x_wconf 86' lang='lat' dir='ltr'><strong>ut</strong></span> <span class='ocrx_word' id='word_1_238' title='bbox 2126 1755 2313 1817; x_wconf 91' lang='lat' dir='ltr'><strong>semel</strong></span> <span class='ocrx_word' id='word_1_239' title='bbox 2357 1756 2577 1831; x_wconf 87' lang='lat' dir='ltr'><strong>dicam,</strong></span> <span class='ocrx_word' id='word_1_240' title='bbox 2611 1756 2815 1819; x_wconf 90' lang='lat' dir='ltr'><strong>nullus</strong></span> <span class='ocrx_word' id='word_1_241' title='bbox 2859 1764 2987 1817; x_wconf 88' lang='lat' dir='ltr'><strong>erat</strong></span> <span class='ocrx_word' id='word_1_242' title='bbox 3017 1756 3117 1837; x_wconf 91' lang='lat' dir='ltr'><strong>qui</strong></span> <span class='ocrx_word' id='word_1_243' title='bbox 3168 1757 3240 1818; x_wconf 83' lang='lat' dir='ltr'><strong>ab</strong></span> <span class='ocrx_word' id='word_1_244' title='bbox 3273 1758 3394 1820; x_wconf 90' lang='lat' dir='ltr'><strong>ullo</strong></span> <span class='ocrx_word' id='word_1_245' title='bbox 3428 1760 3587 1821; x_wconf 87' lang='lat' dir='ltr'><strong>deti-</strong></span> 
     </span>
    </p>
   </div>
   <div class='ocr_carea' id='block_1_36' title="bbox 209 1846 1849 1927">
    <p class='ocr_par' dir='ltr' id='par_1_36' title="bbox 209 1846 1849 1927">
     <span class='ocr_line' id='line_1_36' title="bbox 209 1846 1849 1927; baseline 0.001 -26"><span class='ocrx_word' id='word_1_246' title='bbox 209 1851 256 1910; x_wconf 70' lang='grc' dir='ltr'><strong>ῖς</strong></span> <span class='ocrx_word' id='word_1_247' title='bbox 305 1849 386 1904; x_wconf 73' lang='grc' dir='ltr'>ἐπὶ</span> <span class='ocrx_word' id='word_1_248' title='bbox 440 1848 711 1920; x_wconf 72' lang='grc' dir='ltr'>Νικολάῳ</span> <span class='ocrx_word' id='word_1_249' title='bbox 774 1847 1073 1927; x_wconf 76' lang='grc' dir='ltr'><strong>προσέλθοι,</strong></span> <span class='ocrx_word' id='word_1_250' title='bbox 1123 1847 1200 1923; x_wconf 77' lang='grc' dir='ltr'>μὴ</span> <span class='ocrx_word' id='word_1_251' title='bbox 1261 1846 1405 1909; x_wconf 69' lang='grc' dir='ltr'>εὐθὺς</span> <span class='ocrx_word' id='word_1_252' title='bbox 1455 1849 1592 1919; x_wconf 74' lang='grc' dir='ltr'>ἰᾶτο,</span> <span class='ocrx_word' id='word_1_253' title='bbox 1646 1849 1731 1902; x_wconf 79' lang='grc' dir='ltr'><strong>καὶ</strong></span> <span class='ocrx_word' id='word_1_254' title='bbox 1791 1849 1849 1902; x_wconf 79' lang='grc' dir='ltr'><strong>τό</strong></span> 
     </span>
    </p>
   </div>
   <div class='ocr_carea' id='block_1_37' title="bbox 218 1935 1846 2017">
    <p class='ocr_par' dir='ltr' id='par_1_37' title="bbox 218 1935 1846 2017">
     <span class='ocr_line' id='line_1_37' title="bbox 218 1935 1846 2017; baseline -0.001 -26"><span class='ocrx_word' id='word_1_255' title='bbox 218 1946 370 1995; x_wconf 48' lang='lat' dir='ltr'><strong>Liv}:</strong></span> <span class='ocrx_word' id='word_1_256' title='bbox 428 1936 811 1997; x_wconf 69' lang='grc' dir='ltr'>ἆττεϐάλλετο.</span> <span class='ocrx_word' id='word_1_257' title='bbox 890 1937 1069 2001; x_wconf 54' lang='grc' dir='ltr'>Οὕτως</span> <span class='ocrx_word' id='word_1_258' title='bbox 1146 1937 1235 1993; x_wconf 75' lang='grc' dir='ltr'>οὗν</span> <span class='ocrx_word' id='word_1_259' title='bbox 1293 1936 1351 1992; x_wconf 77' lang='grc' dir='ltr'><strong>οὒ</strong></span> <span class='ocrx_word' id='word_1_260' title='bbox 1415 1935 1602 2014; x_wconf 75' lang='grc' dir='ltr'>ῥᾳδίως</span> <span class='ocrx_word' id='word_1_261' title='bbox 1661 1937 1846 2017; x_wconf 81' lang='grc' dir='ltr'>μόνον,</span> 
     </span>
    </p>
   </div>
   <div class='ocr_carea' id='block_1_38' title="bbox 224 2025 1853 2105">
    <p class='ocr_par' dir='ltr' id='par_1_38' title="bbox 224 2025 1853 2105">
     <span class='ocr_line' id='line_1_38' title="bbox 224 2025 1853 2105; baseline 0 -24"><span class='ocrx_word' id='word_1_262' title='bbox 224 2026 338 2083; x_wconf 71' lang='lat' dir='ltr'><strong>am</strong></span> <span class='ocrx_word' id='word_1_263' title='bbox 388 2031 475 2084; x_wconf 82' lang='grc' dir='ltr'><strong>καὶ</strong></span> <span class='ocrx_word' id='word_1_264' title='bbox 559 2028 790 2103; x_wconf 79' lang='grc' dir='ltr'>ἀμίσθου</span> <span class='ocrx_word' id='word_1_265' title='bbox 859 2033 955 2104; x_wconf 80' lang='grc' dir='ltr'>τῇς</span> <span class='ocrx_word' id='word_1_266' title='bbox 1023 2028 1214 2089; x_wconf 83' lang='grc' dir='ltr'>ἰάσεως</span> <span class='ocrx_word' id='word_1_267' title='bbox 1286 2025 1600 2105; x_wconf 74' lang='grc' dir='ltr'><strong>γινομένης,</strong></span> <span class='ocrx_word' id='word_1_268' title='bbox 1662 2026 1853 2089; x_wconf 86' lang='grc' dir='ltr'>πόσους</span> 
     </span>
    </p>
   </div>
   <div class='ocr_carea' id='block_1_39' title="bbox 221 2114 1853 2194">
    <p class='ocr_par' dir='ltr' id='par_1_39' title="bbox 221 2114 1853 2194">
     <span class='ocr_line' id='line_1_39' title="bbox 221 2114 1853 2194; baseline 0 -23"><span class='ocrx_word' id='word_1_269' title='bbox 221 2118 301 2189; x_wconf 69' lang='grc' dir='ltr'>μὲν</span> <span class='ocrx_word' id='word_1_270' title='bbox 335 2120 469 2175; x_wconf 81' lang='grc' dir='ltr'>εἶναι</span> <span class='ocrx_word' id='word_1_271' title='bbox 508 2119 643 2184; x_wconf 78' lang='grc' dir='ltr'>τοὺς</span> <span class='ocrx_word' id='word_1_272' title='bbox 702 2116 984 2192; x_wconf 73' lang='grc' dir='ltr'>ἰωμένους,</span> <span class='ocrx_word' id='word_1_273' title='bbox 1025 2117 1192 2183; x_wconf 83' lang='grc' dir='ltr'>πόσην</span> <span class='ocrx_word' id='word_1_274' title='bbox 1251 2114 1305 2171; x_wconf 76' lang='grc' dir='ltr'>δὲ</span> <span class='ocrx_word' id='word_1_275' title='bbox 1336 2118 1465 2194; x_wconf 79' lang='grc' dir='ltr'>πρὸς</span> <span class='ocrx_word' id='word_1_276' title='bbox 1526 2124 1654 2171; x_wconf 79' lang='grc' dir='ltr'>Θεὸν</span> <span class='ocrx_word' id='word_1_277' title='bbox 1707 2117 1853 2192; x_wconf 84' lang='grc' dir='ltr'>γίνε-</span> 
     </span>
    </p>
   </div>
   <div class='ocr_carea' id='block_1_40' title="bbox 208 2204 1853 2287">
    <p class='ocr_par' dir='ltr' id='par_1_40' title="bbox 208 2204 1853 2287">
     <span class='ocr_line' id='line_1_40' title="bbox 208 2204 1853 2287; baseline -0.001 -25"><span class='ocrx_word' id='word_1_278' title='bbox 208 2210 299 2262; x_wconf 70' lang='grc' dir='ltr'>σθαι</span> <span class='ocrx_word' id='word_1_279' title='bbox 349 2209 448 2277; x_wconf 70' lang='grc' dir='ltr'><strong>τὴν</strong></span> <span class='ocrx_word' id='word_1_280' title='bbox 516 2210 902 2287; x_wconf 73' lang='grc' dir='ltr'>εὖχαριστιαν,</span> <span class='ocrx_word' id='word_1_281' title='bbox 967 2209 1052 2263; x_wconf 77' lang='grc' dir='ltr'><strong>καὶ</strong></span> <span class='ocrx_word' id='word_1_282' title='bbox 1111 2207 1287 2272; x_wconf 66' lang='grc' dir='ltr'>πόσην</span> <span class='ocrx_word' id='word_1_283' title='bbox 1342 2206 1442 2283; x_wconf 73' lang='grc' dir='ltr'>ἄρα</span> <span class='ocrx_word' id='word_1_284' title='bbox 1495 2208 1597 2262; x_wconf 76' lang='grc' dir='ltr'>τών</span> <span class='ocrx_word' id='word_1_285' title='bbox 1643 2204 1853 2271; x_wconf 82' lang='grc' dir='ltr'>δοξολο-</span> 
     </span>
    </p>
   </div>
   <div class='ocr_carea' id='block_1_41' title="bbox 196 2293 1854 2375">
    <p class='ocr_par' dir='ltr' id='par_1_41' title="bbox 196 2293 1854 2375">
     <span class='ocr_line' id='line_1_41' title="bbox 196 2293 1854 2375; baseline 0.002 -23"><span class='ocrx_word' id='word_1_286' title='bbox 196 2298 406 2371; x_wconf 64' lang='grc' dir='ltr'>γοόντων</span> <span class='ocrx_word' id='word_1_287' title='bbox 466 2298 812 2375; x_wconf 73' lang='grc' dir='ltr'>ἁθροίζεσθαι</span> <span class='ocrx_word' id='word_1_288' title='bbox 861 2297 957 2363; x_wconf 66' lang='grc' dir='ltr'>τὴν</span> <span class='ocrx_word' id='word_1_289' title='bbox 1012 2297 1328 2373; x_wconf 69' lang='grc' dir='ltr'>πανήγυριν,</span> <span class='ocrx_word' id='word_1_290' title='bbox 1361 2293 1566 2352; x_wconf 52' lang='grc' dir='ltr'>δίδωσιν</span> <span class='ocrx_word' id='word_1_291' title='bbox 1613 2297 1639 2351; x_wconf 81' lang='grc' dir='ltr'>ὁ</span> <span class='ocrx_word' id='word_1_292' title='bbox 1696 2294 1854 2373; x_wconf 79' lang='grc' dir='ltr'>λόγος</span> 
     </span>
    </p>
   </div>
   <div class='ocr_carea' id='block_1_42' title="bbox 189 2382 1856 2463">
    <p class='ocr_par' dir='ltr' id='par_1_42' title="bbox 189 2382 1856 2463">
     <span class='ocr_line' id='line_1_42' title="bbox 189 2382 1856 2463; baseline -0.001 -23"><span class='ocrx_word' id='word_1_293' title='bbox 189 2386 289 2459; x_wconf 74' lang='grc' dir='ltr'>Ξμα</span> <span class='ocrx_word' id='word_1_294' title='bbox 340 2399 610 2448; x_wconf 72' lang='grc' dir='ltr'>σκοπεῖν,</span> <span class='ocrx_word' id='word_1_295' title='bbox 670 2389 744 2444; x_wconf 65' lang='grc' dir='ltr'>Τξ</span> <span class='ocrx_word' id='word_1_296' title='bbox 800 2387 897 2463; x_wconf 76' lang='grc' dir='ltr'>γὰρ</span> <span class='ocrx_word' id='word_1_297' title='bbox 956 2384 1152 2441; x_wconf 81' lang='grc' dir='ltr'>ἕκαστα</span> <span class='ocrx_word' id='word_1_298' title='bbox 1201 2386 1399 2441; x_wconf 74' lang='grc' dir='ltr'>τούτων</span> <span class='ocrx_word' id='word_1_299' title='bbox 1431 2382 1620 2440; x_wconf 77' lang='grc' dir='ltr'>διδόναι</span> <span class='ocrx_word' id='word_1_300' title='bbox 1683 2384 1856 2462; x_wconf 72' lang='grc' dir='ltr'>γραφῆ</span> 
     </span>
    </p>
   </div>
   <div class='ocr_carea' id='block_1_43' title="bbox 190 2473 1858 2552">
    <p class='ocr_par' dir='ltr' id='par_1_43' title="bbox 190 2473 1858 2552">
     <span class='ocr_line' id='line_1_43' title="bbox 190 2473 1858 2552; baseline -0.001 -22"><span class='ocrx_word' id='word_1_301' title='bbox 190 2476 489 2550; x_wconf 70' lang='grc' dir='ltr'>παρόμοιον</span> <span class='ocrx_word' id='word_1_302' title='bbox 540 2478 600 2533; x_wconf 80' lang='grc' dir='ltr'>εἶ</span> <span class='ocrx_word' id='word_1_303' title='bbox 638 2497 723 2538; x_wconf 89' lang='grc' dir='ltr'><strong>τις</strong></span> <span class='ocrx_word' id='word_1_304' title='bbox 784 2477 878 2531; x_wconf 78' lang='grc' dir='ltr'><strong>καί</strong></span> <span class='ocrx_word' id='word_1_305' title='bbox 927 2474 1190 2541; x_wconf 71' lang='grc' dir='ltr'>θαλάττης</span> <span class='ocrx_word' id='word_1_306' title='bbox 1252 2476 1473 2550; x_wconf 71' lang='grc' dir='ltr'>ψάμμον</span> <span class='ocrx_word' id='word_1_307' title='bbox 1504 2475 1599 2530; x_wconf 77' lang='grc' dir='ltr'><strong>καῖ</strong></span> <span class='ocrx_word' id='word_1_308' title='bbox 1626 2473 1858 2552; x_wconf 79' lang='grc' dir='ltr'>ἆστέρων</span> 
     </span>
    </p>
   </div>
   <div class='ocr_carea' id='block_1_44' title="bbox 188 2564 985 2644">
    <p class='ocr_par' dir='ltr' id='par_1_44' title="bbox 188 2564 985 2644">
     <span class='ocr_line' id='line_1_44' title="bbox 188 2564 985 2644; baseline 0.006 -24"><span class='ocrx_word' id='word_1_309' title='bbox 188 2569 381 2632; x_wconf 70' lang='grc' dir='ltr'>πλῆθος</span> <span class='ocrx_word' id='word_1_310' title='bbox 414 2565 685 2644; x_wconf 71' lang='grc' dir='ltr'>ἀριθμεῖν</span> <span class='ocrx_word' id='word_1_311' title='bbox 717 2564 985 2641; x_wconf 77' lang='grc' dir='ltr'>βούλοιτο.</span> 
     </span>
    </p>
   </div>
   <div class='ocr_carea' id='block_1_45' title="bbox 270 2829 1853 2910">
    <p class='ocr_par' dir='ltr' id='par_1_45' title="bbox 270 2829 1853 2910">
     <span class='ocr_line' id='line_1_45' title="bbox 270 2829 1853 2910; baseline -0.003 -21"><span class='ocrx_word' id='word_1_312' title='bbox 270 2834 331 2891; x_wconf 82' lang='grc' dir='ltr'><strong>ι’.</strong></span> <span class='ocrx_word' id='word_1_313' title='bbox 394 2833 661 2891; x_wconf 66' lang='grc' dir='ltr'>Ἐκεῖθεν</span> <span class='ocrx_word' id='word_1_314' title='bbox 721 2832 930 2909; x_wconf 76' lang='grc' dir='ltr'>ἀπάρας</span> <span class='ocrx_word' id='word_1_315' title='bbox 961 2832 1088 2910; x_wconf 81' lang='grc' dir='ltr'>πρὸς</span> <span class='ocrx_word' id='word_1_316' title='bbox 1136 2832 1226 2887; x_wconf 76' lang='grc' dir='ltr'>τὸν</span> <span class='ocrx_word' id='word_1_317' title='bbox 1260 2838 1351 2889; x_wconf 66' lang='lat' dir='ltr'><strong>rei}</strong></span> <span class='ocrx_word' id='word_1_318' title='bbox 1401 2837 1627 2910; x_wconf 81' lang='grc' dir='ltr'>Χριστοῦ</span> <span class='ocrx_word' id='word_1_319' title='bbox 1669 2829 1853 2910; x_wconf 66' lang='grc' dir='ltr'>τάφον,</span> 
     </span>
    </p>
   </div>
   <div class='ocr_carea' id='block_1_46' title="bbox 196 2918 1856 3001">
    <p class='ocr_par' dir='ltr' id='par_1_46' title="bbox 196 2918 1856 3001">
     <span class='ocr_line' id='line_1_46' title="bbox 196 2918 1856 3001; baseline -0.003 -23"><span class='ocrx_word' id='word_1_320' title='bbox 196 2927 276 2980; x_wconf 72' lang='grc' dir='ltr'>καὶ</span> <span class='ocrx_word' id='word_1_321' title='bbox 352 2922 508 3001; x_wconf 77' lang='grc' dir='ltr'>παρᾶ</span> <span class='ocrx_word' id='word_1_322' title='bbox 568 2922 665 2979; x_wconf 77' lang='grc' dir='ltr'>τὸν</span> <span class='ocrx_word' id='word_1_323' title='bbox 723 2918 1017 2997; x_wconf 74' lang='grc' dir='ltr'>σεϐάσμιον</span> <span class='ocrx_word' id='word_1_324' title='bbox 1076 2919 1219 2985; x_wconf 76' lang='grc' dir='ltr'>αὖθις</span> <span class='ocrx_word' id='word_1_325' title='bbox 1299 2919 1564 2999; x_wconf 84' lang='grc' dir='ltr'>Γολγοθᾶν</span> <span class='ocrx_word' id='word_1_326' title='bbox 1617 2920 1856 2999; x_wconf 80' lang='grc' dir='ltr'>ἔρχεται,</span> 
     </span>
    </p>
   </div>
   <div class='ocr_carea' id='block_1_47' title="bbox 199 3009 1858 3090">
    <p class='ocr_par' dir='ltr' id='par_1_47' title="bbox 199 3009 1858 3090">
     <span class='ocr_line' id='line_1_47' title="bbox 199 3009 1858 3090; baseline -0.002 -24"><span class='ocrx_word' id='word_1_327' title='bbox 199 3014 254 3068; x_wconf 67' lang='grc' dir='ltr'>οὗ</span> <span class='ocrx_word' id='word_1_328' title='bbox 310 3035 369 3090; x_wconf 68' lang='grc' dir='ltr'>γε</span> <span class='ocrx_word' id='word_1_329' title='bbox 425 3014 520 3069; x_wconf 80' lang='grc' dir='ltr'><strong>καὶ</strong></span> <span class='ocrx_word' id='word_1_330' title='bbox 585 3014 613 3067; x_wconf 78' lang='grc' dir='ltr'><strong>ὂ</strong></span> <span class='ocrx_word' id='word_1_331' title='bbox 672 3012 937 3087; x_wconf 67' lang='grc' dir='ltr'>σωτήριος</span> <span class='ocrx_word' id='word_1_332' title='bbox 988 3009 1115 3087; x_wconf 74' lang='grc' dir='ltr'>ὑπὲρ</span> <span class='ocrx_word' id='word_1_333' title='bbox 1168 3010 1322 3085; x_wconf 75' lang='grc' dir='ltr'>ἡμῶν</span> <span class='ocrx_word' id='word_1_334' title='bbox 1379 3009 1555 3086; x_wconf 76' lang='grc' dir='ltr'>ἐπάγη</span> <span class='ocrx_word' id='word_1_335' title='bbox 1614 3009 1858 3086; x_wconf 71' lang='grc' dir='ltr'>σταυρὸς.</span> 
     </span>
    </p>
   </div>
   <div class='ocr_carea' id='block_1_48' title="bbox 1934 1843 3585 1925">
    <p class='ocr_par' dir='ltr' id='par_1_48' title="bbox 1934 1843 3585 1925">
     <span class='ocr_line' id='line_1_48' title="bbox 1934 1843 3585 1925; baseline 0.004 -22"><span class='ocrx_word' id='word_1_336' title='bbox 1934 1843 2184 1905; x_wconf 87' lang='lat' dir='ltr'><strong>nehatur</strong></span> <span class='ocrx_word' id='word_1_337' title='bbox 2234 1844 2443 1907; x_wconf 87' lang='lat' dir='ltr'><strong>morbo</strong></span> <span class='ocrx_word' id='word_1_338' title='bbox 2491 1857 2594 1908; x_wconf 85' lang='lat' dir='ltr'><strong>aut</strong></span> <span class='ocrx_word' id='word_1_339' title='bbox 2654 1845 3036 1925; x_wconf 68' lang='lat' dir='ltr'><strong>eegritudine,</strong></span> <span class='ocrx_word' id='word_1_340' title='bbox 3088 1855 3188 1906; x_wconf 88' lang='lat' dir='ltr'><strong>aut</strong></span> <span class='ocrx_word' id='word_1_341' title='bbox 3236 1847 3357 1909; x_wconf 79' lang='lat' dir='ltr'><strong>ulla</strong></span> <span class='ocrx_word' id='word_1_342' title='bbox 3406 1848 3585 1910; x_wconf 87' lang='lat' dir='ltr'><strong>etiam</strong></span> 
     </span>
    </p>
   </div>
   <div class='ocr_carea' id='block_1_49' title="bbox 1935 1933 3585 2017">
    <p class='ocr_par' dir='ltr' id='par_1_49' title="bbox 1935 1933 3585 2017">
     <span class='ocr_line' id='line_1_49' title="bbox 1935 1933 3585 2017; baseline 0.004 -24"><span class='ocrx_word' id='word_1_343' title='bbox 1935 1933 2388 2013; x_wconf 87' lang='lat' dir='ltr'><strong>opprimebatur</strong></span> <span class='ocrx_word' id='word_1_344' title='bbox 2434 1935 2736 2009; x_wconf 85' lang='lat' dir='ltr'><strong>molestia,</strong></span> <span class='ocrx_word' id='word_1_345' title='bbox 2770 1935 2872 2017; x_wconf 89' lang='lat' dir='ltr'><strong>qui</strong></span> <span class='ocrx_word' id='word_1_346' title='bbox 2919 1940 2966 1996; x_wconf 89' lang='lat' dir='ltr'><strong>si</strong></span> <span class='ocrx_word' id='word_1_347' title='bbox 3019 1935 3091 1997; x_wconf 91' lang='lat' dir='ltr'><strong>ad</strong></span> <span class='ocrx_word' id='word_1_348' title='bbox 3120 1935 3427 1998; x_wconf 88' lang='lat' dir='ltr'><strong>Nicolaum</strong></span> <span class='ocrx_word' id='word_1_349' title='bbox 3483 1957 3585 2000; x_wconf 81' lang='lat' dir='ltr'><strong>ac-</strong></span> 
     </span>
    </p>
   </div>
   <div class='ocr_carea' id='block_1_50' title="bbox 1937 2021 3590 2103">
    <p class='ocr_par' dir='ltr' id='par_1_50' title="bbox 1937 2021 3590 2103">
     <span class='ocr_line' id='line_1_50' title="bbox 1937 2021 3590 2103; baseline 0.005 -21"><span class='ocrx_word' id='word_1_350' title='bbox 1937 2021 2239 2103; x_wconf 83' lang='lat' dir='ltr'><strong>cessisset,</strong></span> <span class='ocrx_word' id='word_1_351' title='bbox 2274 2042 2395 2085; x_wconf 91' lang='lat' dir='ltr'><strong>non</strong></span> <span class='ocrx_word' id='word_1_352' title='bbox 2449 2024 2643 2086; x_wconf 86' lang='lat' dir='ltr'><strong>statim</strong></span> <span class='ocrx_word' id='word_1_353' title='bbox 2697 2033 3032 2100; x_wconf 81' lang='lat' dir='ltr'><strong>curaretur,</strong></span> <span class='ocrx_word' id='word_1_354' title='bbox 3068 2033 3128 2085; x_wconf 89' lang='lat' dir='ltr'><strong>et</strong></span> <span class='ocrx_word' id='word_1_355' title='bbox 3173 2025 3470 2089; x_wconf 76' lang='lat' dir='ltr'><strong>levaretur</strong></span> <span class='ocrx_word' id='word_1_356' title='bbox 3519 2046 3590 2090; x_wconf 89' lang='lat' dir='ltr'><strong>eo</strong></span> 
     </span>
    </p>
   </div>
   <div class='ocr_carea' id='block_1_51' title="bbox 1940 2111 3591 2196">
    <p class='ocr_par' dir='ltr' id='par_1_51' title="bbox 1940 2111 3591 2196">
     <span class='ocr_line' id='line_1_51' title="bbox 1940 2111 3591 2196; baseline 0.006 -25"><span class='ocrx_word' id='word_1_357' title='bbox 1940 2111 2094 2192; x_wconf 89' lang='lat' dir='ltr'><strong>quod</strong></span> <span class='ocrx_word' id='word_1_358' title='bbox 2128 2111 2215 2174; x_wconf 90' lang='lat' dir='ltr'><strong>illi</strong></span> <span class='ocrx_word' id='word_1_359' title='bbox 2243 2112 2531 2176; x_wconf 76' lang='lat' dir='ltr'><strong>afferebat</strong></span> <span class='ocrx_word' id='word_1_360' title='bbox 2575 2114 2931 2177; x_wconf 86' lang='lat' dir='ltr'><strong>molestiam.</strong></span> <span class='ocrx_word' id='word_1_361' title='bbox 2968 2117 3115 2177; x_wconf 88' lang='lat' dir='ltr'><strong>Cum</strong></span> <span class='ocrx_word' id='word_1_362' title='bbox 3169 2116 3255 2177; x_wconf 83' lang='lat' dir='ltr'><strong>sic</strong></span> <span class='ocrx_word' id='word_1_363' title='bbox 3288 2135 3426 2196; x_wconf 81' lang='lat' dir='ltr'><strong>ergo</strong></span> <span class='ocrx_word' id='word_1_364' title='bbox 3470 2136 3591 2181; x_wconf 82' lang='lat' dir='ltr'><strong>non</strong></span> 
     </span>
    </p>
   </div>
   <div class='ocr_carea' id='block_1_52' title="bbox 1941 2201 3587 2288">
    <p class='ocr_par' dir='ltr' id='par_1_52' title="bbox 1941 2201 3587 2288">
     <span class='ocr_line' id='line_1_52' title="bbox 1941 2201 3587 2288; baseline 0.004 -27"><span class='ocrx_word' id='word_1_365' title='bbox 1941 2201 2133 2262; x_wconf 90' lang='lat' dir='ltr'><strong>solum</strong></span> <span class='ocrx_word' id='word_1_366' title='bbox 2170 2202 2377 2280; x_wconf 84' lang='lat' dir='ltr'><strong>facilis,</strong></span> <span class='ocrx_word' id='word_1_367' title='bbox 2415 2205 2522 2265; x_wconf 84' lang='lat' dir='ltr'><strong>sed</strong></span> <span class='ocrx_word' id='word_1_368' title='bbox 2555 2204 2732 2265; x_wconf 88' lang='lat' dir='ltr'><strong>etiam</strong></span> <span class='ocrx_word' id='word_1_369' title='bbox 2764 2206 3021 2280; x_wconf 79' lang='lat' dir='ltr'><strong>gratuita</strong></span> <span class='ocrx_word' id='word_1_370' title='bbox 3054 2204 3205 2265; x_wconf 88' lang='lat' dir='ltr'><strong>facta</strong></span> <span class='ocrx_word' id='word_1_371' title='bbox 3233 2207 3309 2267; x_wconf 89' lang='lat' dir='ltr'><strong>sit</strong></span> <span class='ocrx_word' id='word_1_372' title='bbox 3341 2209 3587 2288; x_wconf 78' lang='lat' dir='ltr'><strong>curatio,</strong></span> 
     </span>
    </p>
   </div>
   <div class='ocr_carea' id='block_1_53' title="bbox 1942 2291 3591 2375">
    <p class='ocr_par' dir='ltr' id='par_1_53' title="bbox 1942 2291 3591 2375">
     <span class='ocr_line' id='line_1_53' title="bbox 1942 2291 3591 2375; baseline 0.005 -26"><span class='ocrx_word' id='word_1_373' title='bbox 1942 2291 2041 2371; x_wconf 86' lang='lat' dir='ltr'><strong>qui</strong></span> <span class='ocrx_word' id='word_1_374' title='bbox 2074 2291 2251 2353; x_wconf 89' lang='lat' dir='ltr'><strong>fuerit</strong></span> <span class='ocrx_word' id='word_1_375' title='bbox 2283 2300 2625 2354; x_wconf 89' lang='lat' dir='ltr'><strong>curatorum</strong></span> <span class='ocrx_word' id='word_1_376' title='bbox 2653 2310 2963 2366; x_wconf 86' lang='lat' dir='ltr'><strong>numerus,</strong></span> <span class='ocrx_word' id='word_1_377' title='bbox 2987 2311 3163 2369; x_wconf 91' lang='lat' dir='ltr'><strong>quam</strong></span> <span class='ocrx_word' id='word_1_378' title='bbox 3185 2292 3423 2357; x_wconf 74' lang='lat' dir='ltr'><strong>fervidae</strong></span> <span class='ocrx_word' id='word_1_379' title='bbox 3450 2315 3591 2375; x_wconf 84' lang='lat' dir='ltr'><strong>gra-</strong></span> 
     </span>
    </p>
   </div>
   <div class='ocr_carea' id='block_1_54' title="bbox 1944 2379 3588 2463">
    <p class='ocr_par' dir='ltr' id='par_1_54' title="bbox 1944 2379 3588 2463">
     <span class='ocr_line' id='line_1_54' title="bbox 1944 2379 3588 2463; baseline 0.005 -24"><span class='ocrx_word' id='word_1_380' title='bbox 1944 2379 2155 2441; x_wconf 88' lang='lat' dir='ltr'><strong>tiarum</strong></span> <span class='ocrx_word' id='word_1_381' title='bbox 2213 2382 2503 2456; x_wconf 88' lang='lat' dir='ltr'><strong>actiones,</strong></span> <span class='ocrx_word' id='word_1_382' title='bbox 2539 2382 2638 2463; x_wconf 89' lang='lat' dir='ltr'><strong>qui</strong></span> <span class='ocrx_word' id='word_1_383' title='bbox 2670 2382 2850 2443; x_wconf 87' lang='lat' dir='ltr'><strong>ardor</strong></span> <span class='ocrx_word' id='word_1_384' title='bbox 2878 2382 3123 2460; x_wconf 82' lang='lat' dir='ltr'><strong>gloriam</strong></span> <span class='ocrx_word' id='word_1_385' title='bbox 3152 2382 3408 2444; x_wconf 87' lang='lat' dir='ltr'><strong>divinam</strong></span> <span class='ocrx_word' id='word_1_386' title='bbox 3438 2387 3588 2448; x_wconf 83' lang='lat' dir='ltr'><strong>cele-</strong></span> 
     </span>
    </p>
   </div>
   <div class='ocr_carea' id='block_1_55' title="bbox 1945 2469 3589 2549">
    <p class='ocr_par' dir='ltr' id='par_1_55' title="bbox 1945 2469 3589 2549">
     <span class='ocr_line' id='line_1_55' title="bbox 1945 2469 3589 2549; baseline 0.003 -19"><span class='ocrx_word' id='word_1_387' title='bbox 1945 2469 2520 2544; x_wconf 77' lang='lat' dir='ltr'><strong>brantium,difficile</strong></span> <span class='ocrx_word' id='word_1_388' title='bbox 2542 2490 2662 2533; x_wconf 87' lang='lat' dir='ltr'><strong>non</strong></span> <span class='ocrx_word' id='word_1_389' title='bbox 2690 2481 2779 2535; x_wconf 88' lang='lat' dir='ltr'><strong>est</strong></span> <span class='ocrx_word' id='word_1_390' title='bbox 2804 2473 3099 2549; x_wconf 84' lang='lat' dir='ltr'><strong>judicare.</strong></span> <span class='ocrx_word' id='word_1_391' title='bbox 3147 2471 3255 2543; x_wconf 89' lang='lat' dir='ltr'><strong>Qui</strong></span> <span class='ocrx_word' id='word_1_392' title='bbox 3289 2481 3447 2534; x_wconf 88' lang='lat' dir='ltr'><strong>enim</strong></span> <span class='ocrx_word' id='word_1_393' title='bbox 3476 2475 3589 2535; x_wconf 86' lang='lat' dir='ltr'><strong>ho-</strong></span> 
     </span>
    </p>
   </div>
   <div class='ocr_carea' id='block_1_56' title="bbox 1936 2559 3593 2644">
    <p class='ocr_par' dir='ltr' id='par_1_56' title="bbox 1936 2559 3593 2644">
     <span class='ocr_line' id='line_1_56' title="bbox 1936 2559 3593 2644; baseline 0.004 -25"><span class='ocrx_word' id='word_1_394' title='bbox 1936 2577 2067 2620; x_wconf 88' lang='lat' dir='ltr'><strong>rum</strong></span> <span class='ocrx_word' id='word_1_395' title='bbox 2103 2559 2336 2640; x_wconf 82' lang='lat' dir='ltr'><strong>singula</strong></span> <span class='ocrx_word' id='word_1_396' title='bbox 2357 2560 2573 2623; x_wconf 89' lang='lat' dir='ltr'><strong>litteris</strong></span> <span class='ocrx_word' id='word_1_397' title='bbox 2602 2561 2888 2623; x_wconf 87' lang='lat' dir='ltr'><strong>mandare</strong></span> <span class='ocrx_word' id='word_1_398' title='bbox 2911 2563 3379 2644; x_wconf 68' lang='lat' dir='ltr'><strong>prwsumpserit,</strong></span> <span class='ocrx_word' id='word_1_399' title='bbox 3413 2564 3593 2626; x_wconf 91' lang='lat' dir='ltr'><strong>maris</strong></span> 
     </span>
    </p>
   </div>
   <div class='ocr_carea' id='block_1_57' title="bbox 1939 2650 3594 2725">
    <p class='ocr_par' dir='ltr' id='par_1_57' title="bbox 1939 2650 3594 2725">
     <span class='ocr_line' id='line_1_57' title="bbox 1939 2650 3594 2725; baseline 0.004 -17"><span class='ocrx_word' id='word_1_400' title='bbox 1939 2666 2207 2725; x_wconf 85' lang='lat' dir='ltr'><strong>arenam,</strong></span> <span class='ocrx_word' id='word_1_401' title='bbox 2260 2650 2566 2712; x_wconf 87' lang='lat' dir='ltr'><strong>stellarum</strong></span> <span class='ocrx_word' id='word_1_402' title='bbox 2626 2668 2949 2712; x_wconf 89' lang='lat' dir='ltr'><strong>numerum</strong></span> <span class='ocrx_word' id='word_1_403' title='bbox 3007 2669 3325 2715; x_wconf 87' lang='lat' dir='ltr'><strong>recensere</strong></span> <span class='ocrx_word' id='word_1_404' title='bbox 3384 2652 3594 2715; x_wconf 88' lang='lat' dir='ltr'><strong>volue-</strong></span> 
     </span>
    </p>
   </div>
   <div class='ocr_carea' id='block_1_58' title="bbox 1939 2736 2038 2800">
    <p class='ocr_par' dir='ltr' id='par_1_58' title="bbox 1939 2736 2038 2800">
     <span class='ocr_line' id='line_1_58' title="bbox 1939 2736 2038 2800; baseline 0.02 -2"><span class='ocrx_word' id='word_1_405' title='bbox 1939 2736 2038 2800; x_wconf 86' lang='lat' dir='ltr'><strong>rit.</strong></span> 
     </span>
    </p>
   </div>
   <div class='ocr_carea' id='block_1_59' title="bbox 2024 2829 3600 2912">
    <p class='ocr_par' dir='ltr' id='par_1_59' title="bbox 2024 2829 3600 2912">
     <span class='ocr_line' id='line_1_59' title="bbox 2024 2829 3600 2912; baseline 0.001 -21"><span class='ocrx_word' id='word_1_406' title='bbox 2024 2829 2102 2891; x_wconf 88' lang='lat' dir='ltr'><strong>X.</strong></span> <span class='ocrx_word' id='word_1_407' title='bbox 2139 2829 2284 2891; x_wconf 92' lang='lat' dir='ltr'><strong>Cum</strong></span> <span class='ocrx_word' id='word_1_408' title='bbox 2318 2829 2482 2891; x_wconf 88' lang='lat' dir='ltr'><strong>illinc</strong></span> <span class='ocrx_word' id='word_1_409' title='bbox 2511 2837 2711 2891; x_wconf 91' lang='lat' dir='ltr'><strong>autem</strong></span> <span class='ocrx_word' id='word_1_410' title='bbox 2743 2831 3042 2912; x_wconf 88' lang='lat' dir='ltr'><strong>profectus</strong></span> <span class='ocrx_word' id='word_1_411' title='bbox 3072 2841 3254 2908; x_wconf 81' lang='lat' dir='ltr'><strong>esset,</strong></span> <span class='ocrx_word' id='word_1_412' title='bbox 3280 2832 3354 2893; x_wconf 91' lang='lat' dir='ltr'><strong>ad</strong></span> <span class='ocrx_word' id='word_1_413' title='bbox 3382 2831 3600 2896; x_wconf 84' lang='lat' dir='ltr'><strong>Christi</strong></span> 
     </span>
    </p>
   </div>
   <div class='ocr_carea' id='block_1_60' title="bbox 1946 2918 3595 2997">
    <p class='ocr_par' dir='ltr' id='par_1_60' title="bbox 1946 2918 3595 2997">
     <span class='ocr_line' id='line_1_60' title="bbox 1946 2918 3595 2997; baseline 0.004 -19"><span class='ocrx_word' id='word_1_414' title='bbox 1946 2918 2291 2997; x_wconf 87' lang='lat' dir='ltr'><strong>sepulcrum</strong></span> <span class='ocrx_word' id='word_1_415' title='bbox 2335 2935 2546 2980; x_wconf 84' lang='lat' dir='ltr'><strong>rursus</strong></span> <span class='ocrx_word' id='word_1_416' title='bbox 2598 2918 2778 2981; x_wconf 88' lang='lat' dir='ltr'><strong>etiam</strong></span> <span class='ocrx_word' id='word_1_417' title='bbox 2842 2920 3001 2982; x_wconf 86' lang='lat' dir='ltr'><strong>venit</strong></span> <span class='ocrx_word' id='word_1_418' title='bbox 3058 2921 3132 2982; x_wconf 89' lang='lat' dir='ltr'><strong>ad</strong></span> <span class='ocrx_word' id='word_1_419' title='bbox 3186 2923 3595 2985; x_wconf 83' lang='lat' dir='ltr'><strong>venerandum</strong></span> 
     </span>
    </p>
   </div>
   <div class='ocr_carea' id='block_1_61' title="bbox 1947 3005 3601 3089">
    <p class='ocr_par' dir='ltr' id='par_1_61' title="bbox 1947 3005 3601 3089">
     <span class='ocr_line' id='line_1_61' title="bbox 1947 3005 3601 3089; baseline 0.002 -20"><span class='ocrx_word' id='word_1_420' title='bbox 1947 3005 2261 3084; x_wconf 78' lang='lat' dir='ltr'><strong>Golgotha,</strong></span> <span class='ocrx_word' id='word_1_421' title='bbox 2299 3007 2398 3069; x_wconf 89' lang='lat' dir='ltr'><strong>ubi</strong></span> <span class='ocrx_word' id='word_1_422' title='bbox 2431 3006 2609 3069; x_wconf 86' lang='lat' dir='ltr'><strong>etiam</strong></span> <span class='ocrx_word' id='word_1_423' title='bbox 2646 3028 2754 3089; x_wconf 87' lang='lat' dir='ltr'><strong>pro</strong></span> <span class='ocrx_word' id='word_1_424' title='bbox 2792 3008 2964 3070; x_wconf 84' lang='lat' dir='ltr'><strong>nobis</strong></span> <span class='ocrx_word' id='word_1_425' title='bbox 2998 3009 3110 3071; x_wconf 83' lang='lat' dir='ltr'><strong>fixa</strong></span> <span class='ocrx_word' id='word_1_426' title='bbox 3142 3019 3231 3072; x_wconf 89' lang='lat' dir='ltr'><strong>est</strong></span> <span class='ocrx_word' id='word_1_427' title='bbox 3262 3029 3407 3073; x_wconf 83' lang='lat' dir='ltr'><strong>crux</strong></span> <span class='ocrx_word' id='word_1_428' title='bbox 3439 3012 3601 3073; x_wconf 87' lang='lat' dir='ltr'><strong>salu—</strong></span> 
     </span>
    </p>
   </div>
   <div class='ocr_carea' id='block_1_62' title="bbox 200 3095 1854 3180">
    <p class='ocr_par' dir='ltr' id='par_1_62' title="bbox 200 3098 1854 3179">
     <span class='ocr_line' id='line_1_62' title="bbox 200 3098 1854 3179; baseline -0.004 -20"><span class='ocrx_word' id='word_1_429' title='bbox 200 3102 438 3159; x_wconf 75' lang='grc' dir='ltr'>’Ἥπειτα</span> <span class='ocrx_word' id='word_1_430' title='bbox 494 3104 589 3157; x_wconf 79' lang='grc' dir='ltr'><strong>καὶ</strong></span> <span class='ocrx_word' id='word_1_431' title='bbox 620 3105 699 3175; x_wconf 81' lang='grc' dir='ltr'>τῷ</span> <span class='ocrx_word' id='word_1_432' title='bbox 728 3109 819 3156; x_wconf 77' lang='grc' dir='ltr'><strong>τού</strong></span> <span class='ocrx_word' id='word_1_433' title='bbox 849 3102 988 3156; x_wconf 88' lang='grc' dir='ltr'>θείου</span> <span class='ocrx_word' id='word_1_434' title='bbox 1042 3106 1264 3179; x_wconf 68' lang='grc' dir='ltr'>σσαδροῦ</span> <span class='ocrx_word' id='word_1_435' title='bbox 1296 3098 1431 3171; x_wconf 75' lang='grc' dir='ltr'>ξύλῳ</span> <span class='ocrx_word' id='word_1_436' title='bbox 1460 3100 1646 3161; x_wconf 78' lang='grc' dir='ltr'>νυκτὸς</span> <span class='ocrx_word' id='word_1_437' title='bbox 1693 3100 1854 3174; x_wconf 75' lang='grc' dir='ltr'>πρόσ-</span> 
     </span>
    </p>
   </div>
   <div class='ocr_carea' id='block_1_63' title="bbox 1943 3095 3602 3180">
    <p class='ocr_par' dir='ltr' id='par_1_63' title="bbox 1949 3095 3602 3180">
     <span class='ocr_line' id='line_1_63' title="bbox 1949 3095 3602 3180; baseline 0.003 -23"><span class='ocrx_word' id='word_1_438' title='bbox 1949 3096 2112 3158; x_wconf 88' lang='lat' dir='ltr'><strong>taris.</strong></span> <span class='ocrx_word' id='word_1_439' title='bbox 2143 3095 2373 3159; x_wconf 86' lang='lat' dir='ltr'><strong>Deinde</strong></span> <span class='ocrx_word' id='word_1_440' title='bbox 2398 3102 2577 3158; x_wconf 87' lang='lat' dir='ltr'><strong>etiam</strong></span> <span class='ocrx_word' id='word_1_441' title='bbox 2611 3107 2788 3159; x_wconf 89' lang='lat' dir='ltr'><strong>noctu</strong></span> <span class='ocrx_word' id='word_1_442' title='bbox 2813 3098 3044 3160; x_wconf 80' lang='lat' dir='ltr'><strong>accedit</strong></span> <span class='ocrx_word' id='word_1_443' title='bbox 3075 3099 3337 3163; x_wconf 86' lang='lat' dir='ltr'><strong>divinum</strong></span> <span class='ocrx_word' id='word_1_444' title='bbox 3368 3100 3602 3180; x_wconf 82' lang='lat' dir='ltr'><strong>signum</strong></span> 
     </span>
    </p>
   </div>
   <div class='ocr_carea' id='block_1_64' title="bbox 204 3185 1861 3267">
    <p class='ocr_par' dir='ltr' id='par_1_64' title="bbox 204 3185 1861 3267">
     <span class='ocr_line' id='line_1_64' title="bbox 204 3185 1861 3267; baseline -0.004 -20"><span class='ocrx_word' id='word_1_445' title='bbox 204 3214 322 3266; x_wconf 80' lang='grc' dir='ltr'>εισι,</span> <span class='ocrx_word' id='word_1_446' title='bbox 374 3192 472 3246; x_wconf 72' lang='grc' dir='ltr'><strong>καὶ</strong></span> <span class='ocrx_word' id='word_1_447' title='bbox 516 3191 799 3267; x_wconf 74' lang='grc' dir='ltr'>προσιόντι</span> <span class='ocrx_word' id='word_1_448' title='bbox 860 3190 1154 3263; x_wconf 71' lang='grc' dir='ltr'>αὐτόματοι</span> <span class='ocrx_word' id='word_1_449' title='bbox 1215 3192 1265 3245; x_wconf 79' lang='grc' dir='ltr'>αἱ</span> <span class='ocrx_word' id='word_1_450' title='bbox 1323 3194 1413 3245; x_wconf 77' lang='grc' dir='ltr'><strong>τοῦ</strong></span> <span class='ocrx_word' id='word_1_451' title='bbox 1465 3187 1605 3266; x_wconf 71' lang='grc' dir='ltr'>ἱεροῦ</span> <span class='ocrx_word' id='word_1_452' title='bbox 1662 3185 1861 3244; x_wconf 82' lang='grc' dir='ltr'>διανοί-</span> 
     </span>
    </p>
   </div>
   <div class='ocr_carea' id='block_1_65' title="bbox 202 3275 1863 3359">
    <p class='ocr_par' dir='ltr' id='par_1_65' title="bbox 202 3275 1863 3359">
     <span class='ocr_line' id='line_1_65' title="bbox 202 3275 1863 3359; baseline -0.004 -21"><span class='ocrx_word' id='word_1_453' title='bbox 202 3279 620 3359; x_wconf 60' lang='grc' dir='ltr'>γονταγπόλαι,</span> <span class='ocrx_word' id='word_1_454' title='bbox 652 3280 854 3356; x_wconf 67' lang='grc' dir='ltr'>θερμὴν</span> <span class='ocrx_word' id='word_1_455' title='bbox 913 3277 966 3333; x_wconf 77' lang='grc' dir='ltr'>δὲ</span> <span class='ocrx_word' id='word_1_456' title='bbox 1017 3279 1115 3346; x_wconf 65' lang='grc' dir='ltr'>τὴν</span> <span class='ocrx_word' id='word_1_457' title='bbox 1164 3278 1472 3358; x_wconf 74' lang='grc' dir='ltr'>προσεῦχὴν</span> <span class='ocrx_word' id='word_1_458' title='bbox 1522 3278 1608 3332; x_wconf 83' lang='grc' dir='ltr'><strong>καὶ</strong></span> <span class='ocrx_word' id='word_1_459' title='bbox 1660 3275 1863 3355; x_wconf 72' lang='grc' dir='ltr'>συχνὴν</span> 
     </span>
    </p>
   </div>
   <div class='ocr_carea' id='block_1_66' title="bbox 202 3366 1864 3446">
    <p class='ocr_par' dir='ltr' id='par_1_66' title="bbox 202 3366 1864 3446">
     <span class='ocr_line' id='line_1_66' title="bbox 202 3366 1864 3446; baseline -0.005 -20"><span class='ocrx_word' id='word_1_460' title='bbox 202 3372 377 3428; x_wconf 69' lang='grc' dir='ltr'>ἐκεῖσε</span> <span class='ocrx_word' id='word_1_461' title='bbox 436 3370 819 3446; x_wconf 68' lang='grc' dir='ltr'>προσενεγκὼν</span> <span class='ocrx_word' id='word_1_462' title='bbox 893 3369 989 3435; x_wconf 57' lang='grc' dir='ltr'>τὴν</span> <span class='ocrx_word' id='word_1_463' title='bbox 1060 3369 1437 3443; x_wconf 72' lang='grc' dir='ltr'>προσκύνησιν,</span> <span class='ocrx_word' id='word_1_464' title='bbox 1498 3366 1864 3446; x_wconf 64' lang='grc' dir='ltr'>ἀφθονωτέραν</span> 
     </span>
    </p>
   </div>
   <div class='ocr_carea' id='block_1_67' title="bbox 200 3455 1857 3536">
    <p class='ocr_par' dir='ltr' id='par_1_67' title="bbox 200 3455 1857 3536">
     <span class='ocr_line' id='line_1_67' title="bbox 200 3455 1857 3536; baseline -0.005 -20"><span class='ocrx_word' id='word_1_465' title='bbox 200 3471 495 3536; x_wconf 72' lang='grc' dir='ltr'>καρποῦται</span> <span class='ocrx_word' id='word_1_466' title='bbox 557 3470 651 3517; x_wconf 67' lang='grc' dir='ltr'><strong>τοῦ</strong></span> <span class='ocrx_word' id='word_1_467' title='bbox 730 3458 925 3535; x_wconf 73' lang='grc' dir='ltr'>ἀγαθοῦ</span> <span class='ocrx_word' id='word_1_468' title='bbox 1001 3460 1305 3530; x_wconf 67' lang='grc' dir='ltr'>Πνεόματος</span> <span class='ocrx_word' id='word_1_469' title='bbox 1398 3456 1496 3523; x_wconf 73' lang='grc' dir='ltr'>τὴν</span> <span class='ocrx_word' id='word_1_470' title='bbox 1569 3455 1857 3532; x_wconf 69' lang='grc' dir='ltr'>ὶνέργειαν,</span> 
     </span>
    </p>
   </div>
   <div class='ocr_carea' id='block_1_68' title="bbox 202 3540 1859 3625">
    <p class='ocr_par' dir='ltr' id='par_1_68' title="bbox 202 3540 1859 3625">
     <span class='ocr_line' id='line_1_68' title="bbox 202 3540 1859 3625; baseline -0.007 -18"><span class='ocrx_word' id='word_1_471' title='bbox 202 3548 353 3607; x_wconf 77' lang='grc' dir='ltr'>Ἐπεὶ</span> <span class='ocrx_word' id='word_1_472' title='bbox 411 3548 469 3604; x_wconf 73' lang='grc' dir='ltr'>δὲ</span> <span class='ocrx_word' id='word_1_473' title='bbox 530 3550 728 3610; x_wconf 73' lang='grc' dir='ltr'>ἱκανῶς</span> <span class='ocrx_word' id='word_1_474' title='bbox 770 3546 899 3625; x_wconf 81' lang='grc' dir='ltr'>εἶχε</span> <span class='ocrx_word' id='word_1_475' title='bbox 950 3551 1046 3613; x_wconf 73' lang='grc' dir='ltr'>τῆς</span> <span class='ocrx_word' id='word_1_476' title='bbox 1103 3550 1159 3603; x_wconf 64' lang='grc' dir='ltr'>ἓν</span> <span class='ocrx_word' id='word_1_477' title='bbox 1196 3545 1517 3610; x_wconf 73' lang='grc' dir='ltr'>Παλαιστίνη</span> <span class='ocrx_word' id='word_1_478' title='bbox 1565 3540 1859 3621; x_wconf 70' lang='grc' dir='ltr'>διατριϐῆς,</span> 
     </span>
    </p>
   </div>
   <div class='ocr_carea' id='block_1_69' title="bbox 207 3636 1863 3715">
    <p class='ocr_par' dir='ltr' id='par_1_69' title="bbox 207 3636 1863 3715">
     <span class='ocr_line' id='line_1_69' title="bbox 207 3636 1863 3715; baseline -0.002 -22"><span class='ocrx_word' id='word_1_479' title='bbox 207 3636 498 3709; x_wconf 78' lang='grc' dir='ltr'>διαποντίῳ</span> <span class='ocrx_word' id='word_1_480' title='bbox 558 3638 691 3715; x_wconf 77' lang='grc' dir='ltr'>πρὸς</span> <span class='ocrx_word' id='word_1_481' title='bbox 772 3636 869 3701; x_wconf 73' lang='grc' dir='ltr'>τὴν</span> <span class='ocrx_word' id='word_1_482' title='bbox 956 3637 1270 3712; x_wconf 69' lang='grc' dir='ltr'>ἐνεγκοῦσαν</span> <span class='ocrx_word' id='word_1_483' title='bbox 1328 3637 1471 3698; x_wconf 75' lang='grc' dir='ltr'>αὖθις</span> <span class='ocrx_word' id='word_1_484' title='bbox 1529 3638 1732 3713; x_wconf 74' lang='grc' dir='ltr'>χρῆται</span> <span class='ocrx_word' id='word_1_485' title='bbox 1792 3639 1863 3708; x_wconf 73' lang='grc' dir='ltr'>τῇ</span> 
     </span>
    </p>
   </div>
   <div class='ocr_carea' id='block_1_70' title="bbox 208 3721 1860 3808">
    <p class='ocr_par' dir='ltr' id='par_1_70' title="bbox 208 3721 1860 3808">
     <span class='ocr_line' id='line_1_70' title="bbox 208 3721 1860 3808; baseline -0.004 -26"><span class='ocrx_word' id='word_1_486' title='bbox 208 3727 496 3808; x_wconf 74' lang='grc' dir='ltr'>ἐπανοδῳ,</span> <span class='ocrx_word' id='word_1_487' title='bbox 567 3724 743 3800; x_wconf 71' lang='grc' dir='ltr'>ὅψεως</span> <span class='ocrx_word' id='word_1_488' title='bbox 817 3727 959 3798; x_wconf 69' lang='grc' dir='ltr'>αὖτῷ</span> <span class='ocrx_word' id='word_1_489' title='bbox 1025 3727 1165 3789; x_wconf 80' lang='grc' dir='ltr'>θείας</span> <span class='ocrx_word' id='word_1_490' title='bbox 1235 3726 1388 3780; x_wconf 69' lang='grc' dir='ltr'>τοῦτο</span> <span class='ocrx_word' id='word_1_491' title='bbox 1459 3721 1860 3796; x_wconf 81' lang='grc' dir='ltr'>ἐντειλαμένης,</span> 
     </span>
    </p>
   </div>
   <div class='ocr_carea' id='block_1_71' title="bbox 210 3810 1864 3893">
    <p class='ocr_par' dir='ltr' id='par_1_71' title="bbox 210 3810 1864 3893">
     <span class='ocr_line' id='line_1_71' title="bbox 210 3810 1864 3893; baseline -0.004 -21"><span class='ocrx_word' id='word_1_492' title='bbox 210 3818 342 3873; x_wconf 73' lang='grc' dir='ltr'>ὥστε</span> <span class='ocrx_word' id='word_1_493' title='bbox 405 3818 490 3892; x_wconf 76' lang='grc' dir='ltr'>μὴ</span> <span class='ocrx_word' id='word_1_494' title='bbox 546 3815 633 3871; x_wconf 78' lang='grc' dir='ltr'><strong>ἐπὶ</strong></span> <span class='ocrx_word' id='word_1_495' title='bbox 680 3814 844 3870; x_wconf 75' lang='grc' dir='ltr'><strong>πλέοδ</strong></span> <span class='ocrx_word' id='word_1_496' title='bbox 898 3814 1165 3893; x_wconf 77' lang='grc' dir='ltr'>στέρεσθαι</span> <span class='ocrx_word' id='word_1_497' title='bbox 1220 3814 1313 3880; x_wconf 70' lang='grc' dir='ltr'>τῆς</span> <span class='ocrx_word' id='word_1_498' title='bbox 1372 3810 1615 3890; x_wconf 67' lang='grc' dir='ltr'>γλυκείας</span> <span class='ocrx_word' id='word_1_499' title='bbox 1666 3810 1864 3865; x_wconf 81' lang='grc' dir='ltr'>ἐκείνου</span> 
     </span>
    </p>
   </div>
   <div class='ocr_carea' id='block_1_72' title="bbox 212 3899 1867 3984">
    <p class='ocr_par' dir='ltr' id='par_1_72' title="bbox 212 3899 1867 3984">
     <span class='ocr_line' id='line_1_72' title="bbox 212 3899 1867 3984; baseline -0.004 -23"><span class='ocrx_word' id='word_1_500' title='bbox 212 3913 390 3984; x_wconf 59' lang='grc' dir='ltr'>φωνῆς</span> <span class='ocrx_word' id='word_1_501' title='bbox 446 3907 517 3962; x_wconf 80' lang='grc' dir='ltr'>τὰ</span> <span class='ocrx_word' id='word_1_502' title='bbox 570 3905 724 3961; x_wconf 72' lang='grc' dir='ltr'>αὐτοῦ</span> <span class='ocrx_word' id='word_1_503' title='bbox 782 3901 1041 3983; x_wconf 73' lang='grc' dir='ltr'>πρόϐατα.</span> <span class='ocrx_word' id='word_1_504' title='bbox 1104 3904 1360 3961; x_wconf 74' lang='grc' dir='ltr'>Ἐνταῦθα</span> <span class='ocrx_word' id='word_1_505' title='bbox 1406 3904 1494 3958; x_wconf 82' lang='grc' dir='ltr'><strong>καὶ</strong></span> <span class='ocrx_word' id='word_1_506' title='bbox 1543 3907 1638 3958; x_wconf 84' lang='grc' dir='ltr'>τοῦ</span> <span class='ocrx_word' id='word_1_507' title='bbox 1680 3899 1867 3957; x_wconf 85' lang='grc' dir='ltr'>πλοίου</span> 
     </span>
    </p>
   </div>
   <div class='ocr_carea' id='block_1_73' title="bbox 211 3988 1864 4070">
    <p class='ocr_par' dir='ltr' id='par_1_73' title="bbox 211 3988 1864 4070">
     <span class='ocr_line' id='line_1_73' title="bbox 211 3988 1864 4070; baseline -0.004 -20"><span class='ocrx_word' id='word_1_508' title='bbox 211 3995 451 4052; x_wconf 70' lang='grc' dir='ltr'>ἐπιϐάντι</span> <span class='ocrx_word' id='word_1_509' title='bbox 510 4002 588 4070; x_wconf 78' lang='grc' dir='ltr'>τῷ</span> <span class='ocrx_word' id='word_1_510' title='bbox 646 3993 919 4068; x_wconf 75' lang='grc' dir='ltr'>θαυμασίῳ</span> <span class='ocrx_word' id='word_1_511' title='bbox 992 3991 1021 4058; x_wconf 69' lang='grc' dir='ltr'>ἥ</span> <span class='ocrx_word' id='word_1_512' title='bbox 1073 4014 1129 4048; x_wconf 87' lang='grc' dir='ltr'>τε</span> <span class='ocrx_word' id='word_1_513' title='bbox 1190 3992 1293 4048; x_wconf 75' lang='grc' dir='ltr'>τῶν</span> <span class='ocrx_word' id='word_1_514' title='bbox 1349 3991 1645 4066; x_wconf 70' lang='grc' dir='ltr'>πλωτήρων</span> <span class='ocrx_word' id='word_1_515' title='bbox 1707 3988 1864 4067; x_wconf 77' lang='grc' dir='ltr'>ἐλέγ-</span> 
     </span>
    </p>
   </div>
   <div class='ocr_carea' id='block_1_74' title="bbox 211 4078 1866 4164">
    <p class='ocr_par' dir='ltr' id='par_1_74' title="bbox 211 4078 1866 4164">
     <span class='ocr_line' id='line_1_74' title="bbox 211 4078 1866 4164; baseline -0.005 -23"><span class='ocrx_word' id='word_1_516' title='bbox 211 4106 369 4164; x_wconf 73' lang='grc' dir='ltr'>χεται</span> <span class='ocrx_word' id='word_1_517' title='bbox 442 4084 757 4163; x_wconf 65' lang='grc' dir='ltr'>κακουργία,</span> <span class='ocrx_word' id='word_1_518' title='bbox 823 4083 910 4138; x_wconf 88' lang='grc' dir='ltr'><strong>καὶ</strong></span> <span class='ocrx_word' id='word_1_519' title='bbox 978 4084 1013 4150; x_wconf 77' lang='grc' dir='ltr'>ἡ</span> <span class='ocrx_word' id='word_1_520' title='bbox 1084 4089 1178 4139; x_wconf 74' lang='grc' dir='ltr'>τοῦ</span> <span class='ocrx_word' id='word_1_521' title='bbox 1238 4081 1374 4138; x_wconf 85' lang='grc' dir='ltr'>θείου</span> <span class='ocrx_word' id='word_1_522' title='bbox 1440 4081 1742 4155; x_wconf 85' lang='grc' dir='ltr'>Πνεύματος</span> <span class='ocrx_word' id='word_1_523' title='bbox 1812 4078 1866 4134; x_wconf 77' lang='grc' dir='ltr'>ἐν</span> 
     </span>
    </p>
   </div>
   <div class='ocr_carea' id='block_1_75' title="bbox 213 4162 1865 4251">
    <p class='ocr_par' dir='ltr' id='par_1_75' title="bbox 213 4162 1865 4251">
     <span class='ocr_line' id='line_1_75' title="bbox 213 4162 1865 4251; baseline -0.004 -22"><span class='ocrx_word' id='word_1_524' title='bbox 213 4162 353 4250; x_wconf 44' lang='grc' dir='ltr'>αίῦτῷ</span> <span class='ocrx_word' id='word_1_525' title='bbox 407 4178 898 4251; x_wconf 71' lang='grc' dir='ltr'>θαυματουργεϊται</span> <span class='ocrx_word' id='word_1_526' title='bbox 970 4169 1211 4245; x_wconf 73' lang='grc' dir='ltr'>δύναμις,</span> <span class='ocrx_word' id='word_1_527' title='bbox 1277 4162 1335 4228; x_wconf 71' lang='grc' dir='ltr'><strong>Ὀ</strong></span> <span class='ocrx_word' id='word_1_528' title='bbox 1411 4171 1508 4245; x_wconf 72' lang='grc' dir='ltr'>μὲν</span> <span class='ocrx_word' id='word_1_529' title='bbox 1567 4169 1665 4247; x_wconf 74' lang='grc' dir='ltr'>γὰρ</span> <span class='ocrx_word' id='word_1_530' title='bbox 1736 4177 1865 4245; x_wconf 79' lang='grc' dir='ltr'>πρὸς</span> 
     </span>
    </p>
   </div>
   <div class='ocr_carea' id='block_1_76' title="bbox 210 4259 1867 4339">
    <p class='ocr_par' dir='ltr' id='par_1_76' title="bbox 210 4259 1867 4339">
     <span class='ocr_line' id='line_1_76' title="bbox 210 4259 1867 4339; baseline -0.004 -20"><span class='ocrx_word' id='word_1_531' title='bbox 210 4266 304 4331; x_wconf 67' lang='grc' dir='ltr'>τὴν</span> <span class='ocrx_word' id='word_1_532' title='bbox 367 4262 596 4339; x_wconf 75' lang='grc' dir='ltr'>πατρίδα</span> <span class='ocrx_word' id='word_1_533' title='bbox 650 4261 806 4318; x_wconf 73' lang='grc' dir='ltr'>πλεῖν</span> <span class='ocrx_word' id='word_1_534' title='bbox 855 4259 1079 4336; x_wconf 78' lang='grc' dir='ltr'>-ἔμελλε,</span> <span class='ocrx_word' id='word_1_535' title='bbox 1112 4262 1199 4317; x_wconf 78' lang='grc' dir='ltr'><strong>καὶ</strong></span> <span class='ocrx_word' id='word_1_536' title='bbox 1257 4267 1408 4317; x_wconf 79' lang='grc' dir='ltr'>τοῦτο</span> <span class='ocrx_word' id='word_1_537' title='bbox 1449 4261 1703 4337; x_wconf 80' lang='grc' dir='ltr'>πρότερον</span> <span class='ocrx_word' id='word_1_538' title='bbox 1752 4270 1867 4321; x_wconf 69' lang='grc' dir='ltr'>τοῖς</span> 
     </span>
    </p>
   </div>
   <div class='ocr_carea' id='block_1_77' title="bbox 211 4346 1865 4425">
    <p class='ocr_par' dir='ltr' id='par_1_77' title="bbox 211 4346 1865 4425">
     <span class='ocr_line' id='line_1_77' title="bbox 211 4346 1865 4425; baseline -0.005 -16"><span class='ocrx_word' id='word_1_539' title='bbox 211 4356 266 4409; x_wconf 68' lang='grc' dir='ltr'>οὗ</span> <span class='ocrx_word' id='word_1_540' title='bbox 323 4353 523 4416; x_wconf 74' lang='grc' dir='ltr'>καλοῖς</span> <span class='ocrx_word' id='word_1_541' title='bbox 585 4353 796 4415; x_wconf 80' lang='grc' dir='ltr'>ναόταις</span> <span class='ocrx_word' id='word_1_542' title='bbox 869 4351 1203 4425; x_wconf 78' lang='grc' dir='ltr'>συνθέμενος,</span> <span class='ocrx_word' id='word_1_543' title='bbox 1260 4346 1512 4415; x_wconf 73' lang='grc' dir='ltr'>οὕτωδὴ</span> <span class='ocrx_word' id='word_1_544' title='bbox 1568 4347 1665 4414; x_wconf 77' lang='grc' dir='ltr'>τῆς</span> <span class='ocrx_word' id='word_1_545' title='bbox 1738 4348 1865 4408; x_wconf 87' lang='grc' dir='ltr'>νεὼς</span> 
     </span>
    </p>
   </div>
   <div class='ocr_carea' id='block_1_78' title="bbox 1949 3185 3605 3270">
    <p class='ocr_par' dir='ltr' id='par_1_78' title="bbox 1949 3185 3605 3270">
     <span class='ocr_line' id='line_1_78' title="bbox 1949 3185 3605 3270; baseline 0.004 -23"><span class='ocrx_word' id='word_1_546' title='bbox 1949 3186 2168 3250; x_wconf 91' lang='lat' dir='ltr'><strong>crucis.</strong></span> <span class='ocrx_word' id='word_1_547' title='bbox 2200 3185 2270 3247; x_wconf 88' lang='lat' dir='ltr'><strong>Et</strong></span> <span class='ocrx_word' id='word_1_548' title='bbox 2293 3186 2346 3248; x_wconf 94' lang='lat' dir='ltr'><strong>ei</strong></span> <span class='ocrx_word' id='word_1_549' title='bbox 2376 3187 2618 3266; x_wconf 87' lang='lat' dir='ltr'><strong>quidem</strong></span> <span class='ocrx_word' id='word_1_550' title='bbox 2646 3206 2753 3248; x_wconf 87' lang='lat' dir='ltr'><strong>sua</strong></span> <span class='ocrx_word' id='word_1_551' title='bbox 2778 3196 2991 3268; x_wconf 87' lang='lat' dir='ltr'><strong>sponte</strong></span> <span class='ocrx_word' id='word_1_552' title='bbox 3023 3197 3369 3270; x_wconf 86' lang='lat' dir='ltr'><strong>aperiuntur</strong></span> <span class='ocrx_word' id='word_1_553' title='bbox 3398 3210 3605 3253; x_wconf 89' lang='lat' dir='ltr'><strong>sacro-</strong></span> 
     </span>
    </p>
   </div>
   <div class='ocr_carea' id='block_1_79' title="bbox 1949 3276 3608 3361">
    <p class='ocr_par' dir='ltr' id='par_1_79' title="bbox 1949 3276 3608 3361">
     <span class='ocr_line' id='line_1_79' title="bbox 1949 3276 3608 3361; baseline 0.006 -27"><span class='ocrx_word' id='word_1_554' title='bbox 1949 3283 2137 3337; x_wconf 82' lang='lat' dir='ltr'><strong>sancti</strong></span> <span class='ocrx_word' id='word_1_555' title='bbox 2172 3276 2284 3337; x_wconf 90' lang='lat' dir='ltr'><strong>Ioci</strong></span> <span class='ocrx_word' id='word_1_556' title='bbox 2321 3285 2527 3356; x_wconf 72' lang='lat' dir='ltr'><strong>portae.</strong></span> <span class='ocrx_word' id='word_1_557' title='bbox 2566 3276 2713 3338; x_wconf 89' lang='lat' dir='ltr'><strong>Cum</strong></span> <span class='ocrx_word' id='word_1_558' title='bbox 2744 3279 3045 3340; x_wconf 80' lang='lat' dir='ltr'><strong>ferventes</strong></span> <span class='ocrx_word' id='word_1_559' title='bbox 3077 3290 3276 3343; x_wconf 89' lang='lat' dir='ltr'><strong>autem</strong></span> <span class='ocrx_word' id='word_1_560' title='bbox 3308 3300 3519 3361; x_wconf 88' lang='lat' dir='ltr'><strong>preces</strong></span> <span class='ocrx_word' id='word_1_561' title='bbox 3550 3290 3608 3344; x_wconf 87' lang='lat' dir='ltr'><strong>et</strong></span> 
     </span>
    </p>
   </div>
   <div class='ocr_carea' id='block_1_80' title="bbox 1952 3365 3611 3451">
    <p class='ocr_par' dir='ltr' id='par_1_80' title="bbox 1952 3365 3611 3451">
     <span class='ocr_line' id='line_1_80' title="bbox 1952 3365 3611 3451; baseline 0.005 -28"><span class='ocrx_word' id='word_1_562' title='bbox 1952 3365 2196 3426; x_wconf 82' lang='lat' dir='ltr'><strong>multam</strong></span> <span class='ocrx_word' id='word_1_563' title='bbox 2235 3365 2552 3427; x_wconf 81' lang='lat' dir='ltr'><strong>obtulisset</strong></span> <span class='ocrx_word' id='word_1_564' title='bbox 2582 3366 2706 3427; x_wconf 88' lang='lat' dir='ltr'><strong>illic</strong></span> <span class='ocrx_word' id='word_1_565' title='bbox 2752 3366 3188 3443; x_wconf 83' lang='lat' dir='ltr'><strong>adorationem,</strong></span> <span class='ocrx_word' id='word_1_566' title='bbox 3227 3372 3611 3451; x_wconf 87' lang='lat' dir='ltr'><strong>consequitur</strong></span> 
     </span>
    </p>
   </div>
   <div class='ocr_carea' id='block_1_81' title="bbox 1949 3454 3611 3537">
    <p class='ocr_par' dir='ltr' id='par_1_81' title="bbox 1949 3454 3611 3537">
     <span class='ocr_line' id='line_1_81' title="bbox 1949 3454 3611 3537; baseline 0.002 -22"><span class='ocrx_word' id='word_1_567' title='bbox 1949 3454 2122 3515; x_wconf 88' lang='lat' dir='ltr'><strong>etiam</strong></span> <span class='ocrx_word' id='word_1_568' title='bbox 2185 3455 2471 3533; x_wconf 85' lang='lat' dir='ltr'><strong>majorem</strong></span> <span class='ocrx_word' id='word_1_569' title='bbox 2505 3455 2647 3515; x_wconf 87' lang='lat' dir='ltr'><strong>boni</strong></span> <span class='ocrx_word' id='word_1_570' title='bbox 2678 3456 2925 3535; x_wconf 88' lang='lat' dir='ltr'><strong>spiritus</strong></span> <span class='ocrx_word' id='word_1_571' title='bbox 2958 3459 3394 3537; x_wconf 79' lang='lat' dir='ltr'><strong>operationem.</strong></span> <span class='ocrx_word' id='word_1_572' title='bbox 3446 3459 3611 3520; x_wconf 86' lang='lat' dir='ltr'><strong>Post-</strong></span> 
     </span>
    </p>
   </div>
   <div class='ocr_carea' id='block_1_82' title="bbox 1948 3544 3608 3624">
    <p class='ocr_par' dir='ltr' id='par_1_82' title="bbox 1948 3544 3608 3624">
     <span class='ocr_line' id='line_1_82' title="bbox 1948 3544 3608 3624; baseline 0.002 -22"><span class='ocrx_word' id='word_1_573' title='bbox 1948 3562 2119 3624; x_wconf 87' lang='lat' dir='ltr'><strong>quam</strong></span> <span class='ocrx_word' id='word_1_574' title='bbox 2154 3562 2293 3604; x_wconf 88' lang='lat' dir='ltr'><strong>vero</strong></span> <span class='ocrx_word' id='word_1_575' title='bbox 2324 3550 2467 3605; x_wconf 88' lang='lat' dir='ltr'><strong>satis</strong></span> <span class='ocrx_word' id='word_1_576' title='bbox 2499 3553 2771 3604; x_wconf 86' lang='lat' dir='ltr'><strong>versatus</strong></span> <span class='ocrx_word' id='word_1_577' title='bbox 2799 3544 2908 3605; x_wconf 81' lang='lat' dir='ltr'><strong>fuit</strong></span> <span class='ocrx_word' id='word_1_578' title='bbox 2944 3545 3001 3606; x_wconf 89' lang='lat' dir='ltr'><strong>in</strong></span> <span class='ocrx_word' id='word_1_579' title='bbox 3032 3545 3367 3623; x_wconf 83' lang='lat' dir='ltr'><strong>Palaestina,</strong></span> <span class='ocrx_word' id='word_1_580' title='bbox 3405 3566 3608 3607; x_wconf 89' lang='lat' dir='ltr'><strong>rursus</strong></span> 
     </span>
    </p>
   </div>
   <div class='ocr_carea' id='block_1_83' title="bbox 1949 3633 3606 3712">
    <p class='ocr_par' dir='ltr' id='par_1_83' title="bbox 1949 3633 3606 3712">
     <span class='ocr_line' id='line_1_83' title="bbox 1949 3633 3606 3712; baseline 0.002 -18"><span class='ocrx_word' id='word_1_581' title='bbox 1949 3652 2054 3712; x_wconf 90' lang='lat' dir='ltr'><strong>per</strong></span> <span class='ocrx_word' id='word_1_582' title='bbox 2106 3651 2271 3693; x_wconf 88' lang='lat' dir='ltr'><strong>mare</strong></span> <span class='ocrx_word' id='word_1_583' title='bbox 2303 3634 2625 3695; x_wconf 87' lang='lat' dir='ltr'><strong>revertitur</strong></span> <span class='ocrx_word' id='word_1_584' title='bbox 2653 3633 2709 3691; x_wconf 92' lang='lat' dir='ltr'><strong>in</strong></span> <span class='ocrx_word' id='word_1_585' title='bbox 2757 3633 3036 3712; x_wconf 82' lang='lat' dir='ltr'><strong>patriam,</strong></span> <span class='ocrx_word' id='word_1_586' title='bbox 3073 3654 3205 3695; x_wconf 90' lang='lat' dir='ltr'><strong>cum</strong></span> <span class='ocrx_word' id='word_1_587' title='bbox 3238 3636 3354 3697; x_wconf 86' lang='lat' dir='ltr'><strong>hoc</strong></span> <span class='ocrx_word' id='word_1_588' title='bbox 3407 3636 3606 3697; x_wconf 89' lang='lat' dir='ltr'><strong>divina</strong></span> 
     </span>
    </p>
   </div>
   <div class='ocr_carea' id='block_1_84' title="bbox 1949 3720 3606 3803">
    <p class='ocr_par' dir='ltr' id='par_1_84' title="bbox 1949 3720 3606 3803">
     <span class='ocr_line' id='line_1_84' title="bbox 1949 3720 3606 3803; baseline 0.001 -20"><span class='ocrx_word' id='word_1_589' title='bbox 1949 3723 2001 3783; x_wconf 91' lang='lat' dir='ltr'><strong>ei</strong></span> <span class='ocrx_word' id='word_1_590' title='bbox 2042 3720 2320 3801; x_wconf 87' lang='lat' dir='ltr'><strong>jussisset</strong></span> <span class='ocrx_word' id='word_1_591' title='bbox 2350 3721 2521 3796; x_wconf 91' lang='lat' dir='ltr'><strong>visio,</strong></span> <span class='ocrx_word' id='word_1_592' title='bbox 2556 3740 2633 3781; x_wconf 93' lang='lat' dir='ltr'><strong>ne</strong></span> <span class='ocrx_word' id='word_1_593' title='bbox 2678 3720 2844 3781; x_wconf 89' lang='lat' dir='ltr'><strong>suavi</strong></span> <span class='ocrx_word' id='word_1_594' title='bbox 2876 3721 3037 3782; x_wconf 91' lang='lat' dir='ltr'><strong>illius</strong></span> <span class='ocrx_word' id='word_1_595' title='bbox 3089 3741 3232 3784; x_wconf 87' lang='lat' dir='ltr'><strong>voce</strong></span> <span class='ocrx_word' id='word_1_596' title='bbox 3277 3723 3410 3803; x_wconf 86' lang='lat' dir='ltr'><strong>ejus</strong></span> <span class='ocrx_word' id='word_1_597' title='bbox 3466 3742 3606 3784; x_wconf 85' lang='lat' dir='ltr'><strong>oves</strong></span> 
     </span>
    </p>
   </div>
   <div class='ocr_carea' id='block_1_85' title="bbox 1949 3804 3606 3891">
    <p class='ocr_par' dir='ltr' id='par_1_85' title="bbox 1949 3804 3606 3891">
     <span class='ocr_line' id='line_1_85' title="bbox 1949 3804 3606 3891; baseline 0.002 -20"><span class='ocrx_word' id='word_1_598' title='bbox 1949 3804 2202 3890; x_wconf 84' lang='lat' dir='ltr'><strong>amplius</strong></span> <span class='ocrx_word' id='word_1_599' title='bbox 2230 3813 2628 3891; x_wconf 88' lang='lat' dir='ltr'><strong>privarentur.</strong></span> <span class='ocrx_word' id='word_1_600' title='bbox 2664 3810 2771 3870; x_wconf 82' lang='lat' dir='ltr'><strong>Hic</strong></span> <span class='ocrx_word' id='word_1_601' title='bbox 2802 3828 2938 3871; x_wconf 87' lang='lat' dir='ltr'><strong>cum</strong></span> <span class='ocrx_word' id='word_1_602' title='bbox 2993 3829 3198 3872; x_wconf 88' lang='lat' dir='ltr'><strong>navem</strong></span> <span class='ocrx_word' id='word_1_603' title='bbox 3235 3812 3606 3874; x_wconf 84' lang='lat' dir='ltr'><strong>ascendisset</strong></span> 
     </span>
    </p>
   </div>
   <div class='ocr_carea' id='block_1_86' title="bbox 1949 3899 3609 3983">
    <p class='ocr_par' dir='ltr' id='par_1_86' title="bbox 1949 3899 3609 3983">
     <span class='ocr_line' id='line_1_86' title="bbox 1949 3899 3609 3983; baseline 0.002 -24"><span class='ocrx_word' id='word_1_604' title='bbox 1949 3900 2052 3962; x_wconf 90' lang='lat' dir='ltr'><strong>ille</strong></span> <span class='ocrx_word' id='word_1_605' title='bbox 2083 3899 2475 3975; x_wconf 84' lang='lat' dir='ltr'><strong>admirabilis,</strong></span> <span class='ocrx_word' id='word_1_606' title='bbox 2509 3910 2567 3960; x_wconf 91' lang='lat' dir='ltr'><strong>et</strong></span> <span class='ocrx_word' id='word_1_607' title='bbox 2599 3907 2914 3961; x_wconf 86' lang='lat' dir='ltr'><strong>nautarum</strong></span> <span class='ocrx_word' id='word_1_608' title='bbox 2967 3902 3231 3980; x_wconf 79' lang='lat' dir='ltr'><strong>arguitur</strong></span> <span class='ocrx_word' id='word_1_609' title='bbox 3260 3902 3609 3983; x_wconf 88' lang='lat' dir='ltr'><strong>improbitas</strong></span> 
     </span>
    </p>
   </div>
   <div class='ocr_carea' id='block_1_87' title="bbox 1951 3988 3605 4071">
    <p class='ocr_par' dir='ltr' id='par_1_87' title="bbox 1951 3988 3605 4071">
     <span class='ocr_line' id='line_1_87' title="bbox 1951 3988 3605 4071; baseline 0.001 -19"><span class='ocrx_word' id='word_1_610' title='bbox 1951 3998 2009 4052; x_wconf 89' lang='lat' dir='ltr'><strong>et</strong></span> <span class='ocrx_word' id='word_1_611' title='bbox 2040 3990 2224 4051; x_wconf 85' lang='lat' dir='ltr'><strong>divini</strong></span> <span class='ocrx_word' id='word_1_612' title='bbox 2264 3991 2512 4071; x_wconf 87' lang='lat' dir='ltr'><strong>spiritus</strong></span> <span class='ocrx_word' id='word_1_613' title='bbox 2544 3989 2726 4050; x_wconf 85' lang='lat' dir='ltr'><strong>virtus</strong></span> <span class='ocrx_word' id='word_1_614' title='bbox 2771 3990 2830 4050; x_wconf 91' lang='lat' dir='ltr'><strong>in</strong></span> <span class='ocrx_word' id='word_1_615' title='bbox 2861 4009 2932 4053; x_wconf 90' lang='lat' dir='ltr'><strong>eo</strong></span> <span class='ocrx_word' id='word_1_616' title='bbox 2968 3988 3219 4053; x_wconf 84' lang='lat' dir='ltr'><strong>habetur</strong></span> <span class='ocrx_word' id='word_1_617' title='bbox 3250 3993 3310 4054; x_wconf 87' lang='lat' dir='ltr'><strong>in</strong></span> <span class='ocrx_word' id='word_1_618' title='bbox 3343 3993 3605 4054; x_wconf 85' lang='lat' dir='ltr'><strong>admira-</strong></span> 
     </span>
    </p>
   </div>
   <div class='ocr_carea' id='block_1_88' title="bbox 1950 4078 3606 4163">
    <p class='ocr_par' dir='ltr' id='par_1_88' title="bbox 1950 4078 3606 4163">
     <span class='ocr_line' id='line_1_88' title="bbox 1950 4078 3606 4163; baseline 0.004 -25"><span class='ocrx_word' id='word_1_619' title='bbox 1950 4080 2135 4142; x_wconf 89' lang='lat' dir='ltr'><strong>tione.</strong></span> <span class='ocrx_word' id='word_1_620' title='bbox 2184 4078 2330 4141; x_wconf 85' lang='lat' dir='ltr'><strong>Nam</strong></span> <span class='ocrx_word' id='word_1_621' title='bbox 2364 4080 2466 4142; x_wconf 89' lang='lat' dir='ltr'><strong>ille</strong></span> <span class='ocrx_word' id='word_1_622' title='bbox 2524 4079 2764 4160; x_wconf 81' lang='lat' dir='ltr'><strong>quidem</strong></span> <span class='ocrx_word' id='word_1_623' title='bbox 2802 4090 2930 4141; x_wconf 87' lang='lat' dir='ltr'><strong>erat</strong></span> <span class='ocrx_word' id='word_1_624' title='bbox 2981 4083 3356 4160; x_wconf 80' lang='lat' dir='ltr'><strong>navigaturus</strong></span> <span class='ocrx_word' id='word_1_625' title='bbox 3387 4084 3445 4144; x_wconf 81' lang='lat' dir='ltr'><strong>in</strong></span> <span class='ocrx_word' id='word_1_626' title='bbox 3499 4103 3606 4163; x_wconf 83' lang='lat' dir='ltr'><strong>pa-</strong></span> 
     </span>
    </p>
   </div>
   <div class='ocr_carea' id='block_1_89' title="bbox 1953 4168 3609 4249">
    <p class='ocr_par' dir='ltr' id='par_1_89' title="bbox 1953 4168 3609 4249">
     <span class='ocr_line' id='line_1_89' title="bbox 1953 4168 3609 4249; baseline 0.002 -21"><span class='ocrx_word' id='word_1_627' title='bbox 1953 4168 2125 4235; x_wconf 77' lang='lat' dir='ltr'><strong>triam</strong></span> <span class='ocrx_word' id='word_1_628' title='bbox 2157 4192 2172 4243; x_wconf 88' lang='lat'><strong>;</strong></span> <span class='ocrx_word' id='word_1_629' title='bbox 2211 4178 2268 4230; x_wconf 90' lang='lat' dir='ltr'><strong>et</strong></span> <span class='ocrx_word' id='word_1_630' title='bbox 2322 4188 2455 4230; x_wconf 86' lang='lat' dir='ltr'><strong>cum</strong></span> <span class='ocrx_word' id='word_1_631' title='bbox 2495 4169 2605 4230; x_wconf 90' lang='lat' dir='ltr'><strong>hoc</strong></span> <span class='ocrx_word' id='word_1_632' title='bbox 2637 4168 2801 4249; x_wconf 82' lang='lat' dir='ltr'><strong>prius</strong></span> <span class='ocrx_word' id='word_1_633' title='bbox 2834 4180 3039 4249; x_wconf 89' lang='lat' dir='ltr'><strong>pactus</strong></span> <span class='ocrx_word' id='word_1_634' title='bbox 3071 4182 3227 4232; x_wconf 91' lang='lat' dir='ltr'><strong>esset</strong></span> <span class='ocrx_word' id='word_1_635' title='bbox 3271 4192 3401 4234; x_wconf 92' lang='lat' dir='ltr'><strong>cum</strong></span> <span class='ocrx_word' id='word_1_636' title='bbox 3435 4171 3609 4234; x_wconf 87' lang='lat' dir='ltr'><strong>bonis</strong></span> 
     </span>
    </p>
   </div>
   <div class='ocr_carea' id='block_1_90' title="bbox 1951 4255 3602 4341">
    <p class='ocr_par' dir='ltr' id='par_1_90' title="bbox 1951 4255 3602 4341">
     <span class='ocr_line' id='line_1_90' title="bbox 1951 4255 3602 4341; baseline 0.004 -26"><span class='ocrx_word' id='word_1_637' title='bbox 1951 4255 2069 4319; x_wconf 82' lang='lat' dir='ltr'><strong>illis</strong></span> <span class='ocrx_word' id='word_1_638' title='bbox 2097 4257 2317 4331; x_wconf 87' lang='lat' dir='ltr'><strong>nautis,</strong></span> <span class='ocrx_word' id='word_1_639' title='bbox 2346 4259 2424 4319; x_wconf 87' lang='lat' dir='ltr'><strong>ita</strong></span> <span class='ocrx_word' id='word_1_640' title='bbox 2449 4276 2657 4319; x_wconf 86' lang='lat' dir='ltr'><strong>navem</strong></span> <span class='ocrx_word' id='word_1_641' title='bbox 2683 4260 2978 4323; x_wconf 86' lang='lat' dir='ltr'><strong>ascendit.</strong></span> <span class='ocrx_word' id='word_1_642' title='bbox 3010 4258 3102 4322; x_wconf 80' lang='lat' dir='ltr'><strong>Ilii</strong></span> <span class='ocrx_word' id='word_1_643' title='bbox 3124 4278 3263 4320; x_wconf 87' lang='lat' dir='ltr'><strong>vero</strong></span> <span class='ocrx_word' id='word_1_644' title='bbox 3295 4268 3602 4341; x_wconf 82' lang='lat' dir='ltr'><strong>postquam</strong></span> 
     </span>
    </p>
   </div>
   <div class='ocr_carea' id='block_1_91' title="bbox 1952 4347 3601 4412">
    <p class='ocr_par' dir='ltr' id='par_1_91' title="bbox 1952 4347 3601 4412">
     <span class='ocr_line' id='line_1_91' title="bbox 1952 4347 3601 4412; baseline 0.004 -7"><span class='ocrx_word' id='word_1_645' title='bbox 1952 4347 2340 4408; x_wconf 89' lang='lat' dir='ltr'><strong>sustulissent</strong></span> <span class='ocrx_word' id='word_1_646' title='bbox 2387 4347 2683 4410; x_wconf 88' lang='lat' dir='ltr'><strong>anchoras</strong></span> <span class='ocrx_word' id='word_1_647' title='bbox 2731 4347 2972 4409; x_wconf 87' lang='lat' dir='ltr'><strong>domum</strong></span> <span class='ocrx_word' id='word_1_648' title='bbox 3004 4366 3213 4409; x_wconf 83' lang='lat' dir='ltr'><strong>versus</strong></span> <span class='ocrx_word' id='word_1_649' title='bbox 3259 4348 3601 4412; x_wconf 85' lang='lat' dir='ltr'><strong>tendebant.</strong></span> 
     </span>
    </p>
   </div>
   <div class='ocr_carea' id='block_1_92' title="bbox 210 4436 1854 4517">
    <p class='ocr_par' dir='ltr' id='par_1_92' title="bbox 210 4436 1854 4516">
     <span class='ocr_line' id='line_1_92' title="bbox 210 4436 1854 4516; baseline -0.004 -19"><span class='ocrx_word' id='word_1_650' title='bbox 210 4440 398 4509; x_wconf 73' lang='grc' dir='ltr'>ἒπέὃηο</span> <span class='ocrx_word' id='word_1_651' title='bbox 465 4444 516 4499; x_wconf 81' lang='grc' dir='ltr'>οἱ</span> <span class='ocrx_word' id='word_1_652' title='bbox 572 4440 620 4495; x_wconf 75' lang='lat'><strong>3&#39;-</strong></span> <span class='ocrx_word' id='word_1_653' title='bbox 681 4438 866 4507; x_wconf 72' lang='grc' dir='ltr'>ἐπειδὴ</span> <span class='ocrx_word' id='word_1_654' title='bbox 931 4438 1198 4496; x_wconf 66' lang='grc' dir='ltr'>ἀνείλοντο</span> <span class='ocrx_word' id='word_1_655' title='bbox 1253 4439 1347 4502; x_wconf 78' lang='grc' dir='ltr'>τὰς</span> <span class='ocrx_word' id='word_1_656' title='bbox 1405 4437 1659 4516; x_wconf 75' lang='grc' dir='ltr'>ἀγκύρας,</span> <span class='ocrx_word' id='word_1_657' title='bbox 1719 4436 1854 4493; x_wconf 77' lang='grc' dir='ltr'>οἴκοι</span> 
     </span>
    </p>
   </div>
   <div class='ocr_carea' id='block_1_93' title="bbox 1943 4436 3602 4517">
    <p class='ocr_par' dir='ltr' id='par_1_93' title="bbox 1954 4436 3602 4517">
     <span class='ocr_line' id='line_1_93' title="bbox 1954 4436 3602 4517; baseline 0.002 -19"><span class='ocrx_word' id='word_1_658' title='bbox 1954 4436 2096 4498; x_wconf 91' lang='lat' dir='ltr'><strong>Cum</strong></span> <span class='ocrx_word' id='word_1_659' title='bbox 2124 4455 2154 4497; x_wconf 89' lang='lat' dir='ltr'><strong>e</strong></span> <span class='ocrx_word' id='word_1_660' title='bbox 2189 4445 2361 4517; x_wconf 89' lang='lat' dir='ltr'><strong>portu</strong></span> <span class='ocrx_word' id='word_1_661' title='bbox 2395 4455 2537 4515; x_wconf 86' lang='lat' dir='ltr'><strong>ergo</strong></span> <span class='ocrx_word' id='word_1_662' title='bbox 2570 4436 2799 4514; x_wconf 83' lang='lat' dir='ltr'><strong>egressi</strong></span> <span class='ocrx_word' id='word_1_663' title='bbox 2823 4447 3046 4512; x_wconf 83' lang='lat' dir='ltr'><strong>essent,</strong></span> <span class='ocrx_word' id='word_1_664' title='bbox 3081 4450 3141 4501; x_wconf 85' lang='lat' dir='ltr'><strong>et</strong></span> <span class='ocrx_word' id='word_1_665' title='bbox 3171 4441 3360 4500; x_wconf 88' lang='lat' dir='ltr'><strong>velum</strong></span> <span class='ocrx_word' id='word_1_666' title='bbox 3396 4449 3602 4501; x_wconf 77' lang='lat' dir='ltr'><strong>exten-</strong></span> 
     </span>
    </p>
   </div>
   <div class='ocr_carea' id='block_1_94' title="bbox 212 4525 1854 4610">
    <p class='ocr_par' dir='ltr' id='par_1_94' title="bbox 212 4525 1854 4606">
     <span class='ocr_line' id='line_1_94' title="bbox 212 4525 1854 4606; baseline -0.002 -19"><span class='ocrx_word' id='word_1_667' title='bbox 212 4533 538 4606; x_wconf 71' lang='grc' dir='ltr'>ἐμέμνηντο.</span> <span class='ocrx_word' id='word_1_668' title='bbox 587 4537 692 4588; x_wconf 79' lang='grc' dir='ltr'>Τοῦ</span> <span class='ocrx_word' id='word_1_669' title='bbox 745 4529 964 4605; x_wconf 82' lang='grc' dir='ltr'>λιμένος</span> <span class='ocrx_word' id='word_1_670' title='bbox 1024 4529 1111 4585; x_wconf 76' lang='grc' dir='ltr'><strong>οὖν</strong></span> <span class='ocrx_word' id='word_1_671' title='bbox 1152 4527 1559 4605; x_wconf 66' lang='grc' dir='ltr'>εξορμήσαντες,</span> <span class='ocrx_word' id='word_1_672' title='bbox 1626 4527 1714 4582; x_wconf 85' lang='grc' dir='ltr'><strong>καὶ</strong></span> <span class='ocrx_word' id='word_1_673' title='bbox 1766 4525 1854 4592; x_wconf 50' lang='grc' dir='ltr'><strong>τὴν</strong></span> 
     </span>
    </p>
   </div>
   <div class='ocr_carea' id='block_1_95' title="bbox 1943 4525 3604 4610">
    <p class='ocr_par' dir='ltr' id='par_1_95' title="bbox 1950 4525 3604 4610">
     <span class='ocr_line' id='line_1_95' title="bbox 1950 4525 3604 4610; baseline 0.004 -26"><span class='ocrx_word' id='word_1_674' title='bbox 1950 4525 2200 4602; x_wconf 77' lang='lat' dir='ltr'><strong>disserit,</strong></span> <span class='ocrx_word' id='word_1_675' title='bbox 2239 4526 2501 4588; x_wconf 89' lang='lat' dir='ltr'><strong>secundo</strong></span> <span class='ocrx_word' id='word_1_676' title='bbox 2539 4529 2664 4589; x_wconf 88' lang='lat' dir='ltr'><strong>velo</strong></span> <span class='ocrx_word' id='word_1_677' title='bbox 2713 4534 2971 4590; x_wconf 88' lang='lat' dir='ltr'><strong>utentes.</strong></span> <span class='ocrx_word' id='word_1_678' title='bbox 3010 4528 3358 4608; x_wconf 82' lang='lat' dir='ltr'><strong>navigabant</strong></span> <span class='ocrx_word' id='word_1_679' title='bbox 3401 4531 3460 4590; x_wconf 90' lang='lat' dir='ltr'><strong>in</strong></span> <span class='ocrx_word' id='word_1_680' title='bbox 3495 4549 3604 4610; x_wconf 87' lang='lat' dir='ltr'><strong>pa-</strong></span> 
     </span>
    </p>
   </div>
   <div class='ocr_carea' id='block_1_96' title="bbox 217 4615 1854 4700">
    <p class='ocr_par' dir='ltr' id='par_1_96' title="bbox 217 4615 1854 4697">
     <span class='ocr_line' id='line_1_96' title="bbox 217 4615 1854 4697; baseline -0.004 -20"><span class='ocrx_word' id='word_1_681' title='bbox 217 4623 405 4687; x_wconf 67' lang='grc' dir='ltr'>ὢόνην</span> <span class='ocrx_word' id='word_1_682' title='bbox 477 4621 592 4697; x_wconf 67' lang='grc' dir='ltr'>ἄμα</span> <span class='ocrx_word' id='word_1_683' title='bbox 644 4620 1080 4691; x_wconf 70' lang='grc' dir='ltr'>διαπετάσαντες,</span> <span class='ocrx_word' id='word_1_684' title='bbox 1141 4618 1232 4674; x_wconf 63' lang='grc' dir='ltr'><strong>του</strong></span> <span class='ocrx_word' id='word_1_685' title='bbox 1309 4617 1608 4691; x_wconf 81' lang='grc' dir='ltr'>πνεύματος</span> <span class='ocrx_word' id='word_1_686' title='bbox 1680 4615 1854 4676; x_wconf 71' lang='grc' dir='ltr'>αὺτοῖς</span> 
     </span>
    </p>
   </div>
   <div class='ocr_carea' id='block_1_97' title="bbox 1943 4615 3607 4700">
    <p class='ocr_par' dir='ltr' id='par_1_97' title="bbox 1952 4615 3607 4700">
     <span class='ocr_line' id='line_1_97' title="bbox 1952 4615 3607 4700; baseline 0.004 -25"><span class='ocrx_word' id='word_1_687' title='bbox 1952 4615 2124 4675; x_wconf 86' lang='lat' dir='ltr'><strong>triam</strong></span> <span class='ocrx_word' id='word_1_688' title='bbox 2179 4633 2347 4677; x_wconf 86' lang='lat' dir='ltr'><strong>suam</strong></span> <span class='ocrx_word' id='word_1_689' title='bbox 2404 4635 2774 4700; x_wconf 85' lang='lat' dir='ltr'><strong>nequaquam</strong></span> <span class='ocrx_word' id='word_1_690' title='bbox 2822 4627 3021 4682; x_wconf 88' lang='lat' dir='ltr'><strong>autem</strong></span> <span class='ocrx_word' id='word_1_691' title='bbox 3077 4621 3190 4680; x_wconf 87' lang='lat' dir='ltr'><strong>hoc</strong></span> <span class='ocrx_word' id='word_1_692' title='bbox 3242 4620 3607 4700; x_wconf 84' lang='lat' dir='ltr'><strong>contemptui</strong></span> 
     </span>
    </p>
   </div>
   <div class='ocr_carea' id='block_1_98' title="bbox 216 4703 1854 4791">
    <p class='ocr_par' dir='ltr' id='par_1_98' title="bbox 216 4703 1854 4791">
     <span class='ocr_line' id='line_1_98' title="bbox 216 4703 1854 4791; baseline -0.005 -23"><span class='ocrx_word' id='word_1_693' title='bbox 216 4714 467 4791; x_wconf 61' lang='grc' dir='ltr'>ἔπερ-ὅρου</span> <span class='ocrx_word' id='word_1_694' title='bbox 552 4711 843 4783; x_wconf 80' lang='grc' dir='ltr'>πνέοντος,</span> <span class='ocrx_word' id='word_1_695' title='bbox 919 4711 1046 4787; x_wconf 78' lang='grc' dir='ltr'>πρὸς</span> <span class='ocrx_word' id='word_1_696' title='bbox 1115 4709 1214 4777; x_wconf 66' lang='grc' dir='ltr'>τήν</span> <span class='ocrx_word' id='word_1_697' title='bbox 1298 4708 1493 4764; x_wconf 74' lang='grc' dir='ltr'>οἰκείαν</span> <span class='ocrx_word' id='word_1_698' title='bbox 1576 4703 1854 4767; x_wconf 79' lang='grc' dir='ltr'>ἀπέπλεον,</span> 
     </span>
    </p>
   </div>
   <div class='ocr_carea' id='block_1_99' title="bbox 1943 4703 3603 4791">
    <p class='ocr_par' dir='ltr' id='par_1_99' title="bbox 1951 4704 3603 4790">
     <span class='ocr_line' id='line_1_99' title="bbox 1951 4704 3603 4790; baseline 0.003 -24"><span class='ocrx_word' id='word_1_699' title='bbox 1951 4704 2160 4767; x_wconf 86' lang='lat' dir='ltr'><strong>habuit</strong></span> <span class='ocrx_word' id='word_1_700' title='bbox 2190 4704 2427 4784; x_wconf 88' lang='lat' dir='ltr'><strong>justitia</strong></span> <span class='ocrx_word' id='word_1_701' title='bbox 2462 4728 2474 4767; x_wconf 91' lang='lat'>:</span> <span class='ocrx_word' id='word_1_702' title='bbox 2538 4708 2643 4768; x_wconf 88' lang='lat' dir='ltr'><strong>sed</strong></span> <span class='ocrx_word' id='word_1_703' title='bbox 2678 4728 2710 4770; x_wconf 90' lang='lat' dir='ltr'><strong>e</strong></span> <span class='ocrx_word' id='word_1_704' title='bbox 2740 4707 2986 4786; x_wconf 81' lang='lat' dir='ltr'><strong>vestigio</strong></span> <span class='ocrx_word' id='word_1_705' title='bbox 3017 4727 3120 4769; x_wconf 90' lang='lat' dir='ltr'><strong>eos</strong></span> <span class='ocrx_word' id='word_1_706' title='bbox 3152 4718 3237 4770; x_wconf 82' lang='lat' dir='ltr'><strong>est</strong></span> <span class='ocrx_word' id='word_1_707' title='bbox 3268 4717 3603 4790; x_wconf 86' lang='lat' dir='ltr'><strong>persecuta,</strong></span> 
     </span>
    </p>
   </div>
   <div class='ocr_carea' id='block_1_100' title="bbox 216 4792 1854 4878">
    <p class='ocr_par' dir='ltr' id='par_1_100' title="bbox 216 4796 1854 4876">
     <span class='ocr_line' id='line_1_100' title="bbox 216 4796 1854 4876; baseline -0.004 -18"><span class='ocrx_word' id='word_1_708' title='bbox 216 4801 441 4876; x_wconf 75' lang='grc' dir='ltr'>Ἠμέλει</span> <span class='ocrx_word' id='word_1_709' title='bbox 500 4799 556 4856; x_wconf 75' lang='grc' dir='ltr'>δὲ</span> <span class='ocrx_word' id='word_1_710' title='bbox 619 4799 859 4876; x_wconf 71' lang='grc' dir='ltr'>οὒδᾶμῶς</span> <span class='ocrx_word' id='word_1_711' title='bbox 916 4801 950 4867; x_wconf 76' lang='grc' dir='ltr'>ἡ</span> <span class='ocrx_word' id='word_1_712' title='bbox 1010 4797 1154 4873; x_wconf 84' lang='grc' dir='ltr'>δίκη,</span> <span class='ocrx_word' id='word_1_713' title='bbox 1186 4796 1323 4853; x_wconf 70' lang='grc' dir='ltr'>ἀλλὰ</span> <span class='ocrx_word' id='word_1_714' title='bbox 1370 4796 1512 4874; x_wconf 79' lang='grc' dir='ltr'>παρὰ</span> <span class='ocrx_word' id='word_1_715' title='bbox 1570 4796 1729 4857; x_wconf 85' lang='grc' dir='ltr'>πόδας</span> <span class='ocrx_word' id='word_1_716' title='bbox 1780 4799 1854 4854; x_wconf 74' lang='grc' dir='ltr'><strong>αὖε</strong></span> 
     </span>
    </p>
   </div>
   <div class='ocr_carea' id='block_1_101' title="bbox 1943 4792 3603 4878">
    <p class='ocr_par' dir='ltr' id='par_1_101' title="bbox 1952 4792 3603 4878">
     <span class='ocr_line' id='line_1_101' title="bbox 1952 4792 3603 4878; baseline 0.002 -23"><span class='ocrx_word' id='word_1_717' title='bbox 1952 4804 2011 4855; x_wconf 87' lang='lat' dir='ltr'><strong>et</strong></span> <span class='ocrx_word' id='word_1_718' title='bbox 2066 4792 2329 4855; x_wconf 84' lang='lat' dir='ltr'><strong>violenta</strong></span> <span class='ocrx_word' id='word_1_719' title='bbox 2375 4797 2645 4875; x_wconf 74' lang='lat' dir='ltr'><strong>quaedam</strong></span> <span class='ocrx_word' id='word_1_720' title='bbox 2695 4812 2948 4877; x_wconf 87' lang='lat' dir='ltr'><strong>repente</strong></span> <span class='ocrx_word' id='word_1_721' title='bbox 2993 4808 3206 4859; x_wconf 79' lang='lat' dir='ltr'><strong>exorta</strong></span> <span class='ocrx_word' id='word_1_722' title='bbox 3256 4808 3603 4878; x_wconf 73' lang='lat' dir='ltr'><strong>tempestas,</strong></span> 
     </span>
    </p>
   </div>
   <div class='ocr_carea' id='block_1_102' title="bbox 216 4882 1854 4970">
    <p class='ocr_par' dir='ltr' id='par_1_102' title="bbox 216 4885 1854 4970">
     <span class='ocr_line' id='line_1_102' title="bbox 216 4885 1854 4970; baseline -0.003 -24"><span class='ocrx_word' id='word_1_723' title='bbox 216 4906 336 4955; x_wconf 72' lang='grc' dir='ltr'>τοῖς</span> <span class='ocrx_word' id='word_1_724' title='bbox 401 4890 585 4970; x_wconf 76' lang='grc' dir='ltr'>ἐπῄει,</span> <span class='ocrx_word' id='word_1_725' title='bbox 651 4890 749 4957; x_wconf 71' lang='grc' dir='ltr'>τὴν</span> <span class='ocrx_word' id='word_1_726' title='bbox 807 4890 1122 4967; x_wconf 76' lang='grc' dir='ltr'>κακουργίαν</span> <span class='ocrx_word' id='word_1_727' title='bbox 1176 4887 1494 4960; x_wconf 77' lang='grc' dir='ltr'>κολάζουσα,</span> <span class='ocrx_word' id='word_1_728' title='bbox 1557 4888 1644 4942; x_wconf 81' lang='grc' dir='ltr'><strong>καὶ</strong></span> <span class='ocrx_word' id='word_1_729' title='bbox 1700 4885 1854 4962; x_wconf 61' lang='grc' dir='ltr'>βίαιόπ</span> 
     </span>
    </p>
   </div>
   <div class='ocr_carea' id='block_1_103' title="bbox 1943 4882 3609 4970">
    <p class='ocr_par' dir='ltr' id='par_1_103' title="bbox 1954 4882 3609 4968">
     <span class='ocr_line' id='line_1_103' title="bbox 1954 4882 3609 4968; baseline 0.001 -23"><span class='ocrx_word' id='word_1_730' title='bbox 1954 4882 2182 4945; x_wconf 89' lang='lat' dir='ltr'><strong>clavum</strong></span> <span class='ocrx_word' id='word_1_731' title='bbox 2233 4884 2469 4960; x_wconf 87' lang='lat' dir='ltr'><strong>avulsit,</strong></span> <span class='ocrx_word' id='word_1_732' title='bbox 2504 4896 2562 4948; x_wconf 86' lang='lat' dir='ltr'><strong>et</strong></span> <span class='ocrx_word' id='word_1_733' title='bbox 2594 4887 2848 4947; x_wconf 83' lang='lat' dir='ltr'><strong>detraxit</strong></span> <span class='ocrx_word' id='word_1_734' title='bbox 2900 4884 3325 4968; x_wconf 85' lang='lat' dir='ltr'><strong>gubernacula,</strong></span> <span class='ocrx_word' id='word_1_735' title='bbox 3362 4896 3421 4947; x_wconf 91' lang='lat' dir='ltr'><strong>et</strong></span> <span class='ocrx_word' id='word_1_736' title='bbox 3461 4886 3609 4966; x_wconf 75' lang='lat' dir='ltr'><strong>ipsis</strong></span> 
     </span>
    </p>
   </div>
   <div class='ocr_carea' id='block_1_104' title="bbox 214 4973 1854 5058">
    <p class='ocr_par' dir='ltr' id='par_1_104' title="bbox 214 4973 1854 5058">
     <span class='ocr_line' id='line_1_104' title="bbox 214 4973 1854 5058; baseline -0.005 -20"><span class='ocrx_word' id='word_1_737' title='bbox 214 5004 263 5038; x_wconf 78' lang='grc' dir='ltr'><strong>τι</strong></span> <span class='ocrx_word' id='word_1_738' title='bbox 338 4982 588 5058; x_wconf 61' lang='grc' dir='ltr'>ηταιγὶς</span> <span class='ocrx_word' id='word_1_739' title='bbox 659 4980 804 5043; x_wconf 62' lang='grc' dir='ltr'>εὐθὺς</span> <span class='ocrx_word' id='word_1_740' title='bbox 896 4978 1303 5051; x_wconf 76' lang='grc' dir='ltr'>ἀντιπνεύσασα,</span> <span class='ocrx_word' id='word_1_741' title='bbox 1360 4977 1481 5038; x_wconf 82' lang='grc' dir='ltr'>τοὺς</span> <span class='ocrx_word' id='word_1_742' title='bbox 1554 4973 1742 5040; x_wconf 80' lang='grc' dir='ltr'>οἴαγας</span> <span class='ocrx_word' id='word_1_743' title='bbox 1813 4996 1854 5031; x_wconf 82' lang='grc' dir='ltr'>τε</span> 
     </span>
    </p>
   </div>
   <div class='ocr_carea' id='block_1_105' title="bbox 1943 4973 3607 5058">
    <p class='ocr_par' dir='ltr' id='par_1_105' title="bbox 1958 4973 3607 5055">
     <span class='ocr_line' id='line_1_105' title="bbox 1958 4973 3607 5055; baseline 0.002 -23"><span class='ocrx_word' id='word_1_744' title='bbox 1958 4973 2199 5053; x_wconf 88' lang='lat' dir='ltr'><strong>quidem</strong></span> <span class='ocrx_word' id='word_1_745' title='bbox 2263 4973 2537 5035; x_wconf 88' lang='lat' dir='ltr'><strong>ultimum</strong></span> <span class='ocrx_word' id='word_1_746' title='bbox 2599 4976 2934 5035; x_wconf 89' lang='lat' dir='ltr'><strong>minabatur</strong></span> <span class='ocrx_word' id='word_1_747' title='bbox 2993 4974 3368 5055; x_wconf 83' lang='lat' dir='ltr'><strong>periculum:</strong></span> <span class='ocrx_word' id='word_1_748' title='bbox 3438 4976 3607 5036; x_wconf 87' lang='lat' dir='ltr'><strong>illum</strong></span> 
     </span>
    </p>
   </div>
   <div class='ocr_carea' id='block_1_106' title="bbox 215 5062 1854 5149">
    <p class='ocr_par' dir='ltr' id='par_1_106' title="bbox 215 5065 1854 5149">
     <span class='ocr_line' id='line_1_106' title="bbox 215 5065 1854 5149; baseline 0.002 -22"><span class='ocrx_word' id='word_1_749' title='bbox 215 5070 517 5149; x_wconf 74' lang='grc' dir='ltr'>διέστρεψε,</span> <span class='ocrx_word' id='word_1_750' title='bbox 579 5070 667 5125; x_wconf 81' lang='grc' dir='ltr'><strong>καὶ</strong></span> <span class='ocrx_word' id='word_1_751' title='bbox 724 5070 790 5124; x_wconf 74' lang='grc' dir='ltr'><strong>τὰ</strong></span> <span class='ocrx_word' id='word_1_752' title='bbox 862 5065 1102 5133; x_wconf 75' lang='grc' dir='ltr'>πηδάλια</span> <span class='ocrx_word' id='word_1_753' title='bbox 1158 5067 1458 5144; x_wconf 72' lang='grc' dir='ltr'>παρήνεγκε</span> <span class='ocrx_word' id='word_1_754' title='bbox 1490 5111 1506 5139; x_wconf 86' lang='grc'><strong><em>,</em></strong></span> <span class='ocrx_word' id='word_1_755' title='bbox 1551 5066 1637 5119; x_wconf 79' lang='grc' dir='ltr'><strong>καὶ</strong></span> <span class='ocrx_word' id='word_1_756' title='bbox 1691 5065 1854 5121; x_wconf 55' lang='grc' dir='ltr'><strong>α’δτοῖτ</strong></span> 
     </span>
    </p>
   </div>
   <div class='ocr_carea' id='block_1_107' title="bbox 1943 5062 3609 5149">
    <p class='ocr_par' dir='ltr' id='par_1_107' title="bbox 1960 5062 3609 5145">
     <span class='ocr_line' id='line_1_107' title="bbox 1960 5062 3609 5145; baseline 0.001 -21"><span class='ocrx_word' id='word_1_757' title='bbox 1960 5073 2154 5124; x_wconf 90' lang='lat' dir='ltr'><strong>autem</strong></span> <span class='ocrx_word' id='word_1_758' title='bbox 2203 5062 2450 5143; x_wconf 84' lang='lat' dir='ltr'><strong>appellit</strong></span> <span class='ocrx_word' id='word_1_759' title='bbox 2483 5064 2543 5123; x_wconf 90' lang='lat' dir='ltr'><strong>in</strong></span> <span class='ocrx_word' id='word_1_760' title='bbox 2578 5071 2813 5145; x_wconf 91' lang='lat' dir='ltr'><strong>portum</strong></span> <span class='ocrx_word' id='word_1_761' title='bbox 2872 5065 3096 5143; x_wconf 64' lang='lat' dir='ltr'><strong>patrias.</strong></span> <span class='ocrx_word' id='word_1_762' title='bbox 3131 5063 3283 5136; x_wconf 85' lang='lat' dir='ltr'><strong>Quid</strong></span> <span class='ocrx_word' id='word_1_763' title='bbox 3316 5083 3455 5143; x_wconf 83' lang='lat' dir='ltr'><strong>ergo</strong></span> <span class='ocrx_word' id='word_1_764' title='bbox 3505 5065 3609 5127; x_wconf 86' lang='lat' dir='ltr'><strong>ille</strong></span> 
     </span>
    </p>
   </div>
   <div class='ocr_carea' id='block_1_108' title="bbox 215 5150 1854 5237">
    <p class='ocr_par' dir='ltr' id='par_1_108' title="bbox 215 5152 1854 5237">
     <span class='ocr_line' id='line_1_108' title="bbox 215 5152 1854 5237; baseline -0.007 -21"><span class='ocrx_word' id='word_1_765' title='bbox 215 5162 310 5235; x_wconf 74' lang='grc' dir='ltr'>μὲν</span> <span class='ocrx_word' id='word_1_766' title='bbox 372 5160 428 5215; x_wconf 85' lang='grc' dir='ltr'>ἐν</span> <span class='ocrx_word' id='word_1_767' title='bbox 484 5158 690 5237; x_wconf 74' lang='grc' dir='ltr'>βραχεῖ</span> <span class='ocrx_word' id='word_1_768' title='bbox 748 5155 981 5213; x_wconf 68' lang='grc' dir='ltr'>κίνδυνοι</span> <span class='ocrx_word' id='word_1_769' title='bbox 1040 5155 1275 5228; x_wconf 74' lang='grc' dir='ltr'>ἣπείλει,</span> <span class='ocrx_word' id='word_1_770' title='bbox 1333 5156 1426 5210; x_wconf 76' lang='grc' dir='ltr'><strong>τὸν</strong></span> <span class='ocrx_word' id='word_1_771' title='bbox 1495 5152 1548 5209; x_wconf 78' lang='grc' dir='ltr'>δὲ</span> <span class='ocrx_word' id='word_1_772' title='bbox 1604 5165 1721 5217; x_wconf 75' lang='grc' dir='ltr'>τοῖς</span> <span class='ocrx_word' id='word_1_773' title='bbox 1782 5157 1854 5219; x_wconf 71' lang='grc' dir='ltr'><strong>τῆς</strong></span> 
     </span>
    </p>
   </div>
   <div class='ocr_carea' id='block_1_109' title="bbox 1943 5150 3606 5237">
    <p class='ocr_par' dir='ltr' id='par_1_109' title="bbox 1960 5150 3606 5234">
     <span class='ocr_line' id='line_1_109' title="bbox 1960 5150 3606 5234; baseline 0.002 -21"><span class='ocrx_word' id='word_1_774' title='bbox 1960 5170 2209 5229; x_wconf 78' lang='lat' dir='ltr'><strong>magnus</strong></span> <span class='ocrx_word' id='word_1_775' title='bbox 2227 5165 2288 5213; x_wconf 70' lang='lat' dir='ltr'><strong>et</strong></span> <span class='ocrx_word' id='word_1_776' title='bbox 2315 5150 2655 5214; x_wconf 87' lang='lat' dir='ltr'><strong>misericors</strong></span> <span class='ocrx_word' id='word_1_777' title='bbox 2684 5151 2924 5213; x_wconf 87' lang='lat' dir='ltr'><strong>animus</strong></span> <span class='ocrx_word' id='word_1_778' title='bbox 2948 5158 2975 5215; x_wconf 74' lang='grc' dir='ltr'><strong>’ἲ</strong></span> <span class='ocrx_word' id='word_1_779' title='bbox 3002 5151 3091 5215; x_wconf 85' lang='lat' dir='ltr'><strong>Ne</strong></span> <span class='ocrx_word' id='word_1_780' title='bbox 3118 5153 3333 5215; x_wconf 87' lang='lat' dir='ltr'><strong>acerba</strong></span> <span class='ocrx_word' id='word_1_781' title='bbox 3364 5155 3606 5234; x_wconf 86' lang='lat' dir='ltr'><strong>quidem</strong></span> 
     </span>
    </p>
   </div>
   <div class='ocr_carea' id='block_1_110' title="bbox 215 5242 1854 5330">
    <p class='ocr_par' dir='ltr' id='par_1_110' title="bbox 215 5244 1854 5330">
     <span class='ocr_line' id='line_1_110' title="bbox 215 5244 1854 5330; baseline -0.004 -24"><span class='ocrx_word' id='word_1_782' title='bbox 215 5246 465 5330; x_wconf 73' lang='grc' dir='ltr'>πατρίδος</span> <span class='ocrx_word' id='word_1_783' title='bbox 550 5244 796 5304; x_wconf 79' lang='grc' dir='ltr'>ἀπεδίδου</span> <span class='ocrx_word' id='word_1_784' title='bbox 878 5244 1082 5322; x_wconf 79' lang='grc' dir='ltr'>λιμέσι.</span> <span class='ocrx_word' id='word_1_785' title='bbox 1170 5244 1227 5302; x_wconf 86' lang='grc' dir='ltr'>Τί</span> <span class='ocrx_word' id='word_1_786' title='bbox 1310 5244 1398 5299; x_wconf 74' lang='grc' dir='ltr'><strong>οὖν</strong></span> <span class='ocrx_word' id='word_1_787' title='bbox 1481 5244 1515 5312; x_wconf 81' lang='grc' dir='ltr'>ἡ</span> <span class='ocrx_word' id='word_1_788' title='bbox 1600 5244 1854 5318; x_wconf 72' lang='grc' dir='ltr'>συμπαθὴς</span> 
     </span>
    </p>
   </div>
   <div class='ocr_carea' id='block_1_111' title="bbox 1943 5242 3610 5330">
    <p class='ocr_par' dir='ltr' id='par_1_111' title="bbox 1960 5242 3610 5323">
     <span class='ocr_line' id='line_1_111' title="bbox 1960 5242 3610 5323; baseline 0.003 -20"><span class='ocrx_word' id='word_1_789' title='bbox 1960 5242 2021 5303; x_wconf 89' lang='lat' dir='ltr'><strong>in</strong></span> <span class='ocrx_word' id='word_1_790' title='bbox 2053 5259 2156 5303; x_wconf 87' lang='lat' dir='ltr'><strong>eos</strong></span> <span class='ocrx_word' id='word_1_791' title='bbox 2205 5256 2347 5302; x_wconf 89' lang='lat' dir='ltr'><strong>usus</strong></span> <span class='ocrx_word' id='word_1_792' title='bbox 2382 5250 2470 5302; x_wconf 92' lang='lat' dir='ltr'><strong>est</strong></span> <span class='ocrx_word' id='word_1_793' title='bbox 2523 5242 2810 5305; x_wconf 90' lang='lat' dir='ltr'><strong>oratione.</strong></span> <span class='ocrx_word' id='word_1_794' title='bbox 2860 5242 2979 5305; x_wconf 84' lang='lat' dir='ltr'><strong>Sed</strong></span> <span class='ocrx_word' id='word_1_795' title='bbox 3029 5261 3162 5305; x_wconf 89' lang='lat' dir='ltr'><strong>cum</strong></span> <span class='ocrx_word' id='word_1_796' title='bbox 3202 5244 3456 5323; x_wconf 83' lang='lat' dir='ltr'><strong>primum</strong></span> <span class='ocrx_word' id='word_1_797' title='bbox 3505 5262 3610 5308; x_wconf 90' lang='lat' dir='ltr'><strong>eos</strong></span> 
     </span>
    </p>
   </div>
   <div class='ocr_carea' id='block_1_112' title="bbox 217 5330 1854 5416">
    <p class='ocr_par' dir='ltr' id='par_1_112' title="bbox 217 5330 1854 5415">
     <span class='ocr_line' id='line_1_112' title="bbox 217 5330 1854 5415; baseline -0.004 -21"><span class='ocrx_word' id='word_1_798' title='bbox 217 5338 391 5405; x_wconf 69' lang='grc' dir='ltr'>ἐκείνη</span> <span class='ocrx_word' id='word_1_799' title='bbox 448 5338 537 5394; x_wconf 85' lang='grc' dir='ltr'><strong>καὶ</strong></span> <span class='ocrx_word' id='word_1_800' title='bbox 599 5335 957 5415; x_wconf 72' lang='grc' dir='ltr'>μεγαλόφρων</span> <span class='ocrx_word' id='word_1_801' title='bbox 1015 5335 1222 5413; x_wconf 51' lang='lat' dir='ltr'><strong>tinxi;</strong></span> <span class='ocrx_word' id='word_1_802' title='bbox 1290 5330 1420 5390; x_wconf 77' lang='grc' dir='ltr'>Ουδὲ</span> <span class='ocrx_word' id='word_1_803' title='bbox 1477 5333 1688 5412; x_wconf 82' lang='grc' dir='ltr'>πικρίας</span> <span class='ocrx_word' id='word_1_804' title='bbox 1761 5330 1854 5388; x_wconf 72' lang='grc' dir='ltr'><strong>οὒδ</strong></span> 
     </span>
    </p>
   </div>
   <div class='ocr_carea' id='block_1_113' title="bbox 1943 5330 3614 5416">
    <p class='ocr_par' dir='ltr' id='par_1_113' title="bbox 1957 5330 3614 5416">
     <span class='ocr_line' id='line_1_113' title="bbox 1957 5330 3614 5416; baseline 0.003 -24"><span class='ocrx_word' id='word_1_805' title='bbox 1957 5331 2105 5395; x_wconf 87' lang='lat' dir='ltr'><strong>vidit</strong></span> <span class='ocrx_word' id='word_1_806' title='bbox 2130 5337 2389 5392; x_wconf 90' lang='lat' dir='ltr'><strong>mutatos</strong></span> <span class='ocrx_word' id='word_1_807' title='bbox 2404 5339 2459 5392; x_wconf 91' lang='lat' dir='ltr'><strong>et</strong></span> <span class='ocrx_word' id='word_1_808' title='bbox 2482 5330 2699 5393; x_wconf 90' lang='lat' dir='ltr'><strong>acerba</strong></span> <span class='ocrx_word' id='word_1_809' title='bbox 2723 5339 2915 5394; x_wconf 88' lang='lat' dir='ltr'><strong>motos</strong></span> <span class='ocrx_word' id='word_1_810' title='bbox 2940 5332 3349 5413; x_wconf 82' lang='lat' dir='ltr'><strong>poenitentia,a</strong></span> <span class='ocrx_word' id='word_1_811' title='bbox 3375 5335 3614 5416; x_wconf 87' lang='lat' dir='ltr'><strong>propria</strong></span> 
     </span>
    </p>
   </div>
   <div class='ocr_carea' id='block_1_114' title="bbox 216 5419 1854 5507">
    <p class='ocr_par' dir='ltr' id='par_1_114' title="bbox 216 5420 1854 5507">
     <span class='ocr_line' id='line_1_114' title="bbox 216 5420 1854 5507; baseline -0.006 -21"><span class='ocrx_word' id='word_1_812' title='bbox 216 5427 375 5507; x_wconf 72' lang='grc' dir='ltr'>λόγου</span> <span class='ocrx_word' id='word_1_813' title='bbox 447 5429 589 5490; x_wconf 79' lang='grc' dir='ltr'>τινὸς</span> <span class='ocrx_word' id='word_1_814' title='bbox 657 5447 950 5505; x_wconf 76' lang='grc' dir='ltr'>στυφυνεος</span> <span class='ocrx_word' id='word_1_815' title='bbox 1008 5423 1196 5491; x_wconf 64' lang='grc' dir='ltr'>ἐδεήθη</span> <span class='ocrx_word' id='word_1_816' title='bbox 1268 5425 1400 5500; x_wconf 73' lang='grc' dir='ltr'>πρὸς</span> <span class='ocrx_word' id='word_1_817' title='bbox 1474 5422 1682 5485; x_wconf 70' lang='grc' dir='ltr'>αυτούς·</span> <span class='ocrx_word' id='word_1_818' title='bbox 1754 5420 1854 5477; x_wconf 82' lang='grc' dir='ltr'><strong>ἆλλ</strong></span> 
     </span>
    </p>
   </div>
   <div class='ocr_carea' id='block_1_115' title="bbox 1943 5419 3612 5507">
    <p class='ocr_par' dir='ltr' id='par_1_115' title="bbox 1961 5419 3612 5505">
     <span class='ocr_line' id='line_1_115' title="bbox 1961 5419 3612 5505; baseline 0.003 -23"><span class='ocrx_word' id='word_1_819' title='bbox 1961 5439 2199 5502; x_wconf 90' lang='lat' dir='ltr'><strong>quoque</strong></span> <span class='ocrx_word' id='word_1_820' title='bbox 2221 5421 2403 5482; x_wconf 88' lang='lat' dir='ltr'><strong>victus</strong></span> <span class='ocrx_word' id='word_1_821' title='bbox 2435 5433 2529 5482; x_wconf 86' lang='lat' dir='ltr'><strong>est</strong></span> <span class='ocrx_word' id='word_1_822' title='bbox 2551 5419 2836 5485; x_wconf 85' lang='lat' dir='ltr'><strong>bonitate:</strong></span> <span class='ocrx_word' id='word_1_823' title='bbox 2880 5431 2935 5484; x_wconf 89' lang='lat' dir='ltr'><strong>et</strong></span> <span class='ocrx_word' id='word_1_824' title='bbox 2957 5426 3221 5484; x_wconf 84' lang='lat' dir='ltr'><strong>secunda</strong></span> <span class='ocrx_word' id='word_1_825' title='bbox 3240 5425 3612 5505; x_wconf 79' lang='lat' dir='ltr'><strong>navigatione</strong></span> 
     </span>
    </p>
   </div>
   <div class='ocr_carea' id='block_1_116' title="bbox 218 5510 1854 5595">
    <p class='ocr_par' dir='ltr' id='par_1_116' title="bbox 218 5512 1854 5594">
     <span class='ocr_line' id='line_1_116' title="bbox 218 5512 1854 5594; baseline -0.006 -18"><span class='ocrx_word' id='word_1_826' title='bbox 218 5522 348 5594; x_wconf 72' lang='grc' dir='ltr'>ὁμου</span> <span class='ocrx_word' id='word_1_827' title='bbox 416 5539 474 5576; x_wconf 85' lang='grc' dir='ltr'><strong>τε</strong></span> <span class='ocrx_word' id='word_1_828' title='bbox 530 5515 1013 5594; x_wconf 76' lang='grc' dir='ltr'>μεταμελομένους</span> <span class='ocrx_word' id='word_1_829' title='bbox 1077 5512 1213 5587; x_wconf 78' lang='grc' dir='ltr'>εἶδε,</span> <span class='ocrx_word' id='word_1_830' title='bbox 1276 5514 1364 5569; x_wconf 84' lang='grc' dir='ltr'>καὶ</span> <span class='ocrx_word' id='word_1_831' title='bbox 1428 5513 1585 5577; x_wconf 75' lang='grc' dir='ltr'>αὐτὸς</span> <span class='ocrx_word' id='word_1_832' title='bbox 1652 5515 1748 5577; x_wconf 79' lang='grc' dir='ltr'>τῆς</span> <span class='ocrx_word' id='word_1_833' title='bbox 1793 5513 1854 5566; x_wconf 77' lang='grc' dir='ltr'><strong>οἱ·</strong></span> 
     </span>
    </p>
   </div>
   <div class='ocr_carea' id='block_1_117' title="bbox 1943 5510 3614 5595">
    <p class='ocr_par' dir='ltr' id='par_1_117' title="bbox 1962 5510 3614 5595">
     <span class='ocr_line' id='line_1_117' title="bbox 1962 5510 3614 5595; baseline 0.001 -21"><span class='ocrx_word' id='word_1_834' title='bbox 1962 5530 2063 5574; x_wconf 89' lang='lat' dir='ltr'><strong>eos</strong></span> <span class='ocrx_word' id='word_1_835' title='bbox 2104 5528 2315 5572; x_wconf 92' lang='lat' dir='ltr'><strong>rursus</strong></span> <span class='ocrx_word' id='word_1_836' title='bbox 2358 5510 2593 5573; x_wconf 87' lang='lat' dir='ltr'><strong>remisit</strong></span> <span class='ocrx_word' id='word_1_837' title='bbox 2634 5512 2695 5573; x_wconf 91' lang='lat' dir='ltr'><strong>in</strong></span> <span class='ocrx_word' id='word_1_838' title='bbox 2728 5512 3005 5594; x_wconf 88' lang='lat' dir='ltr'><strong>patriam.</strong></span> <span class='ocrx_word' id='word_1_839' title='bbox 3057 5511 3190 5595; x_wconf 85' lang='lat' dir='ltr'><strong>Ipse</strong></span> <span class='ocrx_word' id='word_1_840' title='bbox 3222 5532 3361 5577; x_wconf 88' lang='lat' dir='ltr'><strong>vero</strong></span> <span class='ocrx_word' id='word_1_841' title='bbox 3394 5526 3614 5579; x_wconf 67' lang='lat' dir='ltr'><strong>sancta:</strong></span> 
     </span>
    </p>
   </div>
   <div class='ocr_carea' id='block_1_118' title="bbox 217 5598 1854 5686">
    <p class='ocr_par' dir='ltr' id='par_1_118' title="bbox 217 5599 1854 5686">
     <span class='ocr_line' id='line_1_118' title="bbox 217 5599 1854 5686; baseline -0.005 -20"><span class='ocrx_word' id='word_1_842' title='bbox 217 5611 359 5676; x_wconf 60' lang='grc' dir='ltr'>λείας</span> <span class='ocrx_word' id='word_1_843' title='bbox 432 5609 642 5679; x_wconf 74' lang='grc' dir='ltr'>ἡττήθη</span> <span class='ocrx_word' id='word_1_844' title='bbox 705 5604 1111 5686; x_wconf 81' lang='grc' dir='ltr'>χρηστότητος,</span> <span class='ocrx_word' id='word_1_845' title='bbox 1172 5604 1259 5659; x_wconf 82' lang='grc' dir='ltr'>καὶ</span> <span class='ocrx_word' id='word_1_846' title='bbox 1344 5599 1503 5658; x_wconf 70' lang='grc' dir='ltr'>πάλιν</span> <span class='ocrx_word' id='word_1_847' title='bbox 1564 5601 1751 5665; x_wconf 73' lang='grc' dir='ltr'>αὐτοὺς</span> <span class='ocrx_word' id='word_1_848' title='bbox 1808 5600 1854 5657; x_wconf 83' lang='grc' dir='ltr'><strong>δι</strong></span> 
     </span>
    </p>
   </div>
   <div class='ocr_carea' id='block_1_119' title="bbox 1943 5598 3614 5686">
    <p class='ocr_par' dir='ltr' id='par_1_119' title="bbox 1962 5598 3614 5685">
     <span class='ocr_line' id='line_1_119' title="bbox 1962 5598 3614 5685; baseline 0.002 -23"><span class='ocrx_word' id='word_1_849' title='bbox 1962 5600 2101 5663; x_wconf 91' lang='lat' dir='ltr'><strong>Sion</strong></span> <span class='ocrx_word' id='word_1_850' title='bbox 2120 5601 2243 5681; x_wconf 86' lang='lat' dir='ltr'><strong>jam</strong></span> <span class='ocrx_word' id='word_1_851' title='bbox 2266 5598 2537 5663; x_wconf 86' lang='lat' dir='ltr'><strong>redditus</strong></span> <span class='ocrx_word' id='word_1_852' title='bbox 2573 5603 2957 5682; x_wconf 85' lang='lat' dir='ltr'><strong>monasterio,</strong></span> <span class='ocrx_word' id='word_1_853' title='bbox 2982 5603 3141 5682; x_wconf 91' lang='lat' dir='ltr'><strong>quod</strong></span> <span class='ocrx_word' id='word_1_854' title='bbox 3164 5601 3240 5665; x_wconf 87' lang='lat' dir='ltr'><strong>ab</strong></span> <span class='ocrx_word' id='word_1_855' title='bbox 3257 5603 3385 5684; x_wconf 87' lang='lat' dir='ltr'><strong>ejus</strong></span> <span class='ocrx_word' id='word_1_856' title='bbox 3410 5613 3614 5685; x_wconf 88' lang='lat' dir='ltr'><strong>patruo</strong></span> 
     </span>
    </p>
   </div>
   <div class='ocr_carea' id='block_1_120' title="bbox 538 5712 3208 5779">
    <p class='ocr_par' dir='ltr' id='par_1_120' title="bbox 538 5712 3208 5779">
     <span class='ocr_line' id='line_1_120' title="bbox 538 5712 3208 5779; baseline -0.001 0"><span class='ocrx_word' id='word_1_857' title='bbox 538 5716 816 5779; x_wconf 78' lang='lat' dir='ltr'><strong>PATROL.</strong></span> <span class='ocrx_word' id='word_1_858' title='bbox 864 5713 980 5777; x_wconf 78' lang='lat' dir='ltr'><strong>Gn.</strong></span> <span class='ocrx_word' id='word_1_859' title='bbox 1027 5712 1234 5777; x_wconf 84' lang='lat' dir='ltr'><strong>CXVI.</strong></span> <span class='ocrx_word' id='word_1_860' title='bbox 3144 5715 3167 5777; x_wconf 85' lang='lat'><strong>1</strong></span> <span class='ocrx_word' id='word_1_861' title='bbox 3189 5717 3208 5776; x_wconf 93' lang='lat' dir='ltr'><strong>t</strong></span> 
     </span>
    </p>
   </div>
  </div>
