4006 6146
344 223 455 303 331

1659 232 1940 307 MENSIS
1994 239 2134 307 DEC
2147 236 2421 308 EMBER.

3615 244 3728 320 332

350 375 494 437 olim
522 373 771 455 pulchre
793 373 988 438 fuerat
1011 372 1391 448 aedificatum,
1420 381 1481 435 ut
1497 374 1623 454 jam
1644 382 1780 436 ante
1806 375 2012 439 decla-

2105 378 2347 445 εὐπλοίας
2407 382 2481 445 εἰς
2540 380 2640 448 τὴν
2696 384 2895 440 οἰκείαν
2945 383 3286 460 ἀπέπεμπεν.
3352 386 3511 450 Αὐτὸς
3559 386 3726 461 μέντοι

356 463 508 525 ravit
529 464 741 538 oratio,
762 462 1126 544 jucundeab
1160 462 1247 524 eis
1276 472 1369 524 est
1397 480 1567 543 usus,
1593 470 1651 524 et
1681 483 1889 526 omnes
1920 467 2022 546 qui

355 556 417 614 in
473 553 604 634 ipso
636 561 805 617 erant
863 554 1114 634 replevit
1164 552 1488 632 voluptate,
1523 572 1745 634 eosque
1786 557 2021 637 excepit

355 640 595 706 liberali
625 653 684 707 et
718 643 1000 706 munifica
1048 641 1256 722 gratia.
1309 641 1626 722 Sapienter
1676 654 1870 705 autem
1923 662 2020 706 res

358 733 494 813 ejus
521 751 782 815 superna
813 731 1197 815 dispensabat
1225 730 1629 813 Providentia,
1654 742 1715 795 et
1745 753 2015 814 magnam

358 820 518 884 hanc
548 823 745 886 lucem
779 829 905 885 erat
928 839 1139 899 magno
1173 820 1525 901 impositura
1545 821 1927 896 candelabro,
1965 832 2023 884 et

356 911 498 976 ideo
548 932 688 976 eum
718 931 927 976 rursus
979 911 1225 974 deduxit
1272 910 1344 973 ad
1402 911 1723 992 civitatem,
1755 913 2020 975 divinum

360 1002 478 1064 mel
505 1002 743 1065 virtutis
773 1002 1094 1080 diligenter
1125 1009 1493 1083 operantem.

2104 472 2235 547 πρὸς
2295 480 2391 537 τήν
2449 475 2548 537 τῆς
2595 471 2747 549 ἁγίας
2793 474 2933 530 Σιὼν
2973 476 3113 553 ἱερὰν
3171 476 3363 546 μονὴν,
3398 476 3463 543 ἣν
3501 478 3595 534 ὑπὸ
3646 487 3730 536 τοῦ

2101 561 2236 615 θείου
2308 563 2465 618 αὐτοῦ
2521 558 2623 627 ἤδη
2699 562 2991 641 παγκάλως
3067 561 3438 639 ᾠκοδομῆσθαι
3494 569 3519 622 ὁ
3584 566 3727 646 λόγος

2101 646 2389 736 ἐδήλωσεν,
2436 649 2793 726 ἀναστρέψας,
2859 653 3119 717 ἀσπάσιός
3188 675 3247 709 τε
3318 656 3497 718 αὐτοῖς
3566 658 3726 736 ὡφθῆ,

2101 738 2189 793 καὶ
2268 734 2462 807 ἡδονῆς
2522 735 2644 803 οἷάς
2716 739 2835 802 τοὺς
2894 741 2949 797 ἐν
3019 742 3152 818 αὐτῇ
3225 743 3422 806 πάντας
3491 734 3729 822 ἐπλήρου.

2104 825 2220 884 Ο·ἱδ’
2281 825 2361 883 ὅτι
2421 828 2582 891 πόθος
2639 829 2776 902 ὑμᾶς
2844 833 3065 911 κατέχει
3132 833 3349 912 θερμὸς,
3408 835 3493 889 καὶ
3560 831 3736 908 διψᾶτε

2103 918 2317 991 μαθεῖν,
2351 921 2463 981 πῶς
2517 938 2573 973 τε
2606 915 2771 984 ἐπέϐη
2826 927 2921 977 τοῦ
2964 922 3170 1001 θρόνου,
3201 923 3288 979 καὶ
3332 926 3444 986 πῶς
3490 922 3555 977 τὰ
3609 926 3735 999 μετὰ

2102 1005 2205 1071 τὴν
2276 1002 2557 1084 προεδρίαν
2641 1006 2785 1080 αὒτῷ
2855 1006 3151 1078 διήνυσται.
3237 1018 3408 1068 Ταῦτα
3472 1019 3593 1090 γοῦν
3657 1020 3740 1073 καὶ

357 1090 619 1158 δηλώσων
650 1095 677 1149 6
734 1091 896 1171 λόγος
950 1090 1189 1172 ἔρχεται.
1226 1090 1376 1149 Ἐπεὶ
1408 1092 1506 1169 γὰρ
1551 1099 1728 1171 σοφῶς
1780 1091 1973 1150 ἄνωθεν
2032 1093 2069 1161 ἦ
2128 1092 2354 1170 Πρόνοια
2420 1093 2487 1149 τὰ
2516 1092 2665 1167 ,κατ’
2710 1096 2864 1154 αὐτόν
2913 1096 3142 1173 διετίθει,
3172 1101 3261 1155 καὶ
3317 1099 3378 1156 τὰ
3405 1100 3542 1177 μέγα
3593 1105 3738 1161 τοῦτο

358 1187 470 1261 φῶς
534 1180 619 1239 ἐπὶ
651 1180 897 1260 μεγάλην
957 1180 1151 1256 ἔμελλε
1201 1182 1451 1255 θήσεσθαι
1503 1182 1603 1248 τὴν
1659 1181 1903 1262 λυχνίαν,
1938 1181 2098 1240 πάλιν
2150 1184 2309 1239 αὐτὸν
2371 1182 2458 1239 ἐπὶ
2515 1184 2614 1242 τὴν
2664 1184 2821 1243 πόλιν
2876 1188 3101 1267 κατῆγε,
3136 1187 3438 1269 φιλοπόνως
3486 1192 3548 1247 τὸ
3600 1194 3739 1249 θετον

360 1269 479 1345 μέλι
510 1276 611 1339 τῆς
642 1271 836 1350 ἀρετῆς
867 1271 1243 1350 ἐργαζόμενον.

438 1359 537 1424 XI.
590 1362 738 1423 Cum
772 1360 859 1422 sic
910 1368 1107 1422 autem
1160 1359 1337 1421 vitam
1371 1366 1575 1439 ageret
1626 1367 1691 1421 ut
1724 1358 2074 1421 humanosB

360 1470 575 1516 omnes
596 1450 808 1513 lateret
832 1451 1058 1524 oculos,
1080 1468 1147 1512 se
1178 1449 1366 1528 magis
1385 1450 1693 1530 aperiebat
1723 1462 1777 1511 et
1802 1458 2007 1511 osten-

361 1543 539 1605 debat
569 1559 702 1605 esse
735 1541 971 1602 maximi
1004 1540 1367 1603 faciendum.
1401 1541 1533 1602 Non
1590 1540 1748 1602 enim
1783 1539 2013 1601 celabat

360 1633 545 1695 virtus
566 1630 908 1713 operarium
940 1651 955 1692 :
992 1648 1112 1692 non
1138 1629 1327 1709 magis
1354 1648 1528 1710 quam
1563 1629 1611 1689 si
1643 1630 1738 1690 lux
1772 1648 1876 1691 eos
1908 1629 2012 1706 qui

361 1740 469 1804 per
497 1722 664 1785 illum
696 1720 1022 1785 ambulant.
1074 1720 1230 1794 Quin
1260 1719 1435 1781 etiam
1484 1719 1711 1782 fructus
1743 1719 2009 1781 laborum

360 1811 522 1875 illius
576 1811 690 1873 cito
721 1813 995 1873 arborem
1047 1808 1375 1873 indicabat.
1421 1808 1540 1870 Sed
1566 1807 1724 1870 Deus
1781 1827 2014 1889 quoque

361 1901 463 1983 qui
517 1909 761 1963 noverat
786 1900 1018 1962 occulta
1063 1899 1263 1964 cordis
1323 1898 1504 1973 illius,
1541 1916 1657 1959 non
1709 1898 2015 1958 sustinens

361 1991 655 2055 cultorem
680 2008 850 2052 suum
875 1988 1133 2070 amplius
1158 1987 1566 2068 latere,virum
1599 1987 1795 2049 reddit
1813 1990 2011 2049 mani-

361 2081 600 2144 festum.
637 2078 1155 2154 Quemadmodum
1189 2084 1385 2139 autem
1414 2078 1528 2139 hoc
1563 2076 1780 2139 factum
1814 2077 1888 2137 sit
1917 2085 2011 2138 at—

367 2169 666 2233 tendenda
679 2167 1226 2233 estnarratio.Cum
1244 2167 1343 2228 illo
1358 2176 1625 2248 tempore
1649 2166 2009 2248 Myrensium

360 2260 608 2323 antistes
630 2270 690 2322 et
704 2258 910 2321 sedem
935 2266 992 2320 et
1012 2256 1187 2319 vitam
1211 2256 1389 2318 simul
1410 2255 1780 2337 reliquisset,
1813 2265 1872 2317 et
1900 2255 2016 2315 iter

360 2350 434 2412 ad
481 2349 668 2413 Deum
702 2356 862 2412 esset
892 2347 1219 2425 ingressus,
1253 2345 1452 2408 divina
1505 2345 1690 2407 subiit
1719 2344 2012 2406 aemulatio

362 2440 667 2521 subjectos
715 2438 770 2500 ei
802 2438 1113 2518 episcopos
1151 2444 1209 2497 et
1240 2455 1271 2498 e
1302 2435 1464 2499 clero
1515 2434 1790 2514 eximios,
1822 2443 1888 2495 ut
1931 2434 2017 2493 vir

364 2531 575 2610 dignus
626 2535 687 2590 in
727 2528 870 2589 sede
921 2534 1336 2606 reponeretur,
1372 2533 1429 2586 et
1477 2543 1614 2585 cum
1646 2536 1846 2585 essent
1901 2522 2014 2583 ali-

364 2619 601 2701 quando
652 2635 859 2680 omnes
906 2615 1246 2693 congregati
1298 2615 1357 2675 in
1408 2612 1684 2686 ecclesia,
1720 2611 2019 2673 consuluit

366 2700 605 2790 quidam
630 2727 697 2770 ex
721 2705 950 2782 eis,Dei
973 2702 1357 2783 etsapientiaa
1384 2702 1547 2764 illius
1581 2700 2014 2782 dispensationi

2178 1361 2285 1419 lA'.
2362 1363 2513 1422 Οὕτω
2571 1363 2626 1421 δὲ
2685 1367 2884 1441 μετιὼν
2945 1367 3084 1424 ὥστε
3154 1368 3368 1425 πάντων
3448 1367 3739 1450 διαφεύγειν

2094 1450 2215 1514 τοὺς
2299 1451 2624 1531 ὀφθαλμοὺς,
2709 1456 2868 1513 πλέον
2942 1457 3126 1513 ἑαυτὸν
3197 1456 3354 1524 δῆλον
3426 1456 3591 1515 ἐποίει
3659 1466 3745 1521 καὶ

2095 1546 2188 1596 τοῦ
2249 1544 2445 1600 παντὸς
2502 1542 2667 1608 ἄξιον.
2730 1548 2801 1603 Οὖ
2853 1548 2951 1625 γὰρ
3000 1546 3220 1623 ἔκρυπτε
3282 1549 3373 1602 τὸν
3428 1548 3654 1625 ἐργάτην
3711 1551 3745 1616 ἡ

2096 1630 2279 1702 ἁρετὴ,
2316 1631 2420 1712 οὐχ
2476 1632 2639 1700 ἧττον
2696 1635 2731 1703 ἢ
2788 1637 2849 1692 τὸ
2881 1644 2991 1716 φῶς
3021 1640 3143 1700 τοὺς
3192 1634 3280 1692 ὑπ’
3312 1636 3497 1711 ἐκείνῳ
3526 1660 3749 1715 πορευο-

2097 1720 2304 1795 μένους
2378 1723 2466 1778 καὶ
2512 1726 2559 1780 οἱ
2632 1731 2737 1781 τῶν
2804 1728 2963 1784 αὐτοῦ
3019 1724 3074 1782 δὲ
3118 1728 3294 1783 πόνων
3351 1729 3545 1803 καρποὶ
3614 1729 3748 1808 ταχὺ

2098 1817 2189 1866 τοῦ
2271 1808 2481 1889 δένδρου
2563 1816 2624 1870 τὸ
2695 1817 2902 1894 εὐγενὲς
2987 1818 3340 1891 κατεμήνυον.
3434 1816 3603 1874 Ἀλλὰ
3665 1821 3755 1875 καὶ

2098 1898 2358 1978 ὀφθαλμοὶ
2415 1910 2548 1961 Θεοῦ
2604 1905 2710 1961 τῶν
2767 1906 2979 1985 ἀφανῶν
3034 1907 3178 1967 ὄντες
3237 1906 3495 1980 ἐπόπται,
3557 1906 3750 1973 ἥκιστα

2096 1991 2184 2046 καὶ
2238 1989 2314 2045 ἔτι
2372 1990 2646 2049 λανθάνειν
2680 1997 2836 2051 αὐτὸν
2891 1997 3197 2076 ἠνείχοντο,
3265 1996 3488 2071 ’Λμέλει
3519 2000 3612 2053 καὶ
3664 1995 3755 2063 δῆ·

2096 2076 2189 2142 λος
2231 2080 2427 2156 γίνεται
2479 2085 2562 2139 καὶ
2621 2086 2647 2139 ὁ
2699 2088 2880 2163 Πατὴρ
2924 2089 2951 2142 6
3002 2086 3216 2163 βλέπων
3274 2086 3330 2142 ἐν
3382 2091 3463 2160 τῷ
3515 2093 3750 2164 κρυπτῷ,

2096 2166 2373 2234 ἀποδιδοὺς
2443 2171 2627 2247 ἐκείνῷ
2705 2179 2843 2233 κατὰ
2897 2178 2958 2232 τὸ
3024 2176 3251 2255 φανερὸν
3319 2174 3612 2252 δείκνυται,
3671 2179 3758 2234 καὶ

2097 2254 2266 2333 ὅπως,
2337 2262 2655 2331 προσεκτέον
2715 2270 2792 2336 τῷ
2848 2254 3168 2341 διηγήματι.
3239 2262 3409 2343 "Ap-4
3474 2274 3571 2322 τοῦ
3637 2266 3755 2324 κατ’

2097 2349 2276 2403 ἐκεῖνο
2344 2358 2529 2426 καιροῦ
2603 2357 2704 2419 τῆς
2777 2353 2997 2431 Μυρέων
3076 2353 3331 2434 προέδρου
3408 2356 3503 2412 τὸν
3577 2356 3759 2434 θρόνον

2097 2435 2258 2517 ἄμφω
2311 2440 2399 2495 καὶ
2429 2441 2518 2497 τὸν
2564 2444 2677 2518 βίον
2723 2442 3104 2524 ἀπολιπόντος,
3134 2443 3297 2515 ζῆλος
3352 2446 3572 2512 εἰσῆλθε
3614 2450 3758 2510 θεῖος

2097 2527 2220 2588 τούς
2277 2548 2334 2583 τε
2362 2527 2450 2584 ὑπ’
2509 2534 2664 2589 αἰτὸν
2721 2533 3044 2598 ἐπισκόπους
3102 2539 3188 2591 καὶ
3223 2536 3345 2600 τοὺς
3392 2534 3627 2612 λογάδας
3670 2544 3763 2593 τοῦ

2096 2613 2296 2693 κλήρου
2380 2619 2468 2675 τὸν
2542 2620 2684 2687 ἄξιον
2755 2621 3040 2681 ἂποδοῦναι
3110 2630 3187 2698 τῷ
3269 2628 3470 2701 θρόνῳ·
3549 2628 3642 2682 καὶ
3698 2624 3761 2696 δή

2098 2725 2228 2761 ποτε
2310 2708 2524 2766 πάντων
2607 2710 3113 2787 ἐκκλησιασαμένων
3148 2761 3164 2787 ,
3244 2712 3601 2776 συνεϐούλευέ
3682 2734 3761 2778 τις

364 2782 519 2861 lianc
547 2816 674 2860 rem
709 2794 990 2876 precibus
1038 2782 1436 2856 committere.
1471 2792 1597 2855 Hoc
1627 2810 1761 2854 cum
1810 2810 2010 2868 omne,

2105 2796 2290 2875 αὐτῶν,
2339 2805 2471 2856 Θεοῦ
2528 2798 2584 2857 δὲ
2640 2809 2794 2859 τοῦτο
2854 2805 2939 2860 καὶ
2985 2805 3084 2871 τῆς
3143 2804 3351 2861 ἐκείνου
3418 2806 3612 2885 σοφίας
3679 2808 3759 2861 ol-

366 2896 651 2965 tanquam
687 2884 1099 2965 unusquisque
1131 2900 1297 2943 suam
1330 2881 1604 2961 elegisset
1633 2881 2009 2955 sententiam,

366 2975 527 3040 Deus
583 2976 684 3057 qui
735 2974 875 3036 facit
928 2972 1293 3035 voluntatem
1355 2971 1692 3034 timentium
1742 2988 1903 3050 eum,
1956 2978 2017 3031 et

370 3066 608 3130 exaudit
657 3082 868 3146 preces
914 3062 1178 3141 illorum,
1210 3060 1315 3123 uni
1359 3079 1564 3123 eorum
1613 3059 1835 3121 revelat
1876 3078 2012 3120 eum

370 3156 469 3236 qui
507 3162 634 3217 erat
654 3153 1009 3235 praefuturus
1033 3149 1323 3230 ecclesiae,
1352 3159 1409 3213 et
1432 3150 1503 3211 ad
1537 3167 1671 3211 eum
1695 3147 2014 3228 aliquando

369 3245 569 3308 divina
588 3261 882 3326 apparens
904 3241 1076 3316 visio,
1100 3241 1225 3301 visa
1246 3248 1337 3302 est
1358 3239 1414 3302 ei
1430 3240 1742 3320 jubere,ut
1769 3238 2020 3301 veniens

367 3332 441 3397 ad
464 3331 672 3414 templi
692 3330 918 3393 aditum
944 3329 1065 3391 illic
1086 3336 1272 3391 staret
1295 3328 1608 3391 etdicere:
1644 3327 1759 3401 Qui
1792 3327 2020 3409 primus

367 3424 441 3487 ad
475 3423 761 3504 templum
798 3420 1048 3495 venerit,
1084 3420 1134 3480 is
1165 3427 1254 3482 est
1284 3418 1385 3500 qui
1432 3437 1567 3480 meo
1600 3427 1869 3481 movetur
1893 3416 2021 3495 spi-

377 3514 519 3588 ritu,
555 3521 614 3575 et
644 3531 778 3574 eum
810 3509 1200 3590 accipientes,
1234 3520 1324 3570 est
1353 3522 1549 3570 autem
1579 3508 1634 3570 ei
1664 3526 1884 3570 nomen
1915 3506 2021 3569 Ni-

370 3603 595 3684 cclaus,
633 3620 767 3666 eum
820 3613 1022 3662 create
1054 3599 1398 3679 episcopum
1436 3616 1450 3661 :
1503 3599 1617 3661 hoc
1650 3599 1808 3660 enim
1842 3605 1932 3660 est
1968 3598 2023 3659 ei

370 3692 884 3775 prmdestinatum.

2097 2885 2340 2975 κονομία,
2402 2889 2540 2968 εὐχῇ
2608 2891 2675 2947 τὰ
2747 2901 2840 2951 τοῦ
2906 2915 3221 2971 πραγματος
3302 2893 3624 2975 ἐπιτρέψαι,
3665 2895 3755 2950 καὶ

2096 2974 2195 3065 τὴν
2250 2973 2449 3033 ἐκείνου
2481 2983 2811 3059 χειροτονίαν
2865 2988 2934 3058 τῇ
2963 2979 3165 3040 ἄνωθεν
3217 2973 3537 3064 ἐγχειρίσαι
3570 2973 3758 3065 ψῆφω.

2099 3061 2277 3154 Οὕτως
2346 3066 2435 3122 οὖν
2487 3071 2660 3126 αὐτῶν
2714 3077 2782 3147 τῇ
2840 3073 2981 3152 εὐχῇ
3046 3061 3401 3152 χρωμένων,
3438 3072 3601 3153 ἤρεσε

2101 3153 2129 3208 6
2196 3151 2380 3231 λόγος,
2452 3159 2480 3214 6
2544 3159 2603 3216 τὸ
2686 3158 2896 3234 θέλημα
2931 3151 2935 3152 ί
2977 3151 3100 3219 τῶν
3165 3151 3529 3242 φοϐουμένων
3614 3151 3771 3222 αὐτὴν

2101 3246 2268 3331 ποιῶν
2327 3244 2539 3326 Κύριος,
2597 3248 2672 3304 ἐνὶ
2733 3249 2935 3307 τούτων
3000 3250 3093 3307 τὸν
3146 3252 3609 3331 προστησόμενον
3674 3253 3774 3319 τῆς

2105 3326 2427 3424 Ἐικκλησίας
2479 3350 2630 3424 ποιεῖ
2683 3337 2972 3417 γνώριμον.
3018 3326 3271 3397 Ποιεττδέ
3338 3326 3539 3409 οὕτως·
3592 3342 3778 3424 Εὒχο-

2104 3419 2250 3495 μένῳ
2305 3428 2381 3497 τῷ
2430 3423 2572 3504 ἀνδρὶ
2627 3426 2753 3501 τῷδε
2805 3428 2915 3485 θεία
2970 3452 3051 3494 τις
3108 3429 3380 3489 ἐπιστᾶσα
3441 3431 3594 3509 ὄψις,
3654 3419 3779 3490 ἐπι-

2103 3510 2312 3566 τάττειν
2366 3511 2534 3570 ἐδόκει
2593 3518 2733 3594 παρὰ
2791 3519 2886 3579 τὰς
2943 3527 3037 3577 τοῦ
3089 3527 3216 3577 ναοῦ
3276 3520 3529 3585 εἶσόδως
3571 3523 3783 3581 ὶλθόντι

2106 3604 2318 3688 στῆναι,
2353 3605 2461 3683 καὶ,
2495 3604 2700 3684 “Οσπερ
2744 3605 2828 3682 ἂν,
2860 3608 3040 3687 φάναι,
3078 3616 3299 3688 Πρῶτος
3354 3613 3450 3668 τὸν
3484 3615 3617 3670 ναὸν
3668 3615 3784 3670 εἰσ-
3874 3650 3883 3655 -

2106 3686 2270 3766 ἔλθοι,
2332 3698 2514 3749 τοῦτον
2574 3695 2718 3752 εἶναι
2771 3700 2862 3753 τὸν
2921 3705 2998 3770 τῷ
3043 3686 3169 3771 ἐμιῖί
3213 3701 3552 3777 κινούμενον
3612 3704 3788 3761 Ilvati-

368 3807 517 3862 ματι.
583 3781 843 3843 Νικόλαος
915 3779 1080 3854 ὄνομα
1139 3785 1215 3852 τῷ
1281 3776 1420 3856 ἀνδρὶ
1491 3783 1536 3855 ᾧ
1594 3782 1680 3835 καὶ
1736 3780 1837 3847 τὴν
1893 3778 2192 3844 ἐπισκοπὴν
2250 3782 2336 3836 καὶ
2391 3781 2491 3849 τὴν
2558 3786 2655 3852 τῆς
2730 3786 3053 3854 Ἐκκλησίας
3113 3776 3460 3868 προστασίαν
3527 3793 3789 3873 ἐγχειρι-

369 3874 545 3931 στέον.
578 3880 742 3931 Τοῦτο
772 3871 870 3947 γὰρ
902 3870 1044 3943 αὗτῷ
1072 3871 1160 3926 καὶ
1191 3871 1540 3948 προώρισται,

448 3964 585 4026 ΧΠ.
618 3960 761 4023 Cum
785 3960 900 4021 hoc
929 3957 1018 4019 vir
1044 3958 1144 4019 ille
1175 3958 1411 4019 divinus
1441 3958 1779 4039 accepisset
1808 3966 2020 4038 myste-

2351 3950 2529 4016 Οὕτως
2592 3956 2618 4010 ὁ
2670 3957 2812 4021 θεῖος
2882 3957 3091 4023 ἐκεῖνος
3151 3958 3292 4034 ἀνὴρ
3368 3965 3633 4046 μυηθεὶς,
3693 3969 3788 4023 οὐκ

367 4053 548 4126 rium,
584 4051 710 4112 ham
741 4047 963 4129 synodo
1009 4056 1061 4110 et
1098 4049 1259 4109 clero
1315 4037 1737 4125 communicat,
1772 4057 1831 4109 et
1873 4037 2014 4109 fom-

2105 4037 2377 4116 ἆπόῤῥητα
2447 4043 2573 4115 παρ’
2631 4046 2802 4120 ἐαυτῷ
2873 4048 3095 4127 κατέχει
3152 4049 3219 4105 τὰ
3281 4037 3794 4130 μυηθέντα,’ἀλλᾶ

370 4142 545 4206 nibus
594 4116 932 4217 diligentius
965 4136 1311 4198 vacantibus
1361 4137 1642 4210 orationi,
1678 4116 1734 4197 is
1772 4135 1869 4197 cui
1917 4135 2014 4197 ille

2106 4129 2199 4217 καί
2244 4135 2312 4196 τῆ
2344 4130 2542 4207 συνοδῳ
2594 4133 2756 4192 ταῦτα
2785 4136 2883 4192 καί
2935 4144 3012 4212 τῷ
3039 4136 3225 4215 κλήρῳ
3268 4138 3422 4209 δῆλα
3468 4116 3655 4203 ποιέῐ.
3696 4144 3797 4201 Καὶ

373 4248 623 4311 magnus
665 4214 856 4291 fuerat
884 4226 1196 4308 revelatus,
1234 4228 1392 4289 venit
1433 4227 1492 4287 in
1522 4244 1658 4288 eum
1714 4226 1909 4287 locum
1944 4224 2014 4287 ad

2105 4214 2165 4311 δη
2224 4218 2650 4311 φιλοπονώτερον
2712 4225 2948 4306 πάιτων,
3008 4233 3104 4295 τῆς
3153 4214 3342 4307 εὐχῆς
3412 4232 3734 4308 ἐγομὲνων,
3771 4234 3798 4288 6

370 4306 550 4400 quem
582 4319 772 4381 fuerat
797 4319 1021 4398 jussus.
1053 4306 1190 4380 Jamv
1238 4325 1436 4379 autem
1473 4321 1633 4377 circa
1664 4317 2014 4377 matutinum

2105 4306 2386 4401 τὸν-μέγαν
2439 4309 2804 4401 ἐκκαλυφθείς,
2837 4313 2955 4375 ἔνθα
3006 4314 3071 4382 δὴ
3128 4306 3232 4373 καῖγ
3266 4320 3307 4387 ἡ
3373 4306 3629 4401 φένεϊσα
3675 4306 3801 4397 ὅῴις

370 4393 569 4473 divino
601 4393 814 4490 spiritu
846 4415 1042 4468 motus
1073 4422 1322 4484 magnus
1351 4404 1453 4466 ille
1498 4404 1775 4467 Nicolaus
1811 4426 1823 4463 :
1858 4402 2014 4465 venit

2105 4393 2361 4467 ἐκέλευεν,
2432 4398 2759 4477 ἀφικνεῖται.
2847 4401 3004 4471 ’Ἤδη
3080 4403 3136 4461 δὲ
3204 4408 3341 4484 περῗ
3390 4393 3528 4467 ’τὸν
3611 4393 3801 4489 ὄρθρον

370 4500 433 4562 in
465 4498 803 4562 ecclesiam.
837 4497 982 4559 Cum
1015 4511 1152 4554 vero
1194 4494 1402 4556 fuisset
1429 4493 1490 4554 in
1522 4492 1842 4556 vestibulo:
1879 4512 2015 4555 eum

371 4589 676 4670 accipiens
703 4588 753 4646 is
776 4586 876 4666 qui
908 4584 1009 4646 illa
1038 4585 1229 4645 fuerat
1268 4584 1547 4662 dignatus
1575 4583 1826 4659 visione,
1861 4581 2017 4655 Quo-

373 4677 549 4741 modo
577 4675 827 4749 vocaris,
853 4694 887 4736 ο
920 4673 1023 4748 fili,
1060 4672 1374 4752 diligenter
1397 4672 1642 4753 rogavit.
1678 4673 1784 4736 Ille
1812 4680 2012 4734 autem

369 4768 620 4830 comiter
644 4772 702 4829 et
727 4763 1110 4846 simpliciter:
1142 4763 1425 4826 Nicolaus
1457 4772 1756 4845 peccator,
1790 4761 2008 4839 inquit,

368 4858 857 4933 Domine,servus
874 4862 986 4916 tuae
998 4852 1345 4915 sanctitatis.
1379 4852 1486 4916 Ille
1508 4871 1648 4915 vero
1670 4853 1756 4913 vir
1775 4851 2011 4914 divinus

367 4955 680 5029 postquam
714 4945 839 5007 hinc
869 4943 1171 5006 moderata
1202 4951 1261 5006 et
1289 4944 1541 5006 humilia
1569 4942 1791 5005 audivit
1818 4940 2010 5021 Magni

366 5036 568 5109 verba,
599 5035 807 5117 partim
836 5032 1077 5115 quidem
1110 5052 1177 5095 ex
1212 5033 1456 5096 nomine
1483 5030 1715 5096 Nicolai
1763 5031 1927 5110 quod
1952 5030 2009 5092 ei

364 5124 882 5207 praedixeratvisio
914 5140 1045 5204 quae
1071 5123 1672 5204 apparuerat,partim
1704 5129 1901 5183 autem
1935 5139 2006 5183 ex

363 5230 586 5274 summa
612 5214 884 5273 modestia
909 5219 1048 5283 (non
1084 5214 1383 5284 ignorabat
1414 5211 1813 5283 enim-Super
1832 5225 2002 5281 quem

362 5303 520 5367 Deus
545 5305 792 5386 respicit
821 5302 937 5364 nisi
965 5320 1146 5383 supra
1177 5303 1378 5366 mitem
1411 5310 1470 5365 et
1516 5303 1785 5383 quietum
1808 5302 1855 5345 Μ
1889 5300 1919 5362 ?
1948 5301 2004 5382 ι)

361 5405 717 5467 cognoscens
736 5392 897 5450 illum
919 5392 1077 5450 hunc
1098 5406 1223 5451 esse
1250 5407 1420 5467 quem
1445 5394 1596 5450 Deus
1616 5392 2004 5467 signiﬁcabat,

437 5570 487 5618 ¹²
519 5571 636 5640 Isa.
665 5589 830 5653 LXVI,
858 5572 921 5640 2.

2104 4485 2368 4573 llvsuuan
2425 4489 2547 4563 θείῳ
2604 4494 2835 4559 κινηθεὶς
2894 4496 2922 4550 ὁ
2977 4492 3147 4573 μέγας
3191 4495 3514 4571 Νικόλαος,
3567 4485 3657 4565 εἷς-

2102 4571 2389 4641 ἐκκλησίαν
2446 4578 2539 4633 καί
2587 4580 2741 4646 αὐτὸς
2792 4571 3237 4652 61:13vt1."£1tei
3300 4584 3363 4643 δὲ
3414 4588 3476 4644 ἐν
3537 4595 3622 4664 τῷ
3671 4612 3805 4670 προ·

2097 4668 2205 4756 ναῷ
2278 4664 2509 4756 γένοιτο,
2570 4666 2809 4749 ἐντυχὼν
2879 4672 3023 4747 αὖτῷ
3095 4675 3122 4731 ὁ
3195 4673 3303 4742 τῆς
3384 4679 3544 4745 θείας
3625 4664 3808 4756 ὅψεως

2095 4753 2299 4849 εκείνης
2337 4753 2685 4849 ’ἠξιωμένον
2718 4767 2838 4825 Πῶς
2895 4761 3018 4842 ἄρα,
3052 4763 3099 4819 ὦ
3126 4763 3350 4847 τέκνον,
3389 4768 3549 4847 καλῇ
3585 4787 3604 4846 ς
3652 4753 3805 4834 $1306.;

2093 4839 2270 4935 ᾔρετο,
2465 4844 2520 4935 δὲ
2578 4849 2759 4927 πράως
2816 4839 2954 4908 οὕτω
3004 4839 3113 4911 καὶ
3185 4839 3450 4935 ἀφελοῦς
3521 4839 3806 4925 ᾖικόλαος

2091 4928 2441 5031 ἆμαρξαλὸςι
2472 4932 2723 5031 δέσποτα,
2757 4937 2882 5031 ἔφη,
2932 4945 3031 5012 τῆς
3080 4928 3394 5021 ἁγιότητος
3458 4946 3658 5016 δοῦλος
3708 4951 3809 5015 τῆς

2091 5023 2211 5117 σῇις.
2250 5021 2342 5084 Ὠς
2382 5021 2471 5078 οὖν
2520 5027 2548 5080 ό
2604 5028 2749 5090 θεῖος
2806 5029 3012 5096 Exciso:
3058 5032 3191 5111 ἀνὴρ
3247 5034 3327 5090 τὰ
3362 5035 3580 5117 μέτρια
3638 5045 3810 5097 ταῦτα

2087 5108 2178 5208 και
2228 5113 2451 5168 ταπεινᾶ
2501 5115 2633 5192 πρὸς
2688 5125 2779 5175 τοῦ
2840 5119 3078 5198 μεγάλου
3138 5108 3635 5208 ἆκούσείενξᾶμα
3708 5130 3813 5205 μὲν

2087 5196 2222 5296 aliti:
2243 5204 2342 5268 τῆς
2401 5209 2491 5259 τοῦ
2523 5203 2783 5264 Νικολάου
2837 5196 3101 5291 κλήσεως,
3133 5210 3199 5280 ἣν
3243 5214 3345 5271 καὶ
3409 5196 3474 5286 ἡ.
3511 5196 3635 5277 θεία
3690 5196 3814 5296 όψις

2087 5285 2231 5387 αξτῷ
2300 5294 2629 5372 προειρήκει,
2692 5296 2804 5372 ἅμα
2867 5295 2921 5355 δὲ
2994 5285 3099 5357 καὶ,
3154 5300 3269 5357 ἀπὸ
3350 5285 3459 5363 τόυ
3541 5285 3808 5389 μεγέθαυς

2086 5377 2185 5443 τῆς
2229 5384 2680 5462 μετριοφροσύνης
2739 5386 2836 5443 καΐ
2891 5396 2982 5446 τοῦ
3030 5387 3367 5465 συνᾴδοντος
3416 5377 3586 5477 ἀιδτῇ
3631 5377 3815 5481 ’σχή-
