  <div class='ocr_page' id='page_1' title='image "/cluster/home/n/w/nwhite01/storage/ocr_20150623/116/mdp.39015008903554/175.png"; bbox 0 0 3992 6134; ppageno 0'>
   <div class='ocr_carea' id='block_1_1' title="bbox 369 272 3727 346">
    <p class='ocr_par' dir='ltr' id='par_1_1' title="bbox 369 272 3727 346">
     <span class='ocr_line' id='line_1_1' title="bbox 369 272 3727 346; baseline 0.001 -4"><span class='ocrx_word' id='word_1_1' title='bbox 369 275 487 344; x_wconf 84' lang='grc'><strong>335</strong></span> <span class='ocrx_word' id='word_1_2' title='bbox 508 290 509 293; x_wconf 68' lang='grc'><em>“</em></span> <span class='ocrx_word' id='word_1_3' title='bbox 1126 272 1133 275; x_wconf 53' lang='grc'>⁷</span> <span class='ocrx_word' id='word_1_4' title='bbox 1676 273 1959 340; x_wconf 87' lang='lat' dir='ltr'>MENSIS</span> <span class='ocrx_word' id='word_1_5' title='bbox 1997 272 2430 339; x_wconf 82' lang='lat' dir='ltr'>DECEMBER.</span> <span class='ocrx_word' id='word_1_6' title='bbox 3619 272 3727 346; x_wconf 81' lang='lat'>336</span> 
     </span>
    </p>
   </div>
   <div class='ocr_carea' id='block_1_2' title="bbox 368 407 2031 495">
    <p class='ocr_par' dir='ltr' id='par_1_2' title="bbox 368 407 2016 491">
     <span class='ocr_line' id='line_1_2' title="bbox 368 407 2016 491; baseline -0.002 -17"><span class='ocrx_word' id='word_1_7' title='bbox 368 411 503 474; x_wconf 90' lang='lat' dir='ltr'>dem</span> <span class='ocrx_word' id='word_1_8' title='bbox 537 428 668 491; x_wconf 65' lang='lat' dir='ltr'>quae</span> <span class='ocrx_word' id='word_1_9' title='bbox 697 408 855 473; x_wconf 87' lang='lat' dir='ltr'>bona</span> <span class='ocrx_word' id='word_1_10' title='bbox 883 415 1041 471; x_wconf 87' lang='lat' dir='ltr'>esset</span> <span class='ocrx_word' id='word_1_11' title='bbox 1075 408 1304 490; x_wconf 81' lang='lat' dir='ltr'>fruens,</span> <span class='ocrx_word' id='word_1_12' title='bbox 1341 407 1502 472; x_wconf 87' lang='lat' dir='ltr'>mala</span> <span class='ocrx_word' id='word_1_13' title='bbox 1524 416 1721 470; x_wconf 84' lang='lat' dir='ltr'>autem</span> <span class='ocrx_word' id='word_1_14' title='bbox 1755 409 2016 472; x_wconf 86' lang='lat' dir='ltr'>carceris</span> 
     </span>
    </p>
   </div>
   <div class='ocr_carea' id='block_1_3' title="bbox 2119 407 3741 495">
    <p class='ocr_par' dir='ltr' id='par_1_3' title="bbox 2119 410 3741 495">
     <span class='ocr_line' id='line_1_3' title="bbox 2119 410 3741 495; baseline 0.004 -28"><span class='ocrx_word' id='word_1_15' title='bbox 2119 415 2340 491; x_wconf 64' lang='grc' dir='ltr'>(ρηστοῦ</span> <span class='ocrx_word' id='word_1_16' title='bbox 2399 413 2498 487; x_wconf 76' lang='grc' dir='ltr'>μὲν</span> <span class='ocrx_word' id='word_1_17' title='bbox 2558 410 2703 470; x_wconf 75' lang='grc' dir='ltr'>οὖδεν</span> <span class='ocrx_word' id='word_1_18' title='bbox 2765 412 3041 493; x_wconf 75' lang='grc' dir='ltr'>μετέχων,</span> <span class='ocrx_word' id='word_1_19' title='bbox 3106 415 3213 469; x_wconf 77' lang='grc' dir='ltr'>τῶν</span> <span class='ocrx_word' id='word_1_20' title='bbox 3282 415 3343 471; x_wconf 86' lang='grc' dir='ltr'>ἐκ</span> <span class='ocrx_word' id='word_1_21' title='bbox 3412 421 3510 484; x_wconf 79' lang='grc' dir='ltr'>τῆς</span> <span class='ocrx_word' id='word_1_22' title='bbox 3579 417 3741 495; x_wconf 71' lang='grc' dir='ltr'>φῦλα-</span> 
     </span>
    </p>
   </div>
   <div class='ocr_carea' id='block_1_4' title="bbox 365 497 2031 585">
    <p class='ocr_par' dir='ltr' id='par_1_4' title="bbox 365 497 2023 579">
     <span class='ocr_line' id='line_1_4' title="bbox 365 497 2023 579; baseline -0.001 -18"><span class='ocrx_word' id='word_1_23' title='bbox 365 500 566 562; x_wconf 83' lang='lat' dir='ltr'>ferens</span> <span class='ocrx_word' id='word_1_24' title='bbox 590 506 706 562; x_wconf 89' lang='lat' dir='ltr'>tam</span> <span class='ocrx_word' id='word_1_25' title='bbox 732 498 866 560; x_wconf 83' lang='lat' dir='ltr'>forti</span> <span class='ocrx_word' id='word_1_26' title='bbox 886 506 942 560; x_wconf 89' lang='lat' dir='ltr'>et</span> <span class='ocrx_word' id='word_1_27' title='bbox 968 516 1261 576; x_wconf 83' lang='lat' dir='ltr'>generoso</span> <span class='ocrx_word' id='word_1_28' title='bbox 1282 497 1506 574; x_wconf 88' lang='lat' dir='ltr'>animo,</span> <span class='ocrx_word' id='word_1_29' title='bbox 1540 516 1715 579; x_wconf 89' lang='lat' dir='ltr'>quam</span> <span class='ocrx_word' id='word_1_30' title='bbox 1744 498 1875 579; x_wconf 85' lang='lat' dir='ltr'>quis</span> <span class='ocrx_word' id='word_1_31' title='bbox 1902 499 2023 561; x_wconf 81' lang='lat' dir='ltr'>fer-</span> 
     </span>
    </p>
   </div>
   <div class='ocr_carea' id='block_1_5' title="bbox 2119 497 3742 585">
    <p class='ocr_par' dir='ltr' id='par_1_5' title="bbox 2119 500 3742 585">
     <span class='ocr_line' id='line_1_5' title="bbox 2119 500 3742 585; baseline 0.003 -28"><span class='ocrx_word' id='word_1_32' title='bbox 2119 500 2204 568; x_wconf 78' lang='grc' dir='ltr'>ιῆς</span> <span class='ocrx_word' id='word_1_33' title='bbox 2232 501 2285 557; x_wconf 76' lang='grc' dir='ltr'>δὲ</span> <span class='ocrx_word' id='word_1_34' title='bbox 2319 501 2571 578; x_wconf 83' lang='grc' dir='ltr'>λυπηρῶν</span> <span class='ocrx_word' id='word_1_35' title='bbox 2632 500 2988 583; x_wconf 79' lang='grc' dir='ltr'>ἀνεχόμενος,</span> <span class='ocrx_word' id='word_1_36' title='bbox 3053 502 3191 561; x_wconf 78' lang='grc' dir='ltr'>οὕτω</span> <span class='ocrx_word' id='word_1_37' title='bbox 3244 508 3516 581; x_wconf 87' lang='grc' dir='ltr'>γενναίως,</span> <span class='ocrx_word' id='word_1_38' title='bbox 3576 505 3742 585; x_wconf 77' lang='grc' dir='ltr'>ὥσπερ</span> 
     </span>
    </p>
   </div>
   <div class='ocr_carea' id='block_1_6' title="bbox 370 586 2031 671">
    <p class='ocr_par' dir='ltr' id='par_1_6' title="bbox 370 586 2020 670">
     <span class='ocr_line' id='line_1_6' title="bbox 370 586 2020 670; baseline 0 -20"><span class='ocrx_word' id='word_1_39' title='bbox 370 596 464 651; x_wconf 88' lang='lat' dir='ltr'>ret</span> <span class='ocrx_word' id='word_1_40' title='bbox 490 607 561 650; x_wconf 89' lang='lat' dir='ltr'>ea</span> <span class='ocrx_word' id='word_1_41' title='bbox 588 607 719 670; x_wconf 82' lang='lat' dir='ltr'>quae</span> <span class='ocrx_word' id='word_1_42' title='bbox 747 596 951 650; x_wconf 87' lang='lat' dir='ltr'>essent</span> <span class='ocrx_word' id='word_1_43' title='bbox 978 596 1141 665; x_wconf 82' lang='lat' dir='ltr'>grata</span> <span class='ocrx_word' id='word_1_44' title='bbox 1192 594 1253 650; x_wconf 91' lang='lat' dir='ltr'>et</span> <span class='ocrx_word' id='word_1_45' title='bbox 1302 586 1586 667; x_wconf 83' lang='lat' dir='ltr'>iucunda.</span> <span class='ocrx_word' id='word_1_46' title='bbox 1641 587 1754 651; x_wconf 86' lang='lat' dir='ltr'>Sed</span> <span class='ocrx_word' id='word_1_47' title='bbox 1793 606 1901 649; x_wconf 83' lang='lat' dir='ltr'>nec</span> <span class='ocrx_word' id='word_1_48' title='bbox 1933 589 2020 650; x_wconf 89' lang='lat' dir='ltr'>sic</span> 
     </span>
    </p>
   </div>
   <div class='ocr_carea' id='block_1_7' title="bbox 2119 586 3740 671">
    <p class='ocr_par' dir='ltr' id='par_1_7' title="bbox 2119 587 3740 671">
     <span class='ocr_line' id='line_1_7' title="bbox 2119 587 3740 671; baseline 0.004 -26"><span class='ocrx_word' id='word_1_49' title='bbox 2119 587 2168 645; x_wconf 78' lang='grc' dir='ltr'>Ξίν</span> <span class='ocrx_word' id='word_1_50' title='bbox 2197 612 2276 656; x_wconf 88' lang='grc' dir='ltr'>τις</span> <span class='ocrx_word' id='word_1_51' title='bbox 2307 589 2510 667; x_wconf 83' lang='grc' dir='ltr'>μᾶλλον</span> <span class='ocrx_word' id='word_1_52' title='bbox 2560 588 2734 659; x_wconf 78' lang='grc' dir='ltr'>ἡδέων</span> <span class='ocrx_word' id='word_1_53' title='bbox 2786 597 3153 671; x_wconf 72' lang='grc' dir='ltr'>κατατρυφῶν.</span> <span class='ocrx_word' id='word_1_54' title='bbox 3217 591 3364 661; x_wconf 66' lang='grc' dir='ltr'>Πλὴν</span> <span class='ocrx_word' id='word_1_55' title='bbox 3419 592 3535 650; x_wconf 70' lang='grc' dir='ltr'>οῦδὲ</span> <span class='ocrx_word' id='word_1_56' title='bbox 3591 594 3740 660; x_wconf 74' lang='grc' dir='ltr'>οὕτως</span> 
     </span>
    </p>
   </div>
   <div class='ocr_carea' id='block_1_8' title="bbox 371 675 2031 762">
    <p class='ocr_par' dir='ltr' id='par_1_8' title="bbox 371 675 2021 759">
     <span class='ocr_line' id='line_1_8' title="bbox 371 675 2021 759; baseline 0 -19"><span class='ocrx_word' id='word_1_57' title='bbox 371 677 611 759; x_wconf 86' lang='lat' dir='ltr'>quidem</span> <span class='ocrx_word' id='word_1_58' title='bbox 635 677 1069 742; x_wconf 77' lang='lat' dir='ltr'>intermittebat</span> <span class='ocrx_word' id='word_1_59' title='bbox 1087 695 1230 738; x_wconf 87' lang='lat' dir='ltr'>suos</span> <span class='ocrx_word' id='word_1_60' title='bbox 1249 675 1311 738; x_wconf 91' lang='lat' dir='ltr'>in</span> <span class='ocrx_word' id='word_1_61' title='bbox 1332 675 1449 738; x_wconf 79' lang='lat' dir='ltr'>(ide</span> <span class='ocrx_word' id='word_1_62' title='bbox 1471 677 1666 739; x_wconf 87' lang='lat' dir='ltr'>alere:</span> <span class='ocrx_word' id='word_1_63' title='bbox 1690 677 1748 737; x_wconf 92' lang='lat' dir='ltr'>in</span> <span class='ocrx_word' id='word_1_64' title='bbox 1774 679 1943 739; x_wconf 82' lang='lat' dir='ltr'>ﬁrmo</span> <span class='ocrx_word' id='word_1_65' title='bbox 1964 689 2021 740; x_wconf 88' lang='lat' dir='ltr'>et</span> 
     </span>
    </p>
   </div>
   <div class='ocr_carea' id='block_1_9' title="bbox 2119 675 3744 762">
    <p class='ocr_par' dir='ltr' id='par_1_9' title="bbox 2119 679 3744 762">
     <span class='ocr_line' id='line_1_9' title="bbox 2119 679 3744 762; baseline 0.002 -28"><span class='ocrx_word' id='word_1_66' title='bbox 2119 679 2238 736; x_wconf 66' lang='grc' dir='ltr'>ὶνίει</span> <span class='ocrx_word' id='word_1_67' title='bbox 2293 682 2320 737; x_wconf 86' lang='grc' dir='ltr'>ὁ</span> <span class='ocrx_word' id='word_1_68' title='bbox 2378 680 2443 737; x_wconf 73' lang='grc' dir='ltr'>τὰ</span> <span class='ocrx_word' id='word_1_69' title='bbox 2499 681 2671 737; x_wconf 72' lang='grc' dir='ltr'>πάντα</span> <span class='ocrx_word' id='word_1_70' title='bbox 2728 695 2997 761; x_wconf 70' lang='grc' dir='ltr'>γενναῖος,</span> <span class='ocrx_word' id='word_1_71' title='bbox 3064 680 3182 738; x_wconf 82' lang='grc' dir='ltr'>ἀλλ’</span> <span class='ocrx_word' id='word_1_72' title='bbox 3227 682 3408 760; x_wconf 81' lang='grc' dir='ltr'>ὥσπερ</span> <span class='ocrx_word' id='word_1_73' title='bbox 3457 683 3573 739; x_wconf 80' lang='grc' dir='ltr'>τινὰ</span> <span class='ocrx_word' id='word_1_74' title='bbox 3597 685 3744 762; x_wconf 74' lang='grc' dir='ltr'>νεαρὰ</span> 
     </span>
    </p>
   </div>
   <div class='ocr_carea' id='block_1_10' title="bbox 370 765 2031 851">
    <p class='ocr_par' dir='ltr' id='par_1_10' title="bbox 370 765 2020 846">
     <span class='ocr_line' id='line_1_10' title="bbox 370 765 2020 846; baseline 0.001 -18"><span class='ocrx_word' id='word_1_75' title='bbox 370 766 623 829; x_wconf 87' lang='lat' dir='ltr'>infracto</span> <span class='ocrx_word' id='word_1_76' title='bbox 647 766 1037 829; x_wconf 79' lang='lat' dir='ltr'>fundamento</span> <span class='ocrx_word' id='word_1_77' title='bbox 1052 765 1486 846; x_wconf 86' lang='lat' dir='ltr'>pedesillorum</span> <span class='ocrx_word' id='word_1_78' title='bbox 1511 773 1800 843; x_wconf 88' lang='lat' dir='ltr'>statuens,</span> <span class='ocrx_word' id='word_1_79' title='bbox 1831 773 1889 828; x_wconf 86' lang='lat' dir='ltr'>et</span> <span class='ocrx_word' id='word_1_80' title='bbox 1917 786 2020 830; x_wconf 81' lang='lat' dir='ltr'>eos</span> 
     </span>
    </p>
   </div>
   <div class='ocr_carea' id='block_1_11' title="bbox 2119 765 3744 851">
    <p class='ocr_par' dir='ltr' id='par_1_11' title="bbox 2119 769 3744 851">
     <span class='ocr_line' id='line_1_11' title="bbox 2119 769 3744 851; baseline 0.002 -26"><span class='ocrx_word' id='word_1_81' title='bbox 2119 771 2238 851; x_wconf 72' lang='grc' dir='ltr'>ρ)τά</span> <span class='ocrx_word' id='word_1_82' title='bbox 2265 772 2388 836; x_wconf 87' lang='grc' dir='ltr'>τοὺς</span> <span class='ocrx_word' id='word_1_83' title='bbox 2417 769 2506 827; x_wconf 79' lang='grc' dir='ltr'>ὑπ’</span> <span class='ocrx_word' id='word_1_84' title='bbox 2540 771 2682 847; x_wconf 66' lang='grc' dir='ltr'>αότῷ</span> <span class='ocrx_word' id='word_1_85' title='bbox 2714 772 2913 835; x_wconf 77' lang='grc' dir='ltr'>πάντας</span> <span class='ocrx_word' id='word_1_86' title='bbox 2975 772 3202 847; x_wconf 73' lang='grc' dir='ltr'>νάμασιν</span> <span class='ocrx_word' id='word_1_87' title='bbox 3256 770 3528 840; x_wconf 75' lang='grc' dir='ltr'>εὒσὲϐείας</span> <span class='ocrx_word' id='word_1_88' title='bbox 3585 774 3744 849; x_wconf 75' lang='grc' dir='ltr'>ἐπαρ-</span> 
     </span>
    </p>
   </div>
   <div class='ocr_carea' id='block_1_12' title="bbox 370 854 1793 934">
    <p class='ocr_par' dir='ltr' id='par_1_12' title="bbox 370 854 1793 934">
     <span class='ocr_line' id='line_1_12' title="bbox 370 854 1793 934; baseline -0.004 -16"><span class='ocrx_word' id='word_1_89' title='bbox 370 856 636 919; x_wconf 89' lang='lat' dir='ltr'>reddens</span> <span class='ocrx_word' id='word_1_90' title='bbox 667 855 978 919; x_wconf 82' lang='lat' dir='ltr'>vividiores</span> <span class='ocrx_word' id='word_1_91' title='bbox 1005 862 1066 917; x_wconf 88' lang='lat' dir='ltr'>et</span> <span class='ocrx_word' id='word_1_92' title='bbox 1093 854 1358 917; x_wconf 85' lang='lat' dir='ltr'>acriores</span> <span class='ocrx_word' id='word_1_93' title='bbox 1384 872 1490 934; x_wconf 90' lang='lat' dir='ltr'>pro</span> <span class='ocrx_word' id='word_1_94' title='bbox 1522 854 1793 918; x_wconf 77' lang='lat' dir='ltr'>veritate.</span> 
     </span>
    </p>
   </div>
   <div class='ocr_carea' id='block_1_13' title="bbox 374 1056 769 1114">
    <p class='ocr_par' dir='ltr' id='par_1_13' title="bbox 374 1056 769 1114">
     <span class='ocr_line' id='line_1_13' title="bbox 374 1056 769 1114; baseline -0.003 -23"><span class='ocrx_word' id='word_1_95' title='bbox 374 1057 504 1113; x_wconf 83' lang='grc' dir='ltr'>παρε</span> <span class='ocrx_word' id='word_1_96' title='bbox 512 1056 747 1114; x_wconf 84' lang='grc' dir='ltr'>χομενος</span> <span class='ocrx_word' id='word_1_97' title='bbox 757 1083 769 1096; x_wconf 83' lang='grc'><strong>.</strong></span> 
     </span>
    </p>
   </div>
   <div class='ocr_carea' id='block_1_14' title="bbox 453 1120 2027 1203">
    <p class='ocr_par' dir='ltr' id='par_1_14' title="bbox 453 1120 2027 1203">
     <span class='ocr_line' id='line_1_14' title="bbox 453 1120 2027 1203; baseline 0.001 -18"><span class='ocrx_word' id='word_1_98' title='bbox 453 1120 607 1185; x_wconf 82' lang='lat' dir='ltr'><strong>XIV.</strong></span> <span class='ocrx_word' id='word_1_99' title='bbox 640 1121 752 1184; x_wconf 88' lang='lat' dir='ltr'>Sed</span> <span class='ocrx_word' id='word_1_100' title='bbox 785 1121 982 1183; x_wconf 81' lang='lat' dir='ltr'>statim</span> <span class='ocrx_word' id='word_1_101' title='bbox 1037 1123 1122 1183; x_wconf 90' lang='lat' dir='ltr'>sol</span> <span class='ocrx_word' id='word_1_102' title='bbox 1176 1129 1422 1203; x_wconf 84' lang='lat' dir='ltr'>apparet</span> <span class='ocrx_word' id='word_1_103' title='bbox 1465 1129 1599 1203; x_wconf 89' lang='lat' dir='ltr'>post</span> <span class='ocrx_word' id='word_1_104' title='bbox 1651 1122 1913 1186; x_wconf 89' lang='lat' dir='ltr'>nubem:</span> <span class='ocrx_word' id='word_1_105' title='bbox 1969 1134 2027 1186; x_wconf 86' lang='lat' dir='ltr'>et</span> 
     </span>
    </p>
   </div>
   <div class='ocr_carea' id='block_1_15' title="bbox 377 1210 2028 1292">
    <p class='ocr_par' dir='ltr' id='par_1_15' title="bbox 377 1210 2028 1292">
     <span class='ocr_line' id='line_1_15' title="bbox 377 1210 2028 1292; baseline 0 -18"><span class='ocrx_word' id='word_1_106' title='bbox 377 1211 525 1274; x_wconf 82' lang='lat' dir='ltr'>levis</span> <span class='ocrx_word' id='word_1_107' title='bbox 554 1221 612 1273; x_wconf 86' lang='lat' dir='ltr'>et</span> <span class='ocrx_word' id='word_1_108' title='bbox 639 1210 837 1274; x_wconf 83' lang='lat' dir='ltr'>suavis</span> <span class='ocrx_word' id='word_1_109' title='bbox 867 1211 1136 1291; x_wconf 67' lang='lat' dir='ltr'>quaedam</span> <span class='ocrx_word' id='word_1_110' title='bbox 1161 1229 1303 1272; x_wconf 87' lang='lat' dir='ltr'>aura</span> <span class='ocrx_word' id='word_1_111' title='bbox 1328 1217 1461 1292; x_wconf 90' lang='lat' dir='ltr'>post</span> <span class='ocrx_word' id='word_1_112' title='bbox 1483 1212 1830 1291; x_wconf 85' lang='lat' dir='ltr'>procellam,</span> <span class='ocrx_word' id='word_1_113' title='bbox 1861 1213 2028 1276; x_wconf 88' lang='lat' dir='ltr'>beni-</span> 
     </span>
    </p>
   </div>
   <div class='ocr_carea' id='block_1_16' title="bbox 378 1299 2022 1382">
    <p class='ocr_par' dir='ltr' id='par_1_16' title="bbox 378 1299 2022 1382">
     <span class='ocr_line' id='line_1_16' title="bbox 378 1299 2022 1382; baseline 0.001 -19"><span class='ocrx_word' id='word_1_114' title='bbox 378 1318 648 1382; x_wconf 85' lang='lat' dir='ltr'>gnusque</span> <span class='ocrx_word' id='word_1_115' title='bbox 676 1310 735 1362; x_wconf 89' lang='lat' dir='ltr'>et</span> <span class='ocrx_word' id='word_1_116' title='bbox 784 1300 1050 1361; x_wconf 83' lang='lat' dir='ltr'>clemens</span> <span class='ocrx_word' id='word_1_117' title='bbox 1102 1317 1274 1361; x_wconf 90' lang='lat' dir='ltr'>meus</span> <span class='ocrx_word' id='word_1_118' title='bbox 1334 1299 1608 1362; x_wconf 87' lang='lat' dir='ltr'>Christus</span> <span class='ocrx_word' id='word_1_119' title='bbox 1665 1301 1928 1381; x_wconf 90' lang='lat' dir='ltr'>desuper</span> <span class='ocrx_word' id='word_1_120' title='bbox 1951 1304 2022 1363; x_wconf 88' lang='lat' dir='ltr'>ad</span> 
     </span>
    </p>
   </div>
   <div class='ocr_carea' id='block_1_17' title="bbox 377 1386 2027 1469">
    <p class='ocr_par' dir='ltr' id='par_1_17' title="bbox 377 1386 2027 1469">
     <span class='ocr_line' id='line_1_17' title="bbox 377 1386 2027 1469; baseline 0 -16"><span class='ocrx_word' id='word_1_121' title='bbox 377 1409 541 1454; x_wconf 87' lang='lat' dir='ltr'>suam</span> <span class='ocrx_word' id='word_1_122' title='bbox 566 1391 802 1451; x_wconf 86' lang='lat' dir='ltr'>intuens</span> <span class='ocrx_word' id='word_1_123' title='bbox 823 1388 1259 1460; x_wconf 73' lang='lat' dir='ltr'>haereditatem,</span> <span class='ocrx_word' id='word_1_124' title='bbox 1292 1386 1541 1450; x_wconf 87' lang='lat' dir='ltr'>destruit</span> <span class='ocrx_word' id='word_1_125' title='bbox 1565 1390 1802 1469; x_wconf 86' lang='lat' dir='ltr'>quidem</span> <span class='ocrx_word' id='word_1_126' title='bbox 1827 1394 2027 1453; x_wconf 83' lang='lat' dir='ltr'>omnia</span> 
     </span>
    </p>
   </div>
   <div class='ocr_carea' id='block_1_18' title="bbox 377 1480 2023 1564">
    <p class='ocr_par' dir='ltr' id='par_1_18' title="bbox 377 1480 2023 1564">
     <span class='ocr_line' id='line_1_18' title="bbox 377 1480 2023 1564; baseline 0 -20"><span class='ocrx_word' id='word_1_127' title='bbox 377 1483 702 1564; x_wconf 82' lang='lat' dir='ltr'>impietatis</span> <span class='ocrx_word' id='word_1_128' title='bbox 729 1480 1268 1561; x_wconf 85' lang='lat' dir='ltr'>sceptra,to|litque</span> <span class='ocrx_word' id='word_1_129' title='bbox 1287 1482 1361 1544; x_wconf 90' lang='lat' dir='ltr'>de</span> <span class='ocrx_word' id='word_1_130' title='bbox 1383 1481 2023 1559; x_wconf 80' lang='lat' dir='ltr'>medio,Diocletianos,</span> 
     </span>
    </p>
   </div>
   <div class='ocr_carea' id='block_1_19' title="bbox 377 1568 2029 1654">
    <p class='ocr_par' dir='ltr' id='par_1_19' title="bbox 377 1568 2029 1654">
     <span class='ocr_line' id='line_1_19' title="bbox 377 1568 2029 1654; baseline 0.002 -22"><span class='ocrx_word' id='word_1_131' title='bbox 377 1574 642 1653; x_wconf 87' lang='lat' dir='ltr'>inquam,</span> <span class='ocrx_word' id='word_1_132' title='bbox 670 1578 731 1632; x_wconf 92' lang='lat' dir='ltr'>et</span> <span class='ocrx_word' id='word_1_133' title='bbox 756 1568 1146 1631; x_wconf 84' lang='lat' dir='ltr'>Maximianos</span> <span class='ocrx_word' id='word_1_134' title='bbox 1176 1578 1235 1631; x_wconf 92' lang='lat' dir='ltr'>et</span> <span class='ocrx_word' id='word_1_135' title='bbox 1266 1568 1621 1651; x_wconf 86' lang='lat' dir='ltr'>quicunque</span> <span class='ocrx_word' id='word_1_136' title='bbox 1678 1570 1844 1632; x_wconf 86' lang='lat' dir='ltr'>fuere</span> <span class='ocrx_word' id='word_1_137' title='bbox 1896 1583 2029 1654; x_wconf 91' lang='lat' dir='ltr'>post</span> 
     </span>
    </p>
   </div>
   <div class='ocr_carea' id='block_1_20' title="bbox 379 1659 2022 1744">
    <p class='ocr_par' dir='ltr' id='par_1_20' title="bbox 379 1659 2022 1744">
     <span class='ocr_line' id='line_1_20' title="bbox 379 1659 2022 1744; baseline 0.001 -21"><span class='ocrx_word' id='word_1_138' title='bbox 379 1679 484 1723; x_wconf 90' lang='lat' dir='ltr'>eos</span> <span class='ocrx_word' id='word_1_139' title='bbox 506 1659 968 1740; x_wconf 81' lang='lat' dir='ltr'>gentiles,erigit</span> <span class='ocrx_word' id='word_1_140' title='bbox 990 1667 1189 1721; x_wconf 89' lang='lat' dir='ltr'>autem</span> <span class='ocrx_word' id='word_1_141' title='bbox 1216 1677 1402 1721; x_wconf 83' lang='lat' dir='ltr'>cornu</span> <span class='ocrx_word' id='word_1_142' title='bbox 1420 1659 1627 1722; x_wconf 89' lang='lat' dir='ltr'>salutis</span> <span class='ocrx_word' id='word_1_143' title='bbox 1651 1663 1868 1742; x_wconf 83' lang='lat' dir='ltr'>pupqu</span> <span class='ocrx_word' id='word_1_144' title='bbox 1892 1683 2022 1744; x_wconf 91' lang='lat' dir='ltr'>suo,</span> 
     </span>
    </p>
   </div>
   <div class='ocr_carea' id='block_1_21' title="bbox 2103 859 3744 941">
    <p class='ocr_par' dir='ltr' id='par_1_21' title="bbox 2103 859 3744 941">
     <span class='ocr_line' id='line_1_21' title="bbox 2103 859 3744 941; baseline 0.001 -26"><span class='ocrx_word' id='word_1_145' title='bbox 2103 859 2206 915; x_wconf 88' lang='grc' dir='ltr'>δων</span> <span class='ocrx_word' id='word_1_146' title='bbox 2265 860 2357 938; x_wconf 73' lang='grc' dir='ltr'>ἧι,</span> <span class='ocrx_word' id='word_1_147' title='bbox 2416 860 2470 916; x_wconf 86' lang='grc' dir='ltr'>ἐν</span> <span class='ocrx_word' id='word_1_148' title='bbox 2529 860 2752 941; x_wconf 76' lang='grc' dir='ltr'>ἆῤῥαγεῖ</span> <span class='ocrx_word' id='word_1_149' title='bbox 2803 884 2863 918; x_wconf 84' lang='grc' dir='ltr'>τε</span> <span class='ocrx_word' id='word_1_150' title='bbox 2909 860 3140 938; x_wconf 71' lang='grc' dir='ltr'>θεμελίῳ</span> <span class='ocrx_word' id='word_1_151' title='bbox 3195 865 3315 927; x_wconf 80' lang='grc' dir='ltr'>τοὺς</span> <span class='ocrx_word' id='word_1_152' title='bbox 3349 862 3561 918; x_wconf 86' lang='grc' dir='ltr'>ἐκείνων</span> <span class='ocrx_word' id='word_1_153' title='bbox 3592 860 3744 930; x_wconf 80' lang='grc' dir='ltr'>πόδας</span> 
     </span>
    </p>
   </div>
   <div class='ocr_carea' id='block_1_22' title="bbox 371 944 2615 1030">
    <p class='ocr_par' dir='ltr' id='par_1_22' title="bbox 371 944 2615 1030">
     <span class='ocr_line' id='line_1_22' title="bbox 371 944 2615 1030; baseline 0.002 -28"><span class='ocrx_word' id='word_1_154' title='bbox 371 948 553 1026; x_wconf 82' lang='grc' dir='ltr'>ἱστῶν,</span> <span class='ocrx_word' id='word_1_155' title='bbox 625 951 720 1004; x_wconf 67' lang='grc' dir='ltr'>καὶ</span> <span class='ocrx_word' id='word_1_156' title='bbox 792 945 1161 1024; x_wconf 72' lang='grc' dir='ltr'>γενναιοτέρου</span> <span class='ocrx_word' id='word_1_157' title='bbox 1231 945 1330 1021; x_wconf 70' lang='grc' dir='ltr'>μὲν</span> <span class='ocrx_word' id='word_1_158' title='bbox 1386 944 1670 1019; x_wconf 78' lang='grc' dir='ltr'>ἐμπιπλῶν</span> <span class='ocrx_word' id='word_1_159' title='bbox 1743 949 2080 1030; x_wconf 74' lang='grc' dir='ltr'>ὀρμήματος,</span> <span class='ocrx_word' id='word_1_160' title='bbox 2155 948 2488 1028; x_wconf 69' lang='grc' dir='ltr'>ἀξιομάχους</span> <span class='ocrx_word' id='word_1_161' title='bbox 2560 948 2615 1006; x_wconf 85' lang='grc' dir='ltr'>δὲ</span> 
     </span>
    </p>
   </div>
   <div class='ocr_carea' id='block_1_23' title="bbox 2684 950 3748 1030">
    <p class='ocr_par' dir='ltr' id='par_1_23' title="bbox 2684 950 3748 1030">
     <span class='ocr_line' id='line_1_23' title="bbox 2684 950 3748 1030; baseline 0.002 -24"><span class='ocrx_word' id='word_1_162' title='bbox 2684 952 3012 1030; x_wconf 74' lang='grc' dir='ltr'>στρατιώτας</span> <span class='ocrx_word' id='word_1_163' title='bbox 3083 957 3182 1019; x_wconf 79' lang='grc' dir='ltr'>τῆς</span> <span class='ocrx_word' id='word_1_164' title='bbox 3252 950 3503 1020; x_wconf 80' lang='grc' dir='ltr'>ἀληθείας</span> <span class='ocrx_word' id='word_1_165' title='bbox 3571 951 3748 1026; x_wconf 75' lang='grc' dir='ltr'>αὖτοὺς</span> 
     </span>
    </p>
   </div>
   <div class='ocr_carea' id='block_1_24' title="bbox 2190 1129 3747 1210">
    <p class='ocr_par' dir='ltr' id='par_1_24' title="bbox 2190 1129 3747 1210">
     <span class='ocr_line' id='line_1_24' title="bbox 2190 1129 3747 1210; baseline -0.002 -21"><span class='ocrx_word' id='word_1_166' title='bbox 2190 1131 2298 1191; x_wconf 82' lang='grc' dir='ltr'>ῐΔ’.</span> <span class='ocrx_word' id='word_1_167' title='bbox 2335 1129 2486 1189; x_wconf 84' lang='grc' dir='ltr'>Ἀλλ’</span> <span class='ocrx_word' id='word_1_168' title='bbox 2547 1131 2693 1192; x_wconf 77' lang='grc' dir='ltr'>εὐθύς</span> <span class='ocrx_word' id='word_1_169' title='bbox 2746 1129 2900 1202; x_wconf 74' lang='grc' dir='ltr'>ἥλιος</span> <span class='ocrx_word' id='word_1_170' title='bbox 2956 1131 3090 1206; x_wconf 86' lang='grc' dir='ltr'>μετά</span> <span class='ocrx_word' id='word_1_171' title='bbox 3143 1133 3320 1210; x_wconf 79' lang='grc' dir='ltr'>νέφος,</span> <span class='ocrx_word' id='word_1_172' title='bbox 3372 1132 3461 1187; x_wconf 81' lang='grc' dir='ltr'>καὶ</span> <span class='ocrx_word' id='word_1_173' title='bbox 3501 1131 3632 1200; x_wconf 80' lang='grc' dir='ltr'>ἠπία</span> <span class='ocrx_word' id='word_1_174' title='bbox 3672 1153 3747 1195; x_wconf 87' lang='grc' dir='ltr'>τις</span> 
     </span>
    </p>
   </div>
   <div class='ocr_carea' id='block_1_25' title="bbox 2109 1219 3746 1301">
    <p class='ocr_par' dir='ltr' id='par_1_25' title="bbox 2109 1219 3746 1301">
     <span class='ocr_line' id='line_1_25' title="bbox 2109 1219 3746 1301; baseline -0.001 -24"><span class='ocrx_word' id='word_1_175' title='bbox 2109 1220 2239 1299; x_wconf 80' lang='grc' dir='ltr'>αὖρα</span> <span class='ocrx_word' id='word_1_176' title='bbox 2298 1222 2435 1297; x_wconf 87' lang='grc' dir='ltr'>μετά</span> <span class='ocrx_word' id='word_1_177' title='bbox 2490 1221 2591 1289; x_wconf 79' lang='grc' dir='ltr'>τὴν</span> <span class='ocrx_word' id='word_1_178' title='bbox 2647 1219 2925 1299; x_wconf 82' lang='grc' dir='ltr'>καταιγίδα</span> <span class='ocrx_word' id='word_1_179' title='bbox 2984 1222 3071 1276; x_wconf 88' lang='grc' dir='ltr'>καὶ</span> <span class='ocrx_word' id='word_1_180' title='bbox 3121 1222 3515 1301; x_wconf 70' lang='grc' dir='ltr'>φιλάνθρωπον,</span> <span class='ocrx_word' id='word_1_181' title='bbox 3565 1221 3593 1275; x_wconf 84' lang='grc' dir='ltr'>ὃ</span> <span class='ocrx_word' id='word_1_182' title='bbox 3627 1219 3746 1296; x_wconf 77' lang='grc' dir='ltr'>ἐμὸς</span> 
     </span>
    </p>
   </div>
   <div class='ocr_carea' id='block_1_26' title="bbox 2109 1307 3744 1389">
    <p class='ocr_par' dir='ltr' id='par_1_26' title="bbox 2109 1307 3744 1389">
     <span class='ocr_line' id='line_1_26' title="bbox 2109 1307 3744 1389; baseline -0.002 -22"><span class='ocrx_word' id='word_1_183' title='bbox 2109 1313 2335 1389; x_wconf 79' lang='grc' dir='ltr'>Χριστὸς</span> <span class='ocrx_word' id='word_1_184' title='bbox 2392 1310 2587 1367; x_wconf 76' lang='grc' dir='ltr'>ἄνωθεν</span> <span class='ocrx_word' id='word_1_185' title='bbox 2657 1311 2785 1386; x_wconf 81' lang='grc' dir='ltr'>πρὸς</span> <span class='ocrx_word' id='word_1_186' title='bbox 2841 1312 2932 1367; x_wconf 60' lang='grc' dir='ltr'>τὸν</span> <span class='ocrx_word' id='word_1_187' title='bbox 3006 1310 3163 1367; x_wconf 76' lang='grc' dir='ltr'>αὗτοῦ</span> <span class='ocrx_word' id='word_1_188' title='bbox 3232 1308 3362 1366; x_wconf 82' lang='grc' dir='ltr'>λαὸν</span> <span class='ocrx_word' id='word_1_189' title='bbox 3438 1307 3744 1384; x_wconf 75' lang='grc' dir='ltr'>ἐπιϐλέψας,</span> 
     </span>
    </p>
   </div>
   <div class='ocr_carea' id='block_1_27' title="bbox 2112 1397 3748 1478">
    <p class='ocr_par' dir='ltr' id='par_1_27' title="bbox 2112 1397 3748 1478">
     <span class='ocr_line' id='line_1_27' title="bbox 2112 1397 3748 1478; baseline -0.001 -24"><span class='ocrx_word' id='word_1_190' title='bbox 2112 1399 2357 1477; x_wconf 70' lang='grc' dir='ltr'>καθαιρεῖ</span> <span class='ocrx_word' id='word_1_191' title='bbox 2416 1421 2512 1475; x_wconf 84' lang='grc' dir='ltr'>μεν</span> <span class='ocrx_word' id='word_1_192' title='bbox 2572 1397 2813 1464; x_wconf 81' lang='grc' dir='ltr'>ἀσεϐείας</span> <span class='ocrx_word' id='word_1_193' title='bbox 2873 1399 3083 1456; x_wconf 80' lang='grc' dir='ltr'>ἅπαντα</span> <span class='ocrx_word' id='word_1_194' title='bbox 3140 1404 3408 1478; x_wconf 80' lang='grc' dir='ltr'>σκῆπτρα,</span> <span class='ocrx_word' id='word_1_195' title='bbox 3483 1401 3570 1455; x_wconf 87' lang='grc' dir='ltr'>καὶ</span> <span class='ocrx_word' id='word_1_196' title='bbox 3620 1398 3748 1472; x_wconf 82' lang='grc' dir='ltr'>μετά</span> 
     </span>
    </p>
   </div>
   <div class='ocr_carea' id='block_1_28' title="bbox 2110 1484 3747 1569">
    <p class='ocr_par' dir='ltr' id='par_1_28' title="bbox 2110 1484 3747 1569">
     <span class='ocr_line' id='line_1_28' title="bbox 2110 1484 3747 1569; baseline -0.001 -26"><span class='ocrx_word' id='word_1_197' title='bbox 2110 1494 2215 1543; x_wconf 82' lang='grc' dir='ltr'>τῶν</span> <span class='ocrx_word' id='word_1_198' title='bbox 2267 1487 2432 1569; x_wconf 72' lang='grc' dir='ltr'>φίλων</span> <span class='ocrx_word' id='word_1_199' title='bbox 2490 1487 2674 1551; x_wconf 66' lang='grc' dir='ltr'>αὺτοῖς</span> <span class='ocrx_word' id='word_1_200' title='bbox 2738 1484 3005 1561; x_wconf 79' lang='grc' dir='ltr'>δαιμόνων</span> <span class='ocrx_word' id='word_1_201' title='bbox 3063 1488 3306 1561; x_wconf 77' lang='grc' dir='ltr'>οἰμώζειν</span> <span class='ocrx_word' id='word_1_202' title='bbox 3366 1500 3517 1544; x_wconf 77' lang='grc' dir='ltr'>ποιεῖ</span> <span class='ocrx_word' id='word_1_203' title='bbox 3550 1503 3563 1517; x_wconf 91' lang='grc'><strong>·</strong></span> <span class='ocrx_word' id='word_1_204' title='bbox 3629 1497 3747 1542; x_wconf 88' lang='grc' dir='ltr'>Διο-</span> 
     </span>
    </p>
   </div>
   <div class='ocr_carea' id='block_1_29' title="bbox 2111 1574 3748 1651">
    <p class='ocr_par' dir='ltr' id='par_1_29' title="bbox 2111 1574 3748 1651">
     <span class='ocr_line' id='line_1_29' title="bbox 2111 1574 3748 1651; baseline -0.002 -18"><span class='ocrx_word' id='word_1_205' title='bbox 2111 1575 2386 1643; x_wconf 84' lang='grc' dir='ltr'>κλητιανοὶ</span> <span class='ocrx_word' id='word_1_206' title='bbox 2440 1577 2605 1634; x_wconf 83' lang='grc' dir='ltr'>ταῦτα</span> <span class='ocrx_word' id='word_1_207' title='bbox 2661 1579 2755 1633; x_wconf 87' lang='grc' dir='ltr'>καί</span> <span class='ocrx_word' id='word_1_208' title='bbox 2815 1574 3171 1651; x_wconf 74' lang='grc' dir='ltr'>Μαξιμιανοί,</span> <span class='ocrx_word' id='word_1_209' title='bbox 3230 1579 3315 1632; x_wconf 87' lang='grc' dir='ltr'>καὶ</span> <span class='ocrx_word' id='word_1_210' title='bbox 3365 1577 3480 1632; x_wconf 76' lang='grc' dir='ltr'>ὅσον.</span> <span class='ocrx_word' id='word_1_211' title='bbox 3510 1575 3624 1649; x_wconf 84' lang='grc' dir='ltr'>μετ’</span> <span class='ocrx_word' id='word_1_212' title='bbox 3655 1575 3748 1631; x_wconf 75' lang='grc' dir='ltr'>αὖ-</span> 
     </span>
    </p>
   </div>
   <div class='ocr_carea' id='block_1_30' title="bbox 2109 1662 3751 1744">
    <p class='ocr_par' dir='ltr' id='par_1_30' title="bbox 2109 1662 3751 1744">
     <span class='ocr_line' id='line_1_30' title="bbox 2109 1662 3751 1744; baseline -0.003 -21"><span class='ocrx_word' id='word_1_213' title='bbox 2109 1667 2230 1729; x_wconf 85' lang='grc' dir='ltr'>τοὺς</span> <span class='ocrx_word' id='word_1_214' title='bbox 2291 1688 2383 1723; x_wconf 88' lang='grc' dir='ltr'>του</span> <span class='ocrx_word' id='word_1_215' title='bbox 2449 1665 2773 1741; x_wconf 82' lang='grc' dir='ltr'>ἑλληνισμοῦ</span> <span class='ocrx_word' id='word_1_216' title='bbox 2827 1667 3293 1744; x_wconf 74' lang='grc' dir='ltr'>προειστήκεισαν.</span> <span class='ocrx_word' id='word_1_217' title='bbox 3377 1665 3645 1731; x_wconf 81' lang='grc' dir='ltr'>Ἀνίστησι</span> <span class='ocrx_word' id='word_1_218' title='bbox 3701 1662 3751 1719; x_wconf 79' lang='grc' dir='ltr'>δὲ</span> 
     </span>
    </p>
   </div>
   <div class='ocr_carea' id='block_1_31' title="bbox 380 1748 2031 1833">
    <p class='ocr_par' dir='ltr' id='par_1_31' title="bbox 380 1748 2031 1830">
     <span class='ocr_line' id='line_1_31' title="bbox 380 1748 2031 1830; baseline 0.001 -18"><span class='ocrx_word' id='word_1_219' title='bbox 380 1760 441 1813; x_wconf 89' lang='lat' dir='ltr'>et</span> <span class='ocrx_word' id='word_1_220' title='bbox 472 1749 661 1828; x_wconf 79' lang='lat' dir='ltr'>figura</span> <span class='ocrx_word' id='word_1_221' title='bbox 682 1749 880 1811; x_wconf 89' lang='lat' dir='ltr'>crucis</span> <span class='ocrx_word' id='word_1_222' title='bbox 909 1766 1015 1828; x_wconf 85' lang='lat' dir='ltr'>per</span> <span class='ocrx_word' id='word_1_223' title='bbox 1039 1748 1240 1810; x_wconf 86' lang='lat' dir='ltr'>stellas</span> <span class='ocrx_word' id='word_1_224' title='bbox 1266 1759 1592 1830; x_wconf 85' lang='lat' dir='ltr'>apparente</span> <span class='ocrx_word' id='word_1_225' title='bbox 1615 1752 1948 1814; x_wconf 83' lang='lat' dir='ltr'>Constantis</span> <span class='ocrx_word' id='word_1_226' title='bbox 1974 1762 2031 1815; x_wconf 86' lang='lat' dir='ltr'>et</span> 
     </span>
    </p>
   </div>
   <div class='ocr_carea' id='block_1_32' title="bbox 2119 1748 3749 1833">
    <p class='ocr_par' dir='ltr' id='par_1_32' title="bbox 2119 1754 3749 1833">
     <span class='ocr_line' id='line_1_32' title="bbox 2119 1754 3749 1833; baseline -0.002 -22"><span class='ocrx_word' id='word_1_227' title='bbox 2119 1758 2273 1832; x_wconf 77' lang='grc' dir='ltr'>κέρας</span> <span class='ocrx_word' id='word_1_228' title='bbox 2331 1755 2597 1833; x_wconf 75' lang='grc' dir='ltr'>σωτηρίας</span> <span class='ocrx_word' id='word_1_229' title='bbox 2657 1762 2733 1829; x_wconf 80' lang='grc' dir='ltr'>τῷ</span> <span class='ocrx_word' id='word_1_230' title='bbox 2793 1754 2907 1829; x_wconf 82' lang='grc' dir='ltr'>λαῷ</span> <span class='ocrx_word' id='word_1_231' title='bbox 2964 1757 3143 1830; x_wconf 59' lang='grc' dir='ltr'>αὒτοῦ,</span> <span class='ocrx_word' id='word_1_232' title='bbox 3187 1757 3276 1812; x_wconf 69' lang='grc' dir='ltr'>καὶ</span> <span class='ocrx_word' id='word_1_233' title='bbox 3339 1756 3485 1828; x_wconf 77' lang='grc' dir='ltr'>τύπῳ</span> <span class='ocrx_word' id='word_1_234' title='bbox 3540 1760 3749 1830; x_wconf 73' lang='grc' dir='ltr'>σταυροῦ</span> 
     </span>
    </p>
   </div>
   <div class='ocr_carea' id='block_1_33' title="bbox 378 1837 2030 1914">
    <p class='ocr_par' dir='ltr' id='par_1_33' title="bbox 378 1837 2030 1914">
     <span class='ocr_line' id='line_1_33' title="bbox 378 1837 2030 1914; baseline 0.002 -13"><span class='ocrx_word' id='word_1_235' title='bbox 378 1840 622 1903; x_wconf 68' lang='lat' dir='ltr'>Helenae</span> <span class='ocrx_word' id='word_1_236' title='bbox 665 1838 851 1901; x_wconf 84' lang='lat' dir='ltr'>ﬁlium</span> <span class='ocrx_word' id='word_1_237' title='bbox 883 1837 1327 1899; x_wconf 88' lang='lat' dir='ltr'>Constantinum</span> <span class='ocrx_word' id='word_1_238' title='bbox 1364 1851 1594 1914; x_wconf 73' lang='lat' dir='ltr'>evocat,</span> <span class='ocrx_word' id='word_1_239' title='bbox 1628 1848 1687 1901; x_wconf 91' lang='lat' dir='ltr'>et</span> <span class='ocrx_word' id='word_1_240' title='bbox 1743 1841 1796 1901; x_wconf 94' lang='lat' dir='ltr'>ei</span> <span class='ocrx_word' id='word_1_241' title='bbox 1853 1843 2030 1904; x_wconf 86' lang='lat' dir='ltr'>tradit</span> 
     </span>
    </p>
   </div>
   <div class='ocr_carea' id='block_1_34' title="bbox 379 1927 2023 2011">
    <p class='ocr_par' dir='ltr' id='par_1_34' title="bbox 379 1927 2023 2011">
     <span class='ocr_line' id='line_1_34' title="bbox 379 1927 2023 2011; baseline 0.002 -20"><span class='ocrx_word' id='word_1_242' title='bbox 379 1938 679 2011; x_wconf 83' lang='lat' dir='ltr'>sceptrum</span> <span class='ocrx_word' id='word_1_243' title='bbox 708 1927 1210 1991; x_wconf 82' lang='lat' dir='ltr'>Bomanorum.Is</span> <span class='ocrx_word' id='word_1_244' title='bbox 1232 1946 1371 1990; x_wconf 88' lang='lat' dir='ltr'>vero</span> <span class='ocrx_word' id='word_1_245' title='bbox 1402 1947 1538 1991; x_wconf 91' lang='lat' dir='ltr'>cum</span> <span class='ocrx_word' id='word_1_246' title='bbox 1572 1938 1733 1991; x_wconf 91' lang='lat' dir='ltr'>esset</span> <span class='ocrx_word' id='word_1_247' title='bbox 1759 1933 2023 2011; x_wconf 88' lang='lat' dir='ltr'>sapiens,</span> 
     </span>
    </p>
   </div>
   <div class='ocr_carea' id='block_1_35' title="bbox 2111 1836 3746 1922">
    <p class='ocr_par' dir='ltr' id='par_1_35' title="bbox 2111 1836 3746 1922">
     <span class='ocr_line' id='line_1_35' title="bbox 2111 1836 3746 1922; baseline -0.002 -23"><span class='ocrx_word' id='word_1_248' title='bbox 2111 1843 2178 1899; x_wconf 84' lang='grc' dir='ltr'>δι’</span> <span class='ocrx_word' id='word_1_249' title='bbox 2211 1844 2446 1922; x_wconf 75' lang='grc' dir='ltr'>ἀστέρων</span> <span class='ocrx_word' id='word_1_250' title='bbox 2502 1846 2594 1899; x_wconf 85' lang='grc' dir='ltr'>τὸν</span> <span class='ocrx_word' id='word_1_251' title='bbox 2650 1845 2992 1906; x_wconf 79' lang='grc' dir='ltr'>Κώνσταντος</span> <span class='ocrx_word' id='word_1_252' title='bbox 3050 1848 3138 1901; x_wconf 84' lang='grc' dir='ltr'>καὶ</span> <span class='ocrx_word' id='word_1_253' title='bbox 3195 1836 3416 1911; x_wconf 64' lang='grc' dir='ltr'>Ἐλένης</span> <span class='ocrx_word' id='word_1_254' title='bbox 3475 1854 3746 1901; x_wconf 82' lang='grc' dir='ltr'>Κωνσταν-</span> 
     </span>
    </p>
   </div>
   <div class='ocr_carea' id='block_1_36' title="bbox 2111 1926 3746 2009">
    <p class='ocr_par' dir='ltr' id='par_1_36' title="bbox 2111 1926 3746 2009">
     <span class='ocr_line' id='line_1_36' title="bbox 2111 1926 3746 2009; baseline -0.001 -20"><span class='ocrx_word' id='word_1_255' title='bbox 2111 1946 2258 1990; x_wconf 80' lang='grc' dir='ltr'>τϊνον</span> <span class='ocrx_word' id='word_1_256' title='bbox 2315 1944 2718 2009; x_wconf 73' lang='grc' dir='ltr'>μετακαλεῖται,</span> <span class='ocrx_word' id='word_1_257' title='bbox 2782 1934 2868 1990; x_wconf 83' lang='grc' dir='ltr'>καὶ</span> <span class='ocrx_word' id='word_1_258' title='bbox 2926 1937 2987 1990; x_wconf 85' lang='grc' dir='ltr'>τὸ</span> <span class='ocrx_word' id='word_1_259' title='bbox 3065 1926 3341 1991; x_wconf 74' lang='grc' dir='ltr'>Ῥωμαίων</span> <span class='ocrx_word' id='word_1_260' title='bbox 3413 1933 3553 2008; x_wconf 67' lang='grc' dir='ltr'>αὐτῷ</span> <span class='ocrx_word' id='word_1_261' title='bbox 3616 1937 3746 1998; x_wconf 77' lang='grc' dir='ltr'>σκῆ-</span> 
     </span>
    </p>
   </div>
   <div class='ocr_carea' id='block_1_37' title="bbox 385 2013 2031 2102">
    <p class='ocr_par' dir='ltr' id='par_1_37' title="bbox 385 2016 2024 2097">
     <span class='ocr_line' id='line_1_37' title="bbox 385 2016 2024 2097; baseline 0.001 -16"><span class='ocrx_word' id='word_1_262' title='bbox 385 2026 445 2082; x_wconf 92' lang='lat' dir='ltr'>et</span> <span class='ocrx_word' id='word_1_263' title='bbox 471 2037 609 2081; x_wconf 91' lang='lat' dir='ltr'>eum</span> <span class='ocrx_word' id='word_1_264' title='bbox 643 2016 742 2080; x_wconf 92' lang='lat' dir='ltr'>cui</span> <span class='ocrx_word' id='word_1_265' title='bbox 761 2025 1029 2079; x_wconf 79' lang='lat' dir='ltr'>vocasset</span> <span class='ocrx_word' id='word_1_266' title='bbox 1052 2036 1169 2079; x_wconf 87' lang='lat' dir='ltr'>non</span> <span class='ocrx_word' id='word_1_267' title='bbox 1194 2016 1614 2097; x_wconf 81' lang='lat' dir='ltr'>ignorasset,in</span> <span class='ocrx_word' id='word_1_268' title='bbox 1647 2038 1716 2080; x_wconf 91' lang='lat' dir='ltr'>eo</span> <span class='ocrx_word' id='word_1_269' title='bbox 1741 2022 2024 2084; x_wconf 81' lang='lat' dir='ltr'>conlidit:</span> 
     </span>
    </p>
   </div>
   <div class='ocr_carea' id='block_1_38' title="bbox 2119 2013 3748 2102">
    <p class='ocr_par' dir='ltr' id='par_1_38' title="bbox 2119 2013 3748 2102">
     <span class='ocr_line' id='line_1_38' title="bbox 2119 2013 3748 2102; baseline -0.002 -22"><span class='ocrx_word' id='word_1_270' title='bbox 2119 2045 2275 2102; x_wconf 72' lang='grc' dir='ltr'>πτροθ</span> <span class='ocrx_word' id='word_1_271' title='bbox 2336 2022 2654 2102; x_wconf 82' lang='grc' dir='ltr'>ἐγχειρίζει,</span> <span class='ocrx_word' id='word_1_272' title='bbox 2718 2013 2775 2080; x_wconf 65' lang='grc' dir='ltr'>Ὀ</span> <span class='ocrx_word' id='word_1_273' title='bbox 2835 2021 2890 2078; x_wconf 76' lang='grc' dir='ltr'>δὲ</span> <span class='ocrx_word' id='word_1_274' title='bbox 2940 2024 3154 2087; x_wconf 82' lang='grc' dir='ltr'>συνετὸς</span> <span class='ocrx_word' id='word_1_275' title='bbox 3200 2022 3297 2094; x_wconf 85' lang='grc' dir='ltr'>ὢν,</span> <span class='ocrx_word' id='word_1_276' title='bbox 3354 2024 3563 2079; x_wconf 79' lang='grc' dir='ltr'>καὶτὸν</span> <span class='ocrx_word' id='word_1_277' title='bbox 3593 2019 3748 2078; x_wconf 84' lang='grc' dir='ltr'>καλέ-</span> 
     </span>
    </p>
   </div>
   <div class='ocr_carea' id='block_1_39' title="bbox 384 2106 2031 2189">
    <p class='ocr_par' dir='ltr' id='par_1_39' title="bbox 384 2106 2031 2188">
     <span class='ocr_line' id='line_1_39' title="bbox 384 2106 2031 2188; baseline 0.001 -18"><span class='ocrx_word' id='word_1_278' title='bbox 384 2117 443 2170; x_wconf 91' lang='lat' dir='ltr'>et</span> <span class='ocrx_word' id='word_1_279' title='bbox 463 2107 716 2188; x_wconf 85' lang='lat' dir='ltr'>dejectis</span> <span class='ocrx_word' id='word_1_280' title='bbox 737 2107 1017 2170; x_wconf 90' lang='lat' dir='ltr'>omnibus</span> <span class='ocrx_word' id='word_1_281' title='bbox 1043 2106 1422 2184; x_wconf 84' lang='lat' dir='ltr'>adversariis,</span> <span class='ocrx_word' id='word_1_282' title='bbox 1442 2109 1741 2171; x_wconf 87' lang='lat' dir='ltr'>acerrime</span> <span class='ocrx_word' id='word_1_283' title='bbox 1763 2111 2031 2173; x_wconf 78' lang='lat' dir='ltr'>defendit</span> 
     </span>
    </p>
   </div>
   <div class='ocr_carea' id='block_1_40' title="bbox 2119 2106 3745 2189">
    <p class='ocr_par' dir='ltr' id='par_1_40' title="bbox 2119 2110 3745 2189">
     <span class='ocr_line' id='line_1_40' title="bbox 2119 2110 3745 2189; baseline -0.004 -21"><span class='ocrx_word' id='word_1_284' title='bbox 2119 2135 2281 2169; x_wconf 88' lang='grc' dir='ltr'>σαντα</span> <span class='ocrx_word' id='word_1_285' title='bbox 2340 2115 2483 2175; x_wconf 80' lang='grc' dir='ltr'>ὁστις</span> <span class='ocrx_word' id='word_1_286' title='bbox 2542 2112 2633 2180; x_wconf 73' lang='grc' dir='ltr'>εἴη</span> <span class='ocrx_word' id='word_1_287' title='bbox 2695 2113 2770 2187; x_wconf 77' lang='grc' dir='ltr'>μὴ</span> <span class='ocrx_word' id='word_1_288' title='bbox 2842 2112 3110 2189; x_wconf 74' lang='grc' dir='ltr'>ἀγνοήσας</span> <span class='ocrx_word' id='word_1_289' title='bbox 3169 2112 3311 2187; x_wconf 72' lang='grc' dir='ltr'>αὗτῴ</span> <span class='ocrx_word' id='word_1_290' title='bbox 3366 2132 3420 2166; x_wconf 87' lang='grc' dir='ltr'>τε</span> <span class='ocrx_word' id='word_1_291' title='bbox 3477 2110 3745 2185; x_wconf 76' lang='grc' dir='ltr'>ἐθάρσησε,</span> 
     </span>
    </p>
   </div>
   <div class='ocr_carea' id='block_1_41' title="bbox 385 2196 2031 2281">
    <p class='ocr_par' dir='ltr' id='par_1_41' title="bbox 385 2196 2031 2279">
     <span class='ocr_line' id='line_1_41' title="bbox 385 2196 2031 2279; baseline 0.002 -21"><span class='ocrx_word' id='word_1_292' title='bbox 385 2200 704 2278; x_wconf 87' lang='lat' dir='ltr'>pietatem:</span> <span class='ocrx_word' id='word_1_293' title='bbox 742 2204 803 2259; x_wconf 92' lang='lat' dir='ltr'>et</span> <span class='ocrx_word' id='word_1_294' title='bbox 833 2196 904 2258; x_wconf 87' lang='lat' dir='ltr'>iis</span> <span class='ocrx_word' id='word_1_295' title='bbox 933 2197 1036 2274; x_wconf 90' lang='lat' dir='ltr'>qui</span> <span class='ocrx_word' id='word_1_296' title='bbox 1071 2196 1234 2277; x_wconf 89' lang='lat' dir='ltr'>prius</span> <span class='ocrx_word' id='word_1_297' title='bbox 1291 2198 1527 2260; x_wconf 85' lang='lat' dir='ltr'>fuerant</span> <span class='ocrx_word' id='word_1_298' title='bbox 1573 2199 2031 2279; x_wconf 88' lang='lat' dir='ltr'>imperatoribus</span> 
     </span>
    </p>
   </div>
   <div class='ocr_carea' id='block_1_42' title="bbox 2119 2196 3748 2281">
    <p class='ocr_par' dir='ltr' id='par_1_42' title="bbox 2119 2198 3748 2281">
     <span class='ocr_line' id='line_1_42' title="bbox 2119 2198 3748 2281; baseline -0.004 -23"><span class='ocrx_word' id='word_1_299' title='bbox 2119 2203 2203 2258; x_wconf 75' lang='grc' dir='ltr'>καὶ</span> <span class='ocrx_word' id='word_1_300' title='bbox 2265 2200 2358 2258; x_wconf 68' lang='grc' dir='ltr'>ὕπ’</span> <span class='ocrx_word' id='word_1_301' title='bbox 2415 2201 2617 2259; x_wconf 68' lang='grc' dir='ltr'>ἐκείνου</span> <span class='ocrx_word' id='word_1_302' title='bbox 2674 2203 3031 2281; x_wconf 75' lang='grc' dir='ltr'>φραττόμενός</span> <span class='ocrx_word' id='word_1_303' title='bbox 3085 2223 3143 2258; x_wconf 89' lang='grc' dir='ltr'>τε</span> <span class='ocrx_word' id='word_1_304' title='bbox 3215 2203 3303 2258; x_wconf 82' lang='grc' dir='ltr'>καὶ</span> <span class='ocrx_word' id='word_1_305' title='bbox 3380 2199 3595 2275; x_wconf 76' lang='grc' dir='ltr'>δύναμιν</span> <span class='ocrx_word' id='word_1_306' title='bbox 3651 2198 3748 2272; x_wconf 78' lang='grc' dir='ltr'>ἐμ-</span> 
     </span>
    </p>
   </div>
   <div class='ocr_carea' id='block_1_43' title="bbox 383 2284 2031 2370">
    <p class='ocr_par' dir='ltr' id='par_1_43' title="bbox 383 2284 2031 2368">
     <span class='ocr_line' id='line_1_43' title="bbox 383 2284 2031 2368; baseline 0.002 -19"><span class='ocrx_word' id='word_1_307' title='bbox 383 2286 601 2349; x_wconf 90' lang='lat' dir='ltr'>cecinit</span> <span class='ocrx_word' id='word_1_308' title='bbox 629 2284 1013 2366; x_wconf 90' lang='lat' dir='ltr'>palinodiam,</span> <span class='ocrx_word' id='word_1_309' title='bbox 1057 2284 1275 2364; x_wconf 87' lang='lat' dir='ltr'>jubens</span> <span class='ocrx_word' id='word_1_310' title='bbox 1306 2286 1554 2367; x_wconf 91' lang='lat' dir='ltr'>quidem</span> <span class='ocrx_word' id='word_1_311' title='bbox 1604 2287 1761 2350; x_wconf 89' lang='lat' dir='ltr'>dirui</span> <span class='ocrx_word' id='word_1_312' title='bbox 1812 2291 2031 2368; x_wconf 90' lang='lat' dir='ltr'>templa</span> 
     </span>
    </p>
   </div>
   <div class='ocr_carea' id='block_1_44' title="bbox 2119 2284 3745 2370">
    <p class='ocr_par' dir='ltr' id='par_1_44' title="bbox 2119 2288 3745 2370">
     <span class='ocr_line' id='line_1_44' title="bbox 2119 2288 3745 2370; baseline 0.001 -21"><span class='ocrx_word' id='word_1_313' title='bbox 2119 2292 2429 2367; x_wconf 86' lang='grc' dir='ltr'>πνεόμενος,</span> <span class='ocrx_word' id='word_1_314' title='bbox 2491 2292 2550 2346; x_wconf 74' lang='grc' dir='ltr'>οὗ</span> <span class='ocrx_word' id='word_1_315' title='bbox 2609 2292 2716 2367; x_wconf 77' lang='grc' dir='ltr'>μὴν</span> <span class='ocrx_word' id='word_1_316' title='bbox 2775 2290 2912 2347; x_wconf 80' lang='grc' dir='ltr'>ἀλλά</span> <span class='ocrx_word' id='word_1_317' title='bbox 2970 2292 3055 2348; x_wconf 75' lang='grc' dir='ltr'>καὶ</span> <span class='ocrx_word' id='word_1_318' title='bbox 3110 2293 3204 2355; x_wconf 80' lang='grc' dir='ltr'>τὰς</span> <span class='ocrx_word' id='word_1_319' title='bbox 3268 2302 3467 2370; x_wconf 78' lang='grc' dir='ltr'>χεῖρας</span> <span class='ocrx_word' id='word_1_320' title='bbox 3527 2290 3621 2361; x_wconf 82' lang='grc' dir='ltr'>μὲν</span> <span class='ocrx_word' id='word_1_321' title='bbox 3680 2288 3745 2350; x_wconf 81' lang='grc' dir='ltr'>εἷς</span> 
     </span>
    </p>
   </div>
   <div class='ocr_carea' id='block_1_45' title="bbox 385 2376 2031 2460">
    <p class='ocr_par' dir='ltr' id='par_1_45' title="bbox 385 2376 2031 2460">
     <span class='ocr_line' id='line_1_45' title="bbox 385 2376 2031 2460; baseline 0.001 -21"><span class='ocrx_word' id='word_1_322' title='bbox 385 2376 863 2449; x_wconf 82' lang='lat' dir='ltr'>simulacrorum,</span> <span class='ocrx_word' id='word_1_323' title='bbox 897 2376 1048 2437; x_wconf 91' lang='lat' dir='ltr'>solvi</span> <span class='ocrx_word' id='word_1_324' title='bbox 1075 2383 1273 2437; x_wconf 89' lang='lat' dir='ltr'>autem</span> <span class='ocrx_word' id='word_1_325' title='bbox 1307 2394 1339 2437; x_wconf 92' lang='lat' dir='ltr'>e</span> <span class='ocrx_word' id='word_1_326' title='bbox 1379 2376 1724 2439; x_wconf 89' lang='lat' dir='ltr'>carceribus</span> <span class='ocrx_word' id='word_1_327' title='bbox 1780 2396 1886 2441; x_wconf 88' lang='lat' dir='ltr'>eos</span> <span class='ocrx_word' id='word_1_328' title='bbox 1934 2381 2031 2460; x_wconf 92' lang='lat' dir='ltr'>qui</span> 
     </span>
    </p>
   </div>
   <div class='ocr_carea' id='block_1_46' title="bbox 2119 2376 3747 2460">
    <p class='ocr_par' dir='ltr' id='par_1_46' title="bbox 2119 2376 3747 2458">
     <span class='ocr_line' id='line_1_46' title="bbox 2119 2376 3747 2458; baseline -0.004 -20"><span class='ocrx_word' id='word_1_329' title='bbox 2119 2380 2426 2458; x_wconf 77' lang='grc' dir='ltr'>παράταξιν,</span> <span class='ocrx_word' id='word_1_330' title='bbox 2484 2383 2604 2446; x_wconf 85' lang='grc' dir='ltr'>τοὺς</span> <span class='ocrx_word' id='word_1_331' title='bbox 2675 2380 2959 2444; x_wconf 72' lang='grc' dir='ltr'>δακτύλους</span> <span class='ocrx_word' id='word_1_332' title='bbox 3033 2378 3082 2436; x_wconf 72' lang='grc' dir='ltr'>δὲ</span> <span class='ocrx_word' id='word_1_333' title='bbox 3155 2382 3229 2443; x_wconf 78' lang='grc' dir='ltr'>εἰς</span> <span class='ocrx_word' id='word_1_334' title='bbox 3303 2379 3540 2455; x_wconf 83' lang='grc' dir='ltr'>πόλεμον</span> <span class='ocrx_word' id='word_1_335' title='bbox 3608 2376 3747 2432; x_wconf 85' lang='grc' dir='ltr'>διδα-</span> 
     </span>
    </p>
   </div>
   <div class='ocr_carea' id='block_1_47' title="bbox 387 2464 2031 2548">
    <p class='ocr_par' dir='ltr' id='par_1_47' title="bbox 387 2464 2031 2546">
     <span class='ocr_line' id='line_1_47' title="bbox 387 2464 2031 2546; baseline 0.002 -18"><span class='ocrx_word' id='word_1_336' title='bbox 387 2465 621 2528; x_wconf 76' lang='lat' dir='ltr'>fuerant</span> <span class='ocrx_word' id='word_1_337' title='bbox 650 2464 865 2526; x_wconf 90' lang='lat' dir='ltr'>inclusi</span> <span class='ocrx_word' id='word_1_338' title='bbox 889 2472 1134 2546; x_wconf 90' lang='lat' dir='ltr'>propter</span> <span class='ocrx_word' id='word_1_339' title='bbox 1156 2483 1376 2527; x_wconf 91' lang='lat' dir='ltr'>nomen</span> <span class='ocrx_word' id='word_1_340' title='bbox 1400 2466 1645 2542; x_wconf 89' lang='lat' dir='ltr'>Christi,</span> <span class='ocrx_word' id='word_1_341' title='bbox 1673 2476 1730 2529; x_wconf 90' lang='lat' dir='ltr'>et</span> <span class='ocrx_word' id='word_1_342' title='bbox 1750 2469 2031 2531; x_wconf 68' lang='lat' dir='ltr'>aediﬁcari</span> 
     </span>
    </p>
   </div>
   <div class='ocr_carea' id='block_1_48' title="bbox 2119 2464 3746 2548">
    <p class='ocr_par' dir='ltr' id='par_1_48' title="bbox 2119 2466 3746 2548">
     <span class='ocr_line' id='line_1_48' title="bbox 2119 2466 3746 2548; baseline 0.002 -22"><span class='ocrx_word' id='word_1_343' title='bbox 2119 2472 2399 2545; x_wconf 70' lang='grc' dir='ltr'>σειόμενος,</span> <span class='ocrx_word' id='word_1_344' title='bbox 2471 2471 2725 2548; x_wconf 90' lang='grc' dir='ltr'>τρόπαιον</span> <span class='ocrx_word' id='word_1_345' title='bbox 2800 2473 2936 2528; x_wconf 83' lang='grc' dir='ltr'>κατὰ</span> <span class='ocrx_word' id='word_1_346' title='bbox 3017 2476 3117 2538; x_wconf 76' lang='grc' dir='ltr'>τῆς</span> <span class='ocrx_word' id='word_1_347' title='bbox 3199 2469 3414 2536; x_wconf 67' lang='grc' dir='ltr'>πλάνης</span> <span class='ocrx_word' id='word_1_348' title='bbox 3481 2466 3746 2547; x_wconf 67' lang='grc' dir='ltr'>περιφανὲς</span> 
     </span>
    </p>
   </div>
   <div class='ocr_carea' id='block_1_49' title="bbox 387 2554 2031 2641">
    <p class='ocr_par' dir='ltr' id='par_1_49' title="bbox 387 2554 2028 2638">
     <span class='ocr_line' id='line_1_49' title="bbox 387 2554 2028 2638; baseline 0.001 -20"><span class='ocrx_word' id='word_1_349' title='bbox 387 2556 610 2638; x_wconf 86' lang='lat' dir='ltr'>templa</span> <span class='ocrx_word' id='word_1_350' title='bbox 638 2554 1136 2632; x_wconf 87' lang='lat' dir='ltr'>Christianorum,</span> <span class='ocrx_word' id='word_1_351' title='bbox 1159 2567 1219 2617; x_wconf 89' lang='lat' dir='ltr'>et</span> <span class='ocrx_word' id='word_1_352' title='bbox 1241 2556 1526 2617; x_wconf 81' lang='lat' dir='ltr'>ecclesias</span> <span class='ocrx_word' id='word_1_353' title='bbox 1550 2576 1722 2618; x_wconf 92' lang='lat' dir='ltr'>suum</span> <span class='ocrx_word' id='word_1_354' title='bbox 1758 2569 2028 2621; x_wconf 86' lang='lat' dir='ltr'>ornatum</span> 
     </span>
    </p>
   </div>
   <div class='ocr_carea' id='block_1_50' title="bbox 2119 2554 3744 2641">
    <p class='ocr_par' dir='ltr' id='par_1_50' title="bbox 2119 2557 3744 2641">
     <span class='ocr_line' id='line_1_50' title="bbox 2119 2557 3744 2641; baseline -0.003 -26"><span class='ocrx_word' id='word_1_355' title='bbox 2119 2560 2359 2627; x_wconf 82' lang='grc' dir='ltr'>ἔστησεν·</span> <span class='ocrx_word' id='word_1_356' title='bbox 2420 2557 2508 2616; x_wconf 78' lang='grc' dir='ltr'>ὅτε</span> <span class='ocrx_word' id='word_1_357' title='bbox 2564 2561 2652 2616; x_wconf 87' lang='grc' dir='ltr'>καὶ</span> <span class='ocrx_word' id='word_1_358' title='bbox 2709 2561 3063 2641; x_wconf 70' lang='grc' dir='ltr'>ὑπερηφάνων</span> <span class='ocrx_word' id='word_1_359' title='bbox 3118 2560 3216 2637; x_wconf 75' lang='grc' dir='ltr'>μὲν</span> <span class='ocrx_word' id='word_1_360' title='bbox 3279 2558 3543 2640; x_wconf 74' lang='grc' dir='ltr'>ὁφθαλμοὶ</span> <span class='ocrx_word' id='word_1_361' title='bbox 3599 2576 3744 2612; x_wconf 87' lang='grc' dir='ltr'>τετα-</span> 
     </span>
    </p>
   </div>
   <div class='ocr_carea' id='block_1_51' title="bbox 388 2644 2031 2730">
    <p class='ocr_par' dir='ltr' id='par_1_51' title="bbox 388 2644 2031 2727">
     <span class='ocr_line' id='line_1_51' title="bbox 388 2644 2031 2727; baseline 0.001 -18"><span class='ocrx_word' id='word_1_362' title='bbox 388 2644 694 2726; x_wconf 86' lang='lat' dir='ltr'>suscipere</span> <span class='ocrx_word' id='word_1_363' title='bbox 708 2646 810 2723; x_wconf 69' lang='lat'>(2).</span> <span class='ocrx_word' id='word_1_364' title='bbox 833 2645 1109 2707; x_wconf 86' lang='lat' dir='ltr'>Cumhoc</span> <span class='ocrx_word' id='word_1_365' title='bbox 1131 2661 1276 2724; x_wconf 81' lang='lat' dir='ltr'>ergo</span> <span class='ocrx_word' id='word_1_366' title='bbox 1300 2644 1608 2707; x_wconf 88' lang='lat' dir='ltr'>decretum</span> <span class='ocrx_word' id='word_1_367' title='bbox 1633 2665 1874 2709; x_wconf 91' lang='lat' dir='ltr'>omnem</span> <span class='ocrx_word' id='word_1_368' title='bbox 1900 2650 2031 2727; x_wconf 85' lang='lat' dir='ltr'>ejus</span> 
     </span>
    </p>
   </div>
   <div class='ocr_carea' id='block_1_52' title="bbox 2119 2644 3744 2730">
    <p class='ocr_par' dir='ltr' id='par_1_52' title="bbox 2119 2646 3744 2730">
     <span class='ocr_line' id='line_1_52' title="bbox 2119 2646 3744 2730; baseline -0.004 -24"><span class='ocrx_word' id='word_1_369' title='bbox 2119 2651 2394 2730; x_wconf 79' lang='grc' dir='ltr'>πείνωντο,</span> <span class='ocrx_word' id='word_1_370' title='bbox 2468 2652 2793 2725; x_wconf 77' lang='grc' dir='ltr'>καθηροῦντο</span> <span class='ocrx_word' id='word_1_371' title='bbox 2872 2648 2926 2704; x_wconf 81' lang='grc' dir='ltr'>δὲ</span> <span class='ocrx_word' id='word_1_372' title='bbox 3025 2648 3257 2706; x_wconf 74' lang='grc' dir='ltr'>εἰδώλων</span> <span class='ocrx_word' id='word_1_373' title='bbox 3350 2650 3488 2725; x_wconf 82' lang='grc' dir='ltr'>ναοὶ,</span> <span class='ocrx_word' id='word_1_374' title='bbox 3559 2646 3744 2703; x_wconf 83' lang='grc' dir='ltr'>ἀνίεντο</span> 
     </span>
    </p>
   </div>
   <div class='ocr_carea' id='block_1_53' title="bbox 386 2731 2031 2818">
    <p class='ocr_par' dir='ltr' id='par_1_53' title="bbox 386 2732 2030 2817">
     <span class='ocr_line' id='line_1_53' title="bbox 386 2732 2030 2817; baseline 0.001 -20"><span class='ocrx_word' id='word_1_375' title='bbox 386 2734 643 2817; x_wconf 89' lang='lat' dir='ltr'>imperio</span> <span class='ocrx_word' id='word_1_376' title='bbox 674 2732 1005 2813; x_wconf 88' lang='lat' dir='ltr'>subjectam</span> <span class='ocrx_word' id='word_1_377' title='bbox 1029 2733 1587 2812; x_wconf 87' lang='lat' dir='ltr'>comprehendisset</span> <span class='ocrx_word' id='word_1_378' title='bbox 1612 2735 1942 2814; x_wconf 82' lang='lat' dir='ltr'>regionem,</span> <span class='ocrx_word' id='word_1_379' title='bbox 1971 2738 2030 2799; x_wconf 89' lang='lat' dir='ltr'>in</span> 
     </span>
    </p>
   </div>
   <div class='ocr_carea' id='block_1_54' title="bbox 2119 2731 3743 2818">
    <p class='ocr_par' dir='ltr' id='par_1_54' title="bbox 2119 2731 3743 2818">
     <span class='ocr_line' id='line_1_54' title="bbox 2119 2731 3743 2818; baseline -0.002 -24"><span class='ocrx_word' id='word_1_380' title='bbox 2119 2737 2168 2794; x_wconf 85' lang='grc' dir='ltr'>δέ</span> <span class='ocrx_word' id='word_1_381' title='bbox 2226 2739 2332 2795; x_wconf 82' lang='grc' dir='ltr'>τῶν</span> <span class='ocrx_word' id='word_1_382' title='bbox 2390 2736 2637 2816; x_wconf 59' lang='grc' dir='ltr'>φυλακῶν</span> <span class='ocrx_word' id='word_1_383' title='bbox 2697 2739 2745 2794; x_wconf 83' lang='grc' dir='ltr'>οἱ</span> <span class='ocrx_word' id='word_1_384' title='bbox 2794 2735 2880 2795; x_wconf 80' lang='grc' dir='ltr'>διὰ</span> <span class='ocrx_word' id='word_1_385' title='bbox 2928 2740 3149 2818; x_wconf 71' lang='grc' dir='ltr'>Χριστὸν</span> <span class='ocrx_word' id='word_1_386' title='bbox 3182 2737 3393 2814; x_wconf 77' lang='grc' dir='ltr'>δέσμιοι</span> <span class='ocrx_word' id='word_1_387' title='bbox 3428 2753 3445 2768; x_wconf 85' lang='grc'><strong>⁹</strong></span> <span class='ocrx_word' id='word_1_388' title='bbox 3493 2731 3743 2809; x_wconf 82' lang='grc' dir='ltr'>ἀνῳκοδο-</span> 
     </span>
    </p>
   </div>
   <div class='ocr_carea' id='block_1_55' title="bbox 394 2821 2031 2906">
    <p class='ocr_par' dir='ltr' id='par_1_55' title="bbox 394 2821 2031 2902">
     <span class='ocr_line' id='line_1_55' title="bbox 394 2821 2031 2902; baseline 0.001 -16"><span class='ocrx_word' id='word_1_389' title='bbox 394 2841 560 2886; x_wconf 87' lang='lat' dir='ltr'>suam</span> <span class='ocrx_word' id='word_1_390' title='bbox 583 2822 833 2902; x_wconf 90' lang='lat' dir='ltr'>patriam</span> <span class='ocrx_word' id='word_1_391' title='bbox 852 2821 1305 2883; x_wconf 86' lang='lat' dir='ltr'>revertebantur</span> <span class='ocrx_word' id='word_1_392' title='bbox 1326 2839 1536 2884; x_wconf 86' lang='lat' dir='ltr'>omnes</span> <span class='ocrx_word' id='word_1_393' title='bbox 1554 2821 1770 2887; x_wconf 87' lang='lat' dir='ltr'>Christi</span> <span class='ocrx_word' id='word_1_394' title='bbox 1793 2826 2031 2888; x_wconf 84' lang='lat' dir='ltr'>confes-</span> 
     </span>
    </p>
   </div>
   <div class='ocr_carea' id='block_1_56' title="bbox 2119 2821 3739 2906">
    <p class='ocr_par' dir='ltr' id='par_1_56' title="bbox 2119 2825 3739 2906">
     <span class='ocr_line' id='line_1_56' title="bbox 2119 2825 3739 2906; baseline -0.004 -22"><span class='ocrx_word' id='word_1_395' title='bbox 2119 2840 2274 2905; x_wconf 81' lang='grc' dir='ltr'>μεττο</span> <span class='ocrx_word' id='word_1_396' title='bbox 2331 2825 2385 2883; x_wconf 76' lang='grc' dir='ltr'>δὲ</span> <span class='ocrx_word' id='word_1_397' title='bbox 2414 2828 2480 2884; x_wconf 74' lang='grc' dir='ltr'>τὰ</span> <span class='ocrx_word' id='word_1_398' title='bbox 2540 2833 2865 2906; x_wconf 74' lang='grc' dir='ltr'>Χριστιανῶν</span> <span class='ocrx_word' id='word_1_399' title='bbox 2933 2828 3148 2903; x_wconf 83' lang='grc' dir='ltr'>τεμένη,</span> <span class='ocrx_word' id='word_1_400' title='bbox 3205 2829 3293 2884; x_wconf 83' lang='grc' dir='ltr'>καὶ</span> <span class='ocrx_word' id='word_1_401' title='bbox 3353 2840 3480 2891; x_wconf 76' lang='grc' dir='ltr'>ταῖς</span> <span class='ocrx_word' id='word_1_402' title='bbox 3512 2831 3602 2883; x_wconf 88' lang='grc' dir='ltr'>τοῦ</span> <span class='ocrx_word' id='word_1_403' title='bbox 3629 2830 3739 2879; x_wconf 78' lang='grc' dir='ltr'>Θεοῦ</span> 
     </span>
    </p>
   </div>
   <div class='ocr_carea' id='block_1_57' title="bbox 393 2909 2031 2997">
    <p class='ocr_par' dir='ltr' id='par_1_57' title="bbox 393 2909 2031 2989">
     <span class='ocr_line' id='line_1_57' title="bbox 393 2909 2031 2989; baseline 0.002 -15"><span class='ocrx_word' id='word_1_404' title='bbox 393 2928 582 2974; x_wconf 88' lang='lat' dir='ltr'>seres.</span> <span class='ocrx_word' id='word_1_405' title='bbox 617 2909 798 2973; x_wconf 88' lang='lat' dir='ltr'>Suum</span> <span class='ocrx_word' id='word_1_406' title='bbox 846 2910 1047 2989; x_wconf 89' lang='lat' dir='ltr'>itaque</span> <span class='ocrx_word' id='word_1_407' title='bbox 1080 2909 1418 2989; x_wconf 80' lang='lat' dir='ltr'>pontiﬁcem</span> <span class='ocrx_word' id='word_1_408' title='bbox 1470 2911 1777 2974; x_wconf 87' lang='lat' dir='ltr'>Nicolaum</span> <span class='ocrx_word' id='word_1_409' title='bbox 1831 2916 2031 2977; x_wconf 77' lang='lat' dir='ltr'>civitas</span> 
     </span>
    </p>
   </div>
   <div class='ocr_carea' id='block_1_58' title="bbox 2119 2909 3739 2997">
    <p class='ocr_par' dir='ltr' id='par_1_58' title="bbox 2119 2913 3739 2997">
     <span class='ocr_line' id='line_1_58' title="bbox 2119 2913 3739 2997; baseline -0.004 -23"><span class='ocrx_word' id='word_1_410' title='bbox 2119 2917 2421 2985; x_wconf 76' lang='grc' dir='ltr'>ἐκκλησίαις</span> <span class='ocrx_word' id='word_1_411' title='bbox 2495 2921 2523 2973; x_wconf 76' lang='grc' dir='ltr'>ὁ</span> <span class='ocrx_word' id='word_1_412' title='bbox 2593 2914 2876 2997; x_wconf 85' lang='grc' dir='ltr'>προλαϐὼν</span> <span class='ocrx_word' id='word_1_413' title='bbox 2947 2917 3144 2976; x_wconf 81' lang='grc' dir='ltr'>ἐδίδοτο</span> <span class='ocrx_word' id='word_1_414' title='bbox 3215 2919 3444 2995; x_wconf 82' lang='grc' dir='ltr'>κόσμος.</span> <span class='ocrx_word' id='word_1_415' title='bbox 3518 2913 3739 2974; x_wconf 70' lang='grc' dir='ltr'>’τοιούτου</span> 
     </span>
    </p>
   </div>
   <div class='ocr_carea' id='block_1_59' title="bbox 395 2997 2031 3086">
    <p class='ocr_par' dir='ltr' id='par_1_59' title="bbox 395 2997 2031 3080">
     <span class='ocr_line' id='line_1_59' title="bbox 395 2997 2031 3080; baseline 0.002 -18"><span class='ocrx_word' id='word_1_416' title='bbox 395 3002 658 3080; x_wconf 86' lang='lat' dir='ltr'>suscepit</span> <span class='ocrx_word' id='word_1_417' title='bbox 675 2997 1059 3078; x_wconf 82' lang='lat' dir='ltr'>Myrensium,</span> <span class='ocrx_word' id='word_1_418' title='bbox 1086 2999 1355 3062; x_wconf 89' lang='lat' dir='ltr'>instituto</span> <span class='ocrx_word' id='word_1_419' title='bbox 1377 3001 1614 3078; x_wconf 77' lang='lat' dir='ltr'>quidem</span> <span class='ocrx_word' id='word_1_420' title='bbox 1638 3021 1706 3064; x_wconf 89' lang='lat' dir='ltr'>ac</span> <span class='ocrx_word' id='word_1_421' title='bbox 1734 3005 2031 3066; x_wconf 84' lang='lat' dir='ltr'>voluntate</span> 
     </span>
    </p>
   </div>
   <div class='ocr_carea' id='block_1_60' title="bbox 2119 2997 3741 3086">
    <p class='ocr_par' dir='ltr' id='par_1_60' title="bbox 2119 3001 3741 3086">
     <span class='ocr_line' id='line_1_60' title="bbox 2119 3001 3741 3086; baseline -0.004 -24"><span class='ocrx_word' id='word_1_422' title='bbox 2119 3015 2396 3086; x_wconf 74' lang='grc' dir='ltr'>τοιγαροῦν</span> <span class='ocrx_word' id='word_1_423' title='bbox 2453 3006 2714 3085; x_wconf 87' lang='grc' dir='ltr'>δόγματος</span> <span class='ocrx_word' id='word_1_424' title='bbox 2775 3008 2871 3075; x_wconf 84' lang='grc' dir='ltr'>τὴν</span> <span class='ocrx_word' id='word_1_425' title='bbox 2930 3008 3032 3064; x_wconf 79' lang='grc' dir='ltr'>ὑπὸ</span> <span class='ocrx_word' id='word_1_426' title='bbox 3095 3020 3261 3086; x_wconf 76' lang='grc' dir='ltr'>χεῖρα</span> <span class='ocrx_word' id='word_1_427' title='bbox 3326 3014 3500 3065; x_wconf 84' lang='grc' dir='ltr'>πᾶσαν</span> <span class='ocrx_word' id='word_1_428' title='bbox 3571 3001 3741 3060; x_wconf 86' lang='grc' dir='ltr'>διαλα-</span> 
     </span>
    </p>
   </div>
   <div class='ocr_carea' id='block_1_61' title="bbox 393 3087 2031 3184">
    <p class='ocr_par' dir='ltr' id='par_1_61' title="bbox 393 3087 2031 3168">
     <span class='ocr_line' id='line_1_61' title="bbox 393 3087 2031 3168; baseline 0.001 -15"><span class='ocrx_word' id='word_1_429' title='bbox 393 3097 718 3168; x_wconf 84' lang='lat' dir='ltr'>martyrem</span> <span class='ocrx_word' id='word_1_430' title='bbox 738 3087 1183 3149; x_wconf 85' lang='lat' dir='ltr'>etincruentum</span> <span class='ocrx_word' id='word_1_431' title='bbox 1207 3088 1631 3153; x_wconf 88' lang='lat' dir='ltr'>victorem.llle</span> <span class='ocrx_word' id='word_1_432' title='bbox 1649 3101 1841 3154; x_wconf 88' lang='lat' dir='ltr'>autem</span> <span class='ocrx_word' id='word_1_433' title='bbox 1862 3112 1896 3154; x_wconf 89' lang='lat' dir='ltr'>a</span> <span class='ocrx_word' id='word_1_434' title='bbox 1915 3097 2031 3158; x_wconf 89' lang='lat' dir='ltr'>Deo</span> 
     </span>
    </p>
   </div>
   <div class='ocr_carea' id='block_1_62' title="bbox 2119 3087 3748 3184">
    <p class='ocr_par' dir='ltr' id='par_1_62' title="bbox 2120 3090 3748 3184">
     <span class='ocr_line' id='line_1_62' title="bbox 2120 3090 3748 3184; baseline 0 -32"><span class='ocrx_word' id='word_1_435' title='bbox 2120 3094 2333 3173; x_wconf 80' lang='grc' dir='ltr'>ϐόντος,</span> <span class='ocrx_word' id='word_1_436' title='bbox 2392 3097 2478 3154; x_wconf 84' lang='grc' dir='ltr'>ἐπὶ</span> <span class='ocrx_word' id='word_1_437' title='bbox 2528 3097 2623 3160; x_wconf 76' lang='grc' dir='ltr'>τὰς</span> <span class='ocrx_word' id='word_1_438' title='bbox 2682 3097 2882 3153; x_wconf 82' lang='grc' dir='ltr'>ἑαυτῶν</span> <span class='ocrx_word' id='word_1_439' title='bbox 2954 3096 3205 3173; x_wconf 86' lang='grc' dir='ltr'>πατρίδας</span> <span class='ocrx_word' id='word_1_440' title='bbox 3263 3099 3313 3155; x_wconf 82' lang='grc' dir='ltr'>οἶ</span> <span class='ocrx_word' id='word_1_441' title='bbox 3382 3102 3475 3154; x_wconf 89' lang='grc' dir='ltr'>τοῦ</span> <span class='ocrx_word' id='word_1_442' title='bbox 3542 3090 3748 3184; x_wconf 66' lang='grc' dir='ltr'>Χριστοῦ</span> 
     </span>
    </p>
   </div>
   <div class='ocr_carea' id='block_1_63' title="bbox 395 3176 2031 3264">
    <p class='ocr_par' dir='ltr' id='par_1_63' title="bbox 395 3176 2031 3257">
     <span class='ocr_line' id='line_1_63' title="bbox 395 3176 2031 3257; baseline 0.002 -16"><span class='ocrx_word' id='word_1_443' title='bbox 395 3177 547 3241; x_wconf 87' lang='lat' dir='ltr'>datis</span> <span class='ocrx_word' id='word_1_444' title='bbox 570 3176 735 3238; x_wconf 92' lang='lat' dir='ltr'>omni</span> <span class='ocrx_word' id='word_1_445' title='bbox 766 3194 834 3238; x_wconf 81' lang='lat' dir='ltr'>ex</span> <span class='ocrx_word' id='word_1_446' title='bbox 867 3186 1035 3257; x_wconf 87' lang='lat' dir='ltr'>parte</span> <span class='ocrx_word' id='word_1_447' title='bbox 1057 3178 1278 3240; x_wconf 88' lang='lat' dir='ltr'>ﬂorens</span> <span class='ocrx_word' id='word_1_448' title='bbox 1311 3178 1508 3254; x_wconf 89' lang='lat' dir='ltr'>donis,</span> <span class='ocrx_word' id='word_1_449' title='bbox 1542 3189 1601 3241; x_wconf 90' lang='lat' dir='ltr'>et</span> <span class='ocrx_word' id='word_1_450' title='bbox 1630 3182 1870 3243; x_wconf 88' lang='lat' dir='ltr'>morbos</span> <span class='ocrx_word' id='word_1_451' title='bbox 1901 3201 2031 3245; x_wconf 91' lang='lat' dir='ltr'>om-</span> 
     </span>
    </p>
   </div>
   <div class='ocr_carea' id='block_1_64' title="bbox 2119 3176 3747 3264">
    <p class='ocr_par' dir='ltr' id='par_1_64' title="bbox 2120 3181 3747 3264">
     <span class='ocr_line' id='line_1_64' title="bbox 2120 3181 3747 3264; baseline -0.004 -22"><span class='ocrx_word' id='word_1_452' title='bbox 2120 3189 2420 3264; x_wconf 77' lang='grc' dir='ltr'>κατήγοντο</span> <span class='ocrx_word' id='word_1_453' title='bbox 2472 3185 2719 3251; x_wconf 71' lang='grc' dir='ltr'>ἕκαστος.</span> <span class='ocrx_word' id='word_1_454' title='bbox 2779 3187 2876 3242; x_wconf 82' lang='grc' dir='ltr'>Διά</span> <span class='ocrx_word' id='word_1_455' title='bbox 2931 3193 3097 3243; x_wconf 88' lang='grc' dir='ltr'>ταῦτα</span> <span class='ocrx_word' id='word_1_456' title='bbox 3152 3188 3242 3244; x_wconf 84' lang='grc' dir='ltr'>καὶ</span> <span class='ocrx_word' id='word_1_457' title='bbox 3293 3190 3386 3245; x_wconf 80' lang='grc' dir='ltr'>τὸν</span> <span class='ocrx_word' id='word_1_458' title='bbox 3437 3183 3629 3243; x_wconf 75' lang='grc' dir='ltr'>οἰκεῖον</span> <span class='ocrx_word' id='word_1_459' title='bbox 3656 3181 3747 3257; x_wconf 81' lang='grc' dir='ltr'>ἀρ·-</span> 
     </span>
    </p>
   </div>
   <div class='ocr_carea' id='block_1_65' title="bbox 394 3264 2031 3357">
    <p class='ocr_par' dir='ltr' id='par_1_65' title="bbox 394 3264 2031 3357">
     <span class='ocr_line' id='line_1_65' title="bbox 394 3264 2031 3357; baseline 0.004 -27"><span class='ocrx_word' id='word_1_460' title='bbox 394 3285 504 3330; x_wconf 87' lang='lat' dir='ltr'>nes</span> <span class='ocrx_word' id='word_1_461' title='bbox 531 3264 874 3347; x_wconf 89' lang='lat' dir='ltr'>curabat,et</span> <span class='ocrx_word' id='word_1_462' title='bbox 903 3266 1014 3329; x_wconf 73' lang='lat' dir='ltr'>fuit</span> <span class='ocrx_word' id='word_1_463' title='bbox 1050 3266 1213 3357; x_wconf 85' lang='lat' dir='ltr'>brevi</span> <span class='ocrx_word' id='word_1_464' title='bbox 1245 3267 1440 3357; x_wconf 85' lang='lat' dir='ltr'>clarus</span> <span class='ocrx_word' id='word_1_465' title='bbox 1485 3278 1543 3329; x_wconf 93' lang='lat' dir='ltr'>et</span> <span class='ocrx_word' id='word_1_466' title='bbox 1570 3269 1887 3349; x_wconf 80' lang='lat' dir='ltr'>gloriosus,</span> <span class='ocrx_word' id='word_1_467' title='bbox 1921 3292 2031 3335; x_wconf 91' lang='lat' dir='ltr'>non</span> 
     </span>
    </p>
   </div>
   <div class='ocr_carea' id='block_1_66' title="bbox 2119 3264 3749 3357">
    <p class='ocr_par' dir='ltr' id='par_1_66' title="bbox 2122 3273 3749 3357">
     <span class='ocr_line' id='line_1_66' title="bbox 2122 3273 3749 3357; baseline -0.02 -2"><span class='ocrx_word' id='word_1_468' title='bbox 2122 3274 2311 3355; x_wconf 62' lang='grc' dir='ltr'>χιὲρέα</span> <span class='ocrx_word' id='word_1_469' title='bbox 2368 3273 2630 3333; x_wconf 72' lang='grc' dir='ltr'>Νικόλαον</span> <span class='ocrx_word' id='word_1_470' title='bbox 2685 3276 2720 3344; x_wconf 72' lang='grc' dir='ltr'><strong>ἦ</strong></span> <span class='ocrx_word' id='word_1_471' title='bbox 2772 3274 3009 3354; x_wconf 80' lang='grc' dir='ltr'>Μυρέων,</span> <span class='ocrx_word' id='word_1_472' title='bbox 3076 3277 3315 3357; x_wconf 82' lang='grc' dir='ltr'>μάρτυρά</span> <span class='ocrx_word' id='word_1_473' title='bbox 3367 3297 3429 3356; x_wconf 83' lang='grc' dir='ltr'>γε</span> <span class='ocrx_word' id='word_1_474' title='bbox 3477 3279 3544 3350; x_wconf 82' lang='grc' dir='ltr'>τῇ</span> <span class='ocrx_word' id='word_1_475' title='bbox 3570 3290 3749 3348; x_wconf 85' lang='grc' dir='ltr'>προαι-</span> 
     </span>
    </p>
   </div>
   <div class='ocr_carea' id='block_1_67' title="bbox 395 3355 2031 3443">
    <p class='ocr_par' dir='ltr' id='par_1_67' title="bbox 395 3355 2031 3438">
     <span class='ocr_line' id='line_1_67' title="bbox 395 3355 2031 3438; baseline 0.002 -18"><span class='ocrx_word' id='word_1_476' title='bbox 395 3357 587 3420; x_wconf 90' lang='lat' dir='ltr'>solum</span> <span class='ocrx_word' id='word_1_477' title='bbox 620 3356 778 3437; x_wconf 83' lang='lat' dir='ltr'>apud</span> <span class='ocrx_word' id='word_1_478' title='bbox 802 3355 1028 3431; x_wconf 86' lang='lat' dir='ltr'>ﬁdeles,</span> <span class='ocrx_word' id='word_1_479' title='bbox 1054 3356 1160 3419; x_wconf 90' lang='lat' dir='ltr'>sed</span> <span class='ocrx_word' id='word_1_480' title='bbox 1189 3356 1365 3419; x_wconf 90' lang='lat' dir='ltr'>etiam</span> <span class='ocrx_word' id='word_1_481' title='bbox 1397 3358 1552 3438; x_wconf 90' lang='lat' dir='ltr'>apud</span> <span class='ocrx_word' id='word_1_482' title='bbox 1586 3359 1802 3421; x_wconf 91' lang='lat' dir='ltr'>multos</span> <span class='ocrx_word' id='word_1_483' title='bbox 1821 3359 2031 3423; x_wconf 86' lang='lat' dir='ltr'>inﬁde-</span> 
     </span>
    </p>
   </div>
   <div class='ocr_carea' id='block_1_68' title="bbox 2119 3355 3742 3443">
    <p class='ocr_par' dir='ltr' id='par_1_68' title="bbox 2124 3355 3742 3443">
     <span class='ocr_line' id='line_1_68' title="bbox 2124 3355 3742 3443; baseline -0.002 -22"><span class='ocrx_word' id='word_1_484' title='bbox 2124 3364 2284 3441; x_wconf 84' lang='grc' dir='ltr'>ρὲσει,</span> <span class='ocrx_word' id='word_1_485' title='bbox 2386 3365 2474 3422; x_wconf 79' lang='grc' dir='ltr'>καὶ</span> <span class='ocrx_word' id='word_1_486' title='bbox 2569 3366 2892 3441; x_wconf 80' lang='grc' dir='ltr'>ἀναίμακτον</span> <span class='ocrx_word' id='word_1_487' title='bbox 2990 3355 3335 3442; x_wconf 65' lang='grc' dir='ltr'>ἀπελάμϐανε</span> <span class='ocrx_word' id='word_1_488' title='bbox 3385 3355 3742 3443; x_wconf 3' lang='grc' dir='ltr'>ἐστεφανίτην.</span> 
     </span>
    </p>
   </div>
   <div class='ocr_carea' id='block_1_69' title="bbox 400 3444 2031 3535">
    <p class='ocr_par' dir='ltr' id='par_1_69' title="bbox 400 3444 2031 3531">
     <span class='ocr_line' id='line_1_69' title="bbox 400 3444 2031 3531; baseline 0.004 -23"><span class='ocrx_word' id='word_1_489' title='bbox 400 3448 512 3523; x_wconf 90' lang='lat' dir='ltr'>les,</span> <span class='ocrx_word' id='word_1_490' title='bbox 548 3453 607 3508; x_wconf 89' lang='lat' dir='ltr'>et</span> <span class='ocrx_word' id='word_1_491' title='bbox 636 3444 970 3507; x_wconf 87' lang='lat' dir='ltr'>habebatur</span> <span class='ocrx_word' id='word_1_492' title='bbox 993 3446 1052 3506; x_wconf 89' lang='lat' dir='ltr'>in</span> <span class='ocrx_word' id='word_1_493' title='bbox 1081 3447 1349 3508; x_wconf 87' lang='lat' dir='ltr'>omnium</span> <span class='ocrx_word' id='word_1_494' title='bbox 1383 3448 1674 3509; x_wconf 90' lang='lat' dir='ltr'>animisin</span> <span class='ocrx_word' id='word_1_495' title='bbox 1708 3450 1919 3531; x_wconf 90' lang='lat' dir='ltr'>majori</span> <span class='ocrx_word' id='word_1_496' title='bbox 1940 3453 2031 3514; x_wconf 87' lang='lat' dir='ltr'>ad-</span> 
     </span>
    </p>
   </div>
   <div class='ocr_carea' id='block_1_70' title="bbox 2119 3444 3745 3535">
    <p class='ocr_par' dir='ltr' id='par_1_70' title="bbox 2130 3448 3745 3535">
     <span class='ocr_line' id='line_1_70' title="bbox 2130 3448 3745 3535; baseline -0.001 -22"><span class='ocrx_word' id='word_1_497' title='bbox 2130 3448 2186 3513; x_wconf 71' lang='grc' dir='ltr'><strong>Ὀ</strong></span> <span class='ocrx_word' id='word_1_498' title='bbox 2244 3454 2303 3510; x_wconf 76' lang='grc' dir='ltr'>δὲ</span> <span class='ocrx_word' id='word_1_499' title='bbox 2353 3452 2660 3535; x_wconf 71' lang='grc' dir='ltr'>χαρίσμασι</span> <span class='ocrx_word' id='word_1_500' title='bbox 2719 3453 3066 3532; x_wconf 72' lang='grc' dir='ltr'>θεοδωρήτοις</span> <span class='ocrx_word' id='word_1_501' title='bbox 3115 3457 3423 3533; x_wconf 79' lang='grc' dir='ltr'>κατάκομος</span> <span class='ocrx_word' id='word_1_502' title='bbox 3467 3454 3558 3531; x_wconf 79' lang='grc' dir='ltr'>ὥν,</span> <span class='ocrx_word' id='word_1_503' title='bbox 3617 3449 3745 3512; x_wconf 71' lang='grc' dir='ltr'>πάθη</span> 
     </span>
    </p>
   </div>
   <div class='ocr_carea' id='block_1_71' title="bbox 398 3534 2031 3623">
    <p class='ocr_par' dir='ltr' id='par_1_71' title="bbox 398 3534 2031 3620">
     <span class='ocr_line' id='line_1_71' title="bbox 398 3534 2031 3620; baseline 0.002 -22"><span class='ocrx_word' id='word_1_504' title='bbox 398 3534 714 3598; x_wconf 84' lang='lat' dir='ltr'>miratione</span> <span class='ocrx_word' id='word_1_505' title='bbox 736 3553 909 3616; x_wconf 89' lang='lat' dir='ltr'>quam</span> <span class='ocrx_word' id='word_1_506' title='bbox 942 3553 1074 3615; x_wconf 63' lang='lat' dir='ltr'>qua;</span> <span class='ocrx_word' id='word_1_507' title='bbox 1094 3536 1283 3616; x_wconf 88' lang='lat' dir='ltr'>possit</span> <span class='ocrx_word' id='word_1_508' title='bbox 1308 3537 1502 3599; x_wconf 87' lang='lat' dir='ltr'>verbis</span> <span class='ocrx_word' id='word_1_509' title='bbox 1526 3538 1878 3620; x_wconf 81' lang='lat' dir='ltr'>exprimi.Et</span> <span class='ocrx_word' id='word_1_510' title='bbox 1901 3541 2031 3603; x_wconf 89' lang='lat' dir='ltr'>ideo</span> 
     </span>
    </p>
   </div>
   <div class='ocr_carea' id='block_1_72' title="bbox 2119 3534 3741 3623">
    <p class='ocr_par' dir='ltr' id='par_1_72' title="bbox 2120 3534 3741 3623">
     <span class='ocr_line' id='line_1_72' title="bbox 2120 3534 3741 3623; baseline 0.003 -22"><span class='ocrx_word' id='word_1_511' title='bbox 2120 3566 2177 3602; x_wconf 88' lang='grc' dir='ltr'>τε</span> <span class='ocrx_word' id='word_1_512' title='bbox 2236 3534 2405 3600; x_wconf 77' lang='grc' dir='ltr'>πάντα</span> <span class='ocrx_word' id='word_1_513' title='bbox 2462 3544 2600 3623; x_wconf 76' lang='grc' dir='ltr'>ἰᾶτο,</span> <span class='ocrx_word' id='word_1_514' title='bbox 2670 3546 2757 3600; x_wconf 81' lang='grc' dir='ltr'>καὶ</span> <span class='ocrx_word' id='word_1_515' title='bbox 2828 3542 3089 3622; x_wconf 71' lang='grc' dir='ltr'>περίδοξος</span> <span class='ocrx_word' id='word_1_516' title='bbox 3152 3544 3212 3601; x_wconf 68' lang='grc' dir='ltr'>οὗ</span> <span class='ocrx_word' id='word_1_517' title='bbox 3286 3558 3503 3603; x_wconf 72' lang='grc' dir='ltr'>πιστοῖς</span> <span class='ocrx_word' id='word_1_518' title='bbox 3574 3540 3741 3614; x_wconf 68' lang='grc' dir='ltr'>μόνον,</span> 
     </span>
    </p>
   </div>
   <div class='ocr_carea' id='block_1_73' title="bbox 388 3625 2031 3714">
    <p class='ocr_par' dir='ltr' id='par_1_73' title="bbox 388 3625 2031 3694">
     <span class='ocr_line' id='line_1_73' title="bbox 388 3625 2031 3694; baseline 0.002 -5"><span class='ocrx_word' id='word_1_519' title='bbox 388 3645 522 3689; x_wconf 85' lang='lat' dir='ltr'>cum</span> <span class='ocrx_word' id='word_1_520' title='bbox 557 3625 785 3687; x_wconf 80' lang='lat' dir='ltr'>videret</span> <span class='ocrx_word' id='word_1_521' title='bbox 810 3626 1004 3687; x_wconf 88' lang='lat' dir='ltr'>adhuc</span> <span class='ocrx_word' id='word_1_522' title='bbox 1034 3634 1263 3688; x_wconf 86' lang='lat' dir='ltr'>restare</span> <span class='ocrx_word' id='word_1_523' title='bbox 1287 3626 1509 3690; x_wconf 88' lang='lat' dir='ltr'>multas</span> <span class='ocrx_word' id='word_1_524' title='bbox 1531 3646 1663 3690; x_wconf 87' lang='lat' dir='ltr'>aras</span> <span class='ocrx_word' id='word_1_525' title='bbox 1679 3630 2031 3694; x_wconf 54' lang='lat' dir='ltr'>simulacroa</span> 
     </span>
    </p>
   </div>
   <div class='ocr_carea' id='block_1_74' title="bbox 2119 3625 3742 3714">
    <p class='ocr_par' dir='ltr' id='par_1_74' title="bbox 2121 3628 3742 3714">
     <span class='ocr_line' id='line_1_74' title="bbox 2121 3628 3742 3714; baseline -0.005 -23"><span class='ocrx_word' id='word_1_526' title='bbox 2121 3632 2257 3691; x_wconf 83' lang='grc' dir='ltr'>ἀλλὰ</span> <span class='ocrx_word' id='word_1_527' title='bbox 2286 3631 2510 3698; x_wconf 76' lang='grc' dir='ltr'>πολλοῖς</span> <span class='ocrx_word' id='word_1_528' title='bbox 2562 3634 2618 3688; x_wconf 77' lang='grc' dir='ltr'>ἐν</span> <span class='ocrx_word' id='word_1_529' title='bbox 2675 3634 2875 3714; x_wconf 77' lang='grc' dir='ltr'>βραχεῖ</span> <span class='ocrx_word' id='word_1_530' title='bbox 2925 3635 3017 3690; x_wconf 71' lang='grc' dir='ltr'>καί</span> <span class='ocrx_word' id='word_1_531' title='bbox 3076 3635 3182 3692; x_wconf 78' lang='grc' dir='ltr'>τῶν</span> <span class='ocrx_word' id='word_1_532' title='bbox 3235 3635 3475 3692; x_wconf 84' lang='grc' dir='ltr'>ἀπίστων</span> <span class='ocrx_word' id='word_1_533' title='bbox 3530 3628 3742 3707; x_wconf 81' lang='grc' dir='ltr'>ἐγένετο.</span> 
     </span>
    </p>
   </div>
   <div class='ocr_carea' id='block_1_75' title="bbox 394 3716 2031 3804">
    <p class='ocr_par' dir='ltr' id='par_1_75' title="bbox 394 3716 2031 3795">
     <span class='ocr_line' id='line_1_75' title="bbox 394 3716 2031 3795; baseline 0.004 -18"><span class='ocrx_word' id='word_1_534' title='bbox 394 3733 550 3790; x_wconf 87' lang='lat' dir='ltr'>rum,</span> <span class='ocrx_word' id='word_1_535' title='bbox 589 3724 647 3777; x_wconf 91' lang='lat' dir='ltr'>et</span> <span class='ocrx_word' id='word_1_536' title='bbox 677 3733 946 3795; x_wconf 82' lang='lat' dir='ltr'>magnam</span> <span class='ocrx_word' id='word_1_537' title='bbox 972 3716 1309 3778; x_wconf 72' lang='lat' dir='ltr'>daemonum</span> <span class='ocrx_word' id='word_1_538' title='bbox 1343 3725 1639 3779; x_wconf 87' lang='lat' dir='ltr'>catervam</span> <span class='ocrx_word' id='word_1_539' title='bbox 1662 3718 1723 3781; x_wconf 87' lang='lat' dir='ltr'>in</span> <span class='ocrx_word' id='word_1_540' title='bbox 1747 3719 1835 3781; x_wconf 89' lang='lat' dir='ltr'>eis</span> <span class='ocrx_word' id='word_1_541' title='bbox 1862 3721 2031 3783; x_wconf 90' lang='lat' dir='ltr'>habi-</span> 
     </span>
    </p>
   </div>
   <div class='ocr_carea' id='block_1_76' title="bbox 2119 3716 3746 3804">
    <p class='ocr_par' dir='ltr' id='par_1_76' title="bbox 2126 3716 3746 3804">
     <span class='ocr_line' id='line_1_76' title="bbox 2126 3716 3746 3804; baseline -0.001 -25"><span class='ocrx_word' id='word_1_542' title='bbox 2126 3725 2221 3781; x_wconf 83' lang='grc' dir='ltr'>Καὶ</span> <span class='ocrx_word' id='word_1_543' title='bbox 2277 3726 2449 3797; x_wconf 87' lang='grc' dir='ltr'>θαῦμα</span> <span class='ocrx_word' id='word_1_544' title='bbox 2507 3720 2562 3777; x_wconf 77' lang='grc' dir='ltr'>ἐν</span> <span class='ocrx_word' id='word_1_545' title='bbox 2620 3736 2741 3784; x_wconf 73' lang='grc' dir='ltr'>ταῖς</span> <span class='ocrx_word' id='word_1_546' title='bbox 2799 3724 3048 3780; x_wconf 83' lang='grc' dir='ltr'>ἀπάντων</span> <span class='ocrx_word' id='word_1_547' title='bbox 3095 3723 3268 3780; x_wconf 76' lang='grc' dir='ltr'>ἔκειτο</span> <span class='ocrx_word' id='word_1_548' title='bbox 3318 3729 3547 3804; x_wconf 76' lang='grc' dir='ltr'>ψυχαῖς,</span> <span class='ocrx_word' id='word_1_549' title='bbox 3600 3716 3746 3791; x_wconf 69' lang='grc' dir='ltr'>λόγου</span> 
     </span>
    </p>
   </div>
   <div class='ocr_carea' id='block_1_77' title="bbox 391 3804 2031 3890">
    <p class='ocr_par' dir='ltr' id='par_1_77' title="bbox 391 3804 2031 3887">
     <span class='ocr_line' id='line_1_77' title="bbox 391 3804 2031 3887; baseline 0.004 -22"><span class='ocrx_word' id='word_1_550' title='bbox 391 3813 547 3881; x_wconf 88' lang='lat' dir='ltr'>tare,</span> <span class='ocrx_word' id='word_1_551' title='bbox 573 3812 631 3865; x_wconf 88' lang='lat' dir='ltr'>et</span> <span class='ocrx_word' id='word_1_552' title='bbox 653 3823 770 3866; x_wconf 89' lang='lat' dir='ltr'>non</span> <span class='ocrx_word' id='word_1_553' title='bbox 805 3821 1023 3884; x_wconf 90' lang='lat' dir='ltr'>paucos</span> <span class='ocrx_word' id='word_1_554' title='bbox 1044 3804 1303 3885; x_wconf 84' lang='lat' dir='ltr'>perdere</span> <span class='ocrx_word' id='word_1_555' title='bbox 1326 3824 1397 3868; x_wconf 84' lang='lat' dir='ltr'>ex</span> <span class='ocrx_word' id='word_1_556' title='bbox 1420 3806 1813 3887; x_wconf 81' lang='lat' dir='ltr'>Myreusibus,</span> <span class='ocrx_word' id='word_1_557' title='bbox 1839 3809 2031 3871; x_wconf 87' lang='lat' dir='ltr'>divino</span> 
     </span>
    </p>
   </div>
   <div class='ocr_carea' id='block_1_78' title="bbox 2119 3804 3745 3890">
    <p class='ocr_par' dir='ltr' id='par_1_78' title="bbox 2121 3805 3745 3890">
     <span class='ocr_line' id='line_1_78' title="bbox 2121 3805 3745 3890; baseline -0.005 -20"><span class='ocrx_word' id='word_1_558' title='bbox 2121 3815 2318 3876; x_wconf 71' lang='grc' dir='ltr'>παντὸς</span> <span class='ocrx_word' id='word_1_559' title='bbox 2371 3813 2725 3889; x_wconf 79' lang='grc' dir='ltr'>ὑψηλότερον,</span> <span class='ocrx_word' id='word_1_560' title='bbox 2782 3813 2948 3890; x_wconf 80' lang='grc' dir='ltr'>ταύτῃ</span> <span class='ocrx_word' id='word_1_561' title='bbox 3006 3837 3088 3870; x_wconf 86' lang='grc' dir='ltr'>τοι</span> <span class='ocrx_word' id='word_1_562' title='bbox 3146 3817 3234 3872; x_wconf 85' lang='grc' dir='ltr'>καὶ</span> <span class='ocrx_word' id='word_1_563' title='bbox 3299 3816 3405 3872; x_wconf 78' lang='grc' dir='ltr'>τῶν</span> <span class='ocrx_word' id='word_1_564' title='bbox 3474 3805 3745 3867; x_wconf 77' lang='grc' dir='ltr'>εἰδωλικῶν</span> 
     </span>
    </p>
   </div>
   <div class='ocr_carea' id='block_1_79' title="bbox 394 3894 2031 3983">
    <p class='ocr_par' dir='ltr' id='par_1_79' title="bbox 394 3894 2031 3972">
     <span class='ocr_line' id='line_1_79' title="bbox 394 3894 2031 3972; baseline 0.004 -18"><span class='ocrx_word' id='word_1_565' title='bbox 394 3894 523 3955; x_wconf 81' lang='lat' dir='ltr'>zelo</span> <span class='ocrx_word' id='word_1_566' title='bbox 548 3900 748 3955; x_wconf 87' lang='lat' dir='ltr'>animo</span> <span class='ocrx_word' id='word_1_567' title='bbox 772 3894 1055 3955; x_wconf 88' lang='lat' dir='ltr'>incensus</span> <span class='ocrx_word' id='word_1_568' title='bbox 1075 3895 1333 3972; x_wconf 82' lang='lat' dir='ltr'>exsurgit</span> <span class='ocrx_word' id='word_1_569' title='bbox 1355 3896 1700 3972; x_wconf 79' lang='lat' dir='ltr'>fortissime,</span> <span class='ocrx_word' id='word_1_570' title='bbox 1726 3906 2031 3962; x_wconf 90' lang='lat' dir='ltr'>etomnem</span> 
     </span>
    </p>
   </div>
   <div class='ocr_carea' id='block_1_80' title="bbox 2119 3894 3747 3983">
    <p class='ocr_par' dir='ltr' id='par_1_80' title="bbox 2124 3894 3747 3983">
     <span class='ocr_line' id='line_1_80' title="bbox 2124 3894 3747 3983; baseline -0.008 -24"><span class='ocrx_word' id='word_1_571' title='bbox 2124 3902 2347 3968; x_wconf 74' lang='grc' dir='ltr'>πολλοῖς</span> <span class='ocrx_word' id='word_1_572' title='bbox 2378 3902 2449 3965; x_wconf 78' lang='grc' dir='ltr'>εἷς</span> <span class='ocrx_word' id='word_1_573' title='bbox 2483 3901 2557 3957; x_wconf 84' lang='grc' dir='ltr'>ἒτι</span> <span class='ocrx_word' id='word_1_574' title='bbox 2589 3902 2785 3977; x_wconf 80' lang='grc' dir='ltr'>βωμῶν</span> <span class='ocrx_word' id='word_1_575' title='bbox 2815 3901 3013 3982; x_wconf 82' lang='grc' dir='ltr'>συχνόν</span> <span class='ocrx_word' id='word_1_576' title='bbox 3046 3925 3095 3959; x_wconf 90' lang='grc' dir='ltr'>τι</span> <span class='ocrx_word' id='word_1_577' title='bbox 3127 3903 3290 3983; x_wconf 63' lang='grc' dir='ltr'>φῦλον</span> <span class='ocrx_word' id='word_1_578' title='bbox 3322 3901 3610 3977; x_wconf 83' lang='grc' dir='ltr'>δαιμόνιον,</span> <span class='ocrx_word' id='word_1_579' title='bbox 3644 3894 3747 3949; x_wconf 60' lang='grc' dir='ltr'>ἐπι-</span> 
     </span>
    </p>
   </div>
   <div class='ocr_carea' id='block_1_81' title="bbox 396 3982 2031 4071">
    <p class='ocr_par' dir='ltr' id='par_1_81' title="bbox 396 3982 2031 4071">
     <span class='ocr_line' id='line_1_81' title="bbox 396 3982 2031 4071; baseline 0.004 -28"><span class='ocrx_word' id='word_1_580' title='bbox 396 3984 636 4044; x_wconf 90' lang='lat' dir='ltr'>illorum</span> <span class='ocrx_word' id='word_1_581' title='bbox 667 3982 879 4071; x_wconf 90' lang='lat' dir='ltr'>obiens</span> <span class='ocrx_word' id='word_1_582' title='bbox 899 3984 1233 4064; x_wconf 87' lang='lat' dir='ltr'>regionem,</span> <span class='ocrx_word' id='word_1_583' title='bbox 1267 3986 1316 4045; x_wconf 92' lang='lat' dir='ltr'>si</span> <span class='ocrx_word' id='word_1_584' title='bbox 1348 3984 1409 4045; x_wconf 90' lang='lat' dir='ltr'>in</span> <span class='ocrx_word' id='word_1_585' title='bbox 1441 3985 1698 4064; x_wconf 90' lang='lat' dir='ltr'>aliquam</span> <span class='ocrx_word' id='word_1_586' title='bbox 1735 4004 1895 4049; x_wconf 86' lang='lat' dir='ltr'>aram</span> <span class='ocrx_word' id='word_1_587' title='bbox 1926 3988 2031 4050; x_wconf 91' lang='lat' dir='ltr'>ali-</span> 
     </span>
    </p>
   </div>
   <div class='ocr_carea' id='block_1_82' title="bbox 2119 3982 3742 4071">
    <p class='ocr_par' dir='ltr' id='par_1_82' title="bbox 2125 3982 3742 4071">
     <span class='ocr_line' id='line_1_82' title="bbox 2125 3982 3742 4071; baseline -0.007 -24"><span class='ocrx_word' id='word_1_588' title='bbox 2125 3993 2389 4071; x_wconf 76' lang='grc' dir='ltr'>ψωριάζον</span> <span class='ocrx_word' id='word_1_589' title='bbox 2421 3989 2585 4047; x_wconf 72' lang='grc' dir='ltr'>οἱονεί</span> <span class='ocrx_word' id='word_1_590' title='bbox 2615 3990 2864 4065; x_wconf 79' lang='grc' dir='ltr'>λείψανον</span> <span class='ocrx_word' id='word_1_591' title='bbox 2894 3982 3160 4061; x_wconf 77' lang='grc' dir='ltr'>ἀσεϐείας,</span> <span class='ocrx_word' id='word_1_592' title='bbox 3215 3994 3310 4049; x_wconf 67' lang='grc' dir='ltr'>οὐκ</span> <span class='ocrx_word' id='word_1_593' title='bbox 3341 3993 3535 4068; x_wconf 79' lang='grc' dir='ltr'>ὀλίγοις</span> <span class='ocrx_word' id='word_1_594' title='bbox 3569 4005 3622 4041; x_wconf 90' lang='grc' dir='ltr'>τε</span> <span class='ocrx_word' id='word_1_595' title='bbox 3651 3984 3742 4037; x_wconf 84' lang='grc' dir='ltr'>τῶν</span> 
     </span>
    </p>
   </div>
   <div class='ocr_carea' id='block_1_83' title="bbox 395 4069 2031 4159">
    <p class='ocr_par' dir='ltr' id='par_1_83' title="bbox 395 4069 2031 4156">
     <span class='ocr_line' id='line_1_83' title="bbox 395 4069 2031 4156; baseline 0.004 -23"><span class='ocrx_word' id='word_1_596' title='bbox 395 4072 632 4152; x_wconf 85' lang='lat' dir='ltr'>quando</span> <span class='ocrx_word' id='word_1_597' title='bbox 663 4069 994 4149; x_wconf 86' lang='lat' dir='ltr'>incidisset,</span> <span class='ocrx_word' id='word_1_598' title='bbox 1027 4074 1194 4134; x_wconf 89' lang='lat' dir='ltr'>humi</span> <span class='ocrx_word' id='word_1_599' title='bbox 1217 4073 1551 4152; x_wconf 88' lang='lat' dir='ltr'>dejiciebat,</span> <span class='ocrx_word' id='word_1_600' title='bbox 1575 4083 1711 4137; x_wconf 89' lang='lat' dir='ltr'>etin</span> <span class='ocrx_word' id='word_1_601' title='bbox 1739 4077 2031 4156; x_wconf 82' lang='lat' dir='ltr'>pulverem</span> 
     </span>
    </p>
   </div>
   <div class='ocr_carea' id='block_1_84' title="bbox 2119 4069 3743 4159">
    <p class='ocr_par' dir='ltr' id='par_1_84' title="bbox 2125 4069 3743 4159">
     <span class='ocr_line' id='line_1_84' title="bbox 2125 4069 3743 4159; baseline -0.004 -23"><span class='ocrx_word' id='word_1_602' title='bbox 2125 4069 2341 4159; x_wconf 57' lang='grc' dir='ltr'>Μυρέων</span> <span class='ocrx_word' id='word_1_603' title='bbox 2402 4078 2653 4145; x_wconf 85' lang='grc' dir='ltr'>ἀπολείας</span> <span class='ocrx_word' id='word_1_604' title='bbox 2709 4078 2884 4137; x_wconf 73' lang='grc' dir='ltr'>αἴτιον</span> <span class='ocrx_word' id='word_1_605' title='bbox 2957 4082 3365 4157; x_wconf 79' lang='grc' dir='ltr'>καθιστάμενον,</span> <span class='ocrx_word' id='word_1_606' title='bbox 3437 4076 3581 4151; x_wconf 79' lang='grc' dir='ltr'>ζήλῳ</span> <span class='ocrx_word' id='word_1_607' title='bbox 3657 4069 3743 4144; x_wconf 71' lang='grc' dir='ltr'>μὲν</span> 
     </span>
    </p>
   </div>
   <div class='ocr_carea' id='block_1_85' title="bbox 393 4160 2031 4249">
    <p class='ocr_par' dir='ltr' id='par_1_85' title="bbox 393 4160 2031 4244">
     <span class='ocr_line' id='line_1_85' title="bbox 393 4160 2031 4244; baseline 0.002 -21"><span class='ocrx_word' id='word_1_608' title='bbox 393 4160 876 4224; x_wconf 90' lang='lat' dir='ltr'>comminuebat:</span> <span class='ocrx_word' id='word_1_609' title='bbox 913 4171 973 4223; x_wconf 88' lang='lat' dir='ltr'>et</span> <span class='ocrx_word' id='word_1_610' title='bbox 1000 4163 1088 4224; x_wconf 90' lang='lat' dir='ltr'>sic</span> <span class='ocrx_word' id='word_1_611' title='bbox 1119 4163 1325 4242; x_wconf 89' lang='lat' dir='ltr'>procul</span> <span class='ocrx_word' id='word_1_612' title='bbox 1362 4164 1668 4244; x_wconf 85' lang='lat' dir='ltr'>expellens</span> <span class='ocrx_word' id='word_1_613' title='bbox 1698 4163 2031 4227; x_wconf 75' lang='lat' dir='ltr'>daemonum</span> 
     </span>
    </p>
   </div>
   <div class='ocr_carea' id='block_1_86' title="bbox 2119 4160 3743 4249">
    <p class='ocr_par' dir='ltr' id='par_1_86' title="bbox 2120 4162 3743 4249">
     <span class='ocr_line' id='line_1_86' title="bbox 2120 4162 3743 4249; baseline -0.002 -24"><span class='ocrx_word' id='word_1_614' title='bbox 2120 4170 2242 4242; x_wconf 84' lang='grc' dir='ltr'>θείῳ</span> <span class='ocrx_word' id='word_1_615' title='bbox 2270 4170 2523 4247; x_wconf 85' lang='grc' dir='ltr'>πίπραται</span> <span class='ocrx_word' id='word_1_616' title='bbox 2554 4170 2650 4236; x_wconf 77' lang='grc' dir='ltr'>τὴν</span> <span class='ocrx_word' id='word_1_617' title='bbox 2693 4171 2898 4249; x_wconf 72' lang='grc' dir='ltr'>ψυχὴν.</span> <span class='ocrx_word' id='word_1_618' title='bbox 2933 4167 3328 4247; x_wconf 82' lang='grc' dir='ltr'>Ἀνδριγώτατα</span> <span class='ocrx_word' id='word_1_619' title='bbox 3389 4169 3443 4225; x_wconf 72' lang='grc' dir='ltr'>δὲ</span> <span class='ocrx_word' id='word_1_620' title='bbox 3498 4162 3743 4221; x_wconf 76' lang='grc' dir='ltr'>διανίστα-</span> 
     </span>
    </p>
   </div>
   <div class='ocr_carea' id='block_1_87' title="bbox 395 4249 2031 4338">
    <p class='ocr_par' dir='ltr' id='par_1_87' title="bbox 395 4249 2031 4335">
     <span class='ocr_line' id='line_1_87' title="bbox 395 4249 2031 4335; baseline 0.003 -23"><span class='ocrx_word' id='word_1_621' title='bbox 395 4249 858 4329; x_wconf 88' lang='lat' dir='ltr'>multitudinem,</span> <span class='ocrx_word' id='word_1_622' title='bbox 914 4250 1111 4314; x_wconf 76' lang='lat' dir='ltr'>eﬂ’ecit</span> <span class='ocrx_word' id='word_1_623' title='bbox 1165 4260 1230 4313; x_wconf 89' lang='lat' dir='ltr'>ut</span> <span class='ocrx_word' id='word_1_624' title='bbox 1285 4271 1428 4332; x_wconf 83' lang='lat' dir='ltr'>grex</span> <span class='ocrx_word' id='word_1_625' title='bbox 1501 4271 1646 4333; x_wconf 87' lang='lat' dir='ltr'>pace</span> <span class='ocrx_word' id='word_1_626' title='bbox 1720 4256 2031 4335; x_wconf 89' lang='lat' dir='ltr'>tranquilla</span> 
     </span>
    </p>
   </div>
   <div class='ocr_carea' id='block_1_88' title="bbox 2119 4249 3740 4338">
    <p class='ocr_par' dir='ltr' id='par_1_88' title="bbox 2119 4257 3740 4338">
     <span class='ocr_line' id='line_1_88' title="bbox 2119 4257 3740 4338; baseline -0.004 -24"><span class='ocrx_word' id='word_1_627' title='bbox 2119 4280 2206 4314; x_wconf 84' lang='grc' dir='ltr'>ται</span> <span class='ocrx_word' id='word_1_628' title='bbox 2238 4259 2325 4314; x_wconf 82' lang='grc' dir='ltr'>καὶ</span> <span class='ocrx_word' id='word_1_629' title='bbox 2355 4259 2450 4325; x_wconf 79' lang='grc' dir='ltr'>τὴν</span> <span class='ocrx_word' id='word_1_630' title='bbox 2484 4259 2697 4314; x_wconf 80' lang='grc' dir='ltr'>ἐκείνων</span> <span class='ocrx_word' id='word_1_631' title='bbox 2724 4265 2897 4314; x_wconf 81' lang='grc' dir='ltr'>πᾶσαν</span> <span class='ocrx_word' id='word_1_632' title='bbox 2930 4258 3238 4338; x_wconf 84' lang='grc' dir='ltr'>περιελθὼν,</span> <span class='ocrx_word' id='word_1_633' title='bbox 3377 4259 3437 4314; x_wconf 72' lang='grc' dir='ltr'>ἂν</span> <span class='ocrx_word' id='word_1_634' title='bbox 3460 4257 3622 4334; x_wconf 87' lang='grc' dir='ltr'>βωμῷ</span> <span class='ocrx_word' id='word_1_635' title='bbox 3650 4266 3740 4304; x_wconf 84' lang='grc' dir='ltr'>πε·</span> 
     </span>
    </p>
   </div>
   <div class='ocr_carea' id='block_1_89' title="bbox 394 4340 3740 4428">
    <p class='ocr_par' dir='ltr' id='par_1_89' title="bbox 394 4340 3740 4428">
     <span class='ocr_line' id='line_1_89' title="bbox 394 4340 3740 4428; baseline -0 -27"><span class='ocrx_word' id='word_1_636' title='bbox 394 4340 718 4402; x_wconf 82' lang='lat' dir='ltr'>frueretur.</span> <span class='ocrx_word' id='word_1_637' title='bbox 2120 4347 2352 4428; x_wconf 82' lang='grc' dir='ltr'>ριτύχοι,</span> <span class='ocrx_word' id='word_1_638' title='bbox 2385 4346 2563 4424; x_wconf 82' lang='grc' dir='ltr'>ὥσπερ</span> <span class='ocrx_word' id='word_1_639' title='bbox 2591 4369 2670 4412; x_wconf 84' lang='grc' dir='ltr'>τις</span> <span class='ocrx_word' id='word_1_640' title='bbox 2725 4347 2962 4425; x_wconf 78' lang='grc' dir='ltr'>ἀριστεὺς</span> <span class='ocrx_word' id='word_1_641' title='bbox 3011 4349 3146 4409; x_wconf 70' lang='grc' dir='ltr'>κατὰ</span> <span class='ocrx_word' id='word_1_642' title='bbox 3180 4347 3446 4426; x_wconf 75' lang='grc' dir='ltr'>δαιμόνων</span> <span class='ocrx_word' id='word_1_643' title='bbox 3477 4350 3740 4428; x_wconf 60' lang='grc' dir='ltr'>προχεζρι·</span> 
     </span>
    </p>
   </div>
   <div class='ocr_carea' id='block_1_90' title="bbox 397 4424 3740 4517">
    <p class='ocr_par' dir='ltr' id='par_1_90' title="bbox 397 4424 3740 4517">
     <span class='ocr_line' id='line_1_90' title="bbox 397 4424 3740 4517; baseline -0.002 -29"><span class='ocrx_word' id='word_1_644' title='bbox 397 4432 558 4510; x_wconf 85' lang='grc' dir='ltr'>σθεὶς,</span> <span class='ocrx_word' id='word_1_645' title='bbox 608 4433 681 4493; x_wconf 83' lang='grc' dir='ltr'>είς</span> <span class='ocrx_word' id='word_1_646' title='bbox 752 4430 940 4512; x_wconf 76' lang='grc' dir='ltr'>’ἐδαφός</span> <span class='ocrx_word' id='word_1_647' title='bbox 997 4454 1054 4487; x_wconf 85' lang='grc' dir='ltr'>τε</span> <span class='ocrx_word' id='word_1_648' title='bbox 1109 4430 1350 4488; x_wconf 76' lang='grc' dir='ltr'>κατέσπα</span> <span class='ocrx_word' id='word_1_649' title='bbox 1410 4432 1496 4487; x_wconf 69' lang='grc' dir='ltr'>καὶ</span> <span class='ocrx_word' id='word_1_650' title='bbox 1550 4433 1625 4494; x_wconf 81' lang='grc' dir='ltr'>εἰς</span> <span class='ocrx_word' id='word_1_651' title='bbox 1685 4433 1831 4490; x_wconf 83' lang='grc' dir='ltr'>κόνιν</span> <span class='ocrx_word' id='word_1_652' title='bbox 1900 4436 2089 4502; x_wconf 70' lang='grc' dir='ltr'>αὐτοὺς</span> <span class='ocrx_word' id='word_1_653' title='bbox 2122 4424 2132 4428; x_wconf 17' lang='lat' dir='ltr'><strong><em>ﬁ</em></strong></span> <span class='ocrx_word' id='word_1_654' title='bbox 2162 4424 2411 4493; x_wconf 71' lang='grc' dir='ltr'>ἐλέπτῦνε</span> <span class='ocrx_word' id='word_1_655' title='bbox 2468 4436 2666 4517; x_wconf 79' lang='grc' dir='ltr'>σφόδρα</span> <span class='ocrx_word' id='word_1_656' title='bbox 2735 4424 3087 4512; x_wconf 75' lang='grc' dir='ltr'>πεποιθότως,</span> <span class='ocrx_word' id='word_1_657' title='bbox 3165 4424 3468 4500; x_wconf 12' lang='grc' dir='ltr'>καὶήοῦτως</span> <span class='ocrx_word' id='word_1_658' title='bbox 3524 4424 3740 4487; x_wconf 79' lang='grc' dir='ltr'>ἐκποδὼν</span> 
     </span>
    </p>
   </div>
   <div class='ocr_carea' id='block_1_91' title="bbox 394 4518 3322 4607">
    <p class='ocr_par' dir='ltr' id='par_1_91' title="bbox 394 4518 3322 4607">
     <span class='ocr_line' id='line_1_91' title="bbox 394 4518 3322 4607; baseline 0.003 -33"><span class='ocrx_word' id='word_1_659' title='bbox 394 4520 629 4607; x_wconf 72' lang='grc' dir='ltr'>τὴντῶν</span> <span class='ocrx_word' id='word_1_660' title='bbox 672 4542 918 4599; x_wconf 87' lang='grc' dir='ltr'>πονηρων</span> <span class='ocrx_word' id='word_1_661' title='bbox 952 4518 1471 4594; x_wconf 70' lang='grc' dir='ltr'>πνευμάτωνπληθὺν</span> <span class='ocrx_word' id='word_1_662' title='bbox 1500 4521 1842 4604; x_wconf 80' lang='grc' dir='ltr'>ποιούμενος,</span> <span class='ocrx_word' id='word_1_663' title='bbox 1876 4529 2106 4606; x_wconf 80' lang='grc' dir='ltr'>καθαρᾶς</span> <span class='ocrx_word' id='word_1_664' title='bbox 2135 4525 2430 4584; x_wconf 78' lang='grc' dir='ltr'>ἀπολαϐεῖν</span> <span class='ocrx_word' id='word_1_665' title='bbox 2457 4525 2699 4606; x_wconf 77' lang='grc' dir='ltr'>γαλήνης</span> <span class='ocrx_word' id='word_1_666' title='bbox 2731 4532 2799 4594; x_wconf 78' lang='grc' dir='ltr'>τῆ</span> <span class='ocrx_word' id='word_1_667' title='bbox 2832 4528 3030 4605; x_wconf 77' lang='grc' dir='ltr'>ποίμνῃ</span> <span class='ocrx_word' id='word_1_668' title='bbox 3061 4540 3322 4607; x_wconf 80' lang='grc' dir='ltr'>παρεῖχε,</span> 
     </span>
    </p>
   </div>
   <div class='ocr_carea' id='block_1_92' title="bbox 473 4606 2031 4695">
    <p class='ocr_par' dir='ltr' id='par_1_92' title="bbox 473 4606 2031 4687">
     <span class='ocr_line' id='line_1_92' title="bbox 473 4606 2031 4687; baseline 0.004 -16"><span class='ocrx_word' id='word_1_669' title='bbox 473 4606 599 4671; x_wconf 84' lang='lat' dir='ltr'><strong>XV.</strong></span> <span class='ocrx_word' id='word_1_670' title='bbox 635 4610 777 4669; x_wconf 89' lang='lat' dir='ltr'>Cum</span> <span class='ocrx_word' id='word_1_671' title='bbox 807 4608 894 4670; x_wconf 89' lang='lat' dir='ltr'>sic</span> <span class='ocrx_word' id='word_1_672' title='bbox 929 4608 1152 4669; x_wconf 90' lang='lat' dir='ltr'>bellum</span> <span class='ocrx_word' id='word_1_673' title='bbox 1194 4617 1440 4687; x_wconf 78' lang='lat' dir='ltr'>generet</span> <span class='ocrx_word' id='word_1_674' title='bbox 1488 4619 1728 4673; x_wconf 91' lang='lat' dir='ltr'>sanctus</span> <span class='ocrx_word' id='word_1_675' title='bbox 1751 4612 2031 4677; x_wconf 88' lang='lat' dir='ltr'>adversus</span> 
     </span>
    </p>
   </div>
   <div class='ocr_carea' id='block_1_93' title="bbox 2119 4606 3739 4695">
    <p class='ocr_par' dir='ltr' id='par_1_93' title="bbox 2198 4606 3739 4695">
     <span class='ocr_line' id='line_1_93' title="bbox 2198 4606 3739 4695; baseline -0.006 -23"><span class='ocrx_word' id='word_1_676' title='bbox 2198 4615 2310 4675; x_wconf 82' lang='lat' dir='ltr'>IE&#39;.</span> <span class='ocrx_word' id='word_1_677' title='bbox 2351 4625 2571 4674; x_wconf 81' lang='grc' dir='ltr'>Τοιαῦτα</span> <span class='ocrx_word' id='word_1_678' title='bbox 2633 4624 2709 4685; x_wconf 83' lang='grc' dir='ltr'>τῷ</span> <span class='ocrx_word' id='word_1_679' title='bbox 2766 4617 2900 4695; x_wconf 80' lang='grc' dir='ltr'>ἁγίῳ</span> <span class='ocrx_word' id='word_1_680' title='bbox 2955 4606 3265 4674; x_wconf 16' lang='grc' dir='ltr'>διαθλοῦντιί</span> <span class='ocrx_word' id='word_1_681' title='bbox 3308 4615 3441 4674; x_wconf 82' lang='grc' dir='ltr'>κατᾶ</span> <span class='ocrx_word' id='word_1_682' title='bbox 3494 4606 3739 4682; x_wconf 81' lang='grc' dir='ltr'>δαιμόνων</span> 
     </span>
    </p>
   </div>
   <div class='ocr_carea' id='block_1_94' title="bbox 395 4696 2035 4780">
    <p class='ocr_par' dir='ltr' id='par_1_94' title="bbox 395 4696 2035 4780">
     <span class='ocr_line' id='line_1_94' title="bbox 395 4696 2035 4780; baseline 0.002 -21"><span class='ocrx_word' id='word_1_683' title='bbox 395 4697 640 4778; x_wconf 72' lang='lat' dir='ltr'>Spiritus</span> <span class='ocrx_word' id='word_1_684' title='bbox 667 4696 1083 4773; x_wconf 87' lang='lat' dir='ltr'>improbitatis,</span> <span class='ocrx_word' id='word_1_685' title='bbox 1118 4696 1183 4758; x_wconf 84' lang='lat' dir='ltr'>ﬁt</span> <span class='ocrx_word' id='word_1_686' title='bbox 1212 4697 1480 4777; x_wconf 83' lang='lat' dir='ltr'>quaedam</span> <span class='ocrx_word' id='word_1_687' title='bbox 1513 4697 1569 4759; x_wconf 91' lang='lat' dir='ltr'>ei</span> <span class='ocrx_word' id='word_1_688' title='bbox 1601 4716 1634 4758; x_wconf 90' lang='lat' dir='ltr'>a</span> <span class='ocrx_word' id='word_1_689' title='bbox 1673 4700 1907 4780; x_wconf 85' lang='lat' dir='ltr'>superis</span> <span class='ocrx_word' id='word_1_690' title='bbox 1936 4702 2035 4762; x_wconf 90' lang='lat' dir='ltr'>in-</span> 
     </span>
    </p>
   </div>
   <div class='ocr_carea' id='block_1_95' title="bbox 394 4786 2035 4868">
    <p class='ocr_par' dir='ltr' id='par_1_95' title="bbox 394 4786 2035 4868">
     <span class='ocr_line' id='line_1_95' title="bbox 394 4786 2035 4868; baseline 0.004 -19"><span class='ocrx_word' id='word_1_691' title='bbox 394 4787 636 4868; x_wconf 88' lang='lat' dir='ltr'>spiratio</span> <span class='ocrx_word' id='word_1_692' title='bbox 663 4795 720 4850; x_wconf 89' lang='lat' dir='ltr'>et</span> <span class='ocrx_word' id='word_1_693' title='bbox 737 4786 988 4849; x_wconf 86' lang='lat' dir='ltr'>divinior</span> <span class='ocrx_word' id='word_1_694' title='bbox 1016 4786 1311 4866; x_wconf 80' lang='lat' dir='ltr'>cogitatio,</span> <span class='ocrx_word' id='word_1_695' title='bbox 1330 4793 1490 4847; x_wconf 90' lang='lat' dir='ltr'>utne</span> <span class='ocrx_word' id='word_1_696' title='bbox 1515 4804 1549 4847; x_wconf 89' lang='lat' dir='ltr'>a</span> <span class='ocrx_word' id='word_1_697' title='bbox 1569 4786 1774 4850; x_wconf 85' lang='lat' dir='ltr'>Dianae</span> <span class='ocrx_word' id='word_1_698' title='bbox 1795 4790 2035 4867; x_wconf 89' lang='lat' dir='ltr'>quidem</span> 
     </span>
    </p>
   </div>
   <div class='ocr_carea' id='block_1_96' title="bbox 395 4876 2035 4960">
    <p class='ocr_par' dir='ltr' id='par_1_96' title="bbox 395 4876 2035 4960">
     <span class='ocr_line' id='line_1_96' title="bbox 395 4876 2035 4960; baseline 0.003 -22"><span class='ocrx_word' id='word_1_699' title='bbox 395 4877 618 4959; x_wconf 88' lang='lat' dir='ltr'>templo</span> <span class='ocrx_word' id='word_1_700' title='bbox 638 4876 1099 4952; x_wconf 84' lang='lat' dir='ltr'>abstineret,sed</span> <span class='ocrx_word' id='word_1_701' title='bbox 1126 4876 1320 4957; x_wconf 91' lang='lat' dir='ltr'>ipsum</span> <span class='ocrx_word' id='word_1_702' title='bbox 1346 4878 2035 4960; x_wconf 81' lang='lat' dir='ltr'>quoqueaggrederetur,</span> 
     </span>
    </p>
   </div>
   <div class='ocr_carea' id='block_1_97' title="bbox 395 4964 2036 5048">
    <p class='ocr_par' dir='ltr' id='par_1_97' title="bbox 395 4964 2036 5048">
     <span class='ocr_line' id='line_1_97' title="bbox 395 4964 2036 5048; baseline 0 -16"><span class='ocrx_word' id='word_1_703' title='bbox 395 4974 458 5032; x_wconf 87' lang='lat' dir='ltr'>et</span> <span class='ocrx_word' id='word_1_704' title='bbox 515 4967 570 5029; x_wconf 90' lang='lat' dir='ltr'>ei</span> <span class='ocrx_word' id='word_1_705' title='bbox 627 4967 787 5030; x_wconf 82' lang='lat' dir='ltr'>idem</span> <span class='ocrx_word' id='word_1_706' title='bbox 844 4968 1070 5030; x_wconf 81' lang='lat' dir='ltr'>faceret</span> <span class='ocrx_word' id='word_1_707' title='bbox 1127 4964 1287 5048; x_wconf 90' lang='lat' dir='ltr'>quod</span> <span class='ocrx_word' id='word_1_708' title='bbox 1344 4965 1683 5046; x_wconf 87' lang='lat' dir='ltr'>prioribus:</span> <span class='ocrx_word' id='word_1_709' title='bbox 1719 4977 1847 5030; x_wconf 88' lang='lat' dir='ltr'>erat</span> <span class='ocrx_word' id='word_1_710' title='bbox 1876 4971 2036 5032; x_wconf 70' lang='lat' dir='ltr'>etaim</span> 
     </span>
    </p>
   </div>
   <div class='ocr_carea' id='block_1_98' title="bbox 392 5054 2036 5141">
    <p class='ocr_par' dir='ltr' id='par_1_98' title="bbox 392 5054 2036 5141">
     <span class='ocr_line' id='line_1_98' title="bbox 392 5054 2036 5141; baseline 0.002 -23"><span class='ocrx_word' id='word_1_711' title='bbox 392 5056 457 5118; x_wconf 86' lang='lat' dir='ltr'>id</span> <span class='ocrx_word' id='word_1_712' title='bbox 512 5067 573 5120; x_wconf 90' lang='lat' dir='ltr'>et</span> <span class='ocrx_word' id='word_1_713' title='bbox 621 5057 1062 5139; x_wconf 87' lang='lat' dir='ltr'>pulchritudine</span> <span class='ocrx_word' id='word_1_714' title='bbox 1114 5054 1488 5130; x_wconf 87' lang='lat' dir='ltr'>admirabile,</span> <span class='ocrx_word' id='word_1_715' title='bbox 1556 5063 1615 5118; x_wconf 89' lang='lat' dir='ltr'>et</span> <span class='ocrx_word' id='word_1_716' title='bbox 1662 5056 1809 5120; x_wconf 90' lang='lat' dir='ltr'>alios</span> <span class='ocrx_word' id='word_1_717' title='bbox 1852 5077 2036 5141; x_wconf 89' lang='lat' dir='ltr'>supe-</span> 
     </span>
    </p>
   </div>
   <div class='ocr_carea' id='block_1_99' title="bbox 393 5144 2038 5228">
    <p class='ocr_par' dir='ltr' id='par_1_99' title="bbox 393 5144 2038 5228">
     <span class='ocr_line' id='line_1_99' title="bbox 393 5144 2038 5228; baseline 0.001 -18"><span class='ocrx_word' id='word_1_718' title='bbox 393 5164 540 5210; x_wconf 89' lang='lat' dir='ltr'>rans</span> <span class='ocrx_word' id='word_1_719' title='bbox 593 5147 999 5228; x_wconf 83' lang='lat' dir='ltr'>magnitudine</span> <span class='ocrx_word' id='word_1_720' title='bbox 1056 5154 1114 5209; x_wconf 93' lang='lat' dir='ltr'>et</span> <span class='ocrx_word' id='word_1_721' title='bbox 1165 5144 1670 5227; x_wconf 88' lang='lat' dir='ltr'>jucundissimum</span> <span class='ocrx_word' id='word_1_722' title='bbox 1746 5148 2038 5211; x_wconf 71' lang='lat' dir='ltr'>daemoni-</span> 
     </span>
    </p>
   </div>
   <div class='ocr_carea' id='block_1_100' title="bbox 392 5234 2039 5315">
    <p class='ocr_par' dir='ltr' id='par_1_100' title="bbox 392 5234 2039 5315">
     <span class='ocr_line' id='line_1_100' title="bbox 392 5234 2039 5315; baseline 0.002 -18"><span class='ocrx_word' id='word_1_723' title='bbox 392 5234 508 5297; x_wconf 86' lang='lat' dir='ltr'>bus</span> <span class='ocrx_word' id='word_1_724' title='bbox 536 5236 962 5301; x_wconf 88' lang='lat' dir='ltr'>habitaculum.</span> <span class='ocrx_word' id='word_1_725' title='bbox 997 5234 1143 5298; x_wconf 90' lang='lat' dir='ltr'>Cum</span> <span class='ocrx_word' id='word_1_726' title='bbox 1177 5252 1315 5313; x_wconf 76' lang='lat' dir='ltr'>ergo</span> <span class='ocrx_word' id='word_1_727' title='bbox 1372 5235 1563 5315; x_wconf 87' lang='lat' dir='ltr'>major</span> <span class='ocrx_word' id='word_1_728' title='bbox 1593 5235 1875 5300; x_wconf 84' lang='lat' dir='ltr'>adversus</span> <span class='ocrx_word' id='word_1_729' title='bbox 1927 5239 2039 5301; x_wconf 90' lang='lat' dir='ltr'>hoc</span> 
     </span>
    </p>
   </div>
   <div class='ocr_carea' id='block_1_101' title="bbox 393 5324 2039 5408">
    <p class='ocr_par' dir='ltr' id='par_1_101' title="bbox 393 5324 2039 5408">
     <span class='ocr_line' id='line_1_101' title="bbox 393 5324 2039 5408; baseline 0.004 -23"><span class='ocrx_word' id='word_1_730' title='bbox 393 5327 679 5405; x_wconf 84' lang='lat' dir='ltr'>templum</span> <span class='ocrx_word' id='word_1_731' title='bbox 712 5344 849 5388; x_wconf 89' lang='lat' dir='ltr'>eum</span> <span class='ocrx_word' id='word_1_732' title='bbox 882 5324 1165 5388; x_wconf 87' lang='lat' dir='ltr'>subiisset</span> <span class='ocrx_word' id='word_1_733' title='bbox 1196 5325 1477 5404; x_wconf 86' lang='lat' dir='ltr'>impetus,</span> <span class='ocrx_word' id='word_1_734' title='bbox 1513 5324 1694 5407; x_wconf 89' lang='lat' dir='ltr'>idque</span> <span class='ocrx_word' id='word_1_735' title='bbox 1714 5328 2039 5408; x_wconf 84' lang='lat' dir='ltr'>juvenilius</span> 
     </span>
    </p>
   </div>
   <div class='ocr_carea' id='block_1_102' title="bbox 394 5413 2041 5501">
    <p class='ocr_par' dir='ltr' id='par_1_102' title="bbox 394 5413 2041 5501">
     <span class='ocr_line' id='line_1_102' title="bbox 394 5413 2041 5501; baseline 0.003 -24"><span class='ocrx_word' id='word_1_736' title='bbox 394 5423 457 5477; x_wconf 85' lang='lat' dir='ltr'>et</span> <span class='ocrx_word' id='word_1_737' title='bbox 484 5415 679 5477; x_wconf 84' lang='lat' dir='ltr'>acrius</span> <span class='ocrx_word' id='word_1_738' title='bbox 694 5423 877 5496; x_wconf 87' lang='lat' dir='ltr'>esset,</span> <span class='ocrx_word' id='word_1_739' title='bbox 902 5433 1020 5478; x_wconf 90' lang='lat' dir='ltr'>non</span> <span class='ocrx_word' id='word_1_740' title='bbox 1053 5415 1245 5477; x_wconf 87' lang='lat' dir='ltr'>solum</span> <span class='ocrx_word' id='word_1_741' title='bbox 1268 5413 1453 5475; x_wconf 88' lang='lat' dir='ltr'>diruit</span> <span class='ocrx_word' id='word_1_742' title='bbox 1481 5417 1683 5479; x_wconf 88' lang='lat' dir='ltr'>omnia</span> <span class='ocrx_word' id='word_1_743' title='bbox 1710 5437 1845 5498; x_wconf 69' lang='lat' dir='ltr'>qum</span> <span class='ocrx_word' id='word_1_744' title='bbox 1862 5436 2041 5501; x_wconf 82' lang='lat' dir='ltr'>supra</span> 
     </span>
    </p>
   </div>
   <div class='ocr_carea' id='block_1_103' title="bbox 479 5592 1391 5679">
    <p class='ocr_par' dir='ltr' id='par_1_103' title="bbox 479 5592 1391 5679">
     <span class='ocr_line' id='line_1_103' title="bbox 479 5592 1391 5679; baseline 0.001 -25"><span class='ocrx_word' id='word_1_745' title='bbox 479 5593 560 5677; x_wconf 71' lang='grc'>(2)</span> <span class='ocrx_word' id='word_1_746' title='bbox 591 5592 810 5657; x_wconf 78' lang='lat' dir='ltr'>Baron.</span> <span class='ocrx_word' id='word_1_747' title='bbox 844 5610 984 5660; x_wconf 88' lang='lat' dir='ltr'>ann.</span> <span class='ocrx_word' id='word_1_748' title='bbox 1019 5595 1161 5679; x_wconf 82' lang='lat'>318,</span> <span class='ocrx_word' id='word_1_749' title='bbox 1197 5611 1256 5658; x_wconf 91' lang='lat' dir='ltr'><strong>n.</strong></span> <span class='ocrx_word' id='word_1_750' title='bbox 1292 5594 1391 5660; x_wconf 87' lang='lat'>39.</span> 
     </span>
    </p>
   </div>
   <div class='ocr_carea' id='block_1_104' title="bbox 2118 4695 3734 4786">
    <p class='ocr_par' dir='ltr' id='par_1_104' title="bbox 2118 4695 3734 4786">
     <span class='ocr_line' id='line_1_104' title="bbox 2118 4695 3734 4786; baseline -0.006 -24"><span class='ocrx_word' id='word_1_751' title='bbox 2118 4705 2288 4763; x_wconf 78' lang='grc' dir='ltr'>ἔπεισί</span> <span class='ocrx_word' id='word_1_752' title='bbox 2339 4728 2419 4770; x_wconf 91' lang='grc' dir='ltr'>τις</span> <span class='ocrx_word' id='word_1_753' title='bbox 2480 4705 2675 4762; x_wconf 79' lang='grc' dir='ltr'>ἄνωθεν</span> <span class='ocrx_word' id='word_1_754' title='bbox 2733 4705 2934 4763; x_wconf 75' lang='grc' dir='ltr'>ἔννοιαν</span> <span class='ocrx_word' id='word_1_755' title='bbox 2991 4706 3249 4786; x_wconf 75' lang='grc' dir='ltr'>θειοτέρα,</span> <span class='ocrx_word' id='word_1_756' title='bbox 3313 4704 3449 4782; x_wconf 75' lang='grc' dir='ltr'>μηδὲ</span> <span class='ocrx_word' id='word_1_757' title='bbox 3505 4702 3593 4755; x_wconf 85' lang='grc' dir='ltr'>τοῦ</span> <span class='ocrx_word' id='word_1_758' title='bbox 3644 4695 3734 4755; x_wconf 71' lang='grc' dir='ltr'>τῆς</span> 
     </span>
    </p>
   </div>
   <div class='ocr_carea' id='block_1_105' title="bbox 2119 4784 3735 4876">
    <p class='ocr_par' dir='ltr' id='par_1_105' title="bbox 2119 4784 3735 4876">
     <span class='ocr_line' id='line_1_105' title="bbox 2119 4784 3735 4876; baseline -0.008 -24"><span class='ocrx_word' id='word_1_759' title='bbox 2119 4793 2428 4876; x_wconf 82' lang='grc' dir='ltr'>Ἀρτέμιδος</span> <span class='ocrx_word' id='word_1_760' title='bbox 2459 4795 2790 4875; x_wconf 77' lang='grc' dir='ltr'>ἀποσχέσθαι</span> <span class='ocrx_word' id='word_1_761' title='bbox 2820 4802 2969 4874; x_wconf 90' lang='grc' dir='ltr'>ναοῦ,</span> <span class='ocrx_word' id='word_1_762' title='bbox 3024 4795 3079 4862; x_wconf 76' lang='grc' dir='ltr'>ὃς</span> <span class='ocrx_word' id='word_1_763' title='bbox 3110 4784 3310 4853; x_wconf 62' lang='grc' dir='ltr'>’κάλλει</span> <span class='ocrx_word' id='word_1_764' title='bbox 3372 4814 3427 4850; x_wconf 87' lang='grc' dir='ltr'>τε</span> <span class='ocrx_word' id='word_1_765' title='bbox 3474 4784 3735 4876; x_wconf 71' lang='grc' dir='ltr'>κάλλιστος</span> 
     </span>
    </p>
   </div>
   <div class='ocr_carea' id='block_1_106' title="bbox 2119 4871 3738 4966">
    <p class='ocr_par' dir='ltr' id='par_1_106' title="bbox 2119 4871 3738 4966">
     <span class='ocr_line' id='line_1_106' title="bbox 2119 4871 3738 4966; baseline -0.001 -27"><span class='ocrx_word' id='word_1_766' title='bbox 2119 4871 2209 4958; x_wconf 68' lang='grc' dir='ltr'>ἦν,</span> <span class='ocrx_word' id='word_1_767' title='bbox 2271 4888 2357 4941; x_wconf 82' lang='grc' dir='ltr'>καὶ</span> <span class='ocrx_word' id='word_1_768' title='bbox 2414 4871 2642 4962; x_wconf 39' lang='grc' dir='ltr'>μεγέθει-</span> <span class='ocrx_word' id='word_1_769' title='bbox 2681 4892 2788 4942; x_wconf 83' lang='grc' dir='ltr'>τῶν</span> <span class='ocrx_word' id='word_1_770' title='bbox 2854 4871 3031 4941; x_wconf 77' lang='grc' dir='ltr'>ἄλλων</span> <span class='ocrx_word' id='word_1_771' title='bbox 3110 4884 3380 4964; x_wconf 85' lang='grc' dir='ltr'>μέγιστος,</span> <span class='ocrx_word' id='word_1_772' title='bbox 3455 4871 3738 4966; x_wconf 59' lang='grc' dir='ltr'>ἅιπσιττδλοξς</span> 
     </span>
    </p>
   </div>
   <div class='ocr_carea' id='block_1_107' title="bbox 2121 4972 3735 5054">
    <p class='ocr_par' dir='ltr' id='par_1_107' title="bbox 2121 4972 3735 5054">
     <span class='ocr_line' id='line_1_107' title="bbox 2121 4972 3735 5054; baseline 0.005 -23"><span class='ocrx_word' id='word_1_773' title='bbox 2121 4972 2332 5052; x_wconf 84' lang='grc' dir='ltr'>δαίμοσι</span> <span class='ocrx_word' id='word_1_774' title='bbox 2422 4972 2663 5053; x_wconf 79' lang='grc' dir='ltr'>διατριϐὴ</span> <span class='ocrx_word' id='word_1_775' title='bbox 2742 4974 3123 5054; x_wconf 82' lang='grc' dir='ltr'>πολυεραστος.</span> <span class='ocrx_word' id='word_1_776' title='bbox 3206 4977 3409 5052; x_wconf 80' lang='grc' dir='ltr'>Ὀρμῆς</span> <span class='ocrx_word' id='word_1_777' title='bbox 3485 4975 3735 5041; x_wconf 69' lang='grc' dir='ltr'>τοιγαρουν</span> 
     </span>
    </p>
   </div>
   <div class='ocr_carea' id='block_1_108' title="bbox 2122 5058 3734 5141">
    <p class='ocr_par' dir='ltr' id='par_1_108' title="bbox 2122 5058 3734 5141">
     <span class='ocr_line' id='line_1_108' title="bbox 2122 5058 3734 5141; baseline -0.003 -21"><span class='ocrx_word' id='word_1_778' title='bbox 2122 5063 2208 5120; x_wconf 80' lang='grc' dir='ltr'>ἐπί</span> <span class='ocrx_word' id='word_1_779' title='bbox 2255 5062 2438 5120; x_wconf 77' lang='grc' dir='ltr'>τοῦτον</span> <span class='ocrx_word' id='word_1_780' title='bbox 2498 5063 2740 5127; x_wconf 84' lang='grc' dir='ltr'>πλείονος</span> <span class='ocrx_word' id='word_1_781' title='bbox 2798 5066 2955 5123; x_wconf 75' lang='grc' dir='ltr'>αὖτὸν</span> <span class='ocrx_word' id='word_1_782' title='bbox 3013 5062 3377 5141; x_wconf 73' lang='grc' dir='ltr'>εἰσελθούσης,</span> <span class='ocrx_word' id='word_1_783' title='bbox 3435 5058 3517 5115; x_wconf 66' lang='grc' dir='ltr'>καὶ</span> <span class='ocrx_word' id='word_1_784' title='bbox 3558 5066 3734 5141; x_wconf 36' lang='lat' dir='ltr'>rem“</span> 
     </span>
    </p>
   </div>
   <div class='ocr_carea' id='block_1_109' title="bbox 2122 5139 3733 5233">
    <p class='ocr_par' dir='ltr' id='par_1_109' title="bbox 2122 5139 3733 5233">
     <span class='ocr_line' id='line_1_109' title="bbox 2122 5139 3733 5233; baseline 0 -24"><span class='ocrx_word' id='word_1_785' title='bbox 2122 5154 2353 5232; x_wconf 82' lang='grc' dir='ltr'>κώτερον</span> <span class='ocrx_word' id='word_1_786' title='bbox 2383 5153 2524 5228; x_wconf 75' lang='grc' dir='ltr'>αὒτῷ</span> <span class='ocrx_word' id='word_1_787' title='bbox 2554 5150 2823 5229; x_wconf 80' lang='grc' dir='ltr'>ἐμϐαλὼν,</span> <span class='ocrx_word' id='word_1_788' title='bbox 2884 5152 3044 5225; x_wconf 78' lang='grc' dir='ltr'>λέων,</span> <span class='ocrx_word' id='word_1_789' title='bbox 3106 5154 3134 5209; x_wconf 86' lang='grc' dir='ltr'>ὃ</span> <span class='ocrx_word' id='word_1_790' title='bbox 3190 5139 3514 5233; x_wconf 29' lang='grc' dir='ltr'>φασξ-μετὰ</span> <span class='ocrx_word' id='word_1_791' title='bbox 3556 5139 3733 5233; x_wconf 64' lang='grc' dir='ltr'>ξίεξουξι</span> 
     </span>
    </p>
   </div>
   <div class='ocr_carea' id='block_1_110' title="bbox 2123 5228 3733 5322">
    <p class='ocr_par' dir='ltr' id='par_1_110' title="bbox 2123 5228 3733 5322">
     <span class='ocr_line' id='line_1_110' title="bbox 2123 5228 3733 5322; baseline -0.017 -20"><span class='ocrx_word' id='word_1_792' title='bbox 2123 5246 2225 5322; x_wconf 75' lang='grc' dir='ltr'>οὔχ</span> <span class='ocrx_word' id='word_1_793' title='bbox 2286 5242 2430 5307; x_wconf 79' lang='grc' dir='ltr'>ὅσοις</span> <span class='ocrx_word' id='word_1_794' title='bbox 2486 5243 2862 5321; x_wconf 78' lang='grc' dir='ltr'>ὑπερανίστατο</span> <span class='ocrx_word' id='word_1_795' title='bbox 2918 5241 3158 5320; x_wconf 71' lang='grc' dir='ltr'>καθῇρει,</span> <span class='ocrx_word' id='word_1_796' title='bbox 3225 5241 3362 5298; x_wconf 78' lang='grc' dir='ltr'>ἀλλὰ</span> <span class='ocrx_word' id='word_1_797' title='bbox 3415 5235 3510 5295; x_wconf 69' lang='grc' dir='ltr'>καὶ</span> <span class='ocrx_word' id='word_1_798' title='bbox 3579 5228 3733 5322; x_wconf 45' lang='lat' dir='ltr'>ab.th</span> 
     </span>
    </p>
   </div>
   <div class='ocr_carea' id='block_1_111' title="bbox 2123 5313 3730 5419">
    <p class='ocr_par' dir='ltr' id='par_1_111' title="bbox 2123 5313 3730 5419">
     <span class='ocr_line' id='line_1_111' title="bbox 2123 5313 3730 5419; baseline -0.012 -32"><span class='ocrx_word' id='word_1_799' title='bbox 2123 5313 2378 5397; x_wconf 58' lang='grc' dir='ltr'>ἐξανὲσπα</span> <span class='ocrx_word' id='word_1_800' title='bbox 2407 5313 2699 5411; x_wconf 81' lang='grc' dir='ltr'>κρηπίδων,</span> <span class='ocrx_word' id='word_1_801' title='bbox 2762 5331 2856 5389; x_wconf 64' lang='grc' dir='ltr'>*ίνα</span> <span class='ocrx_word' id='word_1_802' title='bbox 2913 5313 3067 5406; x_wconf 66' lang='grc' dir='ltr'>μηδέ</span> <span class='ocrx_word' id='word_1_803' title='bbox 3107 5313 3294 5410; x_wconf 81' lang='grc' dir='ltr'>μικρόν</span> <span class='ocrx_word' id='word_1_804' title='bbox 3343 5352 3391 5388; x_wconf 88' lang='grc' dir='ltr'>τι</span> <span class='ocrx_word' id='word_1_805' title='bbox 3422 5328 3518 5391; x_wconf 81' lang='grc' dir='ltr'>τῆς</span> <span class='ocrx_word' id='word_1_806' title='bbox 3546 5313 3730 5419; x_wconf 51' lang='grc' dir='ltr'>πλάνέλς</span> 
     </span>
    </p>
   </div>
   <div class='ocr_carea' id='block_1_112' title="bbox 2123 5406 3728 5502">
    <p class='ocr_par' dir='ltr' id='par_1_112' title="bbox 2123 5406 3728 5502">
     <span class='ocr_line' id='line_1_112' title="bbox 2123 5406 3728 5502; baseline -0.021 -10"><span class='ocrx_word' id='word_1_807' title='bbox 2123 5423 2386 5501; x_wconf 76' lang='grc' dir='ltr'>ζώπυρον,</span> <span class='ocrx_word' id='word_1_808' title='bbox 2445 5406 2581 5497; x_wconf 51' lang='grc' dir='ltr'>μῆδέ</span> <span class='ocrx_word' id='word_1_809' title='bbox 2641 5422 2752 5501; x_wconf 75' lang='grc' dir='ltr'>ῥίζα</span> <span class='ocrx_word' id='word_1_810' title='bbox 2807 5423 3121 5502; x_wconf 63' lang='grc' dir='ltr'>ὑπολειφθῇ,</span> <span class='ocrx_word' id='word_1_811' title='bbox 3194 5406 3453 5496; x_wconf 74' lang='grc' dir='ltr'>δοναμένῆ</span> <span class='ocrx_word' id='word_1_812' title='bbox 3518 5406 3599 5467; x_wconf 80' lang='grc' dir='ltr'>καὶ</span> <span class='ocrx_word' id='word_1_813' title='bbox 3663 5406 3728 5453; x_wconf 73' lang='grc' dir='ltr'>ἔτι</span> 
     </span>
    </p>
   </div>
  </div>
