3992 6134
235 315 344 384 337

1582 318 1769 384 VITA
1815 319 1875 383 S.
1922 317 2258 385 NICOLAI.

3495 321 3616 397 33.8

235 452 350 515 τοὺς
398 451 601 531 ἄφρονας
658 451 819 529 πρὶς
902 452 1096 520 ταύτην
1151 450 1505 532 παρακαλεῖν,
1567 452 1656 509 καὶ
1725 472 1880 511 συνε-

1992 469 2185 517 erram
2218 448 2570 513 eminebant
2597 456 2660 512 et
2706 467 2778 515 ea
2803 448 2973 513 humi
3020 448 3261 532 dejecit,
3295 451 3404 517 sed
3435 454 3617 516 etiam

237 541 394 598 λόντα
451 542 616 621 enimat,
644 540 724 596 τὰ
791 542 903 616 μὲν
932 544 1005 606 είς
1053 542 1178 621 ἀέρα
1235 542 1473 622 μετέωρα
1518 551 1608 602 τοῦ
1638 543 1762 598 ναοῦ
1811 546 1889 615 τῷ

236 630 409 708 ἐδάφει
477 640 729 709 παρεῖχε,
789 632 862 687 τὰ
941 631 995 687 δὲ
1063 633 1211 688 κάτω
1274 632 1375 687 ὑπὸ
1440 631 1543 708 γῆν
1611 632 1682 695 εἷς
1760 630 1886 710 ἀέρα

236 720 443 794 ἑλίκμα.
502 719 564 776 Oi
623 741 683 795 γε
727 722 847 793 μὴν
917 723 1134 800 πονηροὶ
1184 720 1446 796 δαίμονες,
1484 720 1661 799 ὣσπερ
1718 720 1884 799 βίαιόν

1972 547 2151 601 totum
2215 539 2505 603 convulsit
2575 539 2647 602 ab
2722 538 2870 621 ipsis
2926 536 3352 622 fundamentis,
3416 554 3477 606 et
3544 544 3619 607 ad

1968 642 2251 686 summam
2284 628 2477 701 templi
2506 627 2740 701 quidem
2762 645 2828 687 ea
2849 643 2977 700 qua:
3005 637 3168 689 erant
3195 629 3256 688 in
3276 645 3409 688 aere
3438 632 3620 691 subli-

1970 719 2085 779 mia
2107 719 2273 779 humi
2304 717 2525 798 d'ejecit
2549 740 2563 782 :
2601 736 2733 799 quae
2753 725 2950 781 autem
2975 730 3144 781 erant
3163 718 3274 781 sub
3298 727 3460 783 terra
3478 740 3620 801 pro-

232 832 279 865 τι
338 813 428 866 καὶ
497 813 806 888 τυραννικὸν
869 815 1233 892 ὑφιστάμενοι,
1292 809 1496 867 δυνατοὶ
1570 811 1664 886 μὲν
1737 809 1884 867 ἀνθί-

1997 808 2099 869 icit
2117 808 2176 868 in
2199 826 2422 871 aerem.
2453 807 2588 870 Mali
2611 825 2751 869 vero
2778 806 3081 870 daemones
3104 826 3178 870 ne
3200 809 3618 873 advenientem

237 905 451 958 στασθαι
521 903 610 957 καὶ
679 900 1004 975 προσμένειν
1063 899 1304 975 οὗόαμῶς
1376 901 1534 981 ἦσαν,
1603 900 1885 979 φεύγοντες

241 988 289 1045 δὲ
345 991 494 1064 ὅμως
550 992 727 1070 φωνᾶς
781 992 1027 1068 σὲρίεσαν,
1064 992 1150 1049 καὶ
1208 988 1501 1048 ἀδικεῖσθαι
1557 993 1685 1069 πρὸς
1730 990 1888 1055 αὖτοῡ

242 1084 302 1137 τα
366 1079 598 1161 ἔσχατα,
644 1083 728 1136 καὶ
797 1080 906 1136 τῶν
978 1081 1181 1137 οἰκείων
1253 1079 1633 1137 ἀπελαυνεσθαι
1696 1078 1887 1134 διετεί-

246 1193 405 1229 vosto.
472 1172 569 1228 Καὶ
631 1169 770 1226 οὕτω
828 1170 928 1244 μὲν
982 1177 1143 1227 ταῦτα
1203 1177 1279 1243 τῷ
1336 1171 1471 1246 ἁγίῳ
1512 1169 1737 1249 ἐχώρει,
1799 1169 1885 1224 καὶ

249 1261 397 1338 πέρας
460 1264 604 1332 αὖτῷ
676 1262 919 1339 χρηστὸν
972 1261 1007 1327 ἡ
1087 1261 1223 1316 κατὰ
1281 1258 1543 1333 δαιμόνων
1622 1254 1885 1333 ἐλάμϐανε

254 1351 535 1428 στρατηγία
613 1349 778 1406 Ἀδιλά
831 1351 1130 1422 μνησθῆναι
1189 1347 1350 1406 πάλιν
1394 1351 1421 1404 ὃ
1464 1347 1624 1426 λόγος
1651 1350 1739 1404 καὶ
1784 1354 1886 1403 τῶν

254 1440 416 1495 ἄλλων
463 1439 741 1515 βούλεται,
798 1440 885 1495 καὶ
943 1440 1019 1514 μὴ
1049 1438 1188 1515 λήθῃ
1247 1435 1564 1518 παραδοῦναι
1616 1438 1683 1496 τὰ
1724 1436 1886 1516 λόγου

255 1532 331 1584 καὶ
358 1531 578 1605 μνήμης
614 1528 755 1594 ἄξια.

329 1707 447 1782 ιςη.
508 1705 904 1766 Κωνσταντίνου
948 1713 1037 1763 τοῦ
1081 1707 1288 1784 πρώτου
1317 1704 1579 1782 βασιλέων
1630 1703 1888 1783 πρεσϐεύ-

1972 897 2212 978 quidem
2237 906 2505 960 sanctum
2534 897 2655 959 ullo
2678 896 2852 959 modo
2877 905 3149 977 poterant
3168 899 3490 975 sustinere,
3513 901 3621 964 sed

1974 985 2150 1047 etiam
2172 1005 2352 1049 voces
2375 986 3051 1064 emittebantfugientes,
3077 996 3137 1049 et
3154 987 3527 1052 affirmabant
3555 1007 3623 1052 se

1973 1074 2046 1136 ab
2069 1074 2197 1156 ipso
2222 1094 2432 1154 magna
2457 1075 2615 1138 affici
2639 1074 2879 1154 injuria,
2901 1083 2958 1137 et
2990 1076 3205 1138 invitos
3234 1096 3266 1139 a
3287 1077 3470 1140 rebus
3494 1078 3619 1140 suis

1972 1165 2286 1227 excedere.
2319 1164 2388 1227 Et
2418 1164 2544 1227 haac
2566 1163 2807 1244 quidem
2834 1163 3054 1229 Sancto
3079 1166 3165 1227 sic
3188 1167 3615 1246 procedebant;

1971 1265 2029 1316 et
2047 1253 2268 1316 bonum
2286 1253 2506 1317 exitum
2532 1263 2903 1316 estassecuta
2928 1272 3058 1333 quae
3079 1255 3152 1317 ab
3179 1258 3308 1337 ipso
3332 1257 3619 1320 adversus

1969 1343 2278 1405 daemones
2307 1352 2586 1424 suscepta
2611 1342 2805 1406 fuerat
2834 1343 3133 1424 expeditio
3170 1366 3183 1407 :
3230 1345 3336 1417 sed
3365 1345 3615 1408 aliarum

1972 1434 2102 1513 ejus
2132 1451 2330 1495 rerum
2376 1432 2499 1494 vult
2527 1451 2742 1497 rursus
2776 1434 3125 1496 meminisse
3168 1435 3378 1509 oratio,
3411 1444 3468 1496 et
3499 1453 3620 1498 non

1974 1521 2258 1584 mandare
2289 1522 2576 1585 oblivioni
2606 1540 2677 1585 ea
2705 1541 2841 1600 quae
2872 1521 3049 1603 digna
3080 1531 3218 1585 sunt
3245 1542 3376 1604 quae
3409 1523 3619 1586 dican-

1976 1622 2070 1675 tur
2098 1620 2157 1672 et
2191 1612 2548 1674 mandentur
2576 1612 2905 1674 memorias.

2054 1702 2209 1766 XVI.
2248 1700 2392 1767 Cum
2425 1704 2586 1767 enim
2631 1702 3081 1785 Constantinus,
3115 1705 3217 1786 qui
3245 1706 3471 1786 primus
3499 1706 3619 1767 im-

262 1820 427 1864 σαντος
482 1799 588 1864 τὴν
663 1793 930 1853 εὗσέϐειαν
984 1797 1049 1853 τὰ
1112 1790 1388 1871 Ῥωμαίων
1449 1793 1553 1862 ἤδη
1621 1793 1891 1858 διέποντος

1992 1801 2214 1869 ῃειτιιοι·
2232 1793 2410 1875 elegit
2431 1811 2566 1856 esse
2580 1793 2731 1873 pius,
2752 1792 3196 1857 administraret
3217 1796 3618 1859 Romanorum

270 1890 514 1963 σκῆπτρα,
579 1887 671 1942 καὶ
727 1886 914 1942 τούτου
971 1883 1034 1952 δὴ
1084 1895 1174 1944 τοῦ
1217 1883 1452 1963 μεγάλου
1490 1884 1784 1966 ἀρχιερέως
1831 1886 1894 1940 τὸ

389 1978 551 2035 αὒτὸν
610 1974 812 2042 πλῆθος
844 1977 976 2053 πρὸς
1007 1974 1273 2050 ἀνάληψιν
1320 1981 1424 2030 τῶν
1455 1976 1620 2053 ὀρθῶν
1668 1974 1896 2030 ἀσκοῦν-

285 2086 350 2127 15c
386 2064 697 2141 δογμάτων,
760 2066 847 2120 καὶ
889 2070 995 2120 πᾶν
1032 2062 1085 2120 εἴ
1126 2087 1179 2121 τι
1240 2064 1464 2143 ἔκφυλον
1507 2064 1572 2131 ἦν
1613 2063 1668 2119 ἐν
1712 2066 1896 2128 αὐτοῖς

276 2158 337 2210 ui
395 2157 574 2225 νόθον,
647 2154 809 2231 ῥίζαις
881 2152 1069 2218 αὖτατς
1158 2154 1535 2234 ἀναιροῦντος,
1608 2154 1896 2231 ἀθροίζεται

264 2244 345 2317 μὲν
400 2244 543 2300 κατά
596 2244 819 2301 Νίκαιαν
867 2243 931 2298 τὸ
988 2240 1279 2317 ὀρθόδοξον,
1327 2242 1408 2323 ἐφ’
1466 2247 1511 2318 ᾧ
1567 2244 1656 2299 τὸν
1709 2238 1899 2309 εὐσεϐῆ

262 2335 347 2405 μὲν
400 2337 498 2402 τῆς
561 2332 791 2395 πίστεως
850 2329 970 2407 ὅρον
1022 2330 1388 2412 διακρατῦναι,
1435 2333 1535 2400 τὴν
1588 2331 1792 2409 Ἀρείου
1849 2329 1902 2386 δὲ

256 2422 573 2502 βλάσφημον
632 2421 863 2501 αἵρεσιν,
922 2420 1162 2500 ἀειφυγίᾳ
1216 2419 1585 2496 καταδικάσαι,
1631 2421 1718 2478 καὶ
1766 2424 1902 2489 01i-

255 2535 334 2569 σαι
408 2513 510 2569 μὲν
583 2510 984 2584 κυμαινομένην
1054 2511 1152 2577 τὴν
1224 2509 1569 2586 Ἐκκλησὶαν,
1646 2511 1905 2586 ὁμότιμον

253 2604 338 2657 τὸν
391 2603 512 2656 Υἶὸν
574 2606 651 2655 τῶ
711 2600 873 2677 Πατρὶ
942 2596 1378 2677 δογματίσαντες,
1409 2601 1482 2665 εἰς
1534 2599 1591 2655 ἓν
1623 2598 1677 2656 δὲ
1724 2599 1900 2679 ἀμφό-

251 2714 374 2769 τερα
434 2689 671 2764 συνάψαι
701 2689 768 2744 τὰ
815 2687 975 2764 μέρη,
1036 2690 1204 2767 Μέρος
1253 2689 1342 2745 οὖν
1395 2690 1482 2746 καὶ
1534 2691 1562 2745 ὁ
1608 2691 1907 2764 θαυμαστὸς

252 2783 400 2841 οὗτος
451 2778 769 2858 ἀρχειερεῦς
821 2778 914 2844 τῆς
946 2780 1085 2854 ἱερᾶς
1138 2775 1353 2834 συνόδου
1395 2778 1703 2856 γενόμενος,
1738 2780 1910 2853 στόμα

248 2873 538 2948 πυρίπνουν
588 2874 668 2940 τῷ
718 2867 827 2923 ὄντι
887 2868 1021 2922 κατὰ
1064 2866 1268 2945 Ἀρείου
1319 2867 1518 2944 γίνεται
1578 2868 1666 2923 καὶ
1736 2867 1902 2947 φθέγ-

251 2980 392 3032 ματα
453 2954 663 3019 κοιλίας
720 2953 950 3034 μᾶλλον,
983 2957 1076 3012 οὒκ
1124 2953 1395 3035 ἀληθείας,
1426 2956 1492 3011 τὰ
1540 2954 1738 3012 ἐκείνου
1795 2954 1906 3010 δεί-

250 3070 398 3103 κγδαι
458 3045 726 3123 δόγματα,
772 3046 860 3101 καὶ
918 3054 1009 3103 τοῦ
1065 3050 1169 3100 τῶν
1221 3049 1399 3101 κακῶν
1443 3045 1681 3121 σπορέως
1734 3044 1910 3124 ἀτεχ-

1983 1882 2322 1963 imperium,
2342 1890 2400 1945 et
2427 1882 2526 1946 hic
2558 1901 2805 1962 magnus
2830 1883 3093 1965 pontifex
3122 1902 3290 1946 suam
3316 1892 3624 1949 exerceret

1984 1971 2217 2051 plebem
2251 1972 2321 2033 ad
2345 1983 2510 2035 recta
2531 1974 2918 2053 suscipienda
2945 1974 3306 2055 dogmata,et
3325 1975 3372 2038 si
3394 1974 3534 2055 quid
3556 1975 3618 2036 in

1983 2061 2069 2122 eis
2102 2068 2226 2124 erat
2257 2061 2521 2126 alienum
2555 2071 2614 2124 et
2643 2063 3070 2145 adulterinum,
3092 2064 3152 2126 id
3184 2074 3367 2127 totum
3398 2065 3619 2128 radici-

1983 2157 2073 2207 tus
2096 2150 2473 2210 exscinderet.
2496 2151 2683 2210 Niceae
2710 2153 2941 2224 quidem
2974 2168 3173 2212 omnes
3202 2162 3624 2227 congregantur

1985 2240 2326 2315 orthodoxi,
2358 2246 2423 2304 ut
2471 2240 2631 2321 pium
2663 2242 2801 2303 fidei
2830 2242 3135 2306 decretum
3167 2247 3621 2322 constituerent,

1986 2329 2112 2393 Arii
2168 2337 2364 2392 autem
2413 2330 2656 2411 impiam
2690 2331 2895 2412 procul
2938 2332 3305 2412 expellerent
3346 2334 3623 2416 blasphe-

1992 2419 2193 2495 miam,
2232 2429 2289 2480 et
2323 2418 2720 2483 conciliarent
2764 2438 2970 2502 pacem
3005 2421 3295 2484 universae
3322 2422 3623 2503 Ecclesiae,

1989 2507 2369 2571 decernendo
2401 2508 2611 2572 Filium
2636 2527 2770 2572 esse
2794 2511 2952 2574 Patri
2975 2511 3201 2574 honore
3232 2512 3542 2593 aequalem,
3569 2521 3630 2576 et

1991 2596 2195 2661 ambas
2220 2608 2419 2680 partes
2449 2599 2871 2680 conjungendo
2915 2601 2977 2662 in
3008 2620 3213 2662 unum.
3247 2601 3341 2665 Fit
3369 2620 3508 2681 ergo
3536 2603 3637 2665 hic

1993 2707 2232 2769 quoque
2254 2687 2625 2752 admirabilis
2657 2688 2941 2753 Nicolaus
2964 2708 3103 2771 pars
3128 2708 3313 2753 sacrae
3342 2691 3641 2774 synodi,et

1995 2787 2236 2843 strenue
2257 2781 2481 2844 resistit
2507 2782 2677 2860 nugis
2702 2781 2829 2844 Arii
2855 2800 2989 2846 cum
3025 2782 3224 2844 omnia
3246 2783 3635 2859 dissolvisset,

1990 2879 2048 2931 et
2071 2879 2411 2932 accuratam
2436 2871 2576 2934 fidei
2600 2872 2865 2951 regulam
2890 2871 3169 2934 omnibus
3190 2872 3645 2947 tradidisset,il-

1991 2959 2111 3022 linc
2134 2959 2362 3022 recedit
2383 2967 2443 3020 et
2463 2961 2535 3021 ad
2566 2978 2739 3022 suum
2764 2977 3004 3040 gregem
3039 2961 3378 3038 revertitur,
3411 2962 3638 3025 adhor-

1996 3054 2128 3109 tans
2158 3066 2365 3109 omnes
2395 3054 2451 3109 et
2477 3048 2787 3111 adducens
2814 3050 2887 3111 ad
2925 3049 3195 3111 virtutem
3234 3068 3248 3112 :
3299 3060 3356 3112 et
3387 3058 3643 3113 tractans

255 3136 375 3197 νὼς
406 3136 715 3208 σπέρματα,
751 3135 784 3192 ἂ
827 3136 900 3197 ὡς
935 3134 1178 3213 ἀράχνης
1220 3135 1437 3207 νήματα
1489 3133 1647 3197 λύσας
1697 3131 1895 3212 ῥᾳδίως,

1998 3136 2331 3198 doctrinam
2383 3137 2582 3200 acrius
2614 3144 2673 3199 et
2699 3138 3042 3200 ferventius.
3078 3139 3223 3202 Cum
3272 3148 3493 3215 autem,
3527 3139 3643 3202 ali-

250 3229 336 3283 καὶ
396 3225 600 3282 κανόνα
648 3230 778 3280 πᾶσι
839 3224 935 3290 τῆς
994 3224 1149 3302 ὀρθῆς
1208 3223 1435 3287 πίστεως
1488 3221 1686 3293 ἀκριϐῆ
1734 3243 1895 3299 παρα-

1997 3225 2236 3302 quando
2268 3226 2455 3289 fames
2502 3228 2817 3289 invasisset
2844 3226 3098 3309 Lyciam,
3133 3228 3413 3291 alimento
3465 3230 3643 3292 etiam

253 3316 395 3395 δοὺς,
455 3314 673 3371 ἐπεῖθέιο
730 3335 789 3369 τε
834 3313 1175 3391 ἀναζεύγνυσι
1223 3313 1311 3369 καὶ
1364 3315 1493 3390 πρὸς
1561 3312 1660 3378 τὴν
1719 3312 1912 3368 οἰκείαν

256 3405 492 3461 ἐπάνεισι
555 3403 812 3478 ποίμνην,
877 3403 1156 3461 Καὶτοῦτο
1217 3400 1271 3458 δὲ
1300 3408 1413 3462 πῶς
1466 3402 1527 3457 ἄν
1557 3423 1637 3463 τις
1682 3403 1915 3463 εὒπετῶς

255 3493 633 3573 παραδράμοι,
696 3493 954 3574 φιλοθέων
1016 3490 1184 3555 ὅντως
1263 3490 1614 3570 διηγημάτων
1688 3490 1915 3567 ἐραστὴς

256 3584 379 3655 «Bo;
445 3583 622 3656 Λιμός
682 3603 813 3638 ποτε
862 3581 960 3648 τὴν
1014 3581 1205 3637 Λυκίαν
1250 3592 1471 3659 συνεῖχε
1515 3576 1704 3641 δεινός⁶
1754 3577 1916 3634 ἐσπά-

258 3680 360 3742 νιζε
406 3670 466 3727 δὲ
510 3673 599 3727 καὶ
641 3671 678 3738 ἠ
723 3670 941 3749 Μυρέων
985 3666 1183 3749 τροφῆς
1229 3670 1317 3725 καὶ
1375 3681 1492 3731 τοῖς
1539 3666 1680 3731 ἵσοις
1724 3680 1917 3730 κακοῖς

262 3762 501 3833 ἒπιέζξτο
562 3759 856 3837 Ἐμπορίαν
913 3759 1036 3836 γοῦν
1109 3781 1209 3814 τινι
1270 3758 1375 3814 τῶν
1448 3763 1708 3813 ναυτικῶν
1775 3757 1919 3816 σίτου

262 3849 615 3925 πεποιημένῳ
684 3848 952 3927 ἐπιφανεὶς
1024 3849 1210 3911 νυκτὸς
1283 3849 1312 3903 ὁ
1384 3845 1554 3923 μέγας
1631 3846 1916 3920 Νικόλαος,

262 3941 356 3997 καί
417 3952 569 4017 τρεῖς
646 3942 788 4011 αξιτῷ
843 3939 974 4015 πρὸς
1044 3934 1317 4015 ἆῤῥαϐὦνα
1374 3942 1601 4015 χρυσοῦς
1658 3940 1718 3995 οὒ
1786 3937 1922 3992 κατά

263 4031 547 4109 ρὶντααμα
617 4026 760 4100 δοὺς,
822 4026 960 4083 ἀλλά
1019 4026 1257 4104 καθαρῶς
1312 4028 1442 4103 πρὸς
1515 4025 1790 4098 ἀλήθειαν,
1847 4026 1919 4089 εἷς

260 4121 357 4185 τὴν
419 4118 639 4197 Μυρέων
701 4123 923 4195 κατᾶραι
969 4119 1057 4173 καὶ
1110 4113 1395 4171 ἀποδόσθαι
1443 4115 1534 4171 τὸν
1590 4128 1741 4171 σῖτον
1799 4128 1919 4176 τοῖς

262 4208 379 4263 ἐκεῖ
436 4206 787 4274 ἐπισκήπτει.
853 4206 1199 4268 Διυπνυσθεὶς
1244 4205 1413 4259 τοίνυν
1464 4206 1491 4260 ὁ
1543 4202 1799 4283 ἔμπορος,
1831 4207 1922 4262 καὶ

259 4301 357 4361 τήν
415 4294 589 4360 δεξιὰν
658 4296 820 4371 εὑρὼν
879 4292 1359 4372 συμφθεγγομένην
1416 4299 1484 4369 τῇ
1554 4291 1799 4365 ἀληθείᾳ,
1856 4295 1916 4351 τὸ

1999 3334 2149 3396 opus
2180 3315 2436 3379 habebat
2465 3315 2671 3377 civitas
2701 3318 3088 3398 Myrensium,
3126 3326 3184 3379 et
3214 3319 3423 3381 iisdem
3475 3318 3646 3381 malis

2000 3402 2326 3466 laborabat.
2363 3404 2608 3468 Cnidam
2623 3405 2827 3487 itaque
2846 3415 3039 3469 nautae
3059 3406 3456 3488 quifrumenti
3480 3409 3647 3471 fece—

2002 3502 2092 3555 rat
2118 3501 2543 3575 mercaturam,
2569 3505 2754 3558 noctu
2787 3513 3037 3574 magnus
3064 3504 3316 3576 apparet
3342 3496 3644 3570 Nicolaus,

2001 3589 2059 3643 et
2089 3581 2142 3642 ei
2172 3582 2361 3644 tribus
2384 3582 2536 3646 datis
2559 3602 2662 3664 pro
2684 3583 2861 3645 arrha
2882 3585 3104 3657 aureis,
3125 3583 3301 3663 jubet
3329 3602 3463 3645 eum
3502 3602 3645 3664 pro-

2000 3668 2186 3732 ficisci
2208 3671 2268 3731 in
2304 3671 2601 3734 civitatem
2626 3671 3008 3753 Myrensium,
3034 3681 3093 3734 et
3125 3671 3197 3732 iis
3227 3674 3328 3749 qui
3361 3680 3501 3734 sunt
3528 3672 3651 3734 illic

2000 3759 2261 3821 vendere
2294 3760 2682 3823 frumentum.
2732 3759 3031 3823 Excitatus
3076 3759 3275 3838 itaque
3330 3770 3648 3842 mercator,

2004 3847 2200 3910 aureis
2224 3849 2283 3911 in
2309 3867 2481 3911 manu
2508 3848 2790 3925 inventis,
2812 3868 2947 3911 cum
2975 3849 3262 3911 visionem
3298 3858 3496 3912 mente
3521 3850 3652 3928 agi-

2008 3945 2206 4010 tasset,
2232 3942 2293 4001 et
2321 3937 2479 4019 quod
2512 3938 2733 4001 factum
2760 3936 2954 3998 fuerat
2987 3936 3512 4012 essetadmiratns,
3547 3954 3652 4000 ve-

2007 4027 2093 4086 nit
2125 4028 2306 4107 Myra.
2334 4026 2402 4089 Et
2431 4027 2533 4089 ille
2568 4026 2809 4108 quidem
2836 4025 3039 4090 vendit
3068 4027 3427 4088 frumentum
3461 4028 3518 4089 in
3564 4028 3655 4089 ci-

2004 4117 2177 4178 vitate
2214 4136 2228 4179 :
2262 4117 2361 4198 qui
2391 4134 2532 4179 vero
2563 4117 2623 4178 in
2656 4135 2727 4178 ea
2760 4124 2953 4196 erant,
2986 4117 3222 4178 invento
3255 4134 3326 4177 eo
3358 4115 3528 4178 famis
3560 4134 3655 4177 so-

2001 4204 2170 4282 latio,
2204 4205 2415 4269 id'Deo
2449 4215 2506 4268 et
2537 4224 2747 4285 magno
2778 4203 3044 4281 Nicolao,
3082 4206 3237 4267 sicut
3268 4205 3442 4266 etiam
3475 4204 3659 4266 multa

2001 4294 2138 4370 alia,
2168 4294 2574 4358 ascribebant.

258 4384 479 4464 γεγονός
530 4405 589 4439 τε
649 4383 735 4439 διὰ
791 4385 1058 4458 θαύματος
1113 4383 1375 4456 ἐποιεῖτο,
1422 4383 1525 4464 καὶ.
1568 4383 1641 4445 ὡς
1695 4382 1825 4461 εἶχε
1884 4384 2085 4464 τάχους
2146 4386 2271 4461 πρὸς
2330 4387 2396 4442 τὰ
2458 4385 2605 4464 Μύρα
2665 4387 2954 4463 κατήγετο.
3024 4385 3162 4443 Εἶτα
3208 4385 3304 4442 καῖ
3357 4386 3444 4441 τὸν
3504 4397 3654 4442 σῖτον

258 4455 534 4543 αἰχ-πόλει
608 4471 977 4546 διιποτλήαας,
1037 4473 1209 4545 ἑαντῷ
1263 4471 1361 4545 μέν
1419 4455 1659 4551 κέρδους,
1719 4475 1946 4535 ἒκείνοες
2002 4471 2056 4529 δὲ
2110 4474 2251 4545 ζωῆς
2319 4474 2606 4532 καθίστατο
2667 4473 2943 4555 πρόξενος.
3006 4472 3136 4532 Οὒδὲ
3193 4477 3346 4531 τοῦτο
3417 4470 3656 4549 παριδεῖν

262 4565 395 4629 ΞΞιον
436 4565 527 4620 καὶ
554 4562 634 4638 μὴ
666 4560 842 4619 δοῦναι
875 4562 1075 4641 γραφῇ,
1114 4563 1156 4616 εἰ
1189 4559 1288 4617 καὶ
1319 4557 1702 4637 περιᾳδόμενόν
1735 4563 1849 4616 ἒετι
1892 4568 2026 4618 πᾶαι
2063 4565 2150 4619 καὶ
2180 4561 2652 4638 καθωμιλημὲνον.
2832 4632 2839 4635 γ

345 4651 443 4710 ιζ’.
508 4651 705 4715 Στάσις
777 4652 877 4707 δπὸ
950 4651 1055 4706 τῶν
1127 4646 1409 4729 Τανράλων
1484 4649 1625 4705 κατὰ
1694 4649 1895 4727 Φρυγία

2087 4650 2263 4714 XVII.
2315 4651 2543 4714 Deinde
2574 4650 2786 4714 seditio
2841 4670 2876 4712 a
2907 4650 3210 4732 Taiphalis
3246 4650 3325 4731 (3)
3373 4649 3565 4712 oritur
3594 4649 3656 4711 in

266 4743 553 4799 ἀνάπτεται
614 4741 712 4806 τὴν
768 4738 1037 4816 μεγάλην·
1099 4737 1159 4793 οὗ
1221 4737 1522 4811 πυθόμενος
1580 4739 1606 4793 ὃ
1676 4736 1923 4813 βασιλεὺς

270 4842 694 4903 Κωναταντϊνος,
758 4830 846 4883 καὶ
905 4827 1062 4894 κοινῆ
1120 4829 1236 4905 περὶ
1309 4827 1494 4882 τούτου
1552 4823 1921 4902 διασκεψάμε-

266 4943 380 4991 νος,
412 4931 561 4997 τρεῖς
604 4924 709 4975 τῶν
761 4915 1038 4996 ἀρχόντων
1070 4915 1182 4990 ἅμα
1237 4926 1355 4976 τοῖς
1386 4911 1476 4970 ὑπ’
1536 4914 1721 4978 αὖτοὺς
1768 4935 1925 4991 στρα-

265 5010 482 5070 τιώταις
546 5008 913 5084 (Νεποιτιανὸς
970 5007 1038 5072 ἦν
1080 5006 1167 5060 καὶ
1228 5004 1425 5079 Οὗρσος
1481 5003 1567 5059 καὶ
1628 5000 1921 5075 Ἐρτιυλίων

264 5098 450 5160 αὖτοϊς
511 5097 574 5151 τὰ
645 5094 930 5168 ὀνόματα),
990 5098 1305 5148 κατευνᾶσαι
1364 5093 1429 5148 τὰ
1487 5091 1777 5170 πράγματα
1838 5094 1923 5148 καὶ

262 5209 393 5263 προς
467 5184 709 5250 εὖταξίαν
773 5194 1104 5260 μεταγαγεῖν
1179 5182 1252 5245 εἰς
1322 5180 1550 5259 Φρυγίαν
1633 5181 1922 5257 ὶκπέμπει,

2012 4758 2219 4818 magna
2270 4739 2541 4822 Phrygia.
2601 4740 2771 4815 Quod
2831 4758 2964 4802 cum
3011 4740 3276 4801 audisset
3330 4739 3656 4818 imperator

2009 4828 2450 4911 Constantinus,
2488 4838 2548 4891 et
2590 4829 2666 4892 de
2697 4848 2765 4891 eo
2798 4831 3197 4890 communiter
3243 4826 3653 4901 deliberasset,

2009 4927 2128 4980 tres
2149 4919 2323 4981 simul
2354 4919 2408 4980 ei
2431 4918 2735 4998 subjectos
2758 4918 2941 4981 duces
2974 4916 3289 4989 exercitus,
3310 4934 3513 4976 eorum
3544 4933 3653 4975 au-

2009 5017 2125 5070 tem
2161 5007 2405 5070 nomina
2437 5015 2606 5069 erant
2633 5005 3000 5087 Nepotianus
3030 5013 3088 5066 et
3110 5001 3297 5067 Ursus
3336 5011 3393 5063 et
3423 4999 3652 5080 llerpy-

2008 5099 2152 5177 lion,
2188 5097 2258 5158 ad
2310 5115 2407 5156 res
2457 5093 2751 5156 sedandas
2800 5101 2857 5154 et
2917 5090 3360 5172 componendas
3392 5088 3567 5150 mittit
3593 5090 3653 5150 in

2015 5186 2351 5266 Phrygiam.
2422 5183 2512 5247 liti
2571 5199 2708 5244 vero
2766 5200 2977 5261 magna
3046 5179 3350 5242 celeritate
3408 5177 3654 5258 profecti

268 5280 326 5335 Οἱ
390 5274 472 5355 δὲ,
503 5277 596 5330 ὠν
654 5272 844 5346 πολλῷ
875 5274 1035 5350 τάχει
1086 5271 1184 5339 τῆς
1234 5270 1625 5327 Κωνσταντίνου
1679 5270 1894 5351 ἀφορμη

2012 5272 2525 5354 Constantinopoli
2573 5269 2931 5352 appulerunt
2973 5272 3032 5333 in
3063 5268 3376 5350 quemdam
3423 5274 3654 5348 portum

262 5367 457 5429 θέντες.
520 5363 574 5420 ἕν
645 5386 748 5419 τινι
807 5360 1007 5434 λιμένι,
1072 5358 1130 5415 οὗ
1190 5357 1505 5437 Ἀνδριάκης
1580 5360 1641 5415 τὸ
1700 5358 1895 5416 ὲπίνειο

2014 5363 2360 5435 Myrensium
2390 5362 2698 5433 provinciae
2730 5360 2953 5434 Lysim;
2985 5359 3289 5416 vocabatur
3320 5367 3506 5415 autem
3539 5359 3654 5412 An-

264 5455 539 5525 ἕκαλεῖτο,
602 5456 694 5521 τῆς
749 5451 957 5511 Λυκίων
1001 5449 1352 5528 κατήχθησαν
1409 5448 1698 5527 ἐπαρχίας.
1764 5447 1895 5505 Πλεῖ

2011 5455 2233 5513 driaces
2277 5453 2506 5513 Navale.
2550 5452 2690 5515 Cum
2733 5466 2867 5511 vero
2894 5466 3010 5510 non
3042 5447 3353 5507 concedere
3384 5447 3466 5504 eis
3497 5460 3650 5508 mare

348 5659 429 5740 t3)
454 5658 720 5725 Joannes
752 5654 1054 5719 Diaconus
1085 5652 1240 5736 apud
1273 5653 1485 5716 Baron.
1519 5669 1658 5717 ann.
1695 5649 1836 5715 3‘26.
