4006 6146
96 420 107 703 ξ

94 720 103 893 Ι

92 910 103 1053 ξ

92 1848 103 2119 ἓ

92 2168 103 2291 4

479 377 595 448 339
1778 379 2059 445 MENSIS
2108 378 2532 445 DECEMBER.
3733 334 3847 453 34o

479 528 546 583 ut
564 519 932 601 navigarent,
962 517 1130 613 brevi
1159 524 1429 600 tempore
1451 517 1511 580 in
1545 522 1715 601 portu
1749 526 2121 602 manserunt,

2218 524 2371 579 τοίνυν
2434 524 2614 583 αὐτοῖς
2672 523 2731 581 οὗ
2789 523 3121 605 παρέχοντος
3192 533 3284 584 τοῦ
3341 526 3629 610 πελάγους,
3674 532 3846 613 βραχὺ

481 618 540 673 et
583 610 813 672 interea
864 607 1103 688 quidam
1158 626 1231 670 ex
1288 625 1496 670 eorum
1562 607 1847 672 militibus
1903 628 1936 671 e
1992 609 2125 670 navi

481 707 727 775 exeunt,
754 717 822 760 ea
850 697 1248 779 comparaturi
1280 716 1409 779 qum
1426 698 1695 761 eranteis
1713 698 1784 777 ad
1809 717 1980 760 usum
2014 718 2125 761 ne-

446 804 451 811 '
480 786 1080 861 cessaria.Quom0do
1110 794 1307 849 autem
1332 788 1527 849 solent
1558 787 1775 851 milites
1796 788 2121 851 alienarum

479 896 683 942 rerum
715 878 924 960 rapina
962 884 1021 939 et
1048 876 1329 939 violentia
1360 877 1531 939 valde
1589 876 1894 951 delectari,
1927 879 1997 940 iis
2028 879 2125 940 hic

483 985 721 1051 quoque
772 967 1069 1040 utebatur,
1104 974 1162 1027 et
1216 985 1313 1029 res
1367 966 1657 1030 vexabant
1682 967 2015 1031 accolarum
2069 977 2127 1030 et

483 1056 1020 1140 depopulabantur.
1054 1054 1288 1119 Deinde
1307 1074 1403 1118 res
1420 1057 1593 1118 etiam
1620 1058 1909 1137 processit
1928 1058 1998 1121 ad
2023 1078 2123 1121 se-

484 1149 784 1214 ditionem,
818 1154 871 1202 et
903 1146 1189 1205 excitatus
1214 1154 1297 1203 est
1336 1146 1568 1217 quidam
1599 1145 1855 1204 tumulus
1886 1149 1954 1203 ad
1995 1148 2122 1205 Pla-

483 1256 656 1301 coma
693 1237 852 1320 quod
910 1236 1149 1299 dicitur.
1181 1235 1308 1298 Hoc
1338 1255 1470 1298 cum
1505 1236 1815 1299 recivisset
1862 1236 2134 1302 Nicolaus

487 1328 878 1400 admirabilis,
912 1327 1016 1390 ille
1054 1327 1204 1389 nihil
1249 1334 1561 1389 cunctatus
1591 1327 1750 1388 venit
1777 1328 1848 1389 ad
1904 1330 2128 1393 navale.

485 1418 791 1490 Postquam
819 1425 1007 1474 autem
1044 1416 1378 1473 manifestus
1410 1416 1512 1472 fuit
1543 1415 1739 1488 paucis
1767 1417 2130 1487 quibusdam,

483 1508 642 1570 fama
676 1506 875 1571 omnia
905 1506 1186 1588 pervasit,
1220 1514 1279 1569 et
1310 1505 1582 1587 protinus
1623 1508 1903 1570 universa
1932 1510 2134 1571 civitas

485 1612 618 1654 cum
643 1596 889 1653 ducibus
914 1595 1199 1653 exercitus
1223 1595 1293 1651 de
1324 1610 1484 1654 more
1502 1597 1549 1652 ei
1574 1598 1853 1668 processit
1879 1599 2128 1656 obviam.

487 1684 633 1749 Cum
696 1686 797 1748 ille
853 1686 1057 1764 itaque
1113 1690 1407 1749 exercitus
1468 1685 1654 1749 duces
1711 1686 2134 1764 interrogasset

484 1775 875 1854 quamobrem
930 1782 989 1836 et
1035 1774 1197 1837 unde
1244 1774 1536 1851 venirent,
1585 1775 1672 1837 illi
1730 1775 2012 1838 dixerunt
2067 1795 2131 1839 se

2207 613 2335 689 πρὸς
2389 617 2466 685 τῷ
2522 611 2695 690 λιμένι
2740 611 3019 690 διέτριϐον,
3079 614 3169 673 Ἐν
3214 617 3384 692 τούτῳ
3443 615 3498 674 δὲ
3556 641 3694 684 τινες
3742 611 3844 680 των

2206 700 2296 758 ὑπ’
2348 702 2532 767 αὖτοὺς
2589 710 2946 779 στρατιωτῶν·
3009 703 3168 770 ἐξίασι
3225 709 3315 763 τοῦ
3370 706 3573 782 πλοίου,
3610 710 3675 766 τὰ
3723 710 3843 768 ἐπι-

2206 789 2391 860 τήδεια
2449 792 2806 868 ὠνησόμενοι.
2866 802 2970 851 Οῒα
3034 792 3089 850 δὲ
3146 794 3295 875 φιλεῖ
3350 798 3411 854 τὸ
3468 802 3844 869 στρατιωτικὸν

2210 882 2448 968 (ἁρπαγῇ
2477 884 2576 961 γὰρ
2634 884 2739 940 τῶν
2796 881 3083 962 ἀλλοτρίων
3137 886 3221 942 καὶ
3271 886 3359 962 βίᾳ
3409 886 3474 944 τὰ
3506 886 3681 946 πολλὰ
3717 891 3848 970 χαί-

2208 971 2425 1048 ρουσιν),
2483 969 2549 1027 τά
2604 973 2800 1043 συνήθη
2859 972 3118 1031 κᾶνταῦθα
3174 973 3454 1056 ἔπραττον,
3512 980 3601 1033 καὶ
3673 969 3849 1042 κακῶς

2206 1060 2272 1116 τὰ
2327 1066 2433 1115 τῶν
2489 1060 2783 1138 προσοίκων
2834 1061 3062 1122 ἐποίουν.
3105 1062 3345 1121 ’Ἔπειτα
3397 1066 3485 1123 καὶ
3541 1068 3614 1129 εἷς
3674 1066 3850 1123 στάσιν

2211 1148 2403 1229 ἐχώρει
2463 1149 2524 1205 τὸ
2578 1155 2821 1228 πρᾶγμα,
2853 1152 2941 1208 καὶ
2995 1154 3209 1233 ταραχή
3244 1176 3323 1219 τις
3372 1156 3502 1235 πρὸς
3533 1163 3609 1230 τῷ
3657 1156 3850 1214 καλου-

2216 1239 2359 1314 μένῳ
2417 1236 2743 1315 [Ιλακώματι
2785 1240 3122 1319 ἀνηρέθιστο,
3176 1245 3412 1303 Γνωσθέν
3459 1245 3548 1302 οὗν
3602 1249 3678 1320 τῷ
3726 1250 3853 1307 θαυ-

2216 1330 2404 1404 μαστῷ
2490 1328 2760 1410 Νικολάῳ,
2821 1334 2939 1394 οἶος
3009 1332 3212 1397 ἐκεῖνος
3284 1333 3338 1389 ἐν
3409 1348 3524 1401 τοῖς
3604 1342 3854 1403 τοιούτοις

2215 1419 2472 1495 πνεύματι
2504 1419 2601 1486 τὴν
2635 1420 2804 1497 ὁρμὴν
2861 1420 3045 1496 ὅμοιος
3076 1420 3221 1486 εὐθὺς
3266 1423 3318 1487 ἐς
3347 1425 3409 1480 τὸ
3448 1425 3673 1483 ἐπίνειον
3703 1427 3851 1495 ἧκεν.

2215 1508 2372 1567 Ἐπεί
2433 1507 2486 1564 δέ
2532 1531 2668 1565 τισιν
2726 1508 2927 1588 ὀλίγοις
2985 1510 3170 1588 γέγονε
3228 1512 3412 1589 δῆλος,
3448 1522 3517 1591 τῇ
3576 1518 3732 1595 φήμῃ
3775 1515 3857 1574 διὰ

2214 1600 2427 1656 πάντων
2482 1599 2687 1679 ἐφοίτα,
2721 1600 2808 1656 καὶ
2837 1604 3175 1680 παραχρῆμα
3216 1604 3249 1670 ἡ
3282 1601 3444 1668 πόλις
3489 1605 3631 1680 αύτῷ
3689 1612 3852 1682 πᾶσα,

2214 1690 2420 1764 σύναμα
2476 1688 2564 1745 καὶ
2615 1700 2734 1752 τοῖς
2790 1688 3208 1764 ἀπεσταλμένοις
3265 1689 3487 1772 ἄρχουσι
3554 1697 3856 1773 προσκυνή-

2213 1800 2418 1858 σοντες,
2477 1779 2549 1842 ὡς
2619 1777 2756 1852 ἔθος,
2814 1778 3085 1848 ἀπήντων.
3156 1779 3426 1859 Ἐρομένῳ
3494 1785 3665 1840 τοίνυν
3735 1786 3853 1849 τοὺς

483 1865 670 1928 fuisse
724 1866 938 1927 missos
989 1864 1065 1926 ad
1113 1864 1559 1943 imperatorem,
1591 1871 1660 1926 ut
1706 1874 2130 1946 componerent

2218 1867 2481 1947 ἄρχοντας
2514 1865 2599 1948 ἐφ’
2650 1866 2756 1942 ὅτῳ
2802 1869 2886 1924 καὶ
2937 1868 3052 1926 ὅθεν
3101 1868 3306 1950 ἥκοιεν,
3339 1872 3536 1928 ἐκεῖνοι
3581 1875 3710 1951 πρὸς
3755 1876 3855 1951 βα-

486 1955 814 2019 seditiones
838 1964 1072 2017 exortas
1094 1955 1154 2017 in
1178 1953 1449 2036 Phrygia.
1487 1952 1590 2015 Ille
1616 1972 1756 2016 vero
1786 1972 1889 2015 eos
1911 1954 1969 2016 in
1995 1954 2133 2015 civi-

485 2052 666 2107 tatem
719 2052 1021 2126 acceptos,
1057 2044 1371 2125 splendide
1413 2052 1473 2106 et
1515 2043 1827 2123 magniﬁce
1878 2044 2131 2125 hospitio

492 2136 732 2216 excipit.
768 2132 995 2196 Deinde
1024 2151 1157 2196 cum
1184 2132 1270 2195 illi
1296 2133 1548 2195 militum
1578 2134 1890 2194 tumultum
1922 2132 2134 2214 sepiis-

486 2231 643 2301 sent,
695 2231 755 2285 ct
804 2225 877 2286 ab
930 2223 1035 2285 illo
1084 2227 1338 2286 assecuti
1387 2230 1587 2285 essent
1629 2222 2131 2298 benedictionem,

478 2316 602 2394 jam
635 2320 804 2376 erant
833 2317 1151 2393 egressuri.

563 2404 896 2470 XVIII-IX.
933 2405 1175 2467 Interim
1207 2410 1406 2466 autem
1437 2403 1676 2484 quidam
1710 2421 1779 2466 ex
1806 2404 2033 2467 civibus
2063 2405 2134 2467 ad

486 2502 758 2558 sanctum
782 2493 1089 2557 Nicolaum
1114 2494 1429 2569 accedunt,
1464 2501 1521 2555 et
1542 2492 1615 2555 ad
1639 2493 1769 2573 ejus
1794 2494 1973 2574 pedes
2006 2513 2134 2555 ma-

483 2604 598 2665 gno
635 2585 820 2647 animi
852 2584 1068 2646 ardore
1097 2583 1499 2664 procidentes,
1537 2582 1821 2659 rogabant
1852 2591 1912 2643 ut
1961 2601 2134 2664 opem

488 2675 676 2736 ferret
709 2673 785 2736 iis
828 2670 1042 2753 quibus
1072 2670 1251 2733 ﬁebat
1291 2670 1538 2749 injuria,
1574 2678 1632 2731 et
1673 2671 2043 2752 postulabant
2074 2679 2140 2732 ut

493 2763 896 2826 liberarentur
943 2779 977 2822 a
1008 2761 1179 2822 malis
1228 2757 1643 2839 praesentibus.
1694 2757 1917 2822 Praeses
1975 2761 2134 2822 enim

488 2852 859 2926 Eustathius,
923 2867 1059 2911 cum
1114 2848 1337 2929 ejulatu
1387 2847 1665 2910 dicebant
1723 2857 1779 2910 et
1834 2849 2131 2931 lacrymis,

491 2940 766 3022 pecuniis
811 2946 1133 3020 corruptus
1163 2938 1237 3000 ab
1284 2937 1359 3000 iis
1386 2939 1485 3019 qui
1532 2938 1732 3000 colunt
1762 2938 2038 3002 invidiam
2075 2946 2133 3001 et

487 3030 962 3111 improbitatem,
1002 3037 1121 3090 tres
1170 3028 1327 3090 viros
1356 3046 1425 3089 ex
1470 3026 1545 3089 iis
1576 3028 1676 3109 qui
1708 3036 1845 3090 sunt
1875 3029 1936 3090 in
1984 3029 2134 3091 civi-

486 3128 627 3201 tate,
662 3137 798 3182 cum
831 3117 976 3180 nihil
1028 3118 1272 3180 omnino
1315 3117 1639 3199 peccarint,
1679 3127 1869 3180 morte
1904 3120 2133 3191 multat,

2214 1957 2404 2022 σιλέως
2463 1956 2784 2015 ἀπεστάλθαι
2829 1958 3009 2031 εἶπον,
3058 1956 3139 2038 ἐφ’
3194 1962 3239 2033 ᾧ
3284 1973 3399 2026 τοῖς
3443 1963 3579 2019 κατᾶ
3632 1964 3855 2042 Φρυγίαν

2214 2049 2308 2111 τὰς
2366 2048 2577 2111 στάσεις
2634 2045 2811 2112 καλῶς
2883 2045 3160 2108 διαθεῖναι.
3250 2052 3347 2107 Καὶ
3407 2053 3467 2115 ὃς
3540 2051 3854 2130 παραλαϐὼν

2217 2140 2401 2200 αὖτοὺς
2458 2138 2512 2195 ἐν
2567 2144 2633 2215 τῇ
2690 2135 2841 2194 πόλει
2899 2136 3192 2217 φιλοτίμως
3244 2137 3486 2212 ἐξένιζεν.
3554 2141 3668 2199 Εἶθ’
3725 2140 3855 2198 οὕτω

2217 2228 2308 2284 τὸν
2364 2226 2578 2307 θόρυϐον
2629 2227 2799 2295 ἠπίως
2860 2227 3192 2302 κοιμίσαντες
3249 2235 3353 2286 τῶν
3385 2237 3720 2309 στρατιωτῶν
3775 2232 3855 2289 καὶ

2219 2317 2460 2396 εὐλογίας
2490 2319 2667 2395 ὥσπερ
2699 2316 2798 2373 ἔδει
2828 2319 2926 2384 τῆς
2957 2315 3079 2395 παρ’
3114 2319 3271 2378 αὑτοῦ
3299 2321 3581 2400 τυχόντες,

2300 2407 2541 2470 ιΕι’-ιθ’,
2587 2406 2747 2464 Ἐπεὶ
2779 2405 3003 2482 ἔμελλον
3033 2408 3132 2475 τῆς
3162 2410 3290 2486 πρὸς
3321 2412 3552 2487 Φρυγίαν
3584 2410 3700 2469 ἔιδοῦ
3727 2411 3853 2490 ἔχε.

2222 2502 2364 2577 σθαι,
2415 2496 2792 2576 προσελθόντες
2849 2497 2989 2560 τινὲς
3050 2500 3153 2554 τῶν
3218 2497 3313 2565 τῆς
3382 2498 3618 2572 πόλεως,
3675 2505 3853 2578 θερμοο

2221 2590 2386 2656 τάτην
2451 2588 2573 2644 οἵαν
2633 2590 2775 2660 αὒτῷ
2828 2586 2917 2643 καὶ
2973 2591 3239 2665 περιπαθῆ
3314 2590 3693 2670 προσφέρουσιν
3745 2593 3850 2646 ἱκε-

2286 2680 2296 2701 r
2448 2668 2462 2688 '
2684 2677 2712 2699 τ’
2801 2676 2815 2697 9
2882 2677 2894 2697 r
3074 2676 3128 2696 ἐκ
3302 2678 3312 2696 ι
3472 2668 3481 2670 “
3589 2680 3602 2699 ς
3799 2680 3811 2695 ι

2219 2700 2384 2739 τειαν.
2466 2684 2510 2733 Η
2568 2675 2623 2732 δὲ
2682 2700 2749 2745 ην
2791 2698 3007 2753 αμυνειν
3065 2690 3460 2754 αοικουμενοις⁶
3520 2702 3605 2736 και
3661 2681 3708 2736 τί
3761 2700 3851 2757 γαρ

2220 2766 2339 2823 ἀλλ’
2400 2768 2436 2836 ἢ
2482 2766 2606 2823 ὅσον
2650 2764 2796 2823 οῧπω
2837 2765 2934 2822 καὶ
2979 2766 3135 2826 αὐτοῦ
3167 2774 3261 2826 τοῦ
3309 2774 3403 2845 ζῇν
3457 2775 3634 2833 κακῶς
3688 2767 3847 2825 ἀπαλ-

2218 2857 2619 2934 λαττομενοιςς
2695 2857 2756 2914 Ὀ
2817 2856 2916 2934 γὰρ
2989 2858 3206 2935 ἡγεμὼν
3285 2857 3596 2934 Εὖστάθιος,
3656 2858 3836 2934 ἔλεγον,

2214 2948 2512 3028 χρημάτων
2573 2945 2652 3002 ὅτι
2716 2943 2977 3003 πλείστων
3042 2944 3212 3013 ἥττων
3276 2947 3592 3025 γενόμενος,
3621 2949 3711 3004 ὑπὸ
3748 2950 3841 3002 τῶν

2217 3035 2405 3118 φθόνου
2460 3039 2547 3093 καὶ
2603 3036 2789 3101 κακίας
2846 3033 3023 3100 δεινῶς
3088 3036 3406 3112 ἧττωμέδων
3468 3051 3610 3110 τρεῖς
3654 3042 3748 3093 τῶν
3794 3036 3845 3090 ἐν

2221 3134 2288 3203 τῇ
2341 3125 2493 3184 πόλει
2552 3123 2741 3203 ἄνδρας
2787 3122 2934 3181 οὐδὲν
2979 3122 3116 3188 ὅλως
3158 3127 3542 3204 ἡμαρτηκότας
3588 3130 3643 3186 οὺ
3685 3124 3849 3202 μετρίᾳ

480 3209 594 3272 Pro
618 3209 711 3272 his
739 3227 879 3288 ergo
902 3206 1175 3270 universa
1233 3206 1441 3270 civitas
1463 3207 1866 3269 miserandum
1910 3208 1970 3270 in
2004 3228 2132 3270 mo-

2219 3221 2317 3274 τινὶ
2372 3216 2621 3294 τιμωρίᾳ,
2682 3216 2746 3282 ἦν
2822 3214 2921 3292 γὰρ
2975 3214 3111 3271 οὕτω
3166 3216 3226 3271 το
3297 3214 3545 3296 χαλεπὸν
3611 3214 3846 3295 φορητὸν,

488 3298 633 3361 dum
664 3300 1057 3376 cruciatur,et
1085 3296 1425 3368 afﬂictatur,
1456 3305 1514 3358 et
1546 3297 1606 3385 in
1639 3315 1850 3376 magno
1881 3316 2132 3360 maerore

2218 3305 2336 3363 ἀλλ’
2394 3305 2605 3385 ἐσχάτῃ
2662 3301 2917 3380 καταδίκῃ
2965 3303 3199 3376 κολάζει.
3252 3305 3417 3382 Ὑπὲρ
3476 3306 3644 3363 οὔκαὶ
3684 3307 3716 3373 ἡ
3765 3302 3828 3361 πό

486 3396 643 3450 tuam
675 3386 1372 3468 imploratpraasentiam.
1407 3385 1471 3447 Si
1504 3383 1661 3445 enim
1687 3385 1996 3464 adfuisses,
2016 3407 2132 3449 non

2218 3395 2296 3459 λις
2332 3393 2570 3457 ἐλεεινῶς
2627 3414 2905 3468 κοπτεται,
2939 3392 3038 3461 τὴν
3091 3391 3269 3451 ἄδικόν
3300 3416 3357 3451 τε
3403 3395 3702 3463 ἂνοδύρεται
3755 3398 3851 3449 τῶν

485 3478 637 3550 apud
665 3491 793 3535 eam
822 3475 939 3534 tale
971 3475 1056 3533 sol
1079 3474 1268 3531 scelus
1292 3474 1619 3545 aspexisset.
1652 3474 1781 3534 Haec
1811 3490 1940 3533 cum
1963 3478 2132 3536 homo

484 3569 590 3631 Dei
623 3564 932 3646 audiisset,
969 3572 1027 3627 et
1056 3563 1318 3625 imitator
1349 3563 1509 3625 illius
1539 3564 1978 3641 clementiae,a«t
2002 3568 2128 3630 haec

485 3659 773 3715 excitatur
803 3663 858 3713 et
888 3655 1141 3726 assurgit
1167 3655 1380 3720 animo,
1404 3654 1588 3711 zelum
1627 3653 1868 3712 induens
1890 3667 1946 3714 et
1986 3657 2131 3715 fidu-

487 3749 664 3830 ciam,
701 3756 758 3810 et
786 3747 1105 3826 assumptis
1135 3744 1389 3807 ducibus
1420 3745 1741 3827 exercitus,
1767 3748 1960 3809 statim
1984 3750 2131 3810 viam

486 3846 576 3900 est
602 3837 924 3915 ingressus.
960 3834 1104 3898 Cum
1127 3841 1326 3897 autem
1359 3834 1570 3897 fuisset
1599 3840 1659 3895 in
1691 3837 1945 3916 quodam
1981 3840 2133 3912 loco,

485 3928 537 3989 is
559 3946 697 3989 vero
720 3925 1040 3987 vocabatur
1062 3925 1204 3998 Leo,
1240 3922 1483 4003 rogabat
1513 3942 1618 3987 eos
1641 3925 1741 4007 qui
1772 3928 2142 3991 accedebant

487 4035 563 4079 an
621 4016 695 4077 de
723 4014 867 4076 viris
919 4013 1039 4075 illis
1070 4012 1296 4094 aliquid
1356 4014 1601 4094 scirent,
1638 4026 1698 4077 et
1735 4015 1836 4077 ubi
1867 4036 1969 4079 eos
1996 4019 2135 4081 reli-

491 4104 784 4184 quissent.
811 4103 899 4164 illi
923 4102 1215 4183 autem,in
1242 4102 1457 4184 platea,
1482 4103 1781 4185 inquiunt,
1808 4108 1960 4186 apud
1996 4109 2139 4170 Dio-

501 4213 703 4258 scoros
734 4193 834 4275 qui
884 4199 1189 4255 vocantur.
1235 4191 1341 4255 ille
1372 4211 1510 4255 vero
1569 4203 1729 4255 recta
1774 4214 2028 4274 pergens
2070 4198 2142 4259 ad

2213 3486 2400 3543 ἆθώων
2458 3483 2694 3563 σφαγὴν,
2756 3485 2845 3539 καὶ
2900 3484 2994 3552 τὴν
3055 3484 3178 3563 σὴν,
3225 3487 3269 3541 ὦ
3326 3486 3613 3563 θαυμάσιε,
3666 3503 3850 3560 παρου-

2212 3577 2326 3632 σίαν
2384 3570 2680 3631 ἐπιϐοᾶται.
2749 3574 2806 3630 Εἰ
2865 3573 2963 3651 γὰρ
3023 3578 3222 3649 παρῆς,
3282 3573 3378 3630 οὒκ
3439 3574 3501 3630 ἂν
3548 3582 3771 3631 τοιοῦτον
3826 3564 3850 3618 δ

2221 3664 2366 3732 ἥλιος
2424 3670 2589 3738 μῦσος
2647 3661 2839 3738 ἔμελλε
2897 3665 3144 3740 καθορᾷν.
3210 3663 3427 3721 Τούτων
3496 3666 3523 3721 ὁ
3578 3668 3669 3719 τοῦ
3731 3666 3851 3716 Θεοῦ

2219 3754 2513 3834 ἄνθρωπος,
2566 3751 2662 3809 καὶ
2718 3753 2815 3818 τῆς
2890 3752 3087 3808 ἐκείνου
3161 3756 3489 3827 συμπαθείας
3548 3748 3848 3821 ἀκριϐέστα-

2225 3867 2311 3911 τος
2387 3843 2631 3921 μιμητὴς
2689 3842 2943 3913 ἀκούσας,
3007 3842 3111 3921 οὔχ
3183 3842 3507 3922 ὅπερτίθεται
3559 3841 3653 3908 τὴν
3722 3838 3846 3915 βοή-

2224 3940 2391 4011 θειαν,
2427 3932 2542 3991 οὐδὲ
2591 3933 2785 4013 χρόνον
2836 3932 2889 3989 ἐν
2922 3930 3071 4006 μέσῳ
3116 3940 3208 3990 τοῦ
3264 3955 3321 3988 τε
3370 3929 3708 3994 ἀκοῦσαικαὶ
3760 3932 3849 3994 τῆς

2225 4027 2355 4105 πρὸς
2416 4024 2713 4101 ἐπικουρίαν
2767 4023 2961 4101 δρμῆς,
3022 4019 3139 4078 οὖδέ
3206 4022 3411 4102 βραχὺν
3469 4023 3678 4097 τίθεται,
3727 4015 3850 4072 ἀλλὰ

2226 4117 2316 4172 τὸν
2384 4114 2514 4193 ὑπὲρ
2585 4120 2675 4171 τοῦ
2746 4112 2941 4190 ἀγαθοῦ
2998 4109 3160 4182 ζῆλον
3223 4111 3405 4189 ὥσπερ
3472 4111 3588 4168 τινὰ
3648 4107 3849 4169 λεοντῆν

2226 4204 2393 4280 ἐνδὺς,
2456 4204 2601 4266 εὒθὺς
2680 4200 3029 4275 διανίσταται,
3091 4202 3177 4257 καὶ
3247 4199 3541 4279 παῤῥησίας
3606 4194 3845 4254 πίπλαται

509 4284 843 4365 martyrium
894 4284 1245 4344 Sanctorum
1280 4281 1617 4344 Crescentis
1647 4291 1709 4344 et
1752 4282 2132 4366 Dioscoridis,

2222 4296 2323 4362 τὴν
2382 4295 2588 4372 ψυχήν·
2645 4292 2762 4353 τοὺς
2815 4290 3121 4369 εἰρημένους
3162 4312 3217 4363 τε
3265 4288 3527 4370 ἄρχοντας
3581 4303 3843 4372 συναπαραξ

495 4374 589 4432 abi
623 4362 994 4432 intellexisset
1022 4386 1122 4429 eos
1159 4371 1331 4429 modo
1368 4380 1592 4441 portrm
1628 4372 1984 4441 egreditntes
2011 4362 2132 4432 duci

2224 4381 2424 4463 λαϐὼν,
2456 4362 2575 4440 ὃθοῦ
2626 4381 2871 4442 ἅπτεται,
2932 4381 3041 4437 ’Ἔν
3087 4403 3187 4436 τινι
3243 4378 3366 4456 γοῦν
3415 4379 3585 4450 τόπῳ,
3617 4373 3756 4431 Λέων
3797 4368 3844 4425 δὲ

487 4463 560 4526 ad
583 4464 774 4526 Beran
805 4463 879 4543 (is
909 4469 1106 4524 autem
1141 4468 1267 4522 erat
1292 4460 1459 4520 locus
1484 4476 1599 4539 quo
1639 4459 1709 4519 ad
1741 4470 1990 4524 mortem
2022 4465 2132 4526 du-

2224 4476 2373 4536 οὗτος
2428 4470 2703 4546 ἐκαλεῖτο,
2749 4470 3056 4547 γενόμενος,
3106 4468 3423 4524 ἐπυνθάνετο
3479 4471 3582 4522 τῶν
3636 4459 3839 4539 παριόν-

488 4552 778 4615 cebantur
796 4550 1201 4629 condemnati)
1236 4547 1481 4628 gradum
1510 4549 1944 4627 acceleraus,et
1979 4556 2132 4630 quod

2222 4586 2353 4636 των,
2415 4560 2466 4618 εἴ
2523 4583 2572 4618 τι
2631 4559 2748 4637 περὶ
2804 4558 2908 4614 τῶν
2970 4556 3169 4636 ἀνδρῶν
3231 4556 3442 4613 ἐκείνων
3509 4552 3711 4623 εἰδεῖεν,
3767 4547 3843 4601 διιῖ

489 4640 693 4704 deerat
735 4640 1049 4718 senectuti,
1085 4639 1285 4701 cordis
1333 4638 1565 4700 fervore
1609 4640 1915 4721 supplens,
1974 4642 2132 4708 brevi

2222 4652 2344 4710 ὅποι
2393 4649 2455 4708 ἂν
2486 4650 2674 4713 αὐτοὺς
2705 4636 3061 4706 γᾶπολίποιεν.
3114 4648 3174 4705 Οἱ
3207 4644 3260 4701 δὲ
3310 4645 3454 4704 Κατὰ
3484 4643 3600 4705 τοὺς
3659 4636 3840 4695 καλου-

486 4737 756 4811 tempore
811 4730 1079 4821 pervenit
1109 4728 1181 4821 ad
1218 4728 1411 4821 locum
1446 4727 1858 4821 constitutum.
1893 4739 1949 4793 et
1986 4733 2132 4799 videt

2222 4741 2435 4819 μένους,
2487 4739 2711 4821 ἔφησαν,
2749 4734 3064 4814 Διοσκόρους
3122 4735 3176 4792 ἐν
3235 4742 3302 4812 τῇ
3357 4732 3600 4804 πλατείᾳ.
3651 4728 3740 4821 Καὶ
3791 4725 3841 4786 ὃς

488 4836 762 4897 magnam
797 4818 1039 4900 quidem
1066 4816 1641 4907 icircumsistenﬁtem
1676 4818 2132 4907 multitudinem,

2224 4816 2339 4888 εὐθὺ
2393 4839 2488 4889 τοῦ
2517 4816 2798 4906 μαρτυρίου
2854 4832 2959 4881 τῶν
3011 4825 3173 4903 ἁγίων
3230 4824 3535 4901 Κρίσκεντος
3589 4819 3672 4875 καὶ
3723 4824 3840 4907 Διο-

483 4907 643 4971 viros
674 4907 1014 4998 vero,ipr0h
1047 4906 1259 4998 dolor!
1296 4923 1451 4987 pone
1482 4906 2046 4998 vinctos_manibus,
2083 4902 2132 4978 et

2222 4918 2458 4996 σκορίδου
2514 4918 2728 4998 προῄει·
2762 4916 2849 4972 καὶ
2901 4912 3085 4984 ἐπειδὴ
3135 4914 3291 4990 μάθοι
3344 4910 3551 4975 τούτους
3592 4906 3701 4983 ἄρτι
3752 4902 3839 4967 τὴν

485 5006 727 5081 opertos
756 4997 1049 5061 habentes
1080 4996 1308 5077 oculos,
1344 5003 1402 5056 et
1432 4994 1590 5057 nudo
1622 4995 1777 5057 collo
1809 5008 1865 5059 et
1895 4994 2139 5065 extenso

487 5088 814 5151 sectionem
849 5093 1260 5169 exspectantes
1294 5108 1310 5157 ;
1350 5083 1687 5147 miserabile
1710 5094 2136 5170 spectaculum,

491 5186 549 5240 et
573 5178 733 5257 quod
766 5195 876 5238 nec
897 5175 1132 5238 oculum
1165 5175 1403 5257 quidem
1430 5183 1662 5256 poterat
1683 5175 1904 5241 habere
1927 5191 2133 5246 testem

486 5266 912 5346 perpessionis,
931 5273 988 5327 et
1017 5266 1215 5346 ipsum
1242 5264 1583 5326 carniﬁcem
1600 5264 1699 5345 qui
1727 5266 1850 5345 jam
1876 5272 2131 5349 gladium

485 5353 831 5433 strinxerat,
866 5354 1211 5435 caedemque
1243 5352 1609 5433 spirantibus
1670 5362 1728 5415 et
1761 5357 1999 5423 furiosis
2050 5366 2135 5426 in-

485 5441 768 5504 tuebatur
797 5443 1011 5523 oculis,
1043 5452 1105 5503 et
1132 5440 1223 5502 vel
1246 5440 1372 5502 solo
1398 5450 1643 5521 aspectu
1676 5459 1795 5521 pra:
1826 5465 1885 5508 se
1911 5449 2133 5516 ferebat

485 5530 932 5592 immanitatem.

2219 4992 2393 5077 min
2472 4992 2878 5087 ὑπερϐαίνοντας
2961 5005 3104 5083 παρὰ
3190 5001 3281 5059 τόν
3362 5001 3535 5078 Βηρὰν
3616 4992 3834 5087 ἄγεσθαι,

2217 5102 2380 5164 τύπος
2450 5095 2505 5154 δὲ
2576 5084 2729 5160 οὗτος
2801 5101 2906 5151 τῶν
2965 5090 3259 5151 καταδίκων
3326 5088 3671 5157 ἐπιθανάτιος,
3725 5084 3835 5136 ἐπι·-

2220 5192 2388 5255 τείνας
2443 5188 2540 5256 τὴν
2607 5186 2816 5264 πορείαν
2845 5230 2859 5257 ,
2931 5184 3017 5239 καὶ
3075 5184 3135 5239 τὸ
3191 5180 3361 5238 ἐνδέον
3431 5183 3506 5249 τῷ
3559 5175 3703 5253 γήρει
3769 5172 3836 5264 τῷ

2221 5279 2453 5359 διαπύρῳ
2508 5278 2601 5345 τῆς
2656 5258 2941 5353 προθυμίας
3001 5270 3347 5348 ἀναπληρῶν,
3406 5267 3456 5324 ἐν
3519 5266 3710 5359 βραλετ
3754 5258 3834 5359 τρν

2215 5351 2509 5449 ὡρισμένον
2583 5351 2853 5445 ὲπιιρθάνει
2907 5362 3097 5419 τόπον.
3175 5361 3312 5418 Εἶτα
3370 5360 3464 5434 ὁρᾷ
3532 5351 3695 5449 πολὺν.
3747 5351 3833 5446 μέν

2216 5436 2383 5540 6"}.on
2449 5461 2796 5535 περιεστῶτα,
2832 5452 2953 5514 τοὺς
3000 5449 3186 5528 ἄνδρας
3247 5447 3301 5504 δὲ
3344 5445 3533 5522 ὀπίσω,
3564 5445 3662 5540 φεύ
3682 5436 3695 5495 i
3752 5436 3833 5535 τξις

2216 5525 2412 5631 ﬁt”;
2491 5525 2936 5620 δεδεσμημένους,
2999 5525 3106 5597 καὶ⁷
3155 5540 3257 5631 τας
3311 5530 3461 5631 ὄψεις
3517 5525 3832 5631 δὶεκαλυμμῗ-

485 5640 627 5692 νους,
683 5621 771 5711 καὶ
847 5642 1029 5711 γυμνῳ
1084 5618 1345 5711 τραχήλῳ
1420 5622 1519 5688 τὴν
1574 5618 1793 5711 πληγὴν
1853 5606 2258 5711 ἀνιμέθοντιχςῗ
2301 5606 2457 5699 ,ξδτξίν
2517 5656 2572 5692 τε
2782 5606 2976 5705 δήμιᾷν
3034 5630 3095 5685 τὸ
3153 5627 3299 5707 ξίφος
3361 5606 3475 5691 ’ἤδη
3533 5606 3832 5711 διεσπασμέ-

485 5731 595 5781 νον,
657 5708 744 5763 καὶ
800 5706 978 5785 φόνιόν
1032 5730 1082 5765 τι
1138 5710 1225 5763 καὶ
1283 5710 1505 5783 μανικὸν
1564 5707 1851 5787 β>έποντα,
1913 5724 2002 5775 καὶ
2057 5729 2117 5781 τὸ
2176 5704 2303 5806 πρὸξ
2362 5727 2575 5808 σφαγὴν
2636 5722 2857 5802 ὅρμημα
2916 5722 2993 5794 τῷ
3049 5704 3315 5799 προσώπῳ
3372 5704 3822 5792 χαρακτηρίζοντα,

485 5794 710 5854 ἐλεεινὸν
740 5795 911 5872 θέαμα
939 5797 1026 5853 καὶ
1053 5794 1187 5873 μηδὲ
1218 5796 1471 5876 ὀφθαλμῴ
1499 5794 1743 5876 σώφρονι
1787 5799 1974 5876 ῥᾳδίως
2005 5794 2330 5897 ἀνασχεῖτάν,
