3992 6134
390 286 401 295 ’
434 279 550 351 343

1747 280 2028 349 MENSIS
2069 283 2497 353 DECEMBER.

3686 292 3797 360 344

431 416 573 476 Nam
588 430 719 475 cum
737 417 858 488 ipse
880 415 1145 487 protinus
1168 417 1419 487 venisset
1437 415 1493 472 in
1519 424 1891 488 conspectum
1907 420 2092 491 impe-

2181 423 2460 501 νεωτέροις
2517 423 2617 502 γὰρ
2674 421 3060 504 ἐπιχειροῦσιν,
3138 428 3463 508 πράγμασιν,
3521 431 3614 489 ὅσα
3669 435 3797 503 ἡμᾶς

431 506 668 583 ratoris,
692 516 893 570 narrat
921 526 1052 588 quae
1088 507 1162 569 ab
1188 506 1310 568 illis
1343 505 1655 582 audiverit,
1686 514 1743 568 et
1775 510 2096 589 persuadet

435 604 501 658 ut
530 597 755 659 indicta
786 616 968 659 causa
999 596 1071 659 ab
1105 596 1207 657 illo
1238 595 1572 677 capiantur,
1608 604 1667 657 et
1700 598 1758 657 in
1792 616 2095 661 carcerem

438 687 847 766 conjiciantur:
883 688 972 750 Ne
997 685 1195 761 nobis,
1220 685 1438 767 inquit,
1466 704 1585 748 non
1611 688 2095 750 animadverten-

438 776 597 838 tibus
648 776 862 838 faciant
894 794 965 838 ea
1032 794 1163 856 quae
1191 785 1327 837 sunt
1375 776 1665 839 meditati.
1702 776 1799 839 Sic
1854 780 2095 858 quidem

435 865 652 928 factum
687 874 796 947 est,
832 873 892 927 et
921 867 1179 945 conjecti
1217 872 1353 927 sunt
1386 866 1473 927 illi
1506 866 1565 927 in
1597 885 1927 943 carcerem,
1964 888 2095 930 cum

440 974 552 1017 nec
611 955 803 1035 ipsum
838 955 1077 1036 quidem
1135 955 1359 1018 scirent
1390 973 1500 1017 cur
1556 964 1756 1018 essent
1789 958 1988 1021 traditi
2037 958 2098 1020 in

440 1047 768 1108 custodiam
823 1054 1050 1107 tantum
1086 1045 1289 1108 aberat
1338 1053 1403 1107 ut
1433 1046 1655 1126 aliquid
1690 1048 1831 1110 mali
1865 1049 2096 1111 machi-

437 1138 555 1197 nati
589 1144 790 1197 essent
812 1136 1101 1198 adversus
1130 1137 1582 1218 imperatorem.

2179 513 2425 584 ἀκοῦσαι,
2487 516 2574 570 καὶ
2654 515 2860 594 πονηρᾶ
2935 517 3279 595 τεκμαίρουσι
3335 521 3464 575 κατὰ
3533 520 3795 598 βασιλέως.

2181 600 2331 659 Οὕτω
2386 607 2491 660 τῶν
2549 601 2747 679 ἀνδρῶν
2819 607 3184 686 κατειπόντες,
3215 612 3308 664 καὶ
3359 612 3573 688 χρυσίου
3623 612 3800 670 πολλοῦ

2179 693 2270 747 τὸν
2315 692 2553 773 ἔπαρχον
2605 694 2965 769 ὠνησάμενοι,
3018 697 3113 760 τὰς
3170 695 3448 772 βασιλικὰς
3503 698 3569 755 δι’
3623 699 3800 759 ἐκείνου

2182 783 2474 862 φθείρουσιν
2522 782 2709 846 ἀκοάς.
2763 785 2918 849 Εὗθὺς
2969 785 3069 864 γὰρ
3127 787 3199 851 εἷς
3244 786 3363 862 ὄψιν
3398 790 3549 855 αὒτός
3594 798 3664 863 τῷ
3709 792 3802 867 βα-

2182 871 2327 929 σιλεῖ
2383 871 2669 951 φενόμενος
2705 871 2913 938 διέξεισί
2939 897 2994 931 τε
3047 876 3078 930 ἃ
3130 875 3255 954 παρ’
3301 876 3512 934 ἐκείνων
3558 879 3801 960 ἀκούσειε³

2182 963 2269 1019 ναὶ
2325 963 2489 1018 πείθει
2549 962 2755 1040 ἐρήμην
2830 961 2917 1019 ὑπ’
2976 968 3131 1022 αὐτοῦ
3194 964 3391 1022 ἁλῶναι
3439 969 3557 1031 τοὺς
3610 968 3800 1048 ἄνδρας.

2180 1053 2242 1107 τὸ
2300 1049 2352 1107 δὲ
2383 1058 2469 1108 νῦν
2524 1050 2678 1133 ἕχον³
2713 1051 2924 1132 φυλακῇ
2967 1052 3202 1121 δοθῆναι’
3258 1056 3347 1123 Μὴ
3400 1055 3661 1132 λαθόντες,
3703 1082 3803 1139 φη-

2183 1142 2286 1220 σὶν,
2359 1138 2643 1221 δράσωσιν³
2723 1142 2757 1198 ἃ
2837 1143 3011 1199 πάντα
3105 1141 3523 1220 μεμελετήκασι,
3609 1138 3805 1224 Γέγονεν

436 1226 593 1301 οὕτω,
650 1228 739 1283 καὶ
818 1228 934 1290 τοὺς
1006 1225 1196 1303 ἄνδρας
1276 1226 1459 1306 εἶχειν
1529 1227 1767 1306 φυλακὴ,
1831 1228 1937 1285 οὔδ’
2022 1231 2150 1287 αὖτὸ
2221 1237 2376 1287 τοῦτο
2447 1229 2855 1313 ἐπισταμένους,
2918 1231 3039 1289 ὅτου
3117 1236 3277 1313 χάριν
3336 1236 3396 1290 τὸ
3472 1233 3804 1316 δεσμωτήριον

435 1317 840 1392 κατεκρίθησαν·
875 1316 1126 1373 τοσοῦτον
1156 1316 1390 1396 ἀπεῖλον
1420 1323 1513 1374 τοῦ
1546 1319 1781 1397 πονηρόν
1814 1340 1863 1374 τι
1895 1319 2275 1396 βουλεύσασθαι
2307 1319 2442 1379 κατὰ
2473 1318 2762 1396 βασιλεως.

517 1405 706 1468 XXII.
744 1405 1087 1467 Intercessit
1117 1404 1495 1481 aliquantum
1534 1408 1841 1487 temporis,
1882 1416 1938 1467 et
1969 1426 2101 1469 rur-

437 1512 542 1555 sus
602 1493 940 1573 malignitas
986 1502 1260 1574 tanquam
1300 1513 1418 1555 non
1464 1505 1747 1558 contenta
1802 1497 2101 1576 prioribus

440 1582 727 1663 adimplet
760 1582 934 1644 etiam
972 1582 1031 1645 id
1083 1582 1242 1663 quod
1276 1583 1503 1647 deerat.
1538 1588 1690 1651 Nam
1720 1586 1805 1648 sic
1855 1586 2096 1666 quidem

440 1670 737 1751 degebant
767 1671 857 1733 illi
880 1671 990 1733 viri
1026 1671 1231 1736 afﬂicti
1254 1673 1316 1733 in
1347 1690 1611 1749 carcere;
1639 1675 2099 1738 calumniatores

2266 1411 2395 1473 KB'.
2450 1412 2650 1489 Χρόνος
2685 1416 2712 1470 6
2746 1414 2939 1489 μεταξὺ
2999 1415 3221 1497 συχνὸς,
3257 1417 3343 1473 καὶ
3377 1416 3534 1473 πάλιν
3565 1420 3597 1485 ἡ
3646 1440 3806 1486 πονη-

2181 1504 2289 1581 ρίιπι⁷
2361 1503 2596 1579 καθάπερ
2694 1507 2787 1562 οὐκ
2876 1505 3176 1582 ἆρκουμένη
3249 1520 3367 1568 τοῖς
3449 1505 3800 1585 προλαϐοῦσιν,

2182 1590 2467 1648 ἅκὸλουθον
2517 1594 2605 1648 καὶ
2659 1592 2811 1655 τέλος
2886 1593 3133 1654 ἐπινοιεϊ.
3192 1594 3519 1675 Ἐτύγχανον
3571 1597 3660 1671 μὲν
3717 1598 3804 1675 γὰρ

2182 1681 2349 1745 οὕτως
2406 1684 2448 1737 ος
2506 1679 2685 1759 ἄνδρες
2743 1688 2810 1759 τῇ
2862 1682 3073 1762 φυλακῇ
3128 1689 3696 1763 προσκτκοπαθουντες·
3763 1689 3805 1742 οἱ

439 1772 635 1822 autem
671 1780 805 1824 cum
830 1761 1102 1823 viderent
1131 1772 1371 1843 tempus
1394 1764 1907 1839 ﬂuere,timentes
1939 1784 2013 1827 ne
2050 1765 2094 1828 si

2181 1770 2500 1851 συκοφάνται
2552 1769 2630 1846 δὲ,
2692 1771 2805 1827 ἐπεὶ
2858 1761 3186 1851 ὕποῤῥέοντα-
3227 1776 3319 1830 τὸν
3375 1775 3563 1853 χρόνον
3620 1774 3801 1855 ἑώρων,

440 1851 737 1913 evenisset
768 1851 987 1932 aliquid
1024 1852 1421 1932 inopinatum,
1457 1860 1691 1916 structae
1719 1855 1957 1935 quidem
1992 1875 2093 1917 ar-

2181 1859 2443 1926 δείσαντες
2482 1862 2558 1936 μή
2626 1862 2727 1918 πού
2768 1885 2819 1918 τι
2876 1868 2981 1918 τῶν
3025 1862 3299 1930 ἀδοκήτων
3358 1862 3558 1927 συμϐὰν
3598 1867 3659 1920 τὰ
3719 1866 3805 1939 μὲν

439 1950 772 2021 guerentur
798 1956 1005 2003 eorum
1060 1941 1313 2023 insidiae,
1346 1951 1795 2005 converteretur
1847 1963 1985 2006 vero
2034 1946 2091 2007 in

442 2030 796 2111 periculum,
833 2048 1042 2091 rursus
1071 2031 1369 2092 accedunt
1411 2034 1481 2094 ad
1533 2033 1902 2114 praefectum,
1936 2044 1991 2096 et
2038 2036 2094 2097 ei

440 2121 743 2182 facessunt
777 2119 1080 2198 negotium
1115 2138 1192 2181 ne
1240 2120 1328 2181 sic
1359 2121 1516 2183 viros
1563 2122 1953 2204 relinqueret,
1987 2124 2092 2184 sed

437 2209 764 2290 eisjustum
788 2209 1039 2271 inferret
1068 2209 1454 2291 supplicium.
1488 2210 1597 2273 Ille
1626 2220 1845 2288 autem,
1874 2218 2094 2275 veritus

441 2319 517 2361 ne
534 2318 741 2361 aurum
769 2299 882 2361 sibi
911 2298 1267 2375 auferretur,
1295 2301 1345 2362 si
1375 2300 1556 2364 tinem
1584 2321 1701 2362 non
1728 2303 2098 2383 accepissent

436 2408 568 2473 quae
599 2397 723 2452 erat
772 2389 1095 2470 pollicitus,
1142 2392 1375 2453 accedit
1402 2408 1613 2453 rursus
1667 2392 1735 2452 ad
1771 2392 2097 2472 imperato-

437 2498 611 2542 rem:
660 2479 972 2561 vultusque
999 2482 1314 2542 severitate
1371 2490 1428 2542 et
1460 2481 1590 2561 ipso
1626 2481 1781 2541 tristi
1827 2492 2093 2563 aspectu,

438 2589 560 2652 prae
590 2589 655 2632 se
683 2570 884 2632 ferens
915 2571 1203 2631 malorum
1240 2588 1305 2631 se
1334 2571 1542 2631 venire
1575 2569 1846 2630 nuntium
1876 2589 1889 2633 :
1924 2579 1979 2631 et
2012 2572 2091 2631 si-

439 2661 562 2721 mul
591 2660 800 2720 volens
823 2658 1140 2719 ostendere
1170 2677 1233 2719 se
1266 2658 1426 2719 illius
1450 2658 1578 2719 vitae
1612 2676 1812 2719 curam
1848 2659 2091 2719 omnino

436 2750 1006 2827 gerere,essequein
1024 2765 1157 2808 eum
1172 2765 1407 2808 summa
1432 2747 1548 2809 fide
1569 2757 1626 2809 et
1648 2747 2090 2811 benevolentia.

439 2837 671 2900 Deinde
704 2837 865 2898 varie
893 2835 1200 2897 insidiosis
1233 2835 1429 2915 verbis
1464 2837 1676 2917 irrepit
1702 2849 1759 2900 et
1787 2857 1851 2900 se
1878 2839 1932 2899 ei
1956 2839 2095 2899 insi-

432 2935 595 3004 nuat,
628 2927 885 2989 dicens:
940 2925 1217 3001 Domine,
1254 2932 1353 3007 qui
1402 2926 1689 2989 adversus
1737 2936 1891 2988 tuam
1942 2928 2097 2990 mala

2178 1950 2450 2029 ἀποῤῥητα
2506 1957 2598 2008 τοῦ
2656 1949 2920 2030 δράματος
2995 1950 3267 2031 διελέγξῃ³
3332 1960 3621 2032 περιτραπῇ
3682 1953 3732 2010 δὲ
3781 1957 3803 2011 6

2177 2038 2410 2104 κίνδυνος
2466 2040 2584 2096 κατ’
2658 2040 2851 2115 αὐτῶν,
2915 2043 3003 2098 καὶ
3062 2045 3136 2097 ὧν
3194 2043 3443 2120 ἕσπειραν
3515 2044 3651 2100 αὐτοὶ
3697 2045 3803 2108 τοὺς

2178 2130 2410 2206 καρποὺς
2471 2130 2808 2204 ἆμήσωνται,
2874 2132 3118 2210 προσίασι
3191 2140 3269 2206 τῷ
3338 2131 3563 2211 ἐπάρχῳ
3635 2132 3796 2205 πάλιν,

2179 2220 2267 2275 καὶ
2322 2217 2388 2274 δι’
2439 2218 2608 2298 ὄχλου
2665 2221 2909 2285 πλείονος
2971 2222 3277 2299 γεγονότες,
3311 2220 3481 2289 ἠξίουν
3541 2222 3614 2297 μὴ
3654 2222 3798 2283 οὕτως

2179 2308 2268 2380 ἐᾷν
2325 2309 2446 2373 τοὺς
2506 2308 2691 2388 ἄνδρας
2736 2310 2911 2385 μένειν
2957 2311 3043 2367 ἐπὶ
3100 2317 3312 2390 μακρῷ,
3367 2309 3486 2366 ἀλλ’
3540 2310 3675 2376 ἀξίαν
3720 2313 3796 2367 αὖ·

2178 2411 2295 2460 τοῖς
2346 2399 2442 2465 τὴν
2495 2396 2643 2466 δίκην
2695 2399 3029 2479 ἐπενεγκεῖν.
3087 2400 3334 2463 Ἐκεῖνος
3390 2401 3497 2474 οὖν,
3530 2401 3617 2457 ἅτε
3661 2399 3796 2480 φιλο-

2179 2488 2479 2566 χρημάτως
2534 2489 2701 2568 ἔχων²
2753 2492 2839 2545 καὶ
2897 2491 3026 2568 ὑπὲρ
3072 2490 3162 2547 τοῦ
3214 2488 3626 2558 καταϐληθέντος
3678 2494 3798 2562 αὒτῴ

2175 2579 2396 2655 χρυσίου
2438 2578 2535 2643 τὴν
2595 2576 2807 2656 καρδίαν
2845 2577 3185 2654 διασεισθεὶς,
3231 2581 3313 2651 μὴ
3371 2580 3463 2636 καί
3520 2580 3792 2659 ἀφαιρεθείη

2174 2673 2382 2745 τοῦτον⁷
2442 2666 2606 2742 πέρας
2688 2672 2794 2722 τῶν
2878 2668 3287 2750 ὑποσχεθέντων
3352 2671 3445 2725 οὐκ
3511 2668 3791 2746 εἰληφότων.

2175 2752 2347 2810 δειλὸν
2403 2756 2500 2833 γὰρ
2531 2758 2557 2811 ὁ
2617 2766 2867 2819 πλοὺτος·
2917 2759 3157 2834 πρόσεισι
3193 2765 3272 2833 τῷ
3329 2757 3540 2835 βασιλεῖ
3582 2758 3657 2813 καὶ
3706 2759 3789 2810 αὗ-

2174 2847 2278 2924 θις,
2310 2850 2379 2921 τῇ
2438 2867 2494 2900 τε
2552 2851 2643 2901 τοῦ
2706 2847 2985 2924 προσώπου
3044 2848 3292 2904 ἐνστάσει
3351 2849 3437 2905 καὶ
3494 2855 3565 2921 τῷ
3618 2848 3783 2907 συθρωι-

2176 2935 2262 3009 πῷ
2318 2942 2416 3000 της
2462 2935 2660 3014 ὄψεως,
2719 2943 2897 2992 κακῶν
2961 2934 3188 3014 ἄγγελος
3248 2935 3400 3004 ἥκειν
3469 2934 3785 3006 ὺποφαινόμε-

434 3024 573 3078 sunt
619 3013 890 3076 meditati
926 3017 1282 3096 potentiam,
1320 3034 1425 3096 pro
1461 3014 1535 3077 iis
1585 3016 1760 3077 bonis
1791 3035 1922 3096 quae
1952 3036 1985 3078 a
2038 3027 2094 3078 te

2181 3047 2264 3089 νος
2327 3025 2413 3080 καί
2480 3023 2593 3092 ἅμα
2649 3013 2816 3092 δῆλος
2870 3013 3017 3081 εἶναι
3048 3013 3424 3102 βουλόμενος,
3475 3028 3567 3092 τῆς
3624 3024 3790 3079 ἐκείνου

433 3115 572 3168 sunt
602 3102 929 3178 consecuti,
966 3121 1043 3165 ne
1095 3105 1153 3165 in
1189 3122 1433 3166 carcere
1464 3105 1706 3186 quidem
1741 3106 2033 3167 desistunt
2063 3127 2094 3169 a

2181 3115 2319 3184 ζωῆς
2379 3113 2440 3168 ἐκ
2491 3115 2685 3179 παντὸς
2744 3115 3054 3194 φροντίζων,
3116 3118 3377 3182 εὐνοϊκῶς
3431 3137 3486 3171 τε
3540 3115 3659 3192 πρᾶς
3709 3111 3789 3167 αὖ·

568 3166 977 3268 meditatione,
1017 3212 1218 3271 neque
1252 3194 1372 3255 ulla
1401 3166 1700 3257 ducuntur
1731 3166 2090 3278 paenitentia,

2181 3166 2316 3184 1"'-v
2384 3166 2437 3168 "'
2498 3166 2685 3179 """"
2749 3166 3054 3194 Tr""‘e“')
3118 3166 3377 3182 *ν’-*⁷⁸⁸⁷*
3442 3166 3485 3171 "
3548 3166 3601 3192 ’Τ
3642 3166 3658 3176 τ
3716 3166 3733 3167 ⁷⁷

2181 3204 2266 3259 τὸν
2338 3202 2508 3282 ἔχων,
2569 3204 2655 3259 καὶ
2712 3206 3006 3260 πιστότατα
3078 3203 3433 3280 διακείμενος.
3497 3205 3678 3262 ’Ἔνθεν
3726 3221 3793 3255 τοι

436 3284 543 3348 sed
571 3302 728 3344 nunc
749 3301 992 3363 quoque
1019 3291 1400 3364 perseverant
1426 3283 1489 3345 in
1532 3285 1736 3364 caeptis
1770 3285 2091 3362 prioribus,

2181 3292 2264 3348 καὶ
2314 3290 2572 3356 ποικίλως
2633 3295 2791 3350 αὐτὸν
2860 3295 3052 3368 ὑπιὼν,
3115 3298 3175 3352 Οἱ
3233 3296 3375 3351 κατὰ
3430 3300 3519 3350 τοῦ
3575 3291 3791 3370 κράτους,

439 3383 497 3437 et
525 3374 799 3454 improbe
856 3373 1065 3435 eadem
1104 3391 1312 3435 rursus
1364 3380 1623 3437 struunt.
1658 3372 1825 3435 Nunc
1858 3393 1996 3454 ergo
2046 3382 2091 3437 si

2181 3380 2428 3453 δέσποτα,
2477 3381 2604 3461 ἔφη,
2639 3385 2731 3439 τοῦ
2783 3383 2874 3439 σοῦ
2918 3383 3357 3459 μεμελετηκότες
3414 3383 3518 3439 ἀνθ’
3564 3384 3632 3437 ὧν
3686 3377 3796 3435 ἀπέ-

436 3465 612 3526 liceat
643 3463 909 3544 quidem,
946 3480 1050 3524 eos
1071 3464 1231 3542 juste
1263 3463 1595 3544 puniemus.
1659 3464 1761 3526 Sin
1795 3464 2011 3538 minus,
2037 3476 2094 3527 at

2181 3469 2371 3527 λαυσαν
2419 3470 2651 3547 ἀγαθῶν,
2699 3471 2893 3551 ὀλίγων
2944 3475 3045 3550 γὰρ
3096 3480 3230 3529 πάνυ
3281 3475 3342 3531 τὸ
3392 3471 3655 3551 σωφρόνως
3708 3467 3794 3547 φέ-

439 3553 949 3617 considerandum
983 3562 1076 3614 est
1107 3570 1182 3614 ne
1213 3554 1263 3614 si
1287 3552 1384 3614 isti
1417 3571 1525 3613 nos
1556 3552 2094 3634 praevenerintjpsi

2181 3580 2287 3639 ρειν
2347 3560 2655 3638 εὐημερίαν,
2703 3559 2810 3617 οὔδ’
2864 3563 2915 3619 ἐν
2968 3568 3034 3639 τῇ
3083 3566 3300 3642 φυλακῇ
3345 3563 3485 3624 ὅντες
3530 3562 3792 3623 ἀποστῆναι

437 3646 592 3708 male
641 3644 925 3706 afﬁciant.
963 3642 1104 3704 Haec
1155 3641 1524 3705 conturbant
1553 3641 1996 3723 imperatorem,
2032 3652 2091 3706 et

2181 3655 2264 3705 τοῦ
2314 3655 2493 3711 κακῶς
2543 3664 2763 3728 φρονεῖν
2821 3653 3107 3725 πείθονται,
3143 3651 3261 3708 οὐδέ
3321 3675 3398 3718 τις
3452 3651 3626 3712 αὐτοὺς
3676 3648 3795 3723 αἱρεῖ

434 3736 713 3816 injiciunt
736 3734 791 3795 ei
823 3733 1396 3814 suspicionem.lpse
1429 3750 1567 3810 ergo
1598 3734 1802 3794 volens
1828 3744 2086 3795 mentem

2181 3737 2529 3815 μεταμέλεια,
2592 3739 2729 3796 ἀλλὰ
2801 3744 2887 3797 καὶ
2947 3745 3034 3798 νῦν
3092 3742 3378 3817 ἐμμένουσι
3448 3754 3558 3802 τοῖς
3624 3735 3792 3814 119°15'-

439 3825 698 3888 liberare
728 3844 760 3885 a
791 3823 1193 3887 sollicitudine
1224 3820 1357 3883 etin
1401 3822 1662 3883 futurum
1689 3841 1804 3883 non
1836 3825 2091 3905 amplius

2181 3851 2303 3903 pora,
2364 3830 2452 3885 καὶ
2510 3831 2578 3885 τὰ
2634 3832 2765 3889 αὐτὰ
2822 3830 2983 3888 πάλιν
3040 3833 3352 3910 κακούργως
3408 3830 3688 3910 ῥάπτουσιν.
3745 3822 3793 3881 Εἰ

436 3915 671 3992 timere,
707 3921 896 3976 morte
928 3913 1289 3974 condemnat
1319 3912 1699 3973 innocentes.
1994 3916 1999 3925 '

2181 3919 2272 3992 μέν
2332 3918 2419 3974 οὗθ
2470 3918 2582 3975 ἔστι
2631 3918 2849 3999 χαλεπὰ
2907 3918 3352 3998 βεϐουλευμένους
3412 3923 3592 3977 παθεῖν
3637 3912 3791 3995 χαλε·-

486 4013 511 4023 ...
780 4004 795 4023 ι
896 4005 919 4037 γ
1045 4003 1057 4022 τ
1141 4001 1155 4023 ν
1191 4004 1211 4021 η
1444 4004 1457 4025 \
1613 4003 1623 4023 ν
1739 4025 1761 4037 __
1798 4026 1819 4037 ρ
1902 4005 1928 4038 γ’
2001 4005 2012 4025 ι
2114 4008 2168 4043 μ’
2522 4008 2549 4019 «-
2731 4015 2755 4025 ς
2927 4008 2939 4029 ι
3301 4008 3331 4035 ρ
3364 4021 3370 4029 .
3578 4012 3597 4021 -·
3742 4002 3755 4019 ‘

435 4029 574 4080 πως,
634 4006 677 4061 εἶ
748 4002 774 4059 δ
865 4025 975 4082 ων,
1036 4002 1137 4057 αλλ
1189 4025 1334 4065 οπως
1395 4026 1471 4078 μη
1529 4006 1816 4081 φθασαν.ε.,
1871 4025 2010 4059 onor
2070 4028 2322 4084 προτερον
2404 4030 2585 4072 κακως
2643 4011 2788 4083 ἡμας
2846 4008 3097 4089 δρασωσι.
3161 4019 3442 4089 Θορυοουσι
3510 4025 3661 4063 ταυτα
3712 4022 3790 4057 τον

435 4092 657 4172 βασιλέα
742 4094 827 4148 καὶ
908 4093 980 4155 εἷς
1062 4091 1315 4153 ὑπονοίας
1398 4089 1774 4164 ἓμϐάλλουσιν,
1851 4090 2103 4165 οὕμενουν
2195 4100 2710 4176 εὐκαταφρονήτους,
2797 4088 3009 4174 Ἀμέλει
3080 4101 3168 4156 καὶ
3240 4088 3457 4155 ίᾶνεῖνχι
3537 4088 3788 4176 φροντίδων

436 4186 555 4246 τοὺς
612 4180 897 4261 λογισμοὺς
968 4178 1320 4259 βὸυλόμενος,
1380 4182 1471 4236 καὶ
1528 4180 1603 4254 μὴ
1660 4178 1907 4257 περιδεὴς
1980 4181 2116 4238 οὕτω
2176 4185 2261 4241 καὶ
2318 4187 2621 4266 κατάφοϐος
2680 4193 2799 4265 ζῇν,
2861 4190 3082 4246 θάνατον
3138 4188 3436 4268 κατακρίνει
3504 4190 3603 4241 τῶν
3655 4183 3788 4237 ἀναι-

444 4274 596 4336 τίων,

522 4359 732 4424 XXIII.
764 4358 1159 4421 Constitutum
1194 4376 1333 4437 ergo
1364 4357 1555 4419 fuerat
1587 4365 1651 4417 ut
1679 4357 1776 4419 die
1823 4361 2091 4441 sequenti

2262 4366 2393 4428 KI".
2448 4368 2672 4446 ’Ὦριστο
2701 4369 2874 4424 τοίνυν
2916 4370 2977 4425 τὸ
3008 4373 3186 4427 θανεῖν
3216 4370 3400 4431 αὐτοὺς
3452 4368 3522 4427 εἷς
3552 4365 3639 4431 τὴν
3684 4357 3789 4414 Em"

450 4456 845 4512 morerentur.
883 4449 1149 4529 Vespere
1199 4451 1357 4508 enim
1393 4448 1511 4508 lata
1536 4447 1726 4508 fuerat
1755 4452 2046 4512 sententia
2080 4469 2094 4526 ;

450 4547 510 4600 et
533 4538 605 4599 ad
628 4538 935 4600 custodem
962 4535 1227 4598 carceris
1257 4542 1419 4597 venit
1449 4535 1651 4598 infelix
1684 4540 1926 4600 nuntius
1949 4558 2097 4601 con-

449 4627 868 4695 demnationis.
897 4632 955 4687 et
977 4625 1065 4687 illi
1091 4625 1165 4686 de
1200 4625 1285 4686 eis
1307 4626 1506 4686 omnia
1529 4626 1838 4704 signiﬁcat.
1865 4628 1970 4691 Ille
1991 4649 2097 4692 au-

451 4725 570 4779 tem
602 4732 735 4776 cum
782 4714 1039 4775 multum
1075 4731 1242 4776 suam
1276 4714 1646 4795 deplorasset
1675 4718 2094 4794 calamitatem,

450 4812 579 4867 erat
608 4804 766 4866 enim
792 4811 855 4864 ut
882 4803 1141 4879 videtur,
1169 4804 1345 4883 longe
1374 4803 1651 4884 praefecto
1676 4805 2012 4888 humanior,
2043 4820 2100 4871 et

445 4894 667 4967 alloqui
694 4893 812 4966 jam
839 4893 924 4950 eis
945 4901 1206 4951 evaserat
1226 4894 1447 4950 amicus
1479 4902 1533 4950 et
1553 4892 1870 4961 familiaris,
1897 4898 2101 4958 deinde

455 5002 734 5059 moerens,
768 4983 840 5045 ad
877 5000 981 5046 eos
1032 4983 1284 5060 accedit,
1317 4992 1377 5045 et
1408 5005 1421 5047 :
1473 4983 1731 5065 Utinam,
1781 4985 1990 5070 inquit,
2026 5011 2100 5054 ne

450 5075 751 5136 vobiscum
804 5072 1045 5154 quidem
1081 5073 1271 5154 primo
1305 5091 1643 5136 sermonem
1685 5079 2091 5157 contulissem,

451 5181 645 5243 neque
676 5170 899 5223 tantum
926 5172 1166 5242 tempus
1189 5164 1342 5244 apud
1367 5182 1462 5224 me
1487 5163 1699 5226 versati
1725 5169 1955 5245 essetis,
1985 5191 2094 5233 ne-

453 5271 566 5332 que
587 5251 725 5312 satis
748 5251 990 5312 fuissem
1014 5251 1312 5314 vobiscum
1342 5252 1660 5333 particeps,
1686 5253 1913 5318 facilius
1936 5261 2093 5323 enim

454 5339 864 5401 sustinuissem
898 5341 1327 5422 calamitatem;
1365 5342 1443 5403 de
1470 5343 1870 5422 disjunctione
1903 5354 2093 5413 miuo-

454 5445 583 5489 rem
602 5428 865 5490 dolorem
889 5429 1366 5511 acciperem,nec
1387 5430 1473 5493 sic
1496 5432 1862 5510 perturbatio
1895 5459 2089 5503 meum

2181 4462 2361 4519 οὖσαν.
2417 4449 2478 4514 Ἠ
2512 4458 2610 4536 γὰρ
2662 4463 2839 4537 ψῆφος
2872 4458 3096 4536 ἑσπέρας
3147 4458 3347 4531 δέδοτο,
3383 4458 3465 4514 καὶ
3495 4461 3565 4528 τῷ
3614 4450 3788 4523 δεσμο-

2181 4545 2369 4624 φύλᾶκι
2418 4546 2659 4626 χαλεπός
2717 4570 2792 4611 τις
2830 4545 3049 4626 ἅγγελος
3095 4548 3396 4629 προσελθὼν
3426 4545 3589 4602 πάντα
3639 4556 3785 4629 κατα-ξ

2181 4634 2325 4714 λέγει
2379 4619 2460 4695 τὰ.
2502 4637 2863 4715 ψηφισθέντα.
2943 4630 3001 4697 Ὀ
3061 4619 3349 4697 δὲ’πολλὰ
3400 4636 3637 4712 πρότερον
3689 4619 3787 4680 καθ’

2183 4726 2366 4783 ἑαυτὸν
2426 4729 2694 4806 θρηνήσας
2752 4730 2851 4795 τὴν
2919 4732 3212 4811 συμφορὰν,
3274 4729 3337 4796 ἧν
3393 4728 3488 4803 γὰρ
3544 4724 3610 4783 ὡς
3670 4715 3786 4771 ἔοικε

2181 4816 2547 4895 φιλάνθρωπος
2600 4817 2802 4892 μᾶλλον
2833 4818 2867 4885 ἢ
2914 4807 3150 4893 ὅμοιοιος
3302 4818 3520 4894 ὑπάρχῳ
3552 4807 3786 4888 φιλόχρυσ

2181 4928 2294 4977 σος,
2330 4905 2505 4973 ἄλλως
2554 4928 2612 4963 τε
2661 4908 2748 4963 καὶ
2792 4905 2939 4986 φίλος
2993 4910 3163 4964 αὖτῶν
3193 4910 3276 4965 καὶ
3322 4906 3543 4973 συνήθης
3570 4896 3664 4965 ἤδη
3701 4912 3784 4967 γε·

2181 5000 2494 5073 γενημένος,
2541 4997 2664 5054 εἶτα
2720 5000 2809 5052 καὶ
2866 5010 2982 5061 τοϊς
3029 4996 3239 5075 ἀνδρὰσι
3295 4996 3526 5076 πρόσεισι
3571 4986 3784 5061 σκυθρω-

2180 5087 2280 5151 πὸς
2349 5089 2436 5143 καὶ
2490 5084 2888 5166 δεδακρυμένος,
2934 5088 3022 5143 καὶ
3088 5087 3180 5144 ἀπ’
3253 5089 3413 5151 αὐτῆς
3482 5080 3649 5154 ὥσπερ
3700 5087 3784 5166 της

2179 5174 2353 5250 ὅψεως
2409 5178 2470 5232 τὸ
2519 5176 2756 5252 λυπηρὸν
2800 5186 2891 5234 τοῦ
2924 5178 3230 5256 πράγματος
3274 5166 3655 5252 προαγγέλλωνν
3685 5158 3781 5256 ³ξ²ῗν

2182 5247 2452 5343 ηὸφελον,
2487 5266 2610 5346 ἔφη³
2645 5247 2781 5340 μηδὲ
2838 5265 2936 5333 τὴν
2965 5247 3183 5344 πρωτην
3236 5247 3360 5339 ὕμιν
3398 5247 3552 5329 ἦλθον
3596 5255 3662 5316 εἷς
3699 5247 3779 5346 Xo;-

2178 5332 2326 5432 γουξ,
2389 5332 2536 5430 μηδὲ.
2586 5332 2835 5412 τοσοῦτον
2893 5332 3026 5431 ὁμοθ
3093 5332 3329 5435 διέτριιίια
3402 5348 3607 5435 ψρόνον,
3662 5332 3778 5435 μζιδέ

2176 5443 2440 5519 τραπέζης
2511 5442 2646 5521 μηδὲ
2719 5443 2863 5500 ἀλῶν
2938 5445 3067 5516 ὑμῖν
3130 5434 3451 5510 ἐκοινώνησα
3508 5434 3774 5507 δυστυχώνο

542 5604 623 5686 (5)
659 5604 1017 5667 Hilarianum
1055 5607 1213 5669 hunc
1244 5614 1412 5670 vocat
1442 5608 1613 5674 Joan.
1648 5610 1946 5680 Diaconus
1977 5620 2127 5699 apud
2164 5619 2513 5685 Boronium.
