3992 6134
252 307 365 376 345

1609 312 1799 378 νΙΤΑ
1841 313 1901 378 S.
1946 311 2282 379 NICOLAI.

3511 318 3630 387 346

252 439 401 523 Ῥᾷον
456 447 551 527 γὰρ
602 446 662 505 ἂν
730 447 985 518 ὑπέστην
1051 450 1150 519 τὴν
1207 449 1501 530 συμφορὰν,
1571 449 1731 518 ἧττον
1799 447 1899 517 ἦλ-

1989 445 2344 530 perculisset
2371 435 2663 512 animum.
2695 444 2838 511 Cras
2867 446 3028 511 enim
3062 466 3096 513 a
3140 446 3317 514 nobis
3372 451 3627 518 invicem

251 561 396 615 γησα
450 540 545 605 τὴν
598 540 980 618 προκειμένην
1038 538 1314 614 διάζευξιι,
1372 542 1466 598 οὐκ
1534 538 1595 601 ἄν
1666 562 1766 616 μου
1840 540 1902 595 τὸ

254 630 416 692 πάθος
477 629 607 688 οὕτω
658 631 922 686 καθίκετο
977 635 1074 697 τῆς
1129 635 1340 711 ψυχῆς·
1402 628 1577 707 αὔριον
1651 630 1750 709 γὰρ
1809 628 1904 685 ἀπ’

252 716 523 790 ἆλλή)ων,
582 716 823 798 ἀδελφοὶ,
884 718 1218 800 διαιρούμεθα
1274 719 1372 788 τὴν
1437 720 1650 797 πικρὰν,
1703 718 1899 795 οῗμοιί

253 809 335 864 καὶ
363 808 665 867 τελευταίαν
718 807 999 885 διαίρεσιν,
1053 808 1120 867 Εἴ
1175 831 1226 865 τι
1284 809 1408 887 γοῦν
1466 807 1593 888 περί
1649 809 1748 877 τῆς
1810 810 1901 865 οὒ-

258 898 367 961 σίας
398 898 649 973 βούλεσθε
681 896 950 956 διαθέσθαι
1005 904 1102 966 τῆς
1155 898 1436 974 ὑμετέρας,
1495 898 1572 973 μὴ
1628 900 1715 955 καὶ
1767 898 1903 976 φθά-

258 1008 323 1053 ση
373 988 477 1056 την
536 989 682 1063 ὑμῶν
716 988 944 1066 γνώμην
1006 990 1034 1044 6
1093 990 1280 1067 πικρὸς
1335 989 1579 1052 θάνατος.
1641 994 1814 1045 Ταῦτα
1877 990 1904 1043 6

265 1078 354 1151 μὲν
381 1079 534 1151 εἶπε,
570 1082 803 1151 θρηνῶνο
866 1082 915 1134 οἱ
969 1076 1025 1134 δὲ
1087 1078 1161 1158 (τί
1214 1079 1315 1156 γὰρ
1373 1075 1434 1133 ἂν
1466 1078 1552 1134 καὶ
1581 1074 1793 1155 ἔδρασεν
1818 1078 1905 1134 ἐπὶ

264 1167 456 1231 τούτοις
486 1168 647 1246 ψυχὴ
680 1165 848 1239 μηδὲν
879 1167 1040 1243 ἑαυτῇ
1092 1165 1361 1223 συνειδυῖα
1416 1166 1639 1223 θανᾶτου
1685 1163 1828 1231 ἄξιον
1863 1166 1903 1240 ;)

265 1254 694 1333 περιερρήγνυντο
766 1255 861 1316 τὰς
929 1257 1180 1327 ὶσθῆτας,
1253 1257 1347 1320 τὰς
1396 1267 1591 1334 χεῖρας
1649 1253 1905 1323 ἀλλήλοις

266 1343 597 1419 συνέϐαλλον,
663 1345 756 1411 τὰς
812 1345 1003 1426 τρίχας
1063 1343 1294 1426 ἔτιλλον,
1364 1343 1626 1423 θρηνῶδες
1699 1367 1750 1400 τι
1820 1339 1907 1399 καὶ

264 1435 435 1512 γοερὸν
510 1435 912 1508 ἂνακρᾶζοντες,
986 1431 1287 1491 ἀπέϐλεπον
1369 1457 1427 1492 τε
1499 1436 1573 1499 εἷς
1660 1434 1901 1514 οὒρανον,

264 1526 342 1580 καὶ
396 1523 636 1603 μάρτυρα
690 1525 791 1591 τὴν
847 1525 989 1581 θείαν
1044 1522 1386 1589 ἐξεκαλοῦντο
1436 1522 1608 1592 δίκην.
1651 1523 1740 1587 Τίς
1771 1525 1906 1599 ἡμῖν

264 1612 451 1688 δαίμων
511 1611 801 1688 ἐϐάσκηνε,
861 1612 1130 1692 λέγοντες,
1188 1619 1289 1682 τῆς
1346 1616 1544 1687 ζωῆς;
1618 1615 1679 1671 Τί
1735 1611 1907 1668 δεινὸν

262 1705 410 1777 ἡμεῖς
462 1702 827 1783 εἰργασμένοι,
899 1704 990 1759 τὸν
1057 1706 1164 1759 τῶν
1234 1705 1543 1783 κακούργων
1612 1705 1906 1771 ὑποστῆναι

261 1795 463 1850 θάνατον
552 1795 941 1870 κατεκρίθημεν
979 1809 994 1866 ;

262 1884 419 1958 ipim,
508 1883 653 1945 τίνες
710 1886 761 1939 οἱ
820 1884 887 1939 τὰ
941 1882 1290 1962 πεπραγμένα
1349 1886 1524 1947 κακῶς
1583 1881 1907 1961 διελέγχον-

271 1973 593 2044 τεςςΤαύτά
654 1994 710 2028 τε
768 1972 977 2051 ἔλεγον,
1035 1975 1132 2029 καὶ
1191 1971 1312 2037 τοὺς
1368 1972 1586 2036 οἰκείους
1650 1970 1907 2042 ὀνομαστὶ

1987 535 2406 625 disjungimur,
2442 535 2680 610 acerba,
2713 537 2832 600 heu
2868 538 3036 620 mihi,
3071 546 3130 600 et
3159 539 3368 603 ultima
3395 542 3630 625 disjun-

1985 624 2205 715 ctione.
2233 623 2440 703 Neque
2470 644 2573 686 vos
2602 627 2858 708 amplius
2892 629 3229 709 jucundum
3271 623 3632 715 videbo-spe-

1986 714 2309 796 ctaculum,
2328 734 2445 776 non
2465 715 2701 777 audiam
2726 717 3056 798 loquentes,
3087 738 3206 781 non
3228 739 3440 801 panem
3457 714 3636 803 appos

1988 822 2124 866 nam
2157 822 2561 867 communem.
2587 804 2741 868 Jussi
2764 806 2925 869 enim
2956 810 3099 872 estis
3121 809 3415 875 interimi.
3443 812 3559 876 Sed
3581 813 3634 875 si

1988 894 2064 955 de
2096 893 2305 955 vestris
2342 895 2720 958 facultatibus
2771 898 2948 959 vultis
3000 899 3220 981 aliquid
3284 899 3630 980 disponere,

1980 984 2103 1063 jam
2136 993 2230 1045 est
2257 992 2491 1063 tempus
2518 1007 2530 1043 :
2570 1003 2645 1046 ne
2676 1004 2837 1047 mors
2866 994 3119 1050 vestram
3153 991 3473 1069 praeveniat
3496 1009 3633 1053 sen-

1989 1073 2258 1135 tentiam.
2282 1071 2418 1134 Haec
2438 1073 2540 1135 ille
2566 1075 2809 1151 quidem
2837 1075 2983 1139 dixit
3009 1096 3290 1155 maerens,
3317 1087 3373 1142 et
3392 1080 3629 1143 illorum

1990 1169 2246 1223 mortem
2280 1161 2496 1224 acerbe
2526 1162 2866 1244 deplorans.
2900 1166 2989 1228 Illi
3017 1176 3238 1243 autem,
3281 1169 3440 1249 (quid
3469 1171 3630 1233 enim

1990 1252 2062 1312 ad
2091 1251 2216 1313 haec
2249 1251 2530 1314 fecissent
2557 1253 2793 1334 animae,
2820 1273 2951 1335 qua;
2974 1257 3196 1320 nullius
3217 1258 3633 1339 reiquzemor-

1990 1347 2109 1401 tem
2144 1350 2477 1404 mereretur
2490 1342 2601 1404 sibi
2623 1346 3059 1407 erantconscize
3081 1352 3109 1408 ?
3127 1356 3186 1408 et
3203 1357 3396 1409 vestes
3411 1349 3632 1415 lacera-

1992 1428 2152 1507 bant,
2183 1439 2241 1492 et
2266 1432 2511 1510 capillos
2532 1433 2750 1495 misere
2775 1432 3105 1498 vellebant:
3136 1434 3281 1508 Quis
3308 1436 3480 1499 nobis
3504 1438 3630 1501 dai-

1993 1538 2154 1594 mon,
2190 1520 2482 1593 dicentes,
2518 1522 2690 1583 vitam
2721 1522 2971 1587 invidit?
2990 1526 3109 1587 Cur
3134 1544 3241 1586 nos
3261 1535 3457 1588 autem
3480 1527 3631 1591 sub-

1990 1608 2210 1670 ibimus
2236 1618 2485 1673 mortem
2519 1612 3001 1678 maleficiorum?
3031 1613 3324 1687 Quidnam
3354 1615 3628 1693 fecimus,

1991 1700 2146 1781 quod
2174 1711 2425 1763 mortem
2458 1702 2808 1766 mereatur?
2836 1704 3076 1768 Amicos
3107 1725 3246 1768 suos
3279 1706 3625 1769 nominatim

1094 1795 1242 1856 Τίνες
1341 1797 1388 1851 οἱ
1486 1799 1899 1871 κατηγοροῦντες

1988 1788 2275 1852 vocabant
2309 1807 2325 1867 ;
2374 1801 2682 1871 cognatos,
2725 1793 3068 1870 familiares,
3105 1794 3290 1857 Deum
3321 1795 3392 1857 ad
3424 1814 3625 1860 rerum

1990 1881 2369 1960 praesentium
2386 1881 2677 1945 vocabant
2696 1884 3248 1966 testimonium,jam
3270 1894 3408 1949 ante
3422 1885 3628 1951 oculos

1990 1976 2241 2031 mortem
2275 1969 2501 2032 visione
2526 1972 3079 2054 apprehendebant.

280 2062 476 2137 hilaro,
534 2063 663 2126 τοὺς
722 2074 1021 2139 συγγενεῖς,
1072 2063 1193 2125 τοὺς
1251 2063 1511 2136 συνήθεις,
1575 2063 1666 2117 τὸν
1724 2059 1945 2116 θάνατον
2006 2057 2109 2125 ἤδη
2165 2062 2270 2137 πρὸ
2326 2067 2432 2117 τῶν
2474 2061 2769 2142 οφθαλμιῖκι
2818 2064 3069 2128 ἔϐλεπον.
3122 2071 3321 2145 Μικροῦ
3363 2067 3450 2124 καὶ
3496 2067 3628 2144 πρὸς

275 2153 321 2207 τὸ
345 2159 512 2233 Θετον,
547 2153 623 2216 ὣς
657 2151 734 2227 μὴ
766 2152 1147 2230 ἐπιμαρτυρῶν
1176 2154 1359 2212 αὐτοῖς
1390 2152 1493 2217 τὴν
1522 2149 1701 2206 ἄδικον
1735 2148 1970 2227 σφαγὴν,
2004 2149 2420 2227 κατεγόγγυζον.

325 2241 451 2303 ΚΔ’.
517 2240 677 2299 Οὕτω
734 2242 832 2307 τὴν
888 2242 1182 2320 συμφορὰν,
1234 2240 1369 2319 ipsi}!
1418 2240 1722 2318 περιπαθῶς
1756 2239 1898 2295 ἀπο-

255 2327 564 2409 δερομένων,
633 2331 720 2394 εἷς
779 2338 884 2387 τῶν
939 2338 1119 2409 τριῶν,
1180 2332 1523 2394 Νεπωτιανὸς
1578 2329 1769 2403 ὄνομα,
1825 2328 1897 2389 εἰς

256 2423 465 2495 μνήμην
505 2420 676 2477 ἐλθὼν
750 2419 1032 2499 Νικολάου,
1088 2421 1175 2476 καὶ
1233 2418 1379 2478 ὅπως
1439 2419 1492 2475 ἐν
1551 2419 1742 2495 Μύροις
1799 2416 1897 2472 ἆν-

256 2509 379 2589 aea.»
436 2515 653 2574 ἒκεϊνος
709 2516 870 2589 τριῶν
925 2510 1183 2588 προέστη,
1245 2510 1332 2566 καὶ
1376 2509 1601 2566 θανάτου
1648 2506 1895 2581 ἐξείλετο,

252 2616 425 2677 σωτὴρ
487 2603 676 2665 αὐτοῖς
730 2600 793 2656 ἐκ
848 2596 1138 2677 παραδόξου
1195 2601 1279 2656 καὶ
1339 2599 1532 2677 ἀγαθὸς
1596 2597 1899 2678 προστάτης

252 2691 563 2766 γενόμενος,
622 2689 778 2766 λόγον
809 2686 1078 2762 ἐμϐαλὼν,
1141 2688 1321 2760 ἐκίνει,
1385 2687 1481 2744 καῖ
1540 2700 1658 2750 τοϊς
1717 2684 1900 2750 ἄλλοις

250 2777 494 2856 ἔνδακρυς
556 2777 975 2855 ἐκοιδολογεῖτο,
1053 2779 1330 2855 Εὒρετικὸν
1389 2779 1488 2856 γὰρ
1545 2776 1751 2855 ἀνάγκη
1815 2777 1902 2832 καὶ

252 2869 380 2948 πρὸς
436 2866 646 2933 πολλὰς
704 2867 902 2931 ἐννοίας
963 2866 1233 2945 ἐγείρουσα
1291 2866 1390 2934 τὴν
1446 2865 1655 2945 ψυχήν.
1720 2863 1901 2925 Οὕτως

2062 2234 2265 2326 XXIV.
2295 2238 2442 2299 Cum
2476 2239 2563 2300 sic
2597 2239 2815 2304 acerbe
2862 2242 3352 2326 lamentarentur,
3402 2253 3461 2307 et
3510 2253 3626 2306 tam

1984 2325 2402 2389 miserabiliter
2435 2346 2603 2389 suam
2636 2330 2909 2409 lugerent
2936 2332 3511 2405 calamitatem,alter
3531 2352 3629 2395 eo-

1980 2433 2112 2476 rum
2143 2415 2238 2477 cui
2268 2435 2488 2477 nomen
2505 2415 2894 2497 Nepotianus,
2945 2421 3297 2483 recordatur
3315 2421 3632 2500 Nicolai,et

1984 2504 2487 2585 quemadmodum
2519 2508 2700 2588 Myris
2727 2507 2830 2570 ille
2860 2517 2980 2581 tres
3001 2510 3158 2571 viros
3186 2509 3474 2588 defendit,
3515 2522 3572 2573 et
3592 2529 3628 2573 a

1985 2603 2175 2656 morte
2198 2596 2584 2676 eripuit,cum
2611 2597 3001 2679 exinopinato
3032 2598 3118 2660 eis
3146 2599 3631 2663 fuissetservator

1985 2692 2042 2745 et
2071 2684 2377 2747 defensor.
2412 2685 2555 2750 Haec
2589 2686 2676 2749 eis
2703 2687 2860 2750 inter
2884 2706 2950 2750 se
2981 2688 3369 2766 loquentibus
3401 2690 3629 2771 (inven-

1982 2773 2145 2835 tione
2174 2774 2330 2836 eoim
2363 2777 2516 2837 valet
2547 2777 2896 2851 necessitas,
2931 2786 2991 2839 et
3016 2780 3272 2841 animam
3302 2778 3375 2841 ad
3407 2780 3626 2842 multas

1986 2863 2201 2924 excitat
2230 2863 2664 2942 cogitationes),
2699 2866 2772 2928 ab
2804 2867 2918 2928 illis
2947 2886 3187 2947 quoque
3210 2868 3282 2930 ad
3313 2868 3500 2931 Deum
3526 2869 3626 2931 in-

253 2960 340 3017 οὗν
396 2960 536 3038 πρὸς
599 2956 869 3026 ἀλλήλους
928 2954 1347 3032 διομιλουμένοις
1422 2959 1604 3020 αὐτοῖς
1674 2954 1895 3030 μεσίτης

1986 2960 2278 3013 tercessor
2299 2953 2498 3015 statim
2534 2966 2879 3037 assumptus
2922 2965 3011 3018 est
3034 2956 3334 3033 Nicolaus,
3369 2958 3627 3022 dicenti-

247 3048 512 3111 κᾶκείνοις
564 3047 631 3102 τὰ
683 3048 817 3125 πρὸς
868 3048 996 3102 Θεὸν
1057 3043 1317 3108 Νικόλαος
1376 3046 1561 3104 αὐτίκα
1614 3042 1898 3122 παρελαμ-

248 3137 462 3212 ﬁve-co,
495 3123 609 3208 καὶ,
649 3137 812 3215 Κύριε
845 3138 870 3191 6
903 3142 997 3192 τοῦ
1024 3142 1116 3191 σοῦ
1178 3133 1448 3193 Νικολάου
1507 3135 1659 3213 Θεὸς,
1720 3136 1747 3189 ὁ
1778 3134 1899 3195 τοὺς

245 3243 391 3306 τρεῖς
423 3225 614 3305 ἄνδρας
649 3225 828 3284 ἀδίκου
885 3224 1138 3303 πρότερον
1194 3222 1386 3289 ἐξελὼν
1440 3224 1689 3296 θανάτου,
1753 3219 1900 3278 ἔπιδε

247 3320 334 3374 καὶ
360 3318 452 3373 νῧν
504 3317 590 3396 ἐφ’
646 3319 815 3390 ἡμᾶς,
881 3314 1085 3390 ἔλεγον,
1148 3315 1226 3389 μὴ
1283 3313 1435 3378 ὄντος
1489 3312 1543 3369 ἐν
1600 3312 1898 3386 ἀνθρώποις

250 3411 397 3486 ὁρᾷς,
458 3405 712 3477 δέσποτα,
767 3411 861 3461 τοῦ
922 3402 1272 3479 λυτρουμένου
1326 3402 1413 3459 νῦν
1445 3401 1582 3478 μηδὲ
1610 3402 1891 3473 σώζοντος.

256 3496 387 3555 Ἰδοὺ
439 3498 541 3574 γὰρ
601 3495 885 3574 συνέχεται
942 3495 1078 3567 ἡμῖν
1134 3495 1170 3562 ἡ
1222 3491 1432 3572 καρδία,
1489 3491 1585 3549 καί
1616 3494 1668 3548 αἱ
1696 3490 1898 3567 θλίψεις

256 3591 415 3653 αὗτῆς
461 3585 891 3651 ἒπληθύνθησαν·
950 3580 1058 3638 ἱδοὺ
1113 3583 1206 3638 καὶ
1256 3584 1290 3649 ἦ
1344 3581 1495 3661 ςωνῆ
1530 3584 1631 3661 πρὸ
1666 3582 1760 3649 τῆς
1793 3585 1898 3655 ψυ-

258 3682 363 3755 χῆς
398 3678 540 3751 ἡμᾶς
572 3674 858 3747 ἐπιλείπει,
889 3673 977 3729 καὶ
1005 3674 1038 3740 ἡ
1070 3671 1283 3750 γλῶττα
1313 3677 1390 3744 τῷ
1437 3672 1558 3750 πυρὶ
1618 3675 1717 3738 τῆς
1763 3691 1899 3747 καρ-

258 3764 362 3831 δίας
391 3767 517 3823 ὡσεὶ
546 3765 711 3843 κηρὸς
741 3764 986 3841 τήκεται,
1020 3760 1116 3817 καὶ
1147 3760 1241 3817 οὒκ
1288 3758 1364 3815 ἔτι
1415 3781 1499 3816 σοι
1556 3758 1671 3818 οὔδε
1728 3780 1903 3836 προσ-

260 3866 495 3932 ενεγκεϊν
542 3851 800 3926 δυναμεθα
862 3849 1068 3924 δέησιν,
1127 3855 1195 3927 τῇ
1254 3854 1462 3928 συνοχῇ
1514 3855 1608 3905 τοῦ
1663 3847 1901 3921 πνεύμα-

261 3965 345 4005 τος
400 3943 771 4023 ἀφαιρεθείσης
827 3941 986 4014 ἡμῶν
1043 3939 1140 4007 τῆς
1198 3938 1460 4017 φθογγῆς.
1519 3938 1673 4017 Ταχὺ
1704 3958 1901 4015 προκα-

240 4031 629 4103 ,ταλαὸἐτωσαν
691 4033 835 4106 ἡμᾶς
896 4033 944 4087 οἱ
1001 4029 1262 4107 οἰκτιρμοί
1320 4050 1436 4101 σου,
1500 4029 1680 4106 Κύριε·
1731 4025 1908 4091 ἐξελοῦ

262 4125 395 4196 ἡμᾶς
423 4125 487 4178 ἐκ
514 4123 699 4200 χειρὸς
727 4123 832 4176 τῶν
863 4118 1140 4196 διψώντων
1182 4120 1362 4194 ἡμῶν·
1416 4125 1643 4175 σπεῦσον
1689 4118 1716 4172 6
1765 4115 1905 4195 ἀγα-

256 4214 360 4285 θὸς,
392 4211 624 4268 σπεῦσον
656 4212 725 4275 εἰς
752 4211 852 4277 τὴν
880 4211 1035 4282 ἡμῶν
1068 4209 1342 4284 βοήθειαν.

1984 3041 2136 3104 bus:
2170 3041 2446 3124 Domine,
2487 3045 2571 3105 tui
2602 3042 2826 3106 Nicolai
2861 3047 3039 3116 Deus,
3073 3048 3175 3127 qui
3201 3054 3322 3110 tres
3365 3049 3521 3111 viros
3552 3047 3625 3111 ab

1980 3130 2197 3209 injusta
2227 3139 2418 3194 morte
2444 3133 2609 3215 prius
2637 3134 2931 3216 eripuisti,
2962 3136 3035 3198 ad
3064 3156 3171 3199 nos
3198 3157 3433 3220 quoque
3461 3139 3626 3223 aspi-

1982 3240 2086 3297 ce;
2115 3223 2386 3302 quoniam
2410 3241 2528 3284 non
2553 3233 2641 3285 est
2664 3225 2820 3287 inter
2841 3225 3116 3290 homines
3133 3228 3236 3308 qui
3256 3247 3429 3308 opem
3450 3226 3627 3294 ferat.

1981 3312 2136 3372 Ecce
2167 3311 2327 3373 enim
2357 3330 2461 3376 cor
2485 3322 2750 3375 nostrum
2776 3315 3214 3397 comprimitur,
3241 3325 3301 3378 et
3321 3318 3452 3398 ejus
3476 3318 3628 3381 atili-

1982 3406 2206 3463 ctiones
2239 3402 2647 3483 multiplicatae
2680 3413 2820 3466 sunt
2848 3423 3029 3485 super
3081 3423 3211 3487 nos,
3247 3415 3306 3468 et
3335 3426 3511 3469 nemo
3542 3416 3633 3471 est

1983 3491 2084 3570 qui
2116 3508 2224 3551 nos
2255 3491 2468 3553 educat
2490 3511 2523 3553 θ
2552 3495 2894 3556 tentatione.
2921 3494 3080 3558 Ecce
3112 3513 3218 3557 nos
3249 3515 3486 3578 quoque
3515 3516 3625 3560 vox

1984 3578 2184 3639 deﬁcit
2214 3588 2352 3641 ante
2383 3581 2668 3656 animam,
2704 3591 2764 3643 et
2794 3583 2993 3663 lingua
3023 3584 3159 3662 igne
3190 3585 3389 3647 cordis
3434 3592 3629 3648 exsic-

1984 3677 2150 3729 catur
2177 3688 2189 3730 :
2231 3675 2289 3731 et
2319 3668 2429 3729 tibi
2462 3688 2579 3731 non
2616 3690 2931 3751 possumus
2961 3672 3217 3751 amplius
3240 3674 3457 3737 offerre
3483 3692 3624 3754 pre-

1988 3755 2244 3817 ces.Cito
2264 3757 2623 3834 praeveniant
2646 3777 2749 3819 nos
2767 3759 3624 3842 misericordiaetuae,Domine,

1987 3863 2063 3906 ne
2079 3843 2376 3926 despicias
2395 3847 2742 3926 injustitiam
2771 3856 2827 3909 et
2852 3848 3131 3928 injustam
3152 3858 3426 3913 mortem.
3454 3853 3633 3931 Eripe

1988 3953 2097 3996 nos
2123 3954 2156 3996 e
2177 3953 2354 3997 manu
2376 3954 2582 3997 eorum
2615 3938 2714 4018 qui
2749 3947 3022 4019 quaerunt
3048 3949 3308 4002 nostram
3333 3941 3626 4022 animam;

1989 4034 2047 4086 et
2078 4024 2289 4086 festina
2318 4025 2392 4087 ad
2425 4034 2693 4089 nostrum
2726 4029 3036 4090 auxilium.
3088 4029 3229 4094 Cras
3259 4030 3418 4093 enim
3447 4031 3639 4097 dede-

1992 4132 2125 4177 mur
2162 4115 2361 4178 morti.

336 4300 473 4364 κε’,
507 4303 724 4365 Τούτοις
756 4300 1047 4378 προσσχὼν
1104 4301 1130 4354 ὁ
1160 4305 1266 4354 τῶν
1322 4296 1660 4376 φοϐουμένων
1698 4298 1898 4372 αὐτὸν,

2069 4296 2250 4361 XXV.
2307 4298 2454 4361 Cum
2502 4298 2628 4361 haec
2674 4300 3044 4375 attendisset,
3109 4303 3209 4383 qui
3267 4320 3475 4365 eorum
3529 4304 3632 4384 qui

258 4393 339 4448 καὶ
393 4390 604 4456 μᾶλλον
661 4388 696 4457 ἤ
752 4389 931 4465 πατὴρ
992 4388 1411 4467 προϊστάμενος,
1480 4388 1577 4455 τὴν
1637 4387 1900 4466 ταχίστην

257 4486 434 4546 αὗτοῒς
490 4480 753 4555 ἐκπέμπει
808 4477 1085 4555 βοήθειαν,
1153 4468 1215 4534 Ἠ
1271 4476 1326 4532 δὲ
1379 4478 1445 4546 ἦν
1493 4479 1517 4533 ὃ
1562 4480 1709 4540 θεῖος
1743 4475 1900 4533 αὐτοῦ

258 4570 489 4648 θεράπων
544 4570 573 4625 6
625 4567 927 4643 θαυμαστὸς
968 4573 1045 4641 τῷ
1094 4564 1202 4622 ὄντι
1234 4564 1522 4645 Νικόλαος,
1581 4564 1639 4630 ὅς
1669 4564 1796 4642 ὄναρ
1823 4573 1899 4641 τῷ

262 4658 464 4735 βασιλεῖ
519 4657 762 4732 ἐπιστὰς,
834 4654 1083 4733 Βασιλεῦ,
1151 4654 1276 4736 ἔφη,
1326 4656 1387 4711 τὸ
1441 4658 1610 4736 ταχος
1642 4655 1895 4731 ἀναστὰς,

258 4750 370 4812 τοὺς
400 4744 800 4827 κατεχομένους
862 4746 915 4801 ἐν
964 4751 1030 4821 τῇ
1091 4750 1288 4825 φρουρᾷ
1336 4743 1702 4822 στρατηλάτας
1753 4757 1898 4821 τρεῖς

256 4833 506 4901 ἀϐλαϐεῖς
538 4834 683 4897 ἄνες,
740 4834 1071 4914 Συκοφαντία
1118 4834 1220 4912 γὰρ
1268 4834 1481 4914 ¹πονηρὰ
1537 4835 1622 4889 καὶ
1680 4830 1899 4901 διαϐολὴ

253 4927 451 5001 ματαία
506 4925 569 4980 τὸ
623 4922 745 4980 κατ’
800 4925 997 4984 αὐτῶν.
1045 4923 1161 4980 Εἶθ’
1215 4923 1351 4980 οὕτω
1380 4925 1467 4979 καὶ
1496 4922 1560 4990 ἣν
1596 4922 1899 5001 πάσχουσιν

250 5015 452 5072 ἀδικίαν
487 5011 827 5093 ἐξετραγῴδει
857 5014 1040 5069 καὶτὰ
1088 5019 1181 5069 τοῦ
1229 5009 1495 5089 δράματος
1553 5013 1684 5088 πρὸς
1743 5011 1896 5090 ἀκρί-

247 5102 390 5161 ϐειαν
418 5102 633 5182 διεξῄει,
668 5105 711 5159 εἰ
739 5100 785 5158 δ’
819 5102 929 5176 οὖν,
963 5100 1200 5177 πόλεμον
1261 5100 1378 5157 κατ’
1440 5103 1599 5159 αὐτοῦ
1658 5103 1895 5168 κινήσειν

246 5199 330 5252 καὶ
358 5201 540 5258 κακῶς
574 5194 729 5250 αυτὸν
753 5190 982 5248 ἀπολεῖν
1011 5191 1246 5260 ἠπείλει.
1267 5191 1596 5269 Ἐκπλσγείς
1629 5190 1720 5246 οὗν
1743 5192 1769 5245 6
1789 5191 1893 5266 βα-

246 5285 417 5347 σιλεὺς
450 5285 547 5352 τὴν
580 5284 676 5341 τοῦ
703 5280 890 5361 ἀνδρὸς
950 5280 1246 5360 παρρησίαν
1297 5287 1365 5357 τῇ
1416 5302 1473 5337 τε
1504 5279 1642 5355 ἁλλῃ
1694 5280 1780 5335 καὶ
1812 5279 1893 5335 ὅτι

240 5376 373 5449 αωρί
401 5380 511 5432 τῶν
543 5380 745 5430 νυκτῶν
778 5372 885 5428 τῶν
914 5369 1197 5448 βασιλείων
1248 5370 1394 5427 ἔνδον
1445 5371 1707 5450 ἐφαίνετω
1761 5367 1894 5424 Ἀλ-

244 5465 309 5522 λὰ
336 5466 437 5545 τίς,
466 5462 643 5545 ἤρετο,
680 5464 768 5535 σὺ,
800 5463 828 5517 6
861 5467 1079 5517 τοιαῦτα
1110 5460 1358 5517 ἐπισείων
1390 5461 1507 5536 ἐμοὶ
1537 5460 1628 5515 καί
1689 5454 1896 5513 διαπει-

243 5554 522 5631 λαᾶμενος;
548 5555 610 5613 Ὀ
637 5550 715 5609 δέ·
746 5549 1015 5614 Νικόλαος
1047 5552 1074 5606 ὂ
1105 5548 1160 5606 ἐν
1187 5555 1256 5626 τῇ
1287 5549 1502 5629 Μύρὲων
1532 5547 1888 5627 μητροπόλει,

243 5644 366 5725 ἴση.
401 5647 496 5705 Καὶ
546 5642 738 5702 αὐτίκα
797 5640 898 5720 μὲν
957 5640 1058 5697 ὑπὸ
1113 5640 1214 5707 τῆς
1270 5637 1446 5719 ὄψεως
1494 5636 1890 5723 διαταραχθεὶς,

1986 4387 2179 4467 ipsum
2211 4386 2442 4459 timent,
2478 4395 2757 4469 tanquam
2792 4398 2958 4470 pater
2982 4390 3265 4467 filiorum,
3291 4392 3626 4470 miseretur,

1984 4477 2160 4538 mittit
2190 4478 2473 4539 auxilium
2504 4496 2539 4539 a
2571 4488 2803 4561 sancto,
2842 4498 3056 4561 nempe
3112 4499 3284 4544 suum
3315 4481 3625 4554 famulum,

1985 4584 2039 4632 et
2070 4584 2242 4632 noctu
2272 4591 2558 4647 apparens
2589 4578 2919 4648 imperatori
2943 4578 3209 4636 Nicolaus
3231 4579 3584 4637 admirabilis
3613 4600 3627 4645 ;

1984 4653 2332 4735 Imperator,
2371 4659 2579 4737 inquit,
2613 4677 2788 4737 surge
2817 4659 2961 4742 cito,
3014 4667 3076 4722 et
3120 4679 3224 4722 eos
3278 4671 3398 4722 tres
3446 4662 3631 4723 duces

1984 4747 2279 4807 exercitus
2311 4748 2412 4823 qui
2451 4748 2794 4808 detinentur
2828 4749 2887 4809 in
2920 4768 3191 4822 carcere,
3227 4750 3434 4812 libera.
3467 4749 3629 4811 Fue-
3722 4744 3725 4745 ⁷

1982 4843 2120 4897 runt
2149 4836 2307 4896 enim
2343 4845 2568 4900 temere
2600 4837 2844 4919 appetiti
2872 4839 3215 4902 calumniis.
3262 4839 3487 4900 Deinde
3529 4839 3628 4900 in-

1978 4924 2218 5005 justitiae
2268 4945 2446 5003 quam
2497 4927 2797 5006 patiuntur
2844 4927 3092 5008 eXponit
3142 4927 3512 5005 tragcediam,
3570 4937 3629 4990 et

1981 5015 2480 5095 quemadmodum
2509 5015 2595 5076 eis
2623 5014 2861 5077 fuerunt
2880 5028 3095 5097 paratae
3116 5016 3632 5079 insidiaaaccurate

1979 5105 2374 5184 persequitur.
2410 5104 2513 5165 Sin
2546 5103 2762 5183 minus,
2785 5122 2850 5164 se
2881 5112 2939 5164 et
2971 5104 3192 5166 bellum
3221 5113 3543 5179 moturum,
3571 5113 3630 5167 et

1979 5192 2134 5253 male
2167 5190 2363 5269 ipsum
2398 5191 2794 5273 perditurum,
2840 5200 2898 5253 et
2927 5202 3193 5265 extrema
3247 5194 3301 5254 ei
3336 5192 3628 5256 facturum

1977 5291 2069 5342 est
2129 5280 2409 5343 minatus.
2468 5279 2812 5343 Admiratus
2869 5282 3072 5363 itaque
3123 5283 3449 5362 imperator
3497 5284 3629 5364 ejus

1980 5369 2284 5432 ﬁdentiam
2320 5377 2378 5431 et
2404 5370 2644 5431 dicendi
2675 5370 3043 5453 libertatem,
3077 5380 3135 5433 et
3198 5373 3417 5455 alioqui
3468 5375 3627 5455 quod

1978 5460 2330 5539 intempesta
2362 5468 2537 5522 nocte
2567 5460 2656 5523 sic
2686 5462 2991 5539 ingressus
3024 5469 3186 5524 esset
3208 5463 3427 5542 regiam
3460 5479 3473 5524 :
3506 5463 3627 5526 Sed

1979 5549 2110 5631 quis
2143 5559 2204 5610 tu
2228 5566 2317 5630 es,
2339 5549 2586 5631 rogavit,
2609 5549 2710 5632 qui
2734 5551 2860 5614 haec
2888 5570 3035 5614 mea;
3060 5551 3338 5632 potentiae
3364 5550 3626 5614 intentas

1977 5648 2037 5704 et
2067 5637 2317 5703 minaris
2340 5639 2364 5703 Υ
2387 5639 2664 5706 Nicolaus
2693 5648 2892 5705 autem
2922 5660 2935 5706 :
2964 5639 3075 5714 Qui
3104 5658 3382 5724 praesum,
3406 5641 3621 5731 inquit,
