3992 6134
432 328 544 398 347

1736 328 2019 394 MENStS
2060 328 2488 425 DECEMBER.

3671 334 3778 411 348

429 472 785 555 Myrensium
814 471 1165 555 metropoli;
1193 478 1251 543 et
1278 469 1473 533 statim
1500 468 1600 531 ille
1617 465 1861 546 quidem
1889 466 2075 546 surgit

2164 470 2429 536 Ξινιστατο,
2467 470 2524 532 Ὀ
2557 471 2609 530 δὲ
2641 472 2788 551 ἅγιος
2820 472 3009 541 ἐπίσης
3044 472 3127 532 καί
3187 481 3261 549 τῷ
3320 473 3540 556 ἐπάρχῳ
3594 474 3780 538 Ἀϐλα-

431 564 815 626 conturbatus
886 578 920 624 a
975 561 1229 625 visione.
1290 565 1542 625 Sanctus
1598 576 1740 619 vero
1800 558 2075 619 similiter

431 655 603 715 etiam
638 664 883 734 apparet
916 652 1170 714 Ablabio
1206 652 1481 731 praefecto
1514 647 1878 723 dormienti;
1915 657 1974 709 et
2002 647 2075 708 de

428 756 511 809 eis
544 754 769 810 mandat
794 751 1012 807 eadem.
1048 749 1281 805 Ablibio
1313 761 1525 813 autem,
1562 748 1658 820 qui
1696 747 1817 816 ipsa.
1847 762 2076 818 quoque

429 834 653 915 rogavit
686 834 956 914 quisnam
979 839 1158 909 esset,
1192 829 1491 903 Nicolaus,
1522 827 2077 908 respondit,Christi

429 943 657 985 servus.
688 922 986 985 Excitatus
1014 938 1154 998 ergo
1189 919 1505 999 Ablabius,
1572 927 1772 979 mente
1803 917 2081 980 versabat

428 1014 488 1074 id
525 1013 678 1092 quod
714 1013 774 1072 in
807 1009 1032 1072 somnis
1064 1007 1313 1082 viderat,
1352 1017 1409 1069 et
1432 1007 1719 1085 quidnam
1746 1015 1902 1068 esset
1924 1008 2079 1087 quod

430 1104 484 1164 ei
516 1108 891 1181 apparuerat,
931 1108 989 1160 et
1035 1096 1317 1178 quidnam
1351 1098 1757 1177 signiﬁcaret:
1791 1106 1851 1159 et
1880 1096 2077 1158 statim

430 1192 590 1253 venit
618 1191 689 1253 ad
724 1190 916 1270 ipsum
942 1190 1184 1268 quidam
1216 1187 1290 1249 ab
1313 1187 1705 1267 imperatore,
1735 1187 2079 1265 signiﬁcans

431 1301 497 1344 ea
530 1300 660 1362 quae
689 1278 1026 1360 imperatori
1057 1283 1180 1338 visa
1214 1287 1384 1337 erant
1411 1276 1473 1337 in
1505 1277 1754 1339 somnis.
1802 1277 1909 1339 Ille
1941 1295 2078 1337 vero

431 1370 482 1431 ei
518 1388 721 1430 rursus
748 1368 1043 1430 renuntiat
1074 1366 1388 1440 visionem,
1446 1375 1504 1426 et
1556 1375 1761 1428 narrat
1792 1366 1846 1426 ei
1880 1365 2081 1426 omnia

432 1481 563 1542 qua:
595 1459 674 1521 ibi
704 1466 1122 1538 apparuerant.
1159 1456 1266 1518 Illa
1297 1476 1442 1535 ergo
1473 1456 1835 1529 admirabili,
1864 1466 1921 1518 et
1947 1475 2078 1537 quae

434 1558 649 1631 printer
669 1549 1038 1629 opinionem,
1065 1547 1293 1609 visione
1321 1547 1736 1626 obstupefacti,
1756 1547 2079 1626 imperator

433 1648 492 1700 et
523 1637 856 1718 praefectus,
890 1650 947 1699 et
976 1636 1133 1717 quod
1168 1635 1352 1699 veluti
1386 1636 1557 1714 signo
1593 1637 1728 1697 dato
1762 1636 1967 1698 eadem
2002 1636 2073 1697 ad

431 1737 746 1808 utrumque
777 1726 1055 1805 venisset,
1090 1725 1369 1805 quoniam
1417 1732 1718 1786 somnium
1756 1746 1870 1787 non
1904 1736 2076 1806 pote-

2156 559 2254 636 ϐίῳ
2313 564 2558 619 ὒπνοῦντι
2620 564 2889 642 ἐπιφανεὶς
2952 566 3016 620 τὰ
3076 564 3205 622 αὔτα
3259 568 3376 643 περὶ
3434 570 3537 623 τῶν
3603 567 3785 644 ἀνδρῶν

2160 651 2499 722 ἐπισκήπτει,
2567 651 2833 726 Ἀὄλαϐίῳ
2892 652 2946 709 δὲ
3002 654 3235 732 ἐρομένῳ
3304 658 3394 712 καὶ
3468 657 3609 730 αὒτῷ
3658 657 3788 721 ὅστις

2161 741 2279 815 εἴη,
2365 742 2650 814 Νικόλαος,
2726 743 3066 815 ἀπεκρίνατο,
3145 751 3235 801 τοῦ
3299 752 3531 819 Χριστοῦ
3603 745 3789 813 δοῦλος,

2166 835 2494 897 Διυπνισοεὶς
2581 834 2759 888 τοίνυν
2846 830 3148 914 Ἀϐλάϐιος,
3223 832 3445 913 ἔστραφε
3516 837 3615 902 τὴν
3682 837 3793 911 ὄψιν

2160 920 2275 1002 καθ’
2304 921 2513 994 ἑαυτὸν,
2574 923 2659 978 καὶ
2719 924 2769 979 τί
2820 944 2949 978 ποτε
3006 920 3105 1001 ἄρα
3161 925 3222 979 τὸ
3254 923 3417 1002 φανὲν
3447 927 3533 981 καὶ
3570 922 3597 980 δ
3628 947 3675 980 τι
3704 923 3795 991 δη-

2161 999 2305 1071 λοῦν,
2376 1000 2736 1059 διεσκέπτετο’
2800 1005 2887 1059 καὶ
2940 999 3049 1077 ἅμα
3112 1002 3230 1071 ἥκει
3268 999 3371 1068 ’τις
3429 1006 3502 1068 ὡς
3544 1005 3692 1062 αὑτὸν
3741 1005 3795 1061 ἐκ

2161 1087 2448 1169 βασιλέως,
2509 1092 2725 1165 μηνύων
2784 1092 2918 1171 ὅπερ
2978 1096 3005 1148 ὃ
3058 1092 3309 1169 βασιλεὺς
3370 1092 3425 1148 ἐν
3483 1093 3627 1166 ὕπνῳ
3680 1096 3795 1151 θεά-

2162 1201 2312 1235 σαιτο
2343 1197 2355 1209 ”
2391 1181 2475 1236 καὶ
2508 1182 2563 1243 ὃς
2596 1180 2924 1260 ἀπαγγέλλει
2981 1183 3079 1249 τὴν
3139 1181 3283 1258 ὄψιν,
3338 1184 3427 1239 καὶ
3470 1184 3534 1238 τὰ
3580 1182 3793 1260 φανέντα

2163 1271 2303 1343 αυτῷ
2334 1268 2564 1335 διέξεισι.
2600 1273 2738 1349 Πρὸς
2797 1274 2857 1328 τὸ
2916 1270 3209 1348 παράδοξον
3266 1272 3440 1329 τοίνυν
3486 1272 3657 1328 ἐκεῖνο
3702 1278 3792 1339 της

2160 1359 2280 1421 θέας
2341 1359 2502 1439 ἄμφω
2575 1360 3032 1442 καταπλαγέντες,
3086 1364 3113 1418 ὃ
3170 1383 3226 1417 τε
3296 1360 3548 1438 βασιλεὺς
3620 1366 3704 1417 καὶ
3770 1365 3795 1417 ὁ

2162 1448 2424 1529 ἔπαρχος,
2461 1451 2553 1507 καί
2601 1451 2748 1516 ὅπως
2804 1451 2983 1530 ὥσπερ
3040 1453 3145 1509 ἀπὸ
3204 1451 3536 1526 συνθήματος
3590 1453 3623 1520 ἡ
3674 1453 3796 1519 αὐτὴ

2161 1539 2282 1613 ὄψις
2314 1540 2570 1618 ἐκατέρῳ,
2623 1542 2835 1621 φανείη,
2890 1542 3077 1610 ἐπειδὴ
3135 1544 3230 1599 τὸν
3289 1542 3494 1618 ὄνειρον
3524 1540 3800 1616 συμϐαλεῖν

2162 1628 2257 1684 οὒκ
2285 1630 2470 1707 εἷχος,
2507 1630 3006 1706 μετακαλεσάμενος
3072 1633 3178 1688 ἀπὸ
3232 1637 3333 1699 τῆς
3395 1630 3635 1711 φυλακῆς
3692 1633 3801 1696 τοὺς

2162 1718 2532 1792 στρατηλάτας
2613 1721 2640 1775 ὁ
2722 1719 2996 1799 βασιλεὺς,
3090 1720 3466 1798 περιεστώτων
3547 1720 3801 1791 ἁπάντων,

432 1828 566 1879 rant
597 1807 920 1897 conjicere,
975 1816 1281 1877 accersitis
1328 1834 1360 1876 e
1406 1834 1648 1876 carcere
1680 1816 1796 1876 illis
1828 1815 2078 1876 ducibus

2166 1807 2302 1881 Τίσι,
2351 1809 2504 1886 φησὶ,
2572 1811 2815 1887 μαγείαις
2884 1812 3039 1883 ὑμεῖς
3110 1810 3478 1890 χρησάμενοι,
3552 1810 3803 1872 τοιούτους

440 1906 761 1986 exercitus,
795 1904 1074 1968 omnibus
1117 1904 1735 1966 circumsistentibus:
1787 1904 2075 1979 Quanam,

436 1997 655 2078 inquit,
687 2002 815 2058 arte
845 1996 1071 2075 magica
1114 2004 1367 2069 utentes,
1408 1995 1550 2055 talia
1583 1996 1653 2055 ad
1689 2014 1794 2055 nos
1827 1994 2081 2056 ministis

436 2087 692 2160 somnia,
729 2095 845 2148 tam
879 2104 1016 2147 acre
1047 2085 1267 2148 bellum
1304 2085 1708 2146 intentantia?
1746 2085 1832 2147 llli
1880 2094 2075 2146 autem

440 2176 540 2256 qui
574 2175 1197 2253 nulliusreiejusmodi
1222 2174 1334 2235 sibi
1360 2181 1532 2234 erant
1557 2174 1802 2245 conscii,
1844 2193 1907 2236 se
1931 2182 2074 2236 nutu

442 2266 695 2329 invicem
728 2263 1192 2342 interrogabant,
1214 2263 1264 2325 si
1287 2269 1420 2341 quis
1452 2282 1659 2325 eorum
1686 2265 1824 2343 quid
1852 2274 2073 2337 nosset,

441 2356 913 2437 obstupefactum
948 2354 1095 2416 alter
1120 2357 1174 2413 in
1207 2354 1455 2414 alterum
1486 2353 1721 2415 oculum
1744 2354 2068 2434 conjicien-

435 2454 545 2509 tes.
582 2444 913 2526 Imperator
941 2463 1079 2507 vero
1113 2463 1215 2506 eos
1259 2443 1466 2505 videns
1487 2443 1573 2505 sic
1602 2445 1863 2521 affectos,
1900 2451 2082 2503 muta-

435 2545 528 2597 tur
558 2537 629 2597 ad
663 2537 989 2611 lenitatem,
1030 2542 1088 2595 et
1120 2551 1301 2614 prope
1333 2551 1436 2594 eos
1465 2532 1779 2607 accedens,
1807 2530 1975 2612 jubet
2008 2531 2077 2593 ad

434 2627 562 2689 haec
591 2625 978 2705 respondere.

516 2803 718 2866 XXVI.
755 2802 841 2863 llli
876 2810 1069 2863 autem
1103 2801 1307 2861 oculos
1340 2799 1642 2879 replentes
1687 2799 1987 2878 lacrymis,
2023 2809 2081 2861 et

439 2892 679 2955 assidue
705 2892 1030 2954 ululantes:
1058 2894 1204 2964 Nos,
1228 2890 1572 2964 dixerunt,o
1598 2891 1942 2970 imperator,
1970 2909 2081 2952 ne-

441 3001 555 3063 quo
584 3000 680 3044 ars
705 2982 930 3060 magica
964 2980 1103 3061 quid
1129 2979 1506 3059 sit,novimus
1534 3000 1549 3057 ;
1583 2998 1777 3060 neque
1800 2980 2083 3043 adversus

441 3084 602 3135 tuam
636 3072 954 3151 potentiam
987 3088 1162 3147 grave
1190 3068 1327 3149 quid
1354 3087 1561 3131 sumus
1583 3069 1871 3131 meditati.
1890 3067 2083 3130 Testis

2162 1898 2300 1970 ἡμῖν
2373 1898 2649 1973 ἐπέμψατε
2708 1901 2829 1963 τοὺς
2883 1901 3145 1977 ὀνείρους,
3206 1899 3445 1969 πόλεμον
3504 1900 3637 1956 οὕτω
3688 1921 3803 1977 σφο-

2163 1985 2281 2063 δρὸν
2313 1988 2665 2061 ἐπισείοντας,
2720 1991 2804 2045 καὶ
2850 1991 2915 2046 τὰ
2959 1992 3223 2067 βαρύτατα
3287 1987 3404 2045 καθ’
3461 1991 3612 2061 ἡμῶν
3665 1985 3804 2043 ἆπει-

2162 2079 2380 2143 λοῦντας
2419 2098 2434 2150 ;
2480 2080 2539 2138 0i
2583 2076 2659 2150 δὲ,
2714 2078 2877 2151 μηδὲν
2925 2086 3162 2136 τοιοῦτον
3222 2081 3438 2141 ἑαυτοῖς
3492 2076 3796 2148 συνειδότες,

2162 2168 2410 2241 νεύμασιν
2440 2168 2619 2246 ὥσπερ
2653 2166 2918 2234 ἆλλτίλους
2950 2168 3168 2245 ἠρώτων
3202 2169 3255 2223 εἴ
3287 2190 3341 2224 τι
3392 2166 3454 2223 ἂν
3491 2189 3571 2230 τις
3630 2163 3794 2238 εἰδείη,

2161 2256 2605 2333 ἐκπεπληγμένον
2658 2261 2776 2312 οἷον
2833 2258 3041 2328 ἕκαστον
3094 2257 3186 2313 τὸν
3245 2255 3518 2335 ὀφθαλμὸν
3576 2253 3784 2311 ἐπιϐαλ-

2163 2356 2359 2411 λοντες.
2401 2348 2459 2405 Ὀ
2490 2345 2733 2423 βασιλεὺς
2765 2348 2936 2403 τοίνυν
2968 2347 3106 2403 οὕτω
3162 2348 3283 2409 τοὺς
3337 2344 3523 2424 ἄνδρας
3580 2344 3784 2425 ἔχοντας

2163 2438 2508 2511 θεασάμενος,
2572 2435 2716 2492 οὖδὲν
2781 2459 2835 2492 τε
2894 2438 2955 2493 τὸ
3011 2438 3256 2513 ποράπαν
3321 2438 3560 2501 ἐοικότας
3615 2433 3783 2491 εἰδέναι

2163 2527 2252 2582 καὶ
2302 2526 2657 2597 ξενιζομένους
2712 2527 2810 2594 τὴν
2870 2526 3061 2599 ἀκοὴν,
3122 2527 3207 2583 ἐπὶ
3268 2527 3331 2582 τὸ
3381 2525 3663 2604 πραότερον
3702 2525 3782 2579 εὐ-

2163 2619 2247 2680 θὺς
2301 2614 2646 2690 μεταϐάλλει,
2708 2619 2793 2672 καὶ
2849 2617 3105 2697 προσχὼν
3179 2617 3370 2679 αὐτοῖς
3433 2615 3782 2691 ἀποκρίνασθαι

2163 2707 2293 2781 πρὸς
2324 2713 2488 2763 ταῦτα
2521 2705 2747 2764 κελεύει.

2249 2796 2392 2870 1(ςῖ
2460 2799 2518 2853 Οἱ
2577 2795 2630 2852 δὲ
2689 2798 2761 2861 εἷς
2820 2797 2918 2874 γῆν
2981 2795 3178 2859 ἰδόντες
3234 2799 3336 2853 καί
3393 2795 3622 2874 δακρύων
3680 2804 3781 2853 τοὺς

2166 2884 2464 2964 ὀφθαλμοὺς
2495 2884 2853 2954 πλήσσαντες,
2890 2885 3112 2958 Ἠμεϊς,
3158 2886 3345 2965 εἷπον,
3404 2884 3635 2963 βασιλεῦ,
3681 2878 3776 2937 οὔτε

2166 2976 2390 3052 μαγείαν
2421 2975 2448 3031 ὅ
2480 2977 2686 3033 τίποτὲ
2718 2975 2859 3033 ἐστιν
2908 2974 3153 3049 οἴδαμεν,
3209 2975 3333 3033 οὕτε
3386 2977 3520 3032 κατὰ
3574 2975 3658 3030 τεῦ
3705 2974 3782 3025 σοῦ

2165 3066 2406 3137 κράτοθς,
2468 3068 2664 3142 μάρτυς
2724 3068 2750 3122 ὁ
2812 3068 2981 3121 πάντα
3039 3066 3241 3144 ἐφορῶν
3300 3064 3590 3144 ὀφθαλμὸς,
3639 3058 3784 3117 δεινόν

441 3169 530 3223 est
559 3159 660 3240 qui
691 3160 892 3220 omnia
929 3158 1087 3220 videt
1111 3160 1341 3221 oculus.
1377 3160 1436 3221 Si
1464 3171 1663 3220 autem
1698 3159 1822 3219 haec
1856 3176 1973 3220 non
2006 3159 2078 3218 ita

2164 3178 2214 3211 τι
2245 3155 2708 3230 μεμελετήκαμεν,
2748 3158 2801 3212 Εἰ
2832 3154 2884 3210 δὲ
2917 3154 2992 3222 μὴ
3027 3154 3165 3211 οὕτω
3195 3163 3395 3235 ταῦτα,
3437 3153 3568 3209 ἀλλά
3619 3174 3663 3207 τι
3701 3172 3786 3205 πο·

443 3258 603 3326 sunt,
643 3248 747 3309 sed
781 3247 912 3309 mali
946 3247 1165 3328 aliquid
1189 3248 1248 3309 in
1281 3257 1334 3309 te
1367 3247 1751 3325 cogitavimus
1778 3245 2021 3325 nullam,
2046 3265 2080 3306 ο

441 3338 787 3420 imperator,
823 3338 896 3398 de
930 3336 1103 3399 nobis
1134 3337 1366 3416 ceperis
1397 3334 1888 3398 misericordiam.
1920 3336 2079 3405 Non,

441 3447 475 3489 ο
508 3429 853 3507 imperator,
888 3446 993 3506 per
1049 3431 1234 3507 ipsam
1299 3426 1673 3498 Trinitatem,
1737 3443 1931 3501 neque
1979 3425 2081 3486 toti

441 3525 645 3578 nostro
681 3516 884 3595 generi
913 3516 1403 3597 peperceris.Sed
1429 3516 1476 3578 si
1499 3516 1637 3596 quid
1665 3524 1753 3577 est
1777 3515 1866 3576 vel
1893 3522 2081 3575 morte

438 3606 695 3685 gravius,
729 3606 784 3666 id
820 3607 878 3667 in
914 3624 1020 3667 nos
1073 3606 1446 3686 pronunties.
1498 3605 1685 3668 Nobis
1735 3605 2075 3683 imperator,

436 3698 545 3758 fuit
576 3698 701 3758 haec
732 3696 1047 3758 haareditas
1075 3696 1282 3757 relicta
1312 3714 1345 3756 a
1386 3694 1753 3775 parentibus,
1785 3694 2082 3755 honorare

437 3787 882 3866 imperatorem,
920 3794 976 3847 et
1012 3786 1070 3846 in
1106 3804 1240 3846 eum
1292 3784 1768 3847 benevolentiam
1804 3781 2081 3863 prmierre

435 3875 620 3937 rebus
643 3875 941 3936 omnibus.
978 3872 1040 3937 Si
1072 3880 1205 3955 quis
1243 3892 1379 3936 vero
1412 3876 1537 3936 haec
1591 3872 2075 3951 transgrediatur,

438 3963 591 4024 male
623 3980 758 4023 eum
795 3962 1068 4038 multare,
1132 3972 1190 4023 et
1230 3982 1301 4024 eo
1348 3964 1431 4024 uti
1463 3963 1751 4043 deinceps
1804 3970 2078 4041 tanquam

438 4052 632 4114 hoste.
695 4051 1092 4123 Quamobrem
1150 4061 1351 4114 nostra
1381 4052 1674 4129 neglecta,
1723 4048 1795 4112 ad
1829 4059 2009 4122 tuam,
2047 4068 2081 4109 ο

435 4141 1040 4219 imperator,salutem
1063 4141 1428 4221 aspeximus.
1456 4140 1701 4213 Quando
1726 4147 1921 4200 autem
1952 4156 2081 4198 ma-

437 4250 548 4291 nus
580 4249 817 4311 quoque
850 4229 1085 4292 hostilis
1103 4231 1385 4291 adversus
1412 4240 1568 4291 tuam
1607 4228 1951 4290 movebatur
1977 4247 2083 4307 po-

438 4321 705 4399 tentiam,
742 4328 798 4380 et
825 4328 1059 4399 tempus
1104 4319 1436 4399 postulabat
1463 4319 1637 4379 talem
1672 4317 1929 4378 virorum
1962 4317 2081 4377 vir-

2165 3247 2320 3321 νηρὸν
2354 3247 2488 3317 ἡμῖν
2521 3244 2769 3301 ἔσκεπται
2803 3246 2938 3302 κατὰ
2995 3246 3112 3317 σοῦ,
3177 3244 3408 3319 μηδένα,
3469 3244 3514 3300 ὦ
3566 3237 3783 3319 βασιλεῦ,

2167 3332 2367 3409 μηδένα
2393 3331 2509 3391 καθ’
2545 3337 2717 3407 ἡμῶν,
2748 3335 2824 3408 μὴ
2880 3334 3008 3411 πρὸς
3052 3338 3149 3402 τῆς
3206 3333 3430 3411 Τριάδος
3488 3336 3662 3403 αὐτῆς,
3692 3326 3783 3383 λὶ-

2165 3421 2264 3498 ϐης
2297 3423 2465 3502 ἔλεον,
2495 3421 2631 3498 μηδέ
2663 3422 2787 3480 ὅλου
2845 3425 2999 3502 φείσῃ
3057 3434 3149 3482 τοῦ
3200 3423 3389 3501 γένους
3448 3424 3616 3495 ἡμῶν,
3676 3412 3782 3473 ἀλλ’

2166 3514 2219 3568 εἴ
2266 3536 2315 3570 τι
2372 3514 2461 3570 καί
2513 3514 2735 3570 θανάτου
2778 3513 3084 3591 βαρύτερον,
3138 3512 3414 3593 ἀπόφηναι
3465 3508 3579 3567 καθ’
3620 3510 3780 3582 ἡμῶν.

2167 3600 2352 3678 Ἢμϊν,
2388 3603 2432 3658 ὦ
2463 3599 2701 3677 βασιλεῦ,
2755 3604 2905 3663 οὗτος
2941 3603 3001 3657 ἒκ
3034 3600 3277 3677 πατέρων
3340 3605 3432 3658 οἷα
3490 3597 3672 3674 κλήρος
3719 3594 3782 3653 εἷς

2166 3692 2245 3747 ἀεὶ
2303 3690 2715 3769 φυλαττόμενος,
2774 3692 2833 3745 τὸ
2876 3688 3096 3766 βασιλέα
3144 3696 3307 3764 τιμᾷν
3358 3691 3444 3746 καὶ
3474 3688 3567 3755 τὴν
3595 3686 3663 3747 είς
3704 3683 3784 3737 αὖ·

2140 3770 2255 3836 ’τὸν
2287 3781 2487 3837 εὔνοιαν
2545 3787 2639 3837 τοῦ
2696 3778 2893 3843 παντὸς
2950 3785 3237 3857 προτιμᾷν,
3300 3781 3354 3836 Ei
3413 3777 3465 3834 δὲ
3516 3797 3592 3837 τις
3637 3770 3783 3827 ταδτα

2164 3868 2501 3949 παραϐαίνοι,
2563 3878 2784 3943 ζημιοῦν
2842 3870 2997 3926 αὖτὸν
3049 3869 3117 3924 τα
3169 3867 3421 3945 μέγιστα,
3480 3867 3566 3922 καὶ
3608 3865 3674 3922 ὡς
3701 3879 3785 3915 που

2165 3945 2331 4033 λεμίῳ
2388 3960 2449 4015 τὸ
2503 3957 2692 4014 λοιπὸι
2748 3960 3005 4036 χρῆσθαι,
3060 3957 3196 4013 ὥστε
3246 3956 3374 4035 περί
3404 3955 3636 4014 πλείονος
3665 3945 3781 4022 μᾶλο

2164 4045 2256 4103 λον
2316 4049 2469 4122 ἡμῶν
2517 4050 2615 4115 τὴν
2661 4048 2761 4114 σὴν
2814 4045 3018 4124 ἤγομεν
3064 4045 3354 4125 σωτηρίαν,
3400 4047 3487 4100 καὶ
3530 4042 3611 4099 διὰ
3636 4036 3780 4095 ταυτα

2167 4137 2391 4209 ἔπαινοι,
2455 4138 2699 4216 χάριτες,
2750 4138 2837 4191 καὶ
2892 4134 3109 4209 ἀμοιϐαὶ
3172 4134 3449 4215 φιλότιμοι
3508 4131 3644 4201 παρὰ
3695 4131 3780 4192 τῆς

2166 4228 2262 4293 σῆς
2320 4229 2458 4299 ἡμῖν
2519 4224 2796 4295 ίδλπίζοντο
2851 4223 3042 4290 δεξιᾶς.
3096 4223 3318 4292 Ἐπειδὴ
3375 4224 3428 4279 δὲ
3464 4215 3780 4279 καίστασιώ-

2166 4316 2259 4383 ὃης
2315 4318 2433 4395 χεὶρ
2492 4317 2625 4372 κατὰ
2681 4324 2774 4373 τοῦ
2826 4321 2919 4371 σοῦ
2947 4315 3170 4393 κράτους
3202 4314 3474 4386 κεκίνητο,
3504 4311 3587 4366 καὶ
3617 4306 3779 4363 τοιαύ-

437 4417 649 4487 tutem,
682 4393 814 4470 aliis
848 4393 1266 4488 praetermissis
1288 4409 1383 4488 qui
1417 4415 1585 4469 erant
1619 4407 1887 4486 ejusdem
1912 4406 2078 4486 cujus

2166 4428 2265 4471 την
2321 4393 2530 4481 νᾶνδρῶν
2587 4404 2777 4480 ἀρετὴν
2837 4406 2863 4459 ὁ
2943 4406 3123 4481 καιρὸς
3184 4403 3381 4474 ἐζήτει’
3441 4401 3555 4464 τοὺς
3609 4393 3779 4453 ἄλλους

437 4515 546 4557 nos
569 4481 1258 4576 auctoritatis,nos,quod
1300 4481 1520 4557 utinam
1541 4481 1668 4557 non
1682 4495 1942 4556 fecisses!
1966 4481 2060 4556 elo

2168 4492 2546 4573 παραδραμὼν,
2600 4493 2713 4548 ὅσοι
2765 4494 2859 4549 τοῦ
2914 4495 3072 4549 αὐτου
3127 4495 3265 4565 ἡμῖν
3318 4491 3603 4570 ἐτύγχανον
3631 4481 3778 4549 ἀξιῶ·-

2402 4586 2413 4600 ο
2482 4590 2503 4599 υ
2609 4584 2620 4597 ρ
2754 4585 2768 4600 ι
2873 4580 2899 4600 n
2973 4581 2991 4600 κ
3155 4582 3168 4600 s
3324 4582 3337 4600 ι
3581 4571 3757 4600 __-!\-..

435 4587 567 4664 gisti
604 4605 723 4666 pra:
755 4571 1007 4659 caeteris,
1046 4571 1104 4647 et
1123 4571 1281 4648 belli
1336 4586 1396 4648 in
1427 4604 1529 4647 eos
1583 4586 1833 4666 gerendi
1883 4603 2078 4647 curam

2170 4571 2362 4662 ματος,
2394 4586 2560 4659 ἡμᾶς,
2596 4584 2667 4647 ὡς
2720 4585 2813 4640 οὔκ
2871 4580 3089 4661 ὄφελον,
3151 4582 3213 4639 ἐκ
3267 4582 3476 4639 πάντων
3532 4571 3777 4654 προείλου,

435 4663 617 4738 nobis
643 4676 959 4738 mandasti.
994 4676 1116 4739 Ilac
1148 4676 1223 4737 tle
1268 4696 1451 4739 causa
1489 4663 1761 4757 prompto
1793 4681 1852 4737 et
1903 4667 2078 4736 alacri

2171 4677 2255 4731 καὶ
2315 4675 2403 4728 τὸν
2469 4671 2590 4729 κατ’
2660 4671 2871 4727 ἐκείνων
2945 4673 3080 4745 ἡμῖν
3150 4670 3475 4750 ἐνεχείρισας
3542 4663 3777 4736 πόλεμον,

440 4766 638 4826 animo
672 4773 770 4827 tuo
793 4764 992 4844 jussui
1024 4766 1345 4846 paruimus,
1380 4775 1441 4827 et
1469 4752 1688 4827 bellum
1716 4764 2078 4844 suscepimus

2171 4764 2331 4820 ταῦτά
2362 4783 2443 4818 τοι
2492 4762 2580 4817 καὶ
2638 4761 2892 4839 πρόθυμοι
2952 4767 3028 4834 τῷ
3060 4768 3136 4834 σῷ
3193 4759 3504 4833 κελεύσματι
3559 4752 3777 4825 εἴξαμεν.

433 4856 715 4918 adversus
749 4835 1049 4921 inimicos.
1100 4864 1160 4916 et
1212 4835 1505 4937 propriam
1538 4856 1839 4929 virtutem,
1876 4835 1933 4914 id
1965 4852 2078 4914 Deo

2174 4855 2269 4910 Καὶ
2318 4853 2385 4909 τὰ
2438 4851 2569 4930 πρὸς
2622 4850 2809 4914 αὖτοὺς
2898 4850 3149 4928 εὒψύχως
3230 4846 3622 4921 ἐπανειλόμεθα,
3703 4835 3779 4893 καὶ

432 4944 654 5006 dictum
719 4944 800 5006 sit
857 4944 1139 5025 propitio,
1175 4930 1342 5006 factis
1395 4947 1538 5006 satis
1595 4943 1989 5022 ostendimus,
2022 4942 2078 5002 in

2166 4944 2264 5010 τὴν
2310 4942 2504 4997 οἰκείαν
2555 4940 2771 5019 ἀρετὴν,
2824 4939 2916 4994 σὺν
2971 4945 3086 5013 Θεῷ
3139 4935 3193 4993 δὲ
3251 4938 3495 5014 ετρήσοω,
3553 4930 3633 4986 ἐπὶ
3685 4931 3776 4981 τῶν

435 5052 551 5114 quo
578 5033 819 5111 quidem
846 5020 1055 5094 clunes
1082 5020 1170 5095 sat
1190 5034 1313 5097 scio
1338 5051 1753 5095 consensuros.
1782 5031 1903 5093 Hoc
1928 5020 2078 5113 quod

2166 5032 2334 5109 ἔργων
2379 5027 2775 5104 ἐπεδειξάμεθα.
2826 5027 2997 5105 ’Ὅπερ
3056 5030 3112 5083 εὖ
3167 5025 3275 5084 οἶδ’
3334 5024 3415 5081 ὅτι
3472 5020 3777 5097 συμφήσονσι

436 5123 609 5184 nobis
639 5122 803 5204 prius
825 5122 1076 5203 praebuit
1102 5123 1464 5193 felicitatem,
1491 5122 1773 5183 adversus
1798 5141 1906 5182 nos
1928 5140 2078 5183 nunc

2173 5123 2383 5193 πάντες,
2416 5126 2567 5176 τοῦτο
2596 5119 2695 5186 τὴν
2753 5116 3082 5192 εὐδαιμονίαν
3136 5118 3389 5194 πρότερον
3443 5115 3568 5186 ἡμῖν
3616 5124 3777 5178 παρι-

432 5228 621 5273 armat
639 5194 905 5276 invidia:
944 5223 1001 5273 et
1034 5214 1528 5294 condemnamur,
1566 5212 1713 5292 prob
1768 5212 1969 5275 dolor!
2022 5220 2078 5272 ut

2170 5213 2331 5290 σχὸν,
2365 5219 2450 5268 νῦν
2482 5208 2599 5264 καθ’
2652 5209 2807 5281 ἡμῶν
2859 5209 2887 5263 ὁ
2945 5208 3132 5286 φθόνος
3192 5203 3418 5275 ὁπλίζει·
3476 5200 3559 5257 καὶ
3615 5194 3775 5270 κρινὸο

438 5301 601 5361 vides
627 5325 642 5376 ;
675 5312 733 5363 et
764 5320 869 5361 nos
888 5320 1019 5363 esse
1046 5313 1310 5363 extrema
1341 5281 1618 5382 passuros
1643 5314 2077 5381 exspectamus.

2166 5281 2325 5376 μεδα,
2381 5297 2518 5378 φεῦί
2578 5297 2623 5353 ὦ
2678 5303 2808 5353 Θεοῦ
2861 5281 3146 5374 ὁοξτθ-αλμοῖ,
3211 5295 3430 5373 γνώμης
3501 5281 3773 5356 ἐπιϐούλου,

436 5389 728 5461 Quocirca
786 5409 858 5452 eo
916 5391 1099 5451 rediit
1157 5378 1374 5453 nostra;
1436 5394 1494 5453 in
1554 5402 1606 5451 te
1655 5378 2078 5452 benevolentiaa

2166 5393 2254 5447 καὶ
2309 5391 2373 5445 τὰ
2428 5387 2635 5468 ἔσχατα
2694 5388 2959 5442 πείσεσθαι
3020 5381 3422 5463 προσδοκῶμεν.
3477 5378 3637 5432 ’Ὥστε
3685 5388 3775 5468 πε-

436 5479 719 5553 ostensio,
750 5488 806 5539 ut
831 5488 991 5540 esset
1016 5479 1249 5541 OCCﬂaiO
1277 5480 1515 5558 majoris
1540 5478 1840 5559 supplicii,
1875 5488 1932 5540 et
1978 5499 2078 5560 pro

2169 5480 2446 5558 ριὲστηκεν
2496 5479 2657 5556 ἡμῖν,
2689 5475 2733 5531 ὦ
2763 5474 3005 5551 βασιλεῦ,
3058 5477 3091 5542 ἡ
3149 5478 3246 5542 τῆς
3304 5473 3433 5549 πρὸς
3489 5468 3544 5524 σὲ
3596 5458 3774 5560 εὖνοίας

436 5565 620 5646 gloria
654 5586 783 5648 qua:
812 5567 1166 5648 sperabatur
1198 5577 1256 5630 et
1310 5545 1921 5648 re'tnunerationibus,
1978 5545 2078 5630 bos

2170 5568 2433 5635 ἀπόδειξις
2512 5567 2765 5644 τιμωρίας
2844 5565 3083 5641 μείζονος
3157 5563 3397 5625 ὑπόθεσις
3471 5557 3634 5630 εἶναι,
3680 5545 3773 5648 ,καὶ

442 5637 601 5718 tenet
628 5637 818 5718 metus
842 5637 1047 5718 inertis
1070 5663 1127 5719 et
1156 5637 1952 5737 contlemnationis,pr0pter
1975 5658 2078 5722 hoc

2171 5658 2284 5715 ἀντὶ
2314 5656 2467 5725 δόξης
2519 5637 2871 5730 ἓλπιξομένης
2928 5656 3016 5711 καὶ
3071 5651 3249 5716 ἄλλων
3295 5645 3527 5728 ἀμοιόὠν
3576 5637 3772 5700 Θανάτου
