4006 6146
394 310 502 380 351
1707 318 1870 381 ΜΕΝ
1875 317 1988 382 SIS
2030 321 2032 380 ξ

2120 319 2280 383 lCEM
2287 320 2458 385 BER.
3647 319 3766 386 352

394 453 598 535 itaque
613 451 931 537 aliquando
944 453 1003 519 in
1017 474 1291 536 magnam
1306 453 1578 518 incidunt
1589 461 2026 536 tempestatem,

2120 477 2243 513 ποτε
2297 457 2520 518 κλύδωνι
2577 456 2812 538 χαλεπῷ
2870 457 3275 540 περιτυχόντες,
3343 458 3482 518 ὥστε
3541 459 3639 529 τὴν
3711 460 3766 517 ἑν

395 544 497 623 qui
551 563 682 608 cum
715 563 844 608 eam
878 540 1009 626 qua:
1040 546 1099 607 in
1155 544 1426 608 manibus
1457 563 1661 607 corum
1695 553 1820 608 erat
1852 545 2032 626 posita

2121 549 2303 625 χερσὶν
2350 548 2561 606 ἅπασαν
2606 549 2860 606 ἀπειπεῖν
2904 551 3188 626 σωτηρίαν,
3237 549 3419 618 ἐπειδή
3464 552 3553 608 τὸν
3595 549 3764 629 πέγαν

395 633 635 692 salutem
659 635 1369 706 desperassent.'quoniam
1392 649 1660 706 magnum
1681 635 1974 691 Nicolaum
2006 650 2032 690 a

2122 636 2383 695 Νικόλαον
2435 637 2612 703 ὀξεῖαν
2643 638 2696 694 ἒν
2755 637 2934 695 τοῖσδε
2963 651 3080 700 τοῖς
3131 635 3256 717 παρ’
3288 637 3474 696 exuta:
3514 641 3762 716 βοήθειαν

395 725 541 782 fama
565 734 900 794 acceperant
921 739 1047 782 esse
1074 725 1237 781 velox
1263 725 1541 782 auxilium
1573 727 1632 784 in
1651 725 1720 782 iis
1743 739 1865 798 qua
1888 740 2032 796 prm-

2120 727 2220 782 ὺπὸ
2259 728 2348 794 τῆς
2402 729 2588 808 φήμης
2639 726 2950 803 ἐμάνθανον,
2983 726 3099 785 ὅλοι
3138 733 3236 796 τῆς
3280 730 3406 806 πρὸς
3461 731 3618 786 at?)th
3666 729 3764 784 ἐλ-

395 823 478 870 ter
505 829 661 885 spem
693 816 1052 880 eveniunt,se
1077 824 1226 872 tutos
1249 815 1318 872 ad
1342 830 1471 872 eum
1505 817 1856 886 precandum
1879 830 2032 873 com-

2123 815 2268 881 πίδος
2324 817 2604 895 ἐκκρεμεῖς
2639 822 2797 892 ἦσαν,
2845 818 3026 874 τοῦτόν
3067 839 3124 873 τε
3172 825 3365 898 νοερῶς
3425 819 3766 885 ἐξεκαλοῦντο

391 903 611 978 ferunt,
642 913 701 967 et
743 923 878 966 eum
911 904 1262 967 invocabant
1292 910 1350 965 in
1412 913 1782 986 tempestate,
1816 913 1876 968 et
1906 923 2032 967 ma-

2122 907 2258 962 κατᾶι
2314 907 2408 965 τού
2477 907 2762 987 κλύδωνος,
2821 908 2910 964 καὶ
2950 911 3092 980 αῦτῷ
3132 908 3227 972 τὰς
3290 921 3481 988 χεῖρας
3527 909 3763 984 ἐκθυμως

392 1011 504 1054 nus
535 992 606 1053 ad
639 1012 774 1055 eum
807 994 1155 1068 tendebant,
1190 1003 1248 1056 et
1292 1013 1325 1056 a
1375 995 1502 1056 solo
1535 996 1667 1075 ejus
1700 995 2032 1075 pendebant

2121 994 2342 1076 ὤρεγον,
2395 999 2482 1054 καὶ
2524 996 2692 1072 μόνης
2753 995 3021 1076 ἐξείχοιτο
3061 997 3160 1063 τῆς
3218 999 3342 1071 παρ’
3417 1000 3572 1055 αῦτοῦ
3624 1000 3764 1076 βοη-

391 1082 633 1143 auxilio.
669 1083 778 1146 Ille
821 1091 1013 1144 autem
1050 1102 1128 1145 ne
1183 1103 1393 1164 parum
1427 1083 1668 1165 quidem
1730 1093 2032 1147 cunctatus

2120 1087 2283 1150 θείας.
2326 1089 2420 1144 Καὶ
2475 1087 2531 1149 ὂς
2577 1085 2692 1143 οῦδὲ
2749 1088 2923 1167 βραχὺ
2969 1085 3244 1160 μελλήσας
3304 1087 3640 1159 ἐπιπηδήσας
3698 1094 3767 1163 τῇ

394 1172 662 1252 protinus
694 1191 899 1233 navem
934 1172 1140 1248 insilit,
1179 1186 1240 1234 et
1269 1192 1404 1234 cum
1438 1192 1502 1234 se
1536 1174 1853 1236 manifeste
1898 1193 2032 1235 con-

2121 1179 2215 1241 vn’t
2261 1176 2462 1247 ἐπάνω,
2499 1177 2583 1232 καὶ
2629 1178 2850 1255 φανερὸς
2906 1189 3022 1240 τοῖς
3071 1175 3186 1232 ἐκεῖ
3230 1179 3515 1254 γενόμενος
3559 1176 3761 1257 ὀφθαλ-

391 1260 765 1340 spiciendum
797 1262 1032 1324 illorum
1059 1261 1410 1343 praebuisset
1438 1263 1663 1325 oculis:
1698 1263 1875 1344 Ecce,
1915 1281 2032 1344 me,

2120 1279 2270 1344 μοῖς,
2303 1265 2458 1341 Ἰδοὺ,
2505 1264 2802 1336 κεκλήκατέ
2854 1287 2941 1336 με,
2979 1267 3130 1345 φησὶ,
3176 1268 3263 1322 καὶ
3309 1266 3589 1342 βοηθήσων
3633 1268 3764 1343 ὑμῖν

390 1349 602 1428 inquit,
640 1352 969 1426 vocavistis,
1006 1362 1064 1413 et
1106 1351 1312 1414 adsum
1364 1351 1530 1413 vobis
1561 1371 1735 1433 opem
1785 1353 2031 1416 laturus.

2120 1355 2360 1431 πάρειμι.
2437 1364 2568 1412 Εῖτα
2624 1358 2710 1412 καί
2767 1354 2976 1433 θαῤῥεῖν
3035 1357 3220 1419 αὐτοῖς
3286 1355 3764 1432 διακελευσάμενος

391 1439 622 1502 Deinde
666 1459 801 1502 cum
834 1458 934 1503 eos
960 1441 1240 1520 jussisset
1293 1459 1427 1502 esse
1460 1445 1615 1502 bono
1646 1441 1872 1521 animo,
1907 1442 2032 1504 cla-

2120 1450 2209 1500 τοῦ
2266 1442 2524 1510 πηδαλίου
2581 1465 2636 1500 τε
2693 1442 3017 1518 ἐλαμόένετο
3060 1445 3159 1501 ὕπὸ
3197 1445 3294 1511 τὴν
3345 1446 3558 1503 πάντων
3613 1446 3762 1524 ὄψιν,

391 1547 523 1589 vum
557 1530 737 1592 sumit
763 1536 823 1591 in
840 1539 1165 1610 conspectu
1196 1532 1490 1605 omnium,
1512 1538 1572 1592 et
1597 1530 1678 1592 ita
1709 1549 1914 1592 navem
1946 1533 2032 1593 vi-

2122 1533 2208 1588 καὶ
2263 1534 2432 1608 ταύτῃ
2489 1533 2587 1600 τὴν
2633 1540 2754 1590 ναῦν
2812 1535 2997 1590 ἰθύνειν
3055 1541 3254 1611 τρανῶς
3306 1533 3577 1615 ἐϐλέπὲτο,
3631 1537 3766 1613 πρὸς

392 1618 644 1681 dabatur
691 1620 970 1700 dirigere.
1005 1620 1237 1684 Deinde
1283 1622 1457 1682 etiam
1510 1639 1674 1682 mare
1722 1622 2032 1701 increpans

2122 1621 2334 1687 ταύτοις
2409 1623 2495 1679 καὶ
2564 1628 2630 1699 τῇ
2700 1621 2938 1699 θαλάσσῃ
3010 1622 3356 1704 ἐπιτιμήσας,
3431 1626 3523 1689 τὰς
3590 1647 3768 1701 τρικυ-

390 1709 557 1771 sedat
585 1713 798 1773 ﬂuctus
827 1722 884 1773 et
915 1712 1202 1783 turbines,
1233 1720 1291 1774 et
1321 1713 1434 1773 alia
1467 1712 1618 1773 mala
1644 1713 2035 1794 tempestatis,

2122 1712 2243 1786 μίας
2279 1714 2462 1776 αὐτοῖς
2507 1712 2744 1774 καὶτοὺς
2804 1711 3105 1790 στροϐίλους
3163 1715 3248 1769 καὶ
3301 1716 3366 1769 τὰ
3422 1711 3558 1770 ἄλλα
3610 1716 3675 1770 τὰ
3704 1713 3768 1770 ἐκ

390 1802 688 1879 quomodo
724 1803 885 1882 prius
917 1820 1156 1882 quoque
1205 1821 1372 1863 meus
1401 1801 1594 1867 Jesus.
1630 1813 1689 1862 et
1719 1802 1806 1863 sic
1835 1803 1920 1863 eis
1945 1802 2032 1861 fa-

2121 1809 2212 1858 τοῦ
2267 1808 2540 1880 χειμῶνος
2618 1803 2843 1878 κοιμίζει
2896 1803 3060 1882 κακὰ,
3091 1802 3269 1880 ὥσπερ
3321 1803 3376 1859 δὲ
3434 1805 3518 1860 καὶ
3563 1804 3591 1860 ὁ
3632 1802 3764 1878 ἐμὸς

390 1889 562 1950 cilem
619 1900 678 1952 et
707 1891 1082 1973 tranquillam
1135 1891 1358 1972 praebet
1391 1891 1851 1970 navigationem.
1889 1889 2036 1953 Cum

388 1987 583 2041 autem
622 1999 725 2042 eos
753 1979 875 2042 leni
923 1988 980 2042 et
1013 1979 1244 2062 placido
1286 1989 1485 2042 vectos
1519 1990 1676 2042 terra
1715 1985 1966 2060 excepit,
2002 1999 2036 2042 e

387 2069 518 2129 navi
548 2069 982 2132 descendentes
1006 2070 1448 2132 contendebant
1471 2071 1542 2131 ad
1577 2089 1712 2132 eum
1741 2070 2036 2133 accedere

391 2158 487 2237 qui
540 2177 644 2221 eos
674 2159 960 2221 liberarat
1001 2179 1034 2221 a
1065 2160 1354 2241 periculi.
1412 2159 1641 2222 Deinde
1670 2179 1802 2222 cum
1854 2178 2035 2223 acce-

389 2247 614 2327 pissent
645 2268 780 2310 eum
815 2250 996 2312 ivisse
1045 2251 1118 2311 ad
1153 2250 1497 2325 ecclesiam,
1536 2250 1750 2312 vadunt
1784 2254 1854 2312 ad
1886 2258 2038 2312 tem-

388 2339 574 2417 plum.
610 2343 801 2420 Atque
831 2339 931 2401 ille
979 2339 1219 2419 quidem
1254 2359 1386 2402 cum
1422 2359 1485 2402 se
1535 2340 1779 2402 fecisset
1810 2349 2034 2422 partem

389 2428 556 2503 cleri,
593 2428 779 2490 stabat
811 2447 944 2491 cum
999 2430 1155 2493 aliis.
1206 2429 1292 2491 Illi
1342 2440 1540 2492 autem
1594 2450 1728 2491 cum
1783 2430 1841 2491 in
1901 2448 2037 2492 eum

388 2517 790 2598 conjecissent
818 2518 1027 2580 oculos
1063 2520 1162 2599 qui
1198 2538 1315 2580 non
1355 2527 1480 2581 erat
1511 2519 1598 2579 eis
1632 2519 1798 2594 prius
1830 2519 2037 2598 cogni-

388 2615 504 2683 tus,
532 2627 601 2669 ex
629 2626 699 2670 ea
723 2628 853 2689 qua:
882 2609 1051 2670 eisin
1081 2611 1225 2670 mari
1261 2610 1408 2670 facta
1434 2608 1623 2670 fuerat
1643 2608 2035 2688 apparitione,

385 2716 520 2758 eum
557 2699 843 2759 continuo
873 2707 1239 2776 agnoverunt
1275 2716 1288 2760 :
1327 2706 1384 2758 et
1413 2707 1796 2759 accurrcnles
1844 2698 2039 2778 proci-

386 2786 534 2846 dunt
564 2787 636 2848 ad
694 2788 825 2866 ejus
858 2787 1065 2866 pedes,
1102 2795 1158 2846 et
1189 2787 1396 2865 lingua
1427 2788 1668 2866 quidem
1706 2787 1794 2847 eis
1825 2804 2034 2848 move-

2123 1890 2328 1958 Ἰησοῦς
2395 1892 2670 1970 πρότερον,
2732 1894 2818 1948 καὶ
2876 1891 3041 1954 οὕτως
3093 1891 3290 1969 ἥμερον
3345 1893 3428 1948 καὶ
3471 1891 3766 1970 εῦγάληνον

2121 1981 2337 2044 ἐκείνοις
2363 1982 2453 2036 τὸν
2513 1980 2678 2038 πλοῦν
2722 1979 2950 2041 δίδωσιν.
3010 1983 3104 2046 Ὣς
3151 1981 3238 2037 οὖν
3295 1984 3447 2058 πράῳ
3490 1988 3566 2056 τῷ
3607 1983 3771 2039 πνεύ-

2122 2092 2250 2145 ματι
2315 2069 2632 2148 φερομένοὸς
2690 2073 2724 2139 ἡ
2790 2070 2988 2149 χέρσος
3064 2075 3248 2133 αὐτοὺς
3307 2069 3601 2152 ἐξεδέχετο,
3663 2078 3766 2140 τῆς

2121 2161 2248 2226 νηὸς
2339 2159 2736 2241 ἀποϐαίνοντες,
2808 2163 2899 2217 τὸν
2969 2158 3297 2217 διασώσαντα
3369 2169 3462 2220 τοῦ
3529 2159 3772 2220 κινδύνου

2122 2250 2405 2328 ἠπείγοντο
2461 2251 2695 2328 φθάνειν,
2759 2254 2893 2307 Εἶτα
2964 2250 3222 2326 μαθόντες
3281 2253 3352 2315 εἷς
3398 2251 3497 2318 τὴν
3567 2251 3776 2320 ἐκκλη-

2125 2342 2240 2395 σίαν
2295 2339 2451 2396 αὒτὸν
2495 2340 2767 2419 οἴχεσθαι,
2802 2339 2984 2397 ἄπίασι
3045 2341 3186 2419 παρὰ
3227 2342 3318 2397 τὸν
3361 2341 3506 2400 ναόν.
3559 2330 3617 2399 Ὀ
3669 2343 3773 2418 μὲν

2122 2429 2211 2484 οὖν
2263 2427 2419 2507 μέρος
2467 2430 2652 2488 ἑαυτὸν
2697 2436 2789 2486 τοῦ
2833 2428 3033 2508 κλήρου
3083 2428 3336 2508 ποιήσας,
3369 2431 3603 2500 εὶσυήκει
3648 2445 3773 2495 τοῖς

2124 2508 2346 2571 πολλοῖς
2394 2508 2600 2582 ὅμοιος·
2651 2513 2696 2565 οἱ
2741 2508 2794 2565 δὲ
2837 2512 2910 2574 ὡς
2945 2507 3228 2567 ίέπέϐαλον
3273 2514 3411 2584 αὒτῷ
3466 2511 3560 2574 τὰς
3617 2510 3773 2588 ὄψεις

2122 2601 2291 2673 μήπω
2349 2600 2552 2662 τούτοις
2595 2600 2879 2675 γνωσθέντι
2923 2601 3201 2678 πρότερον,
3257 2598 3350 2655 ἀπ’
3422 2602 3587 2666 αὐτῆς
3642 2608 3774 2679 γοῦν

2121 2696 2218 2758 τῆς
2277 2691 2330 2747 ἐν
2389 2698 2464 2765 τῷ
2525 2689 2746 2768 πελάγει
2794 2689 3100 2770 ἐπιφανείας
3157 2691 3514 2766 ἀνεγίνωσκόν
3573 2713 3628 2746 τε
3679 2693 3774 2748 καὶ

2122 2783 2194 2842 εἷς
2247 2779 2453 2837 ἐκεῖνον
2505 2781 2648 2845 εὐθὺς
2702 2780 2977 2858 ἀνέφτρον,
3034 2781 3120 2837 καὶ
3162 2778 3604 2858 προσδραμόντες,
3637 2803 3772 2856 προσ

388 2873 558 2937 batur
582 2875 652 2935 ad
679 2877 938 2954 agendas
960 2876 1200 2953 gratias:
1237 2876 1416 2938 simul
1440 2895 1577 2937 vero
1611 2895 1740 2938 cum
1766 2895 1834 2938 ea
1858 2876 2031 2937 etiam

2120 2869 2374 2927 σέπιπτον
2435 2872 2589 2926 αὐτοῦ
2645 2883 2765 2932 τοῖς
2823 2870 2967 2942 ποσὶ,
3025 2871 3112 2926 καὶ
3171 2883 3285 2931 τοῖς
3345 2868 3548 2949 χείλεσι
3602 2872 3760 2927 τοῦτο

384 2962 738 3042 loquebatur
759 2963 1017 3044 animus,
1035 2983 1239 3026 eorum
1265 2984 1396 3047 quae
1422 2984 1628 3045 passus
1659 2975 1716 3026 et
1737 2967 2032 3047 quomodo

2120 2961 2214 3035 μὲν
2270 2961 2591 3035 ἠσπάζοντο,
2644 2966 2798 3016 τοῦτο
2856 2957 2908 3014 δὲ
2970 2962 3058 3016 καὶ
3102 2960 3419 3040 ἐφθέγγοντο
3454 2959 3766 3040 εῦχάριστόν

385 3052 576 3114 fuerat
605 3053 891 3115 liberatus
947 3054 1272 3116 recordans
1310 3076 1322 3117 :
1378 3063 1435 3116 et
1467 3054 1656 3116 oculis
1687 3055 2032 3116 emittebant

2120 3073 2190 3125 τι,
2253 3053 2340 3107 καὶ
2384 3048 2628 3128 δάκρυσιν
2683 3048 2876 3116 ἡδονῆς
2940 3049 3350 3129 κεκερασμένον,
3401 3052 3474 3104 ὧν
3521 3071 3577 3106 τε
3625 3048 3770 3107 ’ἐπα-

387 3142 677 3223 lacrymas
727 3153 906 3206 testes
935 3145 1139 3206 eorum
1194 3163 1324 3224 qua:
1367 3144 1739 3207 dicebantur.
1804 3144 2032 3208 Deinde

2120 3144 2203 3198 θον
2266 3141 2718 3216 μιμνησκέμενοι,
2778 3140 2866 3194 καὶ
2918 3137 3066 3202 ὅπως
3124 3141 3360 3217 ῥυσθεῖεν
3416 3139 3612 3216 σφόδρα
3662 3162 3772 3197 πε-

386 3231 563 3294 etiam
600 3233 668 3295 iis
689 3233 791 3312 qui
821 3233 1067 3296 aderant
1097 3234 1440 3314 singillatim
1467 3234 1785 3296 narrabant
1814 3238 2029 3297 seriem

384 3321 472 3384 rei
503 3330 703 3399 gestae.

463 3410 670 3474 XXIX.
724 3412 1110 3475 Admirabilis
1159 3432 1300 3476 vero
1343 3413 1621 3476 Nicolaus
1663 3430 1781 3475 non
1836 3415 2034 3476 minus

383 3501 580 3564 sciens
611 3500 870 3565 liberare
899 3522 931 3563 a
959 3504 1223 3584 periculo
1249 3505 1484 3578 animae,
1511 3504 1665 3584 quod
1691 3513 1816 3565 erat
1849 3503 2024 3566 etiam

383 3591 438 3652 ei
471 3592 677 3673 majori
708 3611 886 3665 curae,
922 3612 1054 3654 cum
1103 3593 1487 3674 perapiceudi
1521 3593 1823 3655 facultatis
1871 3594 2029 3656 dono

381 3681 625 3760 spiritus
680 3683 768 3742 eis
799 3681 1159 3743 insidentem
1211 3683 1353 3744 vidit
1398 3683 1866 3762 improbitatem,
1901 3701 2033 3763 quae

384 3772 651 3851 procula
685 3770 802 3837 Deo
866 3772 1210 3834 removebat
1239 3782 1294 3834 et
1341 3772 1412 3833 ab
1467 3772 1627 3836 illius
1688 3773 2025 3834 mandatis:

384 3862 500 3922 Vos
530 3863 715 3941 ipsos,
742 3881 774 3922 ο
808 3861 934 3932 filii,
969 3862 1232 3936 dicebat,
1267 3863 1596 3942 agnoscite,
1631 3863 1897 3943 inquam,
1932 3881 2033 3922 vos

381 3967 525 4026 rogo
562 3968 575 4011 :
611 3957 668 4008 et
697 3949 874 4010 corda
905 3959 1096 4012 vestra
1151 3960 1208 4012 et
1241 3951 1458 4012 mentis
1487 3961 1700 4013 vestrae
1753 3960 1945 4012 motus
1975 3961 2034 4012 et

379 4038 768 4116 cogitationes
797 4039 870 4098 ad
904 4039 1015 4100 hoc
1040 4039 1278 4118 dirigite
1308 4051 1370 4101 ut
1400 4039 1520 4101 Deo
1547 4040 1852 4120 placeatis.
1885 4040 2029 4102 Nam

378 4129 489 4188 etsi
543 4126 758 4189 multos
789 4128 1098 4204 lateamus,
1133 4140 1194 4191 et
1225 4129 1366 4190 boni
1423 4149 1555 4191 esse
1605 4129 1940 4210 videamur,
1971 4139 2031 4190 at

379 4216 546 4278 illum
602 4218 843 4297 quidem
877 4226 1040 4279 certe
1096 4219 1341 4280 omnino
1391 4219 1538 4280 nihil
1571 4219 1776 4280 latebit
1822 4237 2027 4280 eorum

381 4327 512 4386 qua:
543 4317 744 4368 nostra
774 4316 934 4368 sunt.
971 4329 999 4367 ‹
1036 4307 1180 4369 Nam
1217 4309 1394 4369 homo
1422 4308 1689 4385 quidem,
1723 4308 1936 4389 inquit,
1969 4309 2028 4368 in

379 4394 616 4467 faciem,
651 4395 814 4458 Deus
837 4403 1032 4458 autem
1067 4397 1139 4457 ad
1161 4415 1264 4458 cor
1287 4398 1404 4460 15.»
1443 4399 1568 4460 Hoc
1593 4415 1833 4477 quoque
1860 4398 2028 4460 Scri~

2117 3233 2356 3310 ριχαρῶς
2413 3229 2780 3306 ἓξηγούμενοι*
2847 3227 3031 3284 ἔπειτα
3062 3231 3146 3285 καὶ
3193 3241 3310 3293 τοῖς
3359 3236 3580 3306 παροῦσι
3633 3232 3775 3287 κατὰ

2118 3320 2277 3398 μέρος
2308 3321 2374 3378 τὰ
2404 3326 2496 3376 τοῦ
2541 3320 2855 3395 πράγματος
2886 3316 3190 3396 διηγοῦντο.

2200 3409 2330 3471 Κ6’,
2411 3408 2469 3467 Ὀ
2561 3409 2859 3482 θαυμαστὸς
2949 3410 3119 3466 τοίνυν
3191 3407 3447 3471 Νικόλαος
3533 3408 3776 3467 κινδύνου

2116 3502 2318 3578 ῥύεσθαι
2378 3508 2471 3556 τοῦ
2519 3497 2617 3564 τῆς
2665 3503 2850 3577 ψυχῆς
2896 3497 3000 3577 οὐχ
3043 3502 3202 3566 ἧττον
3257 3496 3428 3574 εἰδὼς,
3463 3499 3491 3555 ὃ
3535 3500 3621 3555 καὶ
3669 3505 3775 3568 τῆς

2114 3590 2358 3652 πλείονος
2418 3587 2622 3664 μᾶλλον
2669 3588 2814 3655 ἠξίου
2874 3586 3166 3668 φροντίδος,
3210 3587 3395 3656 ἐπειδὴ
3443 3595 3522 3662 τῷ
3581 3586 3774 3669 διορα-

2115 3687 2248 3753 τικῷ
2330 3687 2415 3737 τοῦ
2485 3679 2786 3752 πνεύματος
2861 3677 3118 3756 ὀφθαλμῷ
3202 3679 3504 3759 μοχθηρίαν
3582 3684 3773 3741 αὐτοῖς

2116 3769 2528 3842 ὑποκαθημένην
2587 3770 2749 3845 ἑώρα,
2814 3767 2994 3846 πόρῤω
3063 3770 3193 3824 Θεοῦ
3249 3769 3335 3824 καὶ
3405 3773 3510 3826 τῶν
3566 3768 3773 3827 ἐκείνοι)

2117 3858 2413 3936 βάλλουσαν
2472 3857 2728 3936 ἐντολῶν,
2761 3856 3054 3934 Ἐπίγνωτε
3113 3857 3350 3930 ἑαυτοὺς,
3385 3855 3600 3936 ἐφώνει,
3644 3856 3768 3916 δέο-

2116 3973 2233 4023 μαι,
2271 3949 2451 4027 τέκνα,
2484 3948 2763 4024 ἐπίγνωτε,
2803 3947 2890 4002 καὶ
2946 3947 3040 4008 τὰς
3089 3944 3299 4023 καρδίας
3355 3947 3502 4022 ὑμῶν
3559 3949 3646 4004 καὶ
3702 3950 3771 4005 τὰ

2115 4046 2206 4096 τοῦ
2264 4040 2354 4095 νοῦ
2400 4036 2670 4110 κινήματά
2717 4057 2774 4092 τε
2830 4035 2919 4091 καὶ
2965 4032 3298 4110 διανοήματα
3351 4037 3422 4096 εἰς
3474 4035 3770 4111 εὖαρέστη-

2115 4151 2195 4184 σιν
2269 4127 2589 4187 ἀπευθύνατε
2659 4133 2753 4182 τοῦ
2809 4127 2960 4183 Θεοῦ.
3024 4124 3130 4182 Κᾶν
3203 4126 3303 4204 γὰρ
3361 4126 3482 4190 τοὺς
3541 4125 3771 4195 πολλοὺς

2113 4217 2386 4278 λανθάνειν
2445 4218 2666 4295 ἔχομεν,
2701 4216 2729 4270 ὃ
2773 4217 2834 4270 τὸ
2874 4221 2978 4271 πᾶν
3037 4214 3091 4270 ἐν
3119 4221 3196 4289 τῷ
3254 4237 3317 4270 τα
3365 4215 3537 4294 φαῦλα
3591 4217 3769 4292 πράτ-

2113 4330 2218 4364 τειν
2287 4308 2429 4364 εἶναι
2505 4307 2810 4380 νομίζομεν,
2871 4307 2957 4361 καὶ
3028 4307 3260 4383 χρηστοὶ
3326 4304 3588 4377 δοκῶμεν,
3645 4305 3772 4362 ἀλλ’

2113 4399 2320 4455 ἐκεῖνον
2349 4395 2488 4458 ὅλως
2537 4394 2682 4452 οῦδὲν
2714 4393 2982 4472 διαφεύγει
3015 4394 3120 4450 τῶν
3178 4395 3476 4473 ἡμετέρων.
3543 4418 3571 4451 α
3605 4393 3761 4452 ’Ἀν-

383 4495 612 4564 pturam
644 4485 954 4547 audivistis
1007 4487 1348 4546 rlicentem:
1398 4511 1424 4541 α
1460 4488 1550 4549 Ne
1587 4485 1815 4548 faciatis
1848 4488 2020 4563 mala,

2120 4492 2314 4564 θρωπος
2371 4486 2469 4556 μὲν
2513 4487 2614 4564 γὰρ
2666 4486 2738 4548 εἰς
2797 4484 3104 4562 πρόσωπον,
3145 4507 3168 4540 ο
3234 4487 3422 4563 φησὶν,
3472 4505 3496 4540 α
3533 4486 3664 4548 θεὸς
3708 4484 3769 4542 δὲ

385 4585 442 4634 et
474 4593 576 4634 vos
601 4593 718 4636 non
751 4574 1259 4653 comprehendant
1292 4575 1453 4636 mala
1483 4576 1558 4635 ιι.
1593 4603 1614 4627 ι
1649 4575 1868 4638 Discite
1898 4595 2032 4638 vero

382 4663 578 4743 potius
627 4663 1001 4736 benefacere,
1061 4672 1123 4726 et
1163 4665 1434 4745 corporis
1485 4665 2026 4728 sanctiﬁcationcm

381 4760 504 4814 toto
527 4771 807 4814 exercere
833 4754 1156 4833 proposito.
1202 4753 1354 4816 «Vos
1387 4756 1544 4818 enim
1575 4756 1715 4816 estis
1744 4759 2030 4838 templum

379 4843 511 4905 Dei.
568 4840 680 4913 Qui
712 4850 907 4904 autem
956 4846 1276 4921 corrumpit
1318 4844 1431 4906 hoc
1476 4844 1788 4925 templum,
1825 4846 2036 4926 perdet

379 4951 513 4993 eum
547 4934 764 4994 Deus.»
796 4929 933 4993 llazc
955 4931 1100 4994 dicit
1124 4932 1680 4996 divinusPaulus‘S.
1712 4935 1808 4997 Sic
1833 4935 2029 5016 facile,

379 5029 438 5082 et
491 5021 566 5084 de
601 5031 816 5083 caetero
869 5021 1054 5083 Deum
1114 5022 1410 5084 habebitis
1457 5023 1815 5103 adjutorem.
1850 5023 2032 5087 Suffi-

381 5112 546 5173 ciunt
577 5113 720 5173 mihi
779 5112 906 5174 haec
960 5131 1092 5192 quze
1141 5112 1300 5175 dicta
1329 5123 1467 5174 sunt
1517 5115 1588 5174 ad
1632 5114 2034 5176 ostendendas

381 5221 526 5279 opes
549 5200 765 5281 quibus
787 5201 890 5263 ille
912 5219 945 5260 a
971 5203 1092 5263 Deo
1116 5217 1240 5263 erat
1267 5201 1804 5281 locupletatus.Sed
1825 5203 2028 5266 nescio

385 5290 682 5367 quomodo
741 5291 871 5369 ejus
921 5290 1166 5360 mentio,
1216 5310 1325 5354 nec
1377 5293 1472 5354 hic
1523 5292 1762 5374 quidem
1811 5294 2031 5374 patitur

382 5379 596 5440 sistere
646 5382 1028 5440 orationem:
1079 5381 1182 5440 sed
1235 5381 1350 5442 nisi
1400 5401 1470 5444 ea
1522 5402 1654 5464 quae
1709 5391 2030 5463 supersunt

381 5467 686 5546 adjecerit,
727 5469 1010 5530 damnum
1044 5469 1206 5530 ducit
1229 5488 1359 5530 esse
1393 5473 1741 5536 maximum.

2118 4580 2188 4639 εἷς
2234 4574 2466 4653 καρδίαν.
2503 4598 2527 4633 ι)
2578 4572 2871 4630 Ἠκούσατε
2915 4575 3012 4640 τῆς
3070 4579 3282 4652 Γραφῆς
3327 4576 3415 4631 καὶ
3459 4583 3612 4634 τοῦτο
3671 4574 3771 4632 λε-

2119 4668 2338 4744 γούσης.
2395 4689 2418 4718 ιι
2458 4666 2542 4732 Μὴ
2576 4677 2783 4720 ποιεῖτε
2815 4664 2976 4735 κακὰ,
3013 4663 3100 4718 καὶ
3131 4663 3191 4720 οὗ
3221 4664 3298 4739 μὴ
3325 4662 3601 4739 καταλάϐῃ
3629 4666 3772 4741 ὑμᾶς

2117 4759 2182 4813 τὰ
2209 4758 2367 4818 κατά,
2406 4779 2432 4810 n
2473 4755 2544 4813 Εὖ
2593 4753 2646 4811 δὲ
2673 4767 2850 4810 ποιεῖο
2881 4752 3086 4828 μᾶλλον
3117 4753 3382 4828 ἐπιμὸνως
3412 4753 3769 4830 σπουδάσατε,

2117 4850 2203 4903 καὶ
2250 4849 2340 4902 τὸν
2387 4846 2649 4922 ἁγιασμὸν
2701 4846 2791 4900 τοῦ
2850 4844 3096 4916 σώματος
3163 4842 3266 4920 ὅλῃ
3299 4845 3551 4922 ἐπροθέσει
3599 4867 3773 4921 μετα-

2117 4935 2358 5002 διώξατε.
2435 4918 2642 4999 eum
2703 4934 2802 5011 γὰρ
2861 4935 3026 5007 ἡμεῖς
3086 4918 3250 4998 Θεοῦ..
3295 4918 3390 4998 θ’ος
3448 4933 3504 4990 δὲ
3574 4918 3772 5014 φθείρει

2115 5029 2208 5083 τὸν
2258 5027 2382 5081 ναὸν
2432 5023 2523 5081 τοῦ
2573 5031 2726 5084 Θεοῦ.
2765 5047 2792 5078 ι
2860 5022 3061 5089 Παῦλος
3107 5023 3273 5080 ταῦτά
3310 5047 3471 5104 φησιν
3522 5027 3550 5082 ὁ
3593 5030 3771 5106 θεῖος,

2124 5138 2146 5172 α
2181 5115 2362 5197 φθερεῖ
2393 5113 2576 5171 τοῦτον
2601 5116 2628 5169 6
2657 5114 2809 5177 Θεός.
2851 5136 2875 5168 υ
2925 5111 3077 5170 Οῧτω
3107 5127 3338 5195 ποιεῖτε,
3371 5115 3457 5172 καὶ
3488 5116 3549 5171 τὸ
3579 5114 3774 5173 λοιπὸν

2113 5205 2254 5273 ἕξετε
2312 5206 2505 5281 βοηθὸν
2535 5203 2749 5282 ἄμαχον
2793 5205 2884 5259 τὸν
2929 5203 3082 5265 Θεόν.
3145 5204 3347 5282 ’Ἤρκει
3379 5205 3443 5260 τὰ
3504 5204 3765 5284 εἰρημένα

2113 5297 2179 5366 ἢν
2238 5297 2387 5360 οὗτος
2431 5291 2676 5350 ἐπλούτει
2729 5294 2872 5369 παρὰ
2930 5299 3061 5353 Θεοῦ
3107 5292 3301 5370 ῥοπὴν,
3333 5293 3527 5358 ἱκανῶς
3581 5316 3766 5370 παρα-

2111 5391 2335 5452 στῆσαι.
2403 5381 2556 5439 Ἀλλ’
2591 5382 2686 5439 οῦκ
2746 5380 2854 5440 οἶδ’
2901 5381 3046 5448 ὅπως
3096 5385 3130 5452 ἡ
3190 5384 3308 5458 περὶ
3357 5383 3515 5439 αὒτοῦ
3563 5383 3769 5458 μνώμη

2111 5475 2218 5534 οὔδ’
2264 5474 2482 5530 ἐνταῦθα
2533 5477 2723 5540 στῆσαι
2772 5474 2861 5530 τὸν
2901 5471 3058 5551 λόγον
3122 5472 3401 5556 ἀνέχεται,
3433 5471 3552 5529 ἀλλ’
3585 5474 3630 5531 εὶ
3686 5477 3768 5548 μή

379 5560 470 5614 καὶ
498 5559 559 5614 τὰ
592 5558 883 5634 λειπόμενα
917 5561 1222 5636 προσθήσει,
1257 5561 1450 5636 ζημίαν
1482 5562 1676 5620 τίθεται
1718 5567 1816 5630 τὴν
1849 5567 2135 5644 μεγίστην.

462 5675 515 5723 ¹³
544 5679 563 5742 l
594 5676 750 5756 Reg.
786 5693 908 5756 xvr,
936 5679 998 5745 7.
1083 5678 1138 5722 η
1165 5677 1335 5744 Joan.
1371 5697 1478 5758 xu,
1511 5685 1612 5746 35.

1701 5682 1752 5726 ¹⁵
1781 5687 1806 5749 l
1835 5683 1969 5748 Cor.
2004 5703 2092 5768 ιιι,
2131 5686 2229 5749 16.
