4006 6146
182 305 295 377 353
946 303 949 304 ⁷
1524 304 1711 373 VITA
1757 308 1817 372 S.
1869 303 2202 372 NIGOLAI.
3436 303 3550 373 354

257 444 339 505 Δ’.
369 444 537 522 Λόγος
570 446 674 523 γὰρ
727 466 806 506 τις
843 443 904 501 ἐκ
962 452 1165 523 μακροῦ
1218 451 1310 500 τοῦ
1367 445 1562 522 χρόνου
1620 442 1716 500 καί
1745 444 1817 506 εἷς

1982 441 2163 505 ΧΧΧ.
2198 440 2452 513 Quidam
2495 440 2652 502 enim
2713 459 2915 503 sermo
2976 441 3050 503 ab
3107 441 3368 522 antiquis
3425 441 3550 502 uti-

178 539 320 610 ἧμᾶς
397 535 661 615 φοιτήσας
735 535 827 589 τὸν
901 533 1160 610 μακάριον
1229 535 1437 590 τουτονὶ
1508 531 1824 611 παραδίδωσι

1912 548 2022 610 que
2052 530 2422 610 temporibus
2453 530 2748 609 repetitus
2774 531 2844 591 ad
2882 549 2986 590 nos
3016 532 3285 605 veniens,
3321 529 3553 592 deseri.

179 623 525 697 πρεσϐυτικὸν
583 624 686 696 μὲν
743 625 806 679 τὸ
859 623 1006 694 ἦθος,
1067 621 1354 700 ἀγγελικὸν
1411 620 1465 677 δὲ
1525 624 1621 688 τὴν
1673 621 1818 694 θέαν,

1912 619 1994 681 bit
2019 621 2179 682 hunc
2210 620 2447 682 beatum
2475 620 2742 682 moribus
2792 620 3037 697 quidem
3077 619 3354 695 senilem,
3386 635 3556 700 aspe-

178 717 448 792 ἆγιασιιοῦ
501 711 556 768 δε
616 716 708 770 καὶ
767 711 985 792 χάριτος
1041 711 1401 769 ἀποπνέονταο
1460 714 1549 767 καὶ
1609 714 1706 790 ὡς,
1769 711 1822 766 εἴ

1912 715 2004 770 ctu
2035 717 2232 770 autem
2265 709 2622 788 angelicum,
2660 710 2983 789 spirantem
3015 728 3154 771 vero
3210 709 3548 772 sanctiﬁca-

175 827 252 868 τις
311 805 499 875 ἐκείνῳ
553 805 643 859 καὶ
708 804 878 878 ψιλῶς
936 802 1154 880 ἐντύχοι
1210 800 1386 868 πολλὴ
1443 809 1518 874 τῷ
1548 801 1822 881 ἐντυχόντι

1912 799 2128 860 tionem
2160 808 2216 860 et
2278 799 2536 860 divinam
2592 801 2862 879 gratiam.
2926 801 3111 861 Porro
3169 810 3365 860 autem
3426 800 3552 863 haec

175 891 511 972 παραχρῆμα
539 893 632 947 καὶ
661 890 748 947 διὰ.
777 891 944 966 μόνης
1003 888 1208 956 δηλαδὴ
1263 895 1361 957 τῆς
1417 891 1538 955 θέας
1595 889 1822 953 ἐπίδοσίς

1912 907 2144 968 quoque
2166 891 2241 950 de
2275 907 2345 949 eo
2375 889 2606 970 adjicit,
2632 889 2784 969 quod
2816 889 2864 950 si
2901 888 3112 970 quisin
3135 907 3270 950 eum
3301 889 3554 952 incidis-

174 1005 228 1039 τε
257 985 393 1060 πρὸς
451 982 512 1037 τὸ
559 980 770 1056 βέλτιον
823 981 907 1036 καὶ
947 977 1217 1054 μεταϐολή
1268 1002 1349 1043 τις
1395 979 1617 1056 ἐγίνετο.
1656 981 1752 1037 Καὶ
1780 983 1825 1053 ᾧ

1912 985 2018 1051 set,
2047 977 2100 1037 ei
2136 979 2237 1058 qui
2270 979 2588 1052 inciderat,
2619 997 2689 1040 ex
2720 978 2849 1040 solo
2879 979 3010 1056 ejus
3040 990 3308 1058 aspectu,
3344 997 3555 1058 magna

176 1072 214 1128 δ’
273 1072 335 1129 ἂν
390 1075 613 1151 ὑπῆρχε
677 1072 828 1127 πάθει
879 1071 981 1125 τινὶ
1040 1071 1126 1126 καὶ
1189 1068 1330 1146 λύπῃ
1387 1071 1697 1148 βαρύνεσθαι
1727 1071 1822 1138 τὴν

179 1163 382 1242 ᾧυχῆυ,
417 1164 597 1234 οὗτος,
631 1162 672 1216 εἴ
708 1160 804 1216 καί
860 1159 1018 1234 μόνον
1077 1159 1219 1232 αὖτῷ
1274 1159 1583 1234 ἀτενίσειεν,
1639 1162 1824 1226 ἱκανῆς

179 1251 408 1307 ἀπέλαϐε
471 1257 568 1308 τοῦ
620 1249 908 1312 λυποῦντος
965 1253 1320 1326 παραψυχῆς,
1387 1247 1591 1323 Ἐξῇειν
1642 1246 1826 1304 δὲκαὶ

179 1363 251 1406 τις
306 1341 620 1419 ὑπέρφωτος
680 1338 926 1416 ἀστραπὴ
982 1343 1080 1403 τῆς
1142 1338 1343 1393 ἐκείνου
1397 1337 1540 1417 θέας,
1598 1341 1688 1394 καὶ
1765 1340 1824 1394 τὸ

180 1432 466 1508 πρόσωπον
521 1429 836 1503 κατέλαμπε
894 1425 1099 1502 μᾶλλον
1158 1425 1193 1494 ἦ
1244 1429 1306 1482 τὸ
1333 1427 1588 1491 Μωσέως.
1628 1427 1692 1484 Εἴ
1727 1450 1824 1483 που

179 1524 345 1577 τοίνυν
404 1519 644 1594 συμϐαίη
717 1526 824 1575 τῶν
893 1515 1205 1596 ἕτεροδόξων
1276 1517 1418 1590 αὐτῷ
1490 1539 1637 1580 τινας
1708 1516 1826 1573 καθ’

181 1609 292 1665 ὁδὸν
349 1608 648 1680 συνελθεῖν,
712 1608 876 1682 μόνον
933 1608 977 1662 εἷ
1037 1609 1134 1674 τῆς
1186 1605 1385 1662 ἐκείνου
1430 1605 1670 1682 γλυκείας
1701 1606 1828 1662 ἀπέ-

182 1699 374 1754 λαυσαν
412 1697 690 1778 γλώττης,
722 1698 868 1761 εὐθὺς
900 1696 1138 1772 ἀπῄεσαν
1197 1697 1294 1761 τῆν
1351 1698 1413 1751 ὲκ
1462 1694 1658 1752 παίδων
1699 1719 1824 1751 συν-

184 1787 500 1853 αυξηθεϊσαν
560 1790 744 1850 αὐτοῖς
799 1787 1005 1862 αἵρεσιν
1065 1782 1524 1865 ἀποϐεϐληκότες,
1584 1786 1677 1842 καὶ
1735 1788 1826 1842 τὸν

186 1880 322 1954 ὀρθὸν
378 1883 487 1943 τῆς
546 1875 796 1943 ἀληθείας
855 1875 1014 1953 λόγον
1072 1874 1555 1951 ἐνοτερνισάμενοι.
1613 1877 1676 1932 'O
1731 1877 1826 1949 μὲν

184 1969 261 2021 οὖν
317 1965 466 2023 οὕτω
522 1962 822 2044 βεϐιωκὼς,
879 1967 966 2020 καὶ
1018 1963 1300 2040 λαμπρῶς,
1351 1965 1485 2020 κατά
1517 1985 1578 2042 γε
1608 1967 1699 2021 τὸν
1730 1970 1825 2031 τῆς

187 2055 358 2132 ἀρετῆς
389 2054 584 2132 λόγον,
621 2056 708 2110 καὶ
761 2055 981 2118 ἀστείως
1033 2052 1506 2127 πολιτευσάμενος,
1576 2057 1662 2110 καὶ
1710 2054 1828 2111 οἷόν

195 2165 232 2198 τι
255 2143 422 2219 μύρον
461 2141 674 2208 ἥδιστον
703 2144 793 2198 καὶ
849 2144 1201 2219 προσαγωγὸν
1258 2141 1313 2196 ὲν
1339 2141 1481 2217 μέσῃ
1513 2144 1580 2216 τῇ
1612 2142 1828 2214 Μυρέων

196 2235 285 2295 τοὺς
338 2232 599 2294 συνόντος
659 2233 900 2309 μυρίοις,
961 2231 1227 2306 βαθύτατα
1299 2251 1356 2285 τε
1424 2232 1692 2308 γηράσας,
1742 2233 1828 2286 καὶ

187 2322 381 2401 πλήρης
412 2325 635 2399 ἡμερῶν
665 2327 772 2377 τῶν
821 2342 880 2376 τε
910 2323 1060 2378 θείων
1093 2321 1181 2377 καὶ
1238 2326 1343 2377 τῶν
1401 2319 1675 2395 λυομένων
1730 2319 1828 2397 γέ-

187 2412 422 2487 νόμενος,
487 2411 605 2467 ἐπεὶ
655 2413 743 2468 καὶ
805 2410 962 2467 αὑτὸν
1020 2410 1296 2488 ἅνθρωπνν
1368 2409 1519 2484 ὄντα,
1577 2408 1678 2466 ἔδει
1753 2418 1829 2484 τῷ

187 2507 338 2574 κοινῷ
395 2506 773 2580 λειτουργῆσαι
835 2500 982 2574 νόμῳ
1037 2505 1132 2566 τῆς
1197 2504 1375 2569 κοινῆς
1429 2501 1652 2578 φύσεως,
1687 2501 1828 2572 νόσῳ

193 2591 484 2668 περιπίπτει
563 2590 815 2669 βραχείᾳ,
885 2592 948 2645 Ἦ
1014 2586 1069 2644 δέ
1138 2588 1280 2662 αὐτῷ
1351 2590 1422 2655 εἷς
1490 2590 1827 2668 εὔχαριστίας

202 2683 289 2742 τὰς
343 2682 468 2750 πρὸς
523 2683 658 2736 Θεὸν
729 2681 816 2736 καὶ
876 2679 1070 2754 ὕμνους
1140 2677 1364 2744 ὲξοδίους
1427 2681 1514 2736 καὶ
1576 2701 1828 2758 προπεμ-

199 2772 437 2848 πτηρίους
469 2767 722 2844 διέϐαινε,
781 2771 868 2826 καὶ
929 2769 996 2846 τῇ
1057 2773 1154 2848 τῆς
1211 2767 1467 2844 ἐκδημίας
1507 2767 1681 2826 ἐλπίδι
1714 2792 1826 2848 χα-

193 2844 436 2938 ριέστατα
493 2860 658 2916 ἐτίθει
716 2861 810 2916 τὸν
865 2844 1058 2937 μέγαν,
1110 2844 1274 2939 “Οπερ
1332 2861 1433 2937 γὰρ
1481 2872 1600 2923 τοῖς
1650 2844 1830 2924 ἄλλοις

187 2953 244 3005 τὸ
295 2956 366 3026 τῇ
427 2951 582 3028 σαρκὶ
640 2948 983 3028 παραμένειν,
1047 2955 1200 3006 τοῦτο
1269 2947 1454 3022 ἐκείνῳ
1508 2950 1570 3004 τὸ
1618 2947 1827 3019 διαζευ-

187 3039 375 3119 χθῆναι
406 3047 504 3096 τοῦ
532 3039 783 3114 σώματος
811 3039 898 3106 ἧν.
933 3037 1084 3094 Ἀλλ’
1145 3041 1172 3093 ὁ
1229 3039 1326 3112 μὲν
1388 3037 1528 3094 οὕτω
1569 3039 1662 3093 τὸν
1705 3037 1826 3094 ἐπί-

1910 1067 2088 1128 liebat
2119 1068 2192 1128 ad
2226 1067 2285 1128 id
2320 1067 2477 1148 quod
2505 1077 2594 1128 est
2625 1067 2839 1128 melius
2869 1069 3155 1140 accessio,
3193 1075 3252 1128 et
3281 1070 3548 1133 mutatio.

1909 1157 2328 1238 Unusquisque
2349 1175 2488 1218 vero
2507 1157 2677 1236 cujus
2707 1157 2940 1218 animus
2951 1158 3150 1237 aliquo
3168 1157 3553 1237 premebatur

1907 1247 2116 1308 dolore
2175 1256 2233 1306 et
2293 1246 2734 1327 pertubatione,
2783 1265 2916 1308 cum
2963 1247 3054 1307 vel
3100 1244 3290 1308 solum
3322 1247 3382 1307 in
3413 1266 3552 1310 eum

1907 1337 2196 1398 diﬁxisset
2227 1337 2458 1409 oculos,
2493 1337 2633 1397 satis
2670 1354 2943 1415 magnum
2991 1337 3329 1398 inveniebat
3359 1338 3550 1400 mole-

1912 1426 2003 1487 tiae
2031 1426 2330 1490 solatium.
2374 1426 2458 1488 Ex
2491 1428 2622 1505 ejus
2653 1445 2888 1506 quoque
2919 1427 3079 1486 vultu
3111 1427 3404 1488 emicabat
3433 1427 3551 1490 ful-

1909 1533 2014 1594 gor
2044 1515 2284 1595 quidam
2317 1533 2498 1595 supra
2530 1517 2769 1577 modum
2799 1517 3150 1591 luminosus,
3181 1524 3240 1576 et
3261 1519 3391 1595 ejus
3412 1517 3552 1579 illu-

1909 1607 2135 1667 strabat
2167 1605 2378 1667 faciem
2413 1606 2727 1687 plusquam
2784 1607 2984 1669 Mosis.
3021 1606 3080 1667 Si
3115 1605 3313 1686 itaque
3361 1608 3555 1669 conti-

1909 1696 2091 1773 gisset
2119 1696 2349 1776 aliquos
2380 1714 2449 1756 ex
2483 1696 2554 1757 iis
2585 1695 2686 1776 qui
2737 1703 2905 1756 erant
2957 1695 3206 1756 diversae
3257 1704 3434 1758 sectis
3463 1697 3553 1758 vel

1853 1784 1970 1876 Bin
2002 1785 2091 1844 via
2141 1803 2275 1846 cum
2322 1803 2392 1846 eo
2425 1785 2732 1862 congredi,
2793 1787 2841 1845 si
2898 1785 3274 1846 solummodo
3305 1804 3543 1850 suavem

1911 1874 2071 1935 illius
2102 1875 2360 1953 linguam
2400 1875 2750 1948 sensissent,
2788 1875 2979 1937 statim
3002 1874 3552 1955 abibantabjicien-

1913 1965 2290 2026 teshzeresim
2311 1965 2578 2045 quaaillis
2601 1965 2902 2027 coaluerat
2920 1983 2951 2025 a
2980 1967 3219 2045 pueris:
3251 1974 3310 2027 et
3331 1976 3552 2028 rectam

1913 2054 2174 2114 veritatis
2202 2055 2494 2117 rationem
2532 2065 2651 2116 toto
2685 2062 2927 2136 pectore
2982 2054 3393 2117 admittebant.
3447 2056 3555 2121 Ille

1912 2161 2052 2222 ergo
2085 2162 2221 2204 cum
2282 2142 2366 2204 sic
2433 2144 2701 2220 vixisset,
2755 2153 2812 2205 et
2859 2163 2928 2204 ex
2968 2144 3202 2206 virtutis
3231 2146 3464 2207 ratione
3493 2166 3556 2208 se

1914 2232 2195 2312 praeclare
2219 2234 2542 2311 gessisset:
2576 2242 2634 2294 et
2665 2251 2803 2294 vere
2832 2233 3098 2313 jucunde
3130 2243 3186 2294 et
3243 2241 3403 2297 suavi
3439 2255 3554 2298 un-

1909 2330 2156 2399 guento,
2192 2321 2444 2383 mediam
2465 2323 2820 2403 Myrensium
2851 2322 3173 2396 civitatem,
3197 2322 3553 2407 divinarum,

1913 2413 2182 2486 inquam,
2211 2412 2532 2490 gratiarum
2562 2411 2812 2472 floribus
2844 2410 3226 2490 perfudisset,
3242 2420 3300 2474 et
3327 2413 3398 2473 ad
3419 2433 3554 2492 pro-

1910 2499 2323 2561 fundissimam
2359 2502 2730 2582 pervenisset
2778 2508 3176 2574 senectutem,
3227 2501 3552 2583 fuissetque

1913 2589 2125 2670 plenus
2155 2591 2391 2666 diebus,
2427 2601 2543 2653 tam
2578 2590 2816 2662 divinis,
2853 2607 3027 2670 quam
3079 2589 3151 2650 iis
3212 2593 3312 2668 qui
3357 2593 3550 2653 resol-

1910 2689 2161 2741 vuntur:
2197 2681 2477 2760 quoniam
2529 2699 2688 2757 eum,
2722 2699 2856 2742 cum
2890 2689 3046 2741 esset
3073 2679 3274 2760 homo,
3309 2691 3552 2761 oporte-

1913 2767 2016 2830 bat
2045 2769 2349 2830 communi
2399 2771 2514 2850 legi
2559 2771 2852 2832 inservire
2900 2778 3146 2843 natura,
3201 2769 3263 2831 in
3311 2768 3551 2835 brevem

1915 2858 2190 2919 morbum
2225 2859 2457 2921 incidit.
2497 2861 2603 2923 llle
2655 2878 2795 2924 vero
2831 2859 2906 2923 ab
2935 2879 3008 2921 eo
3049 2868 3436 2941 consumptus
3467 2873 3557 2927 est

1913 2952 1972 3009 in
2006 2948 2256 3028 agendis
2288 2949 2412 3012 Deo
2463 2950 2689 3032 gratiis,
2724 2950 3079 3031 hymnisque
3127 2949 3228 3030 qui
3278 2950 3556 3017 dicuntur

1913 3039 1971 3098 in
2008 3057 2278 3112 excessu,
2313 3048 2370 3101 et
2395 3059 2501 3121 spe
2532 3041 2900 3120 migratienis
2939 3039 3382 3120 jucundissime
3415 3061 3552 3105 eum

183 3153 345 3206 κν,ρον
375 3128 690 3186 καταλείπει
720 3131 835 3206 βίον
887 3129 976 3184 καὶ
1031 3128 1162 3205 πρός
1218 3132 1317 3196 τῆν
1365 3128 1576 3204 μακρὰν
1622 3127 1825 3194 ἐκείνην

1912 3127 2198 3191 reddebat
2229 3131 2527 3192 affectum.
2564 3132 2710 3192 Nam
2764 3130 2918 3209 quod
2950 3129 3083 3191 aliis
3116 3148 3468 3211 permanere
3491 3135 3550 3196 in

182 3221 266 3275 καὶ
324 3219 594 3297 μακαρίαν
652 3216 902 3274 διαϐαίνει
982 3217 1149 3292 ζωὴν,
1223 3215 1595 3295 λαμπρότησιν
1660 3217 1828 3295 ἀγγέ-

179 3309 286 3364 λων
344 3311 516 3365 συνὼν
573 3307 667 3364 καί
729 3306 1215 3386 συναγαλλόμενος,
1273 3308 1360 3364 καὶ
1390 3309 1451 3362 τὸ
1482 3306 1578 3374 τῆς
1611 3305 1827 3385 Τριέδος

179 3399 376 3477 φέγγος
409 3399 583 3474 ὁμὼν,
616 3398 929 3476 τρανότερόν
958 3418 1017 3453 τε
1066 3398 1156 3453 καὶ
1200 3395 1584 3475 καθαρώτερον.
1648 3398 1717 3454 Τὸ
1774 3395 1828 3452 δὲ

178 3491 365 3545 τούτου
418 3494 579 3561 σῶμα
636 3487 696 3543 τὸ
744 3490 943 3563 τίμιον,
1018 3490 1201 3566 χερσὶν
1260 3488 1426 3552 ὁσίαις
1497 3485 1822 3560 ἐπισκόπων,

179 3588 268 3637 τοῦ
341 3576 546 3652 κλήρου
624 3579 846 3650 παντὸς,
918 3579 1006 3634 καὶ
1059 3578 1426 3656 λαμπροφορία
1495 3577 1822 3651 τιμώμενον,

178 3675 251 3741 τῷ
281 3668 342 3723 ἐν
387 3670 581 3746 Μύροις
638 3668 750 3742 ναῷ
805 3668 1160 3740 κατοτίθεται,
1212 3667 1374 3743 μύρον
1430 3667 1518 3722 καὶ
1577 3667 1650 3729 εἰς
1709 3665 1826 3722 τόδε

180 3760 379 3837 χρόνου
451 3756 712 3836 προχέον,
784 3759 953 3816 νόσων
1026 3761 1277 3837 ψυχικῶν
1349 3758 1436 3813 καὶ
1506 3759 1829 3833 σωματικῶν

187 3870 348 3922 ιαμα.

260 4116 396 4180 AA’.
429 4117 550 4175 Τῶν
581 4124 706 4196 γοῦν
753 4117 1123 4197 ἁπανταχόθεν
1174 4121 1277 4195 γῆς
1341 4117 1458 4175 ἐκεῖ
1507 4116 1828 4196 συῤῥεόντων

186 4209 270 4263 καὶ
327 4207 556 4286 ἀρθόνου
604 4207 1124 4287 μεταλαγχανόντων
1180 4208 1280 4273 τῆς
1337 4208 1571 4287 χάριτις,
1632 4205 1826 4275 συνέϐη

187 4295 361 4374 πόρρω
387 4297 536 4362 τινάς
567 4303 665 4363 τῆς
697 4298 901 4353 Λυκίων
956 4293 1356 4372 διῳκισμένους,
1415 4300 1502 4354 καὶ
1561 4295 1668 4370 διδῷ
1728 4319 1825 4353 συ-

186 4393 334 4465 χνῶν
374 4388 592 4465 ἡμερῶν
646 4386 975 4466 ἀπέχοντας,
1031 4385 1184 4465 ἔρωτι
1248 4386 1514 4466 ληφθῆναι
1576 4395 1824 4468 χρηστῷ,

187 4479 366 4532 τὸτοῦ
420 4476 573 4554 ἁγίου
625 4481 815 4552 μνῆμα
869 4473 1222 4552 καταλαϐεῖν,
1283 4476 1568 4555 ἀρύσασθαί
1620 4498 1679 4533 τε
1733 4485 1828 4534 τοῦ

1915 3235 2117 3298 carne,
2149 3219 2261 3280 hoc
2285 3220 2369 3281 illi
2392 3218 2651 3300 disjungi
2679 3239 2713 3281 a
2734 3237 3004 3299 corpore.
3027 3219 3143 3282 Sed
3176 3219 3278 3282 ille
3309 3222 3550 3303 quidem

1914 3307 2069 3368 hanc
2101 3307 2340 3372 brevem
2365 3318 2422 3371 et
2439 3310 2719 3371 caducam
2739 3309 3024 3390 relinquit
3044 3309 3248 3391 vitam,
3273 3319 3332 3372 et
3357 3321 3554 3374 trans-

1914 3397 1957 3456 it
1987 3394 2059 3457 ad
2092 3397 2256 3459 illam
2293 3397 2631 3461 diuturnam
2665 3407 2723 3460 et
2744 3399 2998 3471 beatam,
3045 3417 3180 3460 cum
3213 3400 3553 3480 splendori-

1914 3484 2024 3546 bus
2045 3489 2391 3566 angelorum
2427 3508 2786 3551 conversans
2813 3499 2872 3551 et
2901 3489 3224 3564 exsultans,
3259 3497 3318 3551 et
3349 3491 3554 3554 videns

1913 3575 2111 3637 lucem
2143 3578 2407 3640 veritatis
2429 3586 2696 3660 apertius
2716 3587 2774 3640 et
2805 3580 3030 3659 purius.
3067 3581 3401 3641 Pretiosum
3435 3599 3547 3642 au-

1911 3672 2031 3725 tem
2105 3666 2235 3745 ejus
2283 3685 2522 3748 corpus,
2557 3668 2784 3729 sanctis
2827 3667 3242 3747 episcoporum
3277 3669 3550 3731 manibus

1914 3763 1974 3816 et
2003 3755 2150 3818 cleri
2186 3762 2384 3825 totius,
2420 3757 2771 3838 facibusque
2806 3767 2864 3818 et
2901 3757 3225 3818 luminibus
3283 3757 3544 3820 honora-

1915 3859 2063 3920 tum,
2099 3846 2498 3926 deponiturin
2519 3846 2739 3927 templo
2770 3846 2928 3924 quod
2958 3855 3049 3908 est
3069 3845 3548 3929 Myris,unguen-

1911 3943 2032 3995 tum
2065 3935 2127 3996 in
2159 3937 2271 3998 hoc
2304 3955 2492 4018 usque
2521 3945 2758 4016 tempus
2817 3936 3142 4016 proﬂuens,
3203 3939 3547 4004 morborum

1909 4025 2178 4105 corporis
2209 4033 2266 4087 et
2294 4025 2510 4088 animae
2535 4027 2893 4088 remedium.

1988 4112 2197 4179 XXXI.
2230 4117 2376 4178 Cum
2409 4125 2606 4179 autem
2639 4135 2711 4178 ex
2755 4115 3032 4178 omnibus
3081 4128 3256 4180 terrm
3285 4119 3549 4202 partibus

1911 4203 2052 4265 illuc
2086 4206 2452 4285 proﬂuerent
2483 4209 2580 4288 qui
2624 4204 2880 4287 copiosae
2910 4207 3068 4268 illius
3098 4208 3301 4287 gratiae
3330 4209 3551 4274 ﬁebant

1910 4295 2256 4375 participes,
2290 4293 2688 4377 quosdam'ex
2722 4295 2919 4376 Lyciis
2969 4297 3070 4377 qui
3119 4305 3286 4359 erant
3343 4301 3548 4380 procul

1907 4386 2152 4465 remoti,
2186 4395 2244 4447 et
2300 4387 2620 4450 multorum
2657 4387 2886 4448 dierum
2921 4386 3034 4448 iter
3061 4388 3330 4465 aberant,
3366 4391 3549 4453 vehe-

1911 4490 2081 4534 mens
2106 4475 2326 4536 invadit
2355 4476 2721 4538 desiderium
2737 4477 3012 4538 veniendi
3035 4477 3106 4538 ad
3131 4480 3320 4541 sancti
3342 4499 3554 4544 monu-

189 4567 349 4642 μύρου
400 4567 489 4622 καὶ
544 4566 941 4646 κατατρυφῆσαι
1003 4573 1094 4623 τοῦ
1163 4567 1513 4644 ἆγιάσματος.
1587 4568 1688 4625 Καὶ
1757 4565 1822 4634 δὴ

1912 4570 2178 4625 mentum
2239 4574 2297 4626 et
2352 4567 2742 4646 participandi
2792 4566 3344 4634 sanctilicationem.
3403 4569 3550 4634 Cum

192 4654 261 4708 τὰ
289 4657 417 4712 σιτία
450 4655 715 4732 ἐνθέμενοι
747 4657 816 4725 τῆ
849 4657 968 4729 νηί,
1000 4658 1132 4735 πρὸς
1184 4657 1283 4724 τὴν
1330 4657 1524 4713 Λυκίαν
1556 4657 1829 4713 ἀποπλεῖν

189 4741 293 4810 ἤδη
326 4743 567 4820 ἔμελλον.
599 4747 844 4823 Πονηρὸν
873 4743 928 4801 δὲ
959 4744 1234 4821 δαιμόνιον
1290 4746 1321 4802 θ
1374 4751 1450 4817 τῷ
1501 4746 1670 4824 βωμῷ
1715 4767 1828 4802 πα-

191 4831 276 4889 λαι
333 4840 426 4902 τῆς
495 4834 803 4915 Ἀρτέμιδος
878 4836 1128 4912 ἐνοικοῦν,
1220 4838 1248 4892 ὁ
1329 4835 1492 4900 πολὺς
1565 4834 1827 4902 Νικόλαος

191 4923 389 4981 ἐκεῖθεν
447 4928 582 5002 μετά
638 4932 746 4982 τῶν
802 4923 978 4984 ἄλλων
1035 4924 1310 4998 ἀπώσατο,
1369 4927 1443 4988 εἰς
1491 4922 1681 5003 ἔδαφος
1734 4928 1826 4982 τὸν

190 5013 368 5087 βωμὸν
426 5016 765 5080 κατασείσας.
826 5022 992 5072 Τοῦτο
1035 5012 1101 5081 δὴ
1129 5015 1191 5070 τὸ
1236 5017 1468 5094 πονηρὸν
1497 5021 1704 5090 πνεῦμα
1733 5017 1825 5072 τὸν

191 5099 350 5159 πλοῦν
405 5101 614 5160 ἐκεῖνον
673 5104 1007 5180 αἰσθόμενον,
1062 5102 1157 5160 καΐ
1219 5102 1330 5179 ἅμα
1387 5103 1485 5178 μὲν
1546 5126 1826 5180 μνησικα-

192 5197 293 5246 κῶν
325 5199 399 5268 τῷ
427 5194 564 5271 ἁγίῳ
591 5193 689 5262 τῆς
720 5214 777 5250 τε
833 5193 928 5249 τοῦ
983 5193 1086 5249 νεὼ
1155 5192 1527 5273 καταστροφῆς
1583 5195 1669 5250 καὶ
1724 5199 1826 5262 τῆς

193 5281 376 5347 οἰκείας
437 5282 641 5340 ἐκεῖθεν
710 5281 1011 5360 ὑπερορίας·
1071 5281 1168 5338 καί
1239 5280 1341 5348 ὅση
1398 5280 1614 5358 δύναμις
1667 5282 1822 5341 ἀντι-

193 5366 380 5446 δλάψαι
442 5371 756 5447 σπούδάζον,
814 5371 929 5448 ἅμα
986 5369 1042 5427 δὲ
1100 5373 1185 5429 καὶ
1239 5377 1330 5428 τοῦ
1387 5372 1652 5450 ἁγιασμοῦ
1701 5375 1822 5438 τοὺς

194 5457 366 5540 ἄνδρας
396 5461 760 5542 ἀποστερῆσαι
814 5459 1162 5538 βούλόμενον,
1222 5461 1309 5517 καὶ
1366 5461 1456 5517 τὸν
1507 5463 1668 5519 πόθον
1710 5463 1822 5537 ἀμ-

194 5544 384 5632 ϐλῦναι,
432 5566 662 5631 γυναῖκα
717 5551 1016 5630 δποκριθέν,
1078 5549 1244 5630 ἄγγος
1303 5572 1353 5608 τι
1413 5548 1615 5631 πλῆρες
1647 5551 1823 5610 ἐλαίου

193 5643 553 5721 μετακομίζειν
636 5640 820 5725 ἒῴκει,
903 5641 992 5698 καὶ
1059 5639 1187 5698 αὐτὸ
1270 5641 1652 5719 προθυμεῖσθαι
1723 5642 1824 5720 μὲν

1914 4651 2114 4730 itaque
2167 4653 2333 4716 cibos
2394 4656 2456 4717 in
2523 4675 2732 4720 navem
2793 4659 3148 4734 immissent,
3211 4659 3271 4721 in
3318 4661 3548 4742 Lyciam

1913 4749 2083 4803 erant
2136 4744 2485 4823 navigaturi.
2548 4746 2866 4824 Malignum
2928 4756 3127 4809 autem
3189 4748 3550 4814 daemonium

1911 4833 2068 4912 quod
2099 4835 2300 4896 Dianae
2331 4837 2617 4916 templum
2647 4837 2786 4898 olim
2821 4837 3149 4914 habitabat,
3183 4839 3341 4918 quod
3365 4839 3551 4922 incly-

1909 4930 2004 4983 tus
2033 4923 2312 4986 Nicolaus
2342 4943 2476 4988 cum
2533 4927 2732 4988 multis
2778 4927 2911 4988 aliis
2965 4927 3134 4989 illinc
3165 4929 3414 5008 expulit,
3447 4948 3549 4992 ara

1909 5009 2073 5072 humi
2105 5012 2356 5095 dejecta,
2412 5034 2547 5076 cum
2599 5018 2888 5079 sensisset
2937 5016 3175 5078 illorum
3233 5019 3550 5097 navigatio-

1911 5118 2049 5163 nem
2087 5123 2103 5184 ;
2137 5103 2352 5183 partim
2384 5104 2626 5184 quidem
2665 5105 2724 5167 in
2753 5113 3024 5168 sanctum
3067 5116 3358 5188 concepto
3408 5105 3550 5172 odio

1909 5190 2066 5272 quod
2101 5200 2158 5252 et
2184 5192 2472 5273 templum
2499 5193 2630 5272 ejus
2659 5193 2986 5269 evertisset,
3009 5202 3067 5256 et
3089 5213 3226 5256 eum
3249 5196 3413 5260 illinc
3439 5217 3546 5262 cx-

1908 5281 2308 5357 terminasset,
2342 5289 2400 5344 et
2427 5299 2535 5362 pro
2565 5282 2792 5345 viribus
2823 5302 2958 5345 eum
2993 5285 3261 5348 studeret
3302 5287 3504 5351 ulcisci
3533 5313 3548 5351 :

1908 5369 2119 5458 partim
2153 5376 2352 5432 autem
2383 5371 2588 5434 volens
2617 5373 2776 5436 viros
2800 5374 3032 5455 privare
3059 5375 3548 5458 sanctificatione,

1908 5466 1972 5522 et
1992 5457 2211 5522 laedere
2235 5458 2702 5544 desiderium,se
2723 5463 3010 5527 simulans
3031 5464 3367 5540 mulierem,
3392 5457 3553 5533 vide?-

1907 5547 2083 5612 batur
2113 5549 2277 5612 ferre
2304 5568 2402 5614 vas
2432 5551 2675 5634 plenum
2711 5553 2868 5632 oleo,
2921 5563 2982 5617 et
3023 5553 3258 5618 dicebat
3289 5575 3354 5621 se
3382 5560 3554 5626 valde

1906 5639 2149 5721 quidem
2183 5658 2406 5722 cupere
2435 5641 2496 5706 id
2524 5641 2684 5709 ferre
2711 5644 2784 5708 ad
2815 5645 3003 5710 sancti
3034 5646 3412 5728 sepulcrum:
3441 5651 3549 5716 sed
