4006 6146
437 277 553 348 355

1741 280 1905 353 ΜΕΝ
1912 280 2024 345 SIS
2069 284 2498 352 DEGEMBER.

3666 290 3774 356 356

436 419 630 482 vereri
662 420 897 500 longam
952 420 1393 500 navigationem
1453 427 1513 481 et
1566 417 2070 481 contremiscere:

2165 420 2442 502 ἀποφέρειν
2470 427 2545 489 ὡς
2599 426 2688 482 τὸν
2745 431 2836 482 τοῦ
2889 424 3040 501 ἁγίου
3096 421 3285 501 τάφον,
3341 418 3617 480 δεδοικέναι
3642 421 3694 480 δέ
3722 427 3778 482 τὸ

435 506 642 589 Neque
673 509 857 581 enim,
892 508 1105 590 inquit,
1139 509 1266 570 fieri
1302 516 1517 588 potest,
1553 515 1616 568 ut
1647 507 1862 569 mulier
1914 514 2080 569 tanta

435 598 512 659 sit
565 598 832 671 audacia,
892 605 957 659 ut
1015 607 1243 659 tantum
1296 600 1477 661 maris
1516 599 1734 665 audeat
1781 597 2075 675 navigare.

434 686 597 766 Rogo
629 705 768 767 ergo
795 705 904 749 vos
933 696 1004 749 ut
1038 688 1150 748 hoc
1181 704 1281 747 vas
1309 684 1620 766 accipiatis
1667 694 1727 746 et
1774 686 1978 747 feratis
2006 685 2078 747 ad

434 777 802 857 sepulcrum,
828 790 883 838 et
910 777 973 838 in
994 774 1183 837 sancti
1209 775 1514 838 lucernam
1542 774 1826 854 iujiciatis
1855 774 2076 836 oleum.

436 864 581 928 Haec
606 865 1072 929 abominandum
1095 864 1332 926 dicebat
1349 874 1409 927 et
1433 863 2077 945 rogabatdsemonium,

437 956 543 1017 vas
562 955 710 1017 illud
743 956 982 1016 tradens
1011 954 1073 1015 in
1108 972 1316 1015 manus
1343 956 1602 1033 piorum.
1654 952 1746 1015 Illi
1787 962 1983 1015 autem
2019 961 2081 1013 ut

435 1045 624 1106 semel
652 1044 847 1105 dicam
881 1044 1074 1106 inerat
1106 1044 1258 1105 mala
1279 1043 1548 1123 quaedam
1579 1042 1846 1120 operatio
1878 1051 1937 1104 et
1957 1061 2082 1103 om-

435 1134 574 1194 nino
607 1132 786 1211 digna
815 1152 886 1194 eo
917 1133 1017 1214 qui
1046 1132 1317 1195 dederat.
1340 1133 1592 1198 Multum
1625 1133 1821 1211 itaque
1844 1139 2081 1210 precata

435 1224 775 1304 persuadet.
814 1222 1086 1300 Cumque
1116 1222 1174 1283 id
1206 1221 1596 1302 accepissent,
1644 1221 1923 1302 quoniam
1952 1220 2079 1301 pri-

443 1312 523 1372 mi
552 1311 673 1374 diei
702 1320 830 1374 erat
859 1313 945 1374 eis
975 1319 1210 1393 peracta
1241 1311 1554 1389 navigatio,
1594 1321 1759 1372 tuum
1819 1329 1989 1391 opus,
2043 1329 2078 1371 ο

440 1401 638 1464 ﬁdelis
658 1401 764 1464 Dei
784 1420 956 1464 serve
971 1410 1027 1463 et
1040 1402 1276 1480 egregie
1298 1399 1577 1463 defensor
1590 1400 2073 1482 periclitantium,

438 1492 552 1553 hoc
580 1510 817 1573 quoque
837 1491 992 1573 quod
1028 1491 1383 1554 mirabiliter
1412 1490 1629 1554 factum
1660 1499 1749 1552 est
1779 1500 1843 1553 et
1870 1501 2079 1553 contra

434 1582 805 1661 opinionem.
842 1583 1031 1644 Noctu
1065 1582 1222 1643 enim
1254 1581 1490 1643 cuidam
1511 1599 1721 1643 eorum
1751 1599 2073 1661 apparens,

429 1671 601 1752 jubet
628 1690 730 1733 vas
753 1672 957 1752 jacere
990 1672 1050 1732 in
1084 1672 1473 1751 profundum.
1511 1672 1603 1735 Illi
1633 1690 1769 1733 vero
1787 1690 1923 1733 cum
1950 1673 2077 1750 pri-

438 1779 600 1822 mum
644 1779 817 1823 mane
845 1761 1267 1842 surrexissent,
1316 1761 1395 1822 ita
1448 1761 1743 1834 fecerunt,
1804 1769 1864 1824 et
1922 1760 1981 1822 id
2017 1761 2077 1822 in

2165 1765 2285 1843 παρ’
2369 1765 2554 1821 αὐτίκα
2636 1763 2818 1843 ὄρθρου
2900 1764 3294 1838 διαναστάντες,

437 1868 597 1912 mare
616 1849 963 1930 projiciunt,
977 1850 1294 1931 statimque
1315 1851 1554 1912 ﬂamma
1577 1851 1836 1912 sublime
1850 1850 2081 1913 sublata

438 1948 528 2003 est
556 1939 617 2000 in
650 1938 1204 2019 aercm,fumusque
1235 1947 1295 2001 et
1324 1940 1458 1999 tetri
1484 1939 1700 2000 odores
1722 1939 1887 2002 illinc
1909 1940 2077 2000 emit-

438 2031 739 2093 tebantur.
771 2027 941 2091 Tunc
970 2046 1124 2109 aqua
1153 2028 1331 2108 coepit
1359 2029 1712 2091 dehiscere:
1747 2039 1804 2090 et
1847 2029 2082 2091 inferne

435 2120 714 2200 clangens
738 2130 1017 2198 tanquam
1040 2118 1412 2197 erumpentis
1438 2127 1833 2191 terraemotus,
1859 2120 2081 2201 strepi-

434 2220 526 2271 tus
557 2210 744 2272 edere
772 2229 788 2284 ;
820 2217 881 2271 et
910 2226 1080 2288 aquae
1096 2216 1275 2287 guttae
1303 2217 1473 2269 erant
1506 2209 1801 2285 scintillae,
1837 2218 1895 2269 et
1918 2209 2111 2275 navis.

438 2301 614 2364 tantis
648 2301 980 2379 intercepta
1000 2296 1287 2361 fluctibus
1310 2298 1432 2377 jam
1466 2297 1923 2361 obruebaturzet
1946 2299 2080 2373 viri,

438 2399 554 2451 tam
591 2389 894 2468 inopinato
928 2386 1189 2468 periculo
1233 2387 1656 2467 obstupefacti,
1707 2406 1776 2450 se
1821 2387 2080 2449 invicem

436 2479 633 2542 tristes
657 2478 908 2558 etplane
931 2478 1321 2557 desperantes
1350 2477 1760 2553 intuebantur,
1771 2486 1831 2539 et
1852 2476 2081 2538 nullum

434 2570 576 2631 tanti
610 2569 748 2630 mali
779 2566 1164 2630 inveniebant
1194 2567 1440 2629 exitum.
1473 2567 1592 2628 Sed
1624 2566 1724 2646 qui
1756 2567 1959 2646 procul
1992 2584 2080 2627 sa-

437 2659 582 2721 lutis
612 2674 819 2719 eorum
844 2673 1046 2718 curam
1071 2654 1599 2734 gerebat,jusserat
1628 2663 1692 2716 ut
1713 2673 1813 2715 vas
1834 2654 1896 2716 in
1920 2672 2084 2717 mare

437 2747 826 2827 projicerent,
862 2750 915 2805 is
966 2752 1107 2806 tunc
1161 2762 1399 2824 quoque
1430 2744 1517 2806 eis
1538 2762 1852 2825 apparens,
1912 2761 2016 2805 eos
2049 2762 2083 2805 a

445 2835 801 2916 gravissima
831 2832 1100 2896 liberavit
1130 2841 1501 2914 tempestate,
1538 2843 1596 2895 et
1639 2833 1946 2896 amaximo
1976 2853 2083 2915 pe-

439 2924 657 2988 riculo.
688 2921 835 2986 Nam
882 2922 1061 2984 simul
1094 2931 1270 3003 atque
1301 2923 1469 2987 navis
1501 2940 1709 3003 parum
1741 2932 1898 2986 mota
1928 2932 2023 2986 est
2053 2942 2087 2986 a

438 3015 603 3091 loco;
637 3022 698 3076 et
723 3013 837 3075 viri
862 3012 1038 3074 soluti
1069 3020 1207 3073 sunt
1231 3021 1416 3085 metu,
1446 3022 1504 3074 et
1524 3012 1795 3094 quaedam
1812 3013 2083 3077 eosalila-

388 3166 393 3171 .
437 3105 520 3165 vit
545 3122 687 3166 aura
715 3101 911 3165 suavis
961 3111 1020 3164 et
1060 3101 1381 3179 odorifero,
1418 3111 1475 3164 et
1529 3103 1715 3164 odore
1745 3111 1884 3164 sunt
1911 3103 2081 3166 dele-

440 3195 612 3275 ctati,
669 3202 728 3255 et
784 3192 1040 3256 maxima
1081 3202 1219 3254 sunt
1269 3211 1478 3255 eorum
1510 3192 1695 3254 animi
1744 3192 1941 3255 affecti
1975 3192 2080 3256 lae-

442 3282 590 3345 titia.

517 3371 747 3436 XXXII.
782 3374 922 3435 Haec
953 3371 1059 3433 tibi
1088 3379 1228 3433 sunt
1271 3391 1304 3433 a
1342 3373 1467 3435 Deo
1500 3371 1679 3446 dona,
1727 3392 1762 3433 ο
1787 3371 2030 3435 Nicolae
2061 3393 2079 3451 ;

440 3465 566 3526 haec
594 3469 732 3525 sunt
761 3461 1030 3524 laborum
1064 3462 1742 3535 remunerationes,baec
1765 3473 1903 3525 sunt
1929 3481 2081 3544 pra:-

441 3555 560 3615 mia
604 3561 842 3615 tuorum
896 3558 1313 3633 certaminum,
1364 3562 1426 3616 et
1470 3560 1584 3614 ture
1614 3554 2079 3635 exercitationis,

439 3660 592 3723 quae,
651 3643 926 3722 inquam,
986 3641 1241 3722 adeptus
1289 3659 1354 3702 es
1399 3642 1458 3702 in
1493 3641 1599 3705 hac
1630 3641 1743 3703 vita
1774 3641 2078 3722 praesenti.

2161 509 2298 566 πολὺ
2327 521 2419 572 τοῦ
2470 517 2628 591 πλοῦ,
2689 514 2783 570 καί
2844 519 2999 570 τοῦτο
3054 510 3150 578 τῆς
3191 508 3464 584 ἐπιθυμίας
3506 511 3776 589 εἴργεσθαι.

2167 600 2285 665 Πῶς
2318 602 2420 680 γάρ
2449 604 2537 659 καί
2584 602 2882 678 τολμητὸν,
2941 602 3093 681 φησὶ,
3154 603 3362 677 γυναικὶ
3420 600 3641 679 πέλαγος
3693 625 3782 660 το-

2164 694 2398 769 σοῦτονς
2451 692 2652 768 Δέομαι
2700 691 2980 770 τοιγαροῦν
3025 693 3198 765 ὑμῶν,
3252 692 3314 746 τὸ
3344 689 3506 767 ἀγγος
3536 693 3671 749 τουτὶ
3696 691 3789 750 λα-

2163 779 2377 858 ϐόντας,
2443 782 2796 859 μετακομίσαι
2854 803 2912 839 τε
2968 781 3110 858 παρά
3167 781 3257 836 τὸν
3315 779 3501 860 τάφον,
3569 783 3655 836 καὶ
3718 787 3792 855 τῷ

2163 872 2257 926 τοῦ
2309 871 2461 949 ἁγίου
2514 871 2699 951 λύχνῳ
2752 873 2817 927 τὸ
2870 870 3047 927 ἔλαιον
3115 868 3397 944 ἐμϐαλεῖν.
3462 876 3685 927 Τοιαῦτα
3734 871 3790 927 τό

2164 958 2410 1040 βδελυρὸν
2439 961 2621 1018 ἐκεῖνο
2650 960 2922 1037 δαιμόνιον
2980 958 3129 1037 ἕλεγέ
3187 979 3244 1014 τε
3306 957 3396 1014 καί
3454 956 3623 1016 ἐδεῖτο
3671 959 3791 1037 περῖ

2162 1057 2253 1108 τοῦ
2282 1050 2477 1128 ἄγγους
2506 1057 2610 1108 τῶν
2655 1049 2928 1132 φιλοθέων.
2992 1052 3062 1108 Τὸ
3116 1047 3172 1104 δὲ
3230 1048 3329 1127 ἄρα
3382 1049 3584 1126 πονηρά
3615 1072 3689 1116 τις
3717 1051 3792 1106 εί-

2162 1153 2288 1197 πεϊν
2344 1140 2603 1218 ἐνέργεια,
2665 1142 2756 1197 καὶ
2811 1138 2952 1204 ὅλως
2998 1137 3117 1205 ἀξία
3162 1145 3257 1195 τοῦ
3287 1136 3598 1202 δεδωκότος,
3633 1140 3791 1196 Πείθει

2159 1229 2332 1285 τοίνυν
2358 1228 2532 1286 πολλὰ
2560 1227 2764 1297 δεηθέν,
2802 1231 2899 1287 Καὶ
2928 1225 3179 1286 λαϐοῦσιν
3207 1229 3335 1285 αὐτὸ
3391 1227 3526 1300 μετά
3579 1241 3792 1307 χεῖρας,

2160 1318 2274 1374 ἐπεὶ
2298 1322 2325 1375 ὁ
2353 1318 2450 1387 τῆς
2481 1320 2698 1398 πρώτης
2728 1319 2932 1396 ἡμέρας
2995 1320 3179 1382 αὐτοῖς
3238 1316 3403 1378 πλοῖς
3461 1315 3677 1390 ἤνυστο,
3709 1319 3794 1374 σὸν

2160 1406 2260 1486 ἄρα
2288 1410 2374 1466 καὶ
2403 1419 2555 1469 τοῦτο
2603 1409 2780 1489 ἔργον,
2835 1408 3050 1487 μέγιστε
3108 1414 3202 1464 τοῦ
3263 1414 3395 1462 Θεοῦ
3449 1407 3671 1483 θεράπον
3718 1409 3800 1463 καὶ

2159 1497 2293 1563 δεξιὲ
2322 1513 2440 1563 τοϊς
2492 1498 2839 1557 κινδυνεύουσι
2891 1498 3225 1578 παραστάτα.
3285 1498 3505 1573 Νύκτωρ
3562 1495 3645 1552 ἑνὶ
3701 1502 3802 1552 τῶν

2160 1586 2553 1661 συμπλεόντων
2588 1587 2865 1667 ἐπιφανεῖς
2919 1591 3159 1644 καθεῖναι
3220 1586 3357 1641 κατὰ
3414 1586 3573 1660 βυθοῦ
3616 1587 3678 1641 τὸ
3705 1582 3803 1662 ἅγ-

2159 1698 2254 1754 γος
2311 1674 2536 1738 κελεύει,
2599 1674 2657 1734 Ὀ
2716 1676 2771 1731 δὲ
2830 1679 2915 1732 ιιαὶ
2965 1688 3082 1737 τοῖς
3141 1674 3324 1737 ἄλλοις
3384 1671 3665 1753 ἐσήμαινε,
3723 1684 3805 1737 καὶ

3387 1764 3451 1820 τὸ
3537 1761 3807 1822 κελευσθὲν

2163 1855 2394 1916 ἐποίουν,
2469 1857 2540 1913 Τὸ
2611 1857 2736 1932 γοῦν
2798 1876 3268 1932 πεπονηρευμενον
3344 1853 3611 1929 ἑτοίμως,
3681 1852 3803 1930 ὅπερ

2162 1945 2252 2018 ἦν,
2315 1943 2689 2025 ἀπηλέγχετο.
2750 1943 2890 2009 Φλόξ
2946 1945 3046 2022 γὰρ
3124 1944 3267 2009 εὐθυς
3325 1942 3594 2022 μετέωρός
3636 1964 3693 2000 τε
3734 1943 3803 2005 εἰς

2164 2033 2291 2111 ἀέρα
2324 2031 2505 2111 ἤρετο,
2540 2035 2627 2090 καὶ
2658 2031 2814 2109 ὀδμαὶ
2857 2031 3130 2108 δυσωδεις,
3188 2035 3250 2089 τὸ
3307 2031 3445 2110 ὕδωρ
3499 2032 3643 2106 αὐτῷ
3697 2029 3804 2087 διέ-

2167 2143 2291 2201 σχε,
2358 2124 2592 2180 κατωθέν
2652 2146 2710 2180 τε
2766 2122 3171 2203 ἀναιιαχλάσαν,
3233 2118 3567 2200 βρασμώδεις
3609 2121 3804 2202 ψόφους

2165 2210 2416 2283 ἀνεδίδου,
2451 2214 2537 2270 καὶ
2565 2218 2846 2291 σπινθῆρες
2878 2216 2929 2269 αἱ
2961 2221 3216 2291 σταγόνες
3263 2213 3427 2286 ἦσαν,
3493 2210 3523 2278 ἥ
3580 2234 3638 2268 τε
3686 2217 3800 2275 ναῦς

2164 2300 2387 2358 κλόδωνι
2420 2305 2655 2376 τοσούτῳ
2682 2302 3093 2383 περιληφθεῖσα,
3127 2301 3222 2359 χαῖ
3252 2300 3435 2380 ὀλίγου
3457 2299 3562 2369 ἤδη
3591 2302 3678 2357 καὶ
3702 2322 3801 2356 κα-

2163 2389 2397 2465 τεδύετο,
2458 2393 2545 2448 καὶ
2602 2395 2649 2449 οἱ
2706 2390 2888 2469 ἄνδρες
2945 2399 3023 2465 τῷ
3079 2391 3373 2470 παραλόγῳ
3429 2399 3524 2449 τοῦ
3579 2389 3802 2448 κινδύνου

2163 2478 2457 2558 κατάφοϐοι
2488 2480 2792 2561 γεγονότες,
2849 2481 3159 2556 ἀπεγνωκὸς
3216 2503 3266 2536 τι
3301 2480 3398 2536 καί
3431 2479 3614 2558 ἄγριον
3671 2478 3800 2535 ἀπέ-

2163 2568 2360 2627 ϐλεπον
2389 2571 2463 2635 εἰς
2495 2570 2785 2650 ἀλλήλους,
2818 2572 2908 2627 καὶ
2936 2570 3079 2633 ὅλως
3135 2571 3189 2626 ἐν
3242 2572 3434 2648 ἀπόρῳ
3486 2571 3692 2627 ἅπαντα
3744 2570 3806 2625 τὰ

2164 2658 2377 2715 ἐκείνων
2431 2661 2522 2726 ἦν.
2582 2658 2731 2716 Ἀλλ’
2788 2664 2816 2716 ὁ
2872 2659 3137 2739 πόῤῥωθεν
3186 2661 3367 2716 αὐτῶν
3401 2664 3503 2728 τῆς
3552 2659 3806 2737 σωτηρίας

2166 2745 2485 2826 κηδόμενος,
2518 2751 2604 2806 καὶ
2636 2752 2697 2807 τὸ
2754 2749 2921 2828 ἄγγος
2971 2750 3187 2828 ἀφεῖναι
3244 2750 3384 2807 κατὰ
3435 2747 3589 2825 βυθοῦ
3629 2748 3806 2803 κελεύ-

2166 2858 2287 2916 σας,
2334 2840 2398 2894 σὺ
2446 2839 2603 2901 αυτὸς
2660 2840 2923 2896 κάνταῦθα
2981 2839 3273 2918 ἐπιφανεὶς,
3333 2846 3432 2896 τοῦ
3484 2832 3799 2918 χαλεπωτά-

2167 2949 2259 2983 του
2310 2926 2547 2987 κινδύνου
2603 2927 2911 3006 παραδόξως
2974 2928 3091 3007 ῥύῃ.
3162 2928 3332 3003 Ὀμοῦ
3382 2950 3444 2985 τε
3491 2928 3586 3006 γὰρ
3624 2926 3657 2993 ἡ
3686 2920 3799 2983 vri):

2167 3017 2342 3096 βραχὺ
2397 3026 2489 3075 τοῦ
2547 3019 2711 3077 τόπου
2758 3017 2962 3097 διεστη,
3023 3020 3111 3075 καὶ
3168 3026 3260 3075 τοῦ
3298 3018 3452 3081 δέους
3504 3017 3644 3073 αὐτοὶ
3667 3013 3801 3068 ἀνεί-

2128 3110 2357 3184 ;θησαν’
2415 3111 2502 3164 καὶ
2564 3108 2696 3186 αῦρά
2751 3130 2831 3173 τις
2903 3108 3245 3181 περιέπνευσε
3313 3110 3536 3171 τούτους
3604 3100 3810 3178 μαλακὴ

2164 3199 2253 3253 καὶ
2282 3197 2506 3271 εὐώδης,
2539 3199 2628 3253 καὶ
2685 3195 2923 3265 ἥσθησαν
2974 3203 3042 3274 τῇ
3108 3198 3268 3276 πνοῇ,
3334 3198 3435 3253 καὶ
3492 3196 3587 3257 τὰς
3641 3191 3810 3270 ψυχὰς

2165 3287 2239 3349 ὡς
2261 3285 2450 3353 ἣδιστα
2477 3286 2809 3354 διεθέτησαν.

2247 3375 2381 3436 ΛΒ¹.
2445 3376 2622 3435 Ταῦτά
2687 3397 2771 3433 σοι
2830 3378 2960 3455 πρὸς
3018 3383 3151 3432 Θεοῦ
3204 3378 3270 3432 τὰ
3340 3377 3492 3455 γέρα,
3567 3370 3809 3443 Νικόλαε,

2167 3468 2317 3522 αὗται
2376 3471 2484 3522 τῶν
2541 3466 2720 3523 πόνων
2777 3468 2828 3522 αἱ
2885 3462 3127 3541 ἀμοιϐαὶ,
3184 3471 3353 3522 ταῦτα
3383 3472 3489 3521 τῶν
3519 3460 3813 3530 ἀσκητιτῶν

2164 3553 2337 3611 ἄθλων
2392 3556 2458 3611 τὰ
2518 3553 2745 3632 ἔπαθλα,
2803 3555 2870 3610 τὰ
2933 3555 3070 3611 κατά
3120 3556 3210 3611 τὸν
3242 3556 3489 3634 παρόντα
3518 3553 3656 3633 φημὶ
3683 3550 3813 3627 βίον.

2166 3646 2243 3703 Τὰ
2272 3646 2371 3722 γὰρ
2402 3650 2493 3702 τοῦ
2540 3643 2829 3721 μέλλοντος
2879 3643 3062 3702 ἐκεῖνα
3107 3645 3323 3710 πάντως
3384 3645 3509 3718 εἰσὶ,
3564 3642 3633 3698 τὰ
3686 3639 3816 3715 μήτε

443 3734 664 3795 Futura
692 3732 849 3793 enim
884 3730 983 3793 illa
1012 3740 1147 3792 sunt
1178 3736 1446 3805 omnino,
1506 3750 1641 3812 quae
1671 3750 1866 3812 neque
1918 3732 2079 3794 cerni

2167 3733 2466 3812 ὀφθαλμοῖς
2517 3734 2705 3814 θεατὰ,
2756 3736 2895 3808 μήτε
2943 3735 3070 3792 ὠσὶν
3121 3733 3381 3804 ἀκουστὰ,
3448 3734 3589 3808 μήτε
3644 3725 3820 3803 καρδίᾳ

442 3830 690 3901 possunt
716 3820 1051 3895 oculis,nec
1075 3819 1267 3881 audiri
1296 3819 1685 3894 anribus,nec
1708 3822 1889 3883 corde
1913 3839 2079 3883 com-

2170 3824 2349 3891 ληπτά
2379 3824 2663 3902 γενόμενα,
2724 3825 2757 3878 ἀ
2815 3824 3102 3897 ἑτοιμάσαι
3163 3825 3255 3879 τὸν
3316 3824 3453 3879 Θεὸν
3487 3818 3825 3897 δεδιδάγμεθα

445 3910 757 3990 prehendi,
794 3928 928 3990 quae
971 3908 1292 3971 didicimus
1352 3911 1541 3973 Deum
1602 3927 1966 3990 praeparasse
2014 3910 2079 3971 iis

2168 3926 2285 3976 τοῖς
2342 3913 2620 3992 ἀγαπῶσιν
2677 3914 2857 3977 αὐτόν,
2890 3912 3036 3992 Ἐγὼ
3091 3911 3145 3967 δὲ
3200 3933 3257 3967 σε
3313 3911 3469 3971 οῦδὲν
3501 3912 3715 3980 ὀκνήσω
3742 3905 3825 3962 καὶ

444 4001 545 4078 qui
575 3999 767 4080 ipsum
800 3999 1054 4078 diligunt
1087 3998 1163 4060 16.
1192 3998 1318 4078 Ego
1374 4006 1571 4060 autem
1620 3998 1768 4060 nihil
1799 3997 2079 4061 dubitabo

2170 4000 2413 4081 λαμπρὸν
2466 4002 2701 4082 μάρτυρα
2761 4002 2984 4060 καλέσαι
3038 4003 3126 4058 καὶ
3205 4004 3533 4080 στεφανίτην
3600 3996 3823 4070 ἀναίμα-

444 4098 502 4149 te
531 4095 592 4149 et
621 4087 971 4167 praeclarum
1004 4106 1217 4150 vocare
1248 4097 1564 4167 martyrem
1618 4096 2079 4169 coronatumque

2172 4116 2319 4174 κτον,
2377 4091 2476 4149 ὅσα
2533 4115 2595 4172 γε
2659 4091 2937 4171 ἀναφέρειν
2998 4091 3071 4154 εἷς
3129 4093 3443 4167 προαίρεσιν
3478 4087 3822 4162 ἐπιστάμεθα,

443 4177 726 4240 victorem
761 4177 891 4239 sine
917 4179 1227 4256 sanguine,
1274 4188 1556 4259 quantum
1585 4177 1741 4240 scire
1772 4196 2079 4258 possumus

2172 4183 2312 4262 εἶ)χῇ
2368 4185 2508 4260 μάντι
2575 4184 2637 4240 τὸ
2696 4180 2939 4245 δυσσεδὲς
3000 4180 3192 4259 κράτος
3267 4177 3675 4250 καταϐαλόντα,
3745 4174 3828 4230 καὶ

442 4267 839 4348 respicientes
870 4275 1032 4329 tuum
1066 4270 1245 4330 animi
1280 4266 1638 4330 institutum.
1665 4267 1774 4339 Qui
1799 4268 1925 4330 sola
1948 4286 2079 4347 pre-

2170 4274 2350 4338 καλῶς
2404 4279 2501 4342 τῆς
2557 4275 2837 4353 ὑπερορίας
2898 4270 3285 4341 ἀνακληθέντα,
3348 4273 3442 4328 καὶ
3501 4270 3644 4346 μετά
3687 4270 3829 4342 λαμ-

446 4358 678 4419 catione
704 4358 948 4437 impiam
974 4356 1315 4435 confregisti
1342 4355 1687 4436 potentiam,
1704 4367 1765 4418 et
1782 4357 1855 4419 ab
1880 4357 2079 4421 exsilio

2172 4369 2317 4441 πρὼν
2377 4366 2642 4442 τροπαίων
2702 4360 3057 4420 ἐπανελθόντα
3124 4368 3508 4439 Χριστιανοϊς,
3583 4360 3673 4417 καὶ
3732 4355 3828 4421 τὴν

444 4446 693 4527 pulchre
721 4419 885 4508 fuisti
913 4419 1262 4507 revocatus:
1299 4419 1359 4506 et
1387 4463 1522 4507 cum
1565 4419 2079 4525 splendidisitro-

2173 4419 2429 4531 προτέραν
2453 4419 2617 4531 τιμὴν
2673 4458 2740 4530 τῇ
2796 4451 3016 4531 δευτέφᾳ
3072 4419 3449 4525 διαδεξάμενον
3467 4419 3571 4506 ’,ἐν
3624 4419 3829 4526 Χριστῷ

445 4537 587 4616 paeis
616 4534 851 4598 rediisti
876 4535 951 4596 ad
975 4534 1343 4597 Christianos
1374 4555 1390 4611 ;
1423 4543 1482 4597 et
1513 4535 1772 4616 priorem
1799 4537 2079 4600 honorem

2172 4540 2351 4609 Ἰησοῦ
2406 4544 2483 4617 τῷ
2538 4541 2710 4620 Κυρίῳ
2764 4543 2945 4615 ἡμῶν,
3003 4537 3116 4614 μεθ’
3173 4541 3233 4596 οῦ
3290 4547 3371 4614 τῷ
3421 4541 3592 4614 Πατρὶ
3622 4538 3734 4610 ἅμα
3756 4540 3829 4605 τῷ

443 4624 709 4687 secundo
739 4624 1025 4705 excepisti
1054 4624 1117 4685 in
1144 4621 1379 4687 Christo
1404 4623 1549 4689 Jesu
1583 4624 1836 4688 Domino
1858 4635 2079 4709 nostro,

2172 4629 2306 4707 ἁγίῳ
2352 4631 2446 4687 καὶ
2504 4631 2690 4707 ἀγαθῴ
2742 4630 3007 4705 Πνεόματι
3063 4625 3208 4707 δόξα,
3269 4628 3498 4705 κράτος,
3564 4627 3696 4702 τιμὴ
3749 4623 3831 4680 καὶ

443 4732 578 4776 cum
612 4733 730 4795 quo
756 4713 918 4777 Patri
948 4714 1127 4776 simul
1157 4732 1292 4776 cum
1337 4725 1543 4777 sancto
1589 4713 1818 4796 Spiritu
1876 4717 2079 4795 gloria,

2173 4719 2553 4799 προσκύνησις,
2613 4719 2703 4776 νῦν
2757 4720 2845 4777 καὶ
2896 4719 2977 4774 ἀεὶ
3034 4718 3123 4773 καὶ
3178 4718 3253 4781 εἰς
3301 4717 3433 4782 τοὺς
3493 4717 3692 4780 αἰῶνας
3728 4714 3828 4769 τῶν

442 4804 731 4887 potentia,
763 4804 956 4867 honor
982 4814 1041 4867 et
1068 4803 1357 4882 adoratio,
1393 4823 1553 4869 nunc
1582 4814 1643 4869 et
1670 4823 1912 4887 semper
1942 4813 1999 4869 et
2027 4805 2093 4868 in
2174 4807 2402 4873 αἰώνων,
2436 4807 2642 4886 νΑμὶρι,

442 4894 661 4958 saecula
687 4895 1067 4958 saculorum.
1100 4893 1314 4958 Amen.

524 5072 580 5121 ιο
603 5071 719 5137 Isa.
755 5091 873 5153 ων,
908 5076 991 5154 4;
1023 5076 1046 5139 Ι
1078 5074 1214 5141 Cor.
1243 5092 1315 5158 ιι,
1345 5075 1409 5139 9.
