4006 6146
207 255 316 327 357

1545 255 1733 324 VITA
1779 259 1839 322 S.
1885 248 2223 321 PATAPII.

3452 247 3572 318 358

1338 506 1590 591 ΒΙοΣ
1664 505 1850 588 ΚΑΙ
1923 501 2463 587 ΠΟΛΙΤΕΙΑ

207 740 551 869 ΤΟΥ
627 735 1159 868 ΟΣΙΟΥ
1233 733 1947 862 ΠΑΤΡΟΣ
2019 728 2524 856 ΗΜΩΝ
2593 725 3563 858 ΠΑΤΑΠΙΟΥ.

1225 1142 1485 1226 VITA
1555 1139 1690 1224 ET
1763 1136 2548 1224 CONVERSATIO

1073 1373 1207 1519 S.
1313 1374 1472 1520 P.
1591 1372 1767 1513 Ν·
1887 1364 2714 1513 PATAPII-

887 1622 1080 1693 (Latine
1119 1641 1192 1695 ap.
1231 1622 1435 1680 Surium
1475 1624 1536 1680 ad
1564 1624 1695 1679 diem
1725 1622 1758 1677 8
1785 1621 1908 1676 Dec.
1943 1637 1958 1682 ;
1991 1619 2163 1672 Graece
2195 1632 2256 1670 ex
2287 1615 2396 1671 cod.
2431 1614 2638 1670 Coislin.
2672 1633 2722 1670 n.
2760 1617 2909 1686 147.)

278 1936 361 1996 Α’.
432 1942 504 1996 Οὐ
549 1937 781 2003 πολλοὺς
826 1939 1120 2016 Αἴγυπτος,
1178 1940 1310 1996 ἐπὰν
1373 1940 1426 1996 δὲ
1475 1941 1630 2018 τέκῃ,
1689 1938 1914 2016 μέγανΑ

208 2031 387 2090 τίκτει,
456 2029 626 2085 Τοῦτο
656 2027 739 2084 ἐπ’
795 2027 941 2102 ἄλλῳ
995 2029 1090 2103 μέν
1151 2053 1247 2086 τινι
1292 2030 1396 2087 τῶν
1443 2030 1603 2086 πάλαι
1637 2027 1858 2108 φιλοσό-

213 2141 304 2195 εων
374 2117 623 2196 εἴρηται·
695 2118 781 2174 ἐπὶ
852 2117 906 2174 δὲ
981 2120 1235 2192 Παταπίῳ
1294 2122 1351 2177 τὸ
1401 2120 1561 2198 πέρας
1618 2117 1853 2196 δέχεται.

220 2207 364 2286 Ἀνήρ
438 2209 544 2285 γὰρ
595 2207 799 2272 ἐκεῖνος
861 2211 946 2264 καὶ
1006 2209 1103 2284 βίῳ
1133 2214 1218 2264 καὶ
1271 2212 1528 2284 θαύμασιν
1580 2211 1639 2264 οὔ
1700 2205 1861 2280 μόνον

213 2297 312 2353 ἀντὶ
371 2295 619 2374 πολλῶν,
655 2296 792 2353 αλλὰ
825 2300 908 2354 καὶ
940 2299 1053 2354 ἀντὶ
1112 2300 1324 2356 πάντων
1361 2306 1424 2375 τῇ
1481 2298 1686 2373 πατρίδι
1730 2297 1860 2371 πρὸς

219 2386 407 2461 ιιὰτμον
467 2387 647 2465 ἀρκεῖ,
713 2386 850 2444 ὥστε
911 2389 1165 2455 κᾶκεινην
1223 2391 1300 2465 μὴ
1361 2388 1562 2462 μᾶλλον
1634 2387 1685 2442 ἐν
1742 2386 1862 2447 τοῖς

219 2477 429 2554 πρώνην
485 2473 820 2552 ἀσεϐήμασιν
852 2476 1293 2554 ἐγκαλύπτεσθαι,
1326 2480 1362 2546 ἢ
1413 2475 1493 2556 ἐφ’
1528 2479 1615 2541 οἷς
1673 2474 1864 2549 ἤνεγκε

224 2569 424 2639 τοῦτον,
468 2567 607 2641 μετὰ
649 2567 746 2632 τὴν
802 2568 960 2646 χάριν
1014 2569 1379 2642 σεμνύνεσθαι.
1427 2568 1588 2628 Οὗτος
1647 2563 1868 2642 πατρίδα

238 2656 329 2729 μὲν
371 2655 491 2734 ’ἑτίε
547 2656 640 2718 τὰς
699 2655 1152 2736 ἐπεφανεστάτας,
1201 2656 1378 2727 Θήϐα-ς
1434 2657 1655 2729 ἐκείνας,
1711 2656 1770 2718 ἃς
1837 2656 1866 2709 ὁ

235 2743 498 2811 κάλλιστος
557 2751 664 2801 τῶν
733 2753 988 2821 ποταμῶν
1050 2747 1240 2812 Νεῖλος
1316 2747 1570 2826 περιῤῥέει
1647 2746 1743 2820 μὲν
1793 2746 1866 2806 εἷς

225 2835 298 2890 ἀεί
335 2835 481 2914 ἄρδει
511 2834 567 2891 δὲ
596 2835 652 2891 ἐν
710 2844 906 2914 καιρῷ,
939 2837 1120 2916 τρέχει
1178 2836 1232 2893 δὲ
1263 2838 1497 2911 ἀπόνως,
1548 2835 1762 2903 ἥδιστον
1815 2832 1868 2889 δὲ

221 2926 444 3004 παρέχει
496 2927 561 2982 τὸ
617 2931 756 3000 νᾶμα
816 2925 910 2981 καΐ
967 2927 1100 2982 ἰδεῖν
1153 2929 1240 2984 καὶ
1299 2941 1470 2990 πιεῖν,
1532 2925 1621 2983 Ἐν
1652 2924 1867 2987 ταύταις

2023 1932 2068 1993 Ι.
2101 1931 2224 1993 Νοη
2256 1932 2470 1993 mullos
2495 1935 2649 2014 parit
2681 1936 2984 2014 Aﬂgyptus;
3015 1932 3118 1993 sed
3140 1932 3379 2012 quando
3412 1934 3589 2014 parit,

1945 2039 2218 2100 magnum
2245 2022 2419 2102 parit.
2456 2025 2583 2085 Hoc
2605 2024 2832 2084 dictum
2857 2021 3097 2102 quidem
3121 2022 3303 2082 estde
3335 2023 3587 2103 quodam

1943 2131 2010 2172 ex
2073 2111 2328 2190 antiquis
2384 2111 2803 2192 philosophis:
2885 2120 3163 2172 eventum
3233 2122 3426 2173 autem
3485 2131 3591 2175 ac-

1945 2200 2088 2279 cipit
2138 2201 2197 2260 in
2230 2202 2496 2280 Paiapio.
2539 2202 2634 2264 Vir
2682 2201 2842 2262 enim
2877 2200 3002 2280 ille,
3039 2209 3095 2262 et
3125 2200 3261 2274 vita,
3298 2210 3357 2264 et
3410 2203 3594 2263 mira-

1945 2290 2247 2361 culis,non
2274 2291 2466 2351 solum
2494 2308 2598 2371 pro
2624 2291 2959 2361 multis,se(l
2979 2290 3156 2350 etiam
3185 2309 3290 2370 pro
3321 2291 3596 2353 omnibus

1947 2377 2164 2440 sufﬁcit
2215 2379 2418 2458 patria:
2472 2381 2541 2440 ad
2599 2393 2932 2442 ornatum:
2996 2380 3142 2440 adeo
3193 2390 3256 2442 ut
3313 2381 3414 2442 illa
3477 2400 3595 2442 non

1951 2467 2136 2546 magis
2170 2467 2394 2547 pudore
2425 2468 2844 2530 suﬂ‘u'ndantur
2877 2476 3120 2549 prOpter
3149 2485 3251 2529 eas
3279 2487 3411 2548 qua;
3452 2469 3596 2530 olim

1952 2558 2012 2618 in
2061 2575 2131 2618 ea
2161 2559 2423 2632 fuerant,
2458 2559 2822 2638 impietates,
2853 2576 3026 2637 quam
3061 2557 3218 2634 quod
3279 2558 3434 2620 hunc
3469 2565 3600 2637 post

1950 2647 2196 2725 gratiam
2232 2648 2603 2727 produxerit,
2639 2647 2950 2726 gloriatur.
2986 2645 3042 2707 Is
3075 2648 3321 2726 patriam
3353 2647 3596 2726 quidem

1953 2735 2159 2797 habuit
2208 2737 2595 2800 clarissimas.
2655 2737 2912 2810 Thebas,
2962 2735 3197 2796 Thebas
3255 2736 3408 2817 illas,
3453 2754 3598 2818 quas

1955 2827 2394 2905 pulcherrimus
2423 2830 2734 2889 ﬂuviorum
2769 2827 2938 2888 Nilus
2967 2825 3328 2888 circumﬂuit
3355 2827 3596 2907 quidem

1954 2933 2192 2993 semper
2227 2933 2241 2977 :
2279 2917 2480 2994 irrigat
2509 2925 2707 2979 autem
2759 2917 2818 2978 in
2852 2927 3126 2996 tempore
3160 2934 3173 2977 :
3211 2914 3434 2996 praebet
3462 2933 3599 2977 vero

222 3017 301 3072 οὖν
357 3017 657 3094 γεννηθεὶς,
721 3015 879 3094 ἔτυχε
932 3018 1032 3094 γὰρ
1085 3020 1171 3074 καὶ
1219 3040 1418 3094 γονέων
1468 3022 1694 3088 πιστῶν,
1749 3014 1866 3086 τρέ-

1964 3003 2453 3075 iucundissimum
2506 3007 2794 3068 ﬂuentuiu
2834 3015 2892 3067 et
2939 3005 3009 3067 ad
3043 3003 3389 3081 videndum,
3423 3015 3479 3066 et
3527 3008 3602 3068 ad

470 3106 485 3123 κ
589 3103 610 3123 κ
643 3104 662 3126 r
698 3105 725 3114 ~
842 3093 847 3094 ⁷
948 3105 970 3125 ’ν
1008 3093 1023 3126 ⁷ι
1209 3093 1249 3126 δὲ
1519 3112 1545 3122 ν
1738 3105 1751 3124 \
1844 3104 1856 3118 κ

221 3128 364 3184 Ῠεται
425 3127 525 3180 μεν
584 3121 786 3176 οεςιως,
844 3119 1144 3163 παιδευεται
1203 3128 1256 3163 ΟΞ
1315 3105 1608 3184 ἐπιμελῶς,
1669 3127 1754 3160 και
1811 3125 1870 3158 το

1964 3093 2306 3184 bibendum.
2369 3097 2434 3157 in
2467 3096 2560 3157 his
2611 3115 2751 3175 ergo
2811 3105 3004 3170 natus,
3041 3103 3100 3156 et
3151 3113 3257 3172 per
3285 3112 3495 3175 aquam
3548 3105 3606 3157 et

219 3183 338 3262 ἦθος
375 3193 516 3250 οὕτω
567 3195 883 3270 ρυθμιζεται,
943 3195 1124 3275 ὥσπερ
1187 3201 1234 3254 οἱ
1289 3203 1389 3264 τῆς
1444 3197 1638 3276 ἀρετῆς
1687 3192 1868 3250 κλάδοι

1964 3183 2227 3276 spiritum
2283 3195 2555 3276 renatus,
2593 3186 2782 3255 (ortus
2849 3187 3004 3247 enim
3040 3193 3165 3246 erat
3213 3184 3605 3276 ex_tidelibus

221 3282 336 3357 μετ’
368 3285 551 3363 ὀλίγον
580 3285 643 3340 τὸ
673 3281 880 3364 δένδρον
909 3273 1408 3364 παραδήλώσουσιν.
1484 3273 1490 3276 ν
1893 3308 1901 3358 ι

1964 3273 2332 3354 parentibus)
2381 3275 2632 3338 honeste
2689 3275 2932 3357 quidem
2994 3276 3224 3354 alitur;
3287 3273 3609 3353 diligenter

1955 3371 2149 3424 autem
2181 3364 2474 3437 eruditur,
2513 3373 2569 3427 et
2595 3365 2686 3428 sic
2711 3367 2770 3426 in
2811 3364 3081 3426 moribus
3113 3369 3512 3446 componitur,
3546 3374 3610 3428 ut

1955 3453 2184 3514 virtutis
2217 3455 2365 3516 rami
2392 3455 2565 3535 paulo
2595 3465 2725 3536 post
2753 3455 3092 3517 ostendent.

309 3553 394 3615 B'.
429 3552 584 3611 Οῧτω
615 3554 699 3609 καὶ
729 3553 829 3620 τὴν
858 3553 1092 3628 ἡλικίαν,
1143 3557 1233 3612 καὶ
1279 3556 1378 3622 τὴν
1430 3555 1598 3624 ὶληθῆ
1630 3554 1815 3634 σοφίαν
1845 3555 1874 3610 ὁ

224 3644 394 3719 μέγας
424 3643 730 3717 αὒξόμενος,
781 3643 1069 3723 φιλόσοφος
1133 3645 1302 3723 ἔργοις
1363 3646 1450 3718 ἦν,
1512 3645 1616 3701 τῶν
1669 3645 1874 3721 ἀνθρω-

225 3734 389 3789 πίνων
448 3732 739 3811 ὑπερορῶν,
793 3736 876 3790 καὶ
927 3736 1104 3810 μόνων
1154 3736 1258 3791 τῶν
1307 3735 1558 3814 οὗρανίων
1590 3733 1874 3812 ἐχόμενος,

230 3824 330 3878 Atil
361 3820 428 3890 δὴ
461 3829 625 3878 ταῦτα
659 3824 746 3879 καὶ
793 3829 898 3879 τῶν
951 3823 1129 3881 ἄλλων
1190 3825 1403 3880 πάντων
1452 3825 1878 3904 ὑπερφρονήσας,

228 3910 502 3990 πατρίδος,
569 3912 792 3990 γονέων,
852 3912 1038 3992 φίλων,
1103 3915 1369 3992 συνήθων,
1429 3914 1514 3969 καὶ
1587 3919 1876 3993 συγγενῶν,

228 4002 506 4080 Αἴγυπτον
565 4001 661 4076 μὲν
726 4002 934 4067 ἒκείνην
1001 4005 1088 4058 καὶ
1161 4002 1357 4060 Νεῖλον
1428 4003 1632 4060 ἐκεῖνον
1705 4001 1881 4081 μακρά

217 4092 424 4168 χαίρειν
472 4090 554 4170 ἐᾷ,
607 4093 827 4168 καρπῶν
884 4092 1060 4167 μόνων
1116 4105 1323 4170 γηΐνων
1383 4091 1879 4170 ἐπαγγελλομένους

219 4183 402 4258 οοραν,
469 4179 539 4237 "0
593 4178 646 4235 δὲ
705 4179 820 4256 ᾔδει
877 4181 1111 4257 μάλιστα
1166 4181 1460 4252 ἐπιτήδειον
1520 4184 1650 4254 πρὸς
1683 4180 1881 4238 ἀθανά-

219 4293 320 4325 των
376 4268 582 4346 ἆρέτῶν
636 4271 908 4349 ἓργασίαν,
983 4272 1084 4340 τὴν
1153 4271 1382 4351 ἔρημον,
1462 4275 1629 4347 ταύτῃ
1702 4271 1872 4350 φέρων

221 4357 423 4414 δίδωσιν
483 4359 692 4434 ἑαυτὸν,
753 4363 808 4415 ἓν
862 4363 898 4436 ᾗ
957 4362 1092 4435 μετὰ
1150 4363 1255 4418 τῶν
1308 4361 1525 4418 πολλῶν
1574 4362 1750 4416 πόνων
1786 4363 1874 4416 καὶ

2039 3545 2115 3606 ΙΙ.
2153 3543 2297 3606 Cum
2328 3545 2413 3606 sic
2443 3553 2616 3607 aetate
2648 3555 2707 3606 et
2733 3563 2874 3607 vera
2903 3548 3196 3626 sapientia
3229 3569 3475 3630 magnus
3506 3549 3610 3610 ille

1961 3641 2285 3714 cresceret,
2313 3634 2922 3714 pbilosophusl‘actus,
2951 3655 3067 3698 non
3091 3639 3612 3718 sermonibus,res

1964 3723 2252 3784 humanas
2285 3723 2646 3803 despiciens,
2683 3733 2738 3784 et
2772 3742 2870 3784 res
2919 3725 3108 3787 solum
3140 3727 3366 3791 divinas
3399 3745 3610 3809 perse-

1964 3831 2175 3892 quens,
2210 3821 2451 3893 propter
2481 3815 2604 3874 lucc
2649 3813 2782 3874 aliis
2825 3833 3060 3896 quoque
3089 3818 3368 3878 omnibus
3415 3815 3611 3896 despi-

1965 3904 2118 3965 catui
2173 3901 2410 3978 habitis,
2450 3901 2655 3983 patria,
2692 3904 3055 3984 parentibus,
3092 3906 3325 3982 amicis,
3356 3905 3612 3967 familia-

1963 3992 2130 4054 ribus
2155 4002 2210 4054 et
2231 3994 2520 4072 cognatis,
2550 3995 2868 4075 [Egyptum
2896 3996 3135 4075 quidem
3167 3996 3325 4058 illam
3359 4009 3418 4058 et
3441 3996 3612 4058 illum

1963 4081 2162 4143 Nilum
2205 4081 2379 4161 jubet
2425 4084 2642 4154 valere,
2700 4091 2760 4144 ut
2819 4103 2950 4165 qua)
3001 4093 3374 4147 terrenorum
3421 4085 3614 4147 solum

1967 4173 2260 4234 fructuum
2283 4173 2592 4253 proﬁtetur
2615 4173 3126 4238 fertilitatem.llle
3157 4185 3356 4237 autem
3388 4174 3616 4238 sciebat

1966 4262 2328 4320 solitudinem
2362 4277 2490 4320 esse
2521 4263 2768 4320 maxime
2799 4265 3289 4322 accommodatam
3331 4267 3399 4322 ad
3437 4265 3615 4320 virtu-

1961 4362 2082 4414 tum
2117 4353 2632 4417 exercitationem.
2670 4357 2732 4415 ln
2766 4373 2896 4416 eam
2930 4373 3070 4434 ergo
3105 4357 3426 4435 profectus,
3463 4355 3517 4416 ei
3548 4371 3614 4416 se

221 4449 412 4528 χρόνον
445 4450 635 4524 τρίψας
669 4451 881 4529 μικρὸν,
937 4451 998 4506 οὔ
1058 4450 1220 4524 μόνον
1264 4457 1368 4507 πᾶν
1423 4451 1478 4508 εἶ’
1505 4475 1553 4507 τι
1588 4450 1874 4506 κάλλιστον

1964 4444 2228 4500 tradidit:
2263 4445 2322 4500 in
2342 4457 2454 4516 qua
2483 4459 2612 4502 cum
2633 4443 2826 4502 multis
2847 4445 3141 4502 laboribus
3168 4445 3339 4518 longo
3362 4453 3616 4515 tempore

225 4547 372 4595 τώτο
433 4539 533 4613 μὲν
587 4537 764 4616 ἔφυσε,
827 4547 980 4596 τοῦτο
1037 4539 1092 4595 δὲ
1156 4543 1244 4597 καὶ
1296 4541 1572 4620 ἐθρέψατο,
1620 4539 1756 4597 ἀλλᾶ
1786 4541 1874 4596 καὶ

1964 4542 2241 4604 versatus,
2271 4549 2386 4592 non
2409 4534 2594 4592 solum
2621 4536 2903 4607 quidquid
2927 4544 3051 4594 erat
3080 4535 3534 4608 pulcherrimum
3566 4542 3620 4590 et

235 4627 386 4689 οὕτως
444 4630 499 4682 ἒν
559 4629 701 4700 αὖτῷ
755 4629 975 4704 ῥιζῶσαι
1038 4632 1352 4704 πεποίηκεν,
1411 4633 1484 4693 ὡς
1545 4636 1735 4707 μικροῦ
1793 4630 1881 4685 καὶ

1968 4625 2240 4696 produxit
2269 4632 2327 4681 et
2355 4625 2520 4693 aluit,
2543 4626 2640 4682 sed
2674 4627 2844 4683 etiam
2866 4627 3100 4696 pertecit
3133 4635 3193 4684 ut
3224 4626 3280 4684 in
3315 4627 3439 4697 ipso
3468 4622 3622 4682 radi-

233 4718 360 4773 κατὰ
438 4718 591 4795 φύσιν
660 4721 803 4790 αὖτῷ
874 4720 1166 4798 προσήκειν
1236 4721 1335 4789 τὴν
1407 4720 1620 4796 ἀρετήν.
1699 4719 1878 4780 Οὕτως

1966 4731 2060 4773 ces
2082 4725 2299 4788 ageret,
2331 4725 2393 4773 ut
2421 4715 2840 4787 propemodum
2866 4716 3184 4774 secundum
3217 4726 3478 4773 naturam
3508 4715 3623 4772 vir-

233 4808 489 4885 ἀρκούσης
521 4808 638 4864 ἐκεῖ
667 4813 764 4873 τῆς
795 4808 937 4872 Θείας
992 4809 1298 4874 ἀπολαύσας
1356 4811 1572 4874 ἀκτῖνος
1626 4810 1713 4866 καὶ
1768 4815 1880 4889 φῶς

1966 4817 2058 4862 tus
2075 4806 2145 4863 ad
2167 4821 2296 4863 eum
2330 4808 2662 4877 pertineret.
2687 4805 2782 4862 Sic
2811 4821 2944 4863 cum
2975 4805 3328 4864 sumcienter
3356 4805 3520 4863 illum
3545 4805 3623 4860 di-

232 4895 348 4958 ὅλος
381 4897 538 4960 αὐτὸς
568 4897 879 4975 γενόμενος,
941 4899 1044 4977 οὐχ
1100 4899 1202 4956 ὑπὸ
1259 4901 1350 4957 τὸν
1405 4898 1610 4974 μόδιον,
1647 4897 1766 4956 ἀλλ’
1799 4897 1883 4955 ἐπὶ

232 4986 327 5051 τὴν
381 4985 608 5065 λυχνίαν
666 4988 806 5063 παρὰ
853 4994 985 5044 Θεοῦ
1030 4989 1227 5045 τίθεται
1270 4992 1332 5046 τὸ
1375 4987 1430 5045 δέ
1471 4988 1702 5066 μάλιστα
1739 4989 1883 5044 πάν-

233 5097 334 5132 των
391 5076 671 5151 βούλεσθαι
729 5078 852 5140 τοὺς
912 5076 1142 5142 πολλοὺς
1193 5077 1400 5153 λαθεῖν,
1460 5082 1615 5136 τοῦτο
1664 5079 1730 5146 δὴ
1782 5083 1878 5134 καὶ

235 5163 437 5239 μᾶλλον
497 5165 674 5222 αἴτιον
733 5166 876 5242 αὒτῷ
929 5174 1023 5224 τοῦ
1078 5169 1156 5243 μὴ
1204 5167 1388 5226 λαθεῖν
1432 5169 1640 5248 γέγονε.
1696 5159 1754 5226 ’0
1786 5169 1882 5244 μὲν

237 5255 334 5333 γὰρ
379 5253 494 5312 ἐπεὶ
537 5256 780 5335 κρύπτειν
822 5258 979 5314 αὐτὸν
1022 5257 1142 5335 ὅρος
1202 5262 1295 5317 οὐκ
1353 5259 1508 5339 εἶχε,
1573 5259 1730 5324 πόλις
1786 5257 1884 5333 μὲν

237 5343 333 5419 γάρ
393 5343 459 5410 ἧν
517 5347 590 5408 ὡς
654 5345 863 5413 alueo;
927 5347 1132 5410 ἐκεῖνος
1192 5347 1418 5413 πολλοῖς
1477 5355 1700 5424 κομῶσα
1767 5361 1883 5411 τοῖς

237 5433 474 5510 ἀγαθοῖς,
527 5437 614 5492 καὶ
673 5435 918 5515 λαμπρὸν
975 5437 1102 5494 ἐϐόα
1162 5439 1252 5495 καὶ
1312 5438 1588 5497 συνεκάλει
1652 5438 1882 5514 πάντας,

241 5533 386 5582 τοῦτο
439 5525 540 5601 μὲν
595 5526 662 5586 τὰ
718 5526 1128 5608 κατορθώματα,
1187 5535 1340 5586 τοῦτο
1393 5527 1446 5585 δὲ
1498 5530 1586 5586 καὶ
1637 5529 1700 5587 τὰ
1759 5529 1888 5586 θαύ-

245 5635 402 5693 ματα.

1971 4897 2168 4954 vinum
2191 4897 2500 4966 recepisset
2528 4897 2854 4967 radium,et
2884 4897 2983 4954 lux
3017 4906 3166 4954 totus
3198 4905 3343 4954 esset
3371 4894 3622 4959 eﬂectus,

1969 5005 2091 5074 non
2121 4985 2231 5048 sub
2266 4985 2486 5066 modio,
2517 4985 2621 5048 sed
2637 5004 2820 5066 super
2851 4986 3277 5048 candelabrum
3309 5004 3344 5046 a
3366 4987 3488 5047 Deo
3512 5002 3623 5074 po-

1972 5073 2150 5139 nitur.
2186 5075 2333 5137 lllud
2363 5083 2564 5137 autem
2595 5080 2855 5136 maxime
2887 5077 3176 5152 omnium,
3211 5073 3363 5136 velle
3413 5073 3626 5134 multos

1971 5166 2177 5246 latere,
2208 5165 2304 5226 vel
2360 5165 2614 5226 maxima
2645 5181 2823 5226 causa
2871 5164 2981 5227 fuit
3016 5164 3072 5227 ei
3124 5172 3186 5226 ut
3220 5182 3338 5227 non
3388 5163 3623 5226 lateret.

1971 5252 2116 5315 Nam
2149 5254 2252 5316 ille
2281 5253 2524 5334 quidem
2557 5261 2872 5334 postquam
2907 5272 3080 5316 mons
3110 5272 3246 5316 eum
3281 5253 3478 5317 celare
3507 5271 3629 5316 non

1975 5343 2188 5425 potuit,
2222 5345 2374 5421 (erat
2393 5343 2556 5406 enim
2590 5342 2692 5406 ille
2716 5362 2924 5408 revera
2956 5344 3159 5408 civitas
3195 5343 3397 5407 multis
3421 5349 3630 5407 ornata

1975 5433 2168 5506 benis)
2199 5433 2476 5515 claraque
2505 5452 2649 5498 voce
2679 5433 3040 5517 clamabant,
3073 5444 3134 5497 et
3165 5453 3376 5498 omnes
3405 5453 3626 5497 convo-

1977 5524 2213 5603 cabant,
2251 5525 2464 5606 partim
2516 5524 2757 5608 quidem
2813 5527 2944 5608 ejus
2992 5533 3154 5590 recte
3203 5526 3375 5603 facta,
3411 5523 3628 5608 partim

1977 5625 2183 5680 autem
2206 5615 2388 5680 etiam
2419 5616 2728 5681 miracula.
