4006 6146
364 284 480 352 359

370 511 686 573 titudinem
733 531 940 573 eorum
991 514 1090 593 qui
1141 511 1489 592 accdebant,
1526 511 1818 592 praeberet
1860 512 2008 573 soli-

363 603 506 663 tudo
565 602 827 682 speciem
884 601 1156 683 civitatis,
1188 602 1262 664 ab
1315 603 1412 663 illa
1467 602 1707 683 quidem
1755 621 1822 664 se
1877 602 2011 682 fuga

362 689 658 766 subducit,
685 699 743 752 et
771 690 844 751 ab
869 691 939 752 iis
967 691 1069 770 qui
1096 692 1288 772 ipsum
1312 700 1476 752 recte
1507 699 1741 753 norant:
1775 690 2011 769 ignotus

363 798 504 840 vero
537 780 698 842 venit
728 778 1328 860 ConstantinOpolim,
1366 789 1423 842 et
1471 797 1606 842 cum
1641 780 1712 841 ad
1747 799 2006 857 murum,

366 870 464 950 qui
496 877 584 930 est
613 868 674 930 in
707 867 1078 944 Blachernis,
1114 870 1333 931 ﬁxisset
1385 871 1586 931 sedem
1620 888 1746 931 sua:
1779 869 2012 932 habita-

367 958 570 1033 tionis,
601 957 713 1020 soli
740 958 851 1018 sibi
885 969 943 1020 et
969 957 1093 1020 Deo
1143 959 1404 1035 vacabat,
1441 961 1660 1040 hospes
1689 959 2010 1032 solitarius,

362 1057 420 1109 et
441 1048 540 1127 qui
568 1064 762 1127 neque
779 1066 912 1107 cum
940 1048 1145 1109 multis
1168 1048 1348 1109 ullam
1365 1049 1619 1110 habebat
1642 1048 2014 1128 congressio-

361 1155 522 1212 nem,
563 1155 758 1212 neque
804 1136 876 1198 ab
929 1136 1018 1198 eis
1069 1138 1518 1218 aspiciebatur:
1580 1147 1800 1218 etquae
1855 1137 2004 1199 alius

360 1227 540 1288 finem
594 1227 895 1288 statuisset
948 1228 1469 1308 certaminum,ea
1528 1227 1847 1289 arbitratus
1906 1228 2006 1288 ille

361 1335 492 1378 esse
545 1315 930 1397 principium,
995 1318 1418 1398 prmcedentia,
1468 1317 1732 1397 inquam,
1770 1326 1828 1379 et
1878 1335 2008 1398 qua:

361 1407 489 1486 ipse
515 1407 638 1485 jam
671 1415 834 1468 recte
867 1416 1153 1487 gesserat,
1177 1409 1394 1469 acriter
1425 1406 1703 1468 tendebat
1732 1408 1800 1468 ad
1837 1415 2008 1470 ante—

358 1500 540 1576 riora,
577 1498 800 1577 majora
833 1498 1011 1558 veluti
1060 1498 1388 1559 certamina
1427 1499 1801 1578 aggrediens,
1837 1507 1897 1560 et
1942 1515 2006 1558 se

359 1595 541 1647 totum
575 1604 785 1648 arcens
812 1606 845 1648 a
867 1588 1266 1650 consensione
1297 1589 1674 1649 affectionum
1708 1587 2000 1668 corporis.

1661 285 1936 354 MENSIS
1991 287 2420 353 DECEMBER.

443 421 544 486 ΠΙ.
580 420 723 486 Cum
745 441 883 502 ergo
915 423 1086 486 multi
1107 425 1560 505 conﬂuerent,et
1590 431 1833 504 propter
1868 425 2008 487 mul-
2030 435 2069 484 Α

3608 257 3718 356 360

2193 415 2231 448 1⁸
2291 414 2304 435 ⁸
2444 423 2471 446 τ
2656 423 2666 438 ι
2772 423 2786 442 κ
2958 422 3000 442 (,
3108 423 3135 442 Ἰ,
3323 424 3338 445 ‘
3442 423 3452 446 '

2173 432 2195 479 Ι
2237 473 2252 488 .
2309 434 2382 488 Ως
2414 447 2502 481 ουν
2549 423 2683 480 πολυ
2738 445 2798 479 το
2853 421 3064 502 συρρεον
3106 445 3199 499 ην,
3253 445 3341 479 και
3389 422 3585 487 πολεως
3615 449 3718 483 πο..-

2094 525 2247 592 ρεῒχε
2280 516 2475 590 σχῆμα
2531 518 2607 585 τῷ
2662 510 2846 582 πλήθει
2905 519 3011 567 τῶν
3053 513 3377 585 προσιόντων
3429 515 3461 580 ἡ
3510 512 3718 592 ἕρημος,

2094 601 2300 669 ἐκείνην
2358 602 2454 676 μὲν
2514 602 2717 682 φεύγει,
2780 603 2867 658 διαὶ
2918 605 3041 665 τοὺς
3091 600 3270 662 καλῶς
3322 600 3521 666 εἰδότας
3549 603 3719 686 αὒτὸν,

2092 690 2362 768 ἄγνωστος
2421 689 2475 747 δὲ
2532 697 2600 768 τῇ
2661 691 3054 749 Κωνσταντίνου
3115 691 3386 770 ἐπιφοιτᾷ,
3447 695 3533 748 καὶ
3600 695 3721 771 πρὸς

2094 788 2170 854 τῷ
2229 780 2282 836 ὲν
2342 779 2670 861 Βλαχέρναις
2726 781 2894 860 τείχει
2979 781 3078 848 τὴν
3148 783 3420 838 κατοικίαν
3489 781 3721 857 θέμενος,

2097 872 2265 944 ἐαυτῷ
2295 871 2442 946 μόνῳ
2498 873 2585 927 καὶ
2641 876 2718 942 τῷ
2774 878 2888 943 Θεῷ
2937 871 3222 949 προσέχων
3267 871 3354 945 ἦν,
3401 870 3567 951 ξένος,
3602 869 3725 946 ἔρη-

2097 982 2219 1034 μος,
2248 959 2470 1030 ἄμικτος
2500 973 2615 1024 τοῖς
2645 958 2873 1024 πολλοῖς
2922 962 3012 1016 καί
3064 960 3306 1034 ἀθέατος,
3367 963 3452 1016 καὶ
3510 961 3639 1040 ἅπερ
3669 960 3727 1016 ἄν

2097 1049 2256 1113 ἄλλος
2310 1049 2472 1126 πέρας
2530 1049 2673 1106 ἔθετο
2728 1057 2831 1106 τῶν
2892 1050 3135 1126 ἀγώνων,
3187 1057 3350 1107 ταῦτα
3398 1053 3602 1113 ἒκεϊνος
3637 1049 3729 1127 ἂρ-

2098 1139 2208 1218 χὴν
2261 1140 2402 1194 εἶναι
2462 1139 2702 1213 νομίσας,
2764 1140 2828 1194 τὰ
2879 1136 3214 1216 προλαϐόντα
3268 1141 3406 1218 φημὶ
3459 1141 3542 1195 οιαὶ
3595 1140 3729 1214 αὒτῷ

2088 1227 2191 1295 ἤδη
2241 1228 2658 1306 κατορθωτὲντα,
2716 1231 2920 1306 θερμῶς
2982 1228 3175 1308 ἐχώρει
3236 1243 3353 1292 τοῖς
3416 1229 3727 1307 ἔμπροσθεν,

2092 1317 2346 1391 μειζὲνων
2377 1317 2554 1396 ὥσπερ
2585 1321 2688 1372 τῶν
2746 1317 2966 1394 ἀγώνων
3033 1320 3354 1398 ἁπτόμενος,
3405 1320 3491 1375 καὶ
3553 1320 3731 1376 ἑαυτὸν

2095 1407 2217 1464 ὅλον
2246 1412 2343 1474 τῆς
2374 1409 2505 1484 πρὸς
2562 1410 2624 1463 τὸ
2675 1410 2831 1480 σῶμα
2888 1410 3208 1481 συμπαθείας
3260 1409 3548 1486 ἀπείργων,
3592 1407 3734 1468 οὐδὲν

2088 1501 2230 1568 αὐτῷ
2260 1495 2421 1569 μελον
2453 1495 2670 1567 στολῆς,
2731 1495 2877 1551 οὐδὲν
2937 1502 3158 1575 τροφῆς,
3221 1497 3383 1554 ὕπνου
3439 1496 3604 1571 οὖδὲν,
3645 1500 3732 1553 τὸν

2089 1586 2186 1661 μὲν
2256 1587 2545 1652 ἀσκητικὸν
2631 1584 2808 1642 εἷ’τουν
2890 1588 3179 1661 πρακτικὸν
3249 1586 3534 1662 ὑπερϐάντι
3599 1587 3733 1662 βίον,

361 1673 520 1737 Nihil
555 1685 682 1738 erat
714 1676 765 1738 ei
797 1695 954 1739 cura}
985 1677 1255 1754 vestitus,
1284 1677 1428 1738 nihil
1457 1677 1829 1754 alimentum,
1858 1676 2004 1738 nihil

2094 1677 2174 1731 τὸν
2207 1675 2494 1754 ἂγγελικὸν
2548 1674 2601 1730 δὲ
2663 1675 2906 1746 ζηλοῦντι
2969 1678 3054 1730 διαὶ
3113 1677 3248 1749 μετὰ
3297 1678 3568 1752 σώματος,
3618 1690 3731 1741 τοῖς

361 1784 608 1827 somnus
637 1784 650 1828 :
707 1775 769 1826 ut
799 1767 901 1844 qui
935 1767 1408 1830 exercitatoriam
1441 1767 1708 1848 quidem,
1742 1785 1846 1828 seu
1877 1785 2007 1846 quae

2094 1786 2144 1820 τε
2177 1762 2358 1828 ἄλλοις
2408 1767 2494 1822 καὶ
2553 1771 2627 1838 τῷ
2685 1772 2847 1842 νοερῷ
2904 1766 3258 1842 συγγίνεσθαι,
3320 1767 3408 1821 καὶ
3461 1765 3548 1822 τδν
3579 1765 3733 1843 λογι-

362 1855 424 1916 in
454 1854 680 1935 agendo
713 1857 1005 1936 consistit,
1039 1856 1214 1918 vitam
1247 1869 1654 1936 superaverat,
1677 1856 2003 1934 angelicam

2094 1856 2225 1929 σμὸν
2283 1856 2675 1933 ἐπιστρέψαντα
2734 1855 2795 1909 τὸ
2866 1855 3118 1930 συγγενὲς
3189 1853 3365 1911 ἐκεῖνο
3439 1858 3526 1910 καὶ
3595 1859 3736 1912 θεῖον

362 1953 558 2008 autem
585 1945 973 2007 aemulabatur
999 1946 1178 2008 etiam
1210 1965 1344 2008 cum
1380 1964 1649 2027 corpore.
1679 1946 1812 2006 etin
1845 1945 2003 2020 aliis,

367 2040 425 2098 et
447 2036 603 2116 quod
634 2034 1036 2114 intelligenter
1065 2045 1404 2098 versaretur
1433 2055 1568 2097 cum
1593 2035 2004 2114 intelligentia,

366 2135 425 2188 et
449 2126 609 2187 illam
634 2125 890 2188 divinam
918 2127 1142 2189 visione
1164 2126 1651 2207 apprehenderet
1683 2126 2010 2204 pulchritu-

364 2215 590 2276 dinem.
623 2213 720 2277 Sic
743 2235 877 2278 cum
901 2217 1135 2278 actione
1167 2234 1532 2278 concurrens
1559 2215 2004 2296 contemplatio,

363 2315 630 2368 erectum
661 2315 720 2368 et
746 2306 1064 2368 sublimem
1099 2306 1339 2369 tenebat
1366 2308 1916 2386 exercitatorem,et
1939 2304 2010 2366 ad

359 2395 554 2476 ipsum
611 2413 798 2476 usque
841 2397 1059 2458 coelum
1113 2395 1455 2460 extollebat.
1526 2396 1713 2458 Multa
1757 2414 1898 2456 vero
1956 2403 2014 2456 et

362 2486 788 2544 admirabilium
818 2500 1012 2544 rerum
1035 2486 1309 2550 eﬂ'ectrix,
1329 2485 1657 2543 mirandum
1687 2487 1744 2541 in
1779 2485 2008 2542 modum

361 2576 594 2656 vigebat
623 2585 682 2636 et
711 2575 964 2638 ﬂorebat
989 2576 1198 2656 gratia,
1232 2584 1436 2656 utpote
1465 2574 1622 2655 quod
1655 2593 1772 2634 non
1809 2582 2012 2654 posset

363 2669 545 2724 virtus
577 2677 747 2722 suum
791 2665 978 2722 celare
1008 2665 1355 2735 operarium,
1383 2675 1436 2722 et
1468 2665 1620 2721 Deus
1642 2663 1812 2721 simul
1839 2663 2011 2733 glori-

359 2756 563 2817 ﬁcaret
593 2773 718 2834 eos,
749 2753 848 2834 qui
879 2753 1187 2834 elegerunt
1216 2753 1417 2835 ipsum
1451 2752 1852 2831 glorificare‘.
1888 2751 2006 2815 Sed

2091 1942 2285 2010 κάλλος
2349 1945 2718 2024 φαντάζεσθαι,
2788 1943 2940 2002 Οὕτω
3015 1949 3077 2019 τῇ
3140 1943 3320 2021 πράξει
3379 1943 3737 2023 συνδραμοῦσα

2092 2035 2126 2101 ἡ
2156 2034 2369 2112 θεωρία,
2404 2033 2528 2089 ὅλον
2558 2031 2658 2100 ἤδη
2692 2034 2958 2111 μετέωρον
2989 2033 3118 2113 εἶχε
3177 2035 3266 2089 τὸν
3322 2034 3594 2108 ἀσυιητὴν,
3653 2036 3739 2091 καὶ

2095 2129 2222 2203 πρὸς
2253 2128 2407 2182 αὐτὸν
2465 2126 2750 2204 ἆνεπτέρου
2805 2128 2895 2182 τὸν
2957 2126 3197 2203 οὐρανόν.
3263 2125 3446 2194 Πολλὴ
3493 2125 3547 2183 δὲ
3590 2129 3736 2194 καὶὴ

2096 2218 2486 2294 θαυματουργὸς
2570 2217 2843 2294 ὓπερ-ἤνθει
2929 2215 3086 2295 χάρις
3119 2264 3134 2294 ,
3221 2216 3474 2292 κρύπτειν
3563 2217 3737 2295 ὥσπερ

2095 2311 2190 2372 τῆς
2246 2306 2438 2384 ἆρετῆς
2469 2308 2558 2361 τὸν
2591 2305 2822 2384 ἐργάτην
2855 2304 2931 2379 μή
2989 2303 3305 2379 δυναμένης,
3365 2305 3462 2362 καὶ
3512 2305 3620 2382 ἅμα
3650 2310 3739 2362 τοῦ

2097 2395 2228 2452 Θεοῦ
2283 2393 2585 2466 δοξάζοντος
2642 2395 2762 2459 τοὺς
2817 2395 2972 2451 αὐτὸν
3021 2392 3251 2464 δοξάζειν
3312 2395 3735 2473 προῃρημὲνους.

2099 2483 2248 2541 Ἀλλ’
2281 2485 2308 2539 ὅ
2338 2507 2427 2558 μοι
2459 2484 2632 2561 λέγειν
2690 2486 2716 2539 6
2769 2482 2924 2560 λόγος
2980 2483 3248 2561 ὥρμηται,
3300 2483 3450 2547 ὅπως
3498 2492 3597 2552 τῆς
3643 2486 3735 2561 μὲν

2095 2573 2248 2640 δόξης
2307 2575 2378 2635 ὡς
2435 2572 2627 2640 ἥκιστα
2686 2577 2989 2652 φροντίζων,
3057 2581 3148 2629 τοῦ
3202 2572 3255 2629 δὲ
3322 2574 3597 2631 λανθάνειν
3665 2578 3734 2637 ὡς

2092 2663 2322 2739 μάλιστα
2380 2663 2560 2735 δῆλος,
2623 2665 2887 2722 κάνταῦθα
2957 2666 2983 2719 ὁ
3055 2663 3223 2740 μέγας
3281 2671 3394 2720 τῶν
3463 2666 3734 2740 θαυμάτων

2089 2754 2349 2830 θησαυρὸς
2381 2755 2469 2810 καὶ
2500 2758 2597 2820 τῆς
2628 2753 2820 2829 ἀρετῆς
2854 2752 3189 2810 καθίσταται.

359 2844 514 2926 quod
554 2849 676 2924 jam
711 2844 854 2906 mihi
896 2843 1100 2906 dicere
1131 2863 1408 2924 aggressa
1453 2844 1647 2905 fuerat
1677 2844 1886 2917 oratio,
1922 2842 2171 2922 gloriam
2226 2841 2469 2923 quidem
2502 2841 2749 2903 minime
2801 2841 3130 2918 admirans,
3163 2842 3351 2905 latere
3382 2852 3570 2906 autem
3606 2860 3724 2904 ma-

355 2936 514 2996 xime
544 2933 814 3014 cupiens,
849 2933 944 2996 hic
971 2953 1206 3016 quoque
1225 2934 1420 2996 evadit
1447 2933 1799 2996 manifestus
1832 2933 2252 2995 miraculorum
2287 2940 2346 2994 et
2367 2932 2600 2995 virtutis
2635 2932 2973 2993 thesaurus.

438 3022 536 3086 IV.
570 3023 938 3086 Adolescens
968 3025 1234 3106 quidam,
1269 3023 1370 3105 qui
1419 3024 1728 3086 oculorum
1761 3023 2000 3103 quidem

2171 3023 2251 3085 Δ’,
2318 3025 2537 3088 Νεανίας
2596 3045 2696 3096 τις,
2762 3023 2860 3089 τὴν
2907 3023 3004 3096 μὲν
3058 3025 3226 3100 αὖγὴν
3285 3034 3396 3080 τῶν
3456 3025 3624 3100 ὄψεων
3675 3022 3730 3078 ἐκ

360 3112 740 3195 splendorem
772 3113 845 3175 ab
879 3127 1013 3175 ortu
1044 3115 1349 3188 amiserat,
1376 3114 1517 3176 fidei
1547 3121 1744 3176 autem
1779 3113 2008 3174 lumine

2094 3120 2309 3192 γενετῆς
2341 3113 2724 3187 ἀπολωλεκὼς,
2791 3120 2861 3184 τῷ
2914 3111 2966 3168 δὲ
2999 3118 3133 3193 φωτὶ
3181 3114 3278 3182 τῆς
3341 3115 3569 3179 πίστεως
3618 3110 3732 3192 ἄρ’·

358 3200 782 3275 resplendebat,
806 3217 937 3261 eum
963 3205 1206 3275 desuper
1227 3203 1300 3261 ad
1325 3206 1380 3260 id
1413 3213 1673 3260 movente
1704 3203 2009 3274 providen-

2094 3226 2191 3260 στα
2248 3203 2710 3284 λαμπρυνόμενος,
2769 3204 2965 3259 ἄνωθεν
3034 3203 3191 3259 αὐτὸν
3265 3203 3353 3261 ἐπὶ
3419 3211 3571 3261 τοῦτο
3641 3209 3733 3269 τῆς

358 3294 461 3367 tia,
495 3294 569 3355 ad
603 3294 761 3356 hunc
793 3311 1070 3374 magnum
1115 3295 1368 3370 accedit,
1405 3304 1463 3356 et
1492 3294 1757 3357 imitatur
1785 3312 2007 3356 caecum

2095 3295 2347 3373 Προνοίας
2392 3294 2665 3367 κινούσης,
2719 3301 2795 3367 τῷ
2853 3292 3070 3371 μεγάλῳ
3127 3295 3294 3365 τούτῳ
3364 3303 3728 3372 προσέρχεταν

360 3386 459 3466 qui
483 3383 774 3446 diciturin
801 3383 1134 3464 Evangeliis
1155 3386 1204 3460 S3;
1238 3385 1347 3446 nisi
1374 3384 1530 3465 quod
1552 3384 1653 3445 ille
1675 3383 1916 3464 quidem
1937 3383 2009 3444 ad

2097 3384 2194 3440 Καὶ
2227 3382 2477 3458 μιμεῖται
2507 3385 2597 3439 τὸν
2633 3386 2688 3438 ἓν
2741 3383 3081 3460 Εὔαγγελίοις
3115 3382 3305 3462 τυφλόν
3345 3403 3361 3418 ο
3426 3383 3567 3449 πλὴν
3624 3383 3740 3438 ὅσον

369 3475 664 3537 Christum
691 3495 708 3551 ;
730 3473 827 3536 hic
849 3493 990 3536 vero
1014 3475 1084 3537 ad
1103 3475 1320 3539 Christi
1346 3474 1724 3549 famulum,et
1755 3473 2009 3553 loquitur

2094 3481 2167 3546 τῷ
2201 3479 2405 3550 Χριστῷ
2437 3473 2536 3541 μὲν
2587 3475 2819 3544 ἒκεϊνυς,
2877 3473 3028 3535 οὗτος
3090 3472 3144 3528 δὲ
3201 3480 3275 3545 τῷ
3327 3475 3558 3550 Χριστοῦ
3585 3473 3740 3552 θερά-

367 3564 576 3627 eadem
601 3583 734 3644 quae
757 3564 1095 3645 ille,etcum
1121 3565 1331 3627 eodem
1353 3565 1566 3625 ardore
1589 3571 1646 3624 et
1674 3563 2001 3635 alTectione,

2094 3584 2240 3619 ποντι
2301 3563 2563 3642 πρόσεισι,
2627 3563 2710 3618 mi
2766 3562 3047 3641 φθέγγεται
3106 3563 3171 3618 τὰ
3219 3561 3428 3619 ἐκείνου
3483 3563 3616 3638 μετὰ
3646 3567 3742 3627 τῆς

359 3655 588 3717 dicens:
621 3655 906 3717 Miserere
931 3657 1071 3735 mei,
1089 3664 1148 3717 et
1177 3655 1374 3736 praebe
1391 3654 1594 3715 lumen
1618 3653 1766 3714 meis
1793 3653 2000 3727 oculis,

2094 3654 2250 3719 αὐτῆς
2311 3653 2637 3730 θερμότητος
2697 3654 2782 3710 καὶ
2851 3659 2943 3708 τοῦ
3012 3654 3231 3721 παθους,
3313 3649 3576 3718 Ἐλέησόν
3649 3673 3738 3729 με,

360 3745 460 3825 qui
505 3763 569 3806 es
599 3763 754 3806 verae
784 3745 936 3806 lucis
969 3745 1125 3806 ﬁlius
1162 3748 1442 3824 etgratia:
1472 3766 1486 3805 :
1522 3752 1586 3806 ut
1615 3762 1732 3824 ego
1769 3759 2007 3824 quoque

2094 3742 2284 3820 λέγων,
2347 3743 2434 3798 καὶ
2491 3748 2602 3822 φῶς
2663 3765 2752 3816 μοι
2810 3754 2930 3806 τοῖς
2977 3740 3274 3821 ὁφθαλμοϊς
3327 3741 3534 3820 ὄρεξον,
3593 3744 3620 3797 6
3651 3747 3744 3797 τοῦ

362 3836 606 3898 eﬂ'ectus
635 3835 1070 3915 contemplator
1092 3836 1332 3909 horum,
1360 3852 1491 3916 qua:
1511 3833 2003 3910 videntur,admi-

2094 3834 2262 3911 φωτὸς
2294 3830 2460 3894 ὅντως
2485 3832 2593 3894 υἱὸς
2624 3833 2710 3887 καὶ
2739 3836 2836 3898 τῆς
2877 3833 3124 3910 χάριτος,
3158 3832 3250 3885 ἵνα
3311 3832 3492 3910 κάγὼ,
3551 3830 3740 3897 θεατής

356 3944 458 3988 rer
486 3926 727 4006 quidem
777 3943 983 3986 eorum
1019 3925 1432 3988 excellentiam
1462 3946 1476 3987 :
1515 3943 1622 4005 per
1651 3943 1750 3986 res
1807 3931 2003 3985 autem

2094 3928 2194 3978 τῶν
2237 3919 2508 3999 ὁρωρένων
2546 3921 2746 3977 τούτων
2804 3922 3109 4000 γενόμενος,
3159 3923 3424 3992 θαυμάσω
3483 3921 3584 3996 μὲν
3637 3920 3736 3976 αὖ·

359 4026 609 4088 creatas,
668 4014 970 4092 celebrem
1031 4016 1398 4077 Creatorem.
1459 4013 1530 4076 Et
1587 4013 1711 4075 haec
1763 4014 2002 4094 quidem

2094 4014 2193 4070 τῶν
2251 4013 2314 4067 τὸ
2375 4009 2659 4090 ἐξαίρετον,
2717 4011 2937 4085 ὑμνήσω
2995 4007 3050 4065 δὲ
3106 4009 3190 4064 διὰ
3253 4010 3363 4066 τῶν
3434 4010 3739 4084 κτισμάτων

357 4122 549 4166 caacus
581 4125 594 4164 :
630 4102 731 4165 ille
775 4120 917 4165 vero
951 4104 1128 4165 homo
1165 4102 1828 4179 misericordiae,videns
1858 4122 2005 4164 ocu-

2094 4103 2179 4157 τὸν
2225 4102 2500 4162 κτίσαντα.
2563 4103 2660 4158 Καὶ
2717 4107 2881 4157 ταῦτα
2936 4100 3033 4173 μὲν
3081 4099 3108 4154 ὁ
3159 4097 3355 4178 τυφλός
3389 4116 3405 4132 ⁶
3463 4103 3491 4156 6
3541 4097 3596 4155 δὲ
3652 4104 3740 4156 τοῦ

357 4195 446 4256 los
475 4193 716 4275 quidem
750 4192 972 4256 nullius
1007 4194 1250 4258 omnino
1293 4192 1630 4273 splendoris
1663 4191 2001 4272 participes,

2094 4190 2270 4253 ἐλέους
2323 4189 2528 4254 ἐκεῖνος
2587 4189 2878 4263 ἄνθρωπος,
2936 4188 3058 4245 ἰδὼν
3111 4189 3232 4252 τοὺς
3284 4193 3385 4265 μὲν
3433 4189 3738 4268 ὀφθαλμοὺς

361 4293 582 4346 tantam
632 4291 832 4347 autem
865 4284 1067 4357 ﬁdem,
1101 4302 1275 4363 quam
1310 4283 1452 4344 dicit
1481 4282 1678 4342 divina
1710 4279 2008 4361 Scriptura

2094 4277 2228 4354 μηδὲ
2260 4280 2473 4354 μετρίας
2507 4281 2674 4357 αὐγῆς
2733 4278 3083 4358 μετέχοντας,
3149 4277 3248 4344 τὴν
3303 4277 3362 4333 δὲ
3418 4280 3596 4335 πίστιν
3647 4299 3738 4332 το-

362 4375 599 4435 eiﬁcere
630 4377 834 4449 etiam,
864 4385 926 4435 ut
949 4381 1182 4434 montes
1206 4372 1639 4432 transferantur
1659 4369 2009 4448 5,t‘rangitur

2094 4370 2288 4435 σαύτην
2345 4366 2412 4433 ἥν
2471 4390 2632 4447 φησιν
2691 4371 2724 4436 ἡ
2782 4370 2892 4424 θεία
2948 4369 3098 4446 φωνὴ
3155 4368 3243 4422 καὶ
3280 4366 3380 4445 ὅρη
3423 4381 3605 4424 ποιεῖν
3636 4387 3737 4441 με·

361 4464 604 4544 quidem
635 4483 647 4525 :
675 4463 916 4544 (quidni
940 4463 1126 4536 enim,
1153 4481 1286 4523 cum
1321 4469 1481 4523 esset
1508 4460 1710 4523 animo
1743 4461 2006 4522 clemen-

2094 4460 2380 4533 θίστασθαι,
2415 4457 2696 4514 ἐπικλᾶται
2726 4457 2846 4534 μὲν,
2881 4464 2995 4521 πῶς
3027 4458 3128 4535 γὰρ
3161 4456 3220 4512 οὕ
3258 4475 3273 4529 ;
3324 4458 3516 4537 ψυχῆς
3562 4456 3634 4513 ὢν
3671 4459 3736 4523 ἡ-

357 4553 586 4615 tissimo
608 4561 667 4614 et
694 4549 1234 4630 mansuetissimo?)
1261 4560 1317 4612 et
1348 4550 1525 4611 simul
1558 4558 1818 4612 mentem
1845 4549 2005 4612 illius

359 4641 706 4704 examinans
740 4661 754 4703 :
815 4639 968 4712 Quid
997 4640 1074 4701 ad
1133 4658 1249 4715 me,
1287 4640 1503 4717 inquit,
1538 4661 1572 4701 ο
1629 4639 2002 4716 adolescens,

359 4731 576 4813 quaeris
607 4739 669 4792 ut
715 4750 785 4793 ea
827 4730 1069 4805 donem,
1105 4749 1237 4812 quae
1269 4748 1430 4792 meas
1484 4731 1637 4791 vires
1670 4736 2007 4810 superant?

357 4822 512 4897 Quid
548 4823 607 4884 in
633 4841 727 4883 me
767 4820 963 4882 vidisti
997 4820 1316 4901 ejusmodi,
1345 4827 1410 4881 ut
1437 4819 1496 4881 id
1525 4839 1560 4881 a
1587 4837 1682 4881 me
1714 4821 2001 4900 postules,

357 4913 513 4994 quod
527 4911 690 4975 solus
713 4916 905 4992 potest
925 4911 1165 4973 efﬁcere
1182 4910 1602 4971 universorum
1634 4908 1875 4989 Opifex?
1905 4909 2007 4970 llle

357 5004 516 5066 enim
551 5003 701 5082 haec,
731 5001 856 5076 ubi,
890 5010 949 5062 et
983 5000 1247 5082 quando,
1280 5009 1338 5063 et
1367 5001 1438 5061 iis
1468 4998 1684 5080 quibus
1716 4999 1863 5080 vult,
1909 5000 2009 5060 dat

356 5091 809 5156 admirabiliter.
852 5089 957 5153 His
1000 5091 1225 5152 sensim
1277 5087 1475 5152 verbis
1502 5088 1747 5168 abigens
1796 5089 2005 5150 adole-

358 5193 649 5258 scentem,
682 5181 1074 5246 nihilominus
1103 5202 1240 5246 eum
1273 5182 1496 5265 aliquid
1529 5181 1757 5244 invenit
1785 5180 1860 5243 de
1890 5181 2008 5243 (ide

356 5274 786 5346 remittentem,
824 5291 1016 5353 neque
1068 5291 1103 5333 a
1133 5291 1239 5334 sua
1269 5273 1561 5353 petitione
1592 5280 1650 5331 et
1706 5269 2006 5332 desiderio

359 5361 768 5437 desistentem,
804 5361 912 5424 sed
969 5379 1145 5424 voces
1189 5361 1384 5423 adhuc
1412 5360 1650 5422 ﬂebiles
1700 5359 2007 5422 emittebat

359 5459 418 5514 et
449 5451 843 5515 miserabiles.
873 5450 945 5514 Et
990 5451 1362 5513 miserandus
1393 5449 1638 5532 quidem
1669 5450 1798 5530 ejus
1843 5449 2004 5512 vide-

436 5640 458 5686 ¹
491 5638 516 5705 l
544 5637 690 5719 Reg.
725 5656 786 5718 ιι,
818 5637 919 5703 30.

2089 4549 2400 4626 μερωτάτης
2473 4549 2557 4604 καὶ
2628 4546 3018 4627 φιλανθρώπου,
3079 4547 3166 4602 καὶ
3218 4545 3328 4620 ἅμα
3386 4549 3488 4614 τὴν
3546 4546 3742 4602 ἐκείνου

2088 4639 2379 4714 βασανίζων
2418 4637 2665 4716 γνώμην.
2725 4637 2785 4694 Τί
2841 4659 2956 4712 μοι,
3018 4637 3219 4716 νεανία,
3281 4635 3423 4715 φησΐ
3483 4637 3739 4713 προσιὼν,

2088 4729 2155 4784 τὰ
2200 4727 2328 4806 ὑπὲρ
2386 4727 2482 4801 ἐμὲ
2540 4724 2735 4782 διδόναι
2797 4733 3032 4802 ζητεῖςς
3095 4727 3154 4782 Τί
3211 4734 3457 4784 τοιοῦτον
3516 4725 3572 4780 ἐν
3627 4727 3743 4797 ἒμοὶ

2089 4817 2432 4893 θεασάμενος,
2469 4815 2616 4894 ἔργον
2645 4815 2896 4877 ἀπαιτεῖς
2949 4821 3222 4893 τοσοῦτον,
3278 4815 3305 4869 ὃ
3366 4817 3532 4889 μόνος
3566 4812 3743 4870 τελεῖν

2088 4908 2302 4970 δυνατὸς
2334 4909 2361 4962 6
2386 4913 2492 4962 τῶν
2523 4904 2660 4961 ὅλων
2691 4902 3008 4981 δημιουργός
3046 4924 3062 4984 ;
3123 4903 3370 4966 Ἐκεῖνος
3423 4905 3526 4982 γὰρ
3582 4910 3743 4959 ταῦτα

2089 4996 2207 5052 ἔνθα
2267 4995 2364 5052 καὶ
2423 4993 2510 5051 ὅτε
2569 4996 2657 5052 καὶ
2713 4994 2801 5057 οἷς
2853 4992 3121 5073 βούλεται,
3173 4991 3490 5072 παραδόξως
3541 4989 3741 5052 δίδωσι.

2089 5087 2305 5150 Τούτοις
2364 5085 2538 5164 ἠρέμα
2599 5094 2716 5147 τοῖς
2767 5083 2967 5161 ῥήμασι
3009 5084 3100 5140 τὸν
3149 5083 3357 5139 νεανίαν
3433 5078 3738 5158 ἀποσοϐῶν,

2091 5173 2237 5234 οὐδέν
2264 5197 2314 5232 τι
2377 5173 2580 5250 μᾶλλον
2638 5172 2849 5251 εὕρισκε
2908 5173 3005 5241 τῆς
3058 5173 3286 5236 πίστεως
3335 5173 3592 5251 ὑφιέντα,
3627 5165 3739 5225 οὐδὲ

2089 5271 2189 5333 τῆς
2220 5267 2353 5342 πρὸς
2384 5266 2538 5321 αὐτὸν
2573 5261 2832 5332 αἰτήοεώς
2875 5284 2930 5319 τε
2973 5263 3059 5318 καὶ
3092 5268 3188 5329 τῆς
3217 5263 3393 5339 ὁρμῆς
3423 5259 3687 5318 ἐνδιδόντα
3720 5274 3734 5288 ⁹

2087 5353 2205 5413 ἀλλ’
2267 5356 2477 5434 οἰκτρὰς
2536 5353 2612 5410 ἔτι
2669 5353 2846 5433 φωνὰς
2916 5353 3083 5432 ἠφίει,
3165 5353 3258 5409 Καὶ
3338 5349 3574 5414 ἐλεεινὸς
3643 5349 3738 5423 μὲν

2088 5447 2292 5528 ἑωρᾶτο
2345 5452 2436 5502 τοῦ
2493 5442 2801 5525 σχήματος,
2857 5443 3156 5520 θαυμαστὸς
3216 5439 3269 5497 δὲ
3317 5450 3414 5500 τοῦ
3457 5441 3738 5522 φρονήμα-

1008 5637 1035 5681 ²
1063 5638 1212 5702 Luc.
1245 5651 1410 5718 um,
1436 5635 1536 5703 35.
1619 5636 1706 5698 δι
1736 5635 1874 5701 Cor.
1907 5653 2033 5714 ιιιιι,
2069 5635 2131 5699 2.
