3992 6134
142 267 224 335 361

1541 279 1729 344 VITA
1771 279 1834 341 s.
1881 265 2212 345 PATAPII.

3440 271 3556 352 362'

153 430 225 475 τος
259 414 342 471 καὶ
384 422 507 474 τῶν
569 418 789 499 λόγων
856 421 1046 478 πείθων
1110 419 1334 498 ῥήμασι,
1365 415 1577 494 δάκρυσι
1625 411 1873 486 Satius-ﬁ

1960 420 2081 475 itur
2113 412 2375 478 habitus:
2403 413 2758 477 admiranda
2776 423 2976 478 autem
3008 417 3324 497 prudentia
3348 426 3406 480 et
3426 439 3558 482 ora-

168 524 257 576 “:
299 503 633 582 ἱλεούμενος
668 557 688 581 ,
774 523 1041 572 παντοῖος
1109 509 1246 565 οὕτω
1314 506 1621 585 γενόμενος,
1685 499 1834 566 τέλος

182 592 623 670 ὶῶεόαιώμενος
677 603 766 663 ὣς
802 604 906 658 οὒκ
929 599 1309 669 ἀποστήσεται,
1344 593 1492 656 εἰδὼς
1543 592 1621 648 ὅτι
1654 591 1832 664 λήψε-

201 710 269 746 ται
309 685 426 764 παρ’
485 688 705 746 ἑκείνου
771 689 878 754 τήν
933 685 1227 765 θεραπείαν.
1290 687 1418 742 Τότε
1475 690 1600 759 γοῦν
1648 677 1834 735 ἀδίκα-

206 780 305 836 στόν
351 799 410 834 τε
454 780 554 834 καὶ
605 773 984 857 ἆναμφίϐολον
1038 775 1161 852 παρ’
1194 775 1334 846 αὐτῷ
1379 775 1478 838 τὴν
1524 770 1700 826 πίστιν
1742 771 1835 826 εὖ·

209 871 319 946 ρὼν,
371 880 556 944 μετρεῖ
613 867 723 934 τὴν
783 856 962 945 ίχάριν
1013 870 1041 920 6
1113 873 1304 941 μέγας,
1359 863 1444 916 καὶ
1503 859 1617 915 ἐπεὶ
1681 856 1837 933 λόγον

211 965 346 1038 sile-1
411 958 676 1034 ἀρκοῦντα
739 961 873 1029 πρὸς
947 953 1244 1031 θεραπείαν,
1323 949 1410 1008 Ἐν
1485 955 1563 1022 τῷ
1618 947 1839 1038 δνόματι

218 1037 369 1110 Ἰησου
436 1052 688 1123 Χριστοῦ,
750 1043 921 1118 λέγει,
972 1041 1066 1098 τοῦ
1123 1043 1218 1095 καί
1274 1037 1494 1118 τυφλοῖς
1570 1037 1680 1112 φῶς
1751 1054 1840 1090 και

217 1145 338 1207 ﬂung!
389 1134 751 1214 χαριζομένου
810 1143 1039 1208 νεκροῖς,
1101 1130 1164 1208 ἐφ
1317 1130 1406 1184 καὶ
1469 1125 1618 1189 αὐτὸς
1676 1146 1839 1180 πεπι-

219 1211 430 1287 στευκὼς
484 1221 886 1301 παραγέγονας,
919 1219 1005 1276 ἔσο
1055 1218 1289 1295 βλέπων,
1354 1211 1411 1274 Ὀ
1445 1216 1542 1290 μὲν
1597 1215 1835 1291 εἴρηκεν·

218 1318 240 1370 ὁ
298 1312 348 1369 δὲ
421 1313 586 1389 ἐώρα,
652 1313 742 1367 καὶ
803 1310 946 1374 εὐθὺς
1020 1309 1185 1370 οὓτως
1245 1306 1390 1385 ἔχων
1469 1305 1694 1381 ἑωρᾶτο,
1756 1302 1840 1358 καὶ

215 1405 359 1479 ἀπῄει
414 1402 590 1459 πάντα
665 1405 856 1471 ποιῶν,
914 1398 1142 1477 χαίρων,
1180 1395 1421 1469 δοξάζων,
1482 1394 1840 1471 εὔχαριστών,

213 1495 319 1556 τοὺς
387 1488 693 1569 ὀφθαλμοὺς
753 1488 966 1543 πάντων
1034 1484 1360 1562 ἐπιστρέφων
1437 1482 1567 1557 πρὸς
1629 1481 1841 1552 ἑαυτὸν,

1919 502 2400 583 tio,persuadens
2427 502 2649 584 verbis,
2675 505 2952 585 lacrymis
2981 521 3220 586 rogans,
3247 507 3394 568 sein
3429 527 3557 568 om-

1920 610 2056 653 nem
2088 593 2352 671 speciem
2385 600 2646 666 mutans,
2678 601 2738 656 et
2783 603 3082 674 postremo
3127 596 3455 671 afﬁrmans,
3495 615 3560 658 se

1919 700 2037 742 non
2070 698 2203 743 esse
2231 680 2747 760 abscessurum,ut
2781 684 2883 764 qui
2914 684 3061 745 sciat
3099 683 3322 760 fore,ut
3351 685 3423 748 ab
3455 687 3558 747 illo

1919 771 2172 850 accipiat
2191 772 2588 833 curationem.
2621 770 2791 835 Tunc
2815 791 2955 852 ergo
2968 792 3102 834 cum
3118 783 3338 836 certam
3362 785 3421 837 et
3444 776 3561 837 mi-

1923 860 2084 922 nime
2117 860 2356 922 dubiam
2391 861 2566 922 ﬁdem
2588 862 2741 943 apud
2766 880 2904 924 eum
2926 863 3274 944 invenisset,
3296 865 3564 945 impertit

1923 949 1979 1010 ei
2011 967 2256 1029 magnus
2284 949 2530 1028 gratiam
2567 969 2583 1011 :
2609 959 2667 1013 et
2691 951 2971 1031 quoniam
3003 953 3073 1014 ad
3100 954 3472 1016 curationem
3509 955 3562 1016 ei

1925 1056 2122 1100 sermo
2153 1039 2509 1115 sufﬁciebat,
2543 1042 2610 1103 In
2641 1041 2884 1104 nomine
2914 1043 3054 1104 Jesu
3086 1042 3327 1114 Christi,
3362 1045 3462 1124 qui
3505 1051 3564 1104 et

1923 1128 2120 1203 caecis,
2145 1129 2362 1210 inquit,
2390 1128 2585 1191 lucem
2616 1138 2675 1191 et
2699 1130 2968 1210 spiritum
2999 1131 3255 1212 largitur
3285 1133 3560 1208 mortuis,

1925 1216 1984 1278 in
2015 1237 2131 1298 quo
2163 1219 2337 1280 etiam
2369 1218 2622 1280 credens
2670 1219 2998 1296 accessisti,
3035 1228 3160 1282 esto
3191 1221 3422 1284 videns.
3459 1221 3567 1284 Ille

1925 1307 2167 1387 quidem
2193 1307 2374 1369 dixit:
2405 1308 2500 1369 hic
2529 1315 2729 1370 autem
2751 1308 2918 1389 vidit,
2944 1317 3003 1371 et
3030 1316 3111 1371 ita
3140 1328 3203 1371 se
3237 1310 3454 1372 habere
3477 1319 3568 1372 est

1927 1405 2306 1476 conspectus,
2341 1405 2400 1459 et
2415 1396 2536 1458 ibat
2555 1397 2758 1459 omnia
2777 1397 3316 1477 faciens,gaudens,
3341 1400 3567 1479 gloriﬁ-

1927 1503 2090 1560 cans,
2117 1485 2332 1562 gratias
2361 1503 2564 1564 agens,
2590 1485 2798 1548 oculos
2827 1486 3092 1548 omnium
3125 1488 3199 1548 ad
3230 1505 3294 1548 se
3325 1505 3571 1550 conver-

210 1583 274 1645 ὡς
338 1567 437 1636 καί
486 1600 636 1643 τινας
708 1575 1142 1650 ἐπισημαίνεσθαι
1211 1580 1290 1646 τῷ
1358 1568 1618 1647 δακτύλῳ,
1681 1567 1845 1630 Οὗτὸς

1960 1591 2080 1648 ens,
2117 1574 2266 1636 adeo
2295 1581 2359 1635 ut
2387 1574 2657 1636 nonnulli
2687 1574 3093 1654 signiﬁcarent
3125 1576 3332 1655 digito,
3361 1577 3571 1639 dicen-

205 1670 329 1749 ἐστι,
365 1669 644 1745 λέγοντας,
681 1669 708 1722 6
758 1663 886 1720 ποτὲ
932 1664 1150 1740 τυφλός.
1185 1661 1328 1727 Αὕτη
1378 1667 1482 1715 τῶν
1517 1664 1610 1714 τοῦ
1668 1656 1845 1734 μεγά-

1960 1681 2018 1724 es
2056 1685 2069 1725 :
2102 1663 2209 1725 ilic
2239 1675 2355 1739 est,
2389 1664 2490 1744 qui
2539 1672 2666 1726 erat
2692 1664 3010 1746 aliquando
3055 1685 3266 1728 caecus.
3313 1663 3440 1728 Hoc
3469 1666 3577 1727 fuit

207 1745 630 1816 hoo'ﬂzmniou
685 1755 965 1826 Θαυμάτων
1018 1751 1190 1830 ἁρχὴ,
1224 1753 1308 1806 καὶ
1367 1748 1515 1811 οὗτος
1569 1749 1598 1802 6
1653 1745 1873 1827 τρόποςς

1960 1753 2290 1833 ιτὶηοὶρίυιῐι
2351 1753 2552 1831 magni
2600 1745 2824 1834 Patapii
2872 1755 3321 1830 miraculorum,
3376 1763 3432 1816 et
3478 1755 3576 1816 hic

207 1857 285 1906 τοῦ
333 1848 410 1920 μὴ
460 1847 526 1902 τὸ
590 1842 729 1923 μέγα
785 1846 883 1908 τῆς
929 1841 1128 1897 ἐκείνου
1189 1840 1406 1918 χάριτος
1436 1843 1546 1914 φῶς
1597 1835 1839 1924 ἀμάρτυη

1960 1842 2160 1916 nodus,
2193 1861 2268 1903 ne
2295 1859 2574 1922 magnum
2607 1843 2808 1905 lumen
2831 1843 2994 1906 illius
3025 1844 3230 1924 gratiae
3259 1853 3416 1908 esset
3443 1844 3577 1906 sine

214 1961 289 2017 ρον
338 1939 482 1994 εἶναι
532 1938 626 1990 καὶ
676 1921 805 1994 τοῖς
848 1928 1074 1994 πολλοῖς
1125 1929 1362 1988 ἀθέατον,
1415 1924 1669 2017 Βούλεται
1715 1921 1768 1978 δὲ
1797 1925 1842 2017 ⁸ὁ

1960 1941 2102 2005 este,
2129 1943 2188 1994 et
2222 1949 2299 1994 ne
2329 1921 2449 1993 non
2476 1939 2831 1996 cerneretur
2859 1951 2892 1994 a
2925 1921 3147 1997 multis.
3201 1933 3341 1996 Vult
3370 1941 3571 1996 autem

219 2011 361 2104 λόγος
407 2029 506 2083 καὶ
565 2025 748 2100 ἕτερον
818 2021 903 2076 ἐπ’
959 2023 1103 2090 αὒτῷ
1179 2020 1504 2094 προσθειναι,
1565 2011 1708 2070 οὐδὲν
1769 2014 1842 2074 εἰς

1967 2022 2114 2083 ratio
2145 2022 2200 2082 ei
2230 2038 2467 2099 quoque
2492 2021 2742 2084 alterum
2755 2021 2998 2103 addere,
3017 2023 3177 2102 quod
3203 2021 3272 2085 ad
3304 2022 3579 2086 miraculi

229 2119 450 2191 θαύματος
483 2115 660 2192 λόγον
690 2117 782 2168 τοῦ
814 2107 1064 2189 προτέρου
1094 2106 1434 2180 λειπόμενον,

1960 2113 2224 2173 'ationem
2257 2129 2375 2172 non
2406 2119 2496 2172 est
2526 2111 2712 2191 priori
2741 2111 3010 2174 inferius.
3559 2137 3564 2145 ·

283 2189 364 2268 ε’,
415 2189 595 2281 Ἀνήρ
653 2223 734 2266 τις
789 2199 842 2256 ἐν
901 2196 1198 2268 Βοζαντίοις
1254 2195 1516 2268 ὶπίσημος
1585 2189 1746 2281 ὑδέρῳ
1797 2210 1853 2281 τε

2007 2199 2070 2256 ν.
2093 2200 2193 2256 Vir
2214 2199 2448 2270 quidam
2468 2189 2619 2257 inter
2648 2201 2988 2271 Byzantinos
3011 2200 3583 2273 insignis,laborabat

210 2297 407 2375 εἴχετο,
443 2295 540 2350 καὶ
567 2278 778 2354 -δεινὼς
824 2289 884 2345 τὸ
931 2293 1086 2361 σῶμα
1131 2284 1426 2365 πειρύσητο.
1484 2285 1657 2337 Πάντα
1685 2278 1740 2336 δὲ
1789 2279 1856 2334 τὰ

1960 2291 2221 2372 tydrope,
2257 2295 2316 2352 et
2345 2288 2401 2350 ei
2451 2296 2580 2350 erat
2608 2306 2824 2369 corpus
2852 2289 3020 2351 valde
3052 2290 3319 2352 inﬂatum
3360 2311 3373 2353 :
3411 2309 3580 2370 quae-

209 2369 465 2462 προσόντα
517 2384 595 2444 εἰς
627 2383 822 2458 ἰατρῶν
878 2377 1177 2438 ἒκκενώσας
1222 2387 1439 2451 χεῖρας,
1474 2371 1704 2432 ἐκείνους
1758 2369 1857 2442 μὲν

1960 2369 2176 2457 ευηῳιθ
2192 2385 2386 2441 autem
2412 2377 2685 2452 habebat,
2713 2378 3025 2440 effundens
3053 2379 3114 2440 in
3149 2396 3356 2440 manus
3387 2369 3581 2440 medi-

206 2458 379 2540 ὤνησε
432 2471 724 2550 ἀποφήνας
781 2464 1190 2544 εὔπορωτέρους,
1249 2463 1436 2518 ἑαυτὸν
1488 2458 1543 2515 δὲ
1601 2459 1731 2537 πρὸς
1790 2462 1860 2532 τῇ

209 2564 350 2641 ὑγεία
401 2563 493 2618 καὶ
526 2547 630 2627 την
681 2557 859 2614 οὐσίαν
887 2552 1243 2615 άπῶαλέσθαι
1299 2551 1617 2616 πεποίηκεν.
1672 2547 1857 2613 Οὗτος,

211 2635 309 2708 τῶν
367 2654 468 2725 μὲν
527 2649 820 2725 ἀπογνοὺς,
851 2645 952 2710 τὴν
995 2640 1048 2699 δὲ
1100 2641 1362 2718 σωτηρίαν
1405 2639 1500 2705 τῆς
1559 2635 1757 2725 ἄνωθέν
1804 2655 1860 2690 τε

427 2740 524 2796 καὶ
555 2723 663 2803 τῆς.
701 2741 793 2791 τοῦ
839 2730 1076 2809 μεγάλου
1104 2727 1410 2808 ἀπαρτήσας
1468 2726 1663 2804 εὐχῆς,
1697 2723 1860 2814 ἔρχε-

221 2853 294 2886 ται
346 2825 478 2906 παρ’
534 2827 718 2898 αὖτὸν,
747 2823 836 2880 καὶ
883 2819 1106 2878 δείκνυσι
1162 2824 1256 2876 τοῦ
1307 2817 1498 2879 πάθους
1526 2815 1625 2881 τὴν
1682 2813 1858 2892 χαλε-

215 2901 446 2990 πότητα,
510 2916 618 2982 τὴν
665 2910 958 2992 δριμύτητά
1015 2929 1072 2964 τε
1121 2913 1228 2964 τῶν
1285 2905 1479 2962 ὀδυνῶν
1531 2901 1860 2980 ἐξαγγέλλει.

220 3001 274 3066 Ὀ
319 3005 402 3079 δὲ,
453 2991 705 3082 πρᾶγμα
731 3001 915 3058 καινὸν
964 2997 1086 3054 ἰδὼν
1140 2997 1228 3054 καὶ
1282 2995 1507 3072 οἰκτρὸν,
1544 2991 1708 3068 δέρμα
1766 2991 1862 3082 μέν

1942 2488 2171 2543 corum,
2205 2468 2339 2529 illos
2368 2467 2608 2548 quidem
2631 2467 2805 2546 juvit,
2828 2467 3529 2547 reddenslocupletiores
3561 2490 3578 2549 ;

1945 2578 2010 2621 se
2039 2565 2232 2620 autem
2293 2564 2508 2637 praeter
2537 2555 2870 2632 sanitatem,
2907 2556 3153 2636 privavit
3184 2557 3361 2618 etiam
3396 2555 3584 2619 facul-

1946 2647 2182 2710 tatibus.
2215 2647 2269 2706 ls
2298 2645 2374 2707 de
2403 2645 2521 2706 illis
2550 2645 2789 2726 quidem
2813 2662 2917 2726 spe
2949 2645 3200 2724 abjecta,
3236 2645 3295 2705 in
3321 2663 3582 2725 superno

1948 2755 2090 2801 vero
2118 2736 2358 2812 auxilio,
2386 2743 2444 2798 et
2470 2734 2668 2814 magni
2694 2735 2921 2816 Patapii
2954 2733 3233 2815 precibus
3261 2751 3428 2814 spem
3460 2751 3584 2795 sua;

1944 2827 2150 2890 salutis
2179 2826 2502 2899 collocans,
2531 2830 2702 2887 venit
2730 2823 2804 2885 ad
2833 2842 2996 2901 eum,
3021 2832 3078 2887 et
3105 2822 3299 2884 morbi
3326 2822 3588 2885 ostendit

1945 2919 2308 2996 gravitatem,
2336 2924 2396 2976 et
2426 2914 2698 2976 dolorum
2732 2913 3000 2975 enuntiat
3042 2911 3446 2975 acerbitatem.
3482 2911 3588 2973 Ille

1947 3015 2142 3070 autem
2173 3022 2299 3067 rem
2334 3020 2540 3066 novam
2574 3002 2781 3064 videns
2819 3010 2878 3063 et
2909 3001 3336 3079 miserabilem,
3369 3001 3586 3082 pellem

220 3077 395 3152 éstvo
468 3077 748 3166 δίῳδηκὼς
802 3091 865 3145 ὃν
933 3090 1020 3144 καὶ
1075 3087 1244 3164 φύσης
1302 3083 1603 3155 ὕπόπλεων,
1653 3085 1742 3136 τὸν
1811 3077 1864 3135 δὲ

1960 3096 2191 3178 quidem
2251 3093 2410 3154 illam
2459 3092 2718 3154 inﬂatam
2768 3098 2826 3151 et
2857 3094 3263 3182 tumefaclam,
3289 3077 3584 3182 tumorem

221 3185 376 3264 ὄγκον
429 3183 614 3240 διόλου
673 3177 1025 3258 διαδραμόντα
1074 3181 1167 3231 τοῦ
1213 3174 1482 3265 σώματος,
1516 3171 1791 3265 ἔμψυχον.
1819 3166 1873 3224 δέ

1960 3166 2225 3265 vero,qui
2254 3192 2440 3245 totum
2473 3198 2690 3260 corpus
2719 3188 3076 3261 pervaserat,
3093 3190 3155 3243 et
3184 3166 3363 3243 veluti
3396 3179 3592 3262 quod-

224 3255 338 3332 τίνα
393 3275 565 3352 τάφον
623 3255 802 3347 ὥσπερ
857 3269 949 3324 τὸν
1012 3264 1304 3342 ἄνθρωπον,
1359 3261 1548 3318 οἶκτον
1617 3255 1874 3333 λαμϐάνει

225 3367 321 3433 τῆς
393 3348 695 3439 συμφορᾶς.
777 3357 874 3415 Καὶ
941 3357 1081 3432 τρισί
1173 3353 1392 3439 τούτοιςᾷ
1451 3349 1656 3428 χγῆται
1746 3348 1873 3439 πρδς

226 3437 535 3530 θεραπείαν,
596 3449 758 3527 εὐχῇ,
816 3446 910 3502 καί
969 3447 1197 3520 σταυρῷ,
1229 3444 1318 3497 καὶ
1375 3437 1610 3517 δάκρυτι·
1668 3444 1736 3510 τῇ
1783 3437 1878 3512 μὲν

230 3526 299 3606 (δέ
350 3540 757 3623 φαρμάοιῳ,τῷ
794 3534 849 3591 δὲ
897 3535 970 3596 ὡς
1023 3533 1251 3610 ὀργάνῷ,
1283 3533 1355 3623 ᾧΔ
1374 3530 1462 3585 καὶ
1513 3529 1579 3584 τὰ
1620 3529 1737 3606 περὶ
1779 3526 1876 3592 τὴν

232 3617 462 3709 γαστέρα
539 3629 713 3686 πάντα
785 3623 1078 3704 σφραγίζει,
1146 3633 1263 3685 τοῖς
1333 3617 1389 3675 δὲ
1455 3620 1530 3681 ὼς
1593 3618 1878 3709 χρίσμασι.

236 3705 410 3778 ’Ῡαῦτα
471 3719 575 3796 γὰρ
633 3715 794 3789 ἐλαίῳ
849 3711 1130 3788 συμμίξας,
1191 3711 1252 3766 τὸ
1324 3714 1479 3780 σῶμα
1536 3705 1880 3796 κατέχρισεν,

243 3813 361 3867 εἶτα
419 3793 512 3865 uati
550 3793 628 3862 *τὸ
705 3805 1029 3861 Δισποτικὸν
1083 3800 1282 3873 ἐπᾴσας
1357 3797 1498 3869 αύτῷ
1555 3793 1744 3870 ὄνομα,
1798 3796 1885 3851 καὶ

245 3899 424 3956 εἰπών·
487 3896 695 3963 Ἰησοῦς
764 3893 1010 3972 Χριστὸς,
1068 3891 1097 3945 6
1156 3890 1240 3945 καὶ
1312 3887 1430 3964 πρὶν
1486 3891 1561 3960 τῷ
1615 3883 1882 3962 ὑδεριῶντι

245 3990 340 4054 τὴν
397 3987 548 4043 ἴασιν
617 3980 1053 4061 παρασχόμενος,
1115 3978 1268 4041 αὐτὸς
1323 3975 1411 4031 καὶ
1465 3973 1524 4029 σὲ
1583 3980 1670 4029 νῦν
1717 3975 1882 4052 ἰᾶται,

250 4079 334 4133 καὶ
390 4075 489 4142 τῆς
561 4059 842 4142 πιεζούσης
913 4067 1181 4145 ἐλευθεροῖ
1237 4066 1514 4142 μάστιγος.
1589 4065 1751 4120 Τοῦτο
1819 4059 1885 4128 δὴ

247 4167 480 4227 εἰπόντος
536 4166 719 4239 αὐτοῦ,
751 4157 1045 4238 παραυτίκα
1100 4154 1276 4230 οἱμὲν
1332 4151 1514 4226 δεσμοὶ
1555 4157 1661 4207 τῶν
1717 4151 1886 4229 ὑγρῶν

253 4255 345 4322 τῆς
421 4251 629 4314 κοιλίας
699 4238 1000 4328 έμφράξεων
1071 4243 1354 4317 διελύοντο,
1429 4243 1476 4298 οἱ
1545 4238 1606 4328 δὲ,
1673 4241 1884 4319 φυτικοί

255 4344 403 4421 πόροι
461 4347 567 4398 πᾶν
625 4338 749 4395 ὅσον
785 4327 956 4415 γῦγρόν
1009 4355 1067 4390 τε
1111 4334 1196 4391 καὶ
1252 4328 1524 4411 ἷχωρῶδες
1569 4327 1888 4421 ἐξέπεμπον,

1955 3276 2093 3337 dam
2143 3273 2483 3353 sepulcrum
2533 3269 2881 3344 animatum,
2933 3270 3278 3332 calamitatis
3327 3276 3596 3331 movetur

1962 3361 2392 3436 misericordia,
2425 3367 2482 3423 et
2536 3360 2628 3420 his
2673 3357 2863 3422 tribus
2898 3359 3081 3420 utitur
3117 3360 3192 3421 ad
3245 3361 3372 3439 ejus
3424 3359 3594 3419 cura—

1962 3455 2207 3528 tionem,
2241 3469 2460 3531 nempe
2507 3449 2773 3510 oratione
2821 3457 2878 3511 et
2917 3466 3118 3528 cruce,
3166 3456 3224 3508 et
3271 3447 3596 3526 lacrymis;

1961 3543 2226 3605 oratione
2274 3540 2540 3620 quidem,
2583 3545 2856 3617 tanquam
2909 3537 3387 3599 medicamento:
3421 3553 3599 3596 cruce

1961 3642 2159 3694 autem
2211 3639 2490 3709 tauquam
2536 3626 2955 3699 instrumento,
3012 3645 3126 3706 qua
3181 3625 3357 3686 etiam
3407 3624 3600 3701 signat

1965 3723 2164 3784 omnia
2184 3719 2343 3780 circa
2365 3725 2633 3778 ventrem
2660 3732 2676 3791 ;
2711 3713 2982 3795 lacrymis
3015 3722 3458 3793 vero,tanquam
3485 3729 3602 3772 un-

1967 3810 2222 3893 guentis.
2253 3807 2366 3868 Eas
2397 3823 2532 3866 cum
2574 3803 3050 3893 commiscuisset
3079 3803 3238 3893 oleo_,
3274 3801 3437 3893 unsit
3465 3816 3605 3861 cor—

1973 3890 2108 3983 pus.
2131 3896 2364 3963 Deinde
2378 3894 2553 3957 etiam
2582 3893 2638 3954 ei
2655 3910 2874 3983 nomen
2899 3890 3602 3983 occinensgDominicum,

1973 3977 2031 4055 et
2060 3991 2303 4052 dicens:
2336 3983 2512 4048 Iesus
2540 3981 2832 4057 Christus,
2868 3981 2970 4062 qui
3001 3983 3078 4056 ei,
3111 3981 3211 4063 qui
3246 3979 3408 4061 prius
3436 3977 3610 4040 labo-

1971 4081 2142 4144 rabat
2188 4077 2474 4157 hydropa,
2509 4070 2763 4153 praebuit
2806 4077 3137 4146 sanitatem,
3171 4070 3300 4152 ipse
3347 4079 3402 4131 te
3454 4085 3614 4130 nunc

1975 4175 2164 4244 curat,
2199 4177 2260 4227 et
2289 4163 2558 4225 liberata
2588 4160 2780 4240 plaga,
2805 4177 2937 4240 quae
2969 4168 3025 4222 te
3057 4160 3294 4240 premit.
3323 4158 3448 4219 Hoc
3477 4171 3615 4244 cum

1979 4263 2104 4342 ipse
2152 4243 2416 4326 dixisset,
2450 4253 2646 4342 statim
2670 4247 2923 4342 quidem
2971 4247 3163 4310 soluta
3195 4255 3332 4309 sunt
3387 4243 3622 4306 tincula

1981 4336 2357 4412 liumidarum
2378 4337 2601 4402 ventris
2631 4336 3101 4399 obstructionum
3126 4354 3140 4398 :
3176 4342 3402 4397 meatus
3422 4341 3620 4396 autem

257 4417 340 4487 ui
391 4433 428 4498 ἡ
459 4427 603 4486 ’ένδον
669 4433 811 4484 πᾶσα
853 4427 958 4481 τῶν
1019 4423 1345 4501 σπλάγχνων
1403 4419 1672 4493 οἰκονομία
1729 4417 1873 4474 nexui-

1960 4433 2282 4506 naturales
2331 4429 2662 4492 emiserunt
2701 4425 2992 4508 quidquid
3037 4433 3164 4488 erat
3195 4423 3508 4487 humidum
3566 4429 3626 4483 et

258 4523 432 4598 διρτο,
461 4520 550 4576 καὶ
580 4519 610 4574 6
643 4516 911 4594 ἄνθρωπος
942 4513 1082 4591 ῥᾳων
1112 4513 1203 4580 ἦν.

347 4702 444 4776 ς’.
504 4700 688 4778 Τρίτον
719 4698 806 4754 ἐπὶ
855 4696 1059 4759 τούτοις
1104 4697 1132 4751 6
1179 4692 1336 4769 λόγος
1397 4687 1691 4778 διεξελθεῖν
1708 4686 1901 4778 βούλε-

267 4814 372 4859 ται,
429 4793 512 4848 καὶ
551 4776 746 4847 εἰπεῖν
803 4792 991 4862 μεῖζον
1046 4786 1132 4842 καὶ
1189 4783 1408 4838 ἀκοῦσαι
1467 4776 1901 4856 παραδοξότερον.

266 4879 462 4945 ’Δλλος
517 4902 624 4947 τις,
657 4878 755 4945 τὴν
811 4876 908 4951 μὲν
937 4874 1156 4942 ἡλικίαν
1186 4871 1328 4950 νέος,
1359 4867 1536 4930 ἄθλιος
1563 4865 1620 4923 δὲ
1660 4867 1759 4934 την
1800 4871 1906 4942 ψυ-

267 4974 401 5052 χὴν,
432 4970 537 5026 ὑπὸ
585 4967 752 5025 δεινοῦ
802 4964 895 5021 τοῦ
939 4963 1186 5039 δαίμονος
1228 4959 1597 5033 ὶλαυνὸμενος,
1631 4957 1760 5013 ποτὲ
1810 4957 1908 5030 μὲν

264 5035 620 5130 τῗῆνιέσθῆτα
686 5035 1059 5136 περιῤῥηγνὺς,
1115 5053 1310 5131 γυμνὸς
1381 5049 1655 5124 ἀλώμενος
1718 5045 1910 5103 διεδεί-

267 5175 446 5226 κνυτο,
503 5151 636 5207 ποτὲ
686 5145 742 5204 δὲ
781 5148 870 5204 καὶ
930 5146 1063 5202 κατὰ
1118 5147 1372 5220 κρημνῶν
1417 5160 1474 5194 τε
1530 5138 1616 5193 καὶ
1685 5137 1914 5212 βοθύνων

267 5224 580 5321 φρόμενος,
619 5236 811 5294 ἄλλοτε
872 5236 944 5295 τίς
1004 5231 1109 5321 ὅρη,
1159 5233 1249 5321 καί
1303 5228 1526 5321 ἐρημίας
1583 5224 1914 5321 ἀποπλανώ-

267 5313 453 5407 μενος,
488 5313 597 5385 ἔστι
652 5324 708 5382 δὲ
739 5325 828 5381 ὅτε
871 5323 965 5380 καί
997 5319 1112 5378 καθ’
1160 5318 1364 5375 ὑδάτων
1394 5315 1586 5407 ἐιβλίως
1635 5313 1912 5407 βαλλόμε-

265 5405 385 5496 νος,
440 5419 662 5474 θάνατον
731 5415 903 5485 ἑαυτῷ
956 5409 1160 5475 ἠπείλει
1229 5409 1323 5464 τὸν
1379 5405 1680 5462 οἴκτιστον.
1751 5406 1913 5471 Οὗτος

267 5492 378 5567 οὗθ’
411 5509 514 5565 ὑπὸ
549 5510 651 5574 τῆς
709 5504 966 5573 συνήθους
1015 5499 1143 5556 ποτὶ
1188 5499 1276 5554 καί
1337 5492 1610 5569 δαιμονίας
1656 5492 1914 5572 μάστιγος

269 5597 638 5675 ιλαυνόμενος,
672 5592 811 5653 κατὰ
854 5587 1128 5656 θαλάσσης
1185 5586 1337 5663 οἴμοι
1369 5582 1384 5644 l
1418 5584 1504 5647 ’ὣς
1561 5584 1720 5662 εἶχεν
1747 5581 1916 5663 ἂκρα-

508 5719 775 5782 Panos.
815 5715 932 5779 Gn.
978 5709 1184 5776 CXVI.

1983 4529 2283 4596 saniosum
2321 4541 2333 4584 :
2381 4527 2441 4580 et
2471 4524 2717 4599 purgata
2751 4514 2858 4578 fuit
2899 4515 3131 4577 interna
3161 4516 3452 4578 viscerum
3486 4516 3625 4574 uni-

1982 4629 2291 4687 versorum
2322 4613 2644 4686 structura,
2676 4612 2735 4667 et
2765 4605 2944 4667 homo
2975 4604 3290 4677 convaluit.

2064 4710 2170 4771 VI.
2209 4699 2479 4764 Tertium
2519 4695 2640 4756 vult
2670 4694 2762 4755 his
2799 4693 3060 4774 adjicere
3089 4700 3303 4770 oratio,
3337 4691 3495 4776 quod
3543 4697 3635 4753 est

1989 4806 2050 4865 et
2087 4794 2250 4858 dictu
2290 4787 2502 4866 majus,
2539 4791 2597 4845 et
2628 4789 2870 4844 narratu
2917 4781 3351 4844 admirabilius.
3383 4779 3634 4852 Quidam

1992 4888 2146 4950 alius
2196 4886 2365 4943 aetate
2404 4871 2663 4955 juvenis,
2702 4871 2884 4932 miser
2911 4878 3108 4932 autem
3166 4871 3366 4931 animo
3417 4887 3450 4929 a
3483 4883 3636 4955 saevo

1995 4979 2263 5041 dmmone
2319 4953 2592 5044 agitatus,
2645 4959 2962 5039 aliquando
3012 4970 3176 5021 veste
3223 4967 3399 5039 rupta
3445 4953 3639 5044 nudus

1996 5062 2249 5129 errabat:
2285 5041 2604 5136 aliquando
2636 5049 2813 5110 etiam
2846 5066 2912 5136 se
2942 5049 3002 5108 in
3032 5067 3241 5136 aquam
3259 5041 3644 5127 jaciens,sibi

2000 5161 2252 5217 mortem
2291 5135 2623 5206 minabatur
2672 5135 3095 5198 miserabilem.
3132 5135 3239 5197 Hic
3273 5153 3413 5215 ergo
3446 5150 3579 5194 cum
3613 5149 3647 5192 a

2003 5245 2290 5306 consueta
2306 5242 2364 5295 et
2381 5227 2743 5294 daemoniaca
2759 5227 2927 5306 plaga
2953 5225 3270 5308 aliquando
3296 5225 3646 5302 agitaretur,

2001 5333 2065 5396 in
2111 5345 2297 5405 mare,
2335 5321 2482 5405 proh
2515 5315 2722 5379 dolor!
2760 5315 3015 5377 maximo
3049 5316 3274 5396 impetu
3324 5309 3649 5380 ferebatur.

1999 5419 2118 5486 Sed
2173 5417 2331 5478 Deus
2361 5431 2395 5473 a
2440 5407 2675 5489 superis
2727 5405 2860 5485 ejus
2891 5405 3046 5468 sistit
3093 5405 3402 5485 impetum,
3441 5412 3656 5485 praeter

2001 5507 2346 5594 opinionem
2385 5499 2460 5594 ad
2497 5515 2632 5594 eum
2667 5513 2942 5594 magnum
2973 5495 3277 5594 adducens
3322 5489 3655 5593 Patapinm.

2002 5583 2152 5663 Nam
2181 5608 2317 5657 cum
2347 5588 2404 5652 ei
2425 5605 2497 5652 ex
2525 5584 2829 5667 inopinato
2847 5585 3204 5648 occurrisset
3227 5583 3654 5656 daemoniacus,

3189 5704 3261 5770 12
