3992 6134
470 253 586 321 363

1776 245 2061 311 MENSIS
2102 247 2529 311 DECEMBER.

3711 249 3818 316 364

467 389 679 472 incipit
707 386 945 468 quidem
981 383 1649 458 conturbari,etmisere
1675 382 1735 443 in
1767 381 1973 445 orbem
2013 381 2116 472 sal-

2211 390 2314 444 τώς
2373 381 2609 462 ἐφέρετο.
2673 381 2820 438 Ἀλλ’
2880 381 3068 446 ἵστησι
3125 383 3251 445 Θεὸς
3309 382 3496 440 ἄνωθεν
3539 385 3634 444 τὴν
3673 386 3820 464 φορὰν

474 471 621 559 tare,
656 495 924 558 spumam
977 485 1174 536 autem
1207 493 1276 535 ex
1307 492 1411 534 ore
1449 490 1762 552 exspuere,
1801 481 1858 533 et
1914 471 2118 534 oculos

471 575 834 652 pervertere,
871 563 1147 626 dentibus
1179 581 1320 652 vero
1343 560 1620 652 stridere,
1657 569 1714 623 et
1742 561 1814 622 ad
1849 568 2116 622 sanctum

473 650 688 721 minaci
713 665 770 716 et
791 654 1011 716 caedem
1036 651 1284 732 spiranti
1310 651 1527 711 intueri
1555 650 1782 711 obtutu.
1800 653 2114 728 Postquam

470 758 664 810 autem
695 745 903 806 fuisset
933 740 1576 822 prapius,daamonium
1613 757 1782 800 voces
1811 737 2119 800 emittebat

470 833 861 908 miserabiles,
891 833 1098 892 dicens
1125 847 1138 890 :
1175 827 1220 892 Ο
1244 827 1662 890 calamitatem!
1693 827 1840 900 Quid
1867 828 1978 889 hoc
2001 833 2119 888 est?

468 927 566 989 hic
600 939 837 1004 quoque
866 938 1072 980 rursus
1105 935 1190 978 es:
1222 917 1496 997 Patapius
1518 917 1548 976 ‘?
1579 917 1732 989 Quid
1764 923 1962 994 agam?
1991 915 2116 988 Quo

469 1033 566 1076 me
595 1023 818 1075 vertam
853 1017 880 1073 ‘?
910 1009 1162 1070 Ubinam
1195 1007 1482 1086 deinceps
1513 1005 1816 1072 habitabo.
1852 1006 1950 1084 qui
1989 1006 2114 1084 jam

470 1103 726 1166 multum
763 1098 1048 1173 laboravi,
1073 1097 1242 1158 etvix
1279 1096 1471 1157 inveni
1504 1093 1931 1169 habitaculum,
1965 1102 2022 1154 et
2051 1113 2120 1154 ex

468 1211 538 1254 eo
575 1209 684 1272 per
715 1189 826 1250 vim
861 1187 1126 1268 expellor
1154 1185 1182 1238 7
1213 1187 1366 1246 Vere
1423 1182 1709 1246 terribilis
1740 1201 1824 1258 es,
1863 1204 1894 1240 ι)
1941 1183 2116 1272 Naza-

467 1271 638 1354 rene,
673 1295 811 1340 vere
842 1274 1156 1348 terribilis,
1190 1283 1247 1334 et
1277 1273 1500 1353 ubique
1554 1273 1614 1331 in
1648 1290 1856 1333 omnes
1886 1271 2120 1331 obtines

465 1370 810 1451 imperium.
845 1366 971 1438 Quo
1003 1384 1140 1444 ergo
1173 1361 1560 1445 proﬁciscar?
1592 1361 1650 1424 Si
1699 1362 1758 1422 in
1790 1362 2114 1435 desertum,

465 1461 517 1521 si
576 1460 636 1520 in
669 1457 960 1527 civitates,
993 1456 1041 1516 si
1076 1453 1418 1533 ubicunque
1473 1453 1688 1514 dixerit
1716 1451 1958 1531 aliquis,
1993 1452 2119 1530 ipse

467 1549 609 1610 illuc
641 1545 940 1626 pervenis,
977 1545 1100 1604 sola
1129 1543 1323 1604 crucis
1357 1543 1564 1620 figura,
1591 1540 1716 1603 solo
1749 1549 1844 1600 tuo
1879 1540 2120 1600 nomine

467 1655 576 1698 nos
611 1634 937 1715 expellens.
969 1632 1176 1693 Victus
1207 1650 1361 1705 sum,
1399 1639 1712 1710 superatus
1743 1647 1870 1688 sum
1901 1650 1912 1686 :
1945 1646 2122 1706 cogcr

2203 471 2288 528 ἐπὶ
2347 473 2572 545 στόματι
2632 472 2773 542 αὖτῷ
2830 469 3137 546 παραδόξως
3194 473 3282 527 τὸν
3330 471 3498 549 μέγαν
3549 477 3819 538 Πατάπιον,

2203 561 2380 633 Tol-'th
2437 562 2537 638 γὰρ
2609 560 2663 624 ἒξ
2735 557 2995 630 ἀδοκήτου
3067 563 3392 629 συναντήσας
3463 563 3491 617 ὁ
3554 561 3819 642 δαιμονῶν,

2200 649 2426 728 ἄρχεται
2481 650 2578 725 μὲν
2628 651 2996 728 ταράττεσθαι,
3034 651 3120 705 καὶ
3172 647 3306 704 ἄλλα
3352 651 3414 706 τὰ
3466 653 3591 728 πρὸς
3647 651 3820 709 κύκλον

2199 739 2450 797 ἅλλεσθαι
2522 738 2783 819 δυστυχῆ,
2843 741 3006 819 ἀφρὸν
3064 738 3115 794 δὲ
3186 750 3278 798 τοῦ
3348 742 3606 815 στόματος
3666 765 3821 820 παρα-

2199 835 2401 907 πτύειν,
2461 830 2546 884 καὶ
2601 827 2932 908 διαστρέφειν
2990 830 3110 892 τοὺς
3170 828 3494 906 ὀφθαλμοὺς,
3545 832 3724 910 τρίζειν
3772 853 3821 888 τε

2199 919 2318 980 τοὺς
2348 917 2588 992 ὀδόντας,
2625 919 2710 972 καὶ
2768 920 2901 995 πρὸς
2930 919 3018 974 τὸν
3077 917 3222 974 ὅσιον
3252 918 3476 997 ἀφορᾶν,
3509 920 3626 975 οἷον
3678 923 3820 976 ἀπει-

2199 1008 2418 1074 λητικόν
2475 1030 2523 1064 τι
2569 1007 2659 1062 καὶ
2714 1007 2916 1086 φόνιον.
2968 1005 3117 1062 Ἐπεὶ
3160 1005 3214 1062 δὲ
3269 1009 3358 1063 καὶ
3401 1007 3554 1084 ἐγγὺς
3610 1010 3818 1085 γένοιτο,

2204 1097 2410 1164 οἰκτρὰς
2470 1098 2530 1153 τὸ
2610 1093 2881 1170 δαιμόνιον
2935 1095 3079 1174 ἠφίει
3139 1097 3339 1175 φωνὰς,
3403 1096 3593 1176 Οἲμοι,
3643 1095 3818 1174 λέγων,

2203 1190 2299 1251 τῆς
2345 1185 2665 1263 συμφορᾶςῖ
2741 1186 2799 1242 Τί
2854 1194 3062 1259 τούτο;
3126 1184 3387 1242 κάνταῦθα
3441 1185 3598 1242 πάλιν
3657 1188 3821 1242 ﬂat-rai-

2201 1296 2322 1336 πιος
2357 1296 2372 1346 ;
2425 1276 2510 1336 Τίς
2543 1273 2777 1350 γένωμαι
2813 1295 2828 1346 ;
2889 1287 2988 1329 ποτ
3039 1274 3323 1349 τράπωμαι
3360 1293 3376 1350 ;
3437 1277 3558 1332 Τίνα
3588 1283 3673 1334 τοῦ
3713 1275 3822 1333 λοιο

2201 1370 2303 1419 πού
2356 1364 2687 1436 κατοικήσω,
2723 1361 2895 1418 πολλὰ
2944 1363 3130 1437 καμὼν
3182 1361 3284 1429 ἤδη
3341 1367 3432 1420 καὶ
3475 1363 3626 1438 μόλις
3677 1365 3820 1444 εὑρὼν

2203 1454 2528 1530 οἰκητήριον,
2587 1453 2681 1507 καί
2734 1453 2918 1508 τούτου
2977 1459 3063 1508 νῦν
3125 1454 3308 1526 βιαίως
3369 1452 3820 1530 ἀπελαυνόμενοςς

2205 1543 2412 1619 Δεινὸς,
2460 1541 2506 1597 ὦ
2565 1547 2862 1616 Ναζωραϊε,
2925 1540 3010 1614 σὺ,
3045 1537 3211 1602 δεινὸς
3269 1540 3396 1618 ἄρα,
3427 1544 3514 1597 καὶ
3568 1545 3824 1622 πανταχοῦ

2202 1631 2416 1686 πάντων
2487 1630 2717 1708 κρατῶν,
2795 1635 2899 1686 Ποὺ
2967 1631 3136 1685 τοίνυν
3208 1629 3498 1709 ἆφίξομαις
3582 1615 3692 1689 "Av'
3757 1637 3822 1698 εἷς

464 1725 773 1786 recedere.
809 1722 945 1784 Haec
1007 1721 1298 1799 malignus
1351 1719 1706 1797 loquebatur
1755 1718 2022 1798 spiritus,
2057 1728 2112 1777 et

2201 1718 2424 1793 ἔρημον,
2457 1718 2519 1772 ἂν
2579 1721 2650 1782 εἰς
2709 1717 2917 1798 πόλεις,
2979 1718 3040 1773 ἂν
3100 1717 3232 1775 ὅπο.)
3286 1741 3367 1782 τις
3420 1721 3587 1795 εἴποι,
3631 1723 3820 1800 φθάνεις

457 1816 738 1895 juvenem
793 1811 853 1873 in
912 1811 1173 1873 medium
1227 1828 1426 1870 aerem
1459 1806 1790 1870 excutiebat
1838 1807 2110 1868 saltibus.

470 1907 721 1981 Magnus
744 1910 939 1963 autem
966 1900 1064 1961 ille
1086 1898 1192 1962 Dei
1219 1900 1439 1960 athleta
1460 1917 1592 1959 cum
1618 1897 1678 1958 in
1711 1915 1848 1958 aere
1876 1915 2112 1958 crucem

469 1993 786 2054 formasset
812 1989 1020 2068 digito,
1058 1999 1116 2049 et
1148 2007 1283 2050 eum
1317 2007 1386 2049 eo
1422 1988 1622 2061 modo,
1658 2006 1773 2067 quo
1803 1985 2114 2066 Dominus,

468 2083 858 2161 increpasset.
893 2077 1217 2157 Egredere,
1252 2076 1463 2156 inquit,
1496 2076 1803 2136 immunde
1847 2075 2112 2154 spiritus,

470 2169 757 2249 egredere
784 2191 800 2243 ;
833 2166 930 2228 abi
963 2166 1166 2246 procul
1193 2172 1251 2226 ln
1283 2164 1658 2227 solitudines.
1694 2164 1963 2228 Christus
1992 2164 2116 2224 haec

471 2257 579 2321 tibi
610 2275 717 2339 per
745 2275 842 2318 me
875 2255 1166 2337 praecipit,
1201 2255 1375 2334 cujus
1407 2253 1732 2334 potentiam
1781 2253 1869 2314 vel
1903 2253 2118 2314 invitus

468 2366 533 2410 es
563 2347 896 2409 confessus.
933 2343 1070 2406 Haec
1101 2362 1234 2406 cum
1263 2344 1543 2422 jussisset
1585 2342 1888 2422 Patapius,
1922 2341 2122 2404 adole-

467 2448 739 2499 scentem
785 2434 1137 2514 discerpens
1169 2431 1436 2511 spiritus,
1469 2442 1642 2492 terrae
1695 2431 1894 2502 allisit,
1929 2439 1986 2490 et
2015 2449 2120 2510 per

467 2545 536 2589 os
589 2535 863 2604 tanquam
898 2523 1134 2603 quidam
1195 2521 1391 2580 fumus
1421 2520 1562 2580 exiit
1605 2527 1664 2580 et
1696 2519 1919 2596 effugit.
1973 2521 2119 2581 Cum

467 2624 660 2678 autem
691 2614 762 2675 ad
787 2631 852 2674 se
867 2612 1139 2673 rediissel
1161 2607 1969 2687 adolescens,lacrymabatur
1997 2627 2120 2684 pra:

469 2704 739 2785 gaudio:
800 2710 856 2761 et
886 2698 1141 2780 primum
1191 2697 1432 2773 quidem
1487 2695 1634 2776 Deo,
1670 2695 1934 2757 secundo
1984 2714 2119 2758 vero

469 2791 711 2872 Patapio
743 2786 1075 2850 ascribebat
1104 2785 1380 2847 salutem.

2199 1810 2353 1870 αὐτὸς
2424 1807 2626 1879 ἐκεῖσε,
2704 1807 2849 1882 μόνῳ
2919 1809 2994 1881 τῷ
3059 1816 3149 1864 τοῦ
3217 1808 3440 1886 οταυροῦ
3511 1832 3600 1866 σου
3662 1812 3816 1890 τύπῳ,

2201 1898 2346 1970 μόνῳ
2407 1903 2482 1970 τῷ
2537 1905 2614 1968 σῷ
2684 1897 2903 1971 ὀνόματι
2981 1895 3209 1953 ἐλαύνων
3267 1901 3434 1973 ἡμᾶς.
3522 1902 3814 1975 Νενίκημαι,

2197 1988 2458 2060 ἥττημαι,
2517 1988 2823 2064 ὑποχωρεῖν
2882 1985 3183 2062 ἐπείγομαι,
3249 1996 3424 2044 Ταῦτα
3493 1991 3552 2044 τὸ
3606 1993 3818 2067 πονηρὸν

2199 2075 2481 2154 ἐφθέγγετο
2539 2083 2766 2154 πνεῦμα,
2829 2079 2914 2131 καὶ
2973 2078 3062 2130 τὸν
3121 2077 3237 2133 νέον
3309 2080 3440 2155 πρὸς
3497 2078 3622 2156 ἀέρα
3674 2080 3816 2154 μέσον

2199 2178 2317 2227 τοῖς
2371 2165 2601 2240 ἅλμασιν
2657 2163 3001 2228 ἐξετίνασσεν,
3078 2157 3134 2222 Ὀ
3187 2163 3240 2221 δὲ
3314 2167 3481 2244 μέγας
3551 2170 3642 2224 τοῦ
3707 2175 3820 2224 Θεοῦ

2200 2253 2464 2332 ἀριστεὺς,
2523 2269 2584 2309 το
2641 2253 2854 2332 ἄμαχον
2925 2253 3111 2325 ὅπλον,
3163 2256 3255 2310 τὶν
3317 2257 3559 2334 σταυρὸν,
3617 2259 3684 2319 εἰς
3740 2259 3817 2312 τὶν

2201 2341 2328 2413 ἂέρα
2376 2350 2451 2416 τῷ
2500 2341 2742 2415 δακτύλῳ
2790 2340 3146 2422 διατυπώσας,
3181 2346 3270 2400 καὶ
3325 2347 3650 2414 Δεσποτικὴν
3696 2350 3815 2420 αύτῷ

2201 2430 2484 2510 ἐπαγαγὼν
2555 2431 2882 2506 ἐπιτίμησιν,
2956 2431 3212 2508 ’¹ΕΞελθε,
3291 2437 3441 2514 φησὶ,
3498 2437 3556 2491 τὸ
3616 2435 3816 2513 ἀκάθαρ.

2201 2543 2291 2576 τον
2343 2531 2568 2596 πνεῦμα,
2603 2519 2798 2600 ἔξελθε,
2833 2523 2916 2577 καὶ
2959 2529 3163 2601 μακρᾶν
3220 2545 3326 2581 που
3363 2527 3450 2580 καὶ
3499 2526 3567 2590 εἰς
3613 2525 3811 2601 ἐρήμους

2201 2609 2374 2667 ἄπιθι.
2439 2614 2658 2688 Χριστός
2713 2632 2794 2666 σοι
2857 2621 3017 2670 ταῦτα
3079 2611 3419 2689 ἐγκελεύεται
3474 2612 3540 2670 δι’
3581 2613 3716 2692 ἐμοῦ,
3760 2614 3809 2668 οὗ

2203 2700 2263 2755 σὺ
2323 2700 2418 2766 τὴν
2473 2696 2696 2774 δύναμιν
2755 2701 2842 2756 καὶ
2913 2698 3057 2755 ἄκων
3123 2701 3600 2780 καθωμολόγησας,
3660 2709 3806 2758 Ταῦτα

2200 2795 2293 2844 τοῦ
2369 2787 2642 2844 Παταπίου
2709 2788 3080 2864 κελεύσαντος,
3141 2790 3417 2861 σπαράξας
3486 2794 3572 2848 τὸν
3626 2793 3799 2847 νεανία-ι

467 2884 531 2946 τὸ
588 2864 834 2956 πνεῦμα,
891 2884 958 2954 τῇ
1013 2881 1086 2955 γῇ
1143 2874 1496 2956 προσὲῤῥαξε,
1561 2874 1652 2931 καί
1712 2873 1796 2933 διὰ
1839 2883 1929 2933 τοῦ
1991 2879 2257 2955 στόματος
2314 2877 2432 2940 οἰός
2475 2897 2556 2940 τις
2616 2879 2815 2943 καπνὸς
2875 2876 3015 2957 ἐξῄει
3086 2880 3174 2935 καὶ
3230 2877 3598 2960 διεδίδρασκεν,
3643 2864 3696 2936 "0

468 2971 610 3044 νέος,
643 2969 937 3045 ἀνενεγκὼν
984 2971 1070 3022 καὶ
1101 2966 1152 3021 ἐν
1211 2969 1352 3039 αὐτῷ
1410 2964 1719 3040 γενόμενος,
1751 2963 1964 3043 ἐδάκρυὲ
2014 2991 2070 3024 τε
2118 2969 2203 3049 ὑφ’
2257 2965 2478 3047 ἡδονῆς,
2517 2971 2613 3023 καὶ
2671 2972 2787 3040 Θεῷ
2829 2969 2889 3023 τὸ
2947 2974 3183 3048 πρῶτον,
3213 2971 3278 3026 τὸ
3329 2968 3563 3050 δεύτερον
3615 2967 3662 3026 δὲ
3711 2973 3800 3024 Πα-

467 3059 640 3132 ταπίῳ
671 3058 770 3124 τὴν
801 3057 1064 3133 σωτηρίαν
1093 3055 1410 3133 ἐπέγραφεν.

549 3144 676 3210 VII.
710 3144 1066 3208 Sullecerint
1090 3144 1214 3205 haec
1249 3143 1588 3222 quidem,ut
1609 3143 1728 3204 sint
1759 3143 1927 3221 signa
1959 3144 2175 3209 illiusC

471 3236 694 3318 gratim.
726 3242 787 3298 et
835 3234 895 3295 in
929 3237 1109 3294 Deum
1165 3231 1417 3313 fiduciae,
1452 3232 1554 3293 sed
1609 3242 1804 3293 tamen
1838 3251 1971 3293 cum
2024 3234 2114 3296 his

469 3343 652 3388 unum
695 3324 889 3385 adhuc
936 3323 1223 3383 addidero
1257 3324 1396 3401 (non
1460 3329 1548 3382 est
1575 3321 1734 3382 enim
1790 3322 2114 3400 injucunda

468 3412 966 3493 narratio),tinem
982 3410 1279 3492 imponam
1299 3409 1574 3471 orationi.
1613 3409 1821 3473 Mulier
1842 3411 2112 3487 quaedam

463 3503 526 3565 in
557 3520 793 3582 gravem
815 3503 1086 3562 morbum
1121 3500 1432 3561 inciderat.
1454 3499 1708 3562 Affectio
1741 3509 1937 3562 autem
1962 3520 2106 3581 quo-

2281 3146 2358 3209 Z',
2422 3146 2710 3225 Ἀρκοῦντα
2764 3146 2863 3222 μὲν
2922 3148 2984 3201 ἂν
3028 3147 3118 3215 εἲή
3177 3149 3268 3204 καὶ
3315 3155 3477 3205 ταῦτα
3506 3153 3597 3212 τῆς
3636 3148 3808 3204 ἐκείνου

2195 3235 2417 3314 χάριτος
2473 3232 2710 3310 σύμϐολα
2769 3235 3006 3313 γενέσθαι
3055 3237 3142 3293 καὶ
3200 3237 3516 3316 παρρησίας·
3573 3233 3684 3292 ἀλλ’
3732 3241 3808 3291 οὖν

2195 3326 2283 3380 καὶ
2340 3325 2547 3388 τούτοις
2620 3323 2674 3379 ἓν
2747 3325 2821 3381 ἔτι
2889 3327 3150 3404 προσθεὶς,
3229 3328 3328 3384 οὒκ
3399 3326 3555 3406 ἄχαρι
3607 3327 3697 3404 γὰρ
3757 3326 3808 3380 τὸ

2195 3409 2458 3490 διήγημα,
2521 3411 2668 3473 τέλος
2733 3414 2971 3482 ἐπιθήσω
3029 3421 3104 3486 τῷ
3161 3413 3330 3491 λόγῳ,
3395 3418 3523 3483 Γυνή
3571 3436 3643 3476 τις
3687 3413 3808 3484 νόσῳ

2196 3505 2586 3579 περιπεπτὼκει
2645 3501 2811 3580 δεινῇ·
2872 3505 2935 3559 τὸ
3008 3501 3060 3559 δὲ
3132 3505 3301 3562 πάθος
3371 3518 3604 3582 κρεῖττον
3653 3503 3808 3578 ὥσπερ

465 3594 642 3654 modo
701 3600 825 3652 erat
886 3592 1096 3669 major,
1149 3608 1324 3670 quam
1400 3598 1462 3650 ut
1521 3607 1648 3650 eam
1711 3588 1829 3650 ulla
1902 3608 2107 3652 manus

2200 3590 2518 3668 Ξινθρωπίνης
2577 3595 2747 3649 ἰᾶσθαι
2807 3594 3020 3671 χειρὸς,
3077 3591 3215 3648 οὕτω
3274 3596 3364 3650 καὶ
3418 3596 3516 3650 ὑπὸ
3587 3592 3806 3670 γλώττης

463 3682 725 3744 humana
794 3679 1232 3758 meditaretur,
1309 3681 1388 3740 ita
1460 3679 1650 3758 major
1719 3687 1808 3740 est
1876 3678 2050 3740 etiam
2089 3728 2106 3760 ,

465 3859 724 3920 mamilla
780 3857 842 3918 in
899 3875 986 3932 se,
1041 3859 1188 3938 proh
1261 3857 1478 3918 dolor!
1558 3857 1896 3936 producens
1955 3876 2112 3919 mor-

461 3946 629 4025 hum,
687 3963 865 4023 quem
930 3944 1145 4006 medici
1203 3955 1408 4006 vocant
1469 3963 1772 4022 cancrum,
1825 3945 2115 4007 exedeba-

468 4043 564 4094 tur
593 4052 728 4095 cum
779 4033 1006 4111 magnis
1053 4034 1382 4096 doloribus.
1417 4034 1618 4098 Nihilo
1663 4035 1862 4095 secius
1914 4043 2108 4095 autem

460 4124 692 4204 reliqua
739 4141 982 4203 quoque
1040 4124 1305 4186 membra
1359 4123 1648 4204 corporis,
1685 4143 1819 4183 cum
1856 4143 1972 4184 uno
2007 4142 2112 4202 per

462 4229 820 4284 consensum
857 4211 1086 4285 affecta,
1122 4211 1522 4273 tabescebant.
1570 4210 1935 4272 Procedente
1967 4219 2110 4273 tem-

467 4318 634 4382 pore,
671 4308 789 4362 tota
845 4299 1085 4380 quidem
1121 4301 1244 4361 fere
1296 4318 1433 4380 pars
1464 4301 1654 4360 fuerat
1703 4307 2054 4379 consumpta
2094 4321 2108 4370 ;

463 4389 701 4451 dolores
721 4399 917 4450 autem
951 4408 1058 4450 cor
1086 4389 1284 4449 acrius
1315 4387 1701 4465 attingebant,
1723 4396 1786 4447 et
1810 4406 1967 4449 mors
1996 4407 2106 4468 ap-

2189 3679 2452 3758 λέγεσθαι.
2527 3684 2586 3738 Ὀ
2667 3683 2766 3759 γὰρ
2844 3683 3045 3755 μασθὸς
3115 3685 3316 3748 ταύτης
3361 3682 3625 3755 σκώληκα,
3681 3685 3800 3760 cpe)!

462 3789 636 3851 quam
711 3779 774 3831 ut
842 3788 970 3830 eam
1035 3769 1152 3830 ulla
1224 3768 1424 3847 lingua
1483 3768 1663 3828 dicat.
1737 3766 1878 3846 Ejus
1950 3769 2105 3830 enim

2200 3769 2242 3824 iv
2301 3772 2470 3842 ἑαυτῷ
2526 3772 2646 3850 φὺς,

2693 3773 2748 3826 ὃν
2803 3772 2994 3848 ἰατρῶν
3051 3769 3240 3834 παῖδες
3286 3774 3525 3850 καρκίνον
3581 3769 3799 3839 καλοῦσι,

2197 3860 2288 3914 σὺν
2341 3859 2562 3922 πολλαις
2617 3873 2739 3922 ταῖς
2785 3857 3039 3936 ἀλγηδόσι
3103 3857 3527 3937 διεϐιϐρώσκετο.
3572 3857 3718 3917 Οὐδὲν
3756 3854 3800 3910 δὲ

2195 3951 2353 4015 ἧττον
2405 3949 2491 4004 καὶ
2520 3949 2585 4004 τὰ
2628 3947 2788 4004 λοιπὰ
2841 3948 2978 4022 μέλη
3011 3951 3101 4006 τοι]
3132 3949 3438 4023 σκώματος,
3471 3954 3543 4023 τῷ
3575 3949 3642 4004 ἐνὶ
3683 3969 3798 4018 συμ-

2195 4038 2498 4116 πάσχοντα,
2558 4037 2901 4104 κατετήκετο.
2974 4037 3166 4116 Χρόνος
3239 4042 3462 4120 συχνὸς,
3506 4040 3590 4094 καὶ
3632 4033 3800 4115 σχεδὸν

2192 4128 2254 4181 τὸ
2288 4126 2384 4200 μὲν
2414 4129 2598 4204 μόριον
2651 4127 2791 4182 ἅπαν
2819 4124 3082 4193 ἠνάλωτο.
3117 4129 3170 4182 αἱ
3215 4127 3270 4183 δὲ
3306 4128 3587 4206 ἀλγηδόνες
3636 4123 3798 4202 δριμύ-

2192 4236 2339 4289 τερον
2386 4215 2479 4282 τῆς
2534 4214 2743 4286 καρδίας
2799 4217 3158 4285 καθήπτοντο·
3214 4232 3338 4280 ταῖς
3398 4215 3451 4272 δὲ
3493 4215 3679 4274 ὀδύναις
3726 4216 3800 4269 καὶ

2193 4305 2220 4358 ὁ
2261 4305 2480 4365 Θάνατος
2508 4305 2696 4382 γείτων
2729 4305 2817 4373 ἦν,
2881 4307 2940 4362 Οἱ
2996 4304 3050 4360 δὲ
3088 4309 3236 4384 σοφοὶ
3298 4307 3391 4374 τὴν
3445 4304 3690 4382 ἰατρικὴν,
3719 4321 3798 4354 σο·

2191 4399 2452 4469 φιστικῶς
2522 4395 2582 4450 τὸ
2642 4393 2853 4470 γύναιον
2925 4396 3336 4476 μετερχόμενοι,
3395 4395 3534 4451 αὐτοί
3597 4412 3650 4448 τε
3713 4387 3798 4452 τῆο

465 4477 919 4568 propinquabat.
971 4476 1150 4568 Periti
1184 4494 1320 4538 vero
1356 4476 1691 4568 medicina),
1729 4477 1942 4538 callide
1989 4488 2102 4538 tra-

2200 4483 2388 4562 οὐσίαν,
2423 4482 2516 4538 καὶ
2566 4485 2593 4539 ὁ
2645 4480 2855 4548 σκώληξ
2914 4481 3058 4538 ούδὲν
3090 4485 3251 4549 ἧττον
3309 4487 3396 4541 τὸν
3425 4485 3612 4557 μασθὸν
3658 4477 3796 4535 κατέ-

461 4573 688 4628 ctantes
717 4565 1146 4639 mulierculam,
1170 4574 1229 4627 et
1259 4567 1369 4646 ipsi
1400 4564 1736 4640 facultates,
1765 4575 1823 4628 et
1866 4565 2107 4627 morbus

2200 4593 2387 4648 κειρον,
2441 4570 2608 4649 Αὕτη,
2652 4575 2752 4638 τῆς
2799 4578 2890 4628 τοῦ
2939 4572 3173 4651 μεγάλου
3228 4575 3414 4652 φήμης
3471 4571 3550 4628 διὰ
3607 4568 3794 4625 πάντων

464 4653 651 4717 nihilo
682 4654 876 4715 secius
907 4653 1252 4716 attondebat
1283 4655 1625 4715 mamillam.
1663 4653 1766 4727 Ea,
1802 4673 1934 4716 cum
1973 4674 2104 4716 ma-

2200 4661 2478 4738 ριιτώσης,
2515 4661 2768 4738 φρόνιμόν
2820 4682 2869 4714 τι
2922 4661 3010 4716 ναὶ
3067 4659 3337 4724 λυσιτελὲς
3394 4668 3626 4733 ποιουσα,
3682 4655 3795 4732 πρὸς

461 4744 561 4823 gni
616 4743 836 4823 Patapii
885 4743 1036 4804 fama
1073 4747 1134 4803 in
1191 4762 1432 4806 omnem
1478 4745 1676 4806 locum
1728 4744 2102 4825 pervaderet,

2189 4750 2344 4807 αὐτὸν
2399 4750 2763 4826 παραγίνεται,
2795 4750 2882 4805 καὶ
2934 4756 3000 4824 τῇ
3043 4755 3113 4828 γῇ
3170 4751 3515 4828 προσαράττει
3571 4749 3661 4813 τὴν
3713 4762 3793 4797 κε-

462 4833 792 4916 prudenter
847 4841 906 4894 et
932 4833 1160 4894 utiliter
1189 4832 1434 4908 faciens,
1469 4837 1541 4895 ad
1577 4853 1713 4894 eum
1763 4833 2016 4909 accedit,
2051 4843 2109 4895 et

2200 4839 2382 4916 ραλὴν,
2425 4839 2655 4915 γονάτων
2707 4859 2762 4893 τε
2814 4837 3060 4912 ἅπτεται,
3095 4841 3182 4895 καὶ
3229 4840 3431 4916 οἰκτρόν
3479 4860 3526 4893 τι
3559 4836 3639 4890 καὶ
3688 4851 3793 4906 γοε-

461 4933 634 4986 ιενηε
663 4931 840 5002 caput
867 4921 1083 5002 allidit,
1117 4930 1175 4983 et
1205 4923 1393 5001 tangit
1449 4925 1581 5004 ejus
1609 4942 1822 5002 genua,
1856 4932 1912 4984 et
1956 4925 2108 4984 flens

2200 4929 2277 4984 adv
2337 4927 2729 4998 ἀνακλαύσασα,
2759 4926 2969 5003 "luat,
3003 4926 3150 4987 δοῦλε
3206 4936 3298 4987 τοῦ
3341 4935 3487 5003 Θεοῦ,
3523 4926 3660 4981 ἴασαι
3709 4921 3793 4986 τὴν

459 5011 898 5088 miserabiliter,
937 5010 1108 5085 Cura,
1139 5029 1312 5074 serve
1337 5013 1466 5087 Dei,
1502 5031 1644 5074 cura
1675 5031 1769 5073 me
1801 5013 2106 5092 miseram,

2200 5015 2390 5089 ἱθλίαν,
2439 5015 2558 5095 ἐμὲ,
2591 5023 2790 5095 γοερῶς
2844 5015 3078 5096 ἔκραζεν,
3115 5019 3180 5084 ἦς
3225 5021 3309 5075 καὶ
3365 5019 3464 5092 πρὸ
3515 5022 3600 5071 τοῦ
3651 5012 3794 5088 τάφου

457 5101 755 5164 clamabat
804 5100 1268 5163 lamentabiliter
1301 5123 1312 5164 :
1352 5103 1521 5181 cujus
1565 5110 1704 5163 ante
1735 5101 2102 5182 sepulturam

2200 5105 2401 5172 τκώληξ
2458 5107 2518 5162 τὸ
2567 5111 2722 5180 σῶμα
2771 5108 3192 5182 κατενεμήσατο,
3223 5109 3309 5164 καὶ
3366 5105 3532 5164 ὀδύναι
3584 5098 3790 5178 κατέφα-

461 5191 684 5253 vermis
713 5208 932 5270 corpus
962 5190 1218 5270 depavit,
1255 5200 1312 5251 et
1343 5191 1582 5254 dolores
1628 5198 2012 5262 excellerunt.
2047 5206 2106 5257 et

2200 5219 2306 5274 ρον,
2342 5197 2428 5251 καὶ
2483 5199 2573 5251 τὸν
2622 5197 2844 5274 φευκτὸν
2899 5203 3027 5253 πᾶσι
3075 5196 3296 5254 θείνατον
3337 5195 3644 5269 ἐπιθυμητὸν
3689 5187 3790 5249 ἐμοὶ

455 5287 708 5342 mortem
762 5277 1039 5340 omnibus
1097 5279 1434 5358 fugiendam
1507 5280 1652 5341 mihi
1711 5280 2102 5342 reddiderunt

2200 5285 2602 5354 ιατεστησαντο.
2663 5275 2720 5340 '0
2751 5281 2831 5364 δὲ,
2861 5286 2948 5341 καὶ
2998 5288 3098 5363 πρὸ
3147 5289 3238 5342 τοῦ
3267 5287 3508 5359 σώματος
3549 5277 3786 5356 ἐμϐλέψας

455 5367 796 5449 optabilem.
829 5365 934 5429 Ille
949 5377 1144 5455 autem
1170 5386 1302 5428 cum
1331 5380 1470 5430 ante
1497 5389 1716 5449 corpus
1741 5371 1903 5450 prius
1933 5389 2099 5449 aspc-

2200 5376 2255 5438 ;ἰς
2306 5376 2401 5441 τὴν
2443 5375 2650 5453 ψυχὴν,
2691 5375 2746 5430 Εἰ
2789 5375 3039 5448 καθαρὰν,
3094 5380 3246 5455 φησὶ,
3291 5377 3385 5442 τὴν
3442 5372 3607 5430 πίστιν
3635 5384 3782 5455 προεξ-

450 5456 721 5520 xissetad
735 5453 1930 5537 animam:Sipuram,inquit,olierstidem
1948 5462 2093 5537 Deo,

2200 5464 2349 5542 ρέρεις
2407 5471 2484 5538 τῷ
2513 5451 2675 5520 ταῦτα
2726 5461 2995 5538 δυναμένῳ
3055 5451 3190 5539 Θεῷ,
3231 5451 3316 5522 καὶ
3357 5461 3516 5539 μηδὲν
3570 5451 3781 5542 ἐπιδοιᾷ-

451 5547 552 5635 qui
577 5547 702 5612 haec
725 5553 1005 5628 potest,et
1025 5545 1172 5608 nihil
1197 5543 1433 5608 dubitas
1454 5547 1528 5609 de
1548 5547 2092 5624 curatione,conse—

2200 5562 2278 5618 ἐις
2337 5555 2451 5634 περὶ
2509 5553 2609 5621 τὴν
2647 5550 2816 5630 ἴασιν,
2877 5552 3164 5612 ἀκόλουθον
3221 5561 3290 5633 τῇ
3348 5553 3510 5611 πίστει
3565 5547 3642 5604 καὶ
3697 5541 3779 5608 τῆς
