3992 6134
168 253 269 320 365

1577 271 1759 335 VITA
1804 272 1864 335 s.
1909 255 2244 334 PATAPII.

3485 285 3601 351 366

185 395 430 465 uitiae»:
492 398 713 473 ’ἐψεταί
779 427 877 462 σοι
935 406 994 461 τὸ
1047 403 1231 483 πέρας.
1288 403 1549 465 ’Ἤκουσεν
1607 410 1641 475 ἡ
1707 408 1865 487 γυνή,

1962 425 2141 486 quens
2172 406 2310 469 ﬁdei
2367 414 2653 488 sequetur
2698 410 2890 473 exitus
2941 418 3056 474 tuae
3112 416 3437 494 petitionis.
3471 421 3593 483 Au-

197 487 271 545 καὶ
315 487 505 564 βύθιόν
561 512 619 546 τι
690 493 1007 558 στενάξασα
1063 496 1146 550 καὶ
1218 496 1523 575 περιπαθὲς,
1601 498 1858 570 Πιστεύω,

212 580 375 659 Rupta,
403 577 546 657 μέγα
605 579 946 661 ἂνὲκραγεν,
997 587 1043 656 ᾦ
1094 581 1265 640 πάντα
1323 583 1456 651 δῆλα
1506 588 1590 643 καὶ
1642 589 1858 666 φανερά,

220 670 382 728 ἰιισαὶ
422 693 527 745 μου
572 672 640 727 τί)
697 674 1034 751 σύντριμμα,
1092 675 1151 729 τὸ
1210 673 1507 739 πολυπαθὲς
1552 684 1705 734 τοῦτο
1759 698 1863 732 κα-

227 763 303 817 κὸν
359 761 527 818 ἴασαι.
588 759 664 819 Οὔ
697 760 850 840 φέρω
903 763 996 825 τὰς
1053 762 1370 841 ἀλγηδόνας,
1431 769 1593 832 αὐτῆς
1634 789 1734 840 μου
1762 770 1861 832 τῆς

227 848 419 927 καρδίας
490 847 875 924 διικνουμένας
946 851 1041 907 καὶ
1109 852 1393 916 ὠδινούσας
1465 857 1555 910 τὸν
1616 855 1859 917 θάνατον,

229 939 389 1002 Οὕτως
456 939 628 1006 αὗτὴν
698 941 820 996 λίαν
890 939 1154 1017 περιαλγῆ
1225 942 1515 1019 γενομένην
1588 944 1857 1020 ἑωρακὼς,

230 1029 571 1085 ὑποδεικνύειν
633 1029 779 1101 αὖτῳ
836 1035 930 1088 τοῦ
988 1034 1179 1095 πάθους
1236 1034 1331 1088 τὸν
1399 1033 1561 1087 τόπον
1630 1030 1860 1104 ἐκέλευε,

230 1120 305 1173 καὶ
356 1116 422 1184 δὴ
474 1123 556 1189 τῷ
611 1119 874 1194 τραύματι
932 1117 1031 1185 τὴν
1088 1134 1253 1198 χεῖρα
1300 1122 1692 1199 προσενεγκὼν,
1745 1122 1867 1177 εἶτα

232 1208 410 1280 καὶτῷ
436 1212 657 1285 στατρῷ
685 1207 1003 1285 σφραγίσας,
1061 1204 1125 1262 Ὦ
1177 1209 1351 1287 γύναι,
1413 1212 1562 1290 φησὶ,
1626 1210 1865 1290 χαλεπὸν

232 1294 344 1352 οἶδα
370 1298 432 1352 τὸ
460 1298 660 1370 πάθος,
688 1295 933 1375 χαλεπὸν
963 1298 1049 1353 καὶ
1079 1296 1339 1360 δυσίατον,
1369 1300 1516 1367 Πλὴν
1544 1298 1679 1355 ἀλλὰ
1709 1301 1803 1356 καί
1832 1301 1865 1367 ἡ

231 1387 390 1447 πίστις
422 1388 487 1442 τὸ
519 1387 690 1447 πάθος
722 1392 864 1465 νικᾷ,
896 1388 983 1443 καὶ
1038 1388 1073 1454 ἡ
1122 1386 1269 1451 ἐλπὶς
1322 1395 1609 1467 καρποῦται
1641 1389 1738 1455 τὴν
1770 1388 1863 1444 i1-

233 1498 328 1534 σιν.
364 1473 605 1531 νΑπελθε
636 1474 726 1531 οὖν
758 1476 844 1530 σὺν
872 1476 1081 1552 εἰρήνῃ,
1124 1476 1363 1554 ὕγίασταί
1391 1499 1482 1533 σου
1526 1479 1585 1533 τὸ
1636 1484 1864 1557 τραῦμα,

223 1566 299 1620 καῖ
356 1567 391 1632 ἡ
454 1561 622 1630 ὀδύνη
680 1564 1018 1638 κεκοίμηται.
1079 1564 1232 1639 ’Ἅμα
1273 1564 1420 1622 ταῦτ’
1473 1566 1645 1644 ἔλεγε,
1679 1569 1771 1624 καὶ
1803 1573 1868 1642 τῇ

222 1658 425 1732 γυναικὶ
463 1654 526 1708 τὸ
554 1652 724 1717 πάθος
754 1653 1000 1727 ἐπαύετο,
1032 1656 1117 1711 καὶ
1142 1656 1168 1710 ὁ
1199 1658 1398 1729 μασθὸς
1456 1655 1578 1720 ὅλος
1610 1654 1866 1712 ἐδείκνυτο

1945 496 2089 557 divit
2117 497 2357 577 mulier,
2393 504 2451 559 et
2481 516 2617 560 cum
2651 517 2722 561 ex
2777 498 2897 560 imo
2950 501 3370 567 miserabiliter
3417 507 3595 584 inge-

1948 585 2196 647 muisset
2226 606 2240 646 :
2271 586 2486 663 Credo,
2514 588 2787 664 Domine,
2816 606 3027 666 magna
3047 609 3190 653 voce
3210 593 3593 676 exclamavit,

1946 677 2037 735 cui
2069 682 2206 735 sunt
2235 676 2436 738 omnia
2464 683 2669 756 aperta
2694 684 2753 738 et
2784 678 3120 761 manifesta,
3154 682 3400 745 medere
3430 685 3597 762 gravi

1948 780 2094 825 meae
2107 766 2627 854 aerumnaemredo,
2648 765 2933 854 Domine:
2964 769 3102 830 huic
3127 770 3279 831 malo
3306 772 3591 854 medere;

1947 870 2063 912 non
2097 852 2221 913 fero
2255 853 2515 929 dolores,
2575 853 2676 936 qui
2732 873 2837 916 cor
2894 875 3091 918 meum
3154 870 3500 937 penetrant,
3536 852 3596 923 et

1949 950 2199 1001 mortem
2234 943 2584 1022 parturiunt.
2620 943 2766 1005 Cum
2800 962 2931 1007 eam
2962 944 3210 1008 vidisset
3237 950 3386 1012 adeo
3444 968 3597 1013 cru~

1949 1029 2182 1105 ciatam,
2208 1030 2379 1109 jubet
2422 1048 2550 1091 eam
2583 1031 2639 1091 ei
2668 1032 2987 1094 ostendere
3018 1035 3215 1095 locum
3250 1037 3446 1098 morbi
3481 1059 3497 1118 ;
3534 1047 3594 1099 et

1951 1136 2084 1178 cum
2119 1136 2356 1179 manum
2400 1118 2760 1180 admovisset
2807 1121 3061 1201 vulneri,
3119 1130 3175 1182 et
3224 1141 3357 1185 eam
3414 1144 3596 1189 cruce

1951 1211 2276 1284 signasset:
2312 1205 2358 1269 Ο
2393 1208 2630 1282 mulier,
2660 1207 2876 1286 inquit,
2906 1211 3031 1271 scio
3091 1211 3369 1274 morbum
3428 1222 3592 1277 tuum

1952 1312 2080 1356 esse
2112 1313 2380 1373 gravem,
2416 1305 2475 1358 et
2503 1306 2711 1358 curatu
2759 1298 3057 1360 difﬁcilem
3087 1320 3101 1362 :
3129 1309 3405 1363 caeterum
3439 1303 3592 1365 ﬁdes

1954 1384 2131 1446 vincit
2159 1385 2563 1460 affectionem,
2624 1395 2684 1448 et
2727 1405 2867 1467 spes
2917 1387 3171 1468 percipit
3199 1391 3590 1455 curationem.

1953 1472 2070 1535 Abi
2102 1491 2239 1552 ergo
2272 1474 2332 1534 in
2367 1491 2562 1553 pace;
2618 1482 2886 1537 sanatum
2940 1482 3029 1536 est
3075 1476 3240 1538 ulcus
3295 1487 3482 1554 tuum,
3536 1487 3595 1541 et

1951 1562 2177 1641 sopitus
2207 1571 2297 1623 est
2333 1562 2524 1624 dolor.
2562 1561 2751 1624 Simul
2783 1571 2962 1644 atque
2993 1564 3119 1626 haec
3161 1565 3330 1641 dixit,
3366 1575 3424 1627 et
3459 1586 3596 1628 mu--

1953 1650 2086 1710 lieri
2113 1651 2362 1713 cessavit
2390 1652 2645 1727 affectio,
2692 1659 2750 1713 et
2803 1651 3066 1714 mamilla
3115 1654 3301 1716 evasit
3350 1655 3595 1718 omnino

221 1743 383 1821 ὓγιής-
417 1742 696 1808 Τοιαύτης
726 1742 815 1797 οὖν
863 1741 1045 1810 ἐκείνη
1071 1748 1170 1810 τῆς
1217 1744 1438 1824 χάριτος
1492 1745 1859 1819 ἀπολαύσασα,

1962 1757 2112 1801 sana.
2147 1742 2295 1801 Cum
2327 1740 2429 1801 illa
2452 1748 2610 1802 esset
2638 1741 2813 1803 talem
2845 1751 3168 1805 consecuta
3191 1743 3461 1822 gratiam,
3487 1745 3599 1806 fuit

221 1835 405 1911 μάρτυς
438 1835 580 1910 πρὸς
614 1831 855 1895 ἅπαντας
904 1833 990 1888 καὶ
1032 1831 1191 1911 κήρυξ
1222 1833 1422 1911 ἐγενετο
1452 1835 1545 1901 τῆς
1603 1839 1720 1912 περὶ
1776 1837 1866 1890 τὸν

226 1922 376 1999 μέγαν
405 1922 557 1986 θείας
620 1920 716 1977 καί
766 1918 1057 1999 παραδόξου
1111 1924 1218 1978 τῶν
1272 1923 1510 1998 ἰαμάτων
1568 1922 1865 1997 δυνάμεως.

304 2013 386 2069 E’.
450 2008 548 2074 Ἐξ
612 2008 827 2089 ὀνύχων
886 2012 914 2066 ὁ
961 2003 1120 2089 λέων,
1175 2010 1234 2066 ἐκ
1281 2012 1547 2069 τοσούτων
1592 2012 1753 2080 δῆλος
1807 2014 1870 2068 ἂν

245 2102 355 2173 ἡμῖν
386 2100 611 2179 γένοιτο
674 2099 768 2153 καί
831 2104 1117 2162 Παταπιος,
1184 2090 1378 2157 Ὀποϊα
1426 2102 1521 2176 μὲν
1552 2103 1652 2179 γὰρ
1686 2103 1751 2159 τὰ
1779 2101 1867 2159 ὑπ’

231 2189 404 2248 ἐκείνου
462 2188 800 2264 τελούμενα,
868 2188 953 2244 καῖ
1037 2190 1197 2245 ταῦτα
1265 2187 1476 2246 δύναται
1559 2197 1816 2268 παριστᾷν
1851 2208 1864 2221 ·

220 2279 379 2334 ὁπόσα
435 2277 498 2334 δὲ
554 2279 622 2334 τὸ
667 2275 872 2342 πλῆθος
929 2276 1102 2355 λέγειν
1151 2276 1495 2354 βουλόμενος,
1553 2278 1753 2338 πολλοῦ
1808 2280 1871 2337 ἂν

215 2367 430 2436 ὶίεήθην
491 2368 586 2423 καὶ
653 2365 817 2443 λόγου
876 2367 959 2422 καὶ
1027 2367 1243 2445 χρόνου.
1315 2366 1469 2424 Ἀλλ’
1535 2368 1715 2448 ὥσπερ
1787 2371 1871 2427 ἐπὶ

218 2455 511 2536 mppx-{130:
544 2462 679 2532 μιᾶς
712 2456 798 2512 καὶ
831 2460 928 2522 τῆς
958 2457 1119 2522 αὐτῆς
1153 2456 1314 2523 οὔσης
1367 2456 1511 2516 οὐδὲν
1564 2457 1647 2513 δεῖ
1700 2458 1867 2515 πολυ-

218 2559 552 2624 πραγμονεῖν
584 2546 752 2625 χάριν
780 2548 850 2612 ἧς
879 2543 995 2624 ἔχει
1025 2543 1318 2627 δυνάμεως,
1349 2546 1448 2603 κᾶν
1506 2548 1672 2604 πλείω
1721 2552 1758 2625 ᾗ
1807 2550 1871 2606 τὰ

221 2638 544 2715 ¹ιτινπούιιενα,
599 2641 700 2692 κᾶν
756 2635 981 2692 ἐλάττω
1046 2636 1181 2692 οὕτω
1234 2638 1492 2695 κάνταῦθα
1553 2636 1698 2696 οὐδὲν
1728 2640 1870 2714 ἡμᾶς

226 2728 330 2806 χρῆ
356 2734 451 2782 τοῦ
503 2724 747 2794 πλήθους
795 2724 956 2803 χάριν
1009 2726 1461 2805 περιεργάζεσθαιο
1522 2726 1871 2803 παραπλησία

227 2820 318 2893 γὰρ
377 2817 414 2883 ἡ
471 2818 645 2895 χάρις
701 2814 797 2870 καί
858 2812 1072 2889 δύναμις
1127 2817 1161 2883 ἡ
1217 2817 1373 2885 αὐτή.
1443 2824 1730 2895 Τοιγαροῦν
1791 2817 1874 2874 ἐπὶ

225 2907 319 2970 τὴν
349 2904 559 2964 ἐκείνου
581 2902 835 2972 τελευτὴν
878 2902 981 2971 ἤδη
1013 2904 1287 2983 τρεπτέον,
1346 2907 1434 2962 καὶ
1488 2908 1551 2962 τὸ
1603 2914 1695 2963 τοῦ
1762 2907 1876 2982 βίου

229 2992 373 3058 τέλος
407 2995 560 3066 αύτῷ
590 2995 678 3049 καὶ
698 2995 837 3069 ἡμῖν
865 2991 1016 3056 τέλος
1045 2996 1137 3050 τοῦ
1166 2992 1325 3072 λόγου
1354 2994 1598 3073 γινέσθω.

304 3082 395 3143 Θ’.
447 3085 619 3145 Οὗτος
674 3083 701 3137 δ
760 3081 925 3160 μέγας
970 3092 1059 3141 τοῦ
1116 3090 1248 3142 Θεοῦ
1303 3079 1573 3161 ἅνθρωπος
1634 3086 1719 3140 καὶ
1774 3091 1869 3152 τῆς

230 3171 418 3247 ἀρετῆς
453 3170 686 3237 ἀληθοῦς
718 3169 962 3250 ἔμψυχος
1020 3172 1204 3246 τύπος,
1263 3175 1354 3229 τὸν
1402 3174 1586 3232 ἑαυτοῦ
1625 3175 1735 3249 βίον
1765 3196 1867 3230 κα-

229 3263 583 3337 τακοσμήσεις
643 3260 697 3316 ἐν
752 3260 979 3339 ἀγαθοῖς
1040 3260 1210 3339 ἔργοις
1282 3264 1368 3317 καὶ
1432 3263 1714 3340 θαύμασιν,
1782 3263 1869 3319 ὅτε

228 3349 536 3425 ἀποδημεῖν
567 3348 782 3425 ἔμελλε,
840 3348 1042 3425 μᾶλλον
1074 3347 1127 3405 3‘s
1158 3351 1287 3429 πρὸς
1317 3350 1415 3418 τὴν
1473 3354 1660 3409 ἑαυτοῦ
1716 3355 1869 3409 πόλιν

231 3439 541 3516 ἐπιδημεῖν,
600 3440 685 3495 καὶ
734 3440 793 3495 τὸ
826 3452 1050 3515 σημεῖον
1106 3439 1240 3520 ἤρθη
1300 3439 1352 3506 ἐξ
1403 3444 1642 3518 ούρανοῦ,
1696 3445 1870 3518 παρῆν

233 3528 325 3602 μὲν
356 3533 504 3601 αὖτῷ
535 3534 640 3585 πᾶν
670 3527 794 3585 ὅσον
846 3529 1136 3596 ἀσκητικὸν
1193 3531 1285 3588 καί
1346 3528 1647 3610 φιλάρετον,
1708 3530 1867 3587 λελο-

236 3619 508 3698 πημένοι,
598 3615 1001 3698 δεδακρυμένοι,
1086 3617 1184 3685 τὴν
1267 3617 1465 3675 ἐκείνου
1551 3617 1871 3691 μετάστασιν

240 3709 419 3774 κοινὴν
489 3708 740 3787 ὀρφανίαν
808 3707 1131 3787 νομίζοντες,
1207 3707 1267 3762 τὸ
1317 3709 1484 3786 χωρὶς
1534 3706 1731 3764 ἐκεῖνοι)
1775 3716 1870 3787 ζῇν

237 3800 411 3853 κοινὸν
477 3798 702 3855 θάνατον
772 3796 1145 3877 ὀνομάζοντες,
1217 3796 1503 3873 νικώμενοι
1572 3804 1650 3871 τῷ
1718 3800 1871 3856 πάθει

238 3888 325 3942 τὸν
380 3886 668 3964 λογισμὸν,
726 3886 813 3942 καὶ
866 3887 938 3949 εἷς
996 3887 1191 3966 φανερὰ
1247 3883 1437 3965 δάκρυα
1495 3887 1870 3965 καταγόμενοι,

244 3978 321 4031 καὶ
351 3980 445 4033 τὸν
474 3975 756 4055 χωρισμὸν
783 3976 1112 4049 αἰτιώμενοι,
1170 3975 1365 4054 Πάτερ,
1425 3973 1694 4054 λέγοντες,
1749 3978 1873 4057 φίλ-

244 4086 386 4145 τατε,
443 4066 619 4142 Πάτερ
671 4062 983 4143 γλυκύτατε,
1041 4066 1090 4121 τί
1155 4066 1235 4140 μὴ
1305 4062 1611 4143 φιλότεκιος
1678 4067 1876 4145 ἐφάνης

242 4153 335 4209 κᾶν
388 4155 565 4226 τούτῳ
616 4154 716 4221 τὴν
770 4151 1025 4229 ἒχδημίιν
1099 4153 1488 4235 ἐπιταχύνας;
1547 4154 1628 4230 Τί,
1683 4157 1875 4235 Πάτερ,

246 4242 461 4320 ἐρημὶαν
492 4257 608 4307 τοῖς
641 4243 789 4299 παισὶ
845 4241 1162 4323 προξενετς;
1220 4244 1285 4302 Τί
1341 4246 1469 4321 πρὸς
1528 4241 1696 4310 ἄλλην
1734 4244 1876 4301 ἀπο-

1954 1828 2107 1907 apud
2133 1847 2342 1891 omnes
2372 1828 2537 1890 testis
2566 1839 2626 1891 et
2654 1830 3029 1911 prmdicatrix
3061 1831 3277 1893 divinze
3308 1840 3366 1894 et
3396 1832 3596 1896 admi-

1953 1917 2161 1980 rabilis
2192 1919 2390 1997 magni
2418 1917 2644 2001 Patapii
2675 1920 2907 1982 virtutis
2937 1920 3332 1983 curationum.

2035 2005 2185 2071 VIII.
2221 2005 2306 2070 Ex
2337 2008 2632 2088 unguibus
2659 2009 2778 2090 leo,
2841 2027 2913 2072 ex
2945 2010 3039 2070 his
3096 2009 3272 2072 nobis
3321 2011 3596 2091 cognitus

1949 2094 2130 2157 fuerit
2164 2097 2456 2177 Patapius.
2489 2101 2638 2162 Nam
2671 2099 2867 2180 qualia
2899 2099 3141 2181 quidem
3195 2099 3435 2172 fuerint,
3466 2118 3599 2182 quae

1952 2184 2025 2245 ab
2056 2184 2157 2245 illo
2191 2186 2441 2267 ﬁebant,
2474 2187 2600 2249 haec
2632 2196 2882 2268 possunt
2931 2188 3275 2252 ostendere.
3324 2188 3387 2250 Si
3417 2208 3595 2270 quam

1957 2274 2140 2335 multa
2168 2284 2367 2336 autem
2389 2276 2600 2338 vellem
2633 2275 2860 2357 dicere,
2891 2295 3041 2357 opus
3072 2286 3228 2339 esset
3259 2278 3433 2357 longa
3463 2297 3597 2340 ora-

1954 2363 2114 2424 tione
2134 2373 2192 2425 et
2219 2374 2505 2445 tempore.
2544 2364 2659 2427 Sed
2683 2368 2980 2444 quomodo
3010 2366 3072 2427 in
3094 2366 3594 2448 signaculo,quod

1956 2462 2045 2514 est
2070 2471 2253 2515 unum
2279 2464 2337 2516 et
2360 2454 2544 2531 idem,
2571 2454 2719 2517 nihil
2740 2462 2975 2536 oportet
2995 2455 3171 2516 anxie
3192 2457 3497 2544 inquirere
3518 2457 3594 2518 de

1957 2560 2045 2617 ea,
2081 2560 2256 2623 quam
2293 2543 2934 2624 habet,potestate,seu
2966 2544 3087 2608 sint
3117 2543 3421 2624 plura,seu
3444 2564 3590 2626 pau-

1955 2631 2115 2693 ciora
2146 2651 2237 2708 ea,
2287 2652 2419 2713 quae
2466 2634 2932 2715 imprimuntur:
2967 2634 3048 2695 ita
3079 2634 3176 2695 hic
3207 2652 3442 2715 quoque
3472 2653 3594 2696 non

1955 2726 2188 2801 oportet
2214 2722 2392 2783 nimis
2422 2722 2659 2785 curiose
2688 2724 2941 2786 scrutari
2999 2722 3463 2786 multitudinem.
3496 2722 3594 2784 Si-

1959 2808 2117 2870 milis
2146 2811 2305 2873 enim
2334 2812 2541 2893 gratia,
2571 2820 2631 2873 et
2650 2812 2861 2876 eadem
2881 2820 3163 2893 potestas.
3190 2810 3599 2875 Convertenda

1958 2906 2051 2959 est
2079 2916 2221 2975 ergo
2253 2902 2441 2962 oratio
2468 2901 2541 2962 ad
2574 2900 2737 2963 illius
2788 2902 3099 2964 decessum
3131 2920 3143 2961 :
3201 2909 3262 2964 et
3290 2903 3418 2980 ejus
3471 2902 3599 2965 vitae

1959 2987 2095 3048 ﬁnis
2126 2987 2202 3049 sit
2234 2988 2407 3050 nobis
2439 3008 2674 3070 quoque
2704 2992 2839 3051 ﬁnis
2868 2990 3183 3054 orationis.

2038 3075 2134 3139 IX.
2169 3078 2266 3139 Sic
2301 3096 2545 3157 magnus
2574 3079 2674 3140 ille
2696 3080 2875 3142 homo
2901 3079 3032 3153 Dei,
3054 3090 3111 3141 et
3132 3097 3339 3142 revera
3368 3078 3599 3141 virtutis

1956 3166 2261 3247 exemplar
2303 3169 2657 3246 animatum,
2703 3187 2840 3231 cum
2890 3170 3063 3231 vitam
3112 3188 3279 3231 suam
3330 3177 3601 3231 ornasset

1954 3255 2125 3318 bonis
2156 3256 2323 3319 factis
2355 3266 2410 3320 et
2463 3259 2788 3334 miraculis,
2841 3279 2975 3322 cum
3026 3269 3183 3323 esset
3220 3277 3595 3334 excessurus,

1953 3345 2070 3406 imo
2099 3364 2235 3408 vero
2276 3345 2335 3408 in
2368 3366 2535 3409 suam
2569 3348 2863 3411 civitatem
2898 3350 3300 3431 profecturus,
3348 3357 3405 3409 et
3449 3346 3598 3409 sub-

1953 3435 2132 3496 latum
2166 3444 2325 3498 esset
2377 3456 2408 3498 e
2457 3438 2602 3499 cmlo
2652 3439 2913 3518 signum,
2965 3439 3121 3520 apud
3184 3457 3319 3499 eum
3355 3437 3598 3518 quidem

1953 3525 2219 3601 aderant,
2250 3528 2589 3607 quicunque
2620 3545 2684 3588 se
2717 3527 3071 3589 dediderant
3100 3525 3509 3588 exercitationi
3541 3532 3601 3585 et

1954 3623 2126 3676 erant
2155 3625 2421 3676 amantes
2451 3615 2703 3692 virtutis,
2747 3634 3003 3678 maerore
3056 3617 3252 3677 atfecti
3302 3624 3360 3676 et
3403 3616 3595 3692 lacry-

1957 3712 2209 3779 mantes,
2268 3702 2428 3764 illius
2491 3704 2903 3783 migrationem
2961 3722 3337 3766 communem
3386 3701 3597 3764 existi-

1959 3801 2189 3853 mantes
2218 3791 2554 3873 orbitatem,
2585 3793 2714 3854 sine
2744 3793 2846 3855 illo
2878 3794 3073 3854 vivere
3128 3800 3381 3853 mortem
3427 3808 3598 3852 com-

1958 3899 2198 3942 munem
2232 3881 2632 3963 nominantes,
2674 3882 2882 3945 dolore
2925 3882 3236 3946 vincentes
3276 3883 3595 3960 rationem,

1960 3980 2019 4032 et
2048 3974 2106 4031 in
2131 3980 2364 4052 apertas
2396 3979 2775 4052 erumpentes
2806 3972 3119 4053 lacrymas,
3153 3979 3212 4035 et
3236 3986 3602 4051 conqueren‘

1960 4066 2049 4121 tes
2080 4059 2153 4121 de
2186 4060 2599 4140 separatione:
2658 4059 2852 4139 Pater,
2891 4061 3182 4137 dicentes,
3220 4058 3596 4135 charissime,

1961 4150 2134 4212 Pater
2171 4149 2545 4227 suavissime,
2594 4168 2700 4210 cur
2740 4169 2849 4211 nos
2893 4151 3047 4213 ﬁlius
3090 4150 3367 4231 diligens,
3412 4166 3597 4228 appa-

1958 4240 2129 4300 ruisti
2163 4239 2249 4301 sic
2280 4241 2592 4303 decessum
2622 4240 2964 4302 accelerans
2985 4244 3012 4299 ?
3067 4243 3182 4303 Cur
3212 4238 3394 4319 patris
3428 4237 3600 4298 orbi-

246 4328 430 4406 δημεΐς
487 4330 760 4410 «sapias;
820 4333 881 4391 Τί
938 4333 1014 4408 μὴ
1070 4332 1321 4413 πρότερον
1405 4334 1708 4409 μετῴκισας
1791 4335 1870 4390 καῖ

1962 4345 2126 4396 tatem
2153 4337 2284 4395 ﬁliis
2307 4338 2582 4396 concilias
2602 4337 2630 4393 7
2666 4337 2779 4396 Cur
2810 4338 3025 4411 migras
3048 4340 3105 4394 in
3123 4338 3295 4395 aliam
3317 4334 3604 4408 patriam?

246 4422 403 4495 ἡμᾶς,
461 4419 516 4475 εἴ
571 4443 653 4485 τις
710 4419 925 4497 δύναμις
963 4441 979 4497 ;
1021 4421 1109 4486 Τίς
1164 4425 1192 4478 ὁ
1240 4424 1375 4499 μετὰ
1425 4423 1482 4479 σὲ
1529 4424 1744 4480 παύσων
1777 4424 1870 4499 μὲν

1962 4416 2075 4481 Cur
2103 4436 2221 4480 non
2253 4438 2360 4480 nos
2386 4438 2622 4500 quoque
2650 4420 2819 4501 prius
2864 4438 2933 4482 eo
2955 4416 3310 4498 amandasti,
3338 4416 3387 4477 si
3413 4423 3605 4496 potest

249 4508 438 4587 λύπην,
496 4513 831 4590 θεραπεύσων
888 4509 941 4567 δὲ
998 4511 1177 4588 σῶμα,
1235 4513 1518 4587 ἰασάμενος
1577 4511 1631 4568 δὲ
1691 4512 1870 4593 ψυχὴν

1965 4508 2093 4569 ﬁeri
2118 4515 2146 4571 ‘2
2175 4509 2321 4582 Quis
2351 4486 2440 4570 est
2473 4486 2572 4590 qui
2624 4486 2754 4590 post
2798 4518 2857 4572 te
2909 4508 2987 4570 sit
3018 4507 3260 4590 quidem
3293 4486 3606 4569 sedaturus

253 4596 412 4677 λόγῳ,
620 4602 709 4657 καὶ
767 4601 1044 4677 θαύμασι;
1096 4603 1228 4657 Ποία
1285 4602 1467 4659 λοιπὸν
1528 4602 1675 4665 ἐλπίς
1710 4619 1726 4678 ;
1759 4602 1882 4659 ποία

261 4700 369 4750 τοῖς
394 4704 507 4754 σοῖς
540 4690 746 4756 τέκνοις
776 4690 1029 4771 ἀναψυχή
1065 4712 1082 4769 ;
1112 4696 1219 4749 Φεῦ
1246 4689 1260 4753 ί
1314 4693 1419 4758 πῶς
1481 4692 1580 4760 τὴν
1642 4691 1879 4769 πληγὴν,

259 4781 362 4842 πῶς
390 4785 486 4847 τῆν
516 4780 785 4859 συμφορὰν
812 4780 1110 4858 ἒνὲγκωμεν
1147 4802 1162 4862 ;

330 4957 371 5016 1¹
402 4958 574 5019 Ταῦτα
604 4959 701 5035 μὲν
734 4958 956 5035 ἐκεῖνοι,
990 4962 1053 5017 τὸ
1089 4961 1252 5024 πάθος
1306 4962 1380 5024 ὡς
1441 4959 1663 5024 ἕκαστος
1722 4961 1881 5041 εἶχεν

260 5044 713 5127 ἐκτραγιρδοῦντες.
775 5055 836 5109 Ὃ
895 5048 973 5124 δὲ,
1031 5052 1119 5107 καὶ
1175 5052 1305 5128 πρὸς
1361 5051 1452 5108 τὸν
1506 5051 1727 5111 θάνατον
1786 5053 1881 5107 οὒ-

259 5133 335 5193 δέν
388 5140 616 5220 πάσχων
670 5140 884 5219 ἂγεννὲς
939 5141 1026 5196 καὶ
1078 5138 1363 5221 φιλόζωον,
1430 5141 1516 5196 καὶ
1571 5142 1698 5218 πρὸς
1761 5142 1882 5205 τοὺς

260 5231 597 5304 περιεστῶτας
706 5227 1068 5310 φιλοστόργως
1184 5228 1604 5305 ἐπικλινόμενος,
1712 5230 1886 5306 ἠρέμα

256 5318 409 5381 τείνας
467 5319 531 5377 τὸ
585 5319 762 5396 ὄμμα,
822 5322 910 5377 καὶ
966 5321 1095 5398 πρὸς
1148 5319 1335 5381 αὐτοὺς
1391 5316 1613 5393 ἀπιδὼν,
1661 5320 1748 5387 Μὴ
1791 5317 1885 5376 ού-

255 5426 368 5482 τως,
427 5409 551 5491 ἔθη,
610 5409 839 5491 φίλτατα
898 5408 1079 5489 τέκνα,
1151 5409 1231 5485 μὴ
1302 5406 1440 5465 οὕτω
1505 5410 1718 5486 θρήνοις
1791 5411 1883 5466 τὸν

250 5495 480 5580 ὑμέτερον
512 5498 724 5579 Πατέρα
757 5498 1140 5580 προπέμψητε,
1200 5497 1339 5555 ἀλλὰ
1396 5497 1599 5574 μᾶλλον
1660 5501 1883 5578 εὐχαῖς,

228 5593 312 5675 ,Το
360 5591 453 5669 μὲν
512 5591 615 5674 γὰρ
659 5589 878 5656 ἑαυτούς
937 5608 994 5644 τε
1055 5588 1195 5666 κάμέ
1251 5587 1485 5666 βλάπτον
1535 5587 1666 5669 ἐστὶ,
1732 5589 1792 5644 τὸ
1833 5585 1888 5645 δὲ

1966 4596 2255 4678 dolorem,
2293 4616 2508 4678 corpus
2540 4618 2678 4660 vero
2724 4606 3063 4672 curaturus,
3113 4597 3373 4658 animam
3404 4602 3604 4656 autem

1968 4687 2369 4748 medicaturus
2399 4687 2693 4762 oratione,
2718 4694 2836 4749 vita
2863 4695 2925 4749 et
2948 4686 3249 4749 miraculis
3268 4685 3299 4745 ‘I
3320 4683 3604 4757 Quaenam

1968 4785 2058 4839 est
2089 4795 2225 4857 spes
2248 4777 2322 4838 de
2343 4786 2556 4839 caetero
2581 4776 2606 4838 Υ
2627 4776 2906 4849 Quaenam
2929 4776 3068 4837 ﬁliis
3092 4777 3205 4838 tuis
3228 4772 3555 4837 consolatio
3579 4777 3608 4833 ‘I

1969 4864 2096 4927 Heu
2128 4866 2427 4947 quomodo
2458 4866 2723 4928 feremus
2748 4864 3149 4929 calamitatem
3169 4862 3200 4922 ‘2

2048 4956 2125 5018 Χ.
2161 4954 2297 5017 Haec
2348 4955 2433 5016 illi
2485 4956 2751 5036 quidem,
2785 4973 3014 5027 casum,
3047 4962 3109 5013 nt
3159 4959 3387 5034 poterat
3418 4968 3608 5012 unuse

1966 5046 2244 5129 quisque,
2280 5044 2499 5124 tragice
2530 5045 2931 5124 deplorantes.
2958 5043 3066 5104 Ille
3085 5060 3223 5104 vero
3247 5060 3309 5102 se
3331 5041 3614 5101 adversus

1971 5143 2220 5196 mortem
2238 5133 2451 5195 fortem
2467 5132 2879 5213 ostendens,et
2896 5131 3030 5195 vita:
3053 5132 3294 5192 minime
3309 5130 3610 5210 cupidum,

1968 5223 2041 5285 ad
2075 5240 2178 5284 eos
2207 5222 2309 5304 qui
2340 5220 2808 5284 circumstabant
2857 5240 2922 5283 se
2976 5230 3245 5284 amanter
3291 5220 3612 5291 inclinans,

1971 5312 2192 5376 sensim
2225 5311 2432 5373 oculos
2456 5312 2754 5393 attollens,
2776 5320 2835 5375 et
2856 5311 2929 5374 ad
2955 5331 3059 5373 eos
3083 5312 3322 5374 intuens
3349 5329 3362 5374 :
3388 5311 3478 5375 Ne
3501 5310 3614 5390 sic,

1974 5423 2008 5466 ο
2067 5401 2426 5477 charissimi,
2485 5420 2561 5464 ne
2616 5402 2704 5464 sic
2761 5411 3020 5465 vestrum
3054 5404 3287 5465 Patrem
3344 5400 3620 5482 lacrymis

1979 5490 2434 5575 prosequimini,
2497 5492 2604 5555 sed
2661 5493 2859 5575 potius
2913 5492 3214 5574 precibus.
3275 5491 3420 5555 Nam
3472 5490 3621 5552 illud

1979 5582 2220 5668 quidem
2253 5590 2311 5647 et
2339 5600 2441 5645 vos
2472 5590 2530 5645 et
2586 5601 2681 5648 me
2728 5583 2927 5648 laedit:
2958 5583 3072 5646 hoc
3138 5592 3335 5647 autem
3396 5581 3619 5667 praebet
