4006 6146
361 291 476 369 367

1666 296 1946 368 MENSlS
1996 292 2428 368 "DEGEMBER',

3620 290 3739 366 368

358 440 671 503 auxilium.
732 438 831 503 Sic
887 459 1021 502 eum
1081 456 1289 501 eorum
1363 438 1584 500 luctum
1637 436 1904 499 sedasset
1951 445 2009 501 et

2100 440 2340 508 Βοήθειαν
2402 438 2799 519 παρεχόμενον.
2859 437 3039 502 Οὕτως
3096 437 3281 500 αὺτοῖς
3351 437 3558 507 στήσας
3615 436 3740 498 τοὺς

365 530 600 611 ﬂetum,
636 540 694 592 et
725 530 798 594 de
826 532 1026 595 anima
1056 538 1114 591 et
1144 530 1218 591 de
1249 529 1445 591 futura
1494 526 1619 590 illic
1665 527 1782 589 vita
1835 527 2016 589 multa

368 628 528 683 esset
556 620 1029 701 philosophatus,
1086 628 1143 679 et
1203 617 1507 689 omnibus,
1577 626 1752 695 prout
1801 617 2013 678 unius-

372 710 661 790 cujusque
691 709 846 772 aetati
876 706 1268 770 conveniebat
1320 715 1379 768 et
1435 704 1731 786 dignitati,
1795 705 2015 768 monita

366 795 656 871 dedisset,
690 806 749 860 et
804 795 1025 857 deinde
1072 803 1229 856 esset
1269 802 1567 876 precatus,
1617 790 1892 875 tanquam
1952 793 2015 856 in

368 903 643 947 somnum
676 885 996 965 resolutus,
1051 901 1256 964 puram
1299 883 1459 945 illam
1497 883 1695 947 emisit
1724 884 2009 947 animam.

369 975 432 1037 In
467 975 688 1037 virtute
715 982 911 1036 autem
945 971 1283 1035 exercitatae
1328 981 1385 1034 et
1432 990 1617 1035 sacrm
1674 973 1834 1034 illius
1867 973 2013 1034 reli-

367 1064 542 1143 quiae,
576 1063 800 1125 sanctis
831 1061 1104 1124 manibus
1136 1062 1502 1142 composita),
1534 1063 1920 1143 deponuntur
1953 1061 2016 1124 in

369 1169 538 1213 sacro
572 1151 793 1233 templo
827 1151 1241 1230 Praecursoris,
1278 1150 1476 1213 multis
1510 1169 1610 1213 eas
1643 1169 2011 1233 prosequen-

372 1238 555 1315 tibus,
615 1249 677 1303 et
729 1240 1200 1320 gloriﬁcantibus
1258 1239 1488 1302 Patrem
1562 1249 1617 1303 et
1667 1240 1881 1303 Filium
1956 1248 2015 1302 et

369 1327 653 1408 Spiritum
686 1338 977 1407 sanctum,
1029 1348 1189 1392 nunc
1237 1338 1297 1392 et
1324 1348 1584 1413 semper.
1622 1338 1678 1393 et
1708 1330 1767 1392 in
1800 1330 2015 1393 saecula

369 1418 752 1485 saeculorum.
787 1421 1007 1483 Amen.

388 1604 757 1617 *—

778 1605 1824 1622 ἰ--υη--α--ηυαυῇὶη-αιιοσῠ

2098 526 2354 606 ὀδυρμοὺς
2399 529 2485 583 val
2538 529 2605 583 τὰ
2664 525 2882 606 δάκρυα,
2943 527 3030 583 καὶ
3086 524 3259 583 πολλὰ
3280 526 3401 604 περί
3443 545 3499 580 τε
3556 529 3743 604 ψυχῆς

2100 619 2186 673 καὶ
2216 617 2310 685 τῆς
2340 616 2542 674 ἐκεῖθεν
2607 620 2753 688 ζωῆς
2811 616 3178 695 φιλοσοφήσας
3233 614 3416 676 αὐτοῖς
3474 614 3562 671 καὶ
3617 613 3742 671 δια-

2096 704 2409 786 λεξάμεδος,
2482 706 2568 762 καὶ
2641 710 2770 763 πᾶσι
2845 705 2979 760 κατὰ
3059 704 3122 761 τὸ
3192 707 3463 781 προσῆκον
3533 702 3742 774 ἑκάστῳ

2097 800 2195 853 καὶ
2224 801 2320 863 τῆς
2351 795 2559 863 ἡλικίας
2590 793 2914 873 παραινέσας
2972 794 3060 849 καὶ
3119 794 3219 860 τῆς
3274 790 3442 868 ἀξίας,
3489 793 3615 851 εἶτα
3651 793 3742 849 καὶ

2098 884 2472 964 ἐπευξάμενος,
2547 883 2726 947 ὥσπερ
2809 886 2882 947 εὶς
2952 881 3114 939 ὕπνον
3194 882 3554 962 κατενεχθεὶς,
3640 883 3740 950 τὴν

2097 974 2328 1052 καθαρὰν
2382 974 2592 1039 εκείνην
2663 972 2836 1052 ἀφῆκε
2906 972 3114 1051 ψυχὴν,
3184 971 3257 1029 Τὸ
3324 968 3380 1027 δὲ
3449 969 3743 1039 ἀσκητικὸν

2099 1064 2256 1122 αὐτοῦ
2285 1063 2373 1121 καὶ
2423 1063 2564 1140 ἱερὸν
2616 1059 2888 1137 λείψανον,
2942 1059 3136 1140 χερσῖν
3185 1061 3352 1128 ὁσίαις
3398 1058 3741 1141 περισοτιιλέν⁹

2095 1155 2124 1210 ὁ
2174 1153 2312 1232 ἱερὸς
2361 1147 2618 1226 λαμϐάνει
2676 1157 2771 1208 τοῦ
2818 1147 3121 1228 Προδρόμου
3175 1150 3325 1228 ναὸς²
3362 1147 3575 1208 πολλῶν
3611 1147 3744 1207 αὐτὸ

2095 1241 2520 1321 προπεμπόντων
2595 1242 2683 1297 καὶ
2753 1236 3071 1309 δοξαζόντων
3144 1239 3375 1318 Πατέρα,
3457 1240 3572 1295 Υἱὺν
3641 1237 3744 1295 καΐ

2095 1332 2248 1410 ἅγιον
2308 1336 2519 1404 Πνεῦμα
2577 1336 2667 1385 νῦν
2724 1330 2812 1386 καὶ
2863 1329 2943 1383 ἀεὶ
2998 1328 3084 1384 καὶ
3131 1328 3206 1392 εἱς
3255 1328 3379 1394 τοὺς
3410 1329 3604 1392 αἰῶνας
3633 1333 3746 1384 τῶν

2098 1421 2328 1481 αἰώνων.
2365 1417 2538 1495 Ἀμήν
2551 1465 2566 1481 .

1841 1607 2148 1621 εσυ-Ψ

1035 1752 1681 1837 ΜΑΡΤΥΡΙΟΝ
1751 1754 1976 1837 ΤΩΝ
2032 1752 2382 1836 ΑΓΙΩΝ
2456 1747 3059 1834 ΜΑΡΤΥΡΩΝ

372 1960 930 2116 MHNA,
1051 1960 2232 2090 ΕΡΜΟΓΕΝΟΥΣ
2336 1958 2637 2087 ΚΑΙ
2746 1957 3726 2088 ΕΥΓΡΑΦΟΥ.

1360 2321 1801 2388 MARTYRIUM
1838 2321 2291 2389 SANCTORUM
2331 2320 2747 2389 MARTYRUM

552 2511 1129 2666 MEN/E,
1205 2508 2321 2636 HEBMOGENIS
2389 2508 2608 2635 ET
2678 2505 3556 2636 EUGRAPHI

1013 2750 1210 2820 (Latine
1238 2765 1313 2821 ap.
1344 2746 1548 2805 Surium
1577 2749 1643 2807 ad
1670 2748 1801 2805 diem
1837 2749 1906 2806 10
1933 2749 2051 2807 Dec.
2085 2765 2105 2820 ;
2135 2748 2310 2809 Graece
2333 2763 2398 2805 ex
2424 2747 2537 2806 cod.
2570 2762 2668 2805 ms.
2701 2746 2911 2806 Coislin.
2947 2745 3097 2816 147.)

453 3051 502 3115 Ι.
534 3055 673 3117 Post
703 3050 1031 3117 Servatoris
1060 3053 1280 3117 Christi
1308 3055 1372 3117 in
1416 3061 1634 3116 terram
1667 3054 2004 3131 adventum,

2176 3055 2265 3118 A'.
2302 3057 2446 3114 Μετὰ
2473 3056 2574 3125 τὴν
2602 3057 2688 3115 ἐπὶ
2731 3057 2831 3137 γῆς
2887 3062 2979 3114 τοῦ
3032 3060 3284 3127 Σωτῆρος
3340 3057 3568 3133 Χριστοῦ
3623 3075 3733 3112 πα-

378 3139 546 3204 multi
577 3141 820 3219 quidem
849 3143 1024 3205 etiam
1049 3142 1149 3206 alii
1171 3162 1237 3207 se
1258 3145 1331 3206 ad
1355 3142 1667 3224 martyrica
1689 3145 2014 3207 ceriamina

376 3238 674 3293 exuerunt
701 3253 714 3294 :
739 3250 873 3293 cum
897 3231 1173 3294 omnibus
1193 3243 1391 3295 autem
1415 3250 1482 3295 se
1503 3251 1740 3313 quoque
1766 3250 2013 3312 magnus

376 3320 539 3381 exuit
558 3319 781 3382 Menas.
805 3319 1123 3403 Postquam
1148 3325 1305 3383 enim
1332 3321 1732 3385 Diocletianus
1757 3321 1932 3383 simul
1956 3329 2014 3384 et

373 3408 766 3471 Maximianus
777 3428 1055 3490 magnum
1069 3411 1311 3492 quidem
1330 3409 1752 3473 babueruntim
1763 3411 2008 3490 perium.

373 3495 616 3560 fuerunt
638 3499 915 3560 omnibus
945 3500 1263 3563 terribiles.
1293 3502 1440 3562 Cum
1463 3507 1663 3562 autem
1688 3501 2006 3562 voluissent

372 3601 704 3667 repugnare
731 3588 1019 3670 pietati,et
1041 3588 1217 3652 ﬁdem
1242 3590 1302 3652 in
1325 3589 1626 3653 Christum
1646 3607 2006 3670 expugnare,

375 3692 551 3755 quam
581 3676 670 3739 vel
706 3681 888 3758 portis
918 3678 1090 3741 inferi
1123 3678 1468 3741 validiorem
1503 3696 1839 3740 mansuram
1885 3682 2010 3760 ipse

376 3766 774 3844 pronuntiavit
795 3786 809 3831 :
830 3776 1137 3849 postquam
1155 3787 1427 3848 magnum
1449 3768 1522 3830 ad
1536 3767 1647 3828 hoc
1669 3767 2015 3833 aadhibuere

375 3854 658 3931 studium,
695 3864 753 3917 et
783 3876 1020 3918 omnem
1056 3875 1294 3919 movere
1338 3856 1621 3938 lapidem,
1657 3858 1895 3939 quando
1921 3878 2019 3920 co-

375 3953 703 4023 gnoverunt
732 3964 798 4007 se
828 3965 899 4008 ea
927 3947 1328 4027 aggredi,qua;
1354 3966 1472 4009 non
1503 3958 1744 4028 possent
1776 3949 1924 4025 ﬁeri,
1961 3948 2018 4011 el

378 4039 444 4092 ut
471 4032 709 4110 dicitur,
741 4035 997 4113 jaculnri
1048 4036 1107 4096 in
1158 4054 1386 4110 aerem,
1422 4045 1477 4098 et
1518 4036 1719 4099 conari
1755 4056 2013 4116 movere,

376 4139 507 4202 qum
535 4132 675 4186 sunt
704 4122 1058 4205 immobilia,
1090 4133 1344 4206 uterque
1362 4144 1573 4188 eorum
1600 4124 1879 4207 deposuit
1900 4127 2015 4188 im-

379 4211 609 4291 perium
639 4234 652 4276 :
686 4213 839 4293 apud
872 4213 1019 4275 alios
1047 4213 1287 4294 quidem
1323 4222 1718 4294 praetexentes
1768 4214 2019 4279 fortuna;

378 4301 737 4376 satietatem,
765 4313 820 4364 et
851 4321 1115 4365 amorem
1145 4302 1480 4364 mutationis
1504 4323 1521 4379 ;
1543 4303 1619 4365 iis
1648 4306 2017 4380 autem,qui-

2095 3146 2303 3224 ρουσίαν
2356 3144 2483 3203 πολ)
2497 3148 2545 3204 οὶ
2603 3148 2704 3223 μὲν
2773 3149 2867 3203 καὶ
2943 3144 3097 3203 ἄλλοι
3153 3146 3283 3224 πρὸς
3341 3143 3551 3223 ἀγῶνας
3614 3145 3739 3210 τοὺς

2094 3236 2438 3314 μαρτυρικοὺς
2496 3234 2819 3295 ἆπεδῦσαντο
2855 3252 2868 3268 ⁸
2929 3231 3212 3293 ἀποδύεται
3267 3232 3324 3291 δέ
3390 3233 3528 3311 μετᾶ
3594 3233 3740 3291 πάν-

2093 3345 2199 3382 των
2227 3324 2314 3382 καὶ
2340 3326 2368 3381 ὁ
2398 3323 2568 3402 μέγας
2596 3330 2805 3394 Μηνᾶς.
2860 3324 3012 3384 Ἐπεὶ
3053 3325 3155 3404 γὰρ
3203 3323 3232 3381 ὅ
3289 3343 3347 3382 τε
3407 3319 3742 3390 Διοκλητια-

2095 3414 2178 3477 νός
2208 3413 2321 3488 ἅμα
2367 3414 2458 3471 καὶ
2507 3414 2834 3491 Μαξιμιανὸς
2889 3413 3133 3493 μεγάλην
3192 3413 3292 3486 μὶν
3342 3411 3505 3492 ἔσχον
3534 3411 3738 3491 ἀρχὴν,

2092 3508 2179 3560 καὶ
2235 3501 2444 3583 φοϐεροὶ
2501 3511 2632 3561 πᾶσι
2694 3505 3052 3579 κατέστησαν,
3114 3503 3459 3581 βουληθέντες
3531 3500 3584 3558 δὲ
3655 3503 3743 3559 καὶ

2093 3596 2223 3669 πρὸς
2283 3595 2382 3661 tiu
2439 3592 2704 3651 εὖσέϐειαι
2761 3594 3125 3672 ἀντιπνεῦσαι,
3186 3595 3271 3649 καὶ
3325 3595 3424 3660 τὴν
3480 3593 3555 3655 εἰς
3604 3598 3743 3660 Χρι-

2093 3684 2216 3739 στὸν
2282 3683 2450 3739 πίστιν
2515 3685 2995 3760 καταγωνίσασθαι,
3054 3685 3120 3752 ἣν
3184 3680 3557 3761 κραταιοτέραν
3610 3694 3745 3754 μετ-

2102 3795 2182 3829 ναι
2239 3773 2327 3829 καὶ
2394 3770 2517 3845 ᾅδου
2586 3771 2767 3830 πυλῶν
2837 3774 2994 3834 αὖτὸς
3063 3772 3397 3854 ἀπεφήνατο,
3472 3772 3606 3846 μετὰ
3677 3771 3743 3827 τὸ

2102 3860 2307 3930 πολλὴν
2361 3864 2434 3928 εἰς
2491 3868 2646 3920 τοῦτο
2705 3875 3079 3942 προσενεγκεῖν
3126 3859 3382 3934 σπονδὴν,
3431 3861 3519 3918 καὶ
3566 3860 3744 3919 πάντα

2099 3955 2312 4021 κινῆσαι
2371 3950 2535 4025 λίθον,
2608 3951 2823 4031 ἐπείπερ
2893 3951 3129 4031 ἔγνωσαν
3172 3950 3443 4013 ἀδυνάτοις
3517 3949 3742 4030 ἐπιχει-

2100 4047 2335 4117 ροῦντες,
2393 4043 2480 4097 καὶ
2535 4043 2596 4099 τὸ
2654 4049 2745 4098 τοῦ
2794 4041 2955 4118 λόγου
2996 4044 3127 4121 πρὸς
3177 4041 3395 4112 οὐρανὸν
3444 4039 3741 4105 τοξεύοντες

2099 4129 2135 4199 ἢ
2192 4131 2256 4186 τὰ
2310 4130 2536 4197 ἀκίνητα
2596 4143 2762 4188 κινεῖν
2830 4132 3175 4207 πειρώμενοι,
3251 4130 3500 4207 ἑκάτερος
3570 4130 3744 4185 αὖτῶν

2099 4220 2199 4287 τὴν
2252 4219 2526 4295 βασιλείαν
2583 4219 3038 4292 ἀπεσκευάσαντο,
3098 4221 3229 4299 πρὸς
3255 4219 3354 4294 μὲν
3396 4218 3518 4283 τοὺς
3548 4216 3742 4282 Ξὶλλους

2099 4310 2257 4386 κόρον
2307 4310 2404 4377 τῆς
2461 4310 2662 4389 τύχης,
2719 4311 2807 4367 καὶ
2863 4307 3167 4385 μεταϐολῆς
3239 4307 3410 4387 ἔρωτα
3472 4328 3743 4388 προφασι-

379 4390 491 4454 bus
522 4397 796 4472 poterant
827 4401 1061 4454 secreta
1108 4390 1578 4465 communicare,
1637 4400 1694 4454 et
1749 4393 2014 4457 animum

2102 4398 2344 4473 σάμενοιο
2405 4401 2490 4461 οἷς
2546 4397 2601 4453 δὲ
2656 4399 2762 4454 τῶν
2813 4397 3126 4477 ἀπορρήτων
3154 4410 3435 4455 κοινωνεῖν
3465 4410 3624 4476 εϊχον
3654 4405 3748 4452 καὶ

379 4483 640 4559 aperire,
674 4481 942 4542 dicentes
965 4479 1186 4541 Christi
1220 4479 1518 4560 virtutem,
1554 4490 1613 4543 et
1645 4501 1778 4563 quae
1830 4502 1898 4545 ex
1931 4484 2016 4544 si-

380 4567 518 4646 gnis
542 4567 1052 4649 proﬁciscebatur,
1080 4569 1528 4649 persuasionem
1558 4591 1571 4631 :
1608 4578 1668 4634 et
1693 4572 1851 4653 quod
1883 4592 2018 4636 cum

381 4657 497 4719 hoc
526 4677 645 4720 non
680 4656 1009 4739 potuissent
1046 4656 1308 4736 efﬁcere,
1350 4658 1467 4719 alia
1514 4659 1932 4740 posthabentes
1965 4670 2024 4725 et

381 4765 559 4828 parva
584 4748 1018 4827 existimantes,
1054 4767 1167 4811 nec
1214 4748 1512 4829 imperare
1557 4751 1795 4832 quidem
1856 4753 2022 4816 vole-

380 4837 544 4904 bant.

458 4926 532 4991 II.
565 4929 712 4994 Cum
748 4931 833 4992 sic
862 4947 1003 5010 ergo
1059 4929 1143 4990 illi
1197 4927 1514 5010 imperium
1576 4928 2014 5014 deposuissent,

377 5019 705 5083 Maxentius
722 5020 961 5098 quidem
977 5018 1050 5082 ab
1064 5020 1152 5082 eis
1183 5018 1804 5091 Romm,Constantius
1819 5028 2016 5083 autem

378 5107 604 5187 Galliis,
637 5109 989 5172 Maximinus
1019 5127 1157 5172 vero
1187 5106 1416 5172 Orienti
1462 5108 1870 5187 praeﬁciuntur
1901 5130 2017 5173 1m-

358 5204 702 5281 peratores.
735 5198 870 5262 Fuit
915 5219 1053 5279 ergo
1089 5198 1356 5280 protinus
1387 5199 1444 5258 in
1511 5196 1758 5263 Oriente
1809 5220 2018 5279 magna

380 5291 721 5371 persecutio
740 5291 1025 5352 adversus
1045 5288 1505 5363 Christianos,et
1521 5307 1720 5351 rerum
1741 5309 2015 5353 commu—

356 5379 543 5442 nium
575 5378 1030 5455 confusio,et,ut
1058 5377 1245 5440 semel
1269 5378 1485 5453 dicam,
1506 5398 1715 5457 magna
1743 5380 2013 5461 quaedam

380 5469 745 5550 perturbatio
772 5467 1058 5530 etseditio
1090 5468 1147 5528 in
1178 5477 1331 5529 terra
1352 5478 1406 5528 et
1438 5468 1497 5528 in
1526 5468 2017 5543 mari,Maximino

377 5558 656 5623 studente
676 5559 919 5639 quidem
951 5556 1306 5619 conﬁrmare
1330 5555 1622 5636 majorum
1649 5576 1892 5622 suorum
1917 5559 2017 5622 de-

377 5648 717 5734 ceptionem
750 5656 811 5714 et
836 5646 1041 5713 falsam
1070 5644 1462 5726 religionem:
1509 5662 1544 5707 e
1587 5652 1745 5709 terra
1787 5656 2008 5726 autem,

2100 4488 2166 4543 τὰ
2221 4491 2319 4557 τῆς
2350 4492 2534 4567 ψυχῆς
2594 4485 2967 4566 ἐξεκάλυπτον,
3026 4495 3118 4546 τοῦ
3175 4492 3402 4567 Χριστοῦ
3456 4487 3556 4555 τὴν
3589 4485 3750 4565 ἰσχὺν

2103 4576 2362 4650 εἰπόντες,
2425 4578 2513 4633 καὶ
2569 4576 2669 4645 τὴν
2722 4576 2783 4634 ἐκ
2839 4584 2945 4634 τῶν
3003 4578 3242 4652 σημείων
3292 4578 3481 4653 πειθὼ,
3530 4574 3626 4633 καῖ
3669 4576 3749 4640 ὡς

2104 4665 2217 4723 ἐπεὶ
2289 4675 2443 4726 τοῦτο
2512 4666 2590 4742 μὴ
2659 4667 3087 4746 καταπράξασθαι
3166 4664 3382 4726 δυνατοὶ
3468 4664 3747 4744 γεγόνασι,

2103 4753 2313 4834 δεύτερα
2382 4753 2548 4813 τᾶλλα
2619 4758 2706 4813 καὶ
2759 4757 2922 4835 μικρὰ
2981 4757 3310 4833 νομίζοντες,
3383 4752 3498 4813 οὔδε
3557 4753 3752 4835 ἄρχειν

2103 4843 2300 4913 ἠξίουν.

2185 4933 2270 4994 B'.
2327 4935 2507 4999 Οὕτως
2559 4935 2647 4992 οὖν
2704 4934 2917 4994 ἐκείνων
2978 4936 3078 5005 τὴν
3140 4934 3413 5012 βασιλείαν
3479 4933 3755 5011 ἀποθεμέ-

2102 5045 2229 5102 νων,
2289 5023 2580 5089 Μαξὲντιος
2644 5024 2742 5098 μὲν
2797 5023 2885 5082 ὑπ’
2945 5023 3117 5082 αὖτῶν
3185 5023 3253 5099 τῇ
3328 5015 3535 5100 Ῥώμῃ,
3600 5031 3755 5081 Κων-

2102 5113 2348 5177 στσίντιος
2379 5111 2433 5169 δὲ
2463 5125 2584 5179 ταῖς
2618 5111 2891 5188 Γαλλίαις,
2942 5119 3012 5192 τῇ
3068 5102 3210 5189 Ἐῴα
3266 5113 3322 5169 δὲ
3378 5114 3407 5169 ὁ
3463 5110 3757 5188 Μυξιμῖνος

2106 5208 2533 5281 χειροτονοῦνται
2603 5204 2677 5267 εὶς
2745 5202 3016 5279 βασιλεῖς.
3088 5197 3187 5259 Ἠν
3258 5201 3349 5259 οὖν
3412 5200 3557 5266 εὔθὺς
3614 5201 3759 5257 κατὰ

2100 5292 2200 5358 τὴν
2256 5291 2375 5349 "Em
2431 5289 2669 5370 διωγμός
2729 5313 2787 5348 τε
2845 5288 3013 5371 μέγας
3072 5291 3207 5349 κατὰ
3269 5296 3601 5370 Χριστιανῶν
3662 5290 3763 5347 καὶ

2100 5382 2354 5461 σύγχυσις
2384 5388 2489 5439 τῶν
2520 5387 2712 5439 κοινῶν
2770 5382 3125 5460 πραγμάτων)
3190 5381 3279 5438 καὶ
3335 5380 3521 5445 ἁπλῶς
3576 5376 3757 5448 πολλὴ

2099 5493 2180 5536 τις
2243 5473 2455 5552 ταραχὴ
2512 5473 2602 5529 καὶ
2658 5472 2839 5537 στάσις
2901 5472 3039 5528 κατὰ
3099 5472 3202 5550 γῆν
3258 5492 3318 5528 τε
3346 5471 3443 5528 καὶ
3461 5470 3758 5544 θάλασσαν,

2098 5569 2191 5618 τοῦ
2259 5558 2553 5636 Μαξιμίνου
2619 5565 2870 5636 κρατῦναι
2942 5560 3042 5637 μὲν
3109 5559 3192 5616 διὰ
3243 5558 3481 5627 σπουδῆς
3523 5556 3760 5639 ἔχοντος

2098 5648 2198 5717 τὴν
2254 5655 2361 5707 τῶν
2409 5649 2682 5731 προγόνων
2741 5649 2956 5719 ἀπάτην
3011 5647 3110 5708 καί
3157 5647 3223 5706 τὰ
3252 5646 3591 5734 σεϐάσματα³
3624 5642 3765 5715 ἐξᾶ-
