  <div class='ocr_page' id='page_1' title='image "/cluster/home/n/w/nwhite01/storage/ocr_20150623/116/mdp.39015008903554/193.png"; bbox 0 0 4006 6146; ppageno 0'>
   <div class='ocr_carea' id='block_1_1' title="bbox 328 335 435 403">
    <p class='ocr_par' dir='ltr' id='par_1_1' title="bbox 328 335 435 403">
     <span class='ocr_line' id='line_1_1' title="bbox 328 335 435 403; baseline 0 0"><span class='ocrx_word' id='word_1_1' title='bbox 328 335 435 403; x_wconf 86' lang='grc'><strong>371</strong></span> 
     </span>
    </p>
   </div>
   <div class='ocr_carea' id='block_1_2' title="bbox 1628 331 2389 404">
    <p class='ocr_par' dir='ltr' id='par_1_2' title="bbox 1628 331 2389 404">
     <span class='ocr_line' id='line_1_2' title="bbox 1628 331 2389 404; baseline -0.013 0"><span class='ocrx_word' id='word_1_2' title='bbox 1628 338 1908 404; x_wconf 87' lang='lat' dir='ltr'><strong>MENSIS</strong></span> <span class='ocrx_word' id='word_1_3' title='bbox 1963 331 2389 400; x_wconf 81' lang='lat' dir='ltr'><strong>DECEMBER.</strong></span> 
     </span>
    </p>
   </div>
   <div class='ocr_carea' id='block_1_3' title="bbox 3585 326 3703 394">
    <p class='ocr_par' dir='ltr' id='par_1_3' title="bbox 3585 326 3703 394">
     <span class='ocr_line' id='line_1_3' title="bbox 3585 326 3703 394; baseline -0.017 -1"><span class='ocrx_word' id='word_1_4' title='bbox 3585 326 3703 394; x_wconf 82' lang='lat'><strong>372</strong></span> 
     </span>
    </p>
   </div>
   <div class='ocr_carea' id='block_1_4' title="bbox 330 465 1985 557">
    <p class='ocr_par' dir='ltr' id='par_1_4' title="bbox 330 472 1969 557">
     <span class='ocr_line' id='line_1_4' title="bbox 330 472 1969 557; baseline -0.004 -17"><span class='ocrx_word' id='word_1_5' title='bbox 330 478 380 540; x_wconf 98' lang='lat' dir='ltr'><strong>si</strong></span> <span class='ocrx_word' id='word_1_6' title='bbox 422 477 484 538; x_wconf 88' lang='lat' dir='ltr'><strong>in</strong></span> <span class='ocrx_word' id='word_1_7' title='bbox 513 473 631 538; x_wconf 87' lang='lat' dir='ltr'><strong>alio</strong></span> <span class='ocrx_word' id='word_1_8' title='bbox 675 476 917 557; x_wconf 84' lang='lat' dir='ltr'><strong>quidem</strong></span> <span class='ocrx_word' id='word_1_9' title='bbox 970 482 1242 555; x_wconf 89' lang='lat' dir='ltr'><strong>tempore</strong></span> <span class='ocrx_word' id='word_1_10' title='bbox 1269 473 1553 536; x_wconf 90' lang='lat' dir='ltr'><strong>subiisset</strong></span> <span class='ocrx_word' id='word_1_11' title='bbox 1599 472 1969 555; x_wconf 78' lang='lat' dir='ltr'><strong>martyrium,</strong></span> 
     </span>
    </p>
   </div>
   <div class='ocr_carea' id='block_1_5' title="bbox 2071 465 3705 557">
    <p class='ocr_par' dir='ltr' id='par_1_5' title="bbox 2071 465 3705 552">
     <span class='ocr_line' id='line_1_5' title="bbox 2071 465 3705 552; baseline -0.002 -25"><span class='ocrx_word' id='word_1_12' title='bbox 2071 472 2171 552; x_wconf 75' lang='grc' dir='ltr'>ἔχει</span> <span class='ocrx_word' id='word_1_13' title='bbox 2227 470 2515 548; x_wconf 80' lang='grc' dir='ltr'>βουληθεῖς</span> <span class='ocrx_word' id='word_1_14' title='bbox 2570 468 2687 548; x_wconf 75' lang='grc' dir='ltr'>ἄρτι</span> <span class='ocrx_word' id='word_1_15' title='bbox 2756 469 2855 536; x_wconf 76' lang='grc' dir='ltr'>τὴν</span> <span class='ocrx_word' id='word_1_16' title='bbox 2912 466 3067 526; x_wconf 85' lang='grc' dir='ltr'>πόλιν</span> <span class='ocrx_word' id='word_1_17' title='bbox 3135 489 3308 524; x_wconf 86' lang='grc' dir='ltr'>πασαν</span> <span class='ocrx_word' id='word_1_18' title='bbox 3377 465 3444 524; x_wconf 86' lang='grc' dir='ltr'>δι’</span> <span class='ocrx_word' id='word_1_19' title='bbox 3516 468 3705 524; x_wconf 77' lang='grc' dir='ltr'>ἑαυτοῦ</span> 
     </span>
    </p>
   </div>
   <div class='ocr_carea' id='block_1_6' title="bbox 334 563 1972 649">
    <p class='ocr_par' dir='ltr' id='par_1_6' title="bbox 334 563 1972 649">
     <span class='ocr_line' id='line_1_6' title="bbox 334 563 1972 649; baseline -0.004 -20"><span class='ocrx_word' id='word_1_20' title='bbox 334 586 441 649; x_wconf 89' lang='lat' dir='ltr'><strong>pro</strong></span> <span class='ocrx_word' id='word_1_21' title='bbox 484 586 550 628; x_wconf 89' lang='lat' dir='ltr'><strong>se</strong></span> <span class='ocrx_word' id='word_1_22' title='bbox 594 567 787 628; x_wconf 90' lang='lat' dir='ltr'><strong>solum</strong></span> <span class='ocrx_word' id='word_1_23' title='bbox 838 565 1167 645; x_wconf 80' lang='lat' dir='ltr'><strong>accepisset</strong></span> <span class='ocrx_word' id='word_1_24' title='bbox 1212 581 1515 637; x_wconf 83' lang='lat' dir='ltr'><strong>coronam,</strong></span> <span class='ocrx_word' id='word_1_25' title='bbox 1552 563 1730 626; x_wconf 89' lang='lat' dir='ltr'><strong>hodie</strong></span> <span class='ocrx_word' id='word_1_26' title='bbox 1778 572 1972 625; x_wconf 84' lang='lat' dir='ltr'><strong>autem</strong></span> 
     </span>
    </p>
   </div>
   <div class='ocr_carea' id='block_1_7' title="bbox 333 652 1976 738">
    <p class='ocr_par' dir='ltr' id='par_1_7' title="bbox 333 652 1976 738">
     <span class='ocr_line' id='line_1_7' title="bbox 333 652 1976 738; baseline -0.004 -19"><span class='ocrx_word' id='word_1_27' title='bbox 333 676 441 738; x_wconf 92' lang='lat' dir='ltr'><strong>pro</strong></span> <span class='ocrx_word' id='word_1_28' title='bbox 473 658 566 736; x_wconf 88' lang='lat' dir='ltr'><strong>iis,</strong></span> <span class='ocrx_word' id='word_1_29' title='bbox 587 661 687 737; x_wconf 85' lang='lat' dir='ltr'><strong>qui</strong></span> <span class='ocrx_word' id='word_1_30' title='bbox 717 654 1048 735; x_wconf 76' lang='lat' dir='ltr'><strong>decertant,</strong></span> <span class='ocrx_word' id='word_1_31' title='bbox 1072 653 1326 732; x_wconf 83' lang='lat' dir='ltr'><strong>accipiet</strong></span> <span class='ocrx_word' id='word_1_32' title='bbox 1348 653 1712 715; x_wconf 84' lang='lat' dir='ltr'><strong>mercedem:</strong></span> <span class='ocrx_word' id='word_1_33' title='bbox 1739 652 1976 714; x_wconf 90' lang='lat' dir='ltr'><strong>intuens</strong></span> 
     </span>
    </p>
   </div>
   <div class='ocr_carea' id='block_1_8' title="bbox 332 742 1972 822">
    <p class='ocr_par' dir='ltr' id='par_1_8' title="bbox 332 742 1972 822">
     <span class='ocr_line' id='line_1_8' title="bbox 332 742 1972 822; baseline -0.004 -14"><span class='ocrx_word' id='word_1_34' title='bbox 332 747 405 807; x_wconf 88' lang='lat' dir='ltr'><strong>ad</strong></span> <span class='ocrx_word' id='word_1_35' title='bbox 436 763 707 819; x_wconf 83' lang='lat' dir='ltr'><strong>coronas,</strong></span> <span class='ocrx_word' id='word_1_36' title='bbox 736 746 936 805; x_wconf 76' lang='lat' dir='ltr'><strong>statuit</strong></span> <span class='ocrx_word' id='word_1_37' title='bbox 963 751 1020 804; x_wconf 88' lang='lat' dir='ltr'><strong>et</strong></span> <span class='ocrx_word' id='word_1_38' title='bbox 1051 744 1237 822; x_wconf 83' lang='lat' dir='ltr'><strong>magis</strong></span> <span class='ocrx_word' id='word_1_39' title='bbox 1258 759 1506 821; x_wconf 82' lang='lat' dir='ltr'><strong>arguere</strong></span> <span class='ocrx_word' id='word_1_40' title='bbox 1538 742 1972 822; x_wconf 89' lang='lat' dir='ltr'><strong>deceptionem,</strong></span> 
     </span>
    </p>
   </div>
   <div class='ocr_carea' id='block_1_9' title="bbox 334 831 1978 912">
    <p class='ocr_par' dir='ltr' id='par_1_9' title="bbox 334 831 1978 912">
     <span class='ocr_line' id='line_1_9' title="bbox 334 831 1978 912; baseline -0.003 -15"><span class='ocrx_word' id='word_1_41' title='bbox 334 843 394 897; x_wconf 91' lang='lat' dir='ltr'><strong>et</strong></span> <span class='ocrx_word' id='word_1_42' title='bbox 424 835 735 897; x_wconf 83' lang='lat' dir='ltr'><strong>traducere</strong></span> <span class='ocrx_word' id='word_1_43' title='bbox 763 833 1056 894; x_wconf 85' lang='lat' dir='ltr'><strong>civitatem</strong></span> <span class='ocrx_word' id='word_1_44' title='bbox 1084 832 1157 893; x_wconf 92' lang='lat' dir='ltr'><strong>ab</strong></span> <span class='ocrx_word' id='word_1_45' title='bbox 1179 849 1383 892; x_wconf 88' lang='lat' dir='ltr'><strong>errore</strong></span> <span class='ocrx_word' id='word_1_46' title='bbox 1402 831 1826 910; x_wconf 84' lang='lat' dir='ltr'><strong>gentillium,et</strong></span> <span class='ocrx_word' id='word_1_47' title='bbox 1848 848 1978 912; x_wconf 90' lang='lat' dir='ltr'><strong>per-</strong></span> 
     </span>
    </p>
   </div>
   <div class='ocr_carea' id='block_1_10' title="bbox 334 919 1974 1000">
    <p class='ocr_par' dir='ltr' id='par_1_10' title="bbox 334 919 1974 1000">
     <span class='ocr_line' id='line_1_10' title="bbox 334 919 1974 1000; baseline -0.005 -14"><span class='ocrx_word' id='word_1_48' title='bbox 334 924 585 986; x_wconf 83' lang='lat' dir='ltr'><strong>suadere</strong></span> <span class='ocrx_word' id='word_1_49' title='bbox 610 921 913 997; x_wconf 90' lang='lat' dir='ltr'><strong>omnibus,</strong></span> <span class='ocrx_word' id='word_1_50' title='bbox 938 928 1002 982; x_wconf 89' lang='lat' dir='ltr'><strong>ut</strong></span> <span class='ocrx_word' id='word_1_51' title='bbox 1031 920 1263 982; x_wconf 85' lang='lat' dir='ltr'><strong>discant</strong></span> <span class='ocrx_word' id='word_1_52' title='bbox 1293 919 1596 1000; x_wconf 87' lang='lat' dir='ltr'><strong>pietatem,</strong></span> <span class='ocrx_word' id='word_1_53' title='bbox 1621 927 1677 981; x_wconf 91' lang='lat' dir='ltr'><strong>et</strong></span> <span class='ocrx_word' id='word_1_54' title='bbox 1711 920 1974 1000; x_wconf 88' lang='lat' dir='ltr'><strong>seipsum</strong></span> 
     </span>
    </p>
   </div>
   <div class='ocr_carea' id='block_1_11' title="bbox 332 1008 1980 1089">
    <p class='ocr_par' dir='ltr' id='par_1_11' title="bbox 332 1008 1980 1089">
     <span class='ocr_line' id='line_1_11' title="bbox 332 1008 1980 1089; baseline -0.004 -15"><span class='ocrx_word' id='word_1_55' title='bbox 332 1013 585 1074; x_wconf 88' lang='lat' dir='ltr'><strong>reddere</strong></span> <span class='ocrx_word' id='word_1_56' title='bbox 601 1010 1466 1077; x_wconf 83' lang='lat' dir='ltr'><strong>manifestum,etcertaminum</strong></span> <span class='ocrx_word' id='word_1_57' title='bbox 1481 1008 1826 1071; x_wconf 86' lang='lat' dir='ltr'><strong>occasiones</strong></span> <span class='ocrx_word' id='word_1_58' title='bbox 1850 1009 1980 1089; x_wconf 88' lang='lat' dir='ltr'><strong>ipse</strong></span> 
     </span>
    </p>
   </div>
   <div class='ocr_carea' id='block_1_12' title="bbox 334 1096 1982 1179">
    <p class='ocr_par' dir='ltr' id='par_1_12' title="bbox 334 1096 1982 1179">
     <span class='ocr_line' id='line_1_12' title="bbox 334 1096 1982 1179; baseline -0.003 -19"><span class='ocrx_word' id='word_1_59' title='bbox 334 1109 613 1178; x_wconf 88' lang='lat' dir='ltr'><strong>tanquam</strong></span> <span class='ocrx_word' id='word_1_60' title='bbox 642 1116 815 1160; x_wconf 88' lang='lat' dir='ltr'><strong>ansas</strong></span> <span class='ocrx_word' id='word_1_61' title='bbox 834 1096 1104 1178; x_wconf 68' lang='lat' dir='ltr'><strong>praebere</strong></span> <span class='ocrx_word' id='word_1_62' title='bbox 1124 1096 1577 1170; x_wconf 87' lang='lat' dir='ltr'><strong>aliis.Quoniam</strong></span> <span class='ocrx_word' id='word_1_63' title='bbox 1595 1116 1733 1161; x_wconf 90' lang='lat' dir='ltr'><strong>vero</strong></span> <span class='ocrx_word' id='word_1_64' title='bbox 1758 1098 1982 1179; x_wconf 86' lang='lat' dir='ltr'><strong>perspi-</strong></span> 
     </span>
    </p>
   </div>
   <div class='ocr_carea' id='block_1_13' title="bbox 332 1186 1981 1269">
    <p class='ocr_par' dir='ltr' id='par_1_13' title="bbox 332 1186 1981 1269">
     <span class='ocr_line' id='line_1_13' title="bbox 332 1186 1981 1269; baseline -0.002 -19"><span class='ocrx_word' id='word_1_65' title='bbox 332 1188 528 1250; x_wconf 86' lang='lat' dir='ltr'><strong>ciebat</strong></span> <span class='ocrx_word' id='word_1_66' title='bbox 583 1186 1025 1249; x_wconf 82' lang='lat' dir='ltr'><strong>multitudinem</strong></span> <span class='ocrx_word' id='word_1_67' title='bbox 1082 1205 1458 1268; x_wconf 85' lang='lat' dir='ltr'><strong>nequaquam</strong></span> <span class='ocrx_word' id='word_1_68' title='bbox 1495 1188 1734 1269; x_wconf 85' lang='lat' dir='ltr'><strong>quidem</strong></span> <span class='ocrx_word' id='word_1_69' title='bbox 1796 1187 1981 1247; x_wconf 89' lang='lat' dir='ltr'><strong>nudas</strong></span> 
     </span>
    </p>
   </div>
   <div class='ocr_carea' id='block_1_14' title="bbox 331 1276 1982 1357">
    <p class='ocr_par' dir='ltr' id='par_1_14' title="bbox 331 1276 1982 1357">
     <span class='ocr_line' id='line_1_14' title="bbox 331 1276 1982 1357; baseline -0.002 -18"><span class='ocrx_word' id='word_1_70' title='bbox 331 1276 644 1339; x_wconf 79' lang='lat' dir='ltr'><strong>admittere</strong></span> <span class='ocrx_word' id='word_1_71' title='bbox 702 1277 1175 1353; x_wconf 83' lang='lat' dir='ltr'><strong>adhortationes,</strong></span> <span class='ocrx_word' id='word_1_72' title='bbox 1212 1276 1316 1338; x_wconf 88' lang='lat' dir='ltr'><strong>sed</strong></span> <span class='ocrx_word' id='word_1_73' title='bbox 1368 1295 1467 1338; x_wconf 89' lang='lat' dir='ltr'><strong>eas</strong></span> <span class='ocrx_word' id='word_1_74' title='bbox 1523 1277 1718 1357; x_wconf 84' lang='lat' dir='ltr'><strong>potius</strong></span> <span class='ocrx_word' id='word_1_75' title='bbox 1763 1276 1982 1337; x_wconf 88' lang='lat' dir='ltr'><strong>habere</strong></span> 
     </span>
    </p>
   </div>
   <div class='ocr_carea' id='block_1_15' title="bbox 333 1365 1979 1447">
    <p class='ocr_par' dir='ltr' id='par_1_15' title="bbox 333 1365 1979 1447">
     <span class='ocr_line' id='line_1_15' title="bbox 333 1365 1979 1447; baseline -0.001 -20"><span class='ocrx_word' id='word_1_76' title='bbox 333 1379 665 1447; x_wconf 82' lang='lat' dir='ltr'><strong>suspectas,</strong></span> <span class='ocrx_word' id='word_1_77' title='bbox 695 1365 928 1428; x_wconf 83' lang='lat' dir='ltr'><strong>facilius</strong></span> <span class='ocrx_word' id='word_1_78' title='bbox 950 1373 1153 1428; x_wconf 90' lang='lat' dir='ltr'><strong>autem</strong></span> <span class='ocrx_word' id='word_1_79' title='bbox 1187 1366 1316 1446; x_wconf 91' lang='lat' dir='ltr'><strong>capi</strong></span> <span class='ocrx_word' id='word_1_80' title='bbox 1347 1385 1381 1427; x_wconf 90' lang='lat' dir='ltr'><strong>a</strong></span> <span class='ocrx_word' id='word_1_81' title='bbox 1412 1366 1556 1439; x_wconf 85' lang='lat' dir='ltr'><strong>ﬁde,</strong></span> <span class='ocrx_word' id='word_1_82' title='bbox 1585 1385 1716 1446; x_wconf 85' lang='lat' dir='ltr'><strong>quae</strong></span> <span class='ocrx_word' id='word_1_83' title='bbox 1741 1365 1979 1445; x_wconf 84' lang='lat' dir='ltr'><strong>proﬁci-</strong></span> 
     </span>
    </p>
   </div>
   <div class='ocr_carea' id='block_1_16' title="bbox 334 1454 1978 1536">
    <p class='ocr_par' dir='ltr' id='par_1_16' title="bbox 334 1454 1978 1536">
     <span class='ocr_line' id='line_1_16' title="bbox 334 1454 1978 1536; baseline -0.002 -19"><span class='ocrx_word' id='word_1_84' title='bbox 334 1454 522 1517; x_wconf 84' lang='lat' dir='ltr'><strong>scitur</strong></span> <span class='ocrx_word' id='word_1_85' title='bbox 567 1475 638 1518; x_wconf 84' lang='lat' dir='ltr'><strong>ex</strong></span> <span class='ocrx_word' id='word_1_86' title='bbox 683 1454 989 1536; x_wconf 72' lang='lat' dir='ltr'><strong>Operibus,</strong></span> <span class='ocrx_word' id='word_1_87' title='bbox 1028 1472 1215 1535; x_wconf 90' lang='lat' dir='ltr'><strong>pauca</strong></span> <span class='ocrx_word' id='word_1_88' title='bbox 1264 1456 1509 1536; x_wconf 83' lang='lat' dir='ltr'><strong>docens,</strong></span> <span class='ocrx_word' id='word_1_89' title='bbox 1542 1455 1722 1535; x_wconf 86' lang='lat' dir='ltr'><strong>idque</strong></span> <span class='ocrx_word' id='word_1_90' title='bbox 1765 1455 1978 1527; x_wconf 91' lang='lat' dir='ltr'><strong>solum,</strong></span> 
     </span>
    </p>
   </div>
   <div class='ocr_carea' id='block_1_17' title="bbox 335 1543 1977 1624">
    <p class='ocr_par' dir='ltr' id='par_1_17' title="bbox 335 1543 1977 1624">
     <span class='ocr_line' id='line_1_17' title="bbox 335 1543 1977 1624; baseline 0.001 -19"><span class='ocrx_word' id='word_1_91' title='bbox 335 1544 570 1624; x_wconf 87' lang='lat' dir='ltr'><strong>quando</strong></span> <span class='ocrx_word' id='word_1_92' title='bbox 588 1544 826 1605; x_wconf 77' lang='lat' dir='ltr'><strong>videbat</strong></span> <span class='ocrx_word' id='word_1_93' title='bbox 847 1545 1289 1623; x_wconf 84' lang='lat' dir='ltr'><strong>interrogantes</strong></span> <span class='ocrx_word' id='word_1_94' title='bbox 1311 1556 1371 1605; x_wconf 90' lang='lat' dir='ltr'><strong>et</strong></span> <span class='ocrx_word' id='word_1_95' title='bbox 1401 1545 1706 1624; x_wconf 89' lang='lat' dir='ltr'><strong>cupientes</strong></span> <span class='ocrx_word' id='word_1_96' title='bbox 1724 1543 1977 1607; x_wconf 85' lang='lat' dir='ltr'><strong>discere:</strong></span> 
     </span>
    </p>
   </div>
   <div class='ocr_carea' id='block_1_18' title="bbox 337 1632 1977 1715">
    <p class='ocr_par' dir='ltr' id='par_1_18' title="bbox 337 1632 1977 1715">
     <span class='ocr_line' id='line_1_18' title="bbox 337 1632 1977 1715; baseline -0.001 -21"><span class='ocrx_word' id='word_1_97' title='bbox 337 1651 551 1712; x_wconf 87' lang='lat' dir='ltr'><strong>magna</strong></span> <span class='ocrx_word' id='word_1_98' title='bbox 599 1653 666 1695; x_wconf 84' lang='lat' dir='ltr'><strong>ex</strong></span> <span class='ocrx_word' id='word_1_99' title='bbox 701 1642 866 1715; x_wconf 86' lang='lat' dir='ltr'><strong>parte</strong></span> <span class='ocrx_word' id='word_1_100' title='bbox 911 1642 1109 1695; x_wconf 89' lang='lat' dir='ltr'><strong>autem</strong></span> <span class='ocrx_word' id='word_1_101' title='bbox 1159 1651 1263 1695; x_wconf 91' lang='lat' dir='ltr'><strong>eos</strong></span> <span class='ocrx_word' id='word_1_102' title='bbox 1308 1651 1418 1714; x_wconf 89' lang='lat' dir='ltr'><strong>per</strong></span> <span class='ocrx_word' id='word_1_103' title='bbox 1446 1634 1610 1709; x_wconf 82' lang='lat' dir='ltr'><strong>signa</strong></span> <span class='ocrx_word' id='word_1_104' title='bbox 1662 1632 1977 1703; x_wconf 87' lang='lat' dir='ltr'><strong>inducens,</strong></span> 
     </span>
    </p>
   </div>
   <div class='ocr_carea' id='block_1_19' title="bbox 337 1721 1978 1805">
    <p class='ocr_par' dir='ltr' id='par_1_19' title="bbox 337 1721 1978 1805">
     <span class='ocr_line' id='line_1_19' title="bbox 337 1721 1978 1805; baseline -0.001 -22"><span class='ocrx_word' id='word_1_105' title='bbox 337 1722 486 1784; x_wconf 90' lang='lat' dir='ltr'><strong>adeo</strong></span> <span class='ocrx_word' id='word_1_106' title='bbox 514 1721 768 1785; x_wconf 82' lang='lat' dir='ltr'><strong>breviad</strong></span> <span class='ocrx_word' id='word_1_107' title='bbox 788 1722 1336 1805; x_wconf 82' lang='lat' dir='ltr'><strong>eam,quaelatebat,</strong></span> <span class='ocrx_word' id='word_1_108' title='bbox 1362 1722 1620 1784; x_wconf 82' lang='lat' dir='ltr'><strong>traduxit</strong></span> <span class='ocrx_word' id='word_1_109' title='bbox 1639 1724 1978 1802; x_wconf 82' lang='lat' dir='ltr'><strong>veritatem,</strong></span> 
     </span>
    </p>
   </div>
   <div class='ocr_carea' id='block_1_20' title="bbox 2058 553 3707 638">
    <p class='ocr_par' dir='ltr' id='par_1_20' title="bbox 2058 553 3707 638">
     <span class='ocr_line' id='line_1_20' title="bbox 2058 553 3707 638; baseline -0.004 -21"><span class='ocrx_word' id='word_1_110' title='bbox 2058 563 2362 636; x_wconf 78' lang='grc' dir='ltr'><strong>μεταθεῖναι</strong></span> <span class='ocrx_word' id='word_1_111' title='bbox 2435 562 2566 638; x_wconf 79' lang='grc' dir='ltr'>πρὸς</span> <span class='ocrx_word' id='word_1_112' title='bbox 2622 556 2943 633; x_wconf 77' lang='grc' dir='ltr'>θεοσέϐειαν,</span> <span class='ocrx_word' id='word_1_113' title='bbox 3002 558 3091 614; x_wconf 80' lang='grc' dir='ltr'><strong>καὶ</strong></span> <span class='ocrx_word' id='word_1_114' title='bbox 3151 558 3225 621; x_wconf 79' lang='grc' dir='ltr'>ὡς</span> <span class='ocrx_word' id='word_1_115' title='bbox 3294 556 3349 612; x_wconf 82' lang='grc' dir='ltr'><strong>ἐν</strong></span> <span class='ocrx_word' id='word_1_116' title='bbox 3405 553 3552 628; x_wconf 78' lang='grc' dir='ltr'>ἄλλῳ</span> <span class='ocrx_word' id='word_1_117' title='bbox 3608 556 3707 632; x_wconf 80' lang='grc' dir='ltr'>μὲν</span> 
     </span>
    </p>
   </div>
   <div class='ocr_carea' id='block_1_21' title="bbox 2057 644 3709 729">
    <p class='ocr_par' dir='ltr' id='par_1_21' title="bbox 2057 644 3709 729">
     <span class='ocr_line' id='line_1_21' title="bbox 2057 644 3709 729; baseline -0.002 -24"><span class='ocrx_word' id='word_1_118' title='bbox 2057 655 2227 726; x_wconf 84' lang='grc' dir='ltr'>καιρῷ</span> <span class='ocrx_word' id='word_1_119' title='bbox 2283 651 2652 729; x_wconf 69' lang='grc' dir='ltr'><strong>μαρτυρήσας,</strong></span> <span class='ocrx_word' id='word_1_120' title='bbox 2711 649 2804 704; x_wconf 82' lang='grc' dir='ltr'>τὸν</span> <span class='ocrx_word' id='word_1_121' title='bbox 2851 649 2980 727; x_wconf 78' lang='grc' dir='ltr'>ὑπὲρ</span> <span class='ocrx_word' id='word_1_122' title='bbox 3036 648 3218 705; x_wconf 79' lang='grc' dir='ltr'>ἑαυτοῦ</span> <span class='ocrx_word' id='word_1_123' title='bbox 3260 646 3422 720; x_wconf 89' lang='grc' dir='ltr'>μόνον</span> <span class='ocrx_word' id='word_1_124' title='bbox 3474 644 3709 723; x_wconf 74' lang='grc' dir='ltr'>ἇπενέγιο</span> 
     </span>
    </p>
   </div>
   <div class='ocr_carea' id='block_1_22' title="bbox 2058 735 3711 818">
    <p class='ocr_par' dir='ltr' id='par_1_22' title="bbox 2058 735 3711 818">
     <span class='ocr_line' id='line_1_22' title="bbox 2058 735 3711 818; baseline -0.002 -23"><span class='ocrx_word' id='word_1_125' title='bbox 2058 761 2207 796; x_wconf 87' lang='grc' dir='ltr'>κοιτο</span> <span class='ocrx_word' id='word_1_126' title='bbox 2254 739 2531 818; x_wconf 80' lang='grc' dir='ltr'>στέφανον,</span> <span class='ocrx_word' id='word_1_127' title='bbox 2564 741 2797 816; x_wconf 80' lang='grc' dir='ltr'><strong>σήμερον</strong></span> <span class='ocrx_word' id='word_1_128' title='bbox 2840 736 2915 810; x_wconf 83' lang='grc' dir='ltr'>δὲ,</span> <span class='ocrx_word' id='word_1_129' title='bbox 2950 740 3039 794; x_wconf 84' lang='grc' dir='ltr'>καὶ</span> <span class='ocrx_word' id='word_1_130' title='bbox 3087 738 3180 794; x_wconf 79' lang='grc' dir='ltr'>τὸν</span> <span class='ocrx_word' id='word_1_131' title='bbox 3238 737 3368 810; x_wconf 80' lang='grc' dir='ltr'>ὑπὲρ</span> <span class='ocrx_word' id='word_1_132' title='bbox 3400 736 3504 792; x_wconf 80' lang='grc' dir='ltr'><strong>τῶν</strong></span> <span class='ocrx_word' id='word_1_133' title='bbox 3563 735 3711 814; x_wconf 77' lang='grc' dir='ltr'>ἀγω-</span> 
     </span>
    </p>
   </div>
   <div class='ocr_carea' id='block_1_23' title="bbox 2060 821 3709 903">
    <p class='ocr_par' dir='ltr' id='par_1_23' title="bbox 2060 821 3709 903">
     <span class='ocr_line' id='line_1_23' title="bbox 2060 821 3709 903; baseline -0.002 -20"><span class='ocrx_word' id='word_1_134' title='bbox 2060 828 2343 903; x_wconf 82' lang='grc' dir='ltr'>νιζομένων</span> <span class='ocrx_word' id='word_1_135' title='bbox 2402 829 2573 884; x_wconf 74' lang='grc' dir='ltr'>αὐτῶν</span> <span class='ocrx_word' id='word_1_136' title='bbox 2630 827 2816 901; x_wconf 82' lang='grc' dir='ltr'>μισθὸν</span> <span class='ocrx_word' id='word_1_137' title='bbox 2873 824 3127 901; x_wconf 82' lang='grc' dir='ltr'>λήψεται,</span> <span class='ocrx_word' id='word_1_138' title='bbox 3180 826 3268 881; x_wconf 81' lang='grc' dir='ltr'><strong>καὶ</strong></span> <span class='ocrx_word' id='word_1_139' title='bbox 3326 821 3527 880; x_wconf 83' lang='grc' dir='ltr'>ἀπιδὼν</span> <span class='ocrx_word' id='word_1_140' title='bbox 3575 825 3709 901; x_wconf 80' lang='grc' dir='ltr'>πρὸς</span> 
     </span>
    </p>
   </div>
   <div class='ocr_carea' id='block_1_24' title="bbox 2060 912 3711 995">
    <p class='ocr_par' dir='ltr' id='par_1_24' title="bbox 2060 912 3711 995">
     <span class='ocr_line' id='line_1_24' title="bbox 2060 912 3711 995; baseline -0.005 -21"><span class='ocrx_word' id='word_1_141' title='bbox 2060 918 2181 980; x_wconf 86' lang='grc' dir='ltr'>τοὺς</span> <span class='ocrx_word' id='word_1_142' title='bbox 2266 916 2544 979; x_wconf 82' lang='grc' dir='ltr'><strong>τοσούτους</strong></span> <span class='ocrx_word' id='word_1_143' title='bbox 2615 916 2922 995; x_wconf 70' lang='grc' dir='ltr'><strong>στεφάνους,</strong></span> <span class='ocrx_word' id='word_1_144' title='bbox 2989 915 3129 992; x_wconf 69' lang='grc' dir='ltr'>ἔγνω</span> <span class='ocrx_word' id='word_1_145' title='bbox 3196 915 3298 984; x_wconf 88' lang='grc' dir='ltr'><strong>τήν</strong></span> <span class='ocrx_word' id='word_1_146' title='bbox 3370 935 3427 969; x_wconf 91' lang='grc' dir='ltr'><strong>τε</strong></span> <span class='ocrx_word' id='word_1_147' title='bbox 3496 912 3711 978; x_wconf 78' lang='grc' dir='ltr'>ἀπάτην</span> 
     </span>
    </p>
   </div>
   <div class='ocr_carea' id='block_1_25' title="bbox 2061 1000 3712 1085">
    <p class='ocr_par' dir='ltr' id='par_1_25' title="bbox 2061 1000 3712 1085">
     <span class='ocr_line' id='line_1_25' title="bbox 2061 1000 3712 1085; baseline -0.002 -23"><span class='ocrx_word' id='word_1_148' title='bbox 2061 1006 2266 1083; x_wconf 82' lang='grc' dir='ltr'>μᾶλλον</span> <span class='ocrx_word' id='word_1_149' title='bbox 2316 1003 2548 1085; x_wconf 80' lang='grc' dir='ltr'>ἐλέγξαι,</span> <span class='ocrx_word' id='word_1_150' title='bbox 2582 1005 2668 1062; x_wconf 79' lang='grc' dir='ltr'><strong>καὶ</strong></span> <span class='ocrx_word' id='word_1_151' title='bbox 2710 1005 3044 1079; x_wconf 75' lang='grc' dir='ltr'>μεταστῆσαι</span> <span class='ocrx_word' id='word_1_152' title='bbox 3073 1009 3173 1070; x_wconf 78' lang='grc' dir='ltr'>τῆς</span> <span class='ocrx_word' id='word_1_153' title='bbox 3223 1001 3509 1073; x_wconf 78' lang='grc' dir='ltr'>ἑλληνικῆς</span> <span class='ocrx_word' id='word_1_154' title='bbox 3567 1000 3712 1059; x_wconf 85' lang='grc' dir='ltr'>πλά-</span> 
     </span>
    </p>
   </div>
   <div class='ocr_carea' id='block_1_26' title="bbox 2064 1090 3710 1174">
    <p class='ocr_par' dir='ltr' id='par_1_26' title="bbox 2064 1090 3710 1174">
     <span class='ocr_line' id='line_1_26' title="bbox 2064 1090 3710 1174; baseline -0.004 -22"><span class='ocrx_word' id='word_1_155' title='bbox 2064 1119 2183 1174; x_wconf 85' lang='grc' dir='ltr'>νης,</span> <span class='ocrx_word' id='word_1_156' title='bbox 2217 1098 2314 1163; x_wconf 76' lang='grc' dir='ltr'>τὴν</span> <span class='ocrx_word' id='word_1_157' title='bbox 2371 1094 2551 1174; x_wconf 84' lang='grc' dir='ltr'>πόλιν,</span> <span class='ocrx_word' id='word_1_158' title='bbox 2601 1095 2689 1150; x_wconf 78' lang='grc' dir='ltr'><strong>καὶ</strong></span> <span class='ocrx_word' id='word_1_159' title='bbox 2737 1106 2923 1150; x_wconf 84' lang='grc' dir='ltr'>πεῖσαι</span> <span class='ocrx_word' id='word_1_160' title='bbox 2977 1094 3179 1155; x_wconf 64' lang='grc' dir='ltr'>πάντας</span> <span class='ocrx_word' id='word_1_161' title='bbox 3237 1094 3563 1167; x_wconf 69' lang='grc' dir='ltr'>μεταμαθεῖν</span> <span class='ocrx_word' id='word_1_162' title='bbox 3613 1090 3710 1158; x_wconf 80' lang='grc' dir='ltr'>τὴν</span> 
     </span>
    </p>
   </div>
   <div class='ocr_carea' id='block_1_27' title="bbox 2064 1181 3711 1262">
    <p class='ocr_par' dir='ltr' id='par_1_27' title="bbox 2064 1181 3711 1262">
     <span class='ocr_line' id='line_1_27' title="bbox 2064 1181 3711 1262; baseline -0.004 -21"><span class='ocrx_word' id='word_1_163' title='bbox 2064 1183 2352 1245; x_wconf 56' lang='grc' dir='ltr'>εὐσέϐειαν</span> <span class='ocrx_word' id='word_1_164' title='bbox 2417 1184 2639 1262; x_wconf 78' lang='grc' dir='ltr'>φανερόν</span> <span class='ocrx_word' id='word_1_165' title='bbox 2697 1204 2754 1239; x_wconf 89' lang='grc' dir='ltr'><strong>τε</strong></span> <span class='ocrx_word' id='word_1_166' title='bbox 2815 1183 3000 1241; x_wconf 80' lang='grc' dir='ltr'>ἑαυτὸν</span> <span class='ocrx_word' id='word_1_167' title='bbox 3054 1181 3413 1255; x_wconf 73' lang='grc' dir='ltr'>καταστῆσαι,</span> <span class='ocrx_word' id='word_1_168' title='bbox 3475 1181 3561 1237; x_wconf 72' lang='grc' dir='ltr'><strong>καὶ</strong></span> <span class='ocrx_word' id='word_1_169' title='bbox 3614 1184 3711 1244; x_wconf 77' lang='grc' dir='ltr'>τὰς</span> 
     </span>
    </p>
   </div>
   <div class='ocr_carea' id='block_1_28' title="bbox 2062 1268 3713 1354">
    <p class='ocr_par' dir='ltr' id='par_1_28' title="bbox 2062 1268 3713 1354">
     <span class='ocr_line' id='line_1_28' title="bbox 2062 1268 3713 1354; baseline -0.004 -24"><span class='ocrx_word' id='word_1_170' title='bbox 2062 1274 2302 1354; x_wconf 76' lang='grc' dir='ltr'>ἀφορμὰς</span> <span class='ocrx_word' id='word_1_171' title='bbox 2357 1275 2462 1331; x_wconf 82' lang='grc' dir='ltr'>τῶν</span> <span class='ocrx_word' id='word_1_172' title='bbox 2519 1272 2739 1351; x_wconf 82' lang='grc' dir='ltr'>ἀγώνων</span> <span class='ocrx_word' id='word_1_173' title='bbox 2787 1273 2861 1335; x_wconf 80' lang='grc' dir='ltr'>ὡς</span> <span class='ocrx_word' id='word_1_174' title='bbox 2921 1268 3084 1336; x_wconf 75' lang='grc' dir='ltr'>λαϐὰς</span> <span class='ocrx_word' id='word_1_175' title='bbox 3138 1284 3259 1333; x_wconf 82' lang='grc' dir='ltr'>τοῖς</span> <span class='ocrx_word' id='word_1_176' title='bbox 3312 1269 3494 1333; x_wconf 80' lang='grc' dir='ltr'>ἄλλοις</span> <span class='ocrx_word' id='word_1_177' title='bbox 3551 1270 3713 1326; x_wconf 73' lang='grc' dir='ltr'>αὐτὸν</span> 
     </span>
    </p>
   </div>
   <div class='ocr_carea' id='block_1_29' title="bbox 2062 1359 3715 1443">
    <p class='ocr_par' dir='ltr' id='par_1_29' title="bbox 2062 1359 3715 1443">
     <span class='ocr_line' id='line_1_29' title="bbox 2062 1359 3715 1443; baseline -0.003 -23"><span class='ocrx_word' id='word_1_178' title='bbox 2062 1376 2388 1443; x_wconf 81' lang='grc' dir='ltr'>παρασχεῖν.</span> <span class='ocrx_word' id='word_1_179' title='bbox 2452 1361 2606 1421; x_wconf 76' lang='grc' dir='ltr'><strong>Ἐπεῖ</strong></span> <span class='ocrx_word' id='word_1_180' title='bbox 2667 1361 2790 1440; x_wconf 78' lang='grc' dir='ltr'><strong>γοῦν</strong></span> <span class='ocrx_word' id='word_1_181' title='bbox 2850 1359 3054 1418; x_wconf 75' lang='grc' dir='ltr'><strong>συνεῖδε</strong></span> <span class='ocrx_word' id='word_1_182' title='bbox 3098 1362 3159 1417; x_wconf 73' lang='grc' dir='ltr'>τὸ</span> <span class='ocrx_word' id='word_1_183' title='bbox 3207 1360 3435 1439; x_wconf 78' lang='grc' dir='ltr'>πλῆθος,</span> <span class='ocrx_word' id='word_1_184' title='bbox 3468 1360 3561 1424; x_wconf 79' lang='grc' dir='ltr'><strong>τὰς</strong></span> <span class='ocrx_word' id='word_1_185' title='bbox 3612 1360 3715 1434; x_wconf 79' lang='grc' dir='ltr'>μὲν</span> 
     </span>
    </p>
   </div>
   <div class='ocr_carea' id='block_1_30' title="bbox 2065 1448 3713 1531">
    <p class='ocr_par' dir='ltr' id='par_1_30' title="bbox 2065 1448 3713 1531">
     <span class='ocr_line' id='line_1_30' title="bbox 2065 1448 3713 1531; baseline -0.002 -22"><span class='ocrx_word' id='word_1_186' title='bbox 2065 1452 2225 1529; x_wconf 79' lang='grc' dir='ltr'>ψιλὰς</span> <span class='ocrx_word' id='word_1_187' title='bbox 2280 1451 2615 1530; x_wconf 75' lang='grc' dir='ltr'>παραινέσεις</span> <span class='ocrx_word' id='word_1_188' title='bbox 2671 1451 2787 1508; x_wconf 72' lang='grc' dir='ltr'>οὔτε</span> <span class='ocrx_word' id='word_1_189' title='bbox 2844 1450 3133 1531; x_wconf 86' lang='grc' dir='ltr'>προσέχον,</span> <span class='ocrx_word' id='word_1_190' title='bbox 3194 1452 3284 1507; x_wconf 76' lang='grc' dir='ltr'>καὶ</span> <span class='ocrx_word' id='word_1_191' title='bbox 3340 1448 3413 1505; x_wconf 84' lang='grc' dir='ltr'><strong>δι’</strong></span> <span class='ocrx_word' id='word_1_192' title='bbox 3479 1451 3713 1525; x_wconf 76' lang='grc' dir='ltr'>ὑποψίας</span> 
     </span>
    </p>
   </div>
   <div class='ocr_carea' id='block_1_31' title="bbox 2064 1539 3715 1624">
    <p class='ocr_par' dir='ltr' id='par_1_31' title="bbox 2064 1539 3715 1624">
     <span class='ocr_line' id='line_1_31' title="bbox 2064 1539 3715 1624; baseline -0.003 -23"><span class='ocrx_word' id='word_1_193' title='bbox 2064 1546 2409 1624; x_wconf 68' lang='grc' dir='ltr'>ποιούμενον,</span> <span class='ocrx_word' id='word_1_194' title='bbox 2454 1545 2586 1621; x_wconf 82' lang='grc' dir='ltr'>πρὸς</span> <span class='ocrx_word' id='word_1_195' title='bbox 2646 1541 2700 1599; x_wconf 73' lang='grc' dir='ltr'>δὲ</span> <span class='ocrx_word' id='word_1_196' title='bbox 2756 1543 2856 1609; x_wconf 73' lang='grc' dir='ltr'>τὴν</span> <span class='ocrx_word' id='word_1_197' title='bbox 2911 1540 2963 1608; x_wconf 78' lang='grc' dir='ltr'>ἐξ</span> <span class='ocrx_word' id='word_1_198' title='bbox 3024 1540 3190 1619; x_wconf 81' lang='grc' dir='ltr'>ἔργων</span> <span class='ocrx_word' id='word_1_199' title='bbox 3250 1544 3425 1599; x_wconf 88' lang='grc' dir='ltr'>πίστιν</span> <span class='ocrx_word' id='word_1_200' title='bbox 3477 1539 3715 1602; x_wconf 71' lang='grc' dir='ltr'>εὐκόλως</span> 
     </span>
    </p>
   </div>
   <div class='ocr_carea' id='block_1_32' title="bbox 2065 1629 3715 1714">
    <p class='ocr_par' dir='ltr' id='par_1_32' title="bbox 2065 1629 3715 1714">
     <span class='ocr_line' id='line_1_32' title="bbox 2065 1629 3715 1714; baseline -0.003 -25"><span class='ocrx_word' id='word_1_201' title='bbox 2065 1634 2436 1714; x_wconf 75' lang='grc' dir='ltr'>χειρούμενον,</span> <span class='ocrx_word' id='word_1_202' title='bbox 2486 1632 2637 1711; x_wconf 83' lang='grc' dir='ltr'>ὄλίγα</span> <span class='ocrx_word' id='word_1_203' title='bbox 2688 1630 2970 1702; x_wconf 74' lang='grc' dir='ltr'>διδάσκων,</span> <span class='ocrx_word' id='word_1_204' title='bbox 3020 1633 3106 1688; x_wconf 78' lang='grc' dir='ltr'><strong>καὶ</strong></span> <span class='ocrx_word' id='word_1_205' title='bbox 3165 1638 3343 1705; x_wconf 82' lang='grc' dir='ltr'>τοῦτο,</span> <span class='ocrx_word' id='word_1_206' title='bbox 3405 1630 3492 1687; x_wconf 79' lang='grc' dir='ltr'><strong>ὅτε</strong></span> <span class='ocrx_word' id='word_1_207' title='bbox 3549 1629 3715 1705; x_wconf 77' lang='grc' dir='ltr'>μόνον</span> 
     </span>
    </p>
   </div>
   <div class='ocr_carea' id='block_1_33' title="bbox 2064 1720 3715 1801">
    <p class='ocr_par' dir='ltr' id='par_1_33' title="bbox 2064 1720 3715 1801">
     <span class='ocr_line' id='line_1_33' title="bbox 2064 1720 3715 1801; baseline -0.003 -21"><span class='ocrx_word' id='word_1_208' title='bbox 2064 1724 2480 1797; x_wconf 71' lang='grc' dir='ltr'>πυνθανομένους</span> <span class='ocrx_word' id='word_1_209' title='bbox 2552 1722 2689 1801; x_wconf 77' lang='grc' dir='ltr'>ἑώρα</span> <span class='ocrx_word' id='word_1_210' title='bbox 2761 1723 2857 1778; x_wconf 76' lang='grc' dir='ltr'>καὶ</span> <span class='ocrx_word' id='word_1_211' title='bbox 2924 1720 3282 1801; x_wconf 81' lang='grc' dir='ltr'>γλιχομένους</span> <span class='ocrx_word' id='word_1_212' title='bbox 3354 1723 3574 1798; x_wconf 77' lang='grc' dir='ltr'>μαθαῖν,</span> <span class='ocrx_word' id='word_1_213' title='bbox 3644 1720 3715 1775; x_wconf 81' lang='grc' dir='ltr'>τὰ</span> 
     </span>
    </p>
   </div>
   <div class='ocr_carea' id='block_1_34' title="bbox 337 1808 1985 1894">
    <p class='ocr_par' dir='ltr' id='par_1_34' title="bbox 337 1812 1981 1894">
     <span class='ocr_line' id='line_1_34' title="bbox 337 1812 1981 1894; baseline -0.001 -21"><span class='ocrx_word' id='word_1_214' title='bbox 337 1819 400 1873; x_wconf 89' lang='lat' dir='ltr'><strong>ut</strong></span> <span class='ocrx_word' id='word_1_215' title='bbox 429 1812 649 1874; x_wconf 82' lang='lat' dir='ltr'><strong>fuerint</strong></span> <span class='ocrx_word' id='word_1_216' title='bbox 678 1830 889 1874; x_wconf 88' lang='lat' dir='ltr'><strong>omnes</strong></span> <span class='ocrx_word' id='word_1_217' title='bbox 921 1814 1109 1894; x_wconf 88' lang='lat' dir='ltr'><strong>parati</strong></span> <span class='ocrx_word' id='word_1_218' title='bbox 1139 1812 1477 1875; x_wconf 67' lang='lat' dir='ltr'><strong>daemonum</strong></span> <span class='ocrx_word' id='word_1_219' title='bbox 1509 1819 1730 1874; x_wconf 88' lang='lat' dir='ltr'><strong>statuas</strong></span> <span class='ocrx_word' id='word_1_220' title='bbox 1763 1819 1820 1872; x_wconf 86' lang='lat' dir='ltr'><strong>et</strong></span> <span class='ocrx_word' id='word_1_221' title='bbox 1849 1830 1981 1873; x_wconf 89' lang='lat' dir='ltr'><strong>aras</strong></span> 
     </span>
    </p>
   </div>
   <div class='ocr_carea' id='block_1_35' title="bbox 2071 1808 3715 1894">
    <p class='ocr_par' dir='ltr' id='par_1_35' title="bbox 2071 1808 3715 1887">
     <span class='ocr_line' id='line_1_35' title="bbox 2071 1808 3715 1887; baseline -0.004 -18"><span class='ocrx_word' id='word_1_222' title='bbox 2071 1811 2238 1869; x_wconf 82' lang='grc' dir='ltr'>πολλὰ</span> <span class='ocrx_word' id='word_1_223' title='bbox 2295 1809 2377 1867; x_wconf 79' lang='grc' dir='ltr'><strong>διὰ</strong></span> <span class='ocrx_word' id='word_1_224' title='bbox 2434 1817 2538 1868; x_wconf 81' lang='grc' dir='ltr'><strong>τῶν</strong></span> <span class='ocrx_word' id='word_1_225' title='bbox 2607 1811 2843 1884; x_wconf 84' lang='grc' dir='ltr'>σημείων</span> <span class='ocrx_word' id='word_1_226' title='bbox 2894 1811 3080 1872; x_wconf 70' lang='grc' dir='ltr'>αὖτοὺς</span> <span class='ocrx_word' id='word_1_227' title='bbox 3153 1809 3379 1887; x_wconf 80' lang='grc' dir='ltr'>ἐνάγων,</span> <span class='ocrx_word' id='word_1_228' title='bbox 3439 1808 3604 1870; x_wconf 65' lang='grc' dir='ltr'>οὕτως</span> <span class='ocrx_word' id='word_1_229' title='bbox 3656 1808 3715 1863; x_wconf 80' lang='grc' dir='ltr'><strong>ἐν</strong></span> 
     </span>
    </p>
   </div>
   <div class='ocr_carea' id='block_1_36' title="bbox 337 1900 1983 1982">
    <p class='ocr_par' dir='ltr' id='par_1_36' title="bbox 337 1900 1983 1982">
     <span class='ocr_line' id='line_1_36' title="bbox 337 1900 1983 1982; baseline -0.001 -19"><span class='ocrx_word' id='word_1_230' title='bbox 337 1901 629 1981; x_wconf 84' lang='lat' dir='ltr'><strong>dejicere,</strong></span> <span class='ocrx_word' id='word_1_231' title='bbox 663 1910 721 1964; x_wconf 91' lang='lat' dir='ltr'><strong>et</strong></span> <span class='ocrx_word' id='word_1_232' title='bbox 769 1901 843 1979; x_wconf 86' lang='lat' dir='ltr'><strong>si,</strong></span> <span class='ocrx_word' id='word_1_233' title='bbox 878 1902 1116 1980; x_wconf 87' lang='lat' dir='ltr'><strong>quando</strong></span> <span class='ocrx_word' id='word_1_234' title='bbox 1170 1902 1398 1975; x_wconf 91' lang='lat' dir='ltr'><strong>liceret,</strong></span> <span class='ocrx_word' id='word_1_235' title='bbox 1435 1920 1541 1982; x_wconf 89' lang='lat' dir='ltr'><strong>pro</strong></span> <span class='ocrx_word' id='word_1_236' title='bbox 1579 1900 1811 1964; x_wconf 89' lang='lat' dir='ltr'><strong>Christo</strong></span> <span class='ocrx_word' id='word_1_237' title='bbox 1865 1902 1983 1981; x_wconf 91' lang='lat' dir='ltr'><strong>pati</strong></span> 
     </span>
    </p>
   </div>
   <div class='ocr_carea' id='block_1_37' title="bbox 339 1988 1985 2072">
    <p class='ocr_par' dir='ltr' id='par_1_37' title="bbox 339 1988 1985 2072">
     <span class='ocr_line' id='line_1_37' title="bbox 339 1988 1985 2072; baseline 0 -21"><span class='ocrx_word' id='word_1_238' title='bbox 339 1999 590 2052; x_wconf 89' lang='lat' dir='ltr'><strong>mortem</strong></span> <span class='ocrx_word' id='word_1_239' title='bbox 627 1998 898 2072; x_wconf 89' lang='lat' dir='ltr'><strong>prompto</strong></span> <span class='ocrx_word' id='word_1_240' title='bbox 949 2001 1009 2053; x_wconf 92' lang='lat' dir='ltr'><strong>et</strong></span> <span class='ocrx_word' id='word_1_241' title='bbox 1036 1991 1216 2052; x_wconf 89' lang='lat' dir='ltr'><strong>alacri</strong></span> <span class='ocrx_word' id='word_1_242' title='bbox 1258 1989 1480 2051; x_wconf 91' lang='lat' dir='ltr'><strong>animo.</strong></span> <span class='ocrx_word' id='word_1_243' title='bbox 1516 1988 1660 2051; x_wconf 89' lang='lat' dir='ltr'><strong>Nam</strong></span> <span class='ocrx_word' id='word_1_244' title='bbox 1694 2008 1828 2051; x_wconf 90' lang='lat' dir='ltr'><strong>cum</strong></span> <span class='ocrx_word' id='word_1_245' title='bbox 1881 1990 1985 2052; x_wconf 92' lang='lat' dir='ltr'><strong>ille</strong></span> 
     </span>
    </p>
   </div>
   <div class='ocr_carea' id='block_1_38' title="bbox 340 2079 1985 2160">
    <p class='ocr_par' dir='ltr' id='par_1_38' title="bbox 340 2079 1985 2160">
     <span class='ocr_line' id='line_1_38' title="bbox 340 2079 1985 2160; baseline 0.001 -20"><span class='ocrx_word' id='word_1_246' title='bbox 340 2079 584 2160; x_wconf 88' lang='lat' dir='ltr'><strong>quidem</strong></span> <span class='ocrx_word' id='word_1_247' title='bbox 607 2098 737 2141; x_wconf 90' lang='lat' dir='ltr'><strong>cum</strong></span> <span class='ocrx_word' id='word_1_248' title='bbox 761 2079 944 2141; x_wconf 81' lang='lat' dir='ltr'><strong>rebus</strong></span> <span class='ocrx_word' id='word_1_249' title='bbox 976 2079 1232 2160; x_wconf 82' lang='lat' dir='ltr'><strong>publicis</strong></span> <span class='ocrx_word' id='word_1_250' title='bbox 1266 2080 1393 2159; x_wconf 87' lang='lat' dir='ltr'><strong>ipso</strong></span> <span class='ocrx_word' id='word_1_251' title='bbox 1422 2098 1659 2160; x_wconf 88' lang='lat' dir='ltr'><strong>quoque</strong></span> <span class='ocrx_word' id='word_1_252' title='bbox 1684 2079 1985 2159; x_wconf 86' lang='lat' dir='ltr'><strong>dignitatis</strong></span> 
     </span>
    </p>
   </div>
   <div class='ocr_carea' id='block_1_39' title="bbox 332 2167 1982 2245">
    <p class='ocr_par' dir='ltr' id='par_1_39' title="bbox 332 2167 1982 2245">
     <span class='ocr_line' id='line_1_39' title="bbox 332 2167 1982 2245; baseline -0.002 -13"><span class='ocrx_word' id='word_1_253' title='bbox 332 2172 480 2232; x_wconf 88' lang='lat' dir='ltr'><strong>fastu</strong></span> <span class='ocrx_word' id='word_1_254' title='bbox 503 2176 738 2245; x_wconf 82' lang='lat' dir='ltr'><strong>exutus,</strong></span> <span class='ocrx_word' id='word_1_255' title='bbox 766 2178 952 2230; x_wconf 91' lang='lat' dir='ltr'><strong>totum</strong></span> <span class='ocrx_word' id='word_1_256' title='bbox 972 2169 1161 2230; x_wconf 84' lang='lat' dir='ltr'><strong>forum</strong></span> <span class='ocrx_word' id='word_1_257' title='bbox 1195 2169 1388 2230; x_wconf 89' lang='lat' dir='ltr'><strong>obiret</strong></span> <span class='ocrx_word' id='word_1_258' title='bbox 1418 2167 1665 2230; x_wconf 88' lang='lat' dir='ltr'><strong>honesto</strong></span> <span class='ocrx_word' id='word_1_259' title='bbox 1691 2179 1749 2231; x_wconf 91' lang='lat' dir='ltr'><strong>et</strong></span> <span class='ocrx_word' id='word_1_260' title='bbox 1772 2169 1982 2229; x_wconf 89' lang='lat' dir='ltr'><strong>mode-</strong></span> 
     </span>
    </p>
   </div>
   <div class='ocr_carea' id='block_1_40' title="bbox 334 2258 1982 2340">
    <p class='ocr_par' dir='ltr' id='par_1_40' title="bbox 334 2258 1982 2340">
     <span class='ocr_line' id='line_1_40' title="bbox 334 2258 1982 2340; baseline -0.001 -21"><span class='ocrx_word' id='word_1_261' title='bbox 334 2264 464 2319; x_wconf 87' lang='lat' dir='ltr'><strong>rato</strong></span> <span class='ocrx_word' id='word_1_262' title='bbox 502 2258 767 2340; x_wconf 89' lang='lat' dir='ltr'><strong>incessu,</strong></span> <span class='ocrx_word' id='word_1_263' title='bbox 800 2269 858 2320; x_wconf 88' lang='lat' dir='ltr'><strong>et</strong></span> <span class='ocrx_word' id='word_1_264' title='bbox 887 2265 1053 2320; x_wconf 87' lang='lat' dir='ltr'><strong>totus</strong></span> <span class='ocrx_word' id='word_1_265' title='bbox 1083 2275 1323 2340; x_wconf 89' lang='lat' dir='ltr'><strong>quoque</strong></span> <span class='ocrx_word' id='word_1_266' title='bbox 1352 2258 1476 2319; x_wconf 84' lang='lat' dir='ltr'><strong>fere</strong></span> <span class='ocrx_word' id='word_1_267' title='bbox 1507 2258 1756 2337; x_wconf 88' lang='lat' dir='ltr'><strong>populus</strong></span> <span class='ocrx_word' id='word_1_268' title='bbox 1786 2258 1982 2338; x_wconf 90' lang='lat' dir='ltr'><strong>ipsum</strong></span> 
     </span>
    </p>
   </div>
   <div class='ocr_carea' id='block_1_41' title="bbox 336 2347 1982 2428">
    <p class='ocr_par' dir='ltr' id='par_1_41' title="bbox 336 2347 1982 2428">
     <span class='ocr_line' id='line_1_41' title="bbox 336 2347 1982 2428; baseline 0.001 -22"><span class='ocrx_word' id='word_1_269' title='bbox 336 2354 1076 2428; x_wconf 84' lang='lat' dir='ltr'><strong>consequeretur,propter</strong></span> <span class='ocrx_word' id='word_1_270' title='bbox 1096 2347 1490 2409; x_wconf 85' lang='lat' dir='ltr'><strong>reverentiam</strong></span> <span class='ocrx_word' id='word_1_271' title='bbox 1518 2347 1893 2425; x_wconf 83' lang='lat' dir='ltr'><strong>magistratus</strong></span> <span class='ocrx_word' id='word_1_272' title='bbox 1925 2356 1982 2407; x_wconf 91' lang='lat' dir='ltr'><strong>et</strong></span> 
     </span>
    </p>
   </div>
   <div class='ocr_carea' id='block_1_42' title="bbox 339 2435 1985 2514">
    <p class='ocr_par' dir='ltr' id='par_1_42' title="bbox 339 2435 1985 2514">
     <span class='ocr_line' id='line_1_42' title="bbox 339 2435 1985 2514; baseline 0 -19"><span class='ocrx_word' id='word_1_273' title='bbox 339 2436 644 2514; x_wconf 89' lang='lat' dir='ltr'><strong>signorum</strong></span> <span class='ocrx_word' id='word_1_274' title='bbox 696 2448 756 2498; x_wconf 90' lang='lat' dir='ltr'><strong>et</strong></span> <span class='ocrx_word' id='word_1_275' title='bbox 814 2436 1213 2511; x_wconf 89' lang='lat' dir='ltr'><strong>curationum,</strong></span> <span class='ocrx_word' id='word_1_276' title='bbox 1248 2435 1551 2499; x_wconf 87' lang='lat' dir='ltr'><strong>accideret</strong></span> <span class='ocrx_word' id='word_1_277' title='bbox 1579 2446 1775 2496; x_wconf 82' lang='lat' dir='ltr'><strong>autem</strong></span> <span class='ocrx_word' id='word_1_278' title='bbox 1831 2438 1985 2496; x_wconf 72' lang='lat' dir='ltr'><strong>forte</strong></span> 
     </span>
    </p>
   </div>
   <div class='ocr_carea' id='block_1_43' title="bbox 335 2523 1987 2606">
    <p class='ocr_par' dir='ltr' id='par_1_43' title="bbox 335 2523 1987 2606">
     <span class='ocr_line' id='line_1_43' title="bbox 335 2523 1987 2606; baseline 0 -21"><span class='ocrx_word' id='word_1_279' title='bbox 335 2525 594 2601; x_wconf 81' lang='lat' dir='ltr'><strong>fortuna,</strong></span> <span class='ocrx_word' id='word_1_280' title='bbox 630 2533 694 2587; x_wconf 91' lang='lat' dir='ltr'><strong>ut</strong></span> <span class='ocrx_word' id='word_1_281' title='bbox 726 2526 855 2606; x_wconf 89' lang='lat' dir='ltr'><strong>ipse</strong></span> <span class='ocrx_word' id='word_1_282' title='bbox 884 2525 1178 2587; x_wconf 88' lang='lat' dir='ltr'><strong>incideret</strong></span> <span class='ocrx_word' id='word_1_283' title='bbox 1212 2525 1275 2586; x_wconf 90' lang='lat' dir='ltr'><strong>in</strong></span> <span class='ocrx_word' id='word_1_284' title='bbox 1304 2533 1572 2603; x_wconf 68' lang='lat' dir='ltr'><strong>aegrotos,</strong></span> <span class='ocrx_word' id='word_1_285' title='bbox 1608 2533 1709 2585; x_wconf 88' lang='lat' dir='ltr'><strong>aut</strong></span> <span class='ocrx_word' id='word_1_286' title='bbox 1738 2523 1857 2585; x_wconf 85' lang='lat' dir='ltr'><strong>illis</strong></span> <span class='ocrx_word' id='word_1_287' title='bbox 1886 2543 1987 2585; x_wconf 86' lang='lat' dir='ltr'><strong>oc-</strong></span> 
     </span>
    </p>
   </div>
   <div class='ocr_carea' id='block_1_44' title="bbox 338 2613 1980 2696">
    <p class='ocr_par' dir='ltr' id='par_1_44' title="bbox 338 2613 1980 2696">
     <span class='ocr_line' id='line_1_44' title="bbox 338 2613 1980 2696; baseline -0.002 -21"><span class='ocrx_word' id='word_1_288' title='bbox 338 2622 601 2687; x_wconf 87' lang='lat' dir='ltr'><strong>cureret,</strong></span> <span class='ocrx_word' id='word_1_289' title='bbox 635 2614 852 2696; x_wconf 86' lang='lat' dir='ltr'><strong>quibus</strong></span> <span class='ocrx_word' id='word_1_290' title='bbox 882 2624 1007 2677; x_wconf 87' lang='lat' dir='ltr'><strong>erat</strong></span> <span class='ocrx_word' id='word_1_291' title='bbox 1034 2632 1250 2693; x_wconf 90' lang='lat' dir='ltr'><strong>corpus</strong></span> <span class='ocrx_word' id='word_1_292' title='bbox 1272 2614 1468 2693; x_wconf 88' lang='lat' dir='ltr'><strong>aliqua</strong></span> <span class='ocrx_word' id='word_1_293' title='bbox 1499 2620 1661 2693; x_wconf 81' lang='lat' dir='ltr'><strong>parte</strong></span> <span class='ocrx_word' id='word_1_294' title='bbox 1685 2613 1980 2693; x_wconf 87' lang='lat' dir='ltr'><strong>mutilum,</strong></span> 
     </span>
    </p>
   </div>
   <div class='ocr_carea' id='block_1_45' title="bbox 331 2701 1979 2785">
    <p class='ocr_par' dir='ltr' id='par_1_45' title="bbox 331 2701 1979 2785">
     <span class='ocr_line' id='line_1_45' title="bbox 331 2701 1979 2785; baseline -0.001 -21"><span class='ocrx_word' id='word_1_295' title='bbox 331 2703 433 2765; x_wconf 89' lang='lat' dir='ltr'><strong>ille</strong></span> <span class='ocrx_word' id='word_1_296' title='bbox 457 2704 695 2785; x_wconf 86' lang='lat' dir='ltr'><strong>quidem</strong></span> <span class='ocrx_word' id='word_1_297' title='bbox 713 2704 982 2779; x_wconf 88' lang='lat' dir='ltr'><strong>protinus</strong></span> <span class='ocrx_word' id='word_1_298' title='bbox 994 2702 1350 2766; x_wconf 88' lang='lat' dir='ltr'><strong>cernebatur</strong></span> <span class='ocrx_word' id='word_1_299' title='bbox 1364 2701 1562 2763; x_wconf 90' lang='lat' dir='ltr'><strong>animo</strong></span> <span class='ocrx_word' id='word_1_300' title='bbox 1581 2701 1979 2782; x_wconf 86' lang='lat' dir='ltr'><strong>perturbatus,</strong></span> 
     </span>
    </p>
   </div>
   <div class='ocr_carea' id='block_1_46' title="bbox 334 2790 1986 2871">
    <p class='ocr_par' dir='ltr' id='par_1_46' title="bbox 334 2790 1986 2871">
     <span class='ocr_line' id='line_1_46' title="bbox 334 2790 1986 2871; baseline -0.001 -18"><span class='ocrx_word' id='word_1_301' title='bbox 334 2801 393 2854; x_wconf 89' lang='lat' dir='ltr'><strong>et</strong></span> <span class='ocrx_word' id='word_1_302' title='bbox 423 2811 633 2853; x_wconf 88' lang='lat' dir='ltr'><strong>manus</strong></span> <span class='ocrx_word' id='word_1_303' title='bbox 655 2793 742 2853; x_wconf 89' lang='lat' dir='ltr'><strong>eis</strong></span> <span class='ocrx_word' id='word_1_304' title='bbox 765 2790 1131 2871; x_wconf 88' lang='lat' dir='ltr'><strong>imponebat,</strong></span> <span class='ocrx_word' id='word_1_305' title='bbox 1160 2790 1535 2851; x_wconf 90' lang='lat' dir='ltr'><strong>etChristum</strong></span> <span class='ocrx_word' id='word_1_306' title='bbox 1572 2790 1905 2863; x_wconf 87' lang='lat' dir='ltr'><strong>invocabat,</strong></span> <span class='ocrx_word' id='word_1_307' title='bbox 1931 2799 1986 2852; x_wconf 90' lang='lat' dir='ltr'><strong>et</strong></span> 
     </span>
    </p>
   </div>
   <div class='ocr_carea' id='block_1_47' title="bbox 332 2878 1981 2962">
    <p class='ocr_par' dir='ltr' id='par_1_47' title="bbox 332 2878 1981 2962">
     <span class='ocr_line' id='line_1_47' title="bbox 332 2878 1981 2962; baseline -0.001 -21"><span class='ocrx_word' id='word_1_308' title='bbox 332 2881 502 2959; x_wconf 86' lang='lat' dir='ltr'><strong>signo</strong></span> <span class='ocrx_word' id='word_1_309' title='bbox 527 2879 721 2942; x_wconf 88' lang='lat' dir='ltr'><strong>crucis</strong></span> <span class='ocrx_word' id='word_1_310' title='bbox 739 2878 1208 2959; x_wconf 88' lang='lat' dir='ltr'><strong>obsignabat.Illi</strong></span> <span class='ocrx_word' id='word_1_311' title='bbox 1231 2896 1370 2940; x_wconf 79' lang='lat' dir='ltr'><strong>vero</strong></span> <span class='ocrx_word' id='word_1_312' title='bbox 1391 2896 1522 2939; x_wconf 85' lang='lat' dir='ltr'><strong>cum</strong></span> <span class='ocrx_word' id='word_1_313' title='bbox 1538 2888 1738 2941; x_wconf 91' lang='lat' dir='ltr'><strong>essent</strong></span> <span class='ocrx_word' id='word_1_314' title='bbox 1762 2880 1981 2962; x_wconf 86' lang='lat' dir='ltr'><strong>claudi,</strong></span> 
     </span>
    </p>
   </div>
   <div class='ocr_carea' id='block_1_48' title="bbox 336 2967 1981 3031">
    <p class='ocr_par' dir='ltr' id='par_1_48' title="bbox 336 2967 1981 3031">
     <span class='ocr_line' id='line_1_48' title="bbox 336 2967 1981 3031; baseline -0.001 -1"><span class='ocrx_word' id='word_1_315' title='bbox 336 2970 532 3030; x_wconf 81' lang='lat' dir='ltr'><strong>statim</strong></span> <span class='ocrx_word' id='word_1_316' title='bbox 566 2968 855 3031; x_wconf 86' lang='lat' dir='ltr'><strong>saltabant</strong></span> <span class='ocrx_word' id='word_1_317' title='bbox 876 2967 1156 3031; x_wconf 90' lang='lat' dir='ltr'><strong>omnibus</strong></span> <span class='ocrx_word' id='word_1_318' title='bbox 1176 2967 1553 3029; x_wconf 88' lang='lat' dir='ltr'><strong>videntibus:</strong></span> <span class='ocrx_word' id='word_1_319' title='bbox 1589 2968 1753 3029; x_wconf 89' lang='lat' dir='ltr'><strong>surdi</strong></span> <span class='ocrx_word' id='word_1_320' title='bbox 1783 2977 1981 3029; x_wconf 85' lang='lat' dir='ltr'><strong>autem</strong></span> 
     </span>
    </p>
   </div>
   <div class='ocr_carea' id='block_1_49' title="bbox 338 3056 1986 3138">
    <p class='ocr_par' dir='ltr' id='par_1_49' title="bbox 338 3056 1986 3138">
     <span class='ocr_line' id='line_1_49' title="bbox 338 3056 1986 3138; baseline -0.001 -18"><span class='ocrx_word' id='word_1_321' title='bbox 338 3067 401 3120; x_wconf 88' lang='lat' dir='ltr'><strong>et</strong></span> <span class='ocrx_word' id='word_1_322' title='bbox 432 3058 571 3120; x_wconf 66' lang='lat' dir='ltr'><strong>caeci</strong></span> <span class='ocrx_word' id='word_1_323' title='bbox 605 3058 871 3138; x_wconf 89' lang='lat' dir='ltr'><strong>protinus</strong></span> <span class='ocrx_word' id='word_1_324' title='bbox 930 3056 1206 3120; x_wconf 81' lang='lat' dir='ltr'><strong>videbant</strong></span> <span class='ocrx_word' id='word_1_325' title='bbox 1238 3066 1297 3119; x_wconf 92' lang='lat' dir='ltr'><strong>et</strong></span> <span class='ocrx_word' id='word_1_326' title='bbox 1329 3057 1672 3133; x_wconf 84' lang='lat' dir='ltr'><strong>audiebant,</strong></span> <span class='ocrx_word' id='word_1_327' title='bbox 1720 3058 1986 3138; x_wconf 88' lang='lat' dir='ltr'><strong>mutique</strong></span> 
     </span>
    </p>
   </div>
   <div class='ocr_carea' id='block_1_50' title="bbox 338 3147 1642 3228">
    <p class='ocr_par' dir='ltr' id='par_1_50' title="bbox 338 3147 1642 3228">
     <span class='ocr_line' id='line_1_50' title="bbox 338 3147 1642 3228; baseline -0.001 -18"><span class='ocrx_word' id='word_1_328' title='bbox 338 3148 755 3228; x_wconf 86' lang='lat' dir='ltr'><strong>loquebantur,</strong></span> <span class='ocrx_word' id='word_1_329' title='bbox 786 3156 847 3210; x_wconf 91' lang='lat' dir='ltr'><strong>et</strong></span> <span class='ocrx_word' id='word_1_330' title='bbox 875 3147 1228 3209; x_wconf 81' lang='lat' dir='ltr'><strong>daemoniaci</strong></span> <span class='ocrx_word' id='word_1_331' title='bbox 1260 3147 1642 3209; x_wconf 89' lang='lat' dir='ltr'><strong>curabantur.</strong></span> 
     </span>
    </p>
   </div>
   <div class='ocr_carea' id='block_1_51' title="bbox 2005 3146 2684 3224">
    <p class='ocr_par' dir='ltr' id='par_1_51' title="bbox 2005 3146 2684 3224">
     <span class='ocr_line' id='line_1_51' title="bbox 2005 3146 2684 3224; baseline -0.004 -17"><span class='ocrx_word' id='word_1_332' title='bbox 2005 3146 2352 3224; x_wconf 79' lang='grc' dir='ltr'>Οέπεϐοᾶτο,</span> <span class='ocrx_word' id='word_1_333' title='bbox 2438 3150 2525 3205; x_wconf 85' lang='grc' dir='ltr'><strong>καὶ</strong></span> <span class='ocrx_word' id='word_1_334' title='bbox 2606 3152 2684 3221; x_wconf 86' lang='grc' dir='ltr'>τῷ</span> 
     </span>
    </p>
   </div>
   <div class='ocr_carea' id='block_1_52' title="bbox 2066 1893 3711 1981">
    <p class='ocr_par' dir='ltr' id='par_1_52' title="bbox 2066 1893 3711 1981">
     <span class='ocr_line' id='line_1_52' title="bbox 2066 1893 3711 1981; baseline -0.002 -25"><span class='ocrx_word' id='word_1_335' title='bbox 2066 1902 2267 1981; x_wconf 80' lang='grc' dir='ltr'>βραχεῖ</span> <span class='ocrx_word' id='word_1_336' title='bbox 2297 1901 2427 1979; x_wconf 80' lang='grc' dir='ltr'>πρὸς</span> <span class='ocrx_word' id='word_1_337' title='bbox 2478 1901 2576 1967; x_wconf 79' lang='grc' dir='ltr'><strong>τὴν</strong></span> <span class='ocrx_word' id='word_1_338' title='bbox 2629 1899 2998 1978; x_wconf 79' lang='grc' dir='ltr'>κρυπτομένην</span> <span class='ocrx_word' id='word_1_339' title='bbox 3047 1897 3296 1968; x_wconf 82' lang='grc' dir='ltr'>ἀλήθειαν</span> <span class='ocrx_word' id='word_1_340' title='bbox 3345 1893 3711 1971; x_wconf 74' lang='grc' dir='ltr'>μετεϐίϐασεν,</span> 
     </span>
    </p>
   </div>
   <div class='ocr_carea' id='block_1_53' title="bbox 2066 1984 3719 2067">
    <p class='ocr_par' dir='ltr' id='par_1_53' title="bbox 2066 1984 3719 2067">
     <span class='ocr_line' id='line_1_53' title="bbox 2066 1984 3719 2067; baseline -0.004 -20"><span class='ocrx_word' id='word_1_341' title='bbox 2066 2012 2139 2053; x_wconf 87' lang='grc' dir='ltr'><strong>ως</strong></span> <span class='ocrx_word' id='word_1_342' title='bbox 2188 1991 2430 2065; x_wconf 75' lang='grc' dir='ltr'>ἑτοίμους</span> <span class='ocrx_word' id='word_1_343' title='bbox 2484 1990 2685 2053; x_wconf 84' lang='grc' dir='ltr'>πάντας</span> <span class='ocrx_word' id='word_1_344' title='bbox 2720 1988 2961 2066; x_wconf 82' lang='grc' dir='ltr'>γενέσθαι</span> <span class='ocrx_word' id='word_1_345' title='bbox 3011 1989 3077 2044; x_wconf 85' lang='grc' dir='ltr'><strong>τά</strong></span> <span class='ocrx_word' id='word_1_346' title='bbox 3106 2009 3163 2045; x_wconf 88' lang='grc' dir='ltr'><strong>τε</strong></span> <span class='ocrx_word' id='word_1_347' title='bbox 3219 1984 3550 2067; x_wconf 67' lang='grc' dir='ltr'>ἀφιδρύματα</span> <span class='ocrx_word' id='word_1_348' title='bbox 3606 1991 3719 2042; x_wconf 82' lang='grc' dir='ltr'>τῶν</span> 
     </span>
    </p>
   </div>
   <div class='ocr_carea' id='block_1_54' title="bbox 2068 2075 3719 2155">
    <p class='ocr_par' dir='ltr' id='par_1_54' title="bbox 2068 2075 3719 2155">
     <span class='ocr_line' id='line_1_54' title="bbox 2068 2075 3719 2155; baseline -0.002 -20"><span class='ocrx_word' id='word_1_349' title='bbox 2068 2078 2333 2155; x_wconf 79' lang='grc' dir='ltr'>δαιμόνων</span> <span class='ocrx_word' id='word_1_350' title='bbox 2364 2079 2452 2134; x_wconf 83' lang='grc' dir='ltr'><strong>καὶ</strong></span> <span class='ocrx_word' id='word_1_351' title='bbox 2494 2079 2616 2143; x_wconf 81' lang='grc' dir='ltr'>τοὺς</span> <span class='ocrx_word' id='word_1_352' title='bbox 2648 2079 2859 2153; x_wconf 79' lang='grc' dir='ltr'>βωμοὺς</span> <span class='ocrx_word' id='word_1_353' title='bbox 2904 2075 3174 2150; x_wconf 78' lang='grc' dir='ltr'>καθελεῖν,</span> <span class='ocrx_word' id='word_1_354' title='bbox 3206 2077 3293 2132; x_wconf 85' lang='grc' dir='ltr'><strong>καὶ</strong></span> <span class='ocrx_word' id='word_1_355' title='bbox 3344 2075 3397 2130; x_wconf 69' lang='grc' dir='ltr'>εἴ</span> <span class='ocrx_word' id='word_1_356' title='bbox 3426 2097 3553 2131; x_wconf 89' lang='grc' dir='ltr'>ποτε</span> <span class='ocrx_word' id='word_1_357' title='bbox 3602 2097 3719 2131; x_wconf 76' lang='grc' dir='ltr'><strong>παο</strong></span> 
     </span>
    </p>
   </div>
   <div class='ocr_carea' id='block_1_55' title="bbox 2069 2164 3711 2247">
    <p class='ocr_par' dir='ltr' id='par_1_55' title="bbox 2069 2164 3711 2247">
     <span class='ocr_line' id='line_1_55' title="bbox 2069 2164 3711 2247; baseline -0.004 -21"><span class='ocrx_word' id='word_1_358' title='bbox 2069 2169 2159 2247; x_wconf 72' lang='grc' dir='ltr'>ρῇ,</span> <span class='ocrx_word' id='word_1_359' title='bbox 2190 2170 2282 2224; x_wconf 83' lang='grc' dir='ltr'>τὸν</span> <span class='ocrx_word' id='word_1_360' title='bbox 2326 2166 2454 2245; x_wconf 76' lang='grc' dir='ltr'>ὑπὲρ</span> <span class='ocrx_word' id='word_1_361' title='bbox 2513 2174 2606 2224; x_wconf 82' lang='grc' dir='ltr'>τοῦ</span> <span class='ocrx_word' id='word_1_362' title='bbox 2664 2173 2890 2244; x_wconf 79' lang='grc' dir='ltr'>Χριστοῦ</span> <span class='ocrx_word' id='word_1_363' title='bbox 2948 2166 3228 2244; x_wconf 80' lang='grc' dir='ltr'>προθύμως</span> <span class='ocrx_word' id='word_1_364' title='bbox 3271 2164 3557 2221; x_wconf 67' lang='grc' dir='ltr'>ἀποθανεῖν</span> <span class='ocrx_word' id='word_1_365' title='bbox 3614 2165 3711 2221; x_wconf 64' lang='grc' dir='ltr'>θέο</span> 
     </span>
    </p>
   </div>
   <div class='ocr_carea' id='block_1_56' title="bbox 2069 2247 3719 2335">
    <p class='ocr_par' dir='ltr' id='par_1_56' title="bbox 2069 2247 3719 2335">
     <span class='ocr_line' id='line_1_56' title="bbox 2069 2247 3719 2335; baseline -0.003 -22"><span class='ocrx_word' id='word_1_366' title='bbox 2069 2279 2249 2319; x_wconf 88' lang='grc' dir='ltr'>νατον.</span> <span class='ocrx_word' id='word_1_367' title='bbox 2302 2247 2396 2320; x_wconf 71' lang='grc' dir='ltr'>Ὠς</span> <span class='ocrx_word' id='word_1_368' title='bbox 2448 2256 2547 2335; x_wconf 77' lang='grc' dir='ltr'><strong>γὰρ</strong></span> <span class='ocrx_word' id='word_1_369' title='bbox 2602 2258 2631 2312; x_wconf 98' lang='lat'><strong>6</strong></span> <span class='ocrx_word' id='word_1_370' title='bbox 2662 2255 2761 2330; x_wconf 78' lang='grc' dir='ltr'>μὲν</span> <span class='ocrx_word' id='word_1_371' title='bbox 2807 2254 2939 2328; x_wconf 82' lang='grc' dir='ltr'>μετὰ</span> <span class='ocrx_word' id='word_1_372' title='bbox 2991 2255 3097 2310; x_wconf 81' lang='grc' dir='ltr'><strong>τῶν</strong></span> <span class='ocrx_word' id='word_1_373' title='bbox 3130 2251 3401 2328; x_wconf 75' lang='grc' dir='ltr'>δημοσίων</span> <span class='ocrx_word' id='word_1_374' title='bbox 3458 2253 3719 2329; x_wconf 86' lang='grc' dir='ltr'>πραγμά-</span> 
     </span>
    </p>
   </div>
   <div class='ocr_carea' id='block_1_57' title="bbox 2069 2341 3724 2420">
    <p class='ocr_par' dir='ltr' id='par_1_57' title="bbox 2069 2341 3724 2420">
     <span class='ocr_line' id='line_1_57' title="bbox 2069 2341 3724 2420; baseline -0.003 -18"><span class='ocrx_word' id='word_1_375' title='bbox 2069 2368 2174 2402; x_wconf 87' lang='grc' dir='ltr'><strong>των</strong></span> <span class='ocrx_word' id='word_1_376' title='bbox 2243 2347 2332 2402; x_wconf 82' lang='grc' dir='ltr'><strong>καὶ</strong></span> <span class='ocrx_word' id='word_1_377' title='bbox 2403 2347 2559 2403; x_wconf 73' lang='grc' dir='ltr'>αὐτὸν</span> <span class='ocrx_word' id='word_1_378' title='bbox 2619 2346 2709 2401; x_wconf 79' lang='grc' dir='ltr'>τὸν</span> <span class='ocrx_word' id='word_1_379' title='bbox 2772 2350 2864 2401; x_wconf 80' lang='grc' dir='ltr'><strong>τοῦ</strong></span> <span class='ocrx_word' id='word_1_380' title='bbox 2932 2341 3232 2418; x_wconf 80' lang='grc' dir='ltr'>ἀξιώματος</span> <span class='ocrx_word' id='word_1_381' title='bbox 3303 2342 3459 2420; x_wconf 76' lang='grc' dir='ltr'>ὄγκον</span> <span class='ocrx_word' id='word_1_382' title='bbox 3538 2341 3724 2419; x_wconf 78' lang='grc' dir='ltr'>ὥσπερ</span> 
     </span>
    </p>
   </div>
   <div class='ocr_carea' id='block_1_58' title="bbox 2069 2431 3723 2511">
    <p class='ocr_par' dir='ltr' id='par_1_58' title="bbox 2069 2431 3723 2511">
     <span class='ocr_line' id='line_1_58' title="bbox 2069 2431 3723 2511; baseline -0.002 -20"><span class='ocrx_word' id='word_1_383' title='bbox 2069 2434 2465 2511; x_wconf 78' lang='grc' dir='ltr'>ἀποδυσάμενος</span> <span class='ocrx_word' id='word_1_384' title='bbox 2535 2434 2689 2511; x_wconf 74' lang='grc' dir='ltr'>ἐπῄει</span> <span class='ocrx_word' id='word_1_385' title='bbox 2747 2433 2884 2490; x_wconf 78' lang='grc' dir='ltr'>κατὰ</span> <span class='ocrx_word' id='word_1_386' title='bbox 2934 2438 3110 2489; x_wconf 84' lang='grc' dir='ltr'>πᾶσαν</span> <span class='ocrx_word' id='word_1_387' title='bbox 3165 2432 3263 2500; x_wconf 71' lang='grc' dir='ltr'><strong>την</strong></span> <span class='ocrx_word' id='word_1_388' title='bbox 3305 2431 3501 2508; x_wconf 79' lang='grc' dir='ltr'>ἀγορὰν</span> <span class='ocrx_word' id='word_1_389' title='bbox 3560 2434 3723 2488; x_wconf 73' lang='grc' dir='ltr'>εὐκό-</span> 
     </span>
    </p>
   </div>
   <div class='ocr_carea' id='block_1_59' title="bbox 2069 2519 3723 2601">
    <p class='ocr_par' dir='ltr' id='par_1_59' title="bbox 2069 2519 3723 2601">
     <span class='ocr_line' id='line_1_59' title="bbox 2069 2519 3723 2601; baseline -0.003 -21"><span class='ocrx_word' id='word_1_390' title='bbox 2069 2546 2190 2600; x_wconf 81' lang='grc' dir='ltr'>σμῳ</span> <span class='ocrx_word' id='word_1_391' title='bbox 2247 2525 2334 2579; x_wconf 88' lang='grc' dir='ltr'>καὶ</span> <span class='ocrx_word' id='word_1_392' title='bbox 2391 2525 2587 2601; x_wconf 85' lang='grc' dir='ltr'>μετρίῳ</span> <span class='ocrx_word' id='word_1_393' title='bbox 2643 2525 2743 2579; x_wconf 83' lang='grc' dir='ltr'>τινὶ</span> <span class='ocrx_word' id='word_1_394' title='bbox 2807 2528 2882 2595; x_wconf 79' lang='grc' dir='ltr'><strong>τῷ</strong></span> <span class='ocrx_word' id='word_1_395' title='bbox 2951 2519 3256 2599; x_wconf 76' lang='grc' dir='ltr'>βαδίσματι,</span> <span class='ocrx_word' id='word_1_396' title='bbox 3318 2521 3589 2577; x_wconf 81' lang='grc' dir='ltr'>συνείπετο</span> <span class='ocrx_word' id='word_1_397' title='bbox 3665 2519 3723 2576; x_wconf 78' lang='grc' dir='ltr'>δὲ</span> 
     </span>
    </p>
   </div>
   <div class='ocr_carea' id='block_1_60' title="bbox 2069 2604 3723 2691">
    <p class='ocr_par' dir='ltr' id='par_1_60' title="bbox 2069 2604 3723 2691">
     <span class='ocr_line' id='line_1_60' title="bbox 2069 2604 3723 2691; baseline -0.002 -22"><span class='ocrx_word' id='word_1_398' title='bbox 2069 2613 2210 2686; x_wconf 75' lang='grc' dir='ltr'><strong>αὒτῷ</strong></span> <span class='ocrx_word' id='word_1_399' title='bbox 2268 2614 2352 2668; x_wconf 76' lang='grc' dir='ltr'><strong>καὶ</strong></span> <span class='ocrx_word' id='word_1_400' title='bbox 2383 2634 2487 2676; x_wconf 89' lang='grc' dir='ltr'><strong>πας</strong></span> <span class='ocrx_word' id='word_1_401' title='bbox 2547 2615 2575 2668; x_wconf 92' lang='lat'><strong>6</strong></span> <span class='ocrx_word' id='word_1_402' title='bbox 2622 2611 2788 2687; x_wconf 76' lang='grc' dir='ltr'>δῆμος</span> <span class='ocrx_word' id='word_1_403' title='bbox 2842 2609 3037 2691; x_wconf 69' lang='grc' dir='ltr'>σχεδὸν</span> <span class='ocrx_word' id='word_1_404' title='bbox 3092 2608 3233 2666; x_wconf 72' lang='grc' dir='ltr'>αἰδοῖ</span> <span class='ocrx_word' id='word_1_405' title='bbox 3279 2615 3378 2676; x_wconf 83' lang='grc' dir='ltr'>τῆς</span> <span class='ocrx_word' id='word_1_406' title='bbox 3409 2609 3583 2690; x_wconf 71' lang='grc' dir='ltr'>ἀρχῆς</span> <span class='ocrx_word' id='word_1_407' title='bbox 3632 2604 3723 2665; x_wconf 73' lang='grc' dir='ltr'>καὶ</span> 
     </span>
    </p>
   </div>
   <div class='ocr_carea' id='block_1_61' title="bbox 2067 2697 3722 2777">
    <p class='ocr_par' dir='ltr' id='par_1_61' title="bbox 2067 2697 3722 2777">
     <span class='ocr_line' id='line_1_61' title="bbox 2067 2697 3722 2777; baseline -0.003 -18"><span class='ocrx_word' id='word_1_408' title='bbox 2067 2703 2174 2759; x_wconf 76' lang='grc' dir='ltr'>τῶν</span> <span class='ocrx_word' id='word_1_409' title='bbox 2232 2703 2471 2777; x_wconf 84' lang='grc' dir='ltr'>σημείων</span> <span class='ocrx_word' id='word_1_410' title='bbox 2529 2703 2616 2758; x_wconf 70' lang='grc' dir='ltr'><strong>καὶ</strong></span> <span class='ocrx_word' id='word_1_411' title='bbox 2687 2702 2795 2757; x_wconf 81' lang='grc' dir='ltr'><strong>τῶν</strong></span> <span class='ocrx_word' id='word_1_412' title='bbox 2855 2702 3071 2773; x_wconf 82' lang='grc' dir='ltr'>ίάσεων,</span> <span class='ocrx_word' id='word_1_413' title='bbox 3133 2698 3398 2755; x_wconf 80' lang='grc' dir='ltr'>συνέϐαινε</span> <span class='ocrx_word' id='word_1_414' title='bbox 3476 2698 3529 2755; x_wconf 80' lang='grc' dir='ltr'>δὲ</span> <span class='ocrx_word' id='word_1_415' title='bbox 3586 2697 3722 2755; x_wconf 78' lang='grc' dir='ltr'>κατά</span> 
     </span>
    </p>
   </div>
   <div class='ocr_carea' id='block_1_62' title="bbox 2070 2786 3713 2871">
    <p class='ocr_par' dir='ltr' id='par_1_62' title="bbox 2070 2786 3713 2871">
     <span class='ocr_line' id='line_1_62' title="bbox 2070 2786 3713 2871; baseline -0.002 -25"><span class='ocrx_word' id='word_1_416' title='bbox 2070 2813 2187 2848; x_wconf 89' lang='grc' dir='ltr'>τινα</span> <span class='ocrx_word' id='word_1_417' title='bbox 2258 2792 2456 2871; x_wconf 82' lang='grc' dir='ltr'>τύχην,</span> <span class='ocrx_word' id='word_1_418' title='bbox 2515 2790 2552 2860; x_wconf 70' lang='grc' dir='ltr'><strong>ἢ</strong></span> <span class='ocrx_word' id='word_1_419' title='bbox 2625 2789 2950 2866; x_wconf 78' lang='grc' dir='ltr'>ἆῤῥωστοῦσι</span> <span class='ocrx_word' id='word_1_420' title='bbox 3006 2786 3371 2868; x_wconf 80' lang='grc' dir='ltr'>παραϐάλλειν</span> <span class='ocrx_word' id='word_1_421' title='bbox 3443 2790 3617 2862; x_wconf 75' lang='grc' dir='ltr'>αὐτὸν,</span> <span class='ocrx_word' id='word_1_422' title='bbox 3678 2789 3713 2856; x_wconf 79' lang='grc' dir='ltr'>ἧ</span> 
     </span>
    </p>
   </div>
   <div class='ocr_carea' id='block_1_63' title="bbox 2069 2878 3712 2956">
    <p class='ocr_par' dir='ltr' id='par_1_63' title="bbox 2069 2878 3712 2956">
     <span class='ocr_line' id='line_1_63' title="bbox 2069 2878 3712 2956; baseline -0.001 -21"><span class='ocrx_word' id='word_1_423' title='bbox 2069 2880 2286 2944; x_wconf 86' lang='grc' dir='ltr'>ἐκείνοις</span> <span class='ocrx_word' id='word_1_424' title='bbox 2358 2884 2727 2954; x_wconf 71' lang='grc' dir='ltr'>συναντᾶτσθαι,</span> <span class='ocrx_word' id='word_1_425' title='bbox 2787 2884 2872 2943; x_wconf 80' lang='grc' dir='ltr'>οἷς</span> <span class='ocrx_word' id='word_1_426' title='bbox 2945 2881 2999 2935; x_wconf 82' lang='grc' dir='ltr'>ἐν</span> <span class='ocrx_word' id='word_1_427' title='bbox 3072 2878 3220 2956; x_wconf 81' lang='grc' dir='ltr'>μέρει</span> <span class='ocrx_word' id='word_1_428' title='bbox 3290 2880 3387 2935; x_wconf 78' lang='grc' dir='ltr'>τινὶ</span> <span class='ocrx_word' id='word_1_429' title='bbox 3444 2880 3505 2934; x_wconf 84' lang='grc' dir='ltr'>τὸ</span> <span class='ocrx_word' id='word_1_430' title='bbox 3561 2880 3712 2951; x_wconf 78' lang='grc' dir='ltr'>σῶμα</span> 
     </span>
    </p>
   </div>
   <div class='ocr_carea' id='block_1_64' title="bbox 2069 2967 3717 3047">
    <p class='ocr_par' dir='ltr' id='par_1_64' title="bbox 2069 2967 3717 3047">
     <span class='ocr_line' id='line_1_64' title="bbox 2069 2967 3717 3047; baseline -0.002 -22"><span class='ocrx_word' id='word_1_431' title='bbox 2069 2970 2379 3047; x_wconf 80' lang='grc' dir='ltr'>πεπήρωτο.</span> <span class='ocrx_word' id='word_1_432' title='bbox 2441 2973 2469 3026; x_wconf 89' lang='lat'><strong>6</strong></span> <span class='ocrx_word' id='word_1_433' title='bbox 2541 2970 2638 3046; x_wconf 79' lang='grc' dir='ltr'>μὲν</span> <span class='ocrx_word' id='word_1_434' title='bbox 2703 2970 2999 3047; x_wconf 87' lang='grc' dir='ltr'>περιπαθής</span> <span class='ocrx_word' id='word_1_435' title='bbox 3043 2989 3100 3024; x_wconf 92' lang='grc' dir='ltr'><strong>τε</strong></span> <span class='ocrx_word' id='word_1_436' title='bbox 3146 2968 3291 3032; x_wconf 74' lang='grc' dir='ltr'>εὐθὺς</span> <span class='ocrx_word' id='word_1_437' title='bbox 3349 2968 3570 3046; x_wconf 81' lang='grc' dir='ltr'>ἑωρᾶτο,</span> <span class='ocrx_word' id='word_1_438' title='bbox 3627 2967 3717 3022; x_wconf 82' lang='grc' dir='ltr'>καὶ</span> 
     </span>
    </p>
   </div>
   <div class='ocr_carea' id='block_1_65' title="bbox 2067 3055 3719 3139">
    <p class='ocr_par' dir='ltr' id='par_1_65' title="bbox 2067 3055 3719 3139">
     <span class='ocr_line' id='line_1_65' title="bbox 2067 3055 3719 3139; baseline -0.002 -25"><span class='ocrx_word' id='word_1_439' title='bbox 2067 3060 2163 3120; x_wconf 87' lang='grc' dir='ltr'><strong>τάς</strong></span> <span class='ocrx_word' id='word_1_440' title='bbox 2238 3080 2296 3115; x_wconf 88' lang='grc' dir='ltr'><strong>τε</strong></span> <span class='ocrx_word' id='word_1_441' title='bbox 2354 3074 2548 3139; x_wconf 84' lang='grc' dir='ltr'>χεῖρας</span> <span class='ocrx_word' id='word_1_442' title='bbox 2623 3062 2808 3123; x_wconf 72' lang='grc' dir='ltr'>αὐτοῖς</span> <span class='ocrx_word' id='word_1_443' title='bbox 2868 3057 3119 3138; x_wconf 72' lang='grc' dir='ltr'>ἐπετίθει,</span> <span class='ocrx_word' id='word_1_444' title='bbox 3177 3058 3265 3113; x_wconf 85' lang='grc' dir='ltr'><strong>καὶ</strong></span> <span class='ocrx_word' id='word_1_445' title='bbox 3334 3059 3424 3113; x_wconf 80' lang='grc' dir='ltr'>τὸν</span> <span class='ocrx_word' id='word_1_446' title='bbox 3495 3055 3719 3132; x_wconf 76' lang='grc' dir='ltr'>Χριστόν</span> 
     </span>
    </p>
   </div>
   <div class='ocr_carea' id='block_1_66' title="bbox 2765 3144 3723 3222">
    <p class='ocr_par' dir='ltr' id='par_1_66' title="bbox 2765 3144 3723 3222">
     <span class='ocr_line' id='line_1_66' title="bbox 2765 3144 3723 3222; baseline -0.004 -18"><span class='ocrx_word' id='word_1_447' title='bbox 2765 3153 2859 3205; x_wconf 79' lang='grc' dir='ltr'>τοῦ</span> <span class='ocrx_word' id='word_1_448' title='bbox 2941 3154 3165 3222; x_wconf 79' lang='grc' dir='ltr'>σταυροῦ</span> <span class='ocrx_word' id='word_1_449' title='bbox 3248 3147 3454 3221; x_wconf 83' lang='grc' dir='ltr'>σημείῳ</span> <span class='ocrx_word' id='word_1_450' title='bbox 3536 3144 3723 3210; x_wconf 75' lang='grc' dir='ltr'>αὐτοὺς</span> 
     </span>
    </p>
   </div>
   <div class='ocr_carea' id='block_1_67' title="bbox 335 3230 3723 3318">
    <p class='ocr_par' dir='ltr' id='par_1_67' title="bbox 335 3230 3723 3318">
     <span class='ocr_line' id='line_1_67' title="bbox 335 3230 3723 3318; baseline -0.002 -24"><span class='ocrx_word' id='word_1_451' title='bbox 335 3230 737 3318; x_wconf 73' lang='grc' dir='ltr'>ἒπεσφράγιζεν·</span> <span class='ocrx_word' id='word_1_452' title='bbox 800 3241 845 3294; x_wconf 88' lang='grc' dir='ltr'>οἱ</span> <span class='ocrx_word' id='word_1_453' title='bbox 914 3235 969 3292; x_wconf 80' lang='grc' dir='ltr'>δὲ</span> <span class='ocrx_word' id='word_1_454' title='bbox 1040 3238 1247 3310; x_wconf 69' lang='grc' dir='ltr'>αὐτίκα,</span> <span class='ocrx_word' id='word_1_455' title='bbox 1293 3236 1468 3316; x_wconf 87' lang='grc' dir='ltr'>χωλοί</span> <span class='ocrx_word' id='word_1_456' title='bbox 1532 3259 1589 3292; x_wconf 88' lang='grc' dir='ltr'><strong>τε</strong></span> <span class='ocrx_word' id='word_1_457' title='bbox 1647 3238 1815 3311; x_wconf 70' lang='grc' dir='ltr'>ὄντες,</span> <span class='ocrx_word' id='word_1_458' title='bbox 1864 3240 1918 3293; x_wconf 72' lang='grc' dir='ltr'><strong>ἐν</strong></span> <span class='ocrx_word' id='word_1_459' title='bbox 1979 3236 2280 3317; x_wconf 75' lang='grc' dir='ltr'>ὀφθαλμοῖς</span> <span class='ocrx_word' id='word_1_460' title='bbox 2350 3238 2561 3297; x_wconf 77' lang='grc' dir='ltr'>πάντων</span> <span class='ocrx_word' id='word_1_461' title='bbox 2602 3236 2858 3311; x_wconf 74' lang='grc' dir='ltr'>ἥλλοντο,</span> <span class='ocrx_word' id='word_1_462' title='bbox 2910 3242 3078 3317; x_wconf 69' lang='grc' dir='ltr'>κωφοί</span> <span class='ocrx_word' id='word_1_463' title='bbox 3135 3234 3190 3291; x_wconf 77' lang='grc' dir='ltr'>δὲ</span> <span class='ocrx_word' id='word_1_464' title='bbox 3247 3234 3282 3303; x_wconf 78' lang='grc' dir='ltr'><strong>ἢ</strong></span> <span class='ocrx_word' id='word_1_465' title='bbox 3340 3234 3542 3312; x_wconf 77' lang='grc' dir='ltr'>τυφλοὶ,</span> <span class='ocrx_word' id='word_1_466' title='bbox 3590 3232 3723 3289; x_wconf 83' lang='grc' dir='ltr'>ἀνέ-</span> 
     </span>
    </p>
   </div>
   <div class='ocr_carea' id='block_1_68' title="bbox 336 3325 1943 3406">
    <p class='ocr_par' dir='ltr' id='par_1_68' title="bbox 336 3325 1943 3406">
     <span class='ocr_line' id='line_1_68' title="bbox 336 3325 1943 3406; baseline -0.001 -24"><span class='ocrx_word' id='word_1_467' title='bbox 336 3325 535 3383; x_wconf 79' lang='grc' dir='ltr'>ϐλεπόν</span> <span class='ocrx_word' id='word_1_468' title='bbox 564 3349 620 3383; x_wconf 82' lang='grc' dir='ltr'><strong>τε</strong></span> <span class='ocrx_word' id='word_1_469' title='bbox 650 3331 987 3406; x_wconf 79' lang='grc' dir='ltr'>παραχρῆμα</span> <span class='ocrx_word' id='word_1_470' title='bbox 1031 3327 1117 3382; x_wconf 83' lang='grc' dir='ltr'><strong>καὶ</strong></span> <span class='ocrx_word' id='word_1_471' title='bbox 1146 3325 1361 3405; x_wconf 67' lang='grc' dir='ltr'>ἤκουον,</span> <span class='ocrx_word' id='word_1_472' title='bbox 1399 3325 1588 3383; x_wconf 74' lang='grc' dir='ltr'>ἄλαλοί</span> <span class='ocrx_word' id='word_1_473' title='bbox 1616 3348 1672 3381; x_wconf 87' lang='grc' dir='ltr'><strong>τε</strong></span> <span class='ocrx_word' id='word_1_474' title='bbox 1703 3325 1943 3406; x_wconf 66' lang='grc' dir='ltr'>ἐλάλουν,</span> 
     </span>
    </p>
   </div>
   <div class='ocr_carea' id='block_1_69' title="bbox 417 3414 1985 3496">
    <p class='ocr_par' dir='ltr' id='par_1_69' title="bbox 417 3414 1985 3496">
     <span class='ocr_line' id='line_1_69' title="bbox 417 3414 1985 3496; baseline 0.003 -25"><span class='ocrx_word' id='word_1_475' title='bbox 417 3417 492 3477; x_wconf 92' lang='lat' dir='ltr'><strong>V.</strong></span> <span class='ocrx_word' id='word_1_476' title='bbox 525 3415 673 3478; x_wconf 91' lang='lat' dir='ltr'><strong>Cum</strong></span> <span class='ocrx_word' id='word_1_477' title='bbox 706 3415 833 3476; x_wconf 84' lang='lat' dir='ltr'><strong>haec</strong></span> <span class='ocrx_word' id='word_1_478' title='bbox 850 3432 991 3493; x_wconf 87' lang='lat' dir='ltr'><strong>ergo</strong></span> <span class='ocrx_word' id='word_1_479' title='bbox 1024 3414 1259 3489; x_wconf 77' lang='lat' dir='ltr'><strong>ﬁerent,</strong></span> <span class='ocrx_word' id='word_1_480' title='bbox 1284 3424 1343 3477; x_wconf 88' lang='lat' dir='ltr'><strong>et</strong></span> <span class='ocrx_word' id='word_1_481' title='bbox 1374 3422 1715 3495; x_wconf 84' lang='lat' dir='ltr'><strong>precaretur</strong></span> <span class='ocrx_word' id='word_1_482' title='bbox 1744 3415 1985 3496; x_wconf 75' lang='lat' dir='ltr'><strong>quidem</strong></span> 
     </span>
    </p>
   </div>
   <div class='ocr_carea' id='block_1_70' title="bbox 337 3503 1991 3580">
    <p class='ocr_par' dir='ltr' id='par_1_70' title="bbox 337 3503 1991 3580">
     <span class='ocr_line' id='line_1_70' title="bbox 337 3503 1991 3580; baseline -0.001 -14"><span class='ocrx_word' id='word_1_483' title='bbox 337 3505 547 3567; x_wconf 87' lang='lat' dir='ltr'><strong>beatus</strong></span> <span class='ocrx_word' id='word_1_484' title='bbox 572 3506 793 3580; x_wconf 87' lang='lat' dir='ltr'><strong>Menas,</strong></span> <span class='ocrx_word' id='word_1_485' title='bbox 820 3503 893 3564; x_wconf 90' lang='lat' dir='ltr'><strong>ad</strong></span> <span class='ocrx_word' id='word_1_486' title='bbox 913 3503 1322 3565; x_wconf 83' lang='lat' dir='ltr'><strong>invocationes</strong></span> <span class='ocrx_word' id='word_1_487' title='bbox 1347 3511 1539 3565; x_wconf 85' lang='lat' dir='ltr'><strong>autem</strong></span> <span class='ocrx_word' id='word_1_488' title='bbox 1560 3513 1991 3566; x_wconf 63' lang='lat' dir='ltr'><strong>cincurrerent</strong></span> 
     </span>
    </p>
   </div>
   <div class='ocr_carea' id='block_1_71' title="bbox 338 3591 1989 3672">
    <p class='ocr_par' dir='ltr' id='par_1_71' title="bbox 338 3591 1989 3672">
     <span class='ocr_line' id='line_1_71' title="bbox 338 3591 1989 3672; baseline -0.001 -17"><span class='ocrx_word' id='word_1_489' title='bbox 338 3612 517 3655; x_wconf 91' lang='lat' dir='ltr'><strong>omne</strong></span> <span class='ocrx_word' id='word_1_490' title='bbox 547 3611 734 3672; x_wconf 89' lang='lat' dir='ltr'><strong>genus</strong></span> <span class='ocrx_word' id='word_1_491' title='bbox 782 3591 1069 3654; x_wconf 90' lang='lat' dir='ltr'><strong>miracula</strong></span> <span class='ocrx_word' id='word_1_492' title='bbox 1098 3591 1492 3666; x_wconf 82' lang='lat' dir='ltr'><strong>(manifestum</strong></span> <span class='ocrx_word' id='word_1_493' title='bbox 1543 3594 1700 3652; x_wconf 91' lang='lat' dir='ltr'><strong>enim</strong></span> <span class='ocrx_word' id='word_1_494' title='bbox 1736 3601 1864 3653; x_wconf 87' lang='lat' dir='ltr'><strong>erat</strong></span> <span class='ocrx_word' id='word_1_495' title='bbox 1919 3593 1989 3653; x_wconf 90' lang='lat' dir='ltr'><strong>iis</strong></span> 
     </span>
    </p>
   </div>
   <div class='ocr_carea' id='block_1_72' title="bbox 338 3680 1990 3763">
    <p class='ocr_par' dir='ltr' id='par_1_72' title="bbox 338 3680 1990 3763">
     <span class='ocr_line' id='line_1_72' title="bbox 338 3680 1990 3763; baseline -0.001 -19"><span class='ocrx_word' id='word_1_496' title='bbox 338 3682 441 3763; x_wconf 89' lang='lat' dir='ltr'><strong>qui</strong></span> <span class='ocrx_word' id='word_1_497' title='bbox 474 3682 652 3743; x_wconf 91' lang='lat' dir='ltr'><strong>simul</strong></span> <span class='ocrx_word' id='word_1_498' title='bbox 683 3680 956 3753; x_wconf 81' lang='lat' dir='ltr'><strong>aderant,</strong></span> <span class='ocrx_word' id='word_1_499' title='bbox 991 3680 1125 3761; x_wconf 88' lang='lat' dir='ltr'><strong>quis</strong></span> <span class='ocrx_word' id='word_1_500' title='bbox 1173 3681 1365 3743; x_wconf 82' lang='lat' dir='ltr'><strong>solum</strong></span> <span class='ocrx_word' id='word_1_501' title='bbox 1400 3681 1739 3743; x_wconf 88' lang='lat' dir='ltr'><strong>nominatus</strong></span> <span class='ocrx_word' id='word_1_502' title='bbox 1769 3681 1990 3743; x_wconf 79' lang='lat' dir='ltr'><strong>faceret</strong></span> 
     </span>
    </p>
   </div>
   <div class='ocr_carea' id='block_1_73' title="bbox 337 3768 1990 3850">
    <p class='ocr_par' dir='ltr' id='par_1_73' title="bbox 337 3768 1990 3850">
     <span class='ocr_line' id='line_1_73' title="bbox 337 3768 1990 3850; baseline -0.001 -19"><span class='ocrx_word' id='word_1_503' title='bbox 337 3771 647 3850; x_wconf 86' lang='lat' dir='ltr'><strong>miracula,</strong></span> <span class='ocrx_word' id='word_1_504' title='bbox 683 3777 743 3832; x_wconf 92' lang='lat' dir='ltr'><strong>et</strong></span> <span class='ocrx_word' id='word_1_505' title='bbox 793 3768 950 3849; x_wconf 91' lang='lat' dir='ltr'><strong>quod</strong></span> <span class='ocrx_word' id='word_1_506' title='bbox 1002 3787 1121 3830; x_wconf 90' lang='lat' dir='ltr'><strong>non</strong></span> <span class='ocrx_word' id='word_1_507' title='bbox 1172 3778 1299 3831; x_wconf 77' lang='lat' dir='ltr'><strong>erat</strong></span> <span class='ocrx_word' id='word_1_508' title='bbox 1341 3768 1517 3845; x_wconf 89' lang='lat' dir='ltr'><strong>alius,</strong></span> <span class='ocrx_word' id='word_1_509' title='bbox 1551 3768 1668 3830; x_wconf 89' lang='lat' dir='ltr'><strong>nisi</strong></span> <span class='ocrx_word' id='word_1_510' title='bbox 1721 3769 1990 3831; x_wconf 85' lang='lat' dir='ltr'><strong>Christus</strong></span> 
     </span>
    </p>
   </div>
   <div class='ocr_carea' id='block_1_74' title="bbox 340 3857 1993 3939">
    <p class='ocr_par' dir='ltr' id='par_1_74' title="bbox 340 3857 1993 3939">
     <span class='ocr_line' id='line_1_74' title="bbox 340 3857 1993 3939; baseline -0.002 -17"><span class='ocrx_word' id='word_1_511' title='bbox 340 3861 541 3939; x_wconf 88' lang='lat' dir='ltr'><strong>Deus),</strong></span> <span class='ocrx_word' id='word_1_512' title='bbox 579 3877 903 3939; x_wconf 90' lang='lat' dir='ltr'><strong>erumpens</strong></span> <span class='ocrx_word' id='word_1_513' title='bbox 926 3867 1177 3937; x_wconf 87' lang='lat' dir='ltr'><strong>repente</strong></span> <span class='ocrx_word' id='word_1_514' title='bbox 1201 3857 1486 3921; x_wconf 89' lang='lat' dir='ltr'><strong>universa</strong></span> <span class='ocrx_word' id='word_1_515' title='bbox 1507 3859 1709 3919; x_wconf 84' lang='lat' dir='ltr'><strong>civitas</strong></span> <span class='ocrx_word' id='word_1_516' title='bbox 1741 3878 1774 3919; x_wconf 89' lang='lat' dir='ltr'><strong>a</strong></span> <span class='ocrx_word' id='word_1_517' title='bbox 1806 3860 1993 3939; x_wconf 81' lang='lat' dir='ltr'><strong>majo-</strong></span> 
     </span>
    </p>
   </div>
   <div class='ocr_carea' id='block_1_75' title="bbox 336 3947 1992 4027">
    <p class='ocr_par' dir='ltr' id='par_1_75' title="bbox 336 3947 1992 4027">
     <span class='ocr_line' id='line_1_75' title="bbox 336 3947 1992 4027; baseline 0.004 -25"><span class='ocrx_word' id='word_1_518' title='bbox 336 3949 564 4022; x_wconf 87' lang='lat' dir='ltr'><strong>rum,in</strong></span> <span class='ocrx_word' id='word_1_519' title='bbox 586 3966 705 4023; x_wconf 79' lang='lat' dir='ltr'><strong>qua</strong></span> <span class='ocrx_word' id='word_1_520' title='bbox 739 3947 983 4009; x_wconf 89' lang='lat' dir='ltr'><strong>enutriti</strong></span> <span class='ocrx_word' id='word_1_521' title='bbox 1006 3947 1263 4021; x_wconf 85' lang='lat' dir='ltr'><strong>fuerant,</strong></span> <span class='ocrx_word' id='word_1_522' title='bbox 1291 3947 1667 4027; x_wconf 83' lang='lat' dir='ltr'><strong>deceptione,</strong></span> <span class='ocrx_word' id='word_1_523' title='bbox 1696 3957 1751 4007; x_wconf 87' lang='lat' dir='ltr'><strong>et</strong></span> <span class='ocrx_word' id='word_1_524' title='bbox 1774 3950 1992 4026; x_wconf 89' lang='lat' dir='ltr'><strong>patrios</strong></span> 
     </span>
    </p>
   </div>
   <div class='ocr_carea' id='block_1_76' title="bbox 340 4035 1992 4117">
    <p class='ocr_par' dir='ltr' id='par_1_76' title="bbox 340 4035 1992 4117">
     <span class='ocr_line' id='line_1_76' title="bbox 340 4035 1992 4117; baseline -0.001 -19"><span class='ocrx_word' id='word_1_525' title='bbox 340 4036 582 4117; x_wconf 91' lang='lat' dir='ltr'><strong>quidem</strong></span> <span class='ocrx_word' id='word_1_526' title='bbox 606 4036 750 4098; x_wconf 91' lang='lat' dir='ltr'><strong>deos</strong></span> <span class='ocrx_word' id='word_1_527' title='bbox 774 4035 1027 4096; x_wconf 88' lang='lat' dir='ltr'><strong>multum</strong></span> <span class='ocrx_word' id='word_1_528' title='bbox 1055 4035 1388 4111; x_wconf 86' lang='lat' dir='ltr'><strong>ludiﬁcans,</strong></span> <span class='ocrx_word' id='word_1_529' title='bbox 1416 4036 1601 4096; x_wconf 91' lang='lat' dir='ltr'><strong>multa</strong></span> <span class='ocrx_word' id='word_1_530' title='bbox 1619 4054 1755 4096; x_wconf 82' lang='lat' dir='ltr'><strong>vero</strong></span> <span class='ocrx_word' id='word_1_531' title='bbox 1786 4036 1992 4097; x_wconf 88' lang='lat' dir='ltr'><strong>dicens</strong></span> 
     </span>
    </p>
   </div>
   <div class='ocr_carea' id='block_1_77' title="bbox 344 4124 1992 4204">
    <p class='ocr_par' dir='ltr' id='par_1_77' title="bbox 344 4124 1992 4204">
     <span class='ocr_line' id='line_1_77' title="bbox 344 4124 1992 4204; baseline 0 -17"><span class='ocrx_word' id='word_1_532' title='bbox 344 4125 629 4187; x_wconf 87' lang='lat' dir='ltr'><strong>adversus</strong></span> <span class='ocrx_word' id='word_1_533' title='bbox 679 4125 1131 4204; x_wconf 87' lang='lat' dir='ltr'><strong>imperatorem,</strong></span> <span class='ocrx_word' id='word_1_534' title='bbox 1166 4133 1224 4186; x_wconf 90' lang='lat' dir='ltr'><strong>et</strong></span> <span class='ocrx_word' id='word_1_535' title='bbox 1270 4124 1618 4203; x_wconf 88' lang='lat' dir='ltr'><strong>gravissime</strong></span> <span class='ocrx_word' id='word_1_536' title='bbox 1675 4143 1992 4188; x_wconf 88' lang='lat' dir='ltr'><strong>exsecrans</strong></span> 
     </span>
    </p>
   </div>
   <div class='ocr_carea' id='block_1_78' title="bbox 344 4214 1992 4296">
    <p class='ocr_par' dir='ltr' id='par_1_78' title="bbox 344 4214 1992 4296">
     <span class='ocr_line' id='line_1_78' title="bbox 344 4214 1992 4296; baseline 0.001 -22"><span class='ocrx_word' id='word_1_537' title='bbox 344 4223 460 4276; x_wconf 90' lang='lat' dir='ltr'><strong>tam</strong></span> <span class='ocrx_word' id='word_1_538' title='bbox 491 4233 594 4276; x_wconf 89' lang='lat' dir='ltr'><strong>eos</strong></span> <span class='ocrx_word' id='word_1_539' title='bbox 617 4214 716 4295; x_wconf 90' lang='lat' dir='ltr'><strong>qui</strong></span> <span class='ocrx_word' id='word_1_540' title='bbox 748 4215 978 4289; x_wconf 90' lang='lat' dir='ltr'><strong>colunt,</strong></span> <span class='ocrx_word' id='word_1_541' title='bbox 1008 4233 1182 4295; x_wconf 90' lang='lat' dir='ltr'><strong>quam</strong></span> <span class='ocrx_word' id='word_1_542' title='bbox 1207 4233 1276 4277; x_wconf 89' lang='lat' dir='ltr'><strong>ea</strong></span> <span class='ocrx_word' id='word_1_543' title='bbox 1306 4233 1436 4296; x_wconf 71' lang='lat' dir='ltr'><strong>qua:</strong></span> <span class='ocrx_word' id='word_1_544' title='bbox 1466 4215 1762 4285; x_wconf 88' lang='lat' dir='ltr'><strong>coluntur,</strong></span> <span class='ocrx_word' id='word_1_545' title='bbox 1790 4222 1848 4275; x_wconf 93' lang='lat' dir='ltr'><strong>et</strong></span> <span class='ocrx_word' id='word_1_546' title='bbox 1869 4224 1992 4275; x_wconf 88' lang='lat' dir='ltr'><strong>toto</strong></span> 
     </span>
    </p>
   </div>
   <div class='ocr_carea' id='block_1_79' title="bbox 343 4303 1995 4384">
    <p class='ocr_par' dir='ltr' id='par_1_79' title="bbox 343 4303 1995 4384">
     <span class='ocr_line' id='line_1_79' title="bbox 343 4303 1995 4384; baseline 0 -19"><span class='ocrx_word' id='word_1_547' title='bbox 343 4303 541 4365; x_wconf 88' lang='lat' dir='ltr'><strong>animo</strong></span> <span class='ocrx_word' id='word_1_548' title='bbox 572 4303 852 4383; x_wconf 88' lang='lat' dir='ltr'><strong>abjurans</strong></span> <span class='ocrx_word' id='word_1_549' title='bbox 900 4311 1209 4384; x_wconf 86' lang='lat' dir='ltr'><strong>parentum</strong></span> <span class='ocrx_word' id='word_1_550' title='bbox 1242 4304 1627 4384; x_wconf 86' lang='lat' dir='ltr'><strong>impietatem,</strong></span> <span class='ocrx_word' id='word_1_551' title='bbox 1663 4322 1693 4363; x_wconf 81' lang='grc' dir='ltr'>ο</span> <span class='ocrx_word' id='word_1_552' title='bbox 1724 4303 1995 4384; x_wconf 77' lang='lat' dir='ltr'><strong>martyris</strong></span> 
     </span>
    </p>
   </div>
   <div class='ocr_carea' id='block_1_80' title="bbox 345 4392 1993 4472">
    <p class='ocr_par' dir='ltr' id='par_1_80' title="bbox 345 4392 1993 4472">
     <span class='ocr_line' id='line_1_80' title="bbox 345 4392 1993 4472; baseline 0.001 -19"><span class='ocrx_word' id='word_1_553' title='bbox 345 4393 544 4471; x_wconf 85' lang='lat' dir='ltr'><strong>lingua</strong></span> <span class='ocrx_word' id='word_1_554' title='bbox 564 4400 622 4453; x_wconf 91' lang='lat' dir='ltr'><strong>et</strong></span> <span class='ocrx_word' id='word_1_555' title='bbox 660 4400 857 4454; x_wconf 90' lang='lat' dir='ltr'><strong>mente</strong></span> <span class='ocrx_word' id='word_1_556' title='bbox 879 4410 1092 4455; x_wconf 90' lang='lat' dir='ltr'><strong>omnes</strong></span> <span class='ocrx_word' id='word_1_557' title='bbox 1123 4392 1298 4453; x_wconf 90' lang='lat' dir='ltr'><strong>simul</strong></span> <span class='ocrx_word' id='word_1_558' title='bbox 1332 4393 1766 4472; x_wconf 88' lang='lat' dir='ltr'><strong>pependerunt,</strong></span> <span class='ocrx_word' id='word_1_559' title='bbox 1798 4402 1857 4453; x_wconf 93' lang='lat' dir='ltr'><strong>et</strong></span> <span class='ocrx_word' id='word_1_560' title='bbox 1883 4411 1993 4454; x_wconf 90' lang='lat' dir='ltr'><strong>sua</strong></span> 
     </span>
    </p>
   </div>
   <div class='ocr_carea' id='block_1_81' title="bbox 346 4481 1995 4557">
    <p class='ocr_par' dir='ltr' id='par_1_81' title="bbox 346 4481 1995 4557">
     <span class='ocr_line' id='line_1_81' title="bbox 346 4481 1995 4557; baseline -0.001 -14"><span class='ocrx_word' id='word_1_561' title='bbox 346 4482 402 4543; x_wconf 91' lang='lat' dir='ltr'><strong>ei</strong></span> <span class='ocrx_word' id='word_1_562' title='bbox 431 4481 630 4542; x_wconf 87' lang='lat' dir='ltr'><strong>anima</strong></span> <span class='ocrx_word' id='word_1_563' title='bbox 652 4481 1058 4555; x_wconf 73' lang='lat' dir='ltr'><strong>adhaeserunt,</strong></span> <span class='ocrx_word' id='word_1_564' title='bbox 1093 4498 1292 4541; x_wconf 86' lang='lat' dir='ltr'><strong>sacras</strong></span> <span class='ocrx_word' id='word_1_565' title='bbox 1318 4498 1493 4543; x_wconf 86' lang='lat' dir='ltr'><strong>voces</strong></span> <span class='ocrx_word' id='word_1_566' title='bbox 1524 4481 1901 4557; x_wconf 78' lang='lat' dir='ltr'><strong>arbitrantes,</strong></span> <span class='ocrx_word' id='word_1_567' title='bbox 1936 4490 1995 4544; x_wconf 92' lang='lat' dir='ltr'><strong>et</strong></span> 
     </span>
    </p>
   </div>
   <div class='ocr_carea' id='block_1_82' title="bbox 343 4568 1994 4651">
    <p class='ocr_par' dir='ltr' id='par_1_82' title="bbox 343 4568 1994 4651">
     <span class='ocr_line' id='line_1_82' title="bbox 343 4568 1994 4651; baseline 0.002 -22"><span class='ocrx_word' id='word_1_568' title='bbox 343 4569 524 4632; x_wconf 87' lang='lat' dir='ltr'><strong>verba</strong></span> <span class='ocrx_word' id='word_1_569' title='bbox 552 4570 712 4644; x_wconf 66' lang='lat' dir='ltr'><strong>vitae,</strong></span> <span class='ocrx_word' id='word_1_570' title='bbox 741 4570 903 4631; x_wconf 86' lang='lat' dir='ltr'><strong>illius</strong></span> <span class='ocrx_word' id='word_1_571' title='bbox 926 4570 1111 4630; x_wconf 88' lang='lat' dir='ltr'><strong>solius</strong></span> <span class='ocrx_word' id='word_1_572' title='bbox 1132 4568 1318 4631; x_wconf 91' lang='lat' dir='ltr'><strong>verba</strong></span> <span class='ocrx_word' id='word_1_573' title='bbox 1332 4580 1757 4650; x_wconf 79' lang='lat' dir='ltr'><strong>agnoscentes:</strong></span> <span class='ocrx_word' id='word_1_574' title='bbox 1791 4571 1994 4651; x_wconf 89' lang='lat' dir='ltr'><strong>paucis</strong></span> 
     </span>
    </p>
   </div>
   <div class='ocr_carea' id='block_1_83' title="bbox 345 4657 1991 4737">
    <p class='ocr_par' dir='ltr' id='par_1_83' title="bbox 345 4657 1991 4737">
     <span class='ocr_line' id='line_1_83' title="bbox 345 4657 1991 4737; baseline 0 -16"><span class='ocrx_word' id='word_1_575' title='bbox 345 4660 417 4721; x_wconf 89' lang='lat' dir='ltr'><strong>ad</strong></span> <span class='ocrx_word' id='word_1_576' title='bbox 464 4658 628 4737; x_wconf 87' lang='lat' dir='ltr'><strong>signa</strong></span> <span class='ocrx_word' id='word_1_577' title='bbox 659 4657 1137 4737; x_wconf 88' lang='lat' dir='ltr'><strong>conniventibus,</strong></span> <span class='ocrx_word' id='word_1_578' title='bbox 1172 4667 1230 4720; x_wconf 92' lang='lat' dir='ltr'><strong>et</strong></span> <span class='ocrx_word' id='word_1_579' title='bbox 1260 4658 1332 4720; x_wconf 89' lang='lat' dir='ltr'><strong>ad</strong></span> <span class='ocrx_word' id='word_1_580' title='bbox 1392 4659 1753 4737; x_wconf 83' lang='lat' dir='ltr'><strong>agnitionem</strong></span> <span class='ocrx_word' id='word_1_581' title='bbox 1788 4679 1991 4721; x_wconf 88' lang='lat' dir='ltr'><strong>eorum</strong></span> 
     </span>
    </p>
   </div>
   <div class='ocr_carea' id='block_1_84' title="bbox 1977 3325 2871 3404">
    <p class='ocr_par' dir='ltr' id='par_1_84' title="bbox 1977 3325 2871 3404">
     <span class='ocr_line' id='line_1_84' title="bbox 1977 3325 2871 3404; baseline 0 -21"><span class='ocrx_word' id='word_1_582' title='bbox 1977 3329 2065 3384; x_wconf 87' lang='grc' dir='ltr'><strong>καὶ</strong></span> <span class='ocrx_word' id='word_1_583' title='bbox 2094 3325 2445 3402; x_wconf 82' lang='grc' dir='ltr'>δαιμονῶντες</span> <span class='ocrx_word' id='word_1_584' title='bbox 2479 3327 2871 3404; x_wconf 84' lang='grc' dir='ltr'>ἐθεραπεύοντο.</span> 
     </span>
    </p>
   </div>
   <div class='ocr_carea' id='block_1_85' title="bbox 2156 3407 3723 3493">
    <p class='ocr_par' dir='ltr' id='par_1_85' title="bbox 2156 3407 3723 3493">
     <span class='ocr_line' id='line_1_85' title="bbox 2156 3407 3650 3476; baseline -0.005 0"><span class='ocrx_word' id='word_1_585' title='bbox 2156 3407 3264 3476; x_wconf 70' lang='grc' dir='ltr'><strong>Ε”Ωτ·ε’ἐ-’ό</strong></span> <span class='ocrx_word' id='word_1_586' title='bbox 3469 3414 3650 3470; x_wconf 66' lang='grc' dir='ltr'><strong>’ἑά</strong></span> 
     </span>
     <span class='ocr_line' id='line_1_86' title="bbox 2226 3435 3723 3493; baseline -0.003 -20"><span class='ocrx_word' id='word_1_587' title='bbox 2226 3464 2239 3479; x_wconf 91' lang='grc'><strong>.</strong></span> <span class='ocrx_word' id='word_1_588' title='bbox 2371 3441 2395 3482; x_wconf 92' lang='grc' dir='ltr'><strong>ς</strong></span> <span class='ocrx_word' id='word_1_589' title='bbox 2446 3439 2535 3472; x_wconf 89' lang='grc' dir='ltr'><strong>ουν</strong></span> <span class='ocrx_word' id='word_1_590' title='bbox 2561 3437 2726 3474; x_wconf 86' lang='grc' dir='ltr'>ταυτα</span> <span class='ocrx_word' id='word_1_591' title='bbox 2786 3437 2950 3482; x_wconf 69' lang='grc' dir='ltr'>οπως</span> <span class='ocrx_word' id='word_1_592' title='bbox 3011 3436 3234 3493; x_wconf 80' lang='grc' dir='ltr'>ντ,ργειτ</span> <span class='ocrx_word' id='word_1_593' title='bbox 3313 3435 3369 3470; x_wconf 91' lang='grc' dir='ltr'><strong>τε</strong></span> <span class='ocrx_word' id='word_1_594' title='bbox 3398 3435 3485 3470; x_wconf 86' lang='grc' dir='ltr'><strong>και</strong></span> <span class='ocrx_word' id='word_1_595' title='bbox 3544 3435 3613 3492; x_wconf 89' lang='grc' dir='ltr'><strong>πρ</strong></span> <span class='ocrx_word' id='word_1_596' title='bbox 3651 3435 3723 3469; x_wconf 90' lang='grc' dir='ltr'>τ-</span> 
     </span>
    </p>
   </div>
   <div class='ocr_carea' id='block_1_86' title="bbox 2072 3503 3721 3586">
    <p class='ocr_par' dir='ltr' id='par_1_86' title="bbox 2072 3503 3721 3586">
     <span class='ocr_line' id='line_1_87' title="bbox 2072 3503 3721 3586; baseline -0.002 -24"><span class='ocrx_word' id='word_1_597' title='bbox 2072 3528 2215 3581; x_wconf 84' lang='grc' dir='ltr'>τετο,</span> <span class='ocrx_word' id='word_1_598' title='bbox 2266 3507 2355 3563; x_wconf 85' lang='grc' dir='ltr'><strong>καὶ</strong></span> <span class='ocrx_word' id='word_1_599' title='bbox 2410 3504 2605 3586; x_wconf 67' lang='grc' dir='ltr'>ηὔχετο</span> <span class='ocrx_word' id='word_1_600' title='bbox 2658 3507 2755 3580; x_wconf 80' lang='grc' dir='ltr'>μὲν</span> <span class='ocrx_word' id='word_1_601' title='bbox 2808 3508 2835 3561; x_wconf 90' lang='lat'><strong>6</strong></span> <span class='ocrx_word' id='word_1_602' title='bbox 2880 3505 3141 3581; x_wconf 80' lang='grc' dir='ltr'>μακάριος</span> <span class='ocrx_word' id='word_1_603' title='bbox 3191 3510 3399 3584; x_wconf 76' lang='grc' dir='ltr'>Μηνᾶς,</span> <span class='ocrx_word' id='word_1_604' title='bbox 3432 3503 3721 3583; x_wconf 80' lang='grc' dir='ltr'>συνέτρεχε</span> 
     </span>
    </p>
   </div>
   <div class='ocr_carea' id='block_1_87' title="bbox 2071 3591 3717 3675">
    <p class='ocr_par' dir='ltr' id='par_1_87' title="bbox 2071 3591 3717 3675">
     <span class='ocr_line' id='line_1_88' title="bbox 2071 3591 3717 3675; baseline -0.002 -24"><span class='ocrx_word' id='word_1_605' title='bbox 2071 3593 2126 3650; x_wconf 75' lang='grc' dir='ltr'>δὲ</span> <span class='ocrx_word' id='word_1_606' title='bbox 2196 3596 2325 3675; x_wconf 76' lang='grc' dir='ltr'>πρὸς</span> <span class='ocrx_word' id='word_1_607' title='bbox 2392 3595 2488 3658; x_wconf 83' lang='grc' dir='ltr'><strong>τὰς</strong></span> <span class='ocrx_word' id='word_1_608' title='bbox 2559 3592 2866 3663; x_wconf 74' lang='grc' dir='ltr'>ἐπικλήσεις</span> <span class='ocrx_word' id='word_1_609' title='bbox 2938 3593 3004 3650; x_wconf 79' lang='grc' dir='ltr'><strong>τὰ</strong></span> <span class='ocrx_word' id='word_1_610' title='bbox 3070 3591 3380 3650; x_wconf 82' lang='grc' dir='ltr'>παντοδαπᾶ</span> <span class='ocrx_word' id='word_1_611' title='bbox 3449 3592 3717 3667; x_wconf 81' lang='grc' dir='ltr'>θαύματα,</span> 
     </span>
    </p>
   </div>
   <div class='ocr_carea' id='block_1_88' title="bbox 2071 3681 3721 3762">
    <p class='ocr_par' dir='ltr' id='par_1_88' title="bbox 2071 3681 3721 3762">
     <span class='ocr_line' id='line_1_89' title="bbox 2071 3681 3721 3762; baseline -0.001 -23"><span class='ocrx_word' id='word_1_612' title='bbox 2071 3681 2232 3750; x_wconf 80' lang='grc' dir='ltr'>δῆλον</span> <span class='ocrx_word' id='word_1_613' title='bbox 2283 3683 2337 3740; x_wconf 73' lang='grc' dir='ltr'>δὲ</span> <span class='ocrx_word' id='word_1_614' title='bbox 2379 3685 2445 3752; x_wconf 71' lang='grc' dir='ltr'>ἦν</span> <span class='ocrx_word' id='word_1_615' title='bbox 2484 3686 2561 3740; x_wconf 62' lang='grc' dir='ltr'><strong>καὶ</strong></span> <span class='ocrx_word' id='word_1_616' title='bbox 2608 3685 2730 3747; x_wconf 77' lang='grc' dir='ltr'>τοῖς</span> <span class='ocrx_word' id='word_1_617' title='bbox 2760 3689 3094 3762; x_wconf 82' lang='grc' dir='ltr'>συμπαροῦσι</span> <span class='ocrx_word' id='word_1_618' title='bbox 3138 3683 3215 3745; x_wconf 90' lang='grc' dir='ltr'><strong>τίς</strong></span> <span class='ocrx_word' id='word_1_619' title='bbox 3247 3685 3274 3739; x_wconf 90' lang='lat'><strong>6</strong></span> <span class='ocrx_word' id='word_1_620' title='bbox 3318 3683 3482 3758; x_wconf 89' lang='grc' dir='ltr'>μόνον</span> <span class='ocrx_word' id='word_1_621' title='bbox 3511 3682 3721 3754; x_wconf 69' lang='grc' dir='ltr'>ὄνομα·</span> 
     </span>
    </p>
   </div>
   <div class='ocr_carea' id='block_1_89' title="bbox 2071 3768 3720 3850">
    <p class='ocr_par' dir='ltr' id='par_1_89' title="bbox 2071 3768 3720 3850">
     <span class='ocr_line' id='line_1_90' title="bbox 2071 3768 3720 3850; baseline -0.002 -21"><span class='ocrx_word' id='word_1_622' title='bbox 2071 3773 2292 3849; x_wconf 74' lang='grc' dir='ltr'>ζόμενος</span> <span class='ocrx_word' id='word_1_623' title='bbox 2370 3774 2457 3829; x_wconf 89' lang='grc' dir='ltr'>καὶ</span> <span class='ocrx_word' id='word_1_624' title='bbox 2538 3777 2976 3850; x_wconf 79' lang='grc' dir='ltr'>θαυματουργῶν,</span> <span class='ocrx_word' id='word_1_625' title='bbox 3051 3773 3140 3828; x_wconf 84' lang='grc' dir='ltr'><strong>καὶ</strong></span> <span class='ocrx_word' id='word_1_626' title='bbox 3221 3773 3294 3834; x_wconf 82' lang='grc' dir='ltr'>ὥς</span> <span class='ocrx_word' id='word_1_627' title='bbox 3381 3774 3476 3829; x_wconf 79' lang='grc' dir='ltr'>οὒκ</span> <span class='ocrx_word' id='word_1_628' title='bbox 3557 3768 3720 3834; x_wconf 77' lang='grc' dir='ltr'>ἄλλος</span> 
     </span>
    </p>
   </div>
   <div class='ocr_carea' id='block_1_90' title="bbox 2072 3858 3716 3941">
    <p class='ocr_par' dir='ltr' id='par_1_90' title="bbox 2072 3858 3716 3941">
     <span class='ocr_line' id='line_1_91' title="bbox 2072 3858 3716 3941; baseline -0.002 -22"><span class='ocrx_word' id='word_1_629' title='bbox 2072 3862 2107 3930; x_wconf 75' lang='grc' dir='ltr'>ἢ</span> <span class='ocrx_word' id='word_1_630' title='bbox 2164 3863 2386 3941; x_wconf 78' lang='grc' dir='ltr'>Χριστὸς</span> <span class='ocrx_word' id='word_1_631' title='bbox 2446 3864 2474 3918; x_wconf 91' lang='lat'><strong>6</strong></span> <span class='ocrx_word' id='word_1_632' title='bbox 2525 3863 2681 3935; x_wconf 82' lang='grc' dir='ltr'>Θεὸς,</span> <span class='ocrx_word' id='word_1_633' title='bbox 2733 3860 2983 3941; x_wconf 64' lang='grc' dir='ltr'>ἐξαίφνης</span> <span class='ocrx_word' id='word_1_634' title='bbox 3048 3867 3192 3918; x_wconf 83' lang='grc' dir='ltr'>πᾶσα</span> <span class='ocrx_word' id='word_1_635' title='bbox 3235 3864 3269 3929; x_wconf 80' lang='grc' dir='ltr'><strong>ἡ</strong></span> <span class='ocrx_word' id='word_1_636' title='bbox 3330 3860 3488 3924; x_wconf 81' lang='grc' dir='ltr'>πόλις</span> <span class='ocrx_word' id='word_1_637' title='bbox 3544 3858 3716 3937; x_wconf 82' lang='grc' dir='ltr'>ἇποῤ-</span> 
     </span>
    </p>
   </div>
   <div class='ocr_carea' id='block_1_91' title="bbox 2073 3949 3716 4029">
    <p class='ocr_par' dir='ltr' id='par_1_91' title="bbox 2073 3949 3716 4029">
     <span class='ocr_line' id='line_1_92' title="bbox 2073 3949 3716 4029; baseline -0.002 -21"><span class='ocrx_word' id='word_1_638' title='bbox 2073 3951 2297 4029; x_wconf 80' lang='grc' dir='ltr'>ραγεῖσα</span> <span class='ocrx_word' id='word_1_639' title='bbox 2378 3952 2476 4016; x_wconf 75' lang='grc' dir='ltr'><strong>τῆς</strong></span> <span class='ocrx_word' id='word_1_640' title='bbox 2548 3949 2836 4029; x_wconf 82' lang='grc' dir='ltr'>συντρόφου</span> <span class='ocrx_word' id='word_1_641' title='bbox 2926 3956 3034 4008; x_wconf 82' lang='grc' dir='ltr'><strong>τῶν</strong></span> <span class='ocrx_word' id='word_1_642' title='bbox 3110 3950 3387 4028; x_wconf 84' lang='grc' dir='ltr'>προγόνων</span> <span class='ocrx_word' id='word_1_643' title='bbox 3480 3950 3716 4027; x_wconf 71' lang='grc' dir='ltr'>ἀπάτης,</span> 
     </span>
    </p>
   </div>
   <div class='ocr_carea' id='block_1_92' title="bbox 2075 4038 3721 4114">
    <p class='ocr_par' dir='ltr' id='par_1_92' title="bbox 2075 4038 3721 4114">
     <span class='ocr_line' id='line_1_93' title="bbox 2075 4038 3721 4114; baseline -0.002 -18"><span class='ocrx_word' id='word_1_644' title='bbox 2075 4041 2160 4096; x_wconf 83' lang='grc' dir='ltr'>καὶ</span> <span class='ocrx_word' id='word_1_645' title='bbox 2241 4038 2417 4096; x_wconf 80' lang='grc' dir='ltr'>πολλὰ</span> <span class='ocrx_word' id='word_1_646' title='bbox 2498 4040 2594 4114; x_wconf 77' lang='grc' dir='ltr'>μὲν</span> <span class='ocrx_word' id='word_1_647' title='bbox 2677 4038 3138 4114; x_wconf 79' lang='grc' dir='ltr'>διακωμορδήσασα</span> <span class='ocrx_word' id='word_1_648' title='bbox 3241 4041 3363 4103; x_wconf 79' lang='grc' dir='ltr'>τοὺς</span> <span class='ocrx_word' id='word_1_649' title='bbox 3447 4040 3721 4114; x_wconf 77' lang='grc' dir='ltr'>πατρῴους</span> 
     </span>
    </p>
   </div>
   <div class='ocr_carea' id='block_1_93' title="bbox 2073 4127 3720 4206">
    <p class='ocr_par' dir='ltr' id='par_1_93' title="bbox 2073 4127 3720 4206">
     <span class='ocr_line' id='line_1_94' title="bbox 2073 4127 3720 4206; baseline -0.001 -21"><span class='ocrx_word' id='word_1_650' title='bbox 2073 4130 2243 4206; x_wconf 83' lang='grc' dir='ltr'>θεοὺς,</span> <span class='ocrx_word' id='word_1_651' title='bbox 2277 4127 2452 4186; x_wconf 81' lang='grc' dir='ltr'>πολλὰ</span> <span class='ocrx_word' id='word_1_652' title='bbox 2503 4127 2558 4184; x_wconf 75' lang='grc' dir='ltr'>δὲ</span> <span class='ocrx_word' id='word_1_653' title='bbox 2599 4136 2918 4188; x_wconf 71' lang='grc' dir='ltr'>κατειποῦσα</span> <span class='ocrx_word' id='word_1_654' title='bbox 2968 4130 3061 4186; x_wconf 75' lang='grc' dir='ltr'><strong>τοῦ</strong></span> <span class='ocrx_word' id='word_1_655' title='bbox 3110 4127 3396 4205; x_wconf 86' lang='grc' dir='ltr'>βασιλέως,</span> <span class='ocrx_word' id='word_1_656' title='bbox 3443 4129 3530 4184; x_wconf 80' lang='grc' dir='ltr'><strong>καὶ</strong></span> <span class='ocrx_word' id='word_1_657' title='bbox 3579 4127 3720 4183; x_wconf 80' lang='grc' dir='ltr'>ἐπα-</span> 
     </span>
    </p>
   </div>
   <div class='ocr_carea' id='block_1_94' title="bbox 2075 4215 3722 4298">
    <p class='ocr_par' dir='ltr' id='par_1_94' title="bbox 2075 4215 3722 4298">
     <span class='ocr_line' id='line_1_95' title="bbox 2075 4215 3722 4298; baseline 0.001 -25"><span class='ocrx_word' id='word_1_658' title='bbox 2075 4219 2348 4297; x_wconf 83' lang='grc' dir='ltr'>ρασαμένη</span> <span class='ocrx_word' id='word_1_659' title='bbox 2402 4219 2470 4275; x_wconf 79' lang='grc' dir='ltr'><strong>ταί</strong></span> <span class='ocrx_word' id='word_1_660' title='bbox 2494 4215 2856 4298; x_wconf 79' lang='grc' dir='ltr'>χαλεπώτατα</span> <span class='ocrx_word' id='word_1_661' title='bbox 2900 4232 3018 4283; x_wconf 72' lang='grc' dir='ltr'>τοῖς</span> <span class='ocrx_word' id='word_1_662' title='bbox 3049 4239 3106 4275; x_wconf 88' lang='grc' dir='ltr'><strong>τε</strong></span> <span class='ocrx_word' id='word_1_663' title='bbox 3162 4216 3471 4294; x_wconf 75' lang='grc' dir='ltr'>σεϐομένοις</span> <span class='ocrx_word' id='word_1_664' title='bbox 3502 4218 3588 4274; x_wconf 79' lang='grc' dir='ltr'><strong>καὶ</strong></span> <span class='ocrx_word' id='word_1_665' title='bbox 3620 4220 3722 4275; x_wconf 67' lang='grc' dir='ltr'><strong>αὖ⁸</strong></span> 
     </span>
    </p>
   </div>
   <div class='ocr_carea' id='block_1_95' title="bbox 2075 4302 3720 4387">
    <p class='ocr_par' dir='ltr' id='par_1_95' title="bbox 2075 4302 3720 4387">
     <span class='ocr_line' id='line_1_96' title="bbox 2075 4302 3720 4387; baseline -0.003 -25"><span class='ocrx_word' id='word_1_666' title='bbox 2075 4319 2194 4370; x_wconf 91' lang='grc' dir='ltr'>τοῖς</span> <span class='ocrx_word' id='word_1_667' title='bbox 2239 4320 2357 4371; x_wconf 86' lang='grc' dir='ltr'>τοῖς</span> <span class='ocrx_word' id='word_1_668' title='bbox 2391 4302 2710 4387; x_wconf 74' lang='grc' dir='ltr'>σεϐάσμασι,</span> <span class='ocrx_word' id='word_1_669' title='bbox 2742 4308 2828 4363; x_wconf 83' lang='grc' dir='ltr'><strong>καὶ</strong></span> <span class='ocrx_word' id='word_1_670' title='bbox 2878 4305 2979 4383; x_wconf 78' lang='grc' dir='ltr'>ὅλῃ</span> <span class='ocrx_word' id='word_1_671' title='bbox 3011 4312 3165 4387; x_wconf 80' lang='grc' dir='ltr'>ψυχῇ</span> <span class='ocrx_word' id='word_1_672' title='bbox 3195 4307 3293 4374; x_wconf 69' lang='grc' dir='ltr'><strong>τὴν</strong></span> <span class='ocrx_word' id='word_1_673' title='bbox 3343 4311 3447 4362; x_wconf 84' lang='grc' dir='ltr'><strong>τῶν</strong></span> <span class='ocrx_word' id='word_1_674' title='bbox 3477 4305 3720 4384; x_wconf 83' lang='grc' dir='ltr'>πατέρων</span> 
     </span>
    </p>
   </div>
   <div class='ocr_carea' id='block_1_96' title="bbox 2077 4394 3718 4471">
    <p class='ocr_par' dir='ltr' id='par_1_96' title="bbox 2077 4394 3718 4471">
     <span class='ocr_line' id='line_1_97' title="bbox 2077 4394 3718 4471; baseline -0.001 -18"><span class='ocrx_word' id='word_1_675' title='bbox 2077 4395 2319 4453; x_wconf 76' lang='grc' dir='ltr'>ἀσέϐειαν</span> <span class='ocrx_word' id='word_1_676' title='bbox 2376 4394 2763 4470; x_wconf 81' lang='grc' dir='ltr'>ἐξομοσαμένη,</span> <span class='ocrx_word' id='word_1_677' title='bbox 2821 4396 3010 4461; x_wconf 69' lang='grc' dir='ltr'>πάντες</span> <span class='ocrx_word' id='word_1_678' title='bbox 3070 4397 3217 4460; x_wconf 77' lang='grc' dir='ltr'>εὐθὺς</span> <span class='ocrx_word' id='word_1_679' title='bbox 3259 4395 3357 4464; x_wconf 77' lang='grc' dir='ltr'><strong>τῆς</strong></span> <span class='ocrx_word' id='word_1_680' title='bbox 3412 4396 3506 4451; x_wconf 71' lang='grc' dir='ltr'><strong>τοῦ</strong></span> <span class='ocrx_word' id='word_1_681' title='bbox 3574 4394 3718 4471; x_wconf 70' lang='grc' dir='ltr'>μάρ-</span> 
     </span>
    </p>
   </div>
   <div class='ocr_carea' id='block_1_97' title="bbox 2074 4483 3719 4563">
    <p class='ocr_par' dir='ltr' id='par_1_97' title="bbox 2074 4483 3719 4563">
     <span class='ocr_line' id='line_1_98' title="bbox 2074 4483 3719 4563; baseline -0.004 -20"><span class='ocrx_word' id='word_1_682' title='bbox 2074 4507 2224 4560; x_wconf 86' lang='grc' dir='ltr'>τυρος</span> <span class='ocrx_word' id='word_1_683' title='bbox 2282 4483 2524 4563; x_wconf 81' lang='grc' dir='ltr'>γλώττης</span> <span class='ocrx_word' id='word_1_684' title='bbox 2574 4484 2685 4560; x_wconf 75' lang='grc' dir='ltr'>ἅμα</span> <span class='ocrx_word' id='word_1_685' title='bbox 2727 4486 2815 4542; x_wconf 80' lang='grc' dir='ltr'><strong>καὶ</strong></span> <span class='ocrx_word' id='word_1_686' title='bbox 2871 4487 3091 4563; x_wconf 85' lang='grc' dir='ltr'>γνώμης</span> <span class='ocrx_word' id='word_1_687' title='bbox 3148 4488 3420 4563; x_wconf 79' lang='grc' dir='ltr'>γεγόνασι.</span> <span class='ocrx_word' id='word_1_688' title='bbox 3472 4485 3566 4542; x_wconf 80' lang='grc' dir='ltr'>Καὶ</span> <span class='ocrx_word' id='word_1_689' title='bbox 3613 4484 3719 4551; x_wconf 74' lang='grc' dir='ltr'><strong>τὴν</strong></span> 
     </span>
    </p>
   </div>
   <div class='ocr_carea' id='block_1_98' title="bbox 2075 4572 3721 4653">
    <p class='ocr_par' dir='ltr' id='par_1_98' title="bbox 2075 4572 3721 4653">
     <span class='ocr_line' id='line_1_99' title="bbox 2075 4572 3721 4653; baseline -0.001 -24"><span class='ocrx_word' id='word_1_690' title='bbox 2075 4574 2259 4653; x_wconf 74' lang='grc' dir='ltr'>ψυχὴν</span> <span class='ocrx_word' id='word_1_691' title='bbox 2314 4575 2483 4630; x_wconf 83' lang='grc' dir='ltr'>ὀπίσω</span> <span class='ocrx_word' id='word_1_692' title='bbox 2540 4573 2698 4631; x_wconf 75' lang='grc' dir='ltr'><strong>αὖτοῦ</strong></span> <span class='ocrx_word' id='word_1_693' title='bbox 2752 4572 3147 4648; x_wconf 77' lang='grc' dir='ltr'>ἐκολλήθησαν,</span> <span class='ocrx_word' id='word_1_694' title='bbox 3204 4578 3385 4637; x_wconf 77' lang='grc' dir='ltr'>φωνὰς</span> <span class='ocrx_word' id='word_1_695' title='bbox 3450 4579 3581 4629; x_wconf 83' lang='grc' dir='ltr'><strong>Θεοῦ</strong></span> <span class='ocrx_word' id='word_1_696' title='bbox 3624 4575 3721 4635; x_wconf 80' lang='grc' dir='ltr'><strong>τὰς</strong></span> 
     </span>
    </p>
   </div>
   <div class='ocr_carea' id='block_1_99' title="bbox 2075 4661 3722 4740">
    <p class='ocr_par' dir='ltr' id='par_1_99' title="bbox 2075 4661 3722 4740">
     <span class='ocr_line' id='line_1_100' title="bbox 2075 4661 3722 4740; baseline -0.001 -22"><span class='ocrx_word' id='word_1_697' title='bbox 2075 4663 2273 4719; x_wconf 81' lang='grc' dir='ltr'>ἐκείνου</span> <span class='ocrx_word' id='word_1_698' title='bbox 2334 4664 2511 4738; x_wconf 77' lang='grc' dir='ltr'>φωνὰς</span> <span class='ocrx_word' id='word_1_699' title='bbox 2582 4665 2937 4740; x_wconf 72' lang='grc' dir='ltr'>ἡγησάμενοι,</span> <span class='ocrx_word' id='word_1_700' title='bbox 3005 4664 3093 4720; x_wconf 76' lang='grc' dir='ltr'><strong>καὶ</strong></span> <span class='ocrx_word' id='word_1_701' title='bbox 3162 4663 3377 4738; x_wconf 83' lang='grc' dir='ltr'>ῥήματα</span> <span class='ocrx_word' id='word_1_702' title='bbox 3439 4661 3581 4731; x_wconf 75' lang='grc' dir='ltr'>ζωῆς</span> <span class='ocrx_word' id='word_1_703' title='bbox 3653 4661 3722 4717; x_wconf 81' lang='grc' dir='ltr'>τὰ</span> 
     </span>
    </p>
   </div>
   <div class='ocr_carea' id='block_1_100' title="bbox 345 4746 1985 4830">
    <p class='ocr_par' dir='ltr' id='par_1_100' title="bbox 345 4746 1985 4822">
     <span class='ocr_line' id='line_1_101' title="bbox 345 4746 1985 4822; baseline -0.001 -12"><span class='ocrx_word' id='word_1_704' title='bbox 345 4747 935 4810; x_wconf 89' lang='lat' dir='ltr'><strong>obsurdescentibus.</strong></span> <span class='ocrx_word' id='word_1_705' title='bbox 987 4746 1241 4819; x_wconf 76' lang='lat' dir='ltr'><strong>Quinam</strong></span> <span class='ocrx_word' id='word_1_706' title='bbox 1272 4755 1471 4810; x_wconf 90' lang='lat' dir='ltr'><strong>autem</strong></span> <span class='ocrx_word' id='word_1_707' title='bbox 1503 4756 1673 4810; x_wconf 89' lang='lat' dir='ltr'><strong>erant</strong></span> <span class='ocrx_word' id='word_1_708' title='bbox 1703 4749 1833 4812; x_wconf 86' lang='lat' dir='ltr'><strong>isti?</strong></span> <span class='ocrx_word' id='word_1_709' title='bbox 1858 4751 1928 4822; x_wconf 86' lang='lat' dir='ltr'><strong>1i,</strong></span> <span class='ocrx_word' id='word_1_710' title='bbox 1962 4768 1985 4809; x_wconf 76' lang='grc' dir='ltr'><strong>ε</strong></span> 
     </span>
    </p>
   </div>
   <div class='ocr_carea' id='block_1_101' title="bbox 2071 4746 3723 4830">
    <p class='ocr_par' dir='ltr' id='par_1_101' title="bbox 2079 4750 3723 4830">
     <span class='ocr_line' id='line_1_102' title="bbox 2079 4750 3723 4830; baseline -0.002 -23"><span class='ocrx_word' id='word_1_711' title='bbox 2079 4750 2277 4807; x_wconf 84' lang='grc' dir='ltr'>ἐκείνου</span> <span class='ocrx_word' id='word_1_712' title='bbox 2347 4751 2510 4826; x_wconf 87' lang='grc' dir='ltr'>μόνου</span> <span class='ocrx_word' id='word_1_713' title='bbox 2578 4752 2927 4830; x_wconf 85' lang='grc' dir='ltr'>γινώσκοντες</span> <span class='ocrx_word' id='word_1_714' title='bbox 2998 4753 3237 4829; x_wconf 82' lang='grc' dir='ltr'>ῥήματα,</span> <span class='ocrx_word' id='word_1_715' title='bbox 3299 4752 3493 4828; x_wconf 86' lang='grc' dir='ltr'>ὀλίγων</span> <span class='ocrx_word' id='word_1_716' title='bbox 3562 4752 3723 4806; x_wconf 77' lang='grc' dir='ltr'>τινών</span> 
     </span>
    </p>
   </div>
   <div class='ocr_carea' id='block_1_102' title="bbox 347 4836 1993 4917">
    <p class='ocr_par' dir='ltr' id='par_1_102' title="bbox 347 4836 1993 4917">
     <span class='ocr_line' id='line_1_103' title="bbox 347 4836 1993 4917; baseline 0.001 -19"><span class='ocrx_word' id='word_1_717' title='bbox 347 4836 563 4917; x_wconf 88' lang='lat' dir='ltr'><strong>quibus</strong></span> <span class='ocrx_word' id='word_1_718' title='bbox 606 4836 803 4916; x_wconf 88' lang='lat' dir='ltr'><strong>magni</strong></span> <span class='ocrx_word' id='word_1_719' title='bbox 867 4836 1107 4917; x_wconf 87' lang='lat' dir='ltr'><strong>quidem</strong></span> <span class='ocrx_word' id='word_1_720' title='bbox 1158 4836 1335 4897; x_wconf 77' lang='lat' dir='ltr'><strong>fiebat</strong></span> <span class='ocrx_word' id='word_1_721' title='bbox 1366 4838 1577 4897; x_wconf 84' lang='lat' dir='ltr'><strong>festum</strong></span> <span class='ocrx_word' id='word_1_722' title='bbox 1633 4837 1993 4911; x_wconf 75' lang='lat' dir='ltr'><strong>daemonum,</strong></span> 
     </span>
    </p>
   </div>
   <div class='ocr_carea' id='block_1_103' title="bbox 348 4924 1996 5006">
    <p class='ocr_par' dir='ltr' id='par_1_103' title="bbox 348 4924 1996 5006">
     <span class='ocr_line' id='line_1_104' title="bbox 348 4924 1996 5006; baseline 0.001 -19"><span class='ocrx_word' id='word_1_723' title='bbox 348 4927 503 5006; x_wconf 90' lang='lat' dir='ltr'><strong>quod</strong></span> <span class='ocrx_word' id='word_1_724' title='bbox 556 4924 946 5006; x_wconf 86' lang='lat' dir='ltr'><strong>peragebatur</strong></span> <span class='ocrx_word' id='word_1_725' title='bbox 991 4925 1065 4987; x_wconf 90' lang='lat' dir='ltr'><strong>ad</strong></span> <span class='ocrx_word' id='word_1_726' title='bbox 1117 4942 1278 5001; x_wconf 90' lang='lat' dir='ltr'><strong>aras,</strong></span> <span class='ocrx_word' id='word_1_727' title='bbox 1323 4935 1564 5006; x_wconf 91' lang='lat' dir='ltr'><strong>propter</strong></span> <span class='ocrx_word' id='word_1_728' title='bbox 1605 4926 1996 4989; x_wconf 76' lang='lat' dir='ltr'><strong>comessatio-</strong></span> 
     </span>
    </p>
   </div>
   <div class='ocr_carea' id='block_1_104' title="bbox 346 5013 1993 5096">
    <p class='ocr_par' dir='ltr' id='par_1_104' title="bbox 346 5013 1993 5096">
     <span class='ocr_line' id='line_1_105' title="bbox 346 5013 1993 5096; baseline 0.002 -20"><span class='ocrx_word' id='word_1_729' title='bbox 346 5033 510 5090; x_wconf 91' lang='lat' dir='ltr'><strong>nem,</strong></span> <span class='ocrx_word' id='word_1_730' title='bbox 536 5023 594 5077; x_wconf 90' lang='lat' dir='ltr'><strong>et</strong></span> <span class='ocrx_word' id='word_1_731' title='bbox 619 5013 993 5095; x_wconf 86' lang='lat' dir='ltr'><strong>ebrietatem,</strong></span> <span class='ocrx_word' id='word_1_732' title='bbox 1018 5022 1077 5075; x_wconf 93' lang='lat' dir='ltr'><strong>et</strong></span> <span class='ocrx_word' id='word_1_733' title='bbox 1099 5014 1340 5092; x_wconf 90' lang='lat' dir='ltr'><strong>cubilia,</strong></span> <span class='ocrx_word' id='word_1_734' title='bbox 1363 5026 1425 5076; x_wconf 90' lang='lat' dir='ltr'><strong>et</strong></span> <span class='ocrx_word' id='word_1_735' title='bbox 1451 5014 1993 5096; x_wconf 83' lang='lat' dir='ltr'><strong>intemperantiam:</strong></span> 
     </span>
    </p>
   </div>
   <div class='ocr_carea' id='block_1_105' title="bbox 348 5102 1997 5183">
    <p class='ocr_par' dir='ltr' id='par_1_105' title="bbox 348 5102 1997 5183">
     <span class='ocr_line' id='line_1_106' title="bbox 348 5102 1997 5183; baseline 0.001 -17"><span class='ocrx_word' id='word_1_736' title='bbox 348 5103 713 5183; x_wconf 88' lang='lat' dir='ltr'><strong>contemptui</strong></span> <span class='ocrx_word' id='word_1_737' title='bbox 735 5120 884 5164; x_wconf 86' lang='lat' dir='ltr'><strong>vero</strong></span> <span class='ocrx_word' id='word_1_738' title='bbox 908 5102 1282 5165; x_wconf 88' lang='lat' dir='ltr'><strong>habebantur</strong></span> <span class='ocrx_word' id='word_1_739' title='bbox 1309 5121 1407 5165; x_wconf 89' lang='lat' dir='ltr'><strong>res</strong></span> <span class='ocrx_word' id='word_1_740' title='bbox 1442 5105 1704 5166; x_wconf 68' lang='lat' dir='ltr'><strong>honesta:</strong></span> <span class='ocrx_word' id='word_1_741' title='bbox 1726 5114 1783 5166; x_wconf 90' lang='lat' dir='ltr'><strong>et</strong></span> <span class='ocrx_word' id='word_1_742' title='bbox 1818 5124 1997 5168; x_wconf 53' lang='lat' dir='ltr'><strong>vene-</strong></span> 
     </span>
    </p>
   </div>
   <div class='ocr_carea' id='block_1_106' title="bbox 345 5192 1992 5273">
    <p class='ocr_par' dir='ltr' id='par_1_106' title="bbox 345 5192 1992 5273">
     <span class='ocr_line' id='line_1_107' title="bbox 345 5192 1992 5273; baseline 0.002 -20"><span class='ocrx_word' id='word_1_743' title='bbox 345 5192 549 5254; x_wconf 69' lang='lat' dir='ltr'><strong>randzs</strong></span> <span class='ocrx_word' id='word_1_744' title='bbox 573 5192 1079 5266; x_wconf 87' lang='lat' dir='ltr'><strong>Christianorum,</strong></span> <span class='ocrx_word' id='word_1_745' title='bbox 1116 5201 1357 5273; x_wconf 87' lang='lat' dir='ltr'><strong>propter</strong></span> <span class='ocrx_word' id='word_1_746' title='bbox 1385 5194 1558 5255; x_wconf 87' lang='lat' dir='ltr'><strong>vitam</strong></span> <span class='ocrx_word' id='word_1_747' title='bbox 1591 5195 1992 5256; x_wconf 81' lang='lat' dir='ltr'><strong>continentem</strong></span> 
     </span>
    </p>
   </div>
   <div class='ocr_carea' id='block_1_107' title="bbox 351 5280 1992 5362">
    <p class='ocr_par' dir='ltr' id='par_1_107' title="bbox 351 5280 1992 5362">
     <span class='ocr_line' id='line_1_108' title="bbox 351 5280 1992 5362; baseline 0.001 -19"><span class='ocrx_word' id='word_1_748' title='bbox 351 5290 410 5343; x_wconf 90' lang='lat' dir='ltr'><strong>et</strong></span> <span class='ocrx_word' id='word_1_749' title='bbox 459 5280 879 5360; x_wconf 87' lang='lat' dir='ltr'><strong>impatibilem,</strong></span> <span class='ocrx_word' id='word_1_750' title='bbox 916 5289 975 5342; x_wconf 93' lang='lat' dir='ltr'><strong>et</strong></span> <span class='ocrx_word' id='word_1_751' title='bbox 1004 5299 1134 5361; x_wconf 64' lang='lat' dir='ltr'><strong>quas</strong></span> <span class='ocrx_word' id='word_1_752' title='bbox 1182 5290 1469 5344; x_wconf 87' lang='lat' dir='ltr'><strong>eratcum</strong></span> <span class='ocrx_word' id='word_1_753' title='bbox 1503 5300 1783 5362; x_wconf 81' lang='lat' dir='ltr'><strong>corpme,</strong></span> <span class='ocrx_word' id='word_1_754' title='bbox 1821 5283 1992 5346; x_wconf 77' lang='lat' dir='ltr'><strong>vitam</strong></span> 
     </span>
    </p>
   </div>
   <div class='ocr_carea' id='block_1_108' title="bbox 347 5369 1998 5446">
    <p class='ocr_par' dir='ltr' id='par_1_108' title="bbox 347 5369 1998 5446">
     <span class='ocr_line' id='line_1_109' title="bbox 347 5369 1998 5446; baseline 0.003 -16"><span class='ocrx_word' id='word_1_755' title='bbox 347 5369 787 5446; x_wconf 88' lang='lat' dir='ltr'><strong>incorpoream.</strong></span> <span class='ocrx_word' id='word_1_756' title='bbox 823 5373 968 5431; x_wconf 88' lang='lat' dir='ltr'><strong>Cum</strong></span> <span class='ocrx_word' id='word_1_757' title='bbox 1001 5376 1199 5430; x_wconf 87' lang='lat' dir='ltr'><strong>autem</strong></span> <span class='ocrx_word' id='word_1_758' title='bbox 1243 5371 1342 5431; x_wconf 91' lang='lat' dir='ltr'><strong>isti</strong></span> <span class='ocrx_word' id='word_1_759' title='bbox 1372 5371 1754 5434; x_wconf 78' lang='lat' dir='ltr'><strong>tenebrarum</strong></span> <span class='ocrx_word' id='word_1_760' title='bbox 1803 5373 1909 5434; x_wconf 85' lang='lat' dir='ltr'><strong>ﬁlii</strong></span> <span class='ocrx_word' id='word_1_761' title='bbox 1941 5382 1998 5435; x_wconf 90' lang='lat' dir='ltr'><strong>et</strong></span> 
     </span>
    </p>
   </div>
   <div class='ocr_carea' id='block_1_109' title="bbox 349 5455 1999 5533">
    <p class='ocr_par' dir='ltr' id='par_1_109' title="bbox 349 5455 1999 5533">
     <span class='ocr_line' id='line_1_110' title="bbox 349 5455 1999 5533; baseline 0.005 -17"><span class='ocrx_word' id='word_1_762' title='bbox 349 5455 655 5533; x_wconf 88' lang='lat' dir='ltr'><strong>interitus,</strong></span> <span class='ocrx_word' id='word_1_763' title='bbox 684 5457 1034 5518; x_wconf 84' lang='lat' dir='ltr'><strong>derelictum</strong></span> <span class='ocrx_word' id='word_1_764' title='bbox 1070 5474 1335 5519; x_wconf 91' lang='lat' dir='ltr'><strong>errorem</strong></span> <span class='ocrx_word' id='word_1_765' title='bbox 1395 5467 1455 5521; x_wconf 89' lang='lat' dir='ltr'><strong>et</strong></span> <span class='ocrx_word' id='word_1_766' title='bbox 1483 5478 1722 5522; x_wconf 87' lang='lat' dir='ltr'><strong>suorem</strong></span> <span class='ocrx_word' id='word_1_767' title='bbox 1758 5462 1999 5525; x_wconf 85' lang='lat' dir='ltr'><strong>simula-</strong></span> 
     </span>
    </p>
   </div>
   <div class='ocr_carea' id='block_1_110' title="bbox 352 5543 1997 5630">
    <p class='ocr_par' dir='ltr' id='par_1_110' title="bbox 352 5543 1997 5630">
     <span class='ocr_line' id='line_1_111' title="bbox 352 5543 1997 5630; baseline 0.004 -24"><span class='ocrx_word' id='word_1_768' title='bbox 352 5560 591 5606; x_wconf 84' lang='lat' dir='ltr'><strong>crorum</strong></span> <span class='ocrx_word' id='word_1_769' title='bbox 614 5543 876 5607; x_wconf 86' lang='lat' dir='ltr'><strong>dedecus</strong></span> <span class='ocrx_word' id='word_1_770' title='bbox 906 5563 1025 5606; x_wconf 90' lang='lat' dir='ltr'><strong>non</strong></span> <span class='ocrx_word' id='word_1_771' title='bbox 1056 5544 1340 5621; x_wconf 87' lang='lat' dir='ltr'><strong>ferentes,</strong></span> <span class='ocrx_word' id='word_1_772' title='bbox 1364 5557 1632 5609; x_wconf 86' lang='lat' dir='ltr'><strong>sanctum</strong></span> <span class='ocrx_word' id='word_1_773' title='bbox 1666 5560 1997 5630; x_wconf 68' lang='lat' dir='ltr'><strong>qumrerent</strong></span> 
     </span>
    </p>
   </div>
   <div class='ocr_carea' id='block_1_111' title="bbox 352 5631 1997 5720">
    <p class='ocr_par' dir='ltr' id='par_1_111' title="bbox 352 5631 1997 5720">
     <span class='ocr_line' id='line_1_112' title="bbox 352 5631 1997 5720; baseline 0.005 -26"><span class='ocrx_word' id='word_1_774' title='bbox 352 5631 558 5695; x_wconf 78' lang='lat' dir='ltr'><strong>ulcisci</strong></span> <span class='ocrx_word' id='word_1_775' title='bbox 592 5648 697 5711; x_wconf 86' lang='lat' dir='ltr'><strong>pro</strong></span> <span class='ocrx_word' id='word_1_776' title='bbox 727 5631 878 5695; x_wconf 80' lang='lat' dir='ltr'><strong>facta</strong></span> <span class='ocrx_word' id='word_1_777' title='bbox 907 5635 994 5694; x_wconf 90' lang='lat' dir='ltr'><strong>eis</strong></span> <span class='ocrx_word' id='word_1_778' title='bbox 1023 5633 1262 5715; x_wconf 87' lang='lat' dir='ltr'><strong>injuria,</strong></span> <span class='ocrx_word' id='word_1_779' title='bbox 1294 5644 1355 5698; x_wconf 91' lang='lat' dir='ltr'><strong>et</strong></span> <span class='ocrx_word' id='word_1_780' title='bbox 1386 5636 1670 5719; x_wconf 89' lang='lat' dir='ltr'><strong>populum</strong></span> <span class='ocrx_word' id='word_1_781' title='bbox 1703 5656 1810 5717; x_wconf 86' lang='lat' dir='ltr'><strong>pro</strong></span> <span class='ocrx_word' id='word_1_782' title='bbox 1869 5641 1997 5720; x_wconf 83' lang='lat' dir='ltr'><strong>ejus</strong></span> 
     </span>
    </p>
   </div>
   <div class='ocr_carea' id='block_1_112' title="bbox 2079 4838 3722 4920">
    <p class='ocr_par' dir='ltr' id='par_1_112' title="bbox 2079 4838 3722 4920">
     <span class='ocr_line' id='line_1_113' title="bbox 2079 4838 3722 4920; baseline 0.001 -27"><span class='ocrx_word' id='word_1_783' title='bbox 2079 4838 2358 4914; x_wconf 82' lang='grc' dir='ltr'>μυσάντων</span> <span class='ocrx_word' id='word_1_784' title='bbox 2413 4840 2572 4919; x_wconf 74' lang='grc' dir='ltr'>πρὸςσ</span> <span class='ocrx_word' id='word_1_785' title='bbox 2599 4841 2664 4897; x_wconf 76' lang='grc' dir='ltr'><strong>τὰ</strong></span> <span class='ocrx_word' id='word_1_786' title='bbox 2717 4853 2923 4915; x_wconf 87' lang='grc' dir='ltr'>σημεῖα</span> <span class='ocrx_word' id='word_1_787' title='bbox 2979 4839 3076 4898; x_wconf 70' lang='grc' dir='ltr'>καί</span> <span class='ocrx_word' id='word_1_788' title='bbox 3132 4840 3517 4920; x_wconf 75' lang='grc' dir='ltr'>κωφευσάντων</span> <span class='ocrx_word' id='word_1_789' title='bbox 3586 4841 3722 4916; x_wconf 76' lang='grc' dir='ltr'>πρὸς</span> 
     </span>
    </p>
   </div>
   <div class='ocr_carea' id='block_1_113' title="bbox 2079 4925 3723 5008">
    <p class='ocr_par' dir='ltr' id='par_1_113' title="bbox 2079 4925 3723 5008">
     <span class='ocr_line' id='line_1_114' title="bbox 2079 4925 3723 5008; baseline 0 -26"><span class='ocrx_word' id='word_1_790' title='bbox 2079 4929 2176 4995; x_wconf 78' lang='grc' dir='ltr'>τὴν</span> <span class='ocrx_word' id='word_1_791' title='bbox 2217 4928 2525 5006; x_wconf 60' lang='grc' dir='ltr'>ἐπίγνωσιν.</span> <span class='ocrx_word' id='word_1_792' title='bbox 2591 4930 2696 4987; x_wconf 75' lang='grc' dir='ltr'><strong>Καὶ</strong></span> <span class='ocrx_word' id='word_1_793' title='bbox 2749 4930 2901 4986; x_wconf 62' lang='grc' dir='ltr'>τίνων</span> <span class='ocrx_word' id='word_1_794' title='bbox 2930 4930 3174 5008; x_wconf 71' lang='grc' dir='ltr'>τούτων,</span> <span class='ocrx_word' id='word_1_795' title='bbox 3237 4931 3336 4993; x_wconf 83' lang='grc' dir='ltr'><strong>Οἷς</strong></span> <span class='ocrx_word' id='word_1_796' title='bbox 3385 4925 3587 4986; x_wconf 82' lang='grc' dir='ltr'>πολλοῦ</span> <span class='ocrx_word' id='word_1_797' title='bbox 3622 4928 3723 5002; x_wconf 81' lang='grc' dir='ltr'>μὲν</span> 
     </span>
    </p>
   </div>
   <div class='ocr_carea' id='block_1_114' title="bbox 2079 5013 3724 5094">
    <p class='ocr_par' dir='ltr' id='par_1_114' title="bbox 2079 5013 3724 5094">
     <span class='ocr_line' id='line_1_115' title="bbox 2079 5013 3724 5094; baseline -0.002 -22"><span class='ocrx_word' id='word_1_798' title='bbox 2079 5017 2295 5093; x_wconf 85' lang='grc' dir='ltr'>ἐτιμᾶτο</span> <span class='ocrx_word' id='word_1_799' title='bbox 2349 5018 2383 5084; x_wconf 81' lang='grc' dir='ltr'>ἡ</span> <span class='ocrx_word' id='word_1_800' title='bbox 2434 5018 2540 5074; x_wconf 77' lang='grc' dir='ltr'>τῶν</span> <span class='ocrx_word' id='word_1_801' title='bbox 2598 5015 2865 5093; x_wconf 81' lang='grc' dir='ltr'>δαιμονων</span> <span class='ocrx_word' id='word_1_802' title='bbox 2931 5016 3220 5092; x_wconf 80' lang='grc' dir='ltr'>ἐπιϐώμιος</span> <span class='ocrx_word' id='word_1_803' title='bbox 3276 5018 3434 5094; x_wconf 75' lang='grc' dir='ltr'>ὲςρτὴ</span> <span class='ocrx_word' id='word_1_804' title='bbox 3495 5013 3579 5073; x_wconf 73' lang='grc' dir='ltr'>διὰ</span> <span class='ocrx_word' id='word_1_805' title='bbox 3629 5017 3724 5073; x_wconf 77' lang='grc' dir='ltr'><strong>τὸν</strong></span> 
     </span>
    </p>
   </div>
   <div class='ocr_carea' id='block_1_115' title="bbox 2077 5104 3720 5183">
    <p class='ocr_par' dir='ltr' id='par_1_115' title="bbox 2077 5104 3720 5183">
     <span class='ocr_line' id='line_1_116' title="bbox 2077 5104 3720 5183; baseline -0.001 -20"><span class='ocrx_word' id='word_1_806' title='bbox 2077 5112 2259 5181; x_wconf 87' lang='grc' dir='ltr'>κῶμον</span> <span class='ocrx_word' id='word_1_807' title='bbox 2315 5106 2403 5163; x_wconf 84' lang='grc' dir='ltr'><strong>καὶ</strong></span> <span class='ocrx_word' id='word_1_808' title='bbox 2430 5108 2530 5174; x_wconf 78' lang='grc' dir='ltr'>τὴν</span> <span class='ocrx_word' id='word_1_809' title='bbox 2576 5107 2767 5183; x_wconf 86' lang='grc' dir='ltr'>μέθην,</span> <span class='ocrx_word' id='word_1_810' title='bbox 2801 5108 2896 5163; x_wconf 89' lang='grc' dir='ltr'><strong>καί</strong></span> <span class='ocrx_word' id='word_1_811' title='bbox 2928 5108 3021 5171; x_wconf 75' lang='grc' dir='ltr'><strong>τὰς</strong></span> <span class='ocrx_word' id='word_1_812' title='bbox 3072 5107 3247 5169; x_wconf 80' lang='grc' dir='ltr'>κοίτας</span> <span class='ocrx_word' id='word_1_813' title='bbox 3278 5106 3367 5163; x_wconf 84' lang='grc' dir='ltr'><strong>καὶ</strong></span> <span class='ocrx_word' id='word_1_814' title='bbox 3405 5106 3505 5172; x_wconf 78' lang='grc' dir='ltr'>τὴν</span> <span class='ocrx_word' id='word_1_815' title='bbox 3554 5104 3720 5161; x_wconf 80' lang='grc' dir='ltr'>ἀσέλ-</span> 
     </span>
    </p>
   </div>
   <div class='ocr_carea' id='block_1_116' title="bbox 2079 5194 3724 5273">
    <p class='ocr_par' dir='ltr' id='par_1_116' title="bbox 2079 5194 3724 5273">
     <span class='ocr_line' id='line_1_117' title="bbox 2079 5194 3724 5273; baseline -0.001 -23"><span class='ocrx_word' id='word_1_816' title='bbox 2079 5213 2250 5273; x_wconf 82' lang='grc' dir='ltr'>γειαν·</span> <span class='ocrx_word' id='word_1_817' title='bbox 2323 5196 2645 5270; x_wconf 76' lang='grc' dir='ltr'>ἡτοιμάζετο</span> <span class='ocrx_word' id='word_1_818' title='bbox 2715 5194 2771 5251; x_wconf 77' lang='grc' dir='ltr'>δὲ</span> <span class='ocrx_word' id='word_1_819' title='bbox 2840 5199 2907 5253; x_wconf 81' lang='grc' dir='ltr'>τὰ</span> <span class='ocrx_word' id='word_1_820' title='bbox 2981 5197 3150 5272; x_wconf 82' lang='grc' dir='ltr'>σεμνὰ</span> <span class='ocrx_word' id='word_1_821' title='bbox 3224 5202 3330 5252; x_wconf 84' lang='grc' dir='ltr'>τῶν</span> <span class='ocrx_word' id='word_1_822' title='bbox 3398 5201 3724 5273; x_wconf 74' lang='grc' dir='ltr'>Χριστιανῶν</span> 
     </span>
    </p>
   </div>
   <div class='ocr_carea' id='block_1_117' title="bbox 2077 5283 3723 5362">
    <p class='ocr_par' dir='ltr' id='par_1_117' title="bbox 2077 5283 3723 5362">
     <span class='ocr_line' id='line_1_118' title="bbox 2077 5283 3723 5362; baseline 0 -21"><span class='ocrx_word' id='word_1_823' title='bbox 2077 5283 2161 5343; x_wconf 77' lang='grc' dir='ltr'><strong>διὰ</strong></span> <span class='ocrx_word' id='word_1_824' title='bbox 2217 5306 2316 5352; x_wconf 90' lang='grc' dir='ltr'><strong>την</strong></span> <span class='ocrx_word' id='word_1_825' title='bbox 2346 5283 2576 5362; x_wconf 78' lang='grc' dir='ltr'>ἐγκρατῆ</span> <span class='ocrx_word' id='word_1_826' title='bbox 2627 5286 2770 5356; x_wconf 75' lang='grc' dir='ltr'>ζωὴν</span> <span class='ocrx_word' id='word_1_827' title='bbox 2826 5308 2883 5343; x_wconf 86' lang='grc' dir='ltr'><strong>τε</strong></span> <span class='ocrx_word' id='word_1_828' title='bbox 2916 5288 3000 5343; x_wconf 84' lang='grc' dir='ltr'><strong>καὶ</strong></span> <span class='ocrx_word' id='word_1_829' title='bbox 3058 5285 3234 5353; x_wconf 77' lang='grc' dir='ltr'>ἆπαθῆ</span> <span class='ocrx_word' id='word_1_830' title='bbox 3287 5287 3376 5342; x_wconf 86' lang='grc' dir='ltr'><strong>καὶ</strong></span> <span class='ocrx_word' id='word_1_831' title='bbox 3429 5285 3527 5352; x_wconf 72' lang='grc' dir='ltr'><strong>τὴν</strong></span> <span class='ocrx_word' id='word_1_832' title='bbox 3584 5285 3723 5360; x_wconf 77' lang='grc' dir='ltr'>μετὰ</span> 
     </span>
    </p>
   </div>
   <div class='ocr_carea' id='block_1_118' title="bbox 2079 5373 3720 5452">
    <p class='ocr_par' dir='ltr' id='par_1_118' title="bbox 2079 5373 3720 5452">
     <span class='ocr_line' id='line_1_119' title="bbox 2079 5373 3720 5452; baseline 0 -21"><span class='ocrx_word' id='word_1_833' title='bbox 2079 5374 2327 5450; x_wconf 86' lang='grc' dir='ltr'>σώματος</span> <span class='ocrx_word' id='word_1_834' title='bbox 2382 5374 2666 5449; x_wconf 75' lang='grc' dir='ltr'>ἀσώματον</span> <span class='ocrx_word' id='word_1_835' title='bbox 2723 5376 2933 5452; x_wconf 81' lang='grc' dir='ltr'>βιοτήν.</span> <span class='ocrx_word' id='word_1_836' title='bbox 2995 5375 3148 5433; x_wconf 82' lang='grc' dir='ltr'>Ἐπεὶ</span> <span class='ocrx_word' id='word_1_837' title='bbox 3190 5377 3278 5432; x_wconf 75' lang='grc' dir='ltr'><strong>οὖν</strong></span> <span class='ocrx_word' id='word_1_838' title='bbox 3336 5376 3384 5430; x_wconf 79' lang='grc' dir='ltr'><strong>οἱ</strong></span> <span class='ocrx_word' id='word_1_839' title='bbox 3442 5381 3536 5431; x_wconf 79' lang='grc' dir='ltr'>τοῦ</span> <span class='ocrx_word' id='word_1_840' title='bbox 3585 5373 3720 5433; x_wconf 69' lang='lat' dir='ltr'>6x6-</span> 
     </span>
    </p>
   </div>
   <div class='ocr_carea' id='block_1_119' title="bbox 2079 5460 3721 5543">
    <p class='ocr_par' dir='ltr' id='par_1_119' title="bbox 2079 5460 3721 5543">
     <span class='ocr_line' id='line_1_120' title="bbox 2079 5460 3721 5543; baseline -0.001 -23"><span class='ocrx_word' id='word_1_841' title='bbox 2079 5486 2201 5528; x_wconf 88' lang='grc' dir='ltr'>τους</span> <span class='ocrx_word' id='word_1_842' title='bbox 2258 5466 2397 5521; x_wconf 82' lang='grc' dir='ltr'>οὗτοι</span> <span class='ocrx_word' id='word_1_843' title='bbox 2458 5465 2543 5521; x_wconf 67' lang='grc' dir='ltr'><strong>καὶ</strong></span> <span class='ocrx_word' id='word_1_844' title='bbox 2597 5463 2695 5532; x_wconf 74' lang='grc' dir='ltr'><strong>τῆς</strong></span> <span class='ocrx_word' id='word_1_845' title='bbox 2754 5463 3023 5527; x_wconf 81' lang='grc' dir='ltr'>ἀπωλείας</span> <span class='ocrx_word' id='word_1_846' title='bbox 3082 5466 3203 5543; x_wconf 77' lang='grc' dir='ltr'>υἱοὶ,</span> <span class='ocrx_word' id='word_1_847' title='bbox 3236 5465 3301 5519; x_wconf 81' lang='grc' dir='ltr'>τὰ</span> <span class='ocrx_word' id='word_1_848' title='bbox 3359 5463 3456 5532; x_wconf 80' lang='grc' dir='ltr'><strong>τῆς</strong></span> <span class='ocrx_word' id='word_1_849' title='bbox 3509 5460 3721 5530; x_wconf 81' lang='grc' dir='ltr'>πλάνης</span> 
     </span>
    </p>
   </div>
   <div class='ocr_carea' id='block_1_120' title="bbox 2078 5551 3718 5633">
    <p class='ocr_par' dir='ltr' id='par_1_120' title="bbox 2078 5551 3718 5633">
     <span class='ocr_line' id='line_1_121' title="bbox 2078 5551 3718 5633; baseline 0.001 -25"><span class='ocrx_word' id='word_1_850' title='bbox 2078 5552 2565 5631; x_wconf 84' lang='grc' dir='ltr'>ἐγκαταλείμματα,</span> <span class='ocrx_word' id='word_1_851' title='bbox 2621 5554 2719 5621; x_wconf 77' lang='grc' dir='ltr'><strong>τὴν</strong></span> <span class='ocrx_word' id='word_1_852' title='bbox 2773 5562 2877 5612; x_wconf 84' lang='grc' dir='ltr'>τῶν</span> <span class='ocrx_word' id='word_1_853' title='bbox 2924 5552 3063 5611; x_wconf 77' lang='grc' dir='ltr'>ἰδίων</span> <span class='ocrx_word' id='word_1_854' title='bbox 3110 5551 3456 5629; x_wconf 78' lang='grc' dir='ltr'>σεϐασμάτων</span> <span class='ocrx_word' id='word_1_855' title='bbox 3517 5553 3718 5633; x_wconf 73' lang='grc' dir='ltr'>αἰσχύ-</span> 
     </span>
    </p>
   </div>
   <div class='ocr_carea' id='block_1_121' title="bbox 2078 5640 3721 5725">
    <p class='ocr_par' dir='ltr' id='par_1_121' title="bbox 2078 5640 3721 5725">
     <span class='ocr_line' id='line_1_122' title="bbox 2078 5640 3721 5725; baseline 0.001 -27"><span class='ocrx_word' id='word_1_856' title='bbox 2078 5664 2176 5709; x_wconf 88' lang='grc' dir='ltr'><strong>νην</strong></span> <span class='ocrx_word' id='word_1_857' title='bbox 2230 5644 2325 5700; x_wconf 82' lang='grc' dir='ltr'>οὐκ</span> <span class='ocrx_word' id='word_1_858' title='bbox 2368 5642 2691 5725; x_wconf 74' lang='grc' dir='ltr'>ἐνεγκόντες,</span> <span class='ocrx_word' id='word_1_859' title='bbox 2752 5643 2968 5715; x_wconf 80' lang='grc' dir='ltr'>ἐζήτουν</span> <span class='ocrx_word' id='word_1_860' title='bbox 3039 5664 3097 5702; x_wconf 81' lang='grc' dir='ltr'><strong>τε</strong></span> <span class='ocrx_word' id='word_1_861' title='bbox 3151 5644 3239 5701; x_wconf 81' lang='grc' dir='ltr'>τὸν</span> <span class='ocrx_word' id='word_1_862' title='bbox 3295 5642 3452 5721; x_wconf 74' lang='grc' dir='ltr'>ἅγιον</span> <span class='ocrx_word' id='word_1_863' title='bbox 3505 5640 3721 5719; x_wconf 79' lang='grc' dir='ltr'>ἀμύνα-</span> 
     </span>
    </p>
   </div>
  </div>
