4006 6146
219 273 332 339 313
1168 275 1635 339 MARTYRIUM
1681 277 1743 339 S.
1788 277 2023 340 MEN/E
2066 277 2163 340 ET
2207 275 2608 341 SOCIORUM.
3465 275 3580 346 374

214 417 326 471 σθαι
358 411 503 481 δῆθεν
537 411 630 481 τῆς
661 413 734 474 εἷς
801 411 987 478 αὖτοῦς
1058 409 1284 485 ἀδικίας,
1358 414 1445 470 καὶ
1511 415 1605 471 τὸν
1671 413 1841 492 δῆμον

1929 414 1984 473 in
2013 412 2160 476 deos
2181 414 2566 490 contumelia,
2587 421 2864 478 caverent
2887 420 3084 479 autem
3105 413 3388 496 impetum
3411 417 3576 480 mul-

211 504 302 570 τῆς
335 505 407 568 είς
457 504 577 564 τοὺς
631 503 782 566 θεοὺς
836 500 1061 582 ὕϐρεως,
1114 499 1436 560 εὖλαϐοῦντο
1491 502 1546 559 δὲ
1606 505 1708 572 τὴν
1761 505 1841 562 τοῐ

1937 503 2232 573 titudinis,
2259 504 2382 565 haec
2407 523 2643 585 quoque
2669 505 2818 568 clam
2843 505 3108 567 referunt
3141 503 3212 566 ad
3246 505 3577 586 imperato-

211 593 436 664 πλήθους
492 593 684 670 ὁρμῆν·
751 590 1074 670 ἀναφέρουσι
1146 590 1243 648 καῖ
1312 598 1476 648 ταῦτα
1546 592 1708 671 λάθρα
1779 599 1841 665 τᾷ

1936 609 2088 653 rem.
2124 591 2199 654 Ut
2222 609 2365 653 vero
2390 595 2519 674 ejus
2545 601 2690 657 iram
2720 596 2973 657 maxime
2995 594 3484 670 accenderent,et
3501 597 3576 660 ad

212 681 439 754 βασιλεῖ,
473 684 568 746 Ὠς
600 680 662 737 ἂν
709 679 762 736 δὲ
807 678 1161 758 διαφερόντως
1221 680 1495 756 ἀνάψωσιν
1548 683 1707 740 αὐτοῦ
1762 685 1841 740 τοι

1941 699 2141 761 poenas
2173 683 2492 745 sumendas
2526 702 2658 746 eum
2696 693 2877 747 totum
2905 685 3283 759 iuducerent,
3309 695 3363 746 et
3395 704 3428 747 a
3459 688 3573 749 du-

211 775 366 847 θσμὸν
405 773 492 828 καὶ
540 770 664 827 ὅλον
714 771 875 827 αὐτὸν
927 770 1010 827 ἰπὶ
1061 775 1164 836 τὴν
1221 769 1371 836 δίκην
1429 770 1708 853 ἐνέγκωσι,
1768 776 1841 828 καῖ

1936 769 2229 833 bitatione
2256 779 2314 834 et
2343 772 2429 835 ira
2460 771 2796 854 obsessum,
2818 773 3121 836 etiicerent
3143 773 3400 838 celerem
3428 776 3576 839 ulto-

214 861 390 939 ἀπορίᾳ
475 863 560 918 καὶ
643 862 776 939 ὀργῇ
860 859 1288 938 πολιορκηθέντα
1368 861 1542 940 ταχὺ-θ
1613 863 1851 940 γενέσθαι

218 952 641 1028 παρασκευάσωσι
670 959 767 1009 τοῦ
795 949 1148 1025 τολμήματος
1179 951 1434 1028 τιμωρὸν,
1488 952 1550 1007 τὸ
1603 954 1630 1007 ὁ
1685 951 1848 1008 Γαλι-

222 1037 358 1102 λαῖος
394 1038 566 1114 ὄνομα
615 1045 896 1118 πανταχοῦ
947 1043 1045 1105 τῆς
1077 1037 1362 1105 ἐπιπολῆς
1423 1038 1845 1120 ἐγκατέσπαρτο,

227 1129 298 1183 καὶ
359 1129 457 1195 τὴν
529 1130 779 1195 ἀθετησιν
853 1132 954 1194 τῆς
1024 1130 1179 1186 αὖτοῦ
1234 1125 1538 1195 δεσποτείας
1588 1131 1673 1186 καὶ
1747 1131 1848 1187 τῶν

219 1220 333 1272 θεῶν
358 1265 374 1296 ,
457 1217 546 1273 καὶ
628 1217 694 1273 τά
777 1213 894 1274 κατ’
977 1215 1287 1296 ἀμφοτέρων
1372 1218 1673 1294 σκώμματα
1761 1220 1847 1275 καὶ

217 1308 297 1361 τὸν
349 1305 558 1385 γέλώτα
618 1307 706 1362 καὶ
765 1305 863 1373 τὴν
915 1303 1153 1371 καθάπαξ
1214 1305 1538 1364 ἀποστασὶαν
1581 1311 1680 1375 τῆς
1739 1310 1844 1365 πό-

217 1393 360 1458 λεως.

283 1483 384 1558 ς”’.
448 1483 511 1544 Ὀ
552 1484 608 1542 δὲ
669 1483 991 1560 Μαξιμτνος,
1051 1485 1488 1564 ἀναγνωσθέντων
1551 1491 1695 1562 αὒτῷ
1739 1494 1844 1544 τῶν

215 1573 556 1652 γραμμάτων,
616 1575 762 1639 εὒθδς
819 1575 1080 1654 αἰσχύνης
1136 1597 1194 1631 τε
1251 1578 1336 1633 καὶ
1395 1575 1568 1643 λύπης
1625 1575 1844 1646 πεπλή-

213 1685 335 1739 ρωτο
386 1664 490 1731 τὴν
545 1664 750 1743 ψυχὴν.
813 1663 1092 1731 Λελύπητο
1148 1665 1246 1738 μὲν
1302 1666 1402 1745 γὰρ
1465 1663 1550 1723 διὰ
1603 1667 1704 1734 τὴν
1759 1665 1844 1724 ἐπὶ

1933 877 2058 921 rem
2091 860 2332 922 audacis
2357 863 2658 943 facinoris,
2683 865 2793 925 hoc
2828 881 3068 939 nomen,
3088 863 3573 938 Galilzeus,semi-

1933 957 2150 1010 narunt
2180 967 2288 1030 per
2322 959 2498 1013 totam
2533 952 2874 1030 epistolam,
2906 953 3158 1032 ejusque
3207 953 3566 1030 dominatus,

1933 1047 1993 1099 et
2051 1039 2297 1100 deorum
2360 1042 2864 1121 contemptionem
2926 1051 2984 1103 et
3041 1041 3450 1116 abolitionem,
3513 1055 3572 1106 et

1931 1130 2214 1190 adversus
2245 1129 2453 1190 ambos
2483 1140 2808 1192 scommata
2835 1138 2892 1191 et
2921 1129 3288 1206 irrisionem,
3332 1139 3390 1193 et
3432 1133 3568 1194 uni-

1927 1233 2156 1279 versam
2191 1217 2446 1281 civitatis
2475 1218 2898 1282 defectionem.

2013 1481 2108 1545 Vl.
2143 1483 2500 1547 Maximinus
2528 1493 2729 1550 autem
2767 1486 2986 1562 statim,
3017 1487 3103 1548 eis
3135 1485 3304 1548 lectis
3326 1485 3562 1549 litteris.

1929 1572 2158 1652 pudore
2214 1581 2271 1636 et
2326 1573 2533 1636 dolore
2594 1575 2702 1638 fuit
2755 1577 3044 1658 repletus.
3090 1575 3338 1638 Dolebat
3407 1576 3564 1638 enim

1930 1669 2174 1744 propter
2244 1663 2527 1726 damnum
2587 1665 2856 1738 civitatis,
2911 1685 3044 1727 cum
3107 1665 3566 1747 considerasset,

211 1758 269 1827 τῇ
319 1751 474 1808 πόλει
532 1753 753 1826 ζημίαν,
810 1754 884 1817 εἰς
945 1760 1063 1810 νοῦν
1121 1751 1321 1828 λαϐὼν,
1385 1752 1532 1817 ὅπως
1587 1769 1646 1811 τε
1701 1757 1841 1829 αὖτῷ

1929 1770 2103 1832 quam
2140 1751 2473 1814 mutilatum
2507 1753 2617 1816 sibi
2649 1764 2806 1818 esset
2835 1755 3182 1834 imperium,
3233 1764 3291 1817 et
3347 1764 3567 1834 quanta

210 1843 265 1896 τὰ
291 1847 388 1908 τῆς
443 1843 623 1921 ἀρχῆς
678 1841 1127 1922 ἠκρωτηριάζετο,
1183 1844 1270 1900 καὶ
1319 1841 1443 1899 ὅσον
1493 1843 1648 1918 μέρος
1701 1848 1842 1918 αὒτῷ

211 1945 496 2008 παρηρεῐτο
554 1937 653 1997 τῆς
710 1931 942 1997 ἔξουσίας
977 1949 994 1966 ⁸
1053 1932 1320 2012 ᾐσχύνετο
1380 1930 1458 2006 δὲ,
1531 1932 1714 1990 ἑαυτόν
1786 1955 1842 1989 τε

209 2023 431 2096 καθορῶν
503 2021 829 2095 ἡττώμενον,
903 2021 991 2076 καὶ
1057 2019 1424 2099 ὑῖριζομένους
1497 2023 1656 2080 αὐτοῦ
1720 2023 1840 2084 τοὺς

209 2110 336 2175 θεούς
394 2110 902 2186 Προσποιησάμενος
953 2108 1004 2165 δὲ
1051 2113 1147 2175 τὴν
1202 2111 1494 2188 γενομένην
1520 2110 1661 2184 αὒτῷ
1710 2111 1840 2188 σύγ·

211 2221 352 2278 χυσιν
382 2199 484 2268 τῆς
522 2206 728 2281 ψυχῆς,
779 2200 866 2256 καὶ
907 2200 1009 2266 τὴν
1053 2207 1145 2256 τοῦ
1206 2200 1490 2279 προσώπου
1523 2202 1840 2273 κατήφειαν,

213 2291 437 2346 σέιννοιαν
472 2291 642 2364 μόνην
695 2290 856 2363 εἶναι,
893 2290 980 2345 καὶ
1029 2296 1124 2346 τοῦ
1181 2287 1576 2353 λυσιτελοῦντος
1625 2289 1842 2346 διάσκε-

211 2384 311 2458 ψιν,
343 2379 458 2436 ἐπεὶ
514 2380 593 2453 μη
637 2377 800 2458 μέχρι
855 2376 1058 2435 πολλοῦ
1113 2379 1243 2456 πρὸς
1295 2379 1394 2445 τὴν
1437 2378 1604 2449 ζάλην
1647 2380 1844 2446 ταύτην

211 2467 443 2548 ἀντέχειν
499 2466 752 2542 ἠδύνατο,
813 2463 973 2534 δῆλος
1028 2465 1173 2530 εὒθὺς
1231 2467 1450 2544 γίνεται,
1503 2471 1589 2524 καὶ
1620 2468 1721 2524 ὑπὸ
1750 2473 1841 2525 τοῦ

215 2557 387 2621 πάθους
457 2557 764 2636 ἐλέγχεται,
838 2557 924 2612 καὶ
995 2561 1231 2635 φανερῶς
1301 2554 1520 2633 ῥήγνυσι
1578 2559 1678 2624 την
1749 2558 1841 2634 ὀρ-

221 2645 332 2720 γὴν,
363 2648 720 2724 Δυσφαμήσας
752 2648 839 2701 οὖν
888 2643 1063 2701 πολλὰ
1111 2644 1247 2703 κατᾶ
1305 2655 1396 2704 τοῦ
1454 2652 1704 2725 Χριστοῦ,
1759 2647 1842 2702 καὶ

224 2733 400 2801 πλάνην
460 2735 761 2812 καταγνοὺς
812 2743 905 2793 τοῦ
960 2734 1218 2812 μακαρίου
1275 2739 1452 2808 Μηνᾶ,
1515 2736 1601 2791 καὶ
1674 2756 1843 2812 προσ-

216 2825 302 2886 θείς
373 2827 447 2888 ὡς
523 2822 775 2880 ἀδύνατον
857 2827 957 2897 μὲν
1025 2823 1320 2900 ἀνθρώποις
1391 2822 1662 2888 ἄνθρωπον
1724 2820 1842 2877 δια-

215 2918 386 2986 γνῶναι
415 2915 509 2970 καὶ
538 2910 814 2970 διαλαϐεῖν
866 2909 1120 2989 ἀκριϐῶς,
1178 2911 1525 2989 ἂσύγγνωστα
1581 2909 1634 2966 δὲ
1664 2911 1840 2990 ἀμαρ-

216 3003 438 3060 τανουσιν
471 3004 519 3059 οἱ
552 3001 717 3076 μηδὲν
764 3014 880 3064 τοῖς
942 3003 1356 3079 εὖηργετηκόσιν
1418 3001 1639 3080 ἔχοντες
1677 2999 1842 3078 ἐγκα-

1927 1859 2062 1921 pars
2119 1843 2423 1921 potestatis
2479 1853 2637 1905 esset
2691 1843 2804 1905 sibi
2861 1844 3074 1907 ablata.
3123 1843 3355 1906 Pudore
3423 1862 3566 1906 vero

1925 1929 2314 2012 afﬁciebatur,
2349 1931 2555 1994 videns
2586 1951 2651 1995 se
2676 1951 2807 1996 esse
2836 1933 3079 2007 victum,
3114 1944 3170 1996 et
3217 1951 3359 1996 suos
3417 1934 3564 1996 deos

1927 2037 2060 2082 esse
2087 2019 2332 2082 allectos
2362 2022 2745 2084 contumelia.
2780 2027 2925 2085 (ium
2955 2031 3149 2084 autem
3185 2041 3305 2104 prae
3358 2041 3422 2084 se
3463 2035 3561 2084 tu-

1927 2109 2096 2170 lisset
2126 2127 2281 2188 eam,
2315 2129 2446 2191 qum
2479 2111 2669 2192 ipsum
2723 2111 3038 2185 invaserat,
3089 2111 3268 2174 animt
3321 2121 3563 2192 pertur-

1925 2197 2252 2273 bationem,
2287 2207 2347 2261 et
2373 2199 2571 2261 vultus
2633 2200 2952 2275 tristitiam,
3009 2219 3139 2262 esse
3193 2200 3566 2264 solummodo

1927 2289 2220 2350 intensam
2251 2288 2700 2369 cogitationem,
2736 2299 2792 2350 et
2824 2291 2958 2368 ejus
2987 2290 3143 2370 quod
3192 2289 3565 2370 expediebat,

1929 2375 2400 2452 meditationem,
2436 2377 2716 2458 quoniam
2750 2378 2890 2439 huic
2940 2379 3274 2460 tempestati
3313 2378 3414 2440 diu
3447 2399 3564 2440 non

1929 2466 2117 2546 potuit
2135 2467 2443 2543 resistere,
2471 2466 2534 2528 ﬁt
2554 2468 2825 2547 protinus
2850 2467 3196 2529 manifestus
3225 2478 3285 2529 et
3305 2473 3569 2546 arguitur

1925 2553 2001 2614 ab
2023 2554 2200 2614 animi
2235 2555 2688 2634 perturbatione
2713 2565 2771 2618 et
2793 2563 3005 2638 aperte
3027 2557 3286 2636 erumpit
3308 2557 3366 2618 in
3395 2559 3571 2624 iram.

1925 2643 2071 2704 Cum
2109 2641 2312 2723 itaque
2364 2644 2562 2704 multis
2597 2644 2930 2706 maledictis
2959 2643 3254 2707 Christum
3283 2653 3444 2707 esset
3474 2646 3571 2706 in-

1925 2739 2206 2805 sectatus,
2237 2739 2294 2792 et
2315 2731 2556 2794 beatum
2585 2732 2814 2794 Menam
2840 2733 3299 2795 condemnasset
3321 2735 3564 2808 erroris,

1927 2829 1989 2880 et
2017 2819 2357 2899 adjecisset,
2395 2821 2523 2884 ﬁeri
2551 2823 2794 2902 quidem
2828 2840 2944 2883 non
2981 2840 3180 2901 posse,
3214 2833 3275 2883 ut.
3298 2823 3573 2884 homines

1927 2907 2232 2970 hominem
2260 2909 2895 2991 discernant,peccare
2914 2920 3111 2972 autem
3140 2920 3444 2991 peccatum
3464 2911 3571 2972 mi.

1928 2997 2539 3076 nimeignoscendum
2575 3017 2676 3060 eos
2702 3000 2802 3080 qui
2834 3018 2969 3062 eum
3007 3000 3150 3062 nihil
3185 3000 3564 3063 habeantcu-

211 3090 332 3171 λεϊν,
363 3094 512 3148 οὗτοι
568 3090 623 3147 δὲ
653 3093 745 3155 τὰς
803 3091 1020 3146 ἐκείνων
1077 3089 1161 3146 ἐπ’
1217 3093 1400 3154 ασῖιτοτς
1463 3087 1676 3153 ἐλπίδας
1735 3111 1838 3164 μα-

1929 3087 2020 3166 jus
2050 3087 2396 3149 insimulent
2423 3088 3124 3163 benefactores,elﬁciunt
3152 3099 3215 3151 ut
3244 3091 3483 3153 illorum
3511 3092 3566 3152 in

210 3184 341 3244 ταίας
409 3182 638 3260 ὀφθῆναι
710 3181 1226 3259 παρασκευάζοιτες,
1298 3178 1520 3251 ἀνέστη,

207 3271 360 3344 σούτῳ
413 3274 526 3327 τῶν
557 3270 906 3348 -ἐπειγόντων
964 3269 1292 3348 πραγμάτων
1353 3269 1452 3335 τὴν
1523 3268 1670 3325 λύσιν
1731 3290 1839 3326 πα-

206 3343 499 3436 ραδραμών.
555 3343 755 3416 ”Εωθεν
813 3357 866 3414 δὲ
926 3343 1161 3434 τῇνέξῆς
1212 3356 1530 3424 ἐκκλησίασε
1568 3359 1700 3432 μετά
1743 3363 1845 3413 τῶν

209 3447 252 3502 ἐν
302 3447 441 3504 τέλει
501 3449 589 3504 καὶ
647 3453 838 3511 κοινῶς
897 3449 1078 3510 αὖτοτς
1139 3443 1677 3522 συνδιασκεψάμενος,
1758 3441 1846 3503 καὶ

209 3541 551 3607 ὁμονοοῦντας
607 3536 804 3600 πάντας
833 3534 956 3592 ἰδὼν
981 3537 1066 3592 ἐπί
1126 3558 1226 3592 τινι
1299 3534 1607 3614 Ἑρμογένει
1676 3534 1836 3612 ἀνδρὶ,

210 3635 369 3702 σεμνῷ
440 3627 545 3701 μὲν
612 3627 700 3682 καὶ
769 3622 1045 3702 περιδόξσρ,
1119 3627 1207 3681 καὶ
1277 3623 1429 3680 τᾶλλ’
1502 3628 1561 3683 οὗ
1628 3624 1834 3703 φαύλῳ,

210 3717 482 3796 ἐσωφρόνει
533 3737 588 3771 τε
638 3716 759 3794 γὰρ,
812 3716 900 3771 καὶ
950 3727 1066 3776 τοῖς
1119 3715 1342 3781 πένησιν
1385 3715 1580 3793 ἀγαθὸς
1629 3714 1718 3787 ἧν,
1755 3715 1840 3768 καὶ

211 3807 373 3866 τὸτοῦ
403 3804 761 3883 Ἀποστόλου,
815 3825 838 3858 ε
876 3805 1052 3878 Νόμον
1083 3809 1160 3875 μὴ
1193 3802 1365 3882 ἔχων,
1416 3802 1565 3880 φύσει
1630 3803 1696 3857 τὰ
1748 3809 1841 3859 τοῦ

208 3895 354 3966 νόμου
382 3896 557 3952 ποιῶν
586 3895 675 3964 ἧν,
716 3916 738 3949 ι)
771 3893 1046 3970 ἀγνοοῦντι
1076 3889 1130 3947 δὲ
1176 3893 1310 3956 τέως
1355 3893 1454 3958 τὴν
1493 3899 1587 3948 τοῦ
1621 3896 1842 3968 Χριστοῦ

208 3981 430 4063 δύναμιν,
495 3984 583 4039 καὶ
641 3980 777 4056 μηδέ
828 3989 904 4055 τῷ
959 3983 1118 4037 αὖτοῦ
1177 3981 1508 4056 βαπτίσματι
1541 3978 1844 4052 τελεσιουρο

207 4075 426 4149 γηθέντι,
495 4074 538 4127 εἰ
596 4073 683 4128 καὶ
727 4070 863 4128 κατα
913 4071 1138 4147 Χριστὸν
1183 4068 1428 4125 ἐλάνθανε
1463 4069 1836 4144 πορευόμενος,

205 4165 278 4217 καὶ
332 4161 603 4241 πρόϐατον
663 4162 760 4232 μὲν
814 4162 970 4216 αὖτοῦ
1017 4160 1105 4233 ἧν,
1155 4158 1468 4233 ἀσήμαντον
1511 4157 1589 4231 δὲ,
1627 4159 1714 4214 καὶ
1743 4158 1841 4222 τὴν

207 4257 289 4318 τῆς
358 4252 680 4312 οἶκειώσεῶς
757 4248 904 4305 οὔπω
979 4247 1244 4328 σφραγῖδα
1320 4246 1599 4321 δεξάμενον
1634 4263 1646 4276 ⁸
1728 4246 1838 4302 ἐπεὶ

209 4341 284 4394 οὖν
333 4341 503 4400 ταῦτά
559 4361 616 4396 τε
676 4344 880 4416 προσῆν
939 4345 1015 4411 τῷ
1068 4336 1234 4414 ἀνδρὶ,
1291 4338 1373 4392 καὶ
1419 4335 1706 4401 Ἀθηναῖος
1741 4335 1836 4408 μὲν

209 4431 265 4494 ἦν
292 4433 370 4486 καὶ
402 4429 561 4491 αὒτὸς
592 4430 653 4485 τὸ
709 4427 882 4506 γένος,
945 4428 1030 4482 καὶ
1085 4427 1183 4493 τὴν
1246 4423 1569 4491 Ἐλληνικίὶν
1599 4422 1838 4480 παιδείαν

1604 3181 1660 3234 εν
1744 3201 1840 3235 τοο
1861 3177 1900 3202 υ
1927 3177 2014 3238 eis
2042 3194 2176 3256 spes
2200 3186 2479 3239 cernatur
2508 3179 2700 3239 inanis
2727 3200 2738 3240 :
2769 3179 3047 3258 surrexit,
3086 3180 3325 3240 interim
3361 3199 3566 3243 rerum

1926 3267 2260 3344 urgentium
2288 3268 2684 3346 praetermissa
2706 3269 3022 3331 solutione.
3051 3270 3222 3330 Mane
3246 3279 3442 3330 autem
3469 3269 3572 3332 die

1929 3354 2200 3435 sequenti
2233 3357 2568 3418 convocatis
2600 3357 3062 3436 magistratibus,
3114 3376 3246 3418 cum
3295 3376 3570 3420 commu-

1931 3443 2091 3504 niter
2111 3461 2244 3504 cum
2270 3445 2358 3506 eis
2379 3444 2905 3520 considerasset,et
2929 3445 3171 3507 vidisset
3201 3465 3408 3508 omnes
3431 3466 3570 3509 con-

1928 3533 2257 3594 sentientes
2286 3535 2346 3595 in
2382 3535 2701 3615 quemdam
2733 3535 3197 3611 Hermogenem,
3235 3536 3418 3596 virum
3447 3537 3574 3615 qui-

1925 3621 2059 3682 dem
2093 3623 2406 3684 honestum
2441 3633 2499 3685 et
2529 3625 2777 3698 clarum,
2809 3632 2869 3685 et
2903 3624 3126 3703 alioqui
3183 3643 3296 3685 non
3352 3625 3569 3685 malum

1924 3717 2071 3782 (erat
2097 3711 2256 3770 enim
2289 3719 2630 3791 temperans
2659 3723 2717 3773 et
2752 3713 2941 3774 bonus
2972 3714 3030 3772 in
3059 3731 3372 3793 pauperes,
3403 3723 3482 3787 et,
3509 3721 3573 3775 ut

1927 3798 2070 3859 dicit
2093 3799 2407 3878 Apostolus
2429 3801 2476 3874 1,
2511 3803 2704 3879 legem
2731 3819 2848 3862 non
2877 3801 3127 3879 habens,
3155 3809 3362 3862 natura
3393 3802 3571 3864 facie-

1926 3885 2047 3957 bat,
2084 3905 2217 3966 quae
2245 3895 2383 3948 sunt
2414 3889 2562 3968 legis
2590 3910 2602 3951 :
2653 3889 2963 3966 ignorabat
3015 3908 3152 3951 vero
3186 3900 3324 3952 tunc
3358 3891 3570 3954 Christi

1925 3975 2223 4056 virtutem,
2253 3984 2310 4036 et
2332 3994 2440 4038 nec
2459 3979 2589 4056 ejus
2620 3986 2746 4038 erat
2771 3977 3059 4057 baptismo
3087 3988 3528 4041 consummatus
3554 4003 3566 4044 :

1924 4065 2156 4124 etiamsi
2188 4058 2537 4144 imprudens
2571 4066 3017 4142 ingrediebatur
3057 4067 3172 4147 via,
3229 4086 3356 4147 qua)
3383 4079 3471 4130 est
3501 4089 3572 4131 ex

1925 4151 2204 4214 Christo:
2241 4160 2297 4213 et
2323 4163 2450 4213 erat
2483 4154 2724 4233 quidem
2785 4155 2914 4233 ejus
2965 4156 3110 4231 ovis,
3165 4156 3265 4216 sed
3330 4175 3446 4217 non
3479 4158 3566 4218 si-

1924 4250 2121 4318 gnata,
2161 4250 2218 4302 et
2246 4243 2687 4320 conjunctionis
2722 4262 2789 4304 ac
2841 4243 3254 4304 familiaritatis
3307 4245 3567 4306 nondum

1922 4338 2235 4410 acceperat
2256 4330 2658 4408 signaculum)
2689 4351 2705 4393 :
2727 4350 2857 4391 cum
2883 4349 3022 4410 ergo
3043 4333 3168 4393 hanc
3190 4339 3240 4393 ei
3265 4332 3564 4406 adessent,

1923 4427 1981 4480 et
2011 4430 2171 4480 esset
2201 4419 2444 4499 quidem
2478 4421 2608 4499 ipso
2639 4438 2882 4497 quoque
2911 4438 3132 4498 genere
3162 4420 3565 4502 Atheniensis,

209 4520 449 4594 ἀκρότατα
513 4517 920 4590 μεμελετηκὼς,
981 4525 1080 4582 τήν
1139 4536 1194 4570 τε
1255 4514 1510 4594 φρόνησιν
1543 4513 1602 4569 ἐκ
1654 4513 1836 4590 πείρας

1929 4507 2071 4570 etin
2103 4506 2308 4569 Graeca
2361 4508 2698 4570 eruditione
2738 4527 2970 4570 summe
3027 4509 3403 4583 exercitatus,
3448 4518 3564 4571 tam

214 4585 280 4661 τε¹
313 4611 388 4665 καὶ
452 4585 664 4687 φύσεως
736 4585 1102 4678 ἐπεπύκνωτο,
1176 4585 1304 4660 καὶ..
1336 4603 1534 4682 ὶχώρει
1597 4585 1837 4679 πρὸς-τὸ

1929 4596 2308 4674 experientia,
2342 4615 2517 4675 quam
2547 4605 2761 4687 natura
2791 4598 3009 4687 valeret
3034 4599 3382 4677 prudentia:
3419 4599 3561 4660 etad

211 4695 362 4772 λέγειν
419 4684 613 4770 οἰέτως,
674 4697 746 4760 ὡς
805 4694 1128 4767 ἐσκεμμένον
1185 4692 1336 4760 ἥκειν
1395 4694 1466 4754 εἰς
1537 4699 1692 4747 τοῦτο
1754 4687 1837 4746 δο-

1929 4684 2241 4772 dicendum
2274 4685 2358 4746 ita
2386 4685 2724 4758 accederet,
2759 4694 2826 4747 ut
2871 4684 3174 4746 videretur
3215 4687 3285 4746 ad
3319 4688 3430 4748 hoc
3460 4707 3564 4749 ve-

210 4771 331 4865 κεῖν⁷
363 4789 451 4842 καὶ
480 4784 565 4841 διὰ
591 4789 757 4840 ταῦτα
814 4781 1150 4848 κατάλληλος
1204 4779 1345 4847 ἔδοξε
1404 4793 1526 4843 ταῖς
1577 4784 1683 4836 τῶν
1712 4778 1837 4834 ἀνα·-

1929 4771 2051 4833 nire
2083 4771 2399 4836 meditatus
2425 4793 2440 4836 :
2476 4783 2540 4834 et
2567 4773 2700 4836 ideo
2723 4781 3072 4836 censeretur
3093 4792 3223 4836 esse
3244 4782 3412 4853 aptus
3443 4779 3560 4835 im-

207 4861 472 4947 κυψᾶντων
540 4879 830 4940 τηνικαῦτα
900 4872 1229 4950 πραγμάτων
1314 4869 1546 4931 πλοκαῖς
1617 4889 1674 4923 τε
1745 4867 1834 4923 καὶ

1929 4861 2155 4941 plicatis
2175 4870 2231 4924 et
2259 4864 2581 4943 perplexis,
2609 4881 2741 4943 quae
2765 4871 2900 4923 tunc
2919 4870 3044 4922 orta
3064 4871 3250 4938 erant,
3285 4864 3556 4942 negotiis,

208 4965 582 5041 περιστάσεσιν,
644 4960 800 5024 αὒτός
853 4981 909 5015 τε
969 4959 1255 5037 προσετέθη
1288 4958 1455 5030 τούτῳ
1507 4959 1534 5014 δ
1587 4954 1831 5032 βασιλεὺς

1929 4959 1974 5012 et
2003 4951 2073 5011 ad
2107 4970 2242 5013 eum
2271 4952 2488 5031 adjecit
2519 4952 2782 5011 animum
2817 4951 3181 5029 imperator:
3214 4959 3272 5009 et
3295 4969 3426 5010 cum
3473 4950 3557 5011 vi-

206 5052 279 5108 καί
327 5059 502 5108 πᾶσαν
559 5040 681 5107 ίδὼν
737 5052 810 5114 εἰς
865 5055 1018 5105 τοῦτο
1057 5046 1511 5116 σδνεοδοκήσασαν
1558 5045 1658 5111 τὴν
1716 5046 1834 5120 βου-

1929 5041 2096 5102 lisset
2126 5043 2467 5103 universum
2497 5042 2570 5102 ad
2595 5045 2703 5102 hoc
2731 5040 3113 5102 consensisse
3143 5049 3558 5120 senatum,sta-

206 5142 312 5219 Αὴν,
346 5141 641 5215 μετέστησε
693 5140 787 5215 μὲν
819 5140 966 5202 εὒθὺς
1025 5136 1108 5217 ἐφ’
1165 5135 1307 5212 ὕϐρει
1369 5139 1453 5190 καὶ
1509 5134 1707 5190 ἄκοντα
1735 5135 1824 5189 τὸν

1929 5130 2018 5190 tim
2033 5129 2271 5208 quidem
2300 5141 2574 5206 tanquam
2604 5130 2801 5208 probri
2826 5137 2884 5188 et
2907 5128 3247 5206 ignominiae
3262 5147 3437 5190 causa
3458 5130 3549 5191 vel

207 5217 447 5308 μακᾶριον
509 5237 693 5296 Μηνᾶν
760 5235 858 5296 τῆς
929 5228 1127 5306 ἀρχῆς⁸
1205 5224 1541 5290 ἐξαπέστειλε
1608 5221 1663 5278 δὲ
1736 5223 1826 5277 τὸν

1929 5217 2218 5279 Ibsentem
2253 5217 2488 5280 beatum
2510 5221 2741 5281 Menam
2776 5217 3024 5279 removit
3047 5217 3361 5280 arectione
3388 5240 3400 5276 :
3433 5219 3548 5278 mi-

205 5295 544 5400 Ἕρμογὲνην,
618 5321 856 5398 ἔπαρχον
914 5295 1040 5374 ὄντα
1095 5313 1386 5382 τηνικαῦτα
1437 5315 1536 5380 τῆς
1592 5311 1822 5389 πόλεως,

1929 5308 1987 5368 sit
2014 5314 2209 5369 autem
2237 5310 2698 5386 Hermogenem,
2751 5308 2850 5388 qui
2897 5315 3035 5400 tunc
3085 5314 3208 5366 erat
3241 5308 3550 5400 praefectus

205 5395 480 5485 ἐπιτρέψας
534 5409 675 5482 αὖτῷ
730 5413 796 5465 τά
850 5428 908 5463 τε
942 5406 1077 5464 κατὰ
1109 5406 1198 5463 τὸν
1244 5403 1414 5485 μέγαν
1442 5408 1626 5468 Μηνᾶν
1653 5400 1828 5467 ἒξετά·

1929 5395 2102 5473 Irbis,
2131 5396 2352 5477 jubeus
2373 5414 2507 5458 eum
2535 5404 2593 5458 et
2625 5414 2900 5482 magnum
2927 5398 3156 5454 Menam
3189 5395 3546 5471 examinare,

277 5595 294 5644 1
340 5593 516 5657 Rom.
547 5611 612 5670 ιι,
655 5594 747 5657 tl.
