  <div class='ocr_page' id='page_1' title='image "/cluster/home/n/w/nwhite01/storage/ocr_20150623/116/mdp.39015008903554/195.png"; bbox 0 0 4006 6146; ppageno 0'>
   <div class='ocr_carea' id='block_1_1' title="bbox 355 301 3724 382">
    <p class='ocr_par' dir='ltr' id='par_1_1' title="bbox 355 301 3724 382">
     <span class='ocr_line' id='line_1_1' title="bbox 355 301 3724 382; baseline 0.002 -9"><span class='ocrx_word' id='word_1_1' title='bbox 355 301 471 382; x_wconf 78' lang='grc'><strong>375</strong></span> <span class='ocrx_word' id='word_1_2' title='bbox 1675 312 1956 378; x_wconf 84' lang='lat' dir='ltr'><strong>MENSIS</strong></span> <span class='ocrx_word' id='word_1_3' title='bbox 1995 313 2422 379; x_wconf 80' lang='lat' dir='ltr'><strong>DEGEMBER.</strong></span> <span class='ocrx_word' id='word_1_4' title='bbox 3606 311 3724 381; x_wconf 85' lang='lat'><strong>376</strong></span> 
     </span>
    </p>
   </div>
   <div class='ocr_carea' id='block_1_2' title="bbox 354 443 1996 528">
    <p class='ocr_par' dir='ltr' id='par_1_2' title="bbox 354 443 1993 528">
     <span class='ocr_line' id='line_1_2' title="bbox 354 443 1993 528; baseline 0.001 -22"><span class='ocrx_word' id='word_1_5' title='bbox 354 450 415 506; x_wconf 89' lang='lat' dir='ltr'><strong>et</strong></span> <span class='ocrx_word' id='word_1_6' title='bbox 445 443 739 507; x_wconf 80' lang='lat' dir='ltr'><strong>civitatem</strong></span> <span class='ocrx_word' id='word_1_7' title='bbox 772 443 846 508; x_wconf 88' lang='lat' dir='ltr'><strong>ab</strong></span> <span class='ocrx_word' id='word_1_8' title='bbox 878 463 1107 523; x_wconf 89' lang='lat' dir='ltr'><strong>errore,</strong></span> <span class='ocrx_word' id='word_1_9' title='bbox 1142 453 1206 510; x_wconf 93' lang='lat' dir='ltr'><strong>ut</strong></span> <span class='ocrx_word' id='word_1_10' title='bbox 1249 447 1306 509; x_wconf 90' lang='lat' dir='ltr'><strong>ei</strong></span> <span class='ocrx_word' id='word_1_11' title='bbox 1366 445 1603 528; x_wconf 80' lang='lat' dir='ltr'><strong>quidem</strong></span> <span class='ocrx_word' id='word_1_12' title='bbox 1660 446 1993 519; x_wconf 74' lang='lat' dir='ltr'><strong>videbatur,</strong></span> 
     </span>
    </p>
   </div>
   <div class='ocr_carea' id='block_1_3' title="bbox 2083 443 3727 528">
    <p class='ocr_par' dir='ltr' id='par_1_3' title="bbox 2083 447 3727 524">
     <span class='ocr_line' id='line_1_3' title="bbox 2083 447 3727 524; baseline 0.001 -18"><span class='ocrx_word' id='word_1_13' title='bbox 2083 470 2190 524; x_wconf 86' lang='grc' dir='ltr'>σαι,</span> <span class='ocrx_word' id='word_1_14' title='bbox 2222 450 2310 508; x_wconf 74' lang='grc' dir='ltr'><strong>καὶ</strong></span> <span class='ocrx_word' id='word_1_15' title='bbox 2337 449 2437 518; x_wconf 78' lang='grc' dir='ltr'>τὴν</span> <span class='ocrx_word' id='word_1_16' title='bbox 2461 447 2614 507; x_wconf 89' lang='grc' dir='ltr'>πόλιν</span> <span class='ocrx_word' id='word_1_17' title='bbox 2645 453 2743 519; x_wconf 84' lang='grc' dir='ltr'><strong>τῆς</strong></span> <span class='ocrx_word' id='word_1_18' title='bbox 2775 448 2986 518; x_wconf 84' lang='grc' dir='ltr'>πλάνης</span> <span class='ocrx_word' id='word_1_19' title='bbox 3015 451 3090 515; x_wconf 81' lang='grc' dir='ltr'>ὡς</span> <span class='ocrx_word' id='word_1_20' title='bbox 3146 450 3291 522; x_wconf 74' lang='grc' dir='ltr'>αὒτῷ</span> <span class='ocrx_word' id='word_1_21' title='bbox 3345 449 3532 510; x_wconf 77' lang='grc' dir='ltr'>δοκοῦν</span> <span class='ocrx_word' id='word_1_22' title='bbox 3589 450 3727 508; x_wconf 90' lang='grc' dir='ltr'>ἀνα-</span> 
     </span>
    </p>
   </div>
   <div class='ocr_carea' id='block_1_4' title="bbox 356 533 1996 620">
    <p class='ocr_par' dir='ltr' id='par_1_4' title="bbox 356 533 1996 616">
     <span class='ocr_line' id='line_1_4' title="bbox 356 533 1996 616; baseline 0.002 -22"><span class='ocrx_word' id='word_1_23' title='bbox 356 533 658 598; x_wconf 87' lang='lat' dir='ltr'><strong>liberare:</strong></span> <span class='ocrx_word' id='word_1_24' title='bbox 693 553 814 596; x_wconf 91' lang='lat' dir='ltr'><strong>non</strong></span> <span class='ocrx_word' id='word_1_25' title='bbox 847 535 1084 599; x_wconf 88' lang='lat' dir='ltr'><strong>modica</strong></span> <span class='ocrx_word' id='word_1_26' title='bbox 1142 534 1384 616; x_wconf 85' lang='lat' dir='ltr'><strong>quidem</strong></span> <span class='ocrx_word' id='word_1_27' title='bbox 1445 536 1500 596; x_wconf 90' lang='lat' dir='ltr'><strong>ei</strong></span> <span class='ocrx_word' id='word_1_28' title='bbox 1532 535 1669 598; x_wconf 89' lang='lat' dir='ltr'><strong>data</strong></span> <span class='ocrx_word' id='word_1_29' title='bbox 1726 555 1903 599; x_wconf 89' lang='lat' dir='ltr'><strong>manu</strong></span> <span class='ocrx_word' id='word_1_30' title='bbox 1935 554 1996 600; x_wconf 71' lang='lat' dir='ltr'><strong>ex</strong></span> 
     </span>
    </p>
   </div>
   <div class='ocr_carea' id='block_1_5' title="bbox 2083 533 3773 620">
    <p class='ocr_par' dir='ltr' id='par_1_5' title="bbox 2086 536 3773 620">
     <span class='ocr_line' id='line_1_5' title="bbox 2086 536 3773 620; baseline 0.001 -25"><span class='ocrx_word' id='word_1_31' title='bbox 2086 539 2378 614; x_wconf 84' lang='grc' dir='ltr'>σώσασθαι,</span> <span class='ocrx_word' id='word_1_32' title='bbox 2410 536 2528 602; x_wconf 84' lang='grc' dir='ltr'>δούς</span> <span class='ocrx_word' id='word_1_33' title='bbox 2553 560 2612 595; x_wconf 91' lang='grc' dir='ltr'><strong>τε</strong></span> <span class='ocrx_word' id='word_1_34' title='bbox 2642 539 2736 597; x_wconf 72' lang='grc' dir='ltr'>οὔκ</span> <span class='ocrx_word' id='word_1_35' title='bbox 2790 539 2974 618; x_wconf 80' lang='grc' dir='ltr'>ὀλίγην</span> <span class='ocrx_word' id='word_1_36' title='bbox 3006 539 3105 615; x_wconf 79' lang='grc' dir='ltr'>μὲν</span> <span class='ocrx_word' id='word_1_37' title='bbox 3161 553 3326 620; x_wconf 76' lang='grc' dir='ltr'>χεῖρα</span> <span class='ocrx_word' id='word_1_38' title='bbox 3378 542 3463 598; x_wconf 75' lang='grc' dir='ltr'><strong>καὶ</strong></span> <span class='ocrx_word' id='word_1_39' title='bbox 3524 540 3584 596; x_wconf 79' lang='grc' dir='ltr'>ἐκ</span> <span class='ocrx_word' id='word_1_40' title='bbox 3637 541 3732 597; x_wconf 73' lang='grc' dir='ltr'>τοῦ</span> <span class='ocrx_word' id='word_1_41' title='bbox 3759 559 3773 566; x_wconf 90' lang='grc'><strong>·</strong></span> 
     </span>
    </p>
   </div>
   <div class='ocr_carea' id='block_1_6' title="bbox 357 623 1996 709">
    <p class='ocr_par' dir='ltr' id='par_1_6' title="bbox 357 623 1996 706">
     <span class='ocr_line' id='line_1_6' title="bbox 357 623 1996 706; baseline 0.002 -22"><span class='ocrx_word' id='word_1_42' title='bbox 357 623 652 705; x_wconf 85' lang='lat' dir='ltr'><strong>Bysantio,</strong></span> <span class='ocrx_word' id='word_1_43' title='bbox 689 643 821 705; x_wconf 70' lang='lat' dir='ltr'><strong>quas</strong></span> <span class='ocrx_word' id='word_1_44' title='bbox 869 643 1004 687; x_wconf 92' lang='lat' dir='ltr'><strong>cum</strong></span> <span class='ocrx_word' id='word_1_45' title='bbox 1037 643 1106 687; x_wconf 93' lang='lat' dir='ltr'><strong>eo</strong></span> <span class='ocrx_word' id='word_1_46' title='bbox 1134 632 1497 700; x_wconf 79' lang='lat' dir='ltr'><strong>versaretur,</strong></span> <span class='ocrx_word' id='word_1_47' title='bbox 1533 633 1594 688; x_wconf 92' lang='lat' dir='ltr'><strong>et</strong></span> <span class='ocrx_word' id='word_1_48' title='bbox 1652 627 1880 706; x_wconf 83' lang='lat' dir='ltr'><strong>majore</strong></span> <span class='ocrx_word' id='word_1_49' title='bbox 1935 644 1996 688; x_wconf 73' lang='lat' dir='ltr'><strong>ex</strong></span> 
     </span>
    </p>
   </div>
   <div class='ocr_carea' id='block_1_7' title="bbox 2083 623 3728 709">
    <p class='ocr_par' dir='ltr' id='par_1_7' title="bbox 2087 627 3728 709">
     <span class='ocr_line' id='line_1_7' title="bbox 2087 627 3728 709; baseline 0 -24"><span class='ocrx_word' id='word_1_50' title='bbox 2087 629 2366 699; x_wconf 77' lang='grc' dir='ltr'><strong>Βυζαντίου</strong></span> <span class='ocrx_word' id='word_1_51' title='bbox 2425 627 2568 701; x_wconf 81' lang='grc' dir='ltr'>αὐτῷ</span> <span class='ocrx_word' id='word_1_52' title='bbox 2622 627 2955 709; x_wconf 88' lang='grc' dir='ltr'>συνέπεσθαι,</span> <span class='ocrx_word' id='word_1_53' title='bbox 3015 627 3232 686; x_wconf 86' lang='grc' dir='ltr'>πλείονα</span> <span class='ocrx_word' id='word_1_54' title='bbox 3290 628 3345 686; x_wconf 81' lang='grc' dir='ltr'>δὲ</span> <span class='ocrx_word' id='word_1_55' title='bbox 3403 631 3488 686; x_wconf 80' lang='grc' dir='ltr'><strong>καὶ</strong></span> <span class='ocrx_word' id='word_1_56' title='bbox 3523 628 3586 686; x_wconf 74' lang='grc' dir='ltr'>ἐκ</span> <span class='ocrx_word' id='word_1_57' title='bbox 3630 634 3728 694; x_wconf 89' lang='grc' dir='ltr'><strong>τῆς</strong></span> 
     </span>
    </p>
   </div>
   <div class='ocr_carea' id='block_1_8' title="bbox 357 713 1996 796">
    <p class='ocr_par' dir='ltr' id='par_1_8' title="bbox 357 713 1366 792">
     <span class='ocr_line' id='line_1_8' title="bbox 357 713 1366 792; baseline 0.003 -17"><span class='ocrx_word' id='word_1_58' title='bbox 357 713 740 790; x_wconf 81' lang='lat' dir='ltr'><strong>Alexandria,</strong></span> <span class='ocrx_word' id='word_1_59' title='bbox 775 733 907 792; x_wconf 68' lang='lat' dir='ltr'><strong>quae</strong></span> <span class='ocrx_word' id='word_1_60' title='bbox 938 715 993 776; x_wconf 91' lang='lat' dir='ltr'><strong>ei</strong></span> <span class='ocrx_word' id='word_1_61' title='bbox 1027 717 1366 778; x_wconf 78' lang='lat' dir='ltr'><strong>inserviret.</strong></span> 
     </span>
    </p>
   </div>
   <div class='ocr_carea' id='block_1_9' title="bbox 2083 713 2766 796">
    <p class='ocr_par' dir='ltr' id='par_1_9' title="bbox 2088 715 2766 796">
     <span class='ocr_line' id='line_1_9' title="bbox 2088 715 2766 796; baseline -0.001 -21"><span class='ocrx_word' id='word_1_62' title='bbox 2088 715 2433 796; x_wconf 71' lang='grc' dir='ltr'>Ἀλεξάνδρου</span> <span class='ocrx_word' id='word_1_63' title='bbox 2455 719 2766 791; x_wconf 73' lang='grc' dir='ltr'>ὑπηρετεῖν.</span> 
     </span>
    </p>
   </div>
   <div class='ocr_carea' id='block_1_10' title="bbox 437 802 2003 883">
    <p class='ocr_par' dir='ltr' id='par_1_10' title="bbox 437 802 2003 883">
     <span class='ocr_line' id='line_1_10' title="bbox 437 802 2003 883; baseline 0.001 -20"><span class='ocrx_word' id='word_1_64' title='bbox 437 802 562 866; x_wconf 88' lang='lat' dir='ltr'><strong>VII.</strong></span> <span class='ocrx_word' id='word_1_65' title='bbox 597 805 1000 883; x_wconf 80' lang='lat' dir='ltr'><strong>Hermogenes</strong></span> <span class='ocrx_word' id='word_1_66' title='bbox 1027 819 1168 882; x_wconf 79' lang='lat' dir='ltr'><strong>ergo</strong></span> <span class='ocrx_word' id='word_1_67' title='bbox 1192 803 1317 882; x_wconf 89' lang='lat' dir='ltr'><strong>jam</strong></span> <span class='ocrx_word' id='word_1_68' title='bbox 1374 802 1656 882; x_wconf 82' lang='lat' dir='ltr'><strong>navigans</strong></span> <span class='ocrx_word' id='word_1_69' title='bbox 1712 803 1775 864; x_wconf 90' lang='lat' dir='ltr'><strong>in</strong></span> <span class='ocrx_word' id='word_1_70' title='bbox 1825 802 2003 883; x_wconf 67' lang='lat' dir='ltr'><strong>Egy-</strong></span> 
     </span>
    </p>
   </div>
   <div class='ocr_carea' id='block_1_11' title="bbox 360 891 2006 973">
    <p class='ocr_par' dir='ltr' id='par_1_11' title="bbox 360 891 2006 973">
     <span class='ocr_line' id='line_1_11' title="bbox 360 891 2006 973; baseline 0 -19"><span class='ocrx_word' id='word_1_71' title='bbox 360 901 546 970; x_wconf 88' lang='lat' dir='ltr'><strong>ptum,</strong></span> <span class='ocrx_word' id='word_1_72' title='bbox 579 911 710 954; x_wconf 87' lang='lat' dir='ltr'><strong>cum</strong></span> <span class='ocrx_word' id='word_1_73' title='bbox 743 892 1006 973; x_wconf 84' lang='lat' dir='ltr'><strong>undique</strong></span> <span class='ocrx_word' id='word_1_74' title='bbox 1050 893 1494 954; x_wconf 91' lang='lat' dir='ltr'><strong>circumﬂueret</strong></span> <span class='ocrx_word' id='word_1_75' title='bbox 1521 891 1811 954; x_wconf 78' lang='lat' dir='ltr'><strong>ministris</strong></span> <span class='ocrx_word' id='word_1_76' title='bbox 1833 901 1892 954; x_wconf 89' lang='lat' dir='ltr'><strong>et</strong></span> <span class='ocrx_word' id='word_1_77' title='bbox 1916 911 2006 954; x_wconf 89' lang='lat' dir='ltr'><strong>sa-</strong></span> 
     </span>
    </p>
   </div>
   <div class='ocr_carea' id='block_1_12' title="bbox 359 980 1997 1062">
    <p class='ocr_par' dir='ltr' id='par_1_12' title="bbox 359 980 1997 1062">
     <span class='ocr_line' id='line_1_12' title="bbox 359 980 1997 1062; baseline 0.003 -21"><span class='ocrx_word' id='word_1_78' title='bbox 359 980 666 1056; x_wconf 87' lang='lat' dir='ltr'><strong>tellitibus,</strong></span> <span class='ocrx_word' id='word_1_79' title='bbox 705 980 863 1042; x_wconf 86' lang='lat' dir='ltr'><strong>videt</strong></span> <span class='ocrx_word' id='word_1_80' title='bbox 892 989 1012 1043; x_wconf 87' lang='lat' dir='ltr'><strong>tres</strong></span> <span class='ocrx_word' id='word_1_81' title='bbox 1041 982 1197 1044; x_wconf 86' lang='lat' dir='ltr'><strong>viros</strong></span> <span class='ocrx_word' id='word_1_82' title='bbox 1218 981 1572 1062; x_wconf 89' lang='lat' dir='ltr'><strong>luminosos,</strong></span> <span class='ocrx_word' id='word_1_83' title='bbox 1606 983 1658 1044; x_wconf 88' lang='lat' dir='ltr'><strong>ei</strong></span> <span class='ocrx_word' id='word_1_84' title='bbox 1689 981 1997 1046; x_wconf 77' lang='lat' dir='ltr'><strong>dicentes:</strong></span> 
     </span>
    </p>
   </div>
   <div class='ocr_carea' id='block_1_13' title="bbox 357 1067 2006 1151">
    <p class='ocr_par' dir='ltr' id='par_1_13' title="bbox 357 1067 2006 1151">
     <span class='ocr_line' id='line_1_13' title="bbox 357 1067 2006 1151; baseline 0.001 -21"><span class='ocrx_word' id='word_1_85' title='bbox 357 1067 529 1141; x_wconf 88' lang='lat' dir='ltr'><strong>Vide,</strong></span> <span class='ocrx_word' id='word_1_86' title='bbox 566 1071 1001 1148; x_wconf 84' lang='lat' dir='ltr'><strong>Hermogenes,</strong></span> <span class='ocrx_word' id='word_1_87' title='bbox 1060 1069 1219 1150; x_wconf 90' lang='lat' dir='ltr'><strong>quod</strong></span> <span class='ocrx_word' id='word_1_88' title='bbox 1252 1087 1364 1133; x_wconf 87' lang='lat' dir='ltr'><strong>nec</strong></span> <span class='ocrx_word' id='word_1_89' title='bbox 1397 1069 1578 1133; x_wconf 82' lang='lat' dir='ltr'><strong>breve</strong></span> <span class='ocrx_word' id='word_1_90' title='bbox 1607 1071 1848 1151; x_wconf 88' lang='lat' dir='ltr'><strong>quidem</strong></span> <span class='ocrx_word' id='word_1_91' title='bbox 1881 1080 2006 1132; x_wconf 85' lang='lat' dir='ltr'><strong>stu-</strong></span> 
     </span>
    </p>
   </div>
   <div class='ocr_carea' id='block_1_14' title="bbox 358 1156 1995 1240">
    <p class='ocr_par' dir='ltr' id='par_1_14' title="bbox 358 1156 1995 1240">
     <span class='ocr_line' id='line_1_14' title="bbox 358 1156 1995 1240; baseline 0.001 -22"><span class='ocrx_word' id='word_1_92' title='bbox 358 1156 520 1218; x_wconf 88' lang='lat' dir='ltr'><strong>dium</strong></span> <span class='ocrx_word' id='word_1_93' title='bbox 547 1156 703 1220; x_wconf 88' lang='lat' dir='ltr'><strong>Deus</strong></span> <span class='ocrx_word' id='word_1_94' title='bbox 721 1157 1000 1238; x_wconf 88' lang='lat' dir='ltr'><strong>despicit.</strong></span> <span class='ocrx_word' id='word_1_95' title='bbox 1029 1159 1174 1222; x_wconf 89' lang='lat' dir='ltr'><strong>Cum</strong></span> <span class='ocrx_word' id='word_1_96' title='bbox 1199 1159 1300 1222; x_wconf 92' lang='lat' dir='ltr'><strong>ille</strong></span> <span class='ocrx_word' id='word_1_97' title='bbox 1316 1169 1510 1222; x_wconf 89' lang='lat' dir='ltr'><strong>autem</strong></span> <span class='ocrx_word' id='word_1_98' title='bbox 1534 1162 1957 1240; x_wconf 87' lang='lat' dir='ltr'><strong>interrogasset</strong></span> <span class='ocrx_word' id='word_1_99' title='bbox 1983 1183 1995 1220; x_wconf 97' lang='lat'>:</span> 
     </span>
    </p>
   </div>
   <div class='ocr_carea' id='block_1_15' title="bbox 353 1245 1999 1330">
    <p class='ocr_par' dir='ltr' id='par_1_15' title="bbox 353 1245 1999 1330">
     <span class='ocr_line' id='line_1_15' title="bbox 353 1245 1999 1330; baseline 0.004 -23"><span class='ocrx_word' id='word_1_100' title='bbox 353 1245 426 1308; x_wconf 88' lang='lat' dir='ltr'><strong>Et</strong></span> <span class='ocrx_word' id='word_1_101' title='bbox 459 1247 615 1326; x_wconf 90' lang='lat' dir='ltr'><strong>quod</strong></span> <span class='ocrx_word' id='word_1_102' title='bbox 671 1255 761 1307; x_wconf 89' lang='lat' dir='ltr'><strong>est</strong></span> <span class='ocrx_word' id='word_1_103' title='bbox 815 1248 930 1309; x_wconf 90' lang='lat' dir='ltr'><strong>hoc</strong></span> <span class='ocrx_word' id='word_1_104' title='bbox 981 1248 1160 1311; x_wconf 80' lang='lat' dir='ltr'><strong>breve</strong></span> <span class='ocrx_word' id='word_1_105' title='bbox 1217 1247 1475 1312; x_wconf 89' lang='lat' dir='ltr'><strong>studium</strong></span> <span class='ocrx_word' id='word_1_106' title='bbox 1504 1255 1532 1313; x_wconf 82' lang='lat'><strong><em>?</em></strong></span> <span class='ocrx_word' id='word_1_107' title='bbox 1579 1248 1999 1330; x_wconf 76' lang='lat' dir='ltr'><strong>Imperfectum</strong></span> 
     </span>
    </p>
   </div>
   <div class='ocr_carea' id='block_1_16' title="bbox 2166 798 3728 888">
    <p class='ocr_par' dir='ltr' id='par_1_16' title="bbox 2166 798 3728 888">
     <span class='ocr_line' id='line_1_16' title="bbox 2166 798 3728 888; baseline -0.001 -25"><span class='ocrx_word' id='word_1_108' title='bbox 2166 807 2243 867; x_wconf 78' lang='lat' dir='ltr'><strong>Z&#39;.</strong></span> <span class='ocrx_word' id='word_1_109' title='bbox 2277 811 2338 866; x_wconf 65' lang='grc' dir='ltr'>Ὀ</span> <span class='ocrx_word' id='word_1_110' title='bbox 2367 807 2537 864; x_wconf 82' lang='grc' dir='ltr'>τοίνυν</span> <span class='ocrx_word' id='word_1_111' title='bbox 2570 798 2921 888; x_wconf 70' lang='grc' dir='ltr'><strong>Ἑρμογένης,</strong></span> <span class='ocrx_word' id='word_1_112' title='bbox 2954 807 3129 865; x_wconf 81' lang='grc' dir='ltr'>πλέων</span> <span class='ocrx_word' id='word_1_113' title='bbox 3185 807 3288 876; x_wconf 73' lang='grc' dir='ltr'>ἤδη</span> <span class='ocrx_word' id='word_1_114' title='bbox 3345 810 3438 865; x_wconf 79' lang='grc' dir='ltr'>τὸν</span> <span class='ocrx_word' id='word_1_115' title='bbox 3495 809 3581 866; x_wconf 81' lang='grc' dir='ltr'>ἐπὶ</span> <span class='ocrx_word' id='word_1_116' title='bbox 3627 810 3728 876; x_wconf 82' lang='grc' dir='ltr'><strong>τὴν</strong></span> 
     </span>
    </p>
   </div>
   <div class='ocr_carea' id='block_1_17' title="bbox 2087 894 3729 978">
    <p class='ocr_par' dir='ltr' id='par_1_17' title="bbox 2087 894 3729 978">
     <span class='ocr_line' id='line_1_17' title="bbox 2087 894 3729 978; baseline 0 -24"><span class='ocrx_word' id='word_1_117' title='bbox 2087 894 2481 974; x_wconf 71' lang='grc' dir='ltr'>Ἀλεξάνδρειαν</span> <span class='ocrx_word' id='word_1_118' title='bbox 2534 894 2720 971; x_wconf 83' lang='grc' dir='ltr'>πλοῦν,</span> <span class='ocrx_word' id='word_1_119' title='bbox 2784 899 2870 954; x_wconf 78' lang='grc' dir='ltr'>καὶ</span> <span class='ocrx_word' id='word_1_120' title='bbox 2937 899 3273 978; x_wconf 80' lang='grc' dir='ltr'>πανταχόθεν</span> <span class='ocrx_word' id='word_1_121' title='bbox 3341 899 3601 978; x_wconf 76' lang='grc' dir='ltr'><strong>ὑπηρεσίᾳ</strong></span> <span class='ocrx_word' id='word_1_122' title='bbox 3669 919 3729 955; x_wconf 81' lang='grc' dir='ltr'><strong>τε</strong></span> 
     </span>
    </p>
   </div>
   <div class='ocr_carea' id='block_1_18' title="bbox 2086 983 3728 1066">
    <p class='ocr_par' dir='ltr' id='par_1_18' title="bbox 2086 983 3728 1066">
     <span class='ocr_line' id='line_1_18' title="bbox 2086 983 3728 1066; baseline 0.001 -24"><span class='ocrx_word' id='word_1_123' title='bbox 2086 984 2262 1061; x_wconf 78' lang='grc' dir='ltr'>πολλῇ</span> <span class='ocrx_word' id='word_1_124' title='bbox 2292 987 2382 1042; x_wconf 80' lang='grc' dir='ltr'><strong>καὶ</strong></span> <span class='ocrx_word' id='word_1_125' title='bbox 2431 983 2706 1064; x_wconf 78' lang='grc' dir='ltr'>δορυφορίᾳ</span> <span class='ocrx_word' id='word_1_126' title='bbox 2749 986 3174 1066; x_wconf 81' lang='grc' dir='ltr'>περιῤῥεόμενος,</span> <span class='ocrx_word' id='word_1_127' title='bbox 3209 986 3512 1046; x_wconf 77' lang='grc' dir='ltr'>ἐνὲκστάσει</span> <span class='ocrx_word' id='word_1_128' title='bbox 3545 989 3728 1066; x_wconf 81' lang='grc' dir='ltr'>ὥσπερ</span> 
     </span>
    </p>
   </div>
   <div class='ocr_carea' id='block_1_19' title="bbox 2085 1073 3728 1157">
    <p class='ocr_par' dir='ltr' id='par_1_19' title="bbox 2085 1073 3728 1157">
     <span class='ocr_line' id='line_1_19' title="bbox 2085 1073 3728 1157; baseline 0.001 -27"><span class='ocrx_word' id='word_1_129' title='bbox 2085 1074 2221 1130; x_wconf 78' lang='grc' dir='ltr'>κατὰ</span> <span class='ocrx_word' id='word_1_130' title='bbox 2272 1075 2395 1139; x_wconf 80' lang='grc' dir='ltr'>τοὺς</span> <span class='ocrx_word' id='word_1_131' title='bbox 2448 1073 2640 1139; x_wconf 77' lang='grc' dir='ltr'>ὕπνους</span> <span class='ocrx_word' id='word_1_132' title='bbox 2699 1076 3008 1153; x_wconf 86' lang='grc' dir='ltr'>γενόμενος,</span> <span class='ocrx_word' id='word_1_133' title='bbox 3067 1079 3160 1153; x_wconf 83' lang='grc' dir='ltr'>ὁρᾷ</span> <span class='ocrx_word' id='word_1_134' title='bbox 3217 1089 3364 1154; x_wconf 76' lang='grc' dir='ltr'>τρεῖς</span> <span class='ocrx_word' id='word_1_135' title='bbox 3395 1075 3582 1149; x_wconf 82' lang='grc' dir='ltr'>ἄνδρας</span> <span class='ocrx_word' id='word_1_136' title='bbox 3607 1099 3728 1157; x_wconf 81' lang='grc' dir='ltr'>φω-</span> 
     </span>
    </p>
   </div>
   <div class='ocr_carea' id='block_1_20' title="bbox 2083 1160 3732 1242">
    <p class='ocr_par' dir='ltr' id='par_1_20' title="bbox 2083 1160 3732 1242">
     <span class='ocr_line' id='line_1_20' title="bbox 2083 1160 3732 1242; baseline 0.001 -23"><span class='ocrx_word' id='word_1_137' title='bbox 2083 1160 2336 1236; x_wconf 83' lang='grc' dir='ltr'>τοειδεϊς,</span> <span class='ocrx_word' id='word_1_138' title='bbox 2369 1163 2666 1242; x_wconf 76' lang='grc' dir='ltr'>φάσκοντας</span> <span class='ocrx_word' id='word_1_139' title='bbox 2697 1165 2828 1240; x_wconf 86' lang='grc' dir='ltr'>πρὸς</span> <span class='ocrx_word' id='word_1_140' title='bbox 2861 1165 3040 1227; x_wconf 68' lang='grc' dir='ltr'>αὐτόν,</span> <span class='ocrx_word' id='word_1_141' title='bbox 3099 1163 3228 1236; x_wconf 78' lang='grc' dir='ltr'>Ἴδε,</span> <span class='ocrx_word' id='word_1_142' title='bbox 3281 1166 3621 1242; x_wconf 76' lang='grc' dir='ltr'>Ἑρμόγενες,</span> <span class='ocrx_word' id='word_1_143' title='bbox 3655 1168 3732 1230; x_wconf 82' lang='grc' dir='ltr'>ὡς</span> 
     </span>
    </p>
   </div>
   <div class='ocr_carea' id='block_1_21' title="bbox 2084 1248 3731 1332">
    <p class='ocr_par' dir='ltr' id='par_1_21' title="bbox 2084 1248 3731 1332">
     <span class='ocr_line' id='line_1_21' title="bbox 2084 1248 3731 1332; baseline 0.002 -24"><span class='ocrx_word' id='word_1_144' title='bbox 2084 1248 2199 1308; x_wconf 73' lang='grc' dir='ltr'>οὐδὲ</span> <span class='ocrx_word' id='word_1_145' title='bbox 2257 1249 2487 1319; x_wconf 83' lang='grc' dir='ltr'>σπουδῆς</span> <span class='ocrx_word' id='word_1_146' title='bbox 2542 1253 2795 1332; x_wconf 86' lang='grc' dir='ltr'>βραχείας</span> <span class='ocrx_word' id='word_1_147' title='bbox 2841 1257 3066 1332; x_wconf 70' lang='grc' dir='ltr'>ὕπερορᾷ</span> <span class='ocrx_word' id='word_1_148' title='bbox 3125 1253 3154 1310; x_wconf 83' lang='grc' dir='ltr'>ὅ</span> <span class='ocrx_word' id='word_1_149' title='bbox 3212 1253 3366 1318; x_wconf 87' lang='grc' dir='ltr'>Θεός,</span> <span class='ocrx_word' id='word_1_150' title='bbox 3429 1254 3731 1329; x_wconf 86' lang='grc' dir='ltr'>Πυθομένου</span> 
     </span>
    </p>
   </div>
   <div class='ocr_carea' id='block_1_22' title="bbox 357 1338 1996 1423">
    <p class='ocr_par' dir='ltr' id='par_1_22' title="bbox 357 1343 1996 1417">
     <span class='ocr_line' id='line_1_22' title="bbox 357 1343 1996 1417; baseline 0.002 -17"><span class='ocrx_word' id='word_1_151' title='bbox 357 1343 815 1408; x_wconf 85' lang='lat' dir='ltr'><strong>tuum,dixerunt</strong></span> <span class='ocrx_word' id='word_1_152' title='bbox 837 1345 1624 1417; x_wconf 84' lang='lat' dir='ltr'><strong>suscipientes,propositum,</strong></span> <span class='ocrx_word' id='word_1_153' title='bbox 1652 1349 1798 1403; x_wconf 74' lang='lat' dir='ltr'><strong>viam</strong></span> <span class='ocrx_word' id='word_1_154' title='bbox 1821 1356 1996 1416; x_wconf 87' lang='lat' dir='ltr'><strong>tuam,</strong></span> 
     </span>
    </p>
   </div>
   <div class='ocr_carea' id='block_1_23' title="bbox 2083 1338 3728 1423">
    <p class='ocr_par' dir='ltr' id='par_1_23' title="bbox 2083 1338 3728 1423">
     <span class='ocr_line' id='line_1_23' title="bbox 2083 1338 3728 1423; baseline 0.002 -27"><span class='ocrx_word' id='word_1_155' title='bbox 2083 1338 2135 1396; x_wconf 77' lang='grc' dir='ltr'>δὲ</span> <span class='ocrx_word' id='word_1_156' title='bbox 2163 1341 2385 1414; x_wconf 67' lang='grc' dir='ltr'>ἑκείνου,</span> <span class='ocrx_word' id='word_1_157' title='bbox 2422 1341 2518 1399; x_wconf 79' lang='grc' dir='ltr'>Καὶ</span> <span class='ocrx_word' id='word_1_158' title='bbox 2547 1345 2625 1406; x_wconf 83' lang='grc' dir='ltr'><strong>τίς</strong></span> <span class='ocrx_word' id='word_1_159' title='bbox 2651 1343 2685 1410; x_wconf 83' lang='grc' dir='ltr'><strong>ἡ</strong></span> <span class='ocrx_word' id='word_1_160' title='bbox 2735 1343 2972 1423; x_wconf 75' lang='grc' dir='ltr'>βραχεῖα</span> <span class='ocrx_word' id='word_1_161' title='bbox 3023 1342 3158 1409; x_wconf 74' lang='grc' dir='ltr'>αὕτη</span> <span class='ocrx_word' id='word_1_162' title='bbox 3216 1341 3418 1410; x_wconf 77' lang='grc' dir='ltr'>σπουδη</span> <span class='ocrx_word' id='word_1_163' title='bbox 3458 1362 3472 1418; x_wconf 89' lang='grc'>;</span> <span class='ocrx_word' id='word_1_164' title='bbox 3503 1343 3728 1423; x_wconf 75' lang='grc' dir='ltr'>ἐκεῖνοι,</span> 
     </span>
    </p>
   </div>
   <div class='ocr_carea' id='block_1_24' title="bbox 356 1424 1996 1509">
    <p class='ocr_par' dir='ltr' id='par_1_24' title="bbox 356 1424 1996 1508">
     <span class='ocr_line' id='line_1_24' title="bbox 356 1424 1996 1508; baseline 0.004 -24"><span class='ocrx_word' id='word_1_165' title='bbox 356 1442 488 1504; x_wconf 84' lang='lat' dir='ltr'><strong>quae</strong></span> <span class='ocrx_word' id='word_1_166' title='bbox 518 1424 591 1485; x_wconf 90' lang='lat' dir='ltr'><strong>ad</strong></span> <span class='ocrx_word' id='word_1_167' title='bbox 641 1427 962 1486; x_wconf 90' lang='lat' dir='ltr'><strong>multorum</strong></span> <span class='ocrx_word' id='word_1_168' title='bbox 1011 1426 1314 1506; x_wconf 87' lang='lat' dir='ltr'><strong>spectabat</strong></span> <span class='ocrx_word' id='word_1_169' title='bbox 1343 1427 1741 1508; x_wconf 82' lang='lat' dir='ltr'><strong>naufragium,</strong></span> <span class='ocrx_word' id='word_1_170' title='bbox 1800 1428 1996 1491; x_wconf 84' lang='lat' dir='ltr'><strong>effecit</strong></span> 
     </span>
    </p>
   </div>
   <div class='ocr_carea' id='block_1_25' title="bbox 2083 1424 3732 1509">
    <p class='ocr_par' dir='ltr' id='par_1_25' title="bbox 2090 1427 3732 1509">
     <span class='ocr_line' id='line_1_25' title="bbox 2090 1427 3732 1509; baseline -0.001 -22"><span class='ocrx_word' id='word_1_171' title='bbox 2090 1431 2199 1496; x_wconf 82' lang='grc' dir='ltr'><strong>Τὴν</strong></span> <span class='ocrx_word' id='word_1_172' title='bbox 2231 1427 2396 1496; x_wconf 83' lang='grc' dir='ltr'>ἀτελῆ</span> <span class='ocrx_word' id='word_1_173' title='bbox 2427 1451 2544 1505; x_wconf 88' lang='grc' dir='ltr'>σου,</span> <span class='ocrx_word' id='word_1_174' title='bbox 2595 1429 2800 1509; x_wconf 70' lang='grc' dir='ltr'>ἔφησαν</span> <span class='ocrx_word' id='word_1_175' title='bbox 2851 1429 3251 1506; x_wconf 80' lang='grc' dir='ltr'>ὑποδεξάμενοι,</span> <span class='ocrx_word' id='word_1_176' title='bbox 3311 1434 3578 1508; x_wconf 79' lang='grc' dir='ltr'>πρόθεσιν,</span> <span class='ocrx_word' id='word_1_177' title='bbox 3630 1434 3732 1500; x_wconf 81' lang='grc' dir='ltr'>τὴν</span> 
     </span>
    </p>
   </div>
   <div class='ocr_carea' id='block_1_26' title="bbox 355 1511 1996 1596">
    <p class='ocr_par' dir='ltr' id='par_1_26' title="bbox 355 1511 1996 1592">
     <span class='ocr_line' id='line_1_26' title="bbox 355 1511 1996 1592; baseline 0.002 -17"><span class='ocrx_word' id='word_1_178' title='bbox 355 1511 462 1575; x_wconf 86' lang='lat' dir='ltr'><strong>tibi</strong></span> <span class='ocrx_word' id='word_1_179' title='bbox 496 1512 697 1592; x_wconf 67' lang='lat' dir='ltr'><strong>gloriae</strong></span> <span class='ocrx_word' id='word_1_180' title='bbox 727 1514 1189 1578; x_wconf 89' lang='lat' dir='ltr'><strong>conciliatricem</strong></span> <span class='ocrx_word' id='word_1_181' title='bbox 1238 1525 1296 1578; x_wconf 90' lang='lat' dir='ltr'><strong>et</strong></span> <span class='ocrx_word' id='word_1_182' title='bbox 1343 1517 1639 1578; x_wconf 87' lang='lat' dir='ltr'><strong>honorum</strong></span> <span class='ocrx_word' id='word_1_183' title='bbox 1693 1518 1996 1580; x_wconf 88' lang='lat' dir='ltr'><strong>immorta-</strong></span> 
     </span>
    </p>
   </div>
   <div class='ocr_carea' id='block_1_27' title="bbox 2083 1511 3730 1596">
    <p class='ocr_par' dir='ltr' id='par_1_27' title="bbox 2090 1517 3730 1596">
     <span class='ocr_line' id='line_1_27' title="bbox 2090 1517 3730 1596; baseline 0.002 -22"><span class='ocrx_word' id='word_1_184' title='bbox 2090 1519 2222 1596; x_wconf 79' lang='grc' dir='ltr'>πρὸς</span> <span class='ocrx_word' id='word_1_185' title='bbox 2274 1517 2496 1596; x_wconf 85' lang='grc' dir='ltr'>ναυάγια</span> <span class='ocrx_word' id='word_1_186' title='bbox 2551 1517 2766 1576; x_wconf 82' lang='grc' dir='ltr'>πολλῶν</span> <span class='ocrx_word' id='word_1_187' title='bbox 2817 1519 3221 1580; x_wconf 82' lang='grc' dir='ltr'>ἀποϐλέπουσάν</span> <span class='ocrx_word' id='word_1_188' title='bbox 3283 1542 3374 1577; x_wconf 88' lang='grc' dir='ltr'><strong>σου</strong></span> <span class='ocrx_word' id='word_1_189' title='bbox 3433 1519 3572 1596; x_wconf 74' lang='grc' dir='ltr'>ὁδὸν,</span> <span class='ocrx_word' id='word_1_190' title='bbox 3633 1520 3730 1578; x_wconf 88' lang='grc' dir='ltr'>δό-</span> 
     </span>
    </p>
   </div>
   <div class='ocr_carea' id='block_1_28' title="bbox 357 1602 1996 1687">
    <p class='ocr_par' dir='ltr' id='par_1_28' title="bbox 357 1602 1996 1685">
     <span class='ocr_line' id='line_1_28' title="bbox 357 1602 1996 1685; baseline 0.002 -21"><span class='ocrx_word' id='word_1_191' title='bbox 357 1602 525 1664; x_wconf 92' lang='lat' dir='ltr'><strong>lium.</strong></span> <span class='ocrx_word' id='word_1_192' title='bbox 556 1603 705 1666; x_wconf 90' lang='lat' dir='ltr'><strong>Vide</strong></span> <span class='ocrx_word' id='word_1_193' title='bbox 736 1621 899 1684; x_wconf 87' lang='lat' dir='ltr'><strong>ergo,</strong></span> <span class='ocrx_word' id='word_1_194' title='bbox 925 1612 988 1665; x_wconf 90' lang='lat' dir='ltr'><strong>ut</strong></span> <span class='ocrx_word' id='word_1_195' title='bbox 1016 1605 1144 1666; x_wconf 54' lang='lat' dir='ltr'><strong>haec</strong></span> <span class='ocrx_word' id='word_1_196' title='bbox 1189 1604 1348 1667; x_wconf 90' lang='lat' dir='ltr'><strong>bona</strong></span> <span class='ocrx_word' id='word_1_197' title='bbox 1368 1605 1574 1667; x_wconf 90' lang='lat' dir='ltr'><strong>nuntia</strong></span> <span class='ocrx_word' id='word_1_198' title='bbox 1593 1604 1748 1685; x_wconf 89' lang='lat' dir='ltr'><strong>apud</strong></span> <span class='ocrx_word' id='word_1_199' title='bbox 1781 1613 1837 1667; x_wconf 90' lang='lat' dir='ltr'><strong>te</strong></span> <span class='ocrx_word' id='word_1_200' title='bbox 1857 1623 1996 1668; x_wconf 89' lang='lat' dir='ltr'><strong>con-</strong></span> 
     </span>
    </p>
   </div>
   <div class='ocr_carea' id='block_1_29' title="bbox 2083 1602 3729 1687">
    <p class='ocr_par' dir='ltr' id='par_1_29' title="bbox 2090 1604 3729 1687">
     <span class='ocr_line' id='line_1_29' title="bbox 2090 1604 3729 1687; baseline 0.001 -23"><span class='ocrx_word' id='word_1_201' title='bbox 2090 1604 2185 1675; x_wconf 80' lang='grc' dir='ltr'>ξης</span> <span class='ocrx_word' id='word_1_202' title='bbox 2257 1629 2339 1664; x_wconf 89' lang='grc' dir='ltr'><strong>σοι</strong></span> <span class='ocrx_word' id='word_1_203' title='bbox 2412 1607 2612 1665; x_wconf 79' lang='grc' dir='ltr'>τέθεικε</span> <span class='ocrx_word' id='word_1_204' title='bbox 2695 1607 2946 1687; x_wconf 80' lang='grc' dir='ltr'>πρόξενον</span> <span class='ocrx_word' id='word_1_205' title='bbox 3033 1612 3118 1667; x_wconf 80' lang='grc' dir='ltr'><strong>καὶ</strong></span> <span class='ocrx_word' id='word_1_206' title='bbox 3189 1611 3460 1668; x_wconf 81' lang='grc' dir='ltr'>ἀθανάτων</span> <span class='ocrx_word' id='word_1_207' title='bbox 3533 1613 3729 1686; x_wconf 79' lang='grc' dir='ltr'>τιμῶν,</span> 
     </span>
    </p>
   </div>
   <div class='ocr_carea' id='block_1_30' title="bbox 355 1693 1996 1775">
    <p class='ocr_par' dir='ltr' id='par_1_30' title="bbox 355 1693 1996 1775">
     <span class='ocr_line' id='line_1_30' title="bbox 355 1693 1996 1775; baseline 0.001 -19"><span class='ocrx_word' id='word_1_208' title='bbox 355 1710 585 1764; x_wconf 85' lang='lat' dir='ltr'><strong>serves,</strong></span> <span class='ocrx_word' id='word_1_209' title='bbox 613 1701 762 1754; x_wconf 89' lang='lat' dir='ltr'><strong>etne</strong></span> <span class='ocrx_word' id='word_1_210' title='bbox 786 1711 855 1755; x_wconf 88' lang='lat' dir='ltr'><strong>ea</strong></span> <span class='ocrx_word' id='word_1_211' title='bbox 883 1694 1130 1755; x_wconf 87' lang='lat' dir='ltr'><strong>mandes</strong></span> <span class='ocrx_word' id='word_1_212' title='bbox 1150 1693 1434 1756; x_wconf 89' lang='lat' dir='ltr'><strong>oblivioni</strong></span> <span class='ocrx_word' id='word_1_213' title='bbox 1461 1715 1477 1775; x_wconf 89' lang='lat'><strong>;</strong></span> <span class='ocrx_word' id='word_1_214' title='bbox 1506 1694 1725 1757; x_wconf 88' lang='lat' dir='ltr'><strong>etenim</strong></span> <span class='ocrx_word' id='word_1_215' title='bbox 1758 1713 1866 1775; x_wconf 89' lang='lat' dir='ltr'><strong>per</strong></span> <span class='ocrx_word' id='word_1_216' title='bbox 1894 1696 1996 1757; x_wconf 88' lang='lat' dir='ltr'><strong>hoc</strong></span> 
     </span>
    </p>
   </div>
   <div class='ocr_carea' id='block_1_31' title="bbox 2083 1693 3732 1775">
    <p class='ocr_par' dir='ltr' id='par_1_31' title="bbox 2093 1695 3732 1775">
     <span class='ocr_line' id='line_1_31' title="bbox 2093 1695 3732 1775; baseline 0.003 -25"><span class='ocrx_word' id='word_1_217' title='bbox 2093 1700 2238 1766; x_wconf 85' lang='grc' dir='ltr'>Σῶζε</span> <span class='ocrx_word' id='word_1_218' title='bbox 2295 1695 2383 1753; x_wconf 83' lang='grc' dir='ltr'>οὖν</span> <span class='ocrx_word' id='word_1_219' title='bbox 2443 1696 2591 1754; x_wconf 81' lang='grc' dir='ltr'>ταυτὶ</span> <span class='ocrx_word' id='word_1_220' title='bbox 2647 1697 2713 1752; x_wconf 82' lang='grc' dir='ltr'>τὰ</span> <span class='ocrx_word' id='word_1_221' title='bbox 2770 1696 3052 1775; x_wconf 76' lang='grc' dir='ltr'>εὐαγγέλια</span> <span class='ocrx_word' id='word_1_222' title='bbox 3107 1697 3249 1775; x_wconf 84' lang='grc' dir='ltr'><strong>παρά</strong></span> <span class='ocrx_word' id='word_1_223' title='bbox 3307 1720 3483 1773; x_wconf 84' lang='grc' dir='ltr'>σαυτῳ</span> <span class='ocrx_word' id='word_1_224' title='bbox 3539 1701 3732 1757; x_wconf 81' lang='grc' dir='ltr'>ἀνεπί-</span> 
     </span>
    </p>
   </div>
   <div class='ocr_carea' id='block_1_32' title="bbox 360 1782 1996 1866">
    <p class='ocr_par' dir='ltr' id='par_1_32' title="bbox 360 1782 1996 1863">
     <span class='ocr_line' id='line_1_32' title="bbox 360 1782 1996 1863; baseline 0.002 -19"><span class='ocrx_word' id='word_1_225' title='bbox 360 1792 523 1845; x_wconf 92' lang='lat' dir='ltr'><strong>tuum</strong></span> <span class='ocrx_word' id='word_1_226' title='bbox 547 1783 659 1844; x_wconf 91' lang='lat' dir='ltr'><strong>iter</strong></span> <span class='ocrx_word' id='word_1_227' title='bbox 690 1800 827 1845; x_wconf 83' lang='lat' dir='ltr'><strong>mox</strong></span> <span class='ocrx_word' id='word_1_228' title='bbox 858 1782 1320 1846; x_wconf 88' lang='lat' dir='ltr'><strong>babebisverum</strong></span> <span class='ocrx_word' id='word_1_229' title='bbox 1347 1785 1570 1863; x_wconf 83' lang='lat' dir='ltr'><strong>Regem</strong></span> <span class='ocrx_word' id='word_1_230' title='bbox 1605 1792 1665 1845; x_wconf 93' lang='lat' dir='ltr'><strong>et</strong></span> <span class='ocrx_word' id='word_1_231' title='bbox 1685 1792 1996 1848; x_wconf 52' lang='lat' dir='ltr'><strong>aeternum.</strong></span> 
     </span>
    </p>
   </div>
   <div class='ocr_carea' id='block_1_33' title="bbox 2083 1782 3731 1866">
    <p class='ocr_par' dir='ltr' id='par_1_33' title="bbox 2091 1783 3731 1866">
     <span class='ocr_line' id='line_1_33' title="bbox 2091 1783 3731 1866; baseline 0.004 -26"><span class='ocrx_word' id='word_1_232' title='bbox 2091 1783 2288 1850; x_wconf 87' lang='grc' dir='ltr'>ληστα.</span> <span class='ocrx_word' id='word_1_233' title='bbox 2324 1788 2421 1844; x_wconf 79' lang='grc' dir='ltr'><strong>Καὶ</strong></span> <span class='ocrx_word' id='word_1_234' title='bbox 2477 1785 2576 1862; x_wconf 81' lang='grc' dir='ltr'><strong>γὰρ</strong></span> <span class='ocrx_word' id='word_1_235' title='bbox 2634 1783 2718 1842; x_wconf 80' lang='grc' dir='ltr'>διὰ</span> <span class='ocrx_word' id='word_1_236' title='bbox 2767 1787 2962 1853; x_wconf 77' lang='grc' dir='ltr'>ταύτης</span> <span class='ocrx_word' id='word_1_237' title='bbox 3025 1808 3119 1843; x_wconf 81' lang='grc' dir='ltr'><strong>σου</strong></span> <span class='ocrx_word' id='word_1_238' title='bbox 3169 1793 3268 1854; x_wconf 86' lang='grc' dir='ltr'><strong>τῆς</strong></span> <span class='ocrx_word' id='word_1_239' title='bbox 3327 1789 3539 1866; x_wconf 87' lang='grc' dir='ltr'>πορείας</span> <span class='ocrx_word' id='word_1_240' title='bbox 3596 1789 3731 1855; x_wconf 77' lang='grc' dir='ltr'>ἕξεις</span> 
     </span>
    </p>
   </div>
   <div class='ocr_carea' id='block_1_34' title="bbox 353 1870 1997 1954">
    <p class='ocr_par' dir='ltr' id='par_1_34' title="bbox 353 1870 1997 1954">
     <span class='ocr_line' id='line_1_34' title="bbox 353 1870 1997 1954; baseline 0 -20"><span class='ocrx_word' id='word_1_241' title='bbox 353 1870 539 1934; x_wconf 88' lang='lat' dir='ltr'><strong>Porro</strong></span> <span class='ocrx_word' id='word_1_242' title='bbox 569 1881 765 1936; x_wconf 88' lang='lat' dir='ltr'><strong>autem</strong></span> <span class='ocrx_word' id='word_1_243' title='bbox 793 1890 825 1934; x_wconf 87' lang='lat' dir='ltr'><strong>a</strong></span> <span class='ocrx_word' id='word_1_244' title='bbox 848 1872 1020 1935; x_wconf 91' lang='lat' dir='ltr'><strong>nobis</strong></span> <span class='ocrx_word' id='word_1_245' title='bbox 1040 1891 1280 1953; x_wconf 90' lang='lat' dir='ltr'><strong>quoque</strong></span> <span class='ocrx_word' id='word_1_246' title='bbox 1301 1873 1450 1954; x_wconf 89' lang='lat' dir='ltr'><strong>ipsis</strong></span> <span class='ocrx_word' id='word_1_247' title='bbox 1481 1891 1616 1935; x_wconf 90' lang='lat' dir='ltr'><strong>eum</strong></span> <span class='ocrx_word' id='word_1_248' title='bbox 1651 1875 1836 1934; x_wconf 91' lang='lat' dir='ltr'><strong>virum</strong></span> <span class='ocrx_word' id='word_1_249' title='bbox 1861 1892 1997 1934; x_wconf 85' lang='lat' dir='ltr'><strong>con-</strong></span> 
     </span>
    </p>
   </div>
   <div class='ocr_carea' id='block_1_35' title="bbox 355 1961 1999 2042">
    <p class='ocr_par' dir='ltr' id='par_1_35' title="bbox 355 1961 1999 2042">
     <span class='ocr_line' id='line_1_35' title="bbox 355 1961 1999 2042; baseline 0.002 -20"><span class='ocrx_word' id='word_1_250' title='bbox 355 1961 766 2042; x_wconf 89' lang='lat' dir='ltr'><strong>sequeris,per</strong></span> <span class='ocrx_word' id='word_1_251' title='bbox 789 1980 966 2042; x_wconf 90' lang='lat' dir='ltr'><strong>quem</strong></span> <span class='ocrx_word' id='word_1_252' title='bbox 990 1970 1050 2023; x_wconf 90' lang='lat' dir='ltr'><strong>et</strong></span> <span class='ocrx_word' id='word_1_253' title='bbox 1069 1963 1205 2024; x_wconf 85' lang='lat' dir='ltr'><strong>huic</strong></span> <span class='ocrx_word' id='word_1_254' title='bbox 1237 1962 1408 2024; x_wconf 87' lang='lat' dir='ltr'><strong>beato</strong></span> <span class='ocrx_word' id='word_1_255' title='bbox 1439 1961 1585 2042; x_wconf 83' lang='lat' dir='ltr'><strong>Regi</strong></span> <span class='ocrx_word' id='word_1_256' title='bbox 1616 1962 1722 2025; x_wconf 79' lang='lat' dir='ltr'><strong>fias</strong></span> <span class='ocrx_word' id='word_1_257' title='bbox 1745 1962 1999 2042; x_wconf 90' lang='lat' dir='ltr'><strong>amicus,</strong></span> 
     </span>
    </p>
   </div>
   <div class='ocr_carea' id='block_1_36' title="bbox 357 2049 1996 2132">
    <p class='ocr_par' dir='ltr' id='par_1_36' title="bbox 357 2049 1996 2132">
     <span class='ocr_line' id='line_1_36' title="bbox 357 2049 1996 2132; baseline 0.001 -20"><span class='ocrx_word' id='word_1_258' title='bbox 357 2060 415 2112; x_wconf 94' lang='lat' dir='ltr'><strong>et</strong></span> <span class='ocrx_word' id='word_1_259' title='bbox 443 2069 580 2112; x_wconf 91' lang='lat' dir='ltr'><strong>eum</strong></span> <span class='ocrx_word' id='word_1_260' title='bbox 614 2049 876 2131; x_wconf 89' lang='lat' dir='ltr'><strong>accipias</strong></span> <span class='ocrx_word' id='word_1_261' title='bbox 905 2051 1256 2131; x_wconf 87' lang='lat' dir='ltr'><strong>profectum,</strong></span> <span class='ocrx_word' id='word_1_262' title='bbox 1292 2069 1468 2132; x_wconf 90' lang='lat' dir='ltr'><strong>quem</strong></span> <span class='ocrx_word' id='word_1_263' title='bbox 1503 2051 1604 2132; x_wconf 92' lang='lat' dir='ltr'><strong>qui</strong></span> <span class='ocrx_word' id='word_1_264' title='bbox 1665 2052 1846 2114; x_wconf 90' lang='lat' dir='ltr'><strong>hodie</strong></span> <span class='ocrx_word' id='word_1_265' title='bbox 1899 2069 1996 2114; x_wconf 78' lang='lat' dir='ltr'><strong>re—</strong></span> 
     </span>
    </p>
   </div>
   <div class='ocr_carea' id='block_1_37' title="bbox 355 2139 1996 2222">
    <p class='ocr_par' dir='ltr' id='par_1_37' title="bbox 355 2139 1996 2222">
     <span class='ocr_line' id='line_1_37' title="bbox 355 2139 1996 2222; baseline 0 -20"><span class='ocrx_word' id='word_1_266' title='bbox 355 2140 628 2222; x_wconf 88' lang='lat' dir='ltr'><strong>gnat,tibi</strong></span> <span class='ocrx_word' id='word_1_267' title='bbox 649 2141 792 2204; x_wconf 89' lang='lat' dir='ltr'><strong>dare</strong></span> <span class='ocrx_word' id='word_1_268' title='bbox 813 2159 930 2203; x_wconf 88' lang='lat' dir='ltr'><strong>non</strong></span> <span class='ocrx_word' id='word_1_269' title='bbox 955 2148 1168 2221; x_wconf 90' lang='lat' dir='ltr'><strong>potest.</strong></span> <span class='ocrx_word' id='word_1_270' title='bbox 1215 2139 1357 2204; x_wconf 82' lang='lat' dir='ltr'><strong>Cum</strong></span> <span class='ocrx_word' id='word_1_271' title='bbox 1391 2158 1529 2204; x_wconf 92' lang='lat' dir='ltr'><strong>vero</strong></span> <span class='ocrx_word' id='word_1_272' title='bbox 1556 2141 1630 2203; x_wconf 89' lang='lat' dir='ltr'><strong>ad</strong></span> <span class='ocrx_word' id='word_1_273' title='bbox 1661 2148 1996 2204; x_wconf 82' lang='lat' dir='ltr'><strong>extremum</strong></span> 
     </span>
    </p>
   </div>
   <div class='ocr_carea' id='block_1_38' title="bbox 355 2228 2002 2310">
    <p class='ocr_par' dir='ltr' id='par_1_38' title="bbox 355 2228 2002 2310">
     <span class='ocr_line' id='line_1_38' title="bbox 355 2228 2002 2310; baseline 0 -18"><span class='ocrx_word' id='word_1_274' title='bbox 355 2230 493 2306; x_wconf 82' lang='lat' dir='ltr'><strong>galli</strong></span> <span class='ocrx_word' id='word_1_275' title='bbox 523 2238 758 2292; x_wconf 82' lang='lat' dir='ltr'><strong>cantum</strong></span> <span class='ocrx_word' id='word_1_276' title='bbox 796 2249 915 2292; x_wconf 83' lang='lat' dir='ltr'><strong>nox</strong></span> <span class='ocrx_word' id='word_1_277' title='bbox 945 2232 1066 2309; x_wconf 90' lang='lat' dir='ltr'><strong>jam</strong></span> <span class='ocrx_word' id='word_1_278' title='bbox 1099 2231 1491 2310; x_wconf 89' lang='lat' dir='ltr'><strong>pervenisset,</strong></span> <span class='ocrx_word' id='word_1_279' title='bbox 1543 2247 1792 2292; x_wconf 86' lang='lat' dir='ltr'><strong>excusso</strong></span> <span class='ocrx_word' id='word_1_280' title='bbox 1823 2228 2002 2292; x_wconf 86' lang='lat' dir='ltr'><strong>simul</strong></span> 
     </span>
    </p>
   </div>
   <div class='ocr_carea' id='block_1_39' title="bbox 355 2318 1997 2400">
    <p class='ocr_par' dir='ltr' id='par_1_39' title="bbox 355 2318 1997 2400">
     <span class='ocr_line' id='line_1_39' title="bbox 355 2318 1997 2400; baseline -0.001 -20"><span class='ocrx_word' id='word_1_281' title='bbox 355 2337 589 2394; x_wconf 91' lang='lat' dir='ltr'><strong>somno,</strong></span> <span class='ocrx_word' id='word_1_282' title='bbox 620 2327 702 2399; x_wconf 88' lang='lat' dir='ltr'><strong>et,</strong></span> <span class='ocrx_word' id='word_1_283' title='bbox 724 2323 915 2400; x_wconf 81' lang='lat' dir='ltr'><strong>quam</strong></span> <span class='ocrx_word' id='word_1_284' title='bbox 948 2337 1021 2381; x_wconf 80' lang='lat' dir='ltr'><strong>ex</strong></span> <span class='ocrx_word' id='word_1_285' title='bbox 1051 2329 1344 2382; x_wconf 88' lang='lat' dir='ltr'><strong>nocturna</strong></span> <span class='ocrx_word' id='word_1_286' title='bbox 1395 2318 1623 2381; x_wconf 86' lang='lat' dir='ltr'><strong>visione</strong></span> <span class='ocrx_word' id='word_1_287' title='bbox 1662 2327 1997 2398; x_wconf 87' lang='lat' dir='ltr'><strong>acceperat,</strong></span> 
     </span>
    </p>
   </div>
   <div class='ocr_carea' id='block_1_40' title="bbox 357 2407 2001 2489">
    <p class='ocr_par' dir='ltr' id='par_1_40' title="bbox 357 2407 2001 2489">
     <span class='ocr_line' id='line_1_40' title="bbox 357 2407 2001 2489; baseline -0.001 -19"><span class='ocrx_word' id='word_1_288' title='bbox 357 2407 831 2487; x_wconf 87' lang='lat' dir='ltr'><strong>perturbatione,</strong></span> <span class='ocrx_word' id='word_1_289' title='bbox 866 2425 985 2470; x_wconf 90' lang='lat' dir='ltr'><strong>non</strong></span> <span class='ocrx_word' id='word_1_290' title='bbox 1015 2409 1216 2471; x_wconf 91' lang='lat' dir='ltr'><strong>valens</strong></span> <span class='ocrx_word' id='word_1_291' title='bbox 1248 2408 1551 2489; x_wconf 85' lang='lat' dir='ltr'><strong>conjicere</strong></span> <span class='ocrx_word' id='word_1_292' title='bbox 1592 2426 1662 2470; x_wconf 90' lang='lat' dir='ltr'><strong>ea</strong></span> <span class='ocrx_word' id='word_1_293' title='bbox 1691 2426 1820 2488; x_wconf 70' lang='lat' dir='ltr'><strong>quae</strong></span> <span class='ocrx_word' id='word_1_294' title='bbox 1876 2407 2001 2468; x_wconf 83' lang='lat' dir='ltr'><strong>visa</strong></span> 
     </span>
    </p>
   </div>
   <div class='ocr_carea' id='block_1_41' title="bbox 353 2496 2002 2578">
    <p class='ocr_par' dir='ltr' id='par_1_41' title="bbox 353 2496 2002 2578">
     <span class='ocr_line' id='line_1_41' title="bbox 353 2496 2002 2578; baseline 0 -21"><span class='ocrx_word' id='word_1_295' title='bbox 353 2496 614 2572; x_wconf 79' lang='lat' dir='ltr'><strong>fuerant,</strong></span> <span class='ocrx_word' id='word_1_296' title='bbox 649 2499 982 2578; x_wconf 88' lang='lat' dir='ltr'><strong>suspicatus</strong></span> <span class='ocrx_word' id='word_1_297' title='bbox 1012 2507 1100 2560; x_wconf 90' lang='lat' dir='ltr'><strong>est</strong></span> <span class='ocrx_word' id='word_1_298' title='bbox 1129 2497 1506 2561; x_wconf 91' lang='lat' dir='ltr'><strong>solummodo</strong></span> <span class='ocrx_word' id='word_1_299' title='bbox 1533 2497 1834 2559; x_wconf 90' lang='lat' dir='ltr'><strong>somnium</strong></span> <span class='ocrx_word' id='word_1_300' title='bbox 1869 2513 2002 2558; x_wconf 91' lang='lat' dir='ltr'><strong>esse</strong></span> 
     </span>
    </p>
   </div>
   <div class='ocr_carea' id='block_1_42' title="bbox 352 2585 1999 2667">
    <p class='ocr_par' dir='ltr' id='par_1_42' title="bbox 352 2585 1999 2667">
     <span class='ocr_line' id='line_1_42' title="bbox 352 2585 1999 2667; baseline -0.001 -20"><span class='ocrx_word' id='word_1_301' title='bbox 352 2587 640 2658; x_wconf 84' lang='lat' dir='ltr'><strong>visionem</strong></span> <span class='ocrx_word' id='word_1_302' title='bbox 673 2588 860 2663; x_wconf 89' lang='lat' dir='ltr'><strong>illam,</strong></span> <span class='ocrx_word' id='word_1_303' title='bbox 895 2586 1053 2667; x_wconf 88' lang='lat' dir='ltr'><strong>quod</strong></span> <span class='ocrx_word' id='word_1_304' title='bbox 1083 2586 1171 2648; x_wconf 90' lang='lat' dir='ltr'><strong>illi</strong></span> <span class='ocrx_word' id='word_1_305' title='bbox 1198 2605 1314 2648; x_wconf 89' lang='lat' dir='ltr'><strong>nec</strong></span> <span class='ocrx_word' id='word_1_306' title='bbox 1343 2586 1640 2665; x_wconf 83' lang='lat' dir='ltr'><strong>opinatam</strong></span> <span class='ocrx_word' id='word_1_307' title='bbox 1674 2603 1708 2646; x_wconf 91' lang='lat' dir='ltr'><strong>e</strong></span> <span class='ocrx_word' id='word_1_308' title='bbox 1755 2585 1999 2664; x_wconf 87' lang='lat' dir='ltr'><strong>vestigio</strong></span> 
     </span>
    </p>
   </div>
   <div class='ocr_carea' id='block_1_43' title="bbox 351 2672 1997 2750">
    <p class='ocr_par' dir='ltr' id='par_1_43' title="bbox 351 2672 1997 2750">
     <span class='ocr_line' id='line_1_43' title="bbox 351 2672 1997 2750; baseline -0.004 -10"><span class='ocrx_word' id='word_1_309' title='bbox 351 2695 554 2740; x_wconf 88' lang='lat' dir='ltr'><strong>rerum</strong></span> <span class='ocrx_word' id='word_1_310' title='bbox 590 2675 984 2739; x_wconf 89' lang='lat' dir='ltr'><strong>annuntiabat</strong></span> <span class='ocrx_word' id='word_1_311' title='bbox 1014 2675 1422 2749; x_wconf 87' lang='lat' dir='ltr'><strong>mutationem,</strong></span> <span class='ocrx_word' id='word_1_312' title='bbox 1483 2682 1545 2736; x_wconf 89' lang='lat' dir='ltr'><strong>et</strong></span> <span class='ocrx_word' id='word_1_313' title='bbox 1595 2673 1838 2750; x_wconf 82' lang='lat' dir='ltr'><strong>gloriam</strong></span> <span class='ocrx_word' id='word_1_314' title='bbox 1871 2672 1997 2734; x_wconf 83' lang='lat' dir='ltr'><strong>for-</strong></span> 
     </span>
    </p>
   </div>
   <div class='ocr_carea' id='block_1_44' title="bbox 356 2763 1996 2844">
    <p class='ocr_par' dir='ltr' id='par_1_44' title="bbox 356 2763 1996 2844">
     <span class='ocr_line' id='line_1_44' title="bbox 356 2763 1996 2844; baseline -0.002 -16"><span class='ocrx_word' id='word_1_315' title='bbox 356 2776 514 2828; x_wconf 88' lang='lat' dir='ltr'><strong>tasse</strong></span> <span class='ocrx_word' id='word_1_316' title='bbox 535 2764 1000 2828; x_wconf 89' lang='lat' dir='ltr'><strong>constantiorem</strong></span> <span class='ocrx_word' id='word_1_317' title='bbox 1023 2763 1291 2844; x_wconf 87' lang='lat' dir='ltr'><strong>quidem,</strong></span> <span class='ocrx_word' id='word_1_318' title='bbox 1316 2763 1422 2826; x_wconf 88' lang='lat' dir='ltr'><strong>sed</strong></span> <span class='ocrx_word' id='word_1_319' title='bbox 1452 2769 1650 2825; x_wconf 87' lang='lat' dir='ltr'><strong>tamen</strong></span> <span class='ocrx_word' id='word_1_320' title='bbox 1673 2771 1996 2824; x_wconf 88' lang='lat' dir='ltr'><strong>terrenam.</strong></span> 
     </span>
    </p>
   </div>
   <div class='ocr_carea' id='block_1_45' title="bbox 353 2851 1998 2933">
    <p class='ocr_par' dir='ltr' id='par_1_45' title="bbox 353 2851 1998 2933">
     <span class='ocr_line' id='line_1_45' title="bbox 353 2851 1998 2933; baseline -0.004 -15"><span class='ocrx_word' id='word_1_321' title='bbox 353 2858 498 2918; x_wconf 86' lang='lat' dir='ltr'><strong>Cum</strong></span> <span class='ocrx_word' id='word_1_322' title='bbox 532 2860 730 2916; x_wconf 89' lang='lat' dir='ltr'><strong>autem</strong></span> <span class='ocrx_word' id='word_1_323' title='bbox 765 2852 970 2933; x_wconf 90' lang='lat' dir='ltr'><strong>paucis</strong></span> <span class='ocrx_word' id='word_1_324' title='bbox 992 2859 1126 2933; x_wconf 90' lang='lat' dir='ltr'><strong>post</strong></span> <span class='ocrx_word' id='word_1_325' title='bbox 1149 2851 1362 2914; x_wconf 89' lang='lat' dir='ltr'><strong>diebus</strong></span> <span class='ocrx_word' id='word_1_326' title='bbox 1388 2852 1624 2931; x_wconf 82' lang='lat' dir='ltr'><strong>longam</strong></span> <span class='ocrx_word' id='word_1_327' title='bbox 1657 2851 1820 2913; x_wconf 89' lang='lat' dir='ltr'><strong>illam</strong></span> <span class='ocrx_word' id='word_1_328' title='bbox 1851 2870 1998 2912; x_wconf 90' lang='lat' dir='ltr'><strong>con-</strong></span> 
     </span>
    </p>
   </div>
   <div class='ocr_carea' id='block_1_46' title="bbox 350 2943 1997 3027">
    <p class='ocr_par' dir='ltr' id='par_1_46' title="bbox 350 2943 1997 3027">
     <span class='ocr_line' id='line_1_46' title="bbox 350 2943 1997 3027; baseline -0.004 -17"><span class='ocrx_word' id='word_1_329' title='bbox 350 2948 593 3010; x_wconf 80' lang='lat' dir='ltr'><strong>fecisset</strong></span> <span class='ocrx_word' id='word_1_330' title='bbox 622 2945 1084 3025; x_wconf 84' lang='lat' dir='ltr'><strong>navigationem,</strong></span> <span class='ocrx_word' id='word_1_331' title='bbox 1112 2953 1171 3006; x_wconf 93' lang='lat' dir='ltr'><strong>et</strong></span> <span class='ocrx_word' id='word_1_332' title='bbox 1201 2945 1432 3027; x_wconf 91' lang='lat' dir='ltr'><strong>placido</strong></span> <span class='ocrx_word' id='word_1_333' title='bbox 1462 2946 1648 3007; x_wconf 87' lang='lat' dir='ltr'><strong>ﬂuctu</strong></span> <span class='ocrx_word' id='word_1_334' title='bbox 1678 2943 1738 3006; x_wconf 90' lang='lat' dir='ltr'><strong>in</strong></span> <span class='ocrx_word' id='word_1_335' title='bbox 1765 2953 1997 3024; x_wconf 88' lang='lat' dir='ltr'><strong>portum</strong></span> 
     </span>
    </p>
   </div>
   <div class='ocr_carea' id='block_1_47' title="bbox 351 3032 2001 3116">
    <p class='ocr_par' dir='ltr' id='par_1_47' title="bbox 351 3032 2001 3116">
     <span class='ocr_line' id='line_1_47' title="bbox 351 3032 2001 3116; baseline -0.002 -17"><span class='ocrx_word' id='word_1_336' title='bbox 351 3035 680 3116; x_wconf 87' lang='lat' dir='ltr'><strong>appulisset</strong></span> <span class='ocrx_word' id='word_1_337' title='bbox 707 3034 1109 3115; x_wconf 72' lang='lat' dir='ltr'><strong>Alexandriae,</strong></span> <span class='ocrx_word' id='word_1_338' title='bbox 1141 3033 1454 3096; x_wconf 90' lang='lat' dir='ltr'><strong>descendit</strong></span> <span class='ocrx_word' id='word_1_339' title='bbox 1477 3035 1551 3095; x_wconf 93' lang='lat' dir='ltr'><strong>de</strong></span> <span class='ocrx_word' id='word_1_340' title='bbox 1573 3032 1795 3107; x_wconf 84' lang='lat' dir='ltr'><strong>navi,et</strong></span> <span class='ocrx_word' id='word_1_341' title='bbox 1813 3033 2001 3095; x_wconf 86' lang='lat' dir='ltr'><strong>conti-</strong></span> 
     </span>
    </p>
   </div>
   <div class='ocr_carea' id='block_1_48' title="bbox 352 3122 2056 3220">
    <p class='ocr_par' dir='ltr' id='par_1_48' title="bbox 352 3122 2056 3220">
     <span class='ocr_line' id='line_1_48' title="bbox 352 3122 2056 3220; baseline -0.003 -33"><span class='ocrx_word' id='word_1_342' title='bbox 352 3144 472 3220; x_wconf 78' lang='lat' dir='ltr'><strong>nuo</strong></span> <span class='ocrx_word' id='word_1_343' title='bbox 495 3144 561 3187; x_wconf 91' lang='lat' dir='ltr'><strong>se</strong></span> <span class='ocrx_word' id='word_1_344' title='bbox 582 3132 768 3220; x_wconf 86' lang='lat' dir='ltr'><strong>totum</strong></span> <span class='ocrx_word' id='word_1_345' title='bbox 785 3123 1043 3220; x_wconf 74' lang='lat' dir='ltr'><strong>dedebat</strong></span> <span class='ocrx_word' id='word_1_346' title='bbox 1055 3123 1453 3220; x_wconf 81' lang='lat' dir='ltr'><strong>exsequendis</strong></span> <span class='ocrx_word' id='word_1_347' title='bbox 1471 3122 1850 3220; x_wconf 75' lang='lat' dir='ltr'><strong>imperatoris</strong></span> <span class='ocrx_word' id='word_1_348' title='bbox 1866 3140 1959 3220; x_wconf 81' lang='lat' dir='ltr'><strong>mo</strong></span> <span class='ocrx_word' id='word_1_349' title='bbox 2017 3170 2056 3220; x_wconf 66' lang='grc' dir='ltr'>Ο</span> 
     </span>
    </p>
   </div>
   <div class='ocr_carea' id='block_1_49' title="bbox 352 3209 1995 3295">
    <p class='ocr_par' dir='ltr' id='par_1_49' title="bbox 352 3209 1995 3295">
     <span class='ocr_line' id='line_1_49' title="bbox 352 3209 1995 3295; baseline -0.003 -19"><span class='ocrx_word' id='word_1_350' title='bbox 352 3215 490 3277; x_wconf 91' lang='lat' dir='ltr'><strong>nitis</strong></span> <span class='ocrx_word' id='word_1_351' title='bbox 519 3223 692 3295; x_wconf 91' lang='lat' dir='ltr'><strong>atque</strong></span> <span class='ocrx_word' id='word_1_352' title='bbox 735 3216 940 3292; x_wconf 88' lang='lat' dir='ltr'><strong>jussis.</strong></span> <span class='ocrx_word' id='word_1_353' title='bbox 992 3214 1141 3275; x_wconf 84' lang='lat' dir='ltr'><strong>Nam</strong></span> <span class='ocrx_word' id='word_1_354' title='bbox 1193 3231 1326 3274; x_wconf 92' lang='lat' dir='ltr'><strong>cum</strong></span> <span class='ocrx_word' id='word_1_355' title='bbox 1379 3213 1706 3292; x_wconf 88' lang='lat' dir='ltr'><strong>imperator</strong></span> <span class='ocrx_word' id='word_1_356' title='bbox 1754 3209 1995 3292; x_wconf 91' lang='lat' dir='ltr'><strong>quidem</strong></span> 
     </span>
    </p>
   </div>
   <div class='ocr_carea' id='block_1_50' title="bbox 355 3299 1996 3384">
    <p class='ocr_par' dir='ltr' id='par_1_50' title="bbox 355 3299 1996 3384">
     <span class='ocr_line' id='line_1_50' title="bbox 355 3299 1996 3384; baseline -0.001 -20"><span class='ocrx_word' id='word_1_357' title='bbox 355 3303 540 3364; x_wconf 90' lang='lat' dir='ltr'><strong>multa</strong></span> <span class='ocrx_word' id='word_1_358' title='bbox 569 3302 847 3384; x_wconf 65' lang='lat' dir='ltr'><strong>praefecto</strong></span> <span class='ocrx_word' id='word_1_359' title='bbox 900 3300 1241 3364; x_wconf 87' lang='lat' dir='ltr'><strong>mandasset</strong></span> <span class='ocrx_word' id='word_1_360' title='bbox 1285 3301 1576 3362; x_wconf 88' lang='lat' dir='ltr'><strong>adversus</strong></span> <span class='ocrx_word' id='word_1_361' title='bbox 1606 3300 1839 3362; x_wconf 85' lang='lat' dir='ltr'><strong>beatum</strong></span> <span class='ocrx_word' id='word_1_362' title='bbox 1874 3299 1996 3362; x_wconf 82' lang='lat' dir='ltr'><strong>Me-</strong></span> 
     </span>
    </p>
   </div>
   <div class='ocr_carea' id='block_1_51' title="bbox 351 3387 1998 3470">
    <p class='ocr_par' dir='ltr' id='par_1_51' title="bbox 351 3387 1998 3470">
     <span class='ocr_line' id='line_1_51' title="bbox 351 3387 1998 3470; baseline -0.002 -16"><span class='ocrx_word' id='word_1_363' title='bbox 351 3411 512 3468; x_wconf 86' lang='lat' dir='ltr'><strong>nam,</strong></span> <span class='ocrx_word' id='word_1_364' title='bbox 550 3392 605 3454; x_wconf 92' lang='lat' dir='ltr'><strong>ei</strong></span> <span class='ocrx_word' id='word_1_365' title='bbox 636 3409 772 3453; x_wconf 89' lang='lat' dir='ltr'><strong>vero</strong></span> <span class='ocrx_word' id='word_1_366' title='bbox 802 3391 1080 3453; x_wconf 88' lang='lat' dir='ltr'><strong>universa</strong></span> <span class='ocrx_word' id='word_1_367' title='bbox 1110 3389 1317 3452; x_wconf 86' lang='lat' dir='ltr'><strong>civitas</strong></span> <span class='ocrx_word' id='word_1_368' title='bbox 1347 3387 1576 3452; x_wconf 89' lang='lat' dir='ltr'><strong>obviam</strong></span> <span class='ocrx_word' id='word_1_369' title='bbox 1609 3388 1998 3470; x_wconf 86' lang='lat' dir='ltr'><strong>processisset</strong></span> 
     </span>
    </p>
   </div>
   <div class='ocr_carea' id='block_1_52' title="bbox 349 3477 1994 3562">
    <p class='ocr_par' dir='ltr' id='par_1_52' title="bbox 349 3477 1994 3562">
     <span class='ocr_line' id='line_1_52' title="bbox 349 3477 1994 3562; baseline -0.003 -19"><span class='ocrx_word' id='word_1_370' title='bbox 349 3482 414 3543; x_wconf 93' lang='lat' dir='ltr'><strong>in</strong></span> <span class='ocrx_word' id='word_1_371' title='bbox 444 3481 662 3558; x_wconf 90' lang='lat' dir='ltr'><strong>littore,</strong></span> <span class='ocrx_word' id='word_1_372' title='bbox 699 3490 975 3562; x_wconf 80' lang='lat' dir='ltr'><strong>tympana</strong></span> <span class='ocrx_word' id='word_1_373' title='bbox 1029 3487 1226 3542; x_wconf 92' lang='lat' dir='ltr'><strong>autem</strong></span> <span class='ocrx_word' id='word_1_374' title='bbox 1276 3487 1335 3541; x_wconf 93' lang='lat' dir='ltr'><strong>et</strong></span> <span class='ocrx_word' id='word_1_375' title='bbox 1389 3477 1596 3541; x_wconf 89' lang='lat' dir='ltr'><strong>laudes</strong></span> <span class='ocrx_word' id='word_1_376' title='bbox 1643 3485 1702 3540; x_wconf 92' lang='lat' dir='ltr'><strong>et</strong></span> <span class='ocrx_word' id='word_1_377' title='bbox 1735 3478 1891 3540; x_wconf 75' lang='lat' dir='ltr'><strong>tubae</strong></span> <span class='ocrx_word' id='word_1_378' title='bbox 1932 3477 1994 3539; x_wconf 92' lang='lat' dir='ltr'><strong>in</strong></span> 
     </span>
    </p>
   </div>
   <div class='ocr_carea' id='block_1_53' title="bbox 352 3567 1994 3633">
    <p class='ocr_par' dir='ltr' id='par_1_53' title="bbox 352 3567 1994 3633">
     <span class='ocr_line' id='line_1_53' title="bbox 352 3567 1994 3633; baseline -0.003 0"><span class='ocrx_word' id='word_1_379' title='bbox 352 3588 606 3633; x_wconf 89' lang='lat' dir='ltr'><strong>occursu</strong></span> <span class='ocrx_word' id='word_1_380' title='bbox 631 3570 1188 3632; x_wconf 87' lang='lat' dir='ltr'><strong>circumsonarent:</strong></span> <span class='ocrx_word' id='word_1_381' title='bbox 1225 3576 1285 3630; x_wconf 90' lang='lat' dir='ltr'><strong>et</strong></span> <span class='ocrx_word' id='word_1_382' title='bbox 1315 3585 1431 3630; x_wconf 88' lang='lat' dir='ltr'><strong>una</strong></span> <span class='ocrx_word' id='word_1_383' title='bbox 1451 3585 1558 3628; x_wconf 83' lang='lat' dir='ltr'><strong>vox</strong></span> <span class='ocrx_word' id='word_1_384' title='bbox 1584 3567 1994 3629; x_wconf 87' lang='lat' dir='ltr'><strong>essetlaudan-</strong></span> 
     </span>
    </p>
   </div>
   <div class='ocr_carea' id='block_1_54' title="bbox 349 3655 1997 3738">
    <p class='ocr_par' dir='ltr' id='par_1_54' title="bbox 349 3655 1997 3738">
     <span class='ocr_line' id='line_1_54' title="bbox 349 3655 1997 3738; baseline -0.002 -16"><span class='ocrx_word' id='word_1_385' title='bbox 349 3660 520 3734; x_wconf 90' lang='lat' dir='ltr'><strong>tium,</strong></span> <span class='ocrx_word' id='word_1_386' title='bbox 555 3678 688 3720; x_wconf 90' lang='lat' dir='ltr'><strong>eum</strong></span> <span class='ocrx_word' id='word_1_387' title='bbox 711 3659 1024 3732; x_wconf 85' lang='lat' dir='ltr'><strong>extollens,</strong></span> <span class='ocrx_word' id='word_1_388' title='bbox 1047 3657 1148 3738; x_wconf 90' lang='lat' dir='ltr'><strong>qui</strong></span> <span class='ocrx_word' id='word_1_389' title='bbox 1182 3657 1402 3718; x_wconf 75' lang='lat' dir='ltr'><strong>missus</strong></span> <span class='ocrx_word' id='word_1_390' title='bbox 1420 3657 1612 3718; x_wconf 80' lang='lat' dir='ltr'><strong>fuerat</strong></span> <span class='ocrx_word' id='word_1_391' title='bbox 1635 3655 1709 3718; x_wconf 82' lang='lat' dir='ltr'><strong>ab</strong></span> <span class='ocrx_word' id='word_1_392' title='bbox 1738 3657 1997 3736; x_wconf 31' lang='lat' dir='ltr'><strong>imperas</strong></span> 
     </span>
    </p>
   </div>
   <div class='ocr_carea' id='block_1_55' title="bbox 358 3745 1994 3829">
    <p class='ocr_par' dir='ltr' id='par_1_55' title="bbox 358 3745 1994 3829">
     <span class='ocr_line' id='line_1_55' title="bbox 358 3745 1994 3829; baseline -0.001 -20"><span class='ocrx_word' id='word_1_393' title='bbox 358 3759 509 3829; x_wconf 89' lang='lat' dir='ltr'><strong>tore,</strong></span> <span class='ocrx_word' id='word_1_394' title='bbox 542 3766 680 3810; x_wconf 91' lang='lat' dir='ltr'><strong>cum</strong></span> <span class='ocrx_word' id='word_1_395' title='bbox 712 3749 843 3828; x_wconf 90' lang='lat' dir='ltr'><strong>ipse</strong></span> <span class='ocrx_word' id='word_1_396' title='bbox 866 3747 1179 3828; x_wconf 61' lang='lat' dir='ltr'><strong>praefectus</strong></span> <span class='ocrx_word' id='word_1_397' title='bbox 1203 3764 1344 3809; x_wconf 90' lang='lat' dir='ltr'><strong>suos</strong></span> <span class='ocrx_word' id='word_1_398' title='bbox 1365 3753 1642 3827; x_wconf 88' lang='lat' dir='ltr'><strong>tanquam</strong></span> <span class='ocrx_word' id='word_1_399' title='bbox 1665 3745 1723 3806; x_wconf 91' lang='lat' dir='ltr'><strong>in</strong></span> <span class='ocrx_word' id='word_1_400' title='bbox 1757 3745 1994 3824; x_wconf 86' lang='lat' dir='ltr'><strong>phalan-</strong></span> 
     </span>
    </p>
   </div>
   <div class='ocr_carea' id='block_1_56' title="bbox 348 3833 1992 3918">
    <p class='ocr_par' dir='ltr' id='par_1_56' title="bbox 348 3833 1992 3918">
     <span class='ocr_line' id='line_1_56' title="bbox 348 3833 1992 3918; baseline -0.002 -19"><span class='ocrx_word' id='word_1_401' title='bbox 348 3838 437 3918; x_wconf 92' lang='lat' dir='ltr'><strong>gis</strong></span> <span class='ocrx_word' id='word_1_402' title='bbox 465 3837 738 3900; x_wconf 88' lang='lat' dir='ltr'><strong>ordinem</strong></span> <span class='ocrx_word' id='word_1_403' title='bbox 770 3836 1086 3899; x_wconf 81' lang='lat' dir='ltr'><strong>direxisset</strong></span> <span class='ocrx_word' id='word_1_404' title='bbox 1114 3835 1426 3910; x_wconf 88' lang='lat' dir='ltr'><strong>satellites,</strong></span> <span class='ocrx_word' id='word_1_405' title='bbox 1461 3841 1520 3897; x_wconf 93' lang='lat' dir='ltr'><strong>et</strong></span> <span class='ocrx_word' id='word_1_406' title='bbox 1540 3833 1816 3913; x_wconf 90' lang='lat' dir='ltr'><strong>jussisset</strong></span> <span class='ocrx_word' id='word_1_407' title='bbox 1837 3853 1992 3914; x_wconf 74' lang='lat' dir='ltr'><strong>prae-</strong></span> 
     </span>
    </p>
   </div>
   <div class='ocr_carea' id='block_1_57' title="bbox 346 3924 1993 4005">
    <p class='ocr_par' dir='ltr' id='par_1_57' title="bbox 346 3924 1993 4005">
     <span class='ocr_line' id='line_1_57' title="bbox 346 3924 1993 4005; baseline -0.002 -17"><span class='ocrx_word' id='word_1_408' title='bbox 346 3927 564 3988; x_wconf 91' lang='lat' dir='ltr'><strong>cedere</strong></span> <span class='ocrx_word' id='word_1_409' title='bbox 595 3927 834 3988; x_wconf 91' lang='lat' dir='ltr'><strong>lictores</strong></span> <span class='ocrx_word' id='word_1_410' title='bbox 864 3933 922 3986; x_wconf 90' lang='lat' dir='ltr'><strong>et</strong></span> <span class='ocrx_word' id='word_1_411' title='bbox 949 3924 1318 4005; x_wconf 85' lang='lat' dir='ltr'><strong>apparitores</strong></span> <span class='ocrx_word' id='word_1_412' title='bbox 1350 3941 1364 3986; x_wconf 90' lang='lat'><strong>:</strong></span> <span class='ocrx_word' id='word_1_413' title='bbox 1401 3941 1532 3986; x_wconf 91' lang='lat' dir='ltr'><strong>cum</strong></span> <span class='ocrx_word' id='word_1_414' title='bbox 1561 3929 1722 3984; x_wconf 88' lang='lat' dir='ltr'><strong>tanto</strong></span> <span class='ocrx_word' id='word_1_415' title='bbox 1753 3931 1993 4003; x_wconf 88' lang='lat' dir='ltr'><strong>stupore</strong></span> 
     </span>
    </p>
   </div>
   <div class='ocr_carea' id='block_1_58' title="bbox 349 4011 1990 4084">
    <p class='ocr_par' dir='ltr' id='par_1_58' title="bbox 349 4011 1990 4084">
     <span class='ocr_line' id='line_1_58' title="bbox 349 4011 1990 4084; baseline -0.004 -6"><span class='ocrx_word' id='word_1_416' title='bbox 349 4023 409 4078; x_wconf 90' lang='lat' dir='ltr'><strong>et</strong></span> <span class='ocrx_word' id='word_1_417' title='bbox 429 4014 823 4077; x_wconf 88' lang='lat' dir='ltr'><strong>admiratione</strong></span> <span class='ocrx_word' id='word_1_418' title='bbox 846 4016 1111 4075; x_wconf 91' lang='lat' dir='ltr'><strong>omnium</strong></span> <span class='ocrx_word' id='word_1_419' title='bbox 1143 4013 1416 4076; x_wconf 86' lang='lat' dir='ltr'><strong>ascendit</strong></span> <span class='ocrx_word' id='word_1_420' title='bbox 1438 4013 1497 4073; x_wconf 94' lang='lat' dir='ltr'><strong>in</strong></span> <span class='ocrx_word' id='word_1_421' title='bbox 1529 4011 1990 4084; x_wconf 89' lang='lat' dir='ltr'><strong>civitatem,cum</strong></span> 
     </span>
    </p>
   </div>
   <div class='ocr_carea' id='block_1_59' title="bbox 351 4099 1991 4184">
    <p class='ocr_par' dir='ltr' id='par_1_59' title="bbox 351 4099 1991 4184">
     <span class='ocr_line' id='line_1_59' title="bbox 351 4099 1991 4184; baseline -0.001 -20"><span class='ocrx_word' id='word_1_422' title='bbox 351 4112 574 4184; x_wconf 89' lang='lat' dir='ltr'><strong>quanta</strong></span> <span class='ocrx_word' id='word_1_423' title='bbox 629 4103 701 4163; x_wconf 93' lang='lat' dir='ltr'><strong>iis</strong></span> <span class='ocrx_word' id='word_1_424' title='bbox 751 4102 852 4182; x_wconf 89' lang='lat' dir='ltr'><strong>qui</strong></span> <span class='ocrx_word' id='word_1_425' title='bbox 882 4109 1024 4164; x_wconf 89' lang='lat' dir='ltr'><strong>tunc</strong></span> <span class='ocrx_word' id='word_1_426' title='bbox 1079 4115 1271 4178; x_wconf 86' lang='lat' dir='ltr'><strong>erant,</strong></span> <span class='ocrx_word' id='word_1_427' title='bbox 1332 4107 1620 4182; x_wconf 89' lang='lat' dir='ltr'><strong>potuisset</strong></span> <span class='ocrx_word' id='word_1_428' title='bbox 1677 4099 1864 4161; x_wconf 90' lang='lat' dir='ltr'><strong>videri</strong></span> <span class='ocrx_word' id='word_1_429' title='bbox 1894 4103 1991 4163; x_wconf 86' lang='lat' dir='ltr'><strong>vel</strong></span> 
     </span>
    </p>
   </div>
   <div class='ocr_carea' id='block_1_60' title="bbox 346 4188 1983 4272">
    <p class='ocr_par' dir='ltr' id='par_1_60' title="bbox 346 4188 1983 4272">
     <span class='ocr_line' id='line_1_60' title="bbox 346 4188 1983 4272; baseline -0.001 -19"><span class='ocrx_word' id='word_1_430' title='bbox 346 4193 534 4272; x_wconf 88' lang='lat' dir='ltr'><strong>ipsam</strong></span> <span class='ocrx_word' id='word_1_431' title='bbox 557 4197 774 4253; x_wconf 89' lang='lat' dir='ltr'><strong>terram</strong></span> <span class='ocrx_word' id='word_1_432' title='bbox 798 4208 1059 4272; x_wconf 90' lang='lat' dir='ltr'><strong>movere,</strong></span> <span class='ocrx_word' id='word_1_433' title='bbox 1085 4200 1145 4253; x_wconf 91' lang='lat' dir='ltr'><strong>et</strong></span> <span class='ocrx_word' id='word_1_434' title='bbox 1171 4191 1544 4270; x_wconf 79' lang='lat' dir='ltr'><strong>negotiorum</strong></span> <span class='ocrx_word' id='word_1_435' title='bbox 1577 4188 1983 4265; x_wconf 87' lang='lat' dir='ltr'><strong>meditatione,</strong></span> 
     </span>
    </p>
   </div>
   <div class='ocr_carea' id='block_1_61' title="bbox 2086 1872 3731 1958">
    <p class='ocr_par' dir='ltr' id='par_1_61' title="bbox 2086 1872 3731 1958">
     <span class='ocr_line' id='line_1_61' title="bbox 2086 1872 3731 1958; baseline 0.002 -28"><span class='ocrx_word' id='word_1_436' title='bbox 2086 1872 2210 1931; x_wconf 80' lang='grc' dir='ltr'>ὅσον</span> <span class='ocrx_word' id='word_1_437' title='bbox 2265 1874 2413 1932; x_wconf 79' lang='grc' dir='ltr'>οὕπω</span> <span class='ocrx_word' id='word_1_438' title='bbox 2468 1872 2690 1950; x_wconf 82' lang='grc' dir='ltr'>βασιλέα</span> <span class='ocrx_word' id='word_1_439' title='bbox 2741 1873 2991 1943; x_wconf 81' lang='grc' dir='ltr'>ἀληθινὸν</span> <span class='ocrx_word' id='word_1_440' title='bbox 3039 1877 3125 1933; x_wconf 83' lang='grc' dir='ltr'><strong>καὶ</strong></span> <span class='ocrx_word' id='word_1_441' title='bbox 3184 1874 3356 1933; x_wconf 78' lang='grc' dir='ltr'>ἀίδιον</span> <span class='ocrx_word' id='word_1_442' title='bbox 3383 1895 3400 1914; x_wconf 89' lang='grc'><strong>·</strong></span> <span class='ocrx_word' id='word_1_443' title='bbox 3461 1881 3731 1958; x_wconf 75' lang='grc' dir='ltr'>εὖμοιρή-</span> 
     </span>
    </p>
   </div>
   <div class='ocr_carea' id='block_1_62' title="bbox 2085 1961 3734 2048">
    <p class='ocr_par' dir='ltr' id='par_1_62' title="bbox 2085 1961 3734 2048">
     <span class='ocr_line' id='line_1_62' title="bbox 2085 1961 3734 2048; baseline 0.004 -29"><span class='ocrx_word' id='word_1_444' title='bbox 2085 1984 2192 2024; x_wconf 91' lang='grc' dir='ltr'>σεις</span> <span class='ocrx_word' id='word_1_445' title='bbox 2224 1961 2279 2020; x_wconf 78' lang='grc' dir='ltr'>δὲ</span> <span class='ocrx_word' id='word_1_446' title='bbox 2336 1964 2424 2020; x_wconf 79' lang='grc' dir='ltr'><strong>καί</strong></span> <span class='ocrx_word' id='word_1_447' title='bbox 2481 1962 2608 2042; x_wconf 79' lang='grc' dir='ltr'>παρ’</span> <span class='ocrx_word' id='word_1_448' title='bbox 2664 1965 2819 2037; x_wconf 80' lang='grc' dir='ltr'>ἡμῶν</span> <span class='ocrx_word' id='word_1_449' title='bbox 2876 1964 3049 2020; x_wconf 73' lang='grc' dir='ltr'>αὐτῶν</span> <span class='ocrx_word' id='word_1_450' title='bbox 3108 1963 3292 2029; x_wconf 82' lang='grc' dir='ltr'>ἀνδρὸς</span> <span class='ocrx_word' id='word_1_451' title='bbox 3347 1968 3608 2048; x_wconf 85' lang='grc' dir='ltr'>τοιούτου,</span> <span class='ocrx_word' id='word_1_452' title='bbox 3661 1967 3734 2024; x_wconf 81' lang='grc' dir='ltr'>δι’</span> 
     </span>
    </p>
   </div>
   <div class='ocr_carea' id='block_1_63' title="bbox 2084 2050 3734 2131">
    <p class='ocr_par' dir='ltr' id='par_1_63' title="bbox 2084 2050 3734 2131">
     <span class='ocr_line' id='line_1_63' title="bbox 2084 2050 3734 2131; baseline 0.004 -23"><span class='ocrx_word' id='word_1_453' title='bbox 2084 2055 2144 2108; x_wconf 77' lang='grc' dir='ltr'><strong>οὗ</strong></span> <span class='ocrx_word' id='word_1_454' title='bbox 2172 2050 2235 2108; x_wconf 72' lang='grc' dir='ltr'><strong>ἂν</strong></span> <span class='ocrx_word' id='word_1_455' title='bbox 2265 2051 2414 2131; x_wconf 84' lang='grc' dir='ltr'>φίλος</span> <span class='ocrx_word' id='word_1_456' title='bbox 2465 2074 2520 2109; x_wconf 88' lang='grc' dir='ltr'><strong>τε</strong></span> <span class='ocrx_word' id='word_1_457' title='bbox 2577 2053 2744 2131; x_wconf 82' lang='grc' dir='ltr'>ῥᾷστα</span> <span class='ocrx_word' id='word_1_458' title='bbox 2799 2053 2929 2130; x_wconf 80' lang='grc' dir='ltr'>γένῃ</span> <span class='ocrx_word' id='word_1_459' title='bbox 2986 2061 3063 2128; x_wconf 82' lang='grc' dir='ltr'><strong>τῷ</strong></span> <span class='ocrx_word' id='word_1_460' title='bbox 3116 2054 3334 2131; x_wconf 80' lang='grc' dir='ltr'>βασιλεῖ</span> <span class='ocrx_word' id='word_1_461' title='bbox 3389 2058 3582 2131; x_wconf 85' lang='grc' dir='ltr'>τούτῳ,</span> <span class='ocrx_word' id='word_1_462' title='bbox 3641 2061 3734 2115; x_wconf 89' lang='grc' dir='ltr'>καὶ</span> 
     </span>
    </p>
   </div>
   <div class='ocr_carea' id='block_1_64' title="bbox 2083 2141 3734 2223">
    <p class='ocr_par' dir='ltr' id='par_1_64' title="bbox 2083 2141 3734 2223">
     <span class='ocr_line' id='line_1_64' title="bbox 2083 2141 3734 2223; baseline 0.002 -25"><span class='ocrx_word' id='word_1_463' title='bbox 2083 2146 2361 2220; x_wconf 81' lang='grc' dir='ltr'>προκοπῆς</span> <span class='ocrx_word' id='word_1_464' title='bbox 2439 2141 2722 2221; x_wconf 79' lang='grc' dir='ltr'>μετάσχῃς</span> <span class='ocrx_word' id='word_1_465' title='bbox 2755 2189 2771 2221; x_wconf 93' lang='grc'><strong>,</strong></span> <span class='ocrx_word' id='word_1_466' title='bbox 2857 2142 2923 2210; x_wconf 74' lang='grc' dir='ltr'>ἢν</span> <span class='ocrx_word' id='word_1_467' title='bbox 3007 2145 3034 2200; x_wconf 98' lang='lat'><strong>6</strong></span> <span class='ocrx_word' id='word_1_468' title='bbox 3117 2145 3349 2223; x_wconf 73' lang='grc' dir='ltr'>σήμερον</span> <span class='ocrx_word' id='word_1_469' title='bbox 3436 2146 3734 2221; x_wconf 65' lang='grc' dir='ltr'>βασιλείων</span> 
     </span>
    </p>
   </div>
   <div class='ocr_carea' id='block_1_65' title="bbox 2084 2229 3733 2315">
    <p class='ocr_par' dir='ltr' id='par_1_65' title="bbox 2084 2229 3733 2315">
     <span class='ocr_line' id='line_1_65' title="bbox 2084 2229 3733 2315; baseline 0.005 -29"><span class='ocrx_word' id='word_1_470' title='bbox 2084 2229 2284 2303; x_wconf 73' lang='grc' dir='ltr'>δοῦναι,</span> <span class='ocrx_word' id='word_1_471' title='bbox 2319 2252 2401 2286; x_wconf 91' lang='grc' dir='ltr'><strong>σοι</strong></span> <span class='ocrx_word' id='word_1_472' title='bbox 2465 2229 2730 2308; x_wconf 80' lang='grc' dir='ltr'>διαπορεῖ.</span> <span class='ocrx_word' id='word_1_473' title='bbox 2787 2229 2936 2289; x_wconf 77' lang='grc' dir='ltr'>Ἐπεὶ</span> <span class='ocrx_word' id='word_1_474' title='bbox 2992 2229 3047 2288; x_wconf 79' lang='grc' dir='ltr'>δὲ</span> <span class='ocrx_word' id='word_1_475' title='bbox 3096 2235 3182 2289; x_wconf 83' lang='grc' dir='ltr'><strong>καὶ</strong></span> <span class='ocrx_word' id='word_1_476' title='bbox 3232 2235 3267 2300; x_wconf 73' lang='grc' dir='ltr'><strong>ἡ</strong></span> <span class='ocrx_word' id='word_1_477' title='bbox 3318 2233 3403 2300; x_wconf 80' lang='grc' dir='ltr'><strong>νὺξ</strong></span> <span class='ocrx_word' id='word_1_478' title='bbox 3455 2234 3557 2303; x_wconf 71' lang='grc' dir='ltr'>ἤδη</span> <span class='ocrx_word' id='word_1_479' title='bbox 3611 2240 3733 2315; x_wconf 85' lang='grc' dir='ltr'>περὶ</span> 
     </span>
    </p>
   </div>
   <div class='ocr_carea' id='block_1_66' title="bbox 2084 2318 3732 2399">
    <p class='ocr_par' dir='ltr' id='par_1_66' title="bbox 2084 2318 3732 2399">
     <span class='ocr_line' id='line_1_66' title="bbox 2084 2318 3732 2399; baseline 0.005 -24"><span class='ocrx_word' id='word_1_480' title='bbox 2084 2320 2176 2399; x_wconf 78' lang='grc' dir='ltr'><strong>τὰς</strong></span> <span class='ocrx_word' id='word_1_481' title='bbox 2234 2319 2467 2399; x_wconf 75' lang='grc' dir='ltr'>ἐσχάτας</span> <span class='ocrx_word' id='word_1_482' title='bbox 2523 2319 2589 2387; x_wconf 75' lang='grc' dir='ltr'>ἦν</span> <span class='ocrx_word' id='word_1_483' title='bbox 2645 2326 2753 2377; x_wconf 84' lang='grc' dir='ltr'>τῶν</span> <span class='ocrx_word' id='word_1_484' title='bbox 2805 2318 3174 2397; x_wconf 81' lang='grc' dir='ltr'>ἀλεκτρυόνων</span> <span class='ocrx_word' id='word_1_485' title='bbox 3243 2321 3406 2398; x_wconf 80' lang='grc' dir='ltr'>ᾠδὰς,</span> <span class='ocrx_word' id='word_1_486' title='bbox 3481 2325 3627 2390; x_wconf 57' lang='grc' dir='ltr'>εὐθῦς</span> <span class='ocrx_word' id='word_1_487' title='bbox 3701 2329 3732 2382; x_wconf 91' lang='lat'><strong>6</strong></span> 
     </span>
    </p>
   </div>
   <div class='ocr_carea' id='block_1_67' title="bbox 2091 2398 3732 2487">
    <p class='ocr_par' dir='ltr' id='par_1_67' title="bbox 2091 2398 3732 2487">
     <span class='ocr_line' id='line_1_67' title="bbox 2091 2398 3732 2487; baseline 0.004 -21"><span class='ocrx_word' id='word_1_488' title='bbox 2091 2398 2410 2487; x_wconf 71' lang='grc' dir='ltr'>Ἑρμογένης</span> <span class='ocrx_word' id='word_1_489' title='bbox 2469 2407 2916 2483; x_wconf 83' lang='grc' dir='ltr'>ἀποτιναξάμενος</span> <span class='ocrx_word' id='word_1_490' title='bbox 2972 2411 3086 2484; x_wconf 77' lang='grc' dir='ltr'>ἅμα</span> <span class='ocrx_word' id='word_1_491' title='bbox 3147 2413 3237 2468; x_wconf 79' lang='grc' dir='ltr'>τὸν</span> <span class='ocrx_word' id='word_1_492' title='bbox 3308 2435 3365 2469; x_wconf 88' lang='grc' dir='ltr'><strong>τε</strong></span> <span class='ocrx_word' id='word_1_493' title='bbox 3422 2412 3587 2471; x_wconf 81' lang='grc' dir='ltr'>ὕπνον</span> <span class='ocrx_word' id='word_1_494' title='bbox 3642 2417 3732 2473; x_wconf 84' lang='grc' dir='ltr'><strong>καὶ</strong></span> 
     </span>
    </p>
   </div>
   <div class='ocr_carea' id='block_1_68' title="bbox 2082 2497 3730 2579">
    <p class='ocr_par' dir='ltr' id='par_1_68' title="bbox 2082 2497 3730 2579">
     <span class='ocr_line' id='line_1_68' title="bbox 2082 2497 3730 2579; baseline 0.005 -25"><span class='ocrx_word' id='word_1_495' title='bbox 2082 2498 2174 2554; x_wconf 81' lang='grc' dir='ltr'>τὸν</span> <span class='ocrx_word' id='word_1_496' title='bbox 2227 2501 2287 2554; x_wconf 71' lang='grc' dir='ltr'>ὲκ</span> <span class='ocrx_word' id='word_1_497' title='bbox 2342 2497 2437 2565; x_wconf 81' lang='grc' dir='ltr'><strong>τῆς</strong></span> <span class='ocrx_word' id='word_1_498' title='bbox 2507 2500 2812 2565; x_wconf 81' lang='grc' dir='ltr'>νυκτερινῆς</span> <span class='ocrx_word' id='word_1_499' title='bbox 2870 2497 3048 2574; x_wconf 80' lang='grc' dir='ltr'>ὅψεως</span> <span class='ocrx_word' id='word_1_500' title='bbox 3119 2499 3360 2579; x_wconf 79' lang='grc' dir='ltr'>θόρυϐον,</span> <span class='ocrx_word' id='word_1_501' title='bbox 3433 2501 3730 2578; x_wconf 72' lang='grc' dir='ltr'>συμϐαλεῖν</span> 
     </span>
    </p>
   </div>
   <div class='ocr_carea' id='block_1_69' title="bbox 2084 2585 3730 2666">
    <p class='ocr_par' dir='ltr' id='par_1_69' title="bbox 2084 2585 3730 2666">
     <span class='ocr_line' id='line_1_69' title="bbox 2084 2585 3730 2666; baseline 0.002 -23"><span class='ocrx_word' id='word_1_502' title='bbox 2084 2586 2178 2643; x_wconf 75' lang='grc' dir='ltr'><strong>οὒκ</strong></span> <span class='ocrx_word' id='word_1_503' title='bbox 2234 2585 2380 2665; x_wconf 73' lang='grc' dir='ltr'>ἔχων</span> <span class='ocrx_word' id='word_1_504' title='bbox 2438 2586 2505 2643; x_wconf 85' lang='grc' dir='ltr'>τὰ</span> <span class='ocrx_word' id='word_1_505' title='bbox 2567 2585 2841 2664; x_wconf 76' lang='grc' dir='ltr'>ὁραθέντα,</span> <span class='ocrx_word' id='word_1_506' title='bbox 2914 2586 3113 2666; x_wconf 76' lang='grc' dir='ltr'>ὄνειρον</span> <span class='ocrx_word' id='word_1_507' title='bbox 3183 2588 3368 2656; x_wconf 84' lang='grc' dir='ltr'>ἀπλῶς</span> <span class='ocrx_word' id='word_1_508' title='bbox 3428 2593 3572 2649; x_wconf 79' lang='grc' dir='ltr'>εἶναι</span> <span class='ocrx_word' id='word_1_509' title='bbox 3629 2595 3730 2661; x_wconf 70' lang='grc' dir='ltr'><strong>τὴν</strong></span> 
     </span>
    </p>
   </div>
   <div class='ocr_carea' id='block_1_70' title="bbox 2084 2675 3727 2756">
    <p class='ocr_par' dir='ltr' id='par_1_70' title="bbox 2084 2675 3727 2756">
     <span class='ocr_line' id='line_1_70' title="bbox 2084 2675 3727 2756; baseline 0.006 -26"><span class='ocrx_word' id='word_1_510' title='bbox 2084 2676 2338 2732; x_wconf 81' lang='grc' dir='ltr'>ὀπτασίαν</span> <span class='ocrx_word' id='word_1_511' title='bbox 2411 2675 2748 2755; x_wconf 81' lang='grc' dir='ltr'>ὑπώπτευκε,</span> <span class='ocrx_word' id='word_1_512' title='bbox 2834 2676 3140 2756; x_wconf 85' lang='grc' dir='ltr'>παράλογον</span> <span class='ocrx_word' id='word_1_513' title='bbox 3210 2679 3351 2755; x_wconf 69' lang='grc' dir='ltr'>αὐτῷ</span> <span class='ocrx_word' id='word_1_514' title='bbox 3423 2680 3727 2756; x_wconf 76' lang='grc' dir='ltr'>μεταϐολὴν</span> 
     </span>
    </p>
   </div>
   <div class='ocr_carea' id='block_1_71' title="bbox 2081 2763 3727 2844">
    <p class='ocr_par' dir='ltr' id='par_1_71' title="bbox 2081 2763 3727 2844">
     <span class='ocr_line' id='line_1_71' title="bbox 2081 2763 3727 2844; baseline 0.005 -24"><span class='ocrx_word' id='word_1_515' title='bbox 2081 2763 2408 2841; x_wconf 81' lang='grc' dir='ltr'>πραγμάτων</span> <span class='ocrx_word' id='word_1_516' title='bbox 2477 2763 2782 2829; x_wconf 85' lang='grc' dir='ltr'>καταπόδας</span> <span class='ocrx_word' id='word_1_517' title='bbox 2854 2765 3348 2844; x_wconf 74' lang='grc' dir='ltr'>ἐπαγγελλόμενον,</span> <span class='ocrx_word' id='word_1_518' title='bbox 3420 2772 3506 2828; x_wconf 83' lang='grc' dir='ltr'><strong>καὶ</strong></span> <span class='ocrx_word' id='word_1_519' title='bbox 3575 2770 3727 2838; x_wconf 82' lang='grc' dir='ltr'>δόξάν</span> 
     </span>
    </p>
   </div>
   <div class='ocr_carea' id='block_1_72' title="bbox 2083 2852 3720 2938">
    <p class='ocr_par' dir='ltr' id='par_1_72' title="bbox 2083 2852 3720 2938">
     <span class='ocr_line' id='line_1_72' title="bbox 2083 2852 3720 2938; baseline 0.004 -29"><span class='ocrx_word' id='word_1_520' title='bbox 2083 2853 2218 2912; x_wconf 76' lang='grc' dir='ltr'>ἴσως</span> <span class='ocrx_word' id='word_1_521' title='bbox 2289 2852 2658 2932; x_wconf 79' lang='grc' dir='ltr'>μονιμωτέραν</span> <span class='ocrx_word' id='word_1_522' title='bbox 2731 2853 2849 2934; x_wconf 72' lang='grc' dir='ltr'>μιν,</span> <span class='ocrx_word' id='word_1_523' title='bbox 2909 2854 3028 2912; x_wconf 83' lang='grc' dir='ltr'>ἀλλ’</span> <span class='ocrx_word' id='word_1_524' title='bbox 3084 2855 3340 2935; x_wconf 82' lang='grc' dir='ltr'>ἐπίγειον.</span> <span class='ocrx_word' id='word_1_525' title='bbox 3411 2861 3720 2938; x_wconf 80' lang='grc' dir='ltr'>Περαιωθείς</span> 
     </span>
    </p>
   </div>
   <div class='ocr_carea' id='block_1_73' title="bbox 2082 2940 3720 3020">
    <p class='ocr_par' dir='ltr' id='par_1_73' title="bbox 2082 2940 3720 3020">
     <span class='ocr_line' id='line_1_73' title="bbox 2082 2940 3720 3020; baseline 0.004 -22"><span class='ocrx_word' id='word_1_526' title='bbox 2082 2940 2136 2999; x_wconf 80' lang='grc' dir='ltr'>δὲ</span> <span class='ocrx_word' id='word_1_527' title='bbox 2193 2941 2310 3018; x_wconf 84' lang='grc' dir='ltr'>μετ’</span> <span class='ocrx_word' id='word_1_528' title='bbox 2363 2940 2547 3020; x_wconf 81' lang='grc' dir='ltr'>ὀλίγας</span> <span class='ocrx_word' id='word_1_529' title='bbox 2604 2943 2696 2999; x_wconf 86' lang='grc' dir='ltr'>τὸν</span> <span class='ocrx_word' id='word_1_530' title='bbox 2749 2941 2915 3000; x_wconf 88' lang='grc' dir='ltr'>πολὺν</span> <span class='ocrx_word' id='word_1_531' title='bbox 2986 2943 3190 3003; x_wconf 73' lang='grc' dir='ltr'>ἐκεῖνον</span> <span class='ocrx_word' id='word_1_532' title='bbox 3262 2945 3563 3020; x_wconf 87' lang='grc' dir='ltr'>ἀπόπλουν,</span> <span class='ocrx_word' id='word_1_533' title='bbox 3631 2944 3720 3004; x_wconf 73' lang='grc' dir='ltr'><strong>κιιῦ⁵</strong></span> 
     </span>
    </p>
   </div>
   <div class='ocr_carea' id='block_1_74' title="bbox 2081 3029 3723 3115">
    <p class='ocr_par' dir='ltr' id='par_1_74' title="bbox 2081 3029 3723 3115">
     <span class='ocr_line' id='line_1_74' title="bbox 2081 3029 3723 3115; baseline 0.002 -27"><span class='ocrx_word' id='word_1_534' title='bbox 2081 3030 2265 3109; x_wconf 79' lang='grc' dir='ltr'>ἡμέρῳ</span> <span class='ocrx_word' id='word_1_535' title='bbox 2295 3030 2485 3106; x_wconf 81' lang='grc' dir='ltr'>κύματι</span> <span class='ocrx_word' id='word_1_536' title='bbox 2513 3043 2632 3094; x_wconf 80' lang='grc' dir='ltr'>τοῖς</span> <span class='ocrx_word' id='word_1_537' title='bbox 2688 3029 2897 3107; x_wconf 78' lang='grc' dir='ltr'>λιμέσιν</span> <span class='ocrx_word' id='word_1_538' title='bbox 2960 3029 3352 3112; x_wconf 80' lang='grc' dir='ltr'>Ἀλεξανδρείας</span> <span class='ocrx_word' id='word_1_539' title='bbox 3410 3037 3723 3115; x_wconf 76' lang='grc' dir='ltr'>προσσχὼν,</span> 
     </span>
    </p>
   </div>
   <div class='ocr_carea' id='block_1_75' title="bbox 2081 3117 3726 3198">
    <p class='ocr_par' dir='ltr' id='par_1_75' title="bbox 2081 3117 3726 3198">
     <span class='ocr_line' id='line_1_75' title="bbox 2081 3117 3726 3198; baseline 0.004 -23"><span class='ocrx_word' id='word_1_540' title='bbox 2081 3117 2255 3186; x_wconf 80' lang='grc' dir='ltr'>ἀπέϐη</span> <span class='ocrx_word' id='word_1_541' title='bbox 2285 3140 2343 3177; x_wconf 86' lang='grc' dir='ltr'><strong>τε</strong></span> <span class='ocrx_word' id='word_1_542' title='bbox 2379 3119 2476 3187; x_wconf 82' lang='grc' dir='ltr'><strong>τῆς</strong></span> <span class='ocrx_word' id='word_1_543' title='bbox 2512 3120 2662 3195; x_wconf 77' lang='grc' dir='ltr'>νηὸς,</span> <span class='ocrx_word' id='word_1_544' title='bbox 2695 3121 2781 3176; x_wconf 76' lang='grc' dir='ltr'><strong>καὶ</strong></span> <span class='ocrx_word' id='word_1_545' title='bbox 2811 3119 2956 3183; x_wconf 75' lang='grc' dir='ltr'>εὐθὺς</span> <span class='ocrx_word' id='word_1_546' title='bbox 3017 3127 3113 3188; x_wconf 87' lang='grc' dir='ltr'><strong>τῆς</strong></span> <span class='ocrx_word' id='word_1_547' title='bbox 3172 3122 3433 3198; x_wconf 84' lang='grc' dir='ltr'>βασιλέως</span> <span class='ocrx_word' id='word_1_548' title='bbox 3486 3124 3550 3192; x_wconf 80' lang='grc' dir='ltr'><strong>ἧν</strong></span> <span class='ocrx_word' id='word_1_549' title='bbox 3586 3123 3726 3188; x_wconf 84' lang='grc' dir='ltr'>ὅλως</span> 
     </span>
    </p>
   </div>
   <div class='ocr_carea' id='block_1_76' title="bbox 2078 3201 3728 3290">
    <p class='ocr_par' dir='ltr' id='par_1_76' title="bbox 2078 3201 3728 3290">
     <span class='ocr_line' id='line_1_76' title="bbox 2078 3201 3728 3290; baseline 0.005 -28"><span class='ocrx_word' id='word_1_550' title='bbox 2078 3207 2348 3275; x_wconf 66' lang='grc' dir='ltr'>ὑποθήκης</span> <span class='ocrx_word' id='word_1_551' title='bbox 2403 3228 2461 3263; x_wconf 88' lang='grc' dir='ltr'><strong>τε</strong></span> <span class='ocrx_word' id='word_1_552' title='bbox 2519 3209 2605 3265; x_wconf 84' lang='grc' dir='ltr'>καὶ</span> <span class='ocrx_word' id='word_1_553' title='bbox 2668 3206 2981 3274; x_wconf 75' lang='grc' dir='ltr'>κελεύσεως.</span> <span class='ocrx_word' id='word_1_554' title='bbox 3045 3201 3135 3276; x_wconf 72' lang='grc' dir='ltr'>Ὠς</span> <span class='ocrx_word' id='word_1_555' title='bbox 3192 3212 3292 3288; x_wconf 77' lang='grc' dir='ltr'><strong>γὰρ</strong></span> <span class='ocrx_word' id='word_1_556' title='bbox 3348 3215 3376 3268; x_wconf 91' lang='lat'><strong>6</strong></span> <span class='ocrx_word' id='word_1_557' title='bbox 3434 3214 3533 3288; x_wconf 81' lang='grc' dir='ltr'>μὲν</span> <span class='ocrx_word' id='word_1_558' title='bbox 3564 3215 3728 3290; x_wconf 80' lang='grc' dir='ltr'>βασι-</span> 
     </span>
    </p>
   </div>
   <div class='ocr_carea' id='block_1_77' title="bbox 2079 3295 3730 3382">
    <p class='ocr_par' dir='ltr' id='par_1_77' title="bbox 2079 3295 3730 3382">
     <span class='ocr_line' id='line_1_77' title="bbox 2079 3295 3730 3382; baseline 0.004 -29"><span class='ocrx_word' id='word_1_559' title='bbox 2079 3296 2198 3362; x_wconf 82' lang='grc' dir='ltr'>λεὺς</span> <span class='ocrx_word' id='word_1_560' title='bbox 2259 3295 2434 3354; x_wconf 83' lang='grc' dir='ltr'>πολλὰ</span> <span class='ocrx_word' id='word_1_561' title='bbox 2492 3297 2628 3354; x_wconf 80' lang='grc' dir='ltr'>κατὰ</span> <span class='ocrx_word' id='word_1_562' title='bbox 2681 3303 2775 3354; x_wconf 79' lang='grc' dir='ltr'>τοῦ</span> <span class='ocrx_word' id='word_1_563' title='bbox 2832 3300 3092 3375; x_wconf 83' lang='grc' dir='ltr'>μακαρίου</span> <span class='ocrx_word' id='word_1_564' title='bbox 3151 3302 3304 3367; x_wconf 86' lang='grc' dir='ltr'><strong>Μηνά</strong></span> <span class='ocrx_word' id='word_1_565' title='bbox 3363 3309 3442 3375; x_wconf 85' lang='grc' dir='ltr'>τῷ</span> <span class='ocrx_word' id='word_1_566' title='bbox 3502 3301 3730 3382; x_wconf 78' lang='grc' dir='ltr'>ἐπάρχῳ</span> 
     </span>
    </p>
   </div>
   <div class='ocr_carea' id='block_1_78' title="bbox 2078 3372 3726 3467">
    <p class='ocr_par' dir='ltr' id='par_1_78' title="bbox 2078 3372 3726 3467">
     <span class='ocr_line' id='line_1_78' title="bbox 2078 3372 3726 3467; baseline 0.004 -24"><span class='ocrx_word' id='word_1_567' title='bbox 2078 3385 2404 3466; x_wconf 77' lang='grc' dir='ltr'>ἐπέσκηψεν,</span> <span class='ocrx_word' id='word_1_568' title='bbox 2461 3385 2674 3456; x_wconf 81' lang='grc' dir='ltr'>ἀπήντα</span> <span class='ocrx_word' id='word_1_569' title='bbox 2732 3384 2788 3442; x_wconf 74' lang='grc' dir='ltr'>δὲ</span> <span class='ocrx_word' id='word_1_570' title='bbox 2836 3372 2934 3443; x_wconf 61' lang='grc' dir='ltr'><strong>⁷καὶ</strong></span> <span class='ocrx_word' id='word_1_571' title='bbox 2983 3372 3152 3451; x_wconf 79' lang='grc' dir='ltr'>πᾶσα,</span> <span class='ocrx_word' id='word_1_572' title='bbox 3185 3391 3218 3457; x_wconf 77' lang='grc' dir='ltr'>ἦ</span> <span class='ocrx_word' id='word_1_573' title='bbox 3267 3372 3423 3454; x_wconf 77' lang='grc' dir='ltr'>πόλις</span> <span class='ocrx_word' id='word_1_574' title='bbox 3481 3372 3726 3467; x_wconf 88' lang='grc' dir='ltr'><strong>πρό</strong></span> 
     </span>
    </p>
   </div>
   <div class='ocr_carea' id='block_1_79' title="bbox 2079 3474 3728 3558">
    <p class='ocr_par' dir='ltr' id='par_1_79' title="bbox 2079 3474 3728 3558">
     <span class='ocr_line' id='line_1_79' title="bbox 2079 3474 3728 3558; baseline 0.004 -26"><span class='ocrx_word' id='word_1_575' title='bbox 2079 3474 2356 3555; x_wconf 76' lang='grc' dir='ltr'>αἰγιαλῶν,</span> <span class='ocrx_word' id='word_1_576' title='bbox 2411 3475 2659 3549; x_wconf 82' lang='grc' dir='ltr'>τύμπανα</span> <span class='ocrx_word' id='word_1_577' title='bbox 2719 3474 2773 3530; x_wconf 77' lang='grc' dir='ltr'>δὲ</span> <span class='ocrx_word' id='word_1_578' title='bbox 2835 3478 2922 3532; x_wconf 83' lang='grc' dir='ltr'>καὶ</span> <span class='ocrx_word' id='word_1_579' title='bbox 2979 3478 3230 3556; x_wconf 74' lang='grc' dir='ltr'>εὐφημίαι</span> <span class='ocrx_word' id='word_1_580' title='bbox 3289 3481 3375 3536; x_wconf 84' lang='grc' dir='ltr'><strong>καὶ</strong></span> <span class='ocrx_word' id='word_1_581' title='bbox 3428 3479 3728 3558; x_wconf 82' lang='grc' dir='ltr'>σάλπιγγες</span> 
     </span>
    </p>
   </div>
   <div class='ocr_carea' id='block_1_80' title="bbox 2076 3564 3726 3649">
    <p class='ocr_par' dir='ltr' id='par_1_80' title="bbox 2076 3564 3726 3649">
     <span class='ocr_line' id='line_1_80' title="bbox 2076 3564 3726 3649; baseline 0.004 -29"><span class='ocrx_word' id='word_1_582' title='bbox 2076 3565 2172 3631; x_wconf 81' lang='grc' dir='ltr'>τήν</span> <span class='ocrx_word' id='word_1_583' title='bbox 2219 3564 2455 3632; x_wconf 79' lang='grc' dir='ltr'>ἀπαντὴν</span> <span class='ocrx_word' id='word_1_584' title='bbox 2515 3565 2834 3643; x_wconf 77' lang='grc' dir='ltr'>περιήχουν,</span> <span class='ocrx_word' id='word_1_585' title='bbox 2891 3567 2980 3622; x_wconf 87' lang='grc' dir='ltr'><strong>καὶ</strong></span> <span class='ocrx_word' id='word_1_586' title='bbox 3037 3568 3130 3640; x_wconf 84' lang='grc' dir='ltr'><strong>μία</strong></span> <span class='ocrx_word' id='word_1_587' title='bbox 3185 3573 3290 3625; x_wconf 82' lang='grc' dir='ltr'>τῶν</span> <span class='ocrx_word' id='word_1_588' title='bbox 3345 3568 3726 3649; x_wconf 77' lang='grc' dir='ltr'>εὐφημούντων</span> 
     </span>
    </p>
   </div>
   <div class='ocr_carea' id='block_1_81' title="bbox 2077 3651 3721 3733">
    <p class='ocr_par' dir='ltr' id='par_1_81' title="bbox 2077 3651 3721 3733">
     <span class='ocr_line' id='line_1_81' title="bbox 2077 3651 3721 3733; baseline 0.005 -25"><span class='ocrx_word' id='word_1_589' title='bbox 2077 3653 2143 3721; x_wconf 84' lang='grc' dir='ltr'><strong>ῆν</strong></span> <span class='ocrx_word' id='word_1_590' title='bbox 2174 3656 2208 3722; x_wconf 81' lang='grc' dir='ltr'><strong>ἡ</strong></span> <span class='ocrx_word' id='word_1_591' title='bbox 2237 3653 2410 3733; x_wconf 82' lang='grc' dir='ltr'>φωνὴ,</span> <span class='ocrx_word' id='word_1_592' title='bbox 2444 3654 2536 3708; x_wconf 80' lang='grc' dir='ltr'>τὸν</span> <span class='ocrx_word' id='word_1_593' title='bbox 2566 3651 2624 3708; x_wconf 83' lang='grc' dir='ltr'>ἐκ</span> <span class='ocrx_word' id='word_1_594' title='bbox 2651 3651 2910 3729; x_wconf 86' lang='grc' dir='ltr'>βασιλέως</span> <span class='ocrx_word' id='word_1_595' title='bbox 2969 3654 3365 3730; x_wconf 77' lang='grc' dir='ltr'>ἀπεσταλμένον</span> <span class='ocrx_word' id='word_1_596' title='bbox 3423 3657 3721 3732; x_wconf 72' lang='grc' dir='ltr'>ἐξαίρουσα.</span> 
     </span>
    </p>
   </div>
   <div class='ocr_carea' id='block_1_82' title="bbox 2075 3738 3725 3824">
    <p class='ocr_par' dir='ltr' id='par_1_82' title="bbox 2075 3738 3725 3824">
     <span class='ocr_line' id='line_1_82' title="bbox 2075 3738 3725 3824; baseline 0.004 -26"><span class='ocrx_word' id='word_1_597' title='bbox 2075 3741 2362 3818; x_wconf 82' lang='grc' dir='ltr'>ταξάμενος</span> <span class='ocrx_word' id='word_1_598' title='bbox 2391 3741 2488 3808; x_wconf 82' lang='grc' dir='ltr'><strong>την</strong></span> <span class='ocrx_word' id='word_1_599' title='bbox 2519 3738 2821 3820; x_wconf 77' lang='grc' dir='ltr'>δορυφορίαν</span> <span class='ocrx_word' id='word_1_600' title='bbox 2852 3743 2939 3798; x_wconf 88' lang='grc' dir='ltr'><strong>καὶ</strong></span> <span class='ocrx_word' id='word_1_601' title='bbox 2991 3744 3145 3808; x_wconf 74' lang='grc' dir='ltr'>αὐτὸς</span> <span class='ocrx_word' id='word_1_602' title='bbox 3203 3746 3233 3799; x_wconf 91' lang='lat'><strong>6</strong></span> <span class='ocrx_word' id='word_1_603' title='bbox 3292 3742 3528 3824; x_wconf 69' lang='grc' dir='ltr'>ἔπαρχος</span> <span class='ocrx_word' id='word_1_604' title='bbox 3587 3749 3725 3804; x_wconf 85' lang='grc' dir='ltr'><strong>κατά</strong></span> 
     </span>
    </p>
   </div>
   <div class='ocr_carea' id='block_1_83' title="bbox 2077 3827 3724 3912">
    <p class='ocr_par' dir='ltr' id='par_1_83' title="bbox 2077 3827 3724 3912">
     <span class='ocr_line' id='line_1_83' title="bbox 2077 3827 3724 3912; baseline 0.005 -27"><span class='ocrx_word' id='word_1_605' title='bbox 2077 3829 2346 3912; x_wconf 71' lang='grc' dir='ltr'>φάλαγγα,</span> <span class='ocrx_word' id='word_1_606' title='bbox 2421 3827 2515 3886; x_wconf 77' lang='grc' dir='ltr'>καῖ</span> <span class='ocrx_word' id='word_1_607' title='bbox 2575 3827 2876 3907; x_wconf 85' lang='grc' dir='ltr'>προοδεύειν</span> <span class='ocrx_word' id='word_1_608' title='bbox 2932 3831 3028 3898; x_wconf 76' lang='grc' dir='ltr'><strong>τὴν</strong></span> <span class='ocrx_word' id='word_1_609' title='bbox 3094 3833 3384 3911; x_wconf 79' lang='grc' dir='ltr'>ὑπηρεσίαν</span> <span class='ocrx_word' id='word_1_610' title='bbox 3444 3834 3724 3910; x_wconf 81' lang='grc' dir='ltr'>κελεύσας,</span> 
     </span>
    </p>
   </div>
   <div class='ocr_carea' id='block_1_84' title="bbox 2077 3917 3723 3996">
    <p class='ocr_par' dir='ltr' id='par_1_84' title="bbox 2077 3917 3723 3996">
     <span class='ocr_line' id='line_1_84' title="bbox 2077 3917 3723 3996; baseline 0.004 -20"><span class='ocrx_word' id='word_1_611' title='bbox 2077 3921 2211 3996; x_wconf 79' lang='grc' dir='ltr'>μετὰ</span> <span class='ocrx_word' id='word_1_612' title='bbox 2279 3919 2540 3984; x_wconf 83' lang='grc' dir='ltr'>τοσαύτης</span> <span class='ocrx_word' id='word_1_613' title='bbox 2611 3923 2710 3986; x_wconf 88' lang='grc' dir='ltr'><strong>τῆς</strong></span> <span class='ocrx_word' id='word_1_614' title='bbox 2783 3917 3166 3990; x_wconf 73' lang='grc' dir='ltr'>καταπλήξεως</span> <span class='ocrx_word' id='word_1_615' title='bbox 3237 3921 3322 3978; x_wconf 77' lang='grc' dir='ltr'><strong>ἐπὶ</strong></span> <span class='ocrx_word' id='word_1_616' title='bbox 3396 3923 3494 3992; x_wconf 65' lang='grc' dir='ltr'><strong>τῆν</strong></span> <span class='ocrx_word' id='word_1_617' title='bbox 3562 3924 3723 3982; x_wconf 89' lang='grc' dir='ltr'>πόλιν</span> 
     </span>
    </p>
   </div>
   <div class='ocr_carea' id='block_1_85' title="bbox 2073 4005 3723 4088">
    <p class='ocr_par' dir='ltr' id='par_1_85' title="bbox 2073 4005 3723 4088">
     <span class='ocr_line' id='line_1_85' title="bbox 2073 4005 3723 4088; baseline 0.003 -23"><span class='ocrx_word' id='word_1_618' title='bbox 2073 4010 2260 4088; x_wconf 73' lang='grc' dir='ltr'>ἀπῄει,</span> <span class='ocrx_word' id='word_1_619' title='bbox 2293 4006 2410 4084; x_wconf 86' lang='grc' dir='ltr'>μεθ’</span> <span class='ocrx_word' id='word_1_620' title='bbox 2440 4007 2572 4073; x_wconf 79' lang='grc' dir='ltr'>ὅσης</span> <span class='ocrx_word' id='word_1_621' title='bbox 2605 4006 2668 4062; x_wconf 82' lang='grc' dir='ltr'><strong>ἂν</strong></span> <span class='ocrx_word' id='word_1_622' title='bbox 2719 4005 2889 4074; x_wconf 80' lang='grc' dir='ltr'>ἔδοξεν</span> <span class='ocrx_word' id='word_1_623' title='bbox 2943 4008 3148 4072; x_wconf 83' lang='grc' dir='ltr'>ἐκεῖνος</span> <span class='ocrx_word' id='word_1_624' title='bbox 3201 4024 3317 4077; x_wconf 75' lang='grc' dir='ltr'>τοῖς</span> <span class='ocrx_word' id='word_1_625' title='bbox 3375 4015 3492 4069; x_wconf 88' lang='grc' dir='ltr'>τότε</span> <span class='ocrx_word' id='word_1_626' title='bbox 3550 4028 3723 4072; x_wconf 81' lang='grc' dir='ltr'>κινεῖν</span> 
     </span>
    </p>
   </div>
   <div class='ocr_carea' id='block_1_86' title="bbox 2072 4095 3722 4177">
    <p class='ocr_par' dir='ltr' id='par_1_86' title="bbox 2072 4095 3722 4177">
     <span class='ocr_line' id='line_1_86' title="bbox 2072 4095 3722 4177; baseline 0.002 -22"><span class='ocrx_word' id='word_1_627' title='bbox 2072 4099 2160 4155; x_wconf 85' lang='grc' dir='ltr'><strong>καὶ</strong></span> <span class='ocrx_word' id='word_1_628' title='bbox 2216 4098 2311 4166; x_wconf 73' lang='grc' dir='ltr'><strong>τῆν</strong></span> <span class='ocrx_word' id='word_1_629' title='bbox 2373 4101 2498 4176; x_wconf 82' lang='grc' dir='ltr'>γῆν,</span> <span class='ocrx_word' id='word_1_630' title='bbox 2559 4101 2628 4172; x_wconf 79' lang='grc' dir='ltr'>τῇ</span> <span class='ocrx_word' id='word_1_631' title='bbox 2689 4095 2889 4174; x_wconf 77' lang='grc' dir='ltr'>μελέτῃ</span> <span class='ocrx_word' id='word_1_632' title='bbox 2949 4119 3054 4154; x_wconf 89' lang='grc' dir='ltr'><strong>των</strong></span> <span class='ocrx_word' id='word_1_633' title='bbox 3113 4120 3246 4177; x_wconf 64' lang='grc' dir='ltr'>πραγ</span> <span class='ocrx_word' id='word_1_634' title='bbox 3262 4101 3447 4173; x_wconf 77' lang='grc' dir='ltr'>μάτων</span> <span class='ocrx_word' id='word_1_635' title='bbox 3501 4103 3592 4158; x_wconf 78' lang='grc' dir='ltr'><strong>καί</strong></span> <span class='ocrx_word' id='word_1_636' title='bbox 3649 4109 3722 4173; x_wconf 87' lang='grc' dir='ltr'><strong>τῆ</strong></span> 
     </span>
    </p>
   </div>
   <div class='ocr_carea' id='block_1_87' title="bbox 2073 4183 3722 4268">
    <p class='ocr_par' dir='ltr' id='par_1_87' title="bbox 2073 4183 3722 4268">
     <span class='ocr_line' id='line_1_87' title="bbox 2073 4183 3722 4268; baseline 0.003 -24"><span class='ocrx_word' id='word_1_637' title='bbox 2073 4187 2284 4266; x_wconf 79' lang='grc' dir='ltr'>περὶτὰ</span> <span class='ocrx_word' id='word_1_638' title='bbox 2311 4186 2482 4243; x_wconf 79' lang='grc' dir='ltr'>πάντα</span> <span class='ocrx_word' id='word_1_639' title='bbox 2529 4183 2757 4260; x_wconf 77' lang='grc' dir='ltr'>σπουδῇ,</span> <span class='ocrx_word' id='word_1_640' title='bbox 2805 4188 2892 4242; x_wconf 81' lang='grc' dir='ltr'>καὶ</span> <span class='ocrx_word' id='word_1_641' title='bbox 2921 4187 2998 4260; x_wconf 86' lang='grc' dir='ltr'>τῷ</span> <span class='ocrx_word' id='word_1_642' title='bbox 3054 4186 3274 4245; x_wconf 81' lang='grc' dir='ltr'>ἀκλινεῐ</span> <span class='ocrx_word' id='word_1_643' title='bbox 3327 4193 3417 4248; x_wconf 85' lang='grc' dir='ltr'>καὶ</span> <span class='ocrx_word' id='word_1_644' title='bbox 3473 4191 3722 4268; x_wconf 82' lang='grc' dir='ltr'>ἀτρέπτῳ</span> 
     </span>
    </p>
   </div>
   <div class='ocr_carea' id='block_1_88' title="bbox 347 4275 1996 4358">
    <p class='ocr_par' dir='ltr' id='par_1_88' title="bbox 347 4276 1985 4358">
     <span class='ocr_line' id='line_1_88' title="bbox 347 4276 1985 4358; baseline -0.001 -18"><span class='ocrx_word' id='word_1_645' title='bbox 347 4290 407 4344; x_wconf 88' lang='lat' dir='ltr'><strong>et</strong></span> <span class='ocrx_word' id='word_1_646' title='bbox 439 4282 497 4343; x_wconf 90' lang='lat' dir='ltr'><strong>in</strong></span> <span class='ocrx_word' id='word_1_647' title='bbox 528 4280 710 4342; x_wconf 89' lang='lat' dir='ltr'><strong>rebus</strong></span> <span class='ocrx_word' id='word_1_648' title='bbox 738 4279 1020 4342; x_wconf 89' lang='lat' dir='ltr'><strong>omnibus</strong></span> <span class='ocrx_word' id='word_1_649' title='bbox 1049 4280 1246 4343; x_wconf 89' lang='lat' dir='ltr'><strong>studio</strong></span> <span class='ocrx_word' id='word_1_650' title='bbox 1293 4276 1778 4358; x_wconf 88' lang='lat' dir='ltr'><strong>diligentissimo,</strong></span> <span class='ocrx_word' id='word_1_651' title='bbox 1836 4295 1985 4339; x_wconf 89' lang='lat' dir='ltr'><strong>con-</strong></span> 
     </span>
    </p>
   </div>
   <div class='ocr_carea' id='block_1_89' title="bbox 2083 4275 3718 4358">
    <p class='ocr_par' dir='ltr' id='par_1_89' title="bbox 2083 4275 3718 4357">
     <span class='ocr_line' id='line_1_89' title="bbox 2083 4275 3718 4357; baseline 0.004 -25"><span class='ocrx_word' id='word_1_652' title='bbox 2083 4281 2167 4343; x_wconf 69' lang='grc' dir='ltr'><strong>τῆς</strong></span> <span class='ocrx_word' id='word_1_653' title='bbox 2225 4280 2409 4354; x_wconf 69' lang='grc' dir='ltr'>ψυχῆς</span> <span class='ocrx_word' id='word_1_654' title='bbox 2483 4275 2883 4354; x_wconf 82' lang='grc' dir='ltr'>παραστήματι,</span> <span class='ocrx_word' id='word_1_655' title='bbox 2955 4277 3050 4340; x_wconf 79' lang='grc' dir='ltr'>τὰς</span> <span class='ocrx_word' id='word_1_656' title='bbox 3123 4297 3181 4333; x_wconf 91' lang='grc' dir='ltr'><strong>τε</strong></span> <span class='ocrx_word' id='word_1_657' title='bbox 3238 4281 3382 4357; x_wconf 80' lang='grc' dir='ltr'>παρὰ</span> <span class='ocrx_word' id='word_1_658' title='bbox 3448 4279 3718 4355; x_wconf 80' lang='grc' dir='ltr'>βασιλέως</span> 
     </span>
    </p>
   </div>
   <div class='ocr_carea' id='block_1_90' title="bbox 344 4363 1996 4451">
    <p class='ocr_par' dir='ltr' id='par_1_90' title="bbox 344 4365 1986 4451">
     <span class='ocr_line' id='line_1_90' title="bbox 344 4365 1986 4451; baseline -0.001 -20"><span class='ocrx_word' id='word_1_659' title='bbox 344 4369 646 4451; x_wconf 91' lang='lat' dir='ltr'><strong>stantique</strong></span> <span class='ocrx_word' id='word_1_660' title='bbox 667 4377 724 4430; x_wconf 87' lang='lat' dir='ltr'><strong>et</strong></span> <span class='ocrx_word' id='word_1_661' title='bbox 746 4367 1056 4430; x_wconf 81' lang='lat' dir='ltr'><strong>inﬂexibili</strong></span> <span class='ocrx_word' id='word_1_662' title='bbox 1088 4367 1296 4430; x_wconf 91' lang='lat' dir='ltr'><strong>habitu</strong></span> <span class='ocrx_word' id='word_1_663' title='bbox 1321 4365 1528 4442; x_wconf 89' lang='lat' dir='ltr'><strong>animi,</strong></span> <span class='ocrx_word' id='word_1_664' title='bbox 1562 4382 1812 4445; x_wconf 88' lang='lat' dir='ltr'><strong>sperans</strong></span> <span class='ocrx_word' id='word_1_665' title='bbox 1841 4383 1908 4428; x_wconf 87' lang='lat' dir='ltr'><strong>se</strong></span> <span class='ocrx_word' id='word_1_666' title='bbox 1929 4376 1986 4429; x_wconf 92' lang='lat' dir='ltr'><strong>et</strong></span> 
     </span>
    </p>
   </div>
   <div class='ocr_carea' id='block_1_91' title="bbox 2083 4363 3717 4451">
    <p class='ocr_par' dir='ltr' id='par_1_91' title="bbox 2083 4363 3717 4447">
     <span class='ocr_line' id='line_1_91' title="bbox 2083 4363 3717 4447; baseline 0.003 -28"><span class='ocrx_word' id='word_1_667' title='bbox 2083 4363 2291 4435; x_wconf 66' lang='grc' dir='ltr'>ἐλπίζων</span> <span class='ocrx_word' id='word_1_668' title='bbox 2361 4365 2688 4440; x_wconf 81' lang='grc' dir='ltr'>κατορθῶσαι</span> <span class='ocrx_word' id='word_1_669' title='bbox 2770 4364 2951 4438; x_wconf 78' lang='grc' dir='ltr'>τιμὰς,</span> <span class='ocrx_word' id='word_1_670' title='bbox 3038 4367 3124 4421; x_wconf 77' lang='grc' dir='ltr'><strong>καὶ</strong></span> <span class='ocrx_word' id='word_1_671' title='bbox 3196 4373 3300 4422; x_wconf 85' lang='grc' dir='ltr'><strong>τῶν</strong></span> <span class='ocrx_word' id='word_1_672' title='bbox 3381 4367 3717 4447; x_wconf 84' lang='grc' dir='ltr'>ἀστηρικτων</span> 
     </span>
    </p>
   </div>
   <div class='ocr_carea' id='block_1_92' title="bbox 342 4449 1996 4538">
    <p class='ocr_par' dir='ltr' id='par_1_92' title="bbox 342 4449 1982 4538">
     <span class='ocr_line' id='line_1_92' title="bbox 342 4449 1982 4538; baseline -0.002 -18"><span class='ocrx_word' id='word_1_673' title='bbox 342 4458 418 4520; x_wconf 87' lang='lat' dir='ltr'><strong>ab</strong></span> <span class='ocrx_word' id='word_1_674' title='bbox 449 4449 808 4538; x_wconf 81' lang='lat' dir='ltr'><strong>imperatore</strong></span> <span class='ocrx_word' id='word_1_675' title='bbox 839 4457 1180 4519; x_wconf 90' lang='lat' dir='ltr'><strong>mandatum</strong></span> <span class='ocrx_word' id='word_1_676' title='bbox 1210 4456 1499 4518; x_wconf 88' lang='lat' dir='ltr'><strong>honorem</strong></span> <span class='ocrx_word' id='word_1_677' title='bbox 1529 4462 1694 4518; x_wconf 84' lang='lat' dir='ltr'><strong>recte</strong></span> <span class='ocrx_word' id='word_1_678' title='bbox 1721 4454 1982 4518; x_wconf 87' lang='lat' dir='ltr'><strong>admini-</strong></span> 
     </span>
    </p>
   </div>
   <div class='ocr_carea' id='block_1_93' title="bbox 2083 4449 2850 4538">
    <p class='ocr_par' dir='ltr' id='par_1_93' title="bbox 2083 4449 2850 4526">
     <span class='ocr_line' id='line_1_93' title="bbox 2083 4449 2850 4526; baseline 0.004 -18"><span class='ocrx_word' id='word_1_679' title='bbox 2083 4452 2405 4512; x_wconf 72' lang='grc' dir='ltr'>ιποσκελίσαι</span> <span class='ocrx_word' id='word_1_680' title='bbox 2434 4452 2502 4509; x_wconf 79' lang='grc' dir='ltr'><strong>τὰ</strong></span> <span class='ocrx_word' id='word_1_681' title='bbox 2527 4449 2850 4526; x_wconf 73' lang='grc' dir='ltr'>διαδήματα.</span> 
     </span>
    </p>
   </div>
   <div class='ocr_carea' id='block_1_94' title="bbox 349 4536 2054 4628">
    <p class='ocr_par' dir='ltr' id='par_1_94' title="bbox 349 4536 2054 4628">
     <span class='ocr_line' id='line_1_94' title="bbox 349 4536 2054 4628; baseline -0.001 -20"><span class='ocrx_word' id='word_1_682' title='bbox 349 4536 694 4628; x_wconf 74' lang='lat' dir='ltr'><strong>straturum,</strong></span> <span class='ocrx_word' id='word_1_683' title='bbox 729 4555 788 4608; x_wconf 92' lang='lat' dir='ltr'><strong>et</strong></span> <span class='ocrx_word' id='word_1_684' title='bbox 815 4563 1022 4608; x_wconf 91' lang='lat' dir='ltr'><strong>eorum</strong></span> <span class='ocrx_word' id='word_1_685' title='bbox 1048 4545 1150 4625; x_wconf 89' lang='lat' dir='ltr'><strong>qui</strong></span> <span class='ocrx_word' id='word_1_686' title='bbox 1179 4563 1300 4607; x_wconf 86' lang='lat' dir='ltr'><strong>non</strong></span> <span class='ocrx_word' id='word_1_687' title='bbox 1332 4554 1506 4608; x_wconf 84' lang='lat' dir='ltr'><strong>erant</strong></span> <span class='ocrx_word' id='word_1_688' title='bbox 1536 4544 1713 4620; x_wconf 85' lang='lat' dir='ltr'><strong>ﬁrmi,</strong></span> <span class='ocrx_word' id='word_1_689' title='bbox 1747 4561 1986 4623; x_wconf 86' lang='lat' dir='ltr'><strong>gressus</strong></span> <span class='ocrx_word' id='word_1_690' title='bbox 2008 4536 2054 4590; x_wconf 79' lang='grc' dir='ltr'>ο</span> 
     </span>
    </p>
   </div>
   <div class='ocr_carea' id='block_1_95' title="bbox 347 4635 1996 4805">
    <p class='ocr_par' dir='ltr' id='par_1_95' title="bbox 347 4635 1981 4805">
     <span class='ocr_line' id='line_1_95' title="bbox 347 4635 894 4716; baseline -0.004 -19"><span class='ocrx_word' id='word_1_691' title='bbox 347 4635 894 4716; x_wconf 87' lang='lat' dir='ltr'><strong>supplantaturum.</strong></span> 
     </span>
     <span class='ocr_line' id='line_1_96' title="bbox 422 4722 1981 4805; baseline -0.001 -18"><span class='ocrx_word' id='word_1_692' title='bbox 422 4723 574 4787; x_wconf 82' lang='lat' dir='ltr'><strong>VIII.</strong></span> <span class='ocrx_word' id='word_1_693' title='bbox 611 4725 755 4787; x_wconf 89' lang='lat' dir='ltr'><strong>Cum</strong></span> <span class='ocrx_word' id='word_1_694' title='bbox 789 4731 985 4785; x_wconf 90' lang='lat' dir='ltr'><strong>autem</strong></span> <span class='ocrx_word' id='word_1_695' title='bbox 1028 4740 1272 4805; x_wconf 87' lang='lat' dir='ltr'><strong>vespere</strong></span> <span class='ocrx_word' id='word_1_696' title='bbox 1322 4722 1484 4787; x_wconf 88' lang='lat' dir='ltr'><strong>solus</strong></span> <span class='ocrx_word' id='word_1_697' title='bbox 1513 4740 1621 4804; x_wconf 91' lang='lat' dir='ltr'><strong>per</strong></span> <span class='ocrx_word' id='word_1_698' title='bbox 1679 4740 1744 4784; x_wconf 93' lang='lat' dir='ltr'><strong>se</strong></span> <span class='ocrx_word' id='word_1_699' title='bbox 1800 4731 1981 4805; x_wconf 86' lang='lat' dir='ltr'><strong>esset,</strong></span> 
     </span>
    </p>
   </div>
   <div class='ocr_carea' id='block_1_96' title="bbox 2083 4635 3712 4805">
    <p class='ocr_par' dir='ltr' id='par_1_96' title="bbox 2147 4716 3712 4800">
     <span class='ocr_line' id='line_1_97' title="bbox 2147 4716 3712 4800; baseline 0.003 -24"><span class='ocrx_word' id='word_1_700' title='bbox 2147 4719 2236 4779; x_wconf 80' lang='lat' dir='ltr'><strong>H&#39;.</strong></span> <span class='ocrx_word' id='word_1_701' title='bbox 2293 4719 2443 4778; x_wconf 80' lang='grc' dir='ltr'>Ἐπεὶ</span> <span class='ocrx_word' id='word_1_702' title='bbox 2486 4716 2540 4773; x_wconf 79' lang='grc' dir='ltr'>δὲ</span> <span class='ocrx_word' id='word_1_703' title='bbox 2596 4717 2710 4774; x_wconf 75' lang='grc' dir='ltr'>καθ’</span> <span class='ocrx_word' id='word_1_704' title='bbox 2763 4719 2948 4776; x_wconf 76' lang='grc' dir='ltr'>ἑαυτὸν</span> <span class='ocrx_word' id='word_1_705' title='bbox 3007 4719 3246 4796; x_wconf 80' lang='grc' dir='ltr'>ἐγένετο,</span> <span class='ocrx_word' id='word_1_706' title='bbox 3302 4723 3434 4799; x_wconf 79' lang='grc' dir='ltr'>πρὸς</span> <span class='ocrx_word' id='word_1_707' title='bbox 3479 4722 3712 4800; x_wconf 78' lang='grc' dir='ltr'>ἑσπέραν</span> 
     </span>
    </p>
   </div>
   <div class='ocr_carea' id='block_1_97' title="bbox 339 4805 1996 4892">
    <p class='ocr_par' dir='ltr' id='par_1_97' title="bbox 339 4810 1984 4892">
     <span class='ocr_line' id='line_1_98' title="bbox 339 4810 1984 4892; baseline 0 -17"><span class='ocrx_word' id='word_1_708' title='bbox 339 4812 586 4875; x_wconf 83' lang='lat' dir='ltr'><strong>dimissa</strong></span> <span class='ocrx_word' id='word_1_709' title='bbox 617 4813 950 4892; x_wconf 66' lang='lat' dir='ltr'><strong>turba,quaa</strong></span> <span class='ocrx_word' id='word_1_710' title='bbox 978 4829 1112 4875; x_wconf 93' lang='lat' dir='ltr'><strong>eum</strong></span> <span class='ocrx_word' id='word_1_711' title='bbox 1141 4810 1984 4892; x_wconf 82' lang='lat' dir='ltr'><strong>deduxerat,animadvertens</strong></span> 
     </span>
    </p>
   </div>
   <div class='ocr_carea' id='block_1_98' title="bbox 2083 4805 3708 4892">
    <p class='ocr_par' dir='ltr' id='par_1_98' title="bbox 2083 4805 3708 4888">
     <span class='ocr_line' id='line_1_99' title="bbox 2083 4805 3708 4888; baseline 0.002 -24"><span class='ocrx_word' id='word_1_712' title='bbox 2083 4809 2304 4875; x_wconf 70' lang='grc' dir='ltr'>ιυθείσης</span> <span class='ocrx_word' id='word_1_713' title='bbox 2341 4806 2484 4881; x_wconf 70' lang='grc' dir='ltr'>αύτῷ</span> <span class='ocrx_word' id='word_1_714' title='bbox 2511 4805 2608 4874; x_wconf 86' lang='grc' dir='ltr'><strong>τῆς</strong></span> <span class='ocrx_word' id='word_1_715' title='bbox 2640 4812 2888 4882; x_wconf 86' lang='grc' dir='ltr'>πομπῆς,</span> <span class='ocrx_word' id='word_1_716' title='bbox 2941 4806 3165 4866; x_wconf 83' lang='grc' dir='ltr'>συνιδὼν</span> <span class='ocrx_word' id='word_1_717' title='bbox 3222 4813 3250 4866; x_wconf 87' lang='lat'><strong>6</strong></span> <span class='ocrx_word' id='word_1_718' title='bbox 3308 4811 3476 4888; x_wconf 83' lang='grc' dir='ltr'>μέγας</span> <span class='ocrx_word' id='word_1_719' title='bbox 3518 4818 3708 4878; x_wconf 76' lang='grc' dir='ltr'>Μηνᾶς</span> 
     </span>
    </p>
   </div>
   <div class='ocr_carea' id='block_1_99' title="bbox 337 4894 1996 4982">
    <p class='ocr_par' dir='ltr' id='par_1_99' title="bbox 337 4899 1981 4982">
     <span class='ocr_line' id='line_1_100' title="bbox 337 4899 1981 4982; baseline 0.001 -18"><span class='ocrx_word' id='word_1_720' title='bbox 337 4921 585 4982; x_wconf 85' lang='lat' dir='ltr'><strong>magnus</strong></span> <span class='ocrx_word' id='word_1_721' title='bbox 613 4905 840 4977; x_wconf 87' lang='lat' dir='ltr'><strong>Menas,</strong></span> <span class='ocrx_word' id='word_1_722' title='bbox 885 4902 1042 4982; x_wconf 89' lang='lat' dir='ltr'><strong>quod</strong></span> <span class='ocrx_word' id='word_1_723' title='bbox 1086 4919 1222 4963; x_wconf 91' lang='lat' dir='ltr'><strong>cum</strong></span> <span class='ocrx_word' id='word_1_724' title='bbox 1268 4919 1535 4964; x_wconf 89' lang='lat' dir='ltr'><strong>seorsum</strong></span> <span class='ocrx_word' id='word_1_725' title='bbox 1569 4899 1811 4982; x_wconf 89' lang='lat' dir='ltr'><strong>quidem</strong></span> <span class='ocrx_word' id='word_1_726' title='bbox 1841 4910 1981 4965; x_wconf 91' lang='lat' dir='ltr'><strong>sunt</strong></span> 
     </span>
    </p>
   </div>
   <div class='ocr_carea' id='block_1_100' title="bbox 2083 4894 3708 4982">
    <p class='ocr_par' dir='ltr' id='par_1_100' title="bbox 2083 4894 3708 4976">
     <span class='ocr_line' id='line_1_101' title="bbox 2083 4894 3708 4976; baseline 0.001 -22"><span class='ocrx_word' id='word_1_727' title='bbox 2083 4899 2137 4962; x_wconf 69' lang='lat' dir='ltr'><strong>bc</strong></span> <span class='ocrx_word' id='word_1_728' title='bbox 2207 4896 2492 4968; x_wconf 78' lang='grc' dir='ltr'>ἰδιάζοντες</span> <span class='ocrx_word' id='word_1_729' title='bbox 2575 4894 2672 4970; x_wconf 82' lang='grc' dir='ltr'><strong>μέν</strong></span> <span class='ocrx_word' id='word_1_730' title='bbox 2743 4894 3029 4976; x_wconf 76' lang='grc' dir='ltr'>ἅνθρωποι,</span> <span class='ocrx_word' id='word_1_731' title='bbox 3114 4901 3202 4955; x_wconf 86' lang='grc' dir='ltr'><strong>καὶ</strong></span> <span class='ocrx_word' id='word_1_732' title='bbox 3285 4899 3518 4974; x_wconf 77' lang='grc' dir='ltr'>μάλιστα</span> <span class='ocrx_word' id='word_1_733' title='bbox 3598 4907 3708 4957; x_wconf 78' lang='grc' dir='ltr'>τῶν</span> 
     </span>
    </p>
   </div>
   <div class='ocr_carea' id='block_1_101' title="bbox 339 4981 1996 5069">
    <p class='ocr_par' dir='ltr' id='par_1_101' title="bbox 339 4981 1980 5069">
     <span class='ocr_line' id='line_1_102' title="bbox 339 4981 1980 5069; baseline -0.001 -15"><span class='ocrx_word' id='word_1_734' title='bbox 339 4981 640 5065; x_wconf 85' lang='lat' dir='ltr'><strong>homines,</strong></span> <span class='ocrx_word' id='word_1_735' title='bbox 681 4997 738 5051; x_wconf 90' lang='lat' dir='ltr'><strong>et</strong></span> <span class='ocrx_word' id='word_1_736' title='bbox 768 4981 1024 5053; x_wconf 81' lang='lat' dir='ltr'><strong>maxime</strong></span> <span class='ocrx_word' id='word_1_737' title='bbox 1069 4990 1178 5054; x_wconf 90' lang='lat' dir='ltr'><strong>viri</strong></span> <span class='ocrx_word' id='word_1_738' title='bbox 1207 4990 1352 5054; x_wconf 87' lang='lat' dir='ltr'><strong>clari</strong></span> <span class='ocrx_word' id='word_1_739' title='bbox 1383 4999 1441 5053; x_wconf 84' lang='lat' dir='ltr'><strong>et</strong></span> <span class='ocrx_word' id='word_1_740' title='bbox 1456 4981 1743 5069; x_wconf 85' lang='lat' dir='ltr'><strong>insignes,</strong></span> <span class='ocrx_word' id='word_1_741' title='bbox 1777 4989 1980 5052; x_wconf 86' lang='lat' dir='ltr'><strong>ferunt</strong></span> 
     </span>
    </p>
   </div>
   <div class='ocr_carea' id='block_1_102' title="bbox 2083 4981 3702 5069">
    <p class='ocr_par' dir='ltr' id='par_1_102' title="bbox 2088 4981 3702 5067">
     <span class='ocr_line' id='line_1_103' title="bbox 2088 4981 3702 5067; baseline -0.006 -23"><span class='ocrx_word' id='word_1_742' title='bbox 2088 4986 2328 5067; x_wconf 81' lang='grc' dir='ltr'>πιφανῶν</span> <span class='ocrx_word' id='word_1_743' title='bbox 2383 5005 2440 5042; x_wconf 84' lang='grc' dir='ltr'><strong>τε</strong></span> <span class='ocrx_word' id='word_1_744' title='bbox 2495 4984 2582 5040; x_wconf 83' lang='grc' dir='ltr'><strong>καὶ</strong></span> <span class='ocrx_word' id='word_1_745' title='bbox 2639 4981 3027 5064; x_wconf 69' lang='grc' dir='ltr'>περιϐλέπτων,</span> <span class='ocrx_word' id='word_1_746' title='bbox 3101 4985 3311 5065; x_wconf 79' lang='grc' dir='ltr'>φέρουσι</span> <span class='ocrx_word' id='word_1_747' title='bbox 3384 4987 3502 5053; x_wconf 82' lang='grc' dir='ltr'>τοὺς</span> <span class='ocrx_word' id='word_1_748' title='bbox 3547 4985 3702 5066; x_wconf 83' lang='grc' dir='ltr'><strong>ἐλέγ-</strong></span> 
     </span>
    </p>
   </div>
   <div class='ocr_carea' id='block_1_103' title="bbox 333 5069 1996 5159">
    <p class='ocr_par' dir='ltr' id='par_1_103' title="bbox 333 5073 1978 5159">
     <span class='ocr_line' id='line_1_104' title="bbox 333 5073 1978 5159; baseline -0.001 -20"><span class='ocrx_word' id='word_1_749' title='bbox 333 5079 860 5159; x_wconf 86' lang='lat' dir='ltr'><strong>reprehensiones,</strong></span> <span class='ocrx_word' id='word_1_750' title='bbox 891 5086 950 5141; x_wconf 89' lang='lat' dir='ltr'><strong>et</strong></span> <span class='ocrx_word' id='word_1_751' title='bbox 979 5096 1112 5140; x_wconf 91' lang='lat' dir='ltr'><strong>cum</strong></span> <span class='ocrx_word' id='word_1_752' title='bbox 1145 5095 1217 5140; x_wconf 87' lang='lat' dir='ltr'><strong>ea</strong></span> <span class='ocrx_word' id='word_1_753' title='bbox 1245 5096 1380 5159; x_wconf 69' lang='lat' dir='ltr'><strong>quae</strong></span> <span class='ocrx_word' id='word_1_754' title='bbox 1409 5079 1496 5139; x_wconf 90' lang='lat' dir='ltr'><strong>eis</strong></span> <span class='ocrx_word' id='word_1_755' title='bbox 1525 5094 1685 5157; x_wconf 65' lang='lat' dir='ltr'><strong>saepe</strong></span> <span class='ocrx_word' id='word_1_756' title='bbox 1713 5073 1835 5136; x_wconf 88' lang='lat' dir='ltr'><strong>visa</strong></span> <span class='ocrx_word' id='word_1_757' title='bbox 1858 5074 1978 5137; x_wconf 89' lang='lat' dir='ltr'><strong>fue-</strong></span> 
     </span>
    </p>
   </div>
   <div class='ocr_carea' id='block_1_104' title="bbox 2083 5069 3698 5159">
    <p class='ocr_par' dir='ltr' id='par_1_104' title="bbox 2083 5069 3698 5154">
     <span class='ocr_line' id='line_1_105' title="bbox 2083 5069 3698 5154; baseline 0.001 -23"><span class='ocrx_word' id='word_1_758' title='bbox 2083 5096 2215 5154; x_wconf 62' lang='grc' dir='ltr'>εους,</span> <span class='ocrx_word' id='word_1_759' title='bbox 2251 5074 2337 5131; x_wconf 84' lang='grc' dir='ltr'><strong>καὶ</strong></span> <span class='ocrx_word' id='word_1_760' title='bbox 2361 5074 2437 5131; x_wconf 80' lang='grc' dir='ltr'><strong>ὧν</strong></span> <span class='ocrx_word' id='word_1_761' title='bbox 2495 5072 2680 5136; x_wconf 75' lang='grc' dir='ltr'>αὐτοῖς</span> <span class='ocrx_word' id='word_1_762' title='bbox 2740 5069 2880 5137; x_wconf 77' lang='grc' dir='ltr'>ἔδοξε</span> <span class='ocrx_word' id='word_1_763' title='bbox 2941 5071 3203 5139; x_wconf 82' lang='grc' dir='ltr'>πολλάκις</span> <span class='ocrx_word' id='word_1_764' title='bbox 3266 5076 3698 5151; x_wconf 78' lang='grc' dir='ltr'>ἀνασκευαζομέ-</span> 
     </span>
    </p>
   </div>
   <div class='ocr_carea' id='block_1_105' title="bbox 331 5159 1996 5247">
    <p class='ocr_par' dir='ltr' id='par_1_105' title="bbox 331 5166 1977 5247">
     <span class='ocr_line' id='line_1_106' title="bbox 331 5166 1977 5247; baseline -0.001 -19"><span class='ocrx_word' id='word_1_765' title='bbox 331 5174 493 5245; x_wconf 89' lang='lat' dir='ltr'><strong>rant,</strong></span> <span class='ocrx_word' id='word_1_766' title='bbox 527 5167 907 5247; x_wconf 79' lang='lat' dir='ltr'><strong>refelluntur,</strong></span> <span class='ocrx_word' id='word_1_767' title='bbox 939 5167 1273 5231; x_wconf 89' lang='lat' dir='ltr'><strong>sustinent:</strong></span> <span class='ocrx_word' id='word_1_768' title='bbox 1327 5168 1387 5228; x_wconf 92' lang='lat' dir='ltr'><strong>in</strong></span> <span class='ocrx_word' id='word_1_769' title='bbox 1425 5166 1720 5228; x_wconf 88' lang='lat' dir='ltr'><strong>concione</strong></span> <span class='ocrx_word' id='word_1_770' title='bbox 1748 5180 1887 5225; x_wconf 90' lang='lat' dir='ltr'><strong>vero</strong></span> <span class='ocrx_word' id='word_1_771' title='bbox 1919 5183 1977 5233; x_wconf 77' lang='lat' dir='ltr'><strong>et</strong></span> 
     </span>
    </p>
   </div>
   <div class='ocr_carea' id='block_1_106' title="bbox 2083 5159 3701 5247">
    <p class='ocr_par' dir='ltr' id='par_1_106' title="bbox 2083 5159 3701 5243">
     <span class='ocr_line' id='line_1_107' title="bbox 2083 5159 3701 5243; baseline 0.002 -24"><span class='ocrx_word' id='word_1_772' title='bbox 2083 5185 2162 5220; x_wconf 69' lang='grc' dir='ltr'>’ων</span> <span class='ocrx_word' id='word_1_773' title='bbox 2245 5162 2557 5242; x_wconf 82' lang='grc' dir='ltr'>ἀνέχονται,</span> <span class='ocrx_word' id='word_1_774' title='bbox 2629 5159 3066 5232; x_wconf 81' lang='grc' dir='ltr'>ἐκκλησιάζοντες</span> <span class='ocrx_word' id='word_1_775' title='bbox 3151 5161 3227 5238; x_wconf 79' lang='grc' dir='ltr'>δὲ,</span> <span class='ocrx_word' id='word_1_776' title='bbox 3302 5162 3701 5243; x_wconf 84' lang='grc' dir='ltr'>δυσχεραίνουσί</span> 
     </span>
    </p>
   </div>
   <div class='ocr_carea' id='block_1_107' title="bbox 330 5249 1996 5337">
    <p class='ocr_par' dir='ltr' id='par_1_107' title="bbox 330 5253 1970 5337">
     <span class='ocr_line' id='line_1_108' title="bbox 330 5253 1970 5337; baseline -0.002 -20"><span class='ocrx_word' id='word_1_777' title='bbox 330 5265 682 5334; x_wconf 85' lang='lat' dir='ltr'><strong>congregata</strong></span> <span class='ocrx_word' id='word_1_778' title='bbox 701 5255 1104 5337; x_wconf 80' lang='lat' dir='ltr'><strong>multitudine,</strong></span> <span class='ocrx_word' id='word_1_779' title='bbox 1138 5275 1294 5336; x_wconf 69' lang='lat' dir='ltr'><strong>aegre</strong></span> <span class='ocrx_word' id='word_1_780' title='bbox 1323 5256 1563 5319; x_wconf 87' lang='lat' dir='ltr'><strong>fuerunt</strong></span> <span class='ocrx_word' id='word_1_781' title='bbox 1585 5274 1651 5317; x_wconf 90' lang='lat' dir='ltr'><strong>se</strong></span> <span class='ocrx_word' id='word_1_782' title='bbox 1672 5253 1970 5331; x_wconf 86' lang='lat' dir='ltr'><strong>redargui,</strong></span> 
     </span>
    </p>
   </div>
   <div class='ocr_carea' id='block_1_108' title="bbox 2083 5249 3696 5337">
    <p class='ocr_par' dir='ltr' id='par_1_108' title="bbox 2083 5249 3696 5330">
     <span class='ocr_line' id='line_1_109' title="bbox 2083 5249 3696 5330; baseline 0 -22"><span class='ocrx_word' id='word_1_783' title='bbox 2083 5275 2113 5308; x_wconf 49' lang='grc' dir='ltr'>ηε</span> <span class='ocrx_word' id='word_1_784' title='bbox 2143 5249 2567 5330; x_wconf 78' lang='grc' dir='ltr'>διελεγχόμενοι,</span> <span class='ocrx_word' id='word_1_785' title='bbox 2603 5250 2689 5305; x_wconf 83' lang='grc' dir='ltr'>καὶ</span> <span class='ocrx_word' id='word_1_786' title='bbox 2737 5251 2868 5325; x_wconf 76' lang='grc' dir='ltr'>πρὸς</span> <span class='ocrx_word' id='word_1_787' title='bbox 2922 5250 2988 5306; x_wconf 77' lang='grc' dir='ltr'>τὰ</span> <span class='ocrx_word' id='word_1_788' title='bbox 3042 5249 3327 5328; x_wconf 81' lang='grc' dir='ltr'>δεδογμένα</span> <span class='ocrx_word' id='word_1_789' title='bbox 3375 5253 3696 5318; x_wconf 80' lang='grc' dir='ltr'>ἐνστατικῶς</span> 
     </span>
    </p>
   </div>
   <div class='ocr_carea' id='block_1_109' title="bbox 331 5336 1996 5426">
    <p class='ocr_par' dir='ltr' id='par_1_109' title="bbox 331 5342 1970 5426">
     <span class='ocr_line' id='line_1_110' title="bbox 331 5342 1970 5426; baseline 0 -24"><span class='ocrx_word' id='word_1_790' title='bbox 331 5351 390 5403; x_wconf 91' lang='lat' dir='ltr'><strong>et</strong></span> <span class='ocrx_word' id='word_1_791' title='bbox 422 5351 766 5404; x_wconf 81' lang='lat' dir='ltr'><strong>constanter</strong></span> <span class='ocrx_word' id='word_1_792' title='bbox 799 5351 1150 5424; x_wconf 89' lang='lat' dir='ltr'><strong>permanent</strong></span> <span class='ocrx_word' id='word_1_793' title='bbox 1180 5346 1243 5407; x_wconf 94' lang='lat' dir='ltr'><strong>in</strong></span> <span class='ocrx_word' id='word_1_794' title='bbox 1272 5345 1345 5408; x_wconf 90' lang='lat' dir='ltr'><strong>iis</strong></span> <span class='ocrx_word' id='word_1_795' title='bbox 1376 5363 1510 5426; x_wconf 52' lang='lat' dir='ltr'><strong>quae.</strong></span> <span class='ocrx_word' id='word_1_796' title='bbox 1537 5344 1651 5407; x_wconf 89' lang='lat' dir='ltr'><strong>sibi</strong></span> <span class='ocrx_word' id='word_1_797' title='bbox 1685 5343 1809 5404; x_wconf 87' lang='lat' dir='ltr'><strong>visa</strong></span> <span class='ocrx_word' id='word_1_798' title='bbox 1837 5342 1970 5404; x_wconf 84' lang='lat' dir='ltr'><strong>fue-</strong></span> 
     </span>
    </p>
   </div>
   <div class='ocr_carea' id='block_1_110' title="bbox 2083 5336 3696 5426">
    <p class='ocr_par' dir='ltr' id='par_1_110' title="bbox 2085 5336 3696 5426">
     <span class='ocr_line' id='line_1_111' title="bbox 2085 5336 3696 5426; baseline 0.002 -31"><span class='ocrx_word' id='word_1_799' title='bbox 2085 5362 2242 5420; x_wconf 75' lang='grc' dir='ltr'>χουει</span> <span class='ocrx_word' id='word_1_800' title='bbox 2275 5357 2290 5372; x_wconf 84' lang='lat'>&#39;</span> <span class='ocrx_word' id='word_1_801' title='bbox 2355 5341 2506 5396; x_wconf 77' lang='grc' dir='ltr'>τοῦτο</span> <span class='ocrx_word' id='word_1_802' title='bbox 2551 5337 2764 5426; x_wconf 44' lang='grc' dir='ltr'>,ἐκεῖνος</span> <span class='ocrx_word' id='word_1_803' title='bbox 2812 5336 2999 5416; x_wconf 76' lang='grc' dir='ltr'>ἄριστα</span> <span class='ocrx_word' id='word_1_804' title='bbox 3041 5337 3282 5414; x_wconf 86' lang='grc' dir='ltr'>συνιδὼν,</span> <span class='ocrx_word' id='word_1_805' title='bbox 3333 5342 3421 5398; x_wconf 83' lang='grc' dir='ltr'><strong>καὶ</strong></span> <span class='ocrx_word' id='word_1_806' title='bbox 3463 5339 3544 5397; x_wconf 79' lang='grc' dir='ltr'><strong>ὅτι</strong></span> <span class='ocrx_word' id='word_1_807' title='bbox 3592 5339 3696 5399; x_wconf 83' lang='grc' dir='ltr'>λο-</span> 
     </span>
    </p>
   </div>
   <div class='ocr_carea' id='block_1_111' title="bbox 325 5416 1996 5514">
    <p class='ocr_par' dir='ltr' id='par_1_111' title="bbox 325 5416 1966 5514">
     <span class='ocr_line' id='line_1_112' title="bbox 325 5416 1966 5514; baseline 0 -24"><span class='ocrx_word' id='word_1_808' title='bbox 325 5430 450 5491; x_wconf 89' lang='lat' dir='ltr'><strong>rint</strong></span> <span class='ocrx_word' id='word_1_809' title='bbox 476 5451 491 5492; x_wconf 89' lang='lat'><strong>:</strong></span> <span class='ocrx_word' id='word_1_810' title='bbox 528 5433 640 5492; x_wconf 89' lang='lat' dir='ltr'><strong>hoc</strong></span> <span class='ocrx_word' id='word_1_811' title='bbox 670 5432 771 5493; x_wconf 88' lang='lat' dir='ltr'><strong>ille</strong></span> <span class='ocrx_word' id='word_1_812' title='bbox 799 5416 1021 5512; x_wconf 81' lang='lat' dir='ltr'><strong>optime</strong></span> <span class='ocrx_word' id='word_1_813' title='bbox 1051 5416 1463 5514; x_wconf 73' lang='lat' dir='ltr'><strong>considerans,</strong></span> <span class='ocrx_word' id='word_1_814' title='bbox 1495 5442 1554 5496; x_wconf 89' lang='lat' dir='ltr'><strong>et</strong></span> <span class='ocrx_word' id='word_1_815' title='bbox 1579 5432 1734 5514; x_wconf 92' lang='lat' dir='ltr'><strong>quod</strong></span> <span class='ocrx_word' id='word_1_816' title='bbox 1764 5430 1966 5494; x_wconf 87' lang='lat' dir='ltr'><strong>erudi-</strong></span> 
     </span>
    </p>
   </div>
   <div class='ocr_carea' id='block_1_112' title="bbox 2083 5416 3694 5514">
    <p class='ocr_par' dir='ltr' id='par_1_112' title="bbox 2083 5416 3694 5507">
     <span class='ocr_line' id='line_1_113' title="bbox 2083 5416 3694 5507; baseline 0.001 -21"><span class='ocrx_word' id='word_1_817' title='bbox 2083 5416 2314 5493; x_wconf 69' lang='grc' dir='ltr'>ἰὦτατος</span> <span class='ocrx_word' id='word_1_818' title='bbox 2344 5427 2440 5504; x_wconf 74' lang='grc' dir='ltr'>μὲν</span> <span class='ocrx_word' id='word_1_819' title='bbox 2473 5429 2501 5483; x_wconf 92' lang='lat'><strong>6</strong></span> <span class='ocrx_word' id='word_1_820' title='bbox 2551 5416 2901 5504; x_wconf 83' lang='grc' dir='ltr'>Ἐρμογένης,</span> <span class='ocrx_word' id='word_1_821' title='bbox 2969 5426 3115 5485; x_wconf 81' lang='grc' dir='ltr'>οὔπω</span> <span class='ocrx_word' id='word_1_822' title='bbox 3172 5425 3225 5484; x_wconf 81' lang='grc' dir='ltr'>δὲ</span> <span class='ocrx_word' id='word_1_823' title='bbox 3283 5431 3369 5488; x_wconf 85' lang='grc' dir='ltr'><strong>καὶ</strong></span> <span class='ocrx_word' id='word_1_824' title='bbox 3430 5426 3694 5507; x_wconf 86' lang='grc' dir='ltr'>δόγματος</span> 
     </span>
    </p>
   </div>
   <div class='ocr_carea' id='block_1_113' title="bbox 327 5513 1996 5601">
    <p class='ocr_par' dir='ltr' id='par_1_113' title="bbox 327 5513 1964 5601">
     <span class='ocr_line' id='line_1_114' title="bbox 327 5513 1964 5601; baseline 0.001 -24"><span class='ocrx_word' id='word_1_825' title='bbox 327 5517 598 5578; x_wconf 89' lang='lat' dir='ltr'><strong>tissimus</strong></span> <span class='ocrx_word' id='word_1_826' title='bbox 632 5519 876 5594; x_wconf 88' lang='lat' dir='ltr'><strong>quidem</strong></span> <span class='ocrx_word' id='word_1_827' title='bbox 910 5521 996 5581; x_wconf 86' lang='lat' dir='ltr'><strong>vir</strong></span> <span class='ocrx_word' id='word_1_828' title='bbox 1043 5528 1170 5582; x_wconf 88' lang='lat' dir='ltr'><strong>erat</strong></span> <span class='ocrx_word' id='word_1_829' title='bbox 1207 5513 1639 5601; x_wconf 85' lang='lat' dir='ltr'><strong>Hermogenes,</strong></span> <span class='ocrx_word' id='word_1_830' title='bbox 1701 5517 1964 5581; x_wconf 86' lang='lat' dir='ltr'><strong>nondum</strong></span> 
     </span>
    </p>
   </div>
   <div class='ocr_carea' id='block_1_114' title="bbox 2083 5513 3691 5601">
    <p class='ocr_par' dir='ltr' id='par_1_114' title="bbox 2083 5513 3691 5599">
     <span class='ocr_line' id='line_1_115' title="bbox 2083 5513 3691 5599; baseline 0.001 -26"><span class='ocrx_word' id='word_1_831' title='bbox 2083 5523 2178 5588; x_wconf 74' lang='grc' dir='ltr'><strong>ψος</strong></span> <span class='ocrx_word' id='word_1_832' title='bbox 2249 5523 2498 5575; x_wconf 80' lang='grc' dir='ltr'>τοσοῦτον</span> <span class='ocrx_word' id='word_1_833' title='bbox 2571 5513 2894 5572; x_wconf 83' lang='grc' dir='ltr'>καταλαϐεῖν</span> <span class='ocrx_word' id='word_1_834' title='bbox 2951 5517 3148 5590; x_wconf 75' lang='grc' dir='ltr'>ἱκανὸς,</span> <span class='ocrx_word' id='word_1_835' title='bbox 3224 5519 3310 5575; x_wconf 83' lang='grc' dir='ltr'><strong>καὶ</strong></span> <span class='ocrx_word' id='word_1_836' title='bbox 3381 5520 3478 5590; x_wconf 83' lang='grc' dir='ltr'><strong>ὡς,</strong></span> <span class='ocrx_word' id='word_1_837' title='bbox 3536 5516 3691 5599; x_wconf 75' lang='grc' dir='ltr'>εἴπερ</span> 
     </span>
    </p>
   </div>
   <div class='ocr_carea' id='block_1_115' title="bbox 326 5605 1996 5692">
    <p class='ocr_par' dir='ltr' id='par_1_115' title="bbox 326 5606 1961 5692">
     <span class='ocr_line' id='line_1_116' title="bbox 326 5606 1961 5692; baseline -0.001 -24"><span class='ocrx_word' id='word_1_838' title='bbox 326 5616 521 5669; x_wconf 88' lang='lat' dir='ltr'><strong>autem</strong></span> <span class='ocrx_word' id='word_1_839' title='bbox 550 5614 780 5688; x_wconf 83' lang='lat' dir='ltr'><strong>poterat</strong></span> <span class='ocrx_word' id='word_1_840' title='bbox 801 5608 1542 5692; x_wconf 77' lang='lat' dir='ltr'><strong>comprehenderetantarn</strong></span> <span class='ocrx_word' id='word_1_841' title='bbox 1559 5610 1854 5690; x_wconf 90' lang='lat' dir='ltr'><strong>dogmatis</strong></span> <span class='ocrx_word' id='word_1_842' title='bbox 1870 5606 1961 5667; x_wconf 89' lang='lat' dir='ltr'><strong>al-</strong></span> 
     </span>
    </p>
   </div>
   <div class='ocr_carea' id='block_1_116' title="bbox 2083 5605 3688 5692">
    <p class='ocr_par' dir='ltr' id='par_1_116' title="bbox 2083 5605 3688 5688">
     <span class='ocr_line' id='line_1_117' title="bbox 2083 5605 3688 5688; baseline -0.001 -24"><span class='ocrx_word' id='word_1_843' title='bbox 2083 5605 2208 5672; x_wconf 70' lang='grc' dir='ltr'>ὗτως</span> <span class='ocrx_word' id='word_1_844' title='bbox 2265 5608 2338 5670; x_wconf 81' lang='grc' dir='ltr'>εἰς</span> <span class='ocrx_word' id='word_1_845' title='bbox 2398 5609 2459 5664; x_wconf 77' lang='grc' dir='ltr'>τὸ</span> <span class='ocrx_word' id='word_1_846' title='bbox 2505 5607 2656 5687; x_wconf 83' lang='grc' dir='ltr'>βῆμα</span> <span class='ocrx_word' id='word_1_847' title='bbox 2713 5606 2959 5684; x_wconf 78' lang='grc' dir='ltr'>χωρήσοι</span> <span class='ocrx_word' id='word_1_848' title='bbox 3005 5605 3084 5681; x_wconf 82' lang='grc' dir='ltr'><strong>μῆ</strong></span> <span class='ocrx_word' id='word_1_849' title='bbox 3117 5607 3552 5688; x_wconf 77' lang='grc' dir='ltr'>προκατηχηθεῖς</span> <span class='ocrx_word' id='word_1_850' title='bbox 3584 5606 3688 5675; x_wconf 64' lang='grc' dir='ltr'>τὴν</span> 
     </span>
    </p>
   </div>
  </div>
