  <div class='ocr_page' id='page_1' title='image "/cluster/home/n/w/nwhite01/storage/ocr_20150623/116/mdp.39015008903554/196.png"; bbox 0 0 4006 6146; ppageno 0'>
   <div class='ocr_carea' id='block_1_1' title="bbox 247 298 358 377">
    <p class='ocr_par' dir='ltr' id='par_1_1' title="bbox 247 298 358 377">
     <span class='ocr_line' id='line_1_1' title="bbox 247 298 358 377; baseline 0.081 -9"><span class='ocrx_word' id='word_1_1' title='bbox 247 298 358 377; x_wconf 83' lang='lat'><strong>37.7</strong></span> 
     </span>
    </p>
   </div>
   <div class='ocr_carea' id='block_1_2' title="bbox 1195 299 2654 366">
    <p class='ocr_par' dir='ltr' id='par_1_2' title="bbox 1195 299 2654 366">
     <span class='ocr_line' id='line_1_2' title="bbox 1195 299 2654 366; baseline -0.003 0"><span class='ocrx_word' id='word_1_2' title='bbox 1195 299 1668 366; x_wconf 80' lang='lat' dir='ltr'><strong>MARTYRIUM</strong></span> <span class='ocrx_word' id='word_1_3' title='bbox 1720 300 1781 364; x_wconf 91' lang='lat' dir='ltr'><strong>S.</strong></span> <span class='ocrx_word' id='word_1_4' title='bbox 1827 300 2066 365; x_wconf 66' lang='lat' dir='ltr'><strong>MENE</strong></span> <span class='ocrx_word' id='word_1_5' title='bbox 2107 301 2210 364; x_wconf 91' lang='lat' dir='ltr'><strong>ET</strong></span> <span class='ocrx_word' id='word_1_6' title='bbox 2249 301 2654 366; x_wconf 84' lang='lat' dir='ltr'><strong>SOCIORUM.</strong></span> 
     </span>
    </p>
   </div>
   <div class='ocr_carea' id='block_1_3' title="bbox 3499 289 3618 365">
    <p class='ocr_par' dir='ltr' id='par_1_3' title="bbox 3499 289 3618 365">
     <span class='ocr_line' id='line_1_3' title="bbox 3499 289 3618 365; baseline -0.017 0"><span class='ocrx_word' id='word_1_7' title='bbox 3499 289 3618 365; x_wconf 84' lang='lat'><strong>378</strong></span> 
     </span>
    </p>
   </div>
   <div class='ocr_carea' id='block_1_4' title="bbox 245 432 1893 516">
    <p class='ocr_par' dir='ltr' id='par_1_4' title="bbox 245 433 1883 516">
     <span class='ocr_line' id='line_1_4' title="bbox 245 433 1883 516; baseline 0.001 -24"><span class='ocrx_word' id='word_1_8' title='bbox 245 433 531 511; x_wconf 73' lang='grc' dir='ltr'>εὗσέϐειαν,</span> <span class='ocrx_word' id='word_1_9' title='bbox 593 434 734 512; x_wconf 76' lang='grc' dir='ltr'>μηδὲ</span> <span class='ocrx_word' id='word_1_10' title='bbox 799 441 905 494; x_wconf 84' lang='grc' dir='ltr'><strong>τῶν</strong></span> <span class='ocrx_word' id='word_1_11' title='bbox 964 441 1210 514; x_wconf 80' lang='grc' dir='ltr'>πονηρῶν</span> <span class='ocrx_word' id='word_1_12' title='bbox 1265 436 1590 516; x_wconf 64' lang='grc' dir='ltr'>προλήψεων</span> <span class='ocrx_word' id='word_1_13' title='bbox 1660 435 1883 516; x_wconf 85' lang='grc' dir='ltr'>προδια-</span> 
     </span>
    </p>
   </div>
   <div class='ocr_carea' id='block_1_5' title="bbox 1978 432 3614 516">
    <p class='ocr_par' dir='ltr' id='par_1_5' title="bbox 1978 432 3614 514">
     <span class='ocr_line' id='line_1_5' title="bbox 1978 432 3614 514; baseline -0.001 -18"><span class='ocrx_word' id='word_1_14' title='bbox 1978 435 2337 498; x_wconf 89' lang='lat' dir='ltr'><strong>titudinem:</strong></span> <span class='ocrx_word' id='word_1_15' title='bbox 2393 443 2453 499; x_wconf 88' lang='lat' dir='ltr'><strong>et</strong></span> <span class='ocrx_word' id='word_1_16' title='bbox 2502 435 2659 514; x_wconf 86' lang='lat' dir='ltr'><strong>quod</strong></span> <span class='ocrx_word' id='word_1_17' title='bbox 2700 433 2751 499; x_wconf 81' lang='lat' dir='ltr'><strong>si</strong></span> <span class='ocrx_word' id='word_1_18' title='bbox 2795 435 2881 498; x_wconf 90' lang='lat' dir='ltr'><strong>sic</strong></span> <span class='ocrx_word' id='word_1_19' title='bbox 2925 433 3283 499; x_wconf 80' lang='lat' dir='ltr'><strong>ascenderet</strong></span> <span class='ocrx_word' id='word_1_20' title='bbox 3326 432 3614 508; x_wconf 74' lang='lat' dir='ltr'><strong>tribunal,</strong></span> 
     </span>
    </p>
   </div>
   <div class='ocr_carea' id='block_1_6' title="bbox 246 523 1891 606">
    <p class='ocr_par' dir='ltr' id='par_1_6' title="bbox 246 523 1891 606">
     <span class='ocr_line' id='line_1_6' title="bbox 246 523 1891 606; baseline 0.002 -24"><span class='ocrx_word' id='word_1_21' title='bbox 246 526 549 584; x_wconf 71' lang='grc' dir='ltr'>σὲισθεισῶν</span> <span class='ocrx_word' id='word_1_22' title='bbox 594 526 758 600; x_wconf 76' lang='grc' dir='ltr'>αὐτῶ,</span> <span class='ocrx_word' id='word_1_23' title='bbox 791 524 951 604; x_wconf 84' lang='grc' dir='ltr'>λόγου</span> <span class='ocrx_word' id='word_1_24' title='bbox 995 523 1308 603; x_wconf 54' lang='grc' dir='ltr'>ἓπιστήμη,</span> <span class='ocrx_word' id='word_1_25' title='bbox 1355 527 1443 584; x_wconf 81' lang='grc' dir='ltr'>καὶ</span> <span class='ocrx_word' id='word_1_26' title='bbox 1495 527 1698 606; x_wconf 81' lang='grc' dir='ltr'>φύσεως</span> <span class='ocrx_word' id='word_1_27' title='bbox 1759 527 1891 605; x_wconf 80' lang='grc' dir='ltr'>κρά-</span> 
     </span>
    </p>
   </div>
   <div class='ocr_carea' id='block_1_7' title="bbox 244 613 1892 696">
    <p class='ocr_par' dir='ltr' id='par_1_7' title="bbox 244 613 1892 696">
     <span class='ocr_line' id='line_1_7' title="bbox 244 613 1892 696; baseline -0.001 -24"><span class='ocrx_word' id='word_1_28' title='bbox 244 638 353 689; x_wconf 85' lang='grc' dir='ltr'><strong>τος,</strong></span> <span class='ocrx_word' id='word_1_29' title='bbox 387 619 485 672; x_wconf 86' lang='grc' dir='ltr'><strong>καί</strong></span> <span class='ocrx_word' id='word_1_30' title='bbox 550 614 655 694; x_wconf 79' lang='grc' dir='ltr'>ἔρις</span> <span class='ocrx_word' id='word_1_31' title='bbox 689 620 874 695; x_wconf 79' lang='grc' dir='ltr'>ψυχῆς</span> <span class='ocrx_word' id='word_1_32' title='bbox 924 615 978 672; x_wconf 80' lang='grc' dir='ltr'><strong>ἐν</strong></span> <span class='ocrx_word' id='word_1_33' title='bbox 1033 615 1338 696; x_wconf 75' lang='grc' dir='ltr'>ἄρχοντικῷ</span> <span class='ocrx_word' id='word_1_34' title='bbox 1379 622 1455 687; x_wconf 85' lang='grc' dir='ltr'>τῷ</span> <span class='ocrx_word' id='word_1_35' title='bbox 1485 616 1785 695; x_wconf 85' lang='grc' dir='ltr'>φρυάγματι</span> <span class='ocrx_word' id='word_1_36' title='bbox 1833 613 1892 671; x_wconf 76' lang='grc' dir='ltr'><strong>ού</strong></span> 
     </span>
    </p>
   </div>
   <div class='ocr_carea' id='block_1_8' title="bbox 248 702 1888 783">
    <p class='ocr_par' dir='ltr' id='par_1_8' title="bbox 248 702 1888 783">
     <span class='ocr_line' id='line_1_8' title="bbox 248 702 1888 783; baseline -0.001 -22"><span class='ocrx_word' id='word_1_37' title='bbox 248 705 406 780; x_wconf 88' lang='grc' dir='ltr'>μόνον</span> <span class='ocrx_word' id='word_1_38' title='bbox 482 702 732 780; x_wconf 71' lang='grc' dir='ltr'>ὲμποδὼν</span> <span class='ocrx_word' id='word_1_39' title='bbox 803 705 1008 763; x_wconf 78' lang='grc' dir='ltr'>ἔσονται</span> <span class='ocrx_word' id='word_1_40' title='bbox 1063 707 1193 783; x_wconf 88' lang='grc' dir='ltr'>πρὸς</span> <span class='ocrx_word' id='word_1_41' title='bbox 1251 703 1537 783; x_wconf 81' lang='grc' dir='ltr'><strong>παράδοσιν</strong></span> <span class='ocrx_word' id='word_1_42' title='bbox 1606 702 1888 780; x_wconf 69' lang='grc' dir='ltr'>εὐσεϐείας,</span> 
     </span>
    </p>
   </div>
   <div class='ocr_carea' id='block_1_9' title="bbox 241 793 1893 869">
    <p class='ocr_par' dir='ltr' id='par_1_9' title="bbox 241 793 1893 869">
     <span class='ocr_line' id='line_1_9' title="bbox 241 793 1893 869; baseline -0.001 -18"><span class='ocrx_word' id='word_1_43' title='bbox 241 794 372 852; x_wconf 80' lang='grc' dir='ltr'>ἀλλὰ</span> <span class='ocrx_word' id='word_1_44' title='bbox 432 794 533 851; x_wconf 77' lang='grc' dir='ltr'>καί</span> <span class='ocrx_word' id='word_1_45' title='bbox 583 795 778 857; x_wconf 78' lang='grc' dir='ltr'>ἱκανῶς</span> <span class='ocrx_word' id='word_1_46' title='bbox 827 794 995 860; x_wconf 80' lang='grc' dir='ltr'>ἕξουσι</span> <span class='ocrx_word' id='word_1_47' title='bbox 1065 793 1222 852; x_wconf 90' lang='grc' dir='ltr'>πόλιν</span> <span class='ocrx_word' id='word_1_48' title='bbox 1277 795 1564 869; x_wconf 82' lang='grc' dir='ltr'><strong>τοσαύτην,</strong></span> <span class='ocrx_word' id='word_1_49' title='bbox 1624 796 1712 851; x_wconf 86' lang='grc' dir='ltr'><strong>καὶ</strong></span> <span class='ocrx_word' id='word_1_50' title='bbox 1783 793 1893 869; x_wconf 68' lang='lat' dir='ltr'><strong>pai-</strong></span> 
     </span>
    </p>
   </div>
   <div class='ocr_carea' id='block_1_10' title="bbox 240 882 1896 963">
    <p class='ocr_par' dir='ltr' id='par_1_10' title="bbox 240 882 1896 963">
     <span class='ocr_line' id='line_1_10' title="bbox 240 882 1896 963; baseline -0.001 -23"><span class='ocrx_word' id='word_1_51' title='bbox 240 883 390 941; x_wconf 87' lang='grc' dir='ltr'>λιστα</span> <span class='ocrx_word' id='word_1_52' title='bbox 431 887 553 958; x_wconf 88' lang='grc' dir='ltr'>περὶ</span> <span class='ocrx_word' id='word_1_53' title='bbox 612 889 714 951; x_wconf 78' lang='grc' dir='ltr'><strong>την</strong></span> <span class='ocrx_word' id='word_1_54' title='bbox 773 885 950 941; x_wconf 85' lang='grc' dir='ltr'>πίστιν</span> <span class='ocrx_word' id='word_1_55' title='bbox 1019 889 1284 961; x_wconf 78' lang='grc' dir='ltr'>νεοπαγῆ,</span> <span class='ocrx_word' id='word_1_56' title='bbox 1346 882 1639 963; x_wconf 84' lang='grc' dir='ltr'>διαφθεῖραί</span> <span class='ocrx_word' id='word_1_57' title='bbox 1693 905 1750 940; x_wconf 88' lang='grc' dir='ltr'><strong>τε</strong></span> <span class='ocrx_word' id='word_1_58' title='bbox 1809 885 1896 938; x_wconf 83' lang='grc' dir='ltr'><strong>καὶ</strong></span> 
     </span>
    </p>
   </div>
   <div class='ocr_carea' id='block_1_11' title="bbox 245 970 1897 1052">
    <p class='ocr_par' dir='ltr' id='par_1_11' title="bbox 245 970 1897 1052">
     <span class='ocr_line' id='line_1_11' title="bbox 245 970 1897 1052; baseline -0.001 -24"><span class='ocrx_word' id='word_1_59' title='bbox 245 974 306 1029; x_wconf 75' lang='grc' dir='ltr'><strong>τὰ</strong></span> <span class='ocrx_word' id='word_1_60' title='bbox 377 970 568 1040; x_wconf 77' lang='grc' dir='ltr'>εὗσεΕῆ</span> <span class='ocrx_word' id='word_1_61' title='bbox 640 973 839 1042; x_wconf 79' lang='grc' dir='ltr'>ταύτης</span> <span class='ocrx_word' id='word_1_62' title='bbox 910 972 1110 1038; x_wconf 78' lang='grc' dir='ltr'><strong>ἐξελεῖν</strong></span> <span class='ocrx_word' id='word_1_63' title='bbox 1179 973 1481 1052; x_wconf 86' lang='grc' dir='ltr'>σπέρματα,</span> <span class='ocrx_word' id='word_1_64' title='bbox 1545 974 1740 1047; x_wconf 78' lang='grc' dir='ltr'>μετρίῳ</span> <span class='ocrx_word' id='word_1_65' title='bbox 1808 973 1897 1028; x_wconf 87' lang='grc' dir='ltr'><strong>καὶ</strong></span> 
     </span>
    </p>
   </div>
   <div class='ocr_carea' id='block_1_12' title="bbox 253 1061 1892 1143">
    <p class='ocr_par' dir='ltr' id='par_1_12' title="bbox 253 1061 1892 1143">
     <span class='ocr_line' id='line_1_12' title="bbox 253 1061 1892 1143; baseline 0.001 -28"><span class='ocrx_word' id='word_1_66' title='bbox 253 1064 537 1138; x_wconf 70' lang='grc' dir='ltr'>φρονήματι</span> <span class='ocrx_word' id='word_1_67' title='bbox 571 1062 664 1117; x_wconf 83' lang='grc' dir='ltr'><strong>καὶ</strong></span> <span class='ocrx_word' id='word_1_68' title='bbox 713 1069 790 1134; x_wconf 82' lang='grc' dir='ltr'>τῷ</span> <span class='ocrx_word' id='word_1_69' title='bbox 821 1064 1068 1143; x_wconf 71' lang='grc' dir='ltr'>σχήματι</span> <span class='ocrx_word' id='word_1_70' title='bbox 1099 1063 1230 1137; x_wconf 87' lang='grc' dir='ltr'>πρὸς</span> <span class='ocrx_word' id='word_1_71' title='bbox 1264 1065 1356 1118; x_wconf 87' lang='grc' dir='ltr'><strong>τὸν</strong></span> <span class='ocrx_word' id='word_1_72' title='bbox 1386 1061 1626 1142; x_wconf 80' lang='grc' dir='ltr'>ἔπαρχον</span> <span class='ocrx_word' id='word_1_73' title='bbox 1677 1062 1892 1136; x_wconf 77' lang='grc' dir='ltr'>εἴσεισι,</span> 
     </span>
    </p>
   </div>
   <div class='ocr_carea' id='block_1_13' title="bbox 254 1151 1893 1230">
    <p class='ocr_par' dir='ltr' id='par_1_13' title="bbox 254 1151 1893 1230">
     <span class='ocr_line' id='line_1_13' title="bbox 254 1151 1893 1230; baseline 0 -24"><span class='ocrx_word' id='word_1_74' title='bbox 254 1151 339 1206; x_wconf 76' lang='grc' dir='ltr'><strong>καὶ</strong></span> <span class='ocrx_word' id='word_1_75' title='bbox 393 1151 815 1228; x_wconf 74' lang='grc' dir='ltr'>προσαγορεύσας</span> <span class='ocrx_word' id='word_1_76' title='bbox 873 1153 1054 1230; x_wconf 86' lang='grc' dir='ltr'>φησίν·</span> <span class='ocrx_word' id='word_1_77' title='bbox 1133 1152 1294 1228; x_wconf 83' lang='grc' dir='ltr'>Χάρις</span> <span class='ocrx_word' id='word_1_78' title='bbox 1357 1158 1433 1226; x_wconf 86' lang='grc' dir='ltr'>τῷ</span> <span class='ocrx_word' id='word_1_79' title='bbox 1477 1153 1550 1208; x_wconf 81' lang='grc' dir='ltr'><strong>ἐνὶ</strong></span> <span class='ocrx_word' id='word_1_80' title='bbox 1625 1157 1721 1208; x_wconf 65' lang='grc' dir='ltr'>καὶ</span> <span class='ocrx_word' id='word_1_81' title='bbox 1788 1172 1893 1226; x_wconf 76' lang='grc' dir='ltr'><strong>μεο</strong></span> 
     </span>
    </p>
   </div>
   <div class='ocr_carea' id='block_1_14' title="bbox 248 1239 1892 1319">
    <p class='ocr_par' dir='ltr' id='par_1_14' title="bbox 248 1239 1892 1319">
     <span class='ocr_line' id='line_1_14' title="bbox 248 1239 1892 1319; baseline 0 -24"><span class='ocrx_word' id='word_1_82' title='bbox 248 1239 392 1316; x_wconf 65' lang='grc' dir='ltr'>γέλῳ</span> <span class='ocrx_word' id='word_1_83' title='bbox 420 1243 556 1314; x_wconf 76' lang='grc' dir='ltr'>Θεῷ,</span> <span class='ocrx_word' id='word_1_84' title='bbox 621 1240 842 1317; x_wconf 78' lang='grc' dir='ltr'>Προνοίᾳ</span> <span class='ocrx_word' id='word_1_85' title='bbox 893 1243 1014 1318; x_wconf 82' lang='grc' dir='ltr'>γὰρ,</span> <span class='ocrx_word' id='word_1_86' title='bbox 1048 1242 1121 1307; x_wconf 84' lang='grc' dir='ltr'>ὡς</span> <span class='ocrx_word' id='word_1_87' title='bbox 1177 1241 1341 1319; x_wconf 80' lang='grc' dir='ltr'>ἔοικε,</span> <span class='ocrx_word' id='word_1_88' title='bbox 1375 1242 1563 1300; x_wconf 85' lang='grc' dir='ltr'>τούτου</span> <span class='ocrx_word' id='word_1_89' title='bbox 1592 1263 1681 1298; x_wconf 91' lang='grc' dir='ltr'><strong>νυν</strong></span> <span class='ocrx_word' id='word_1_90' title='bbox 1739 1245 1892 1318; x_wconf 82' lang='grc' dir='ltr'>πρῶ-</span> 
     </span>
    </p>
   </div>
   <div class='ocr_carea' id='block_1_15' title="bbox 241 1328 1895 1409">
    <p class='ocr_par' dir='ltr' id='par_1_15' title="bbox 241 1328 1895 1409">
     <span class='ocr_line' id='line_1_15' title="bbox 241 1328 1895 1409; baseline 0.001 -26"><span class='ocrx_word' id='word_1_91' title='bbox 241 1349 330 1384; x_wconf 87' lang='grc' dir='ltr'><strong>τον</strong></span> <span class='ocrx_word' id='word_1_92' title='bbox 389 1330 416 1384; x_wconf 80' lang='grc' dir='ltr'>ὁ</span> <span class='ocrx_word' id='word_1_93' title='bbox 464 1328 676 1404; x_wconf 74' lang='grc' dir='ltr'>ὑψηλὸς</span> <span class='ocrx_word' id='word_1_94' title='bbox 734 1331 796 1386; x_wconf 87' lang='grc' dir='ltr'>σὺ</span> <span class='ocrx_word' id='word_1_95' title='bbox 857 1331 948 1385; x_wconf 63' lang='grc' dir='ltr'><strong>καῖ</strong></span> <span class='ocrx_word' id='word_1_96' title='bbox 1011 1331 1326 1409; x_wconf 76' lang='grc' dir='ltr'>περιφανὴς,</span> <span class='ocrx_word' id='word_1_97' title='bbox 1363 1331 1462 1398; x_wconf 82' lang='grc' dir='ltr'>τὴν</span> <span class='ocrx_word' id='word_1_98' title='bbox 1521 1329 1766 1408; x_wconf 75' lang='grc' dir='ltr'>μεγάλην</span> <span class='ocrx_word' id='word_1_99' title='bbox 1797 1329 1895 1386; x_wconf 69' lang='grc' dir='ltr'><strong>καί</strong></span> 
     </span>
    </p>
   </div>
   <div class='ocr_carea' id='block_1_16' title="bbox 243 1417 1896 1498">
    <p class='ocr_par' dir='ltr' id='par_1_16' title="bbox 243 1417 1896 1498">
     <span class='ocr_line' id='line_1_16' title="bbox 243 1417 1896 1498; baseline -0.001 -26"><span class='ocrx_word' id='word_1_100' title='bbox 243 1417 460 1493; x_wconf 81' lang='grc' dir='ltr'>πρώτην</span> <span class='ocrx_word' id='word_1_101' title='bbox 507 1419 596 1474; x_wconf 84' lang='grc' dir='ltr'>καὶ</span> <span class='ocrx_word' id='word_1_102' title='bbox 624 1417 1004 1493; x_wconf 79' lang='grc' dir='ltr'>βασιλεύουσαν</span> <span class='ocrx_word' id='word_1_103' title='bbox 1035 1418 1288 1493; x_wconf 62' lang='grc' dir='ltr'>ἐκλιπὼν,</span> <span class='ocrx_word' id='word_1_104' title='bbox 1321 1420 1455 1493; x_wconf 87' lang='grc' dir='ltr'>πρὸς</span> <span class='ocrx_word' id='word_1_105' title='bbox 1498 1419 1596 1486; x_wconf 80' lang='grc' dir='ltr'><strong>τὴν</strong></span> <span class='ocrx_word' id='word_1_106' title='bbox 1655 1419 1896 1498; x_wconf 80' lang='grc' dir='ltr'>ἐσχάτην</span> 
     </span>
    </p>
   </div>
   <div class='ocr_carea' id='block_1_17' title="bbox 242 1508 1896 1586">
    <p class='ocr_par' dir='ltr' id='par_1_17' title="bbox 242 1508 1896 1586">
     <span class='ocr_line' id='line_1_17' title="bbox 242 1508 1896 1586; baseline 0.003 -25"><span class='ocrx_word' id='word_1_107' title='bbox 242 1527 297 1562; x_wconf 88' lang='grc' dir='ltr'><strong>τε</strong></span> <span class='ocrx_word' id='word_1_108' title='bbox 353 1509 442 1562; x_wconf 87' lang='grc' dir='ltr'><strong>καὶ</strong></span> <span class='ocrx_word' id='word_1_109' title='bbox 488 1509 682 1586; x_wconf 81' lang='grc' dir='ltr'>μικρὰν</span> <span class='ocrx_word' id='word_1_110' title='bbox 741 1508 1111 1583; x_wconf 76' lang='grc' dir='ltr'>ἐπεδήμησας.</span> <span class='ocrx_word' id='word_1_111' title='bbox 1167 1511 1264 1567; x_wconf 79' lang='grc' dir='ltr'>Καὶ</span> <span class='ocrx_word' id='word_1_112' title='bbox 1313 1508 1601 1583; x_wconf 82' lang='grc' dir='ltr'>μέλλοντος</span> <span class='ocrx_word' id='word_1_113' title='bbox 1645 1508 1747 1576; x_wconf 72' lang='grc' dir='ltr'>ἤδη</span> <span class='ocrx_word' id='word_1_114' title='bbox 1803 1516 1896 1566; x_wconf 84' lang='grc' dir='ltr'>τοῦ</span> 
     </span>
    </p>
   </div>
   <div class='ocr_carea' id='block_1_18' title="bbox 1976 524 3614 608">
    <p class='ocr_par' dir='ltr' id='par_1_18' title="bbox 1976 524 3614 608">
     <span class='ocr_line' id='line_1_18' title="bbox 1976 524 3614 608; baseline -0.003 -20"><span class='ocrx_word' id='word_1_115' title='bbox 1976 545 2111 588; x_wconf 90' lang='lat' dir='ltr'><strong>cum</strong></span> <span class='ocrx_word' id='word_1_116' title='bbox 2138 527 2213 589; x_wconf 71' lang='lat' dir='ltr'><strong>ile</strong></span> <span class='ocrx_word' id='word_1_117' title='bbox 2245 525 2871 608; x_wconf 85' lang='lat' dir='ltr'><strong>pietatisinstitutione</strong></span> <span class='ocrx_word' id='word_1_118' title='bbox 2903 527 3244 588; x_wconf 86' lang='lat' dir='ltr'><strong>nihilantea</strong></span> <span class='ocrx_word' id='word_1_119' title='bbox 3271 524 3614 604; x_wconf 79' lang='lat' dir='ltr'><strong>audivisset,</strong></span> 
     </span>
    </p>
   </div>
   <div class='ocr_carea' id='block_1_19' title="bbox 1977 616 3617 697">
    <p class='ocr_par' dir='ltr' id='par_1_19' title="bbox 1977 616 3617 697">
     <span class='ocr_line' id='line_1_19' title="bbox 1977 616 3617 697; baseline 0 -22"><span class='ocrx_word' id='word_1_120' title='bbox 1977 634 2094 676; x_wconf 91' lang='lat' dir='ltr'><strong>non</strong></span> <span class='ocrx_word' id='word_1_121' title='bbox 2128 618 2290 697; x_wconf 91' lang='lat' dir='ltr'><strong>prius</strong></span> <span class='ocrx_word' id='word_1_122' title='bbox 2314 616 2599 679; x_wconf 83' lang='lat' dir='ltr'><strong>discussis</strong></span> <span class='ocrx_word' id='word_1_123' title='bbox 2628 616 2820 690; x_wconf 89' lang='lat' dir='ltr'><strong>malis,</strong></span> <span class='ocrx_word' id='word_1_124' title='bbox 2859 635 3005 696; x_wconf 84' lang='lat' dir='ltr'><strong>quas</strong></span> <span class='ocrx_word' id='word_1_125' title='bbox 3034 616 3476 696; x_wconf 87' lang='lat' dir='ltr'><strong>anticipaverat,</strong></span> <span class='ocrx_word' id='word_1_126' title='bbox 3502 632 3617 675; x_wconf 89' lang='lat' dir='ltr'><strong>no-</strong></span> 
     </span>
    </p>
   </div>
   <div class='ocr_carea' id='block_1_20' title="bbox 1976 703 3614 784">
    <p class='ocr_par' dir='ltr' id='par_1_20' title="bbox 1976 703 3614 784">
     <span class='ocr_line' id='line_1_20' title="bbox 1976 703 3614 784; baseline -0.002 -18"><span class='ocrx_word' id='word_1_127' title='bbox 1976 706 2261 774; x_wconf 83' lang='lat' dir='ltr'><strong>tionibus.</strong></span> <span class='ocrx_word' id='word_1_128' title='bbox 2295 706 2535 767; x_wconf 87' lang='lat' dir='ltr'><strong>dicendi</strong></span> <span class='ocrx_word' id='word_1_129' title='bbox 2555 706 2826 782; x_wconf 88' lang='lat' dir='ltr'><strong>scientia,</strong></span> <span class='ocrx_word' id='word_1_130' title='bbox 2855 715 2912 767; x_wconf 90' lang='lat' dir='ltr'><strong>et</strong></span> <span class='ocrx_word' id='word_1_131' title='bbox 2940 705 3263 767; x_wconf 83' lang='lat' dir='ltr'><strong>vehemens</strong></span> <span class='ocrx_word' id='word_1_132' title='bbox 3284 703 3614 784; x_wconf 86' lang='lat' dir='ltr'><strong>ingenium,</strong></span> 
     </span>
    </p>
   </div>
   <div class='ocr_carea' id='block_1_21' title="bbox 1979 795 3618 875">
    <p class='ocr_par' dir='ltr' id='par_1_21' title="bbox 1979 795 3618 875">
     <span class='ocr_line' id='line_1_21' title="bbox 1979 795 3618 875; baseline -0.001 -19"><span class='ocrx_word' id='word_1_133' title='bbox 1979 802 2040 856; x_wconf 89' lang='lat' dir='ltr'><strong>et</strong></span> <span class='ocrx_word' id='word_1_134' title='bbox 2085 795 2384 858; x_wconf 76' lang='lat' dir='ltr'><strong>contentio</strong></span> <span class='ocrx_word' id='word_1_135' title='bbox 2441 795 2648 875; x_wconf 88' lang='lat' dir='ltr'><strong>animi,</strong></span> <span class='ocrx_word' id='word_1_136' title='bbox 2702 796 2975 874; x_wconf 78' lang='lat' dir='ltr'><strong>ingentes</strong></span> <span class='ocrx_word' id='word_1_137' title='bbox 3028 797 3269 875; x_wconf 81' lang='lat' dir='ltr'><strong>spiritus</strong></span> <span class='ocrx_word' id='word_1_138' title='bbox 3324 799 3618 857; x_wconf 80' lang='lat' dir='ltr'><strong>excitante</strong></span> 
     </span>
    </p>
   </div>
   <div class='ocr_carea' id='block_1_22' title="bbox 1977 882 3618 965">
    <p class='ocr_par' dir='ltr' id='par_1_22' title="bbox 1977 882 3618 965">
     <span class='ocr_line' id='line_1_22' title="bbox 1977 882 3618 965; baseline -0.002 -19"><span class='ocrx_word' id='word_1_139' title='bbox 1977 885 2332 946; x_wconf 89' lang='lat' dir='ltr'><strong>auctoritate</strong></span> <span class='ocrx_word' id='word_1_140' title='bbox 2363 886 2760 965; x_wconf 78' lang='lat' dir='ltr'><strong>magistratus,</strong></span> <span class='ocrx_word' id='word_1_141' title='bbox 2786 904 2906 945; x_wconf 92' lang='lat' dir='ltr'><strong>non</strong></span> <span class='ocrx_word' id='word_1_142' title='bbox 2936 886 3127 947; x_wconf 89' lang='lat' dir='ltr'><strong>solum</strong></span> <span class='ocrx_word' id='word_1_143' title='bbox 3153 892 3327 944; x_wconf 85' lang='lat' dir='ltr'><strong>erunt</strong></span> <span class='ocrx_word' id='word_1_144' title='bbox 3355 882 3618 963; x_wconf 88' lang='lat' dir='ltr'><strong>impedi-</strong></span> 
     </span>
    </p>
   </div>
   <div class='ocr_carea' id='block_1_23' title="bbox 1983 974 3620 1055">
    <p class='ocr_par' dir='ltr' id='par_1_23' title="bbox 1983 974 3620 1055">
     <span class='ocr_line' id='line_1_23' title="bbox 1983 974 3620 1055; baseline 0.001 -21"><span class='ocrx_word' id='word_1_145' title='bbox 1983 983 2180 1035; x_wconf 88' lang='lat' dir='ltr'><strong>mento</strong></span> <span class='ocrx_word' id='word_1_146' title='bbox 2191 974 2263 1035; x_wconf 90' lang='lat' dir='ltr'><strong>ad</strong></span> <span class='ocrx_word' id='word_1_147' title='bbox 2280 974 2627 1036; x_wconf 85' lang='lat' dir='ltr'><strong>tradendam</strong></span> <span class='ocrx_word' id='word_1_148' title='bbox 2645 976 2944 1055; x_wconf 86' lang='lat' dir='ltr'><strong>pietatem.</strong></span> <span class='ocrx_word' id='word_1_149' title='bbox 2964 975 3067 1036; x_wconf 91' lang='lat' dir='ltr'><strong>sed</strong></span> <span class='ocrx_word' id='word_1_150' title='bbox 3084 976 3226 1036; x_wconf 85' lang='lat' dir='ltr'><strong>satis</strong></span> <span class='ocrx_word' id='word_1_151' title='bbox 3245 974 3421 1035; x_wconf 90' lang='lat' dir='ltr'><strong>etiam</strong></span> <span class='ocrx_word' id='word_1_152' title='bbox 3445 982 3620 1035; x_wconf 88' lang='lat' dir='ltr'><strong>erunt</strong></span> 
     </span>
    </p>
   </div>
   <div class='ocr_carea' id='block_1_24' title="bbox 1979 1055 3618 1144">
    <p class='ocr_par' dir='ltr' id='par_1_24' title="bbox 1979 1055 3618 1144">
     <span class='ocr_line' id='line_1_24' title="bbox 1979 1055 3618 1144; baseline -0.001 -19"><span class='ocrx_word' id='word_1_153' title='bbox 1979 1064 2052 1125; x_wconf 81' lang='lat' dir='ltr'><strong>ad</strong></span> <span class='ocrx_word' id='word_1_154' title='bbox 2087 1072 2304 1125; x_wconf 89' lang='lat' dir='ltr'><strong>tantam</strong></span> <span class='ocrx_word' id='word_1_155' title='bbox 2335 1065 2836 1144; x_wconf 89' lang='lat' dir='ltr'><strong>corrumpendam</strong></span> <span class='ocrx_word' id='word_1_156' title='bbox 2881 1055 3200 1135; x_wconf 77' lang='lat' dir='ltr'><strong>civitatem,</strong></span> <span class='ocrx_word' id='word_1_157' title='bbox 3236 1081 3369 1139; x_wconf 75' lang='lat' dir='ltr'><strong>quae</strong></span> <span class='ocrx_word' id='word_1_158' title='bbox 3399 1062 3457 1122; x_wconf 92' lang='lat' dir='ltr'><strong>in</strong></span> <span class='ocrx_word' id='word_1_159' title='bbox 3503 1063 3618 1124; x_wconf 83' lang='lat' dir='ltr'><strong>ﬁde</strong></span> 
     </span>
    </p>
   </div>
   <div class='ocr_carea' id='block_1_25' title="bbox 1979 1153 3614 1233">
    <p class='ocr_par' dir='ltr' id='par_1_25' title="bbox 1979 1153 3614 1233">
     <span class='ocr_line' id='line_1_25' title="bbox 1979 1153 3614 1233; baseline 0 -19"><span class='ocrx_word' id='word_1_160' title='bbox 1979 1171 2171 1232; x_wconf 90' lang='lat' dir='ltr'><strong>nuper</strong></span> <span class='ocrx_word' id='word_1_161' title='bbox 2191 1161 2279 1214; x_wconf 88' lang='lat' dir='ltr'><strong>est</strong></span> <span class='ocrx_word' id='word_1_162' title='bbox 2306 1155 2650 1233; x_wconf 85' lang='lat' dir='ltr'><strong>plantata,et</strong></span> <span class='ocrx_word' id='word_1_163' title='bbox 2673 1155 2744 1214; x_wconf 89' lang='lat' dir='ltr'><strong>ad</strong></span> <span class='ocrx_word' id='word_1_164' title='bbox 2764 1154 2896 1232; x_wconf 85' lang='lat' dir='ltr'><strong>ejus</strong></span> <span class='ocrx_word' id='word_1_165' title='bbox 2920 1153 3014 1232; x_wconf 85' lang='lat' dir='ltr'><strong>pia</strong></span> <span class='ocrx_word' id='word_1_166' title='bbox 3038 1153 3343 1215; x_wconf 84' lang='lat' dir='ltr'><strong>evellenda</strong></span> <span class='ocrx_word' id='word_1_167' title='bbox 3360 1155 3614 1214; x_wconf 87' lang='lat' dir='ltr'><strong>semina:</strong></span> 
     </span>
    </p>
   </div>
   <div class='ocr_carea' id='block_1_26' title="bbox 1981 1241 3618 1322">
    <p class='ocr_par' dir='ltr' id='par_1_26' title="bbox 1981 1241 3618 1322">
     <span class='ocr_line' id='line_1_26' title="bbox 1981 1241 3618 1322; baseline 0 -20"><span class='ocrx_word' id='word_1_168' title='bbox 1981 1242 2285 1303; x_wconf 83' lang='lat' dir='ltr'><strong>moderato</strong></span> <span class='ocrx_word' id='word_1_169' title='bbox 2317 1253 2374 1304; x_wconf 90' lang='lat' dir='ltr'><strong>et</strong></span> <span class='ocrx_word' id='word_1_170' title='bbox 2405 1243 2653 1306; x_wconf 88' lang='lat' dir='ltr'><strong>honesto</strong></span> <span class='ocrx_word' id='word_1_171' title='bbox 2687 1243 2888 1304; x_wconf 87' lang='lat' dir='ltr'><strong>habitu</strong></span> <span class='ocrx_word' id='word_1_172' title='bbox 2921 1243 3252 1322; x_wconf 82' lang='lat' dir='ltr'><strong>ingreditur</strong></span> <span class='ocrx_word' id='word_1_173' title='bbox 3279 1241 3351 1304; x_wconf 90' lang='lat' dir='ltr'><strong>ad</strong></span> <span class='ocrx_word' id='word_1_174' title='bbox 3401 1241 3618 1321; x_wconf 66' lang='lat' dir='ltr'><strong>praefe-</strong></span> 
     </span>
    </p>
   </div>
   <div class='ocr_carea' id='block_1_27' title="bbox 1979 1330 3620 1412">
    <p class='ocr_par' dir='ltr' id='par_1_27' title="bbox 1979 1330 3620 1412">
     <span class='ocr_line' id='line_1_27' title="bbox 1979 1330 3620 1412; baseline -0.001 -20"><span class='ocrx_word' id='word_1_175' title='bbox 1979 1338 2163 1395; x_wconf 90' lang='lat' dir='ltr'><strong>ctum.</strong></span> <span class='ocrx_word' id='word_1_176' title='bbox 2199 1331 2385 1403; x_wconf 88' lang='lat' dir='ltr'><strong>Quem</strong></span> <span class='ocrx_word' id='word_1_177' title='bbox 2417 1352 2552 1393; x_wconf 92' lang='lat' dir='ltr'><strong>cum</strong></span> <span class='ocrx_word' id='word_1_178' title='bbox 2585 1333 3026 1412; x_wconf 90' lang='lat' dir='ltr'><strong>compellasset,</strong></span> <span class='ocrx_word' id='word_1_179' title='bbox 3061 1333 3208 1394; x_wconf 81' lang='lat' dir='ltr'><strong>dixit</strong></span> <span class='ocrx_word' id='word_1_180' title='bbox 3240 1353 3254 1394; x_wconf 90' lang='lat'><strong>:</strong></span> <span class='ocrx_word' id='word_1_181' title='bbox 3287 1331 3485 1394; x_wconf 84' lang='lat' dir='ltr'><strong>Gratia</strong></span> <span class='ocrx_word' id='word_1_182' title='bbox 3513 1330 3620 1391; x_wconf 89' lang='lat' dir='ltr'><strong>uni</strong></span> 
     </span>
    </p>
   </div>
   <div class='ocr_carea' id='block_1_28' title="bbox 1982 1419 3622 1501">
    <p class='ocr_par' dir='ltr' id='par_1_28' title="bbox 1982 1419 3622 1501">
     <span class='ocr_line' id='line_1_28' title="bbox 1982 1419 3622 1501; baseline -0.001 -20"><span class='ocrx_word' id='word_1_183' title='bbox 1982 1429 2039 1481; x_wconf 94' lang='lat' dir='ltr'><strong>et</strong></span> <span class='ocrx_word' id='word_1_184' title='bbox 2073 1439 2285 1498; x_wconf 84' lang='lat' dir='ltr'><strong>magno</strong></span> <span class='ocrx_word' id='word_1_185' title='bbox 2316 1420 2436 1482; x_wconf 91' lang='lat' dir='ltr'><strong>Deo</strong></span> <span class='ocrx_word' id='word_1_186' title='bbox 2466 1443 2478 1484; x_wconf 94' lang='lat'>:</span> <span class='ocrx_word' id='word_1_187' title='bbox 2511 1422 2641 1500; x_wconf 88' lang='lat' dir='ltr'><strong>ejus</strong></span> <span class='ocrx_word' id='word_1_188' title='bbox 2670 1423 2854 1501; x_wconf 87' lang='lat' dir='ltr'><strong>enim,</strong></span> <span class='ocrx_word' id='word_1_189' title='bbox 2881 1431 2942 1481; x_wconf 92' lang='lat' dir='ltr'><strong>ut</strong></span> <span class='ocrx_word' id='word_1_190' title='bbox 2971 1421 3226 1495; x_wconf 88' lang='lat' dir='ltr'><strong>videtur,</strong></span> <span class='ocrx_word' id='word_1_191' title='bbox 3253 1419 3622 1500; x_wconf 81' lang='lat' dir='ltr'><strong>providentia</strong></span> 
     </span>
    </p>
   </div>
   <div class='ocr_carea' id='block_1_29' title="bbox 1979 1509 3624 1590">
    <p class='ocr_par' dir='ltr' id='par_1_29' title="bbox 1979 1509 3624 1590">
     <span class='ocr_line' id='line_1_29' title="bbox 1979 1509 3624 1590; baseline -0.001 -20"><span class='ocrx_word' id='word_1_192' title='bbox 1979 1528 2139 1570; x_wconf 89' lang='lat' dir='ltr'><strong>nunc</strong></span> <span class='ocrx_word' id='word_1_193' title='bbox 2169 1511 2425 1590; x_wconf 80' lang='lat' dir='ltr'><strong>primum</strong></span> <span class='ocrx_word' id='word_1_194' title='bbox 2460 1521 2520 1572; x_wconf 92' lang='lat' dir='ltr'><strong>tu</strong></span> <span class='ocrx_word' id='word_1_195' title='bbox 2556 1512 2838 1572; x_wconf 85' lang='lat' dir='ltr'><strong>excelsus</strong></span> <span class='ocrx_word' id='word_1_196' title='bbox 2871 1520 2928 1571; x_wconf 91' lang='lat' dir='ltr'><strong>et</strong></span> <span class='ocrx_word' id='word_1_197' title='bbox 2953 1511 3169 1583; x_wconf 91' lang='lat' dir='ltr'><strong>clarus,</strong></span> <span class='ocrx_word' id='word_1_198' title='bbox 3194 1528 3404 1587; x_wconf 88' lang='lat' dir='ltr'><strong>magna</strong></span> <span class='ocrx_word' id='word_1_199' title='bbox 3434 1509 3533 1569; x_wconf 86' lang='lat' dir='ltr'><strong>illa</strong></span> <span class='ocrx_word' id='word_1_200' title='bbox 3561 1515 3624 1569; x_wconf 89' lang='lat' dir='ltr'><strong>et</strong></span> 
     </span>
    </p>
   </div>
   <div class='ocr_carea' id='block_1_30' title="bbox 243 1596 1893 1678">
    <p class='ocr_par' dir='ltr' id='par_1_30' title="bbox 243 1596 1892 1678">
     <span class='ocr_line' id='line_1_30' title="bbox 243 1596 1892 1678; baseline 0.002 -28"><span class='ocrx_word' id='word_1_201' title='bbox 243 1597 396 1672; x_wconf 79' lang='grc' dir='ltr'>ἁγίου</span> <span class='ocrx_word' id='word_1_202' title='bbox 452 1597 547 1653; x_wconf 90' lang='grc' dir='ltr'><strong>τὸν</strong></span> <span class='ocrx_word' id='word_1_203' title='bbox 577 1600 693 1674; x_wconf 83' lang='grc' dir='ltr'>περὶ</span> <span class='ocrx_word' id='word_1_204' title='bbox 749 1603 846 1664; x_wconf 81' lang='grc' dir='ltr'><strong>τῆς</strong></span> <span class='ocrx_word' id='word_1_205' title='bbox 899 1596 1162 1662; x_wconf 76' lang='grc' dir='ltr'>εὐσεϐείας</span> <span class='ocrx_word' id='word_1_206' title='bbox 1221 1597 1381 1675; x_wconf 86' lang='grc' dir='ltr'>λόγον</span> <span class='ocrx_word' id='word_1_207' title='bbox 1412 1599 1553 1673; x_wconf 74' lang='grc' dir='ltr'>αὐτῷ</span> <span class='ocrx_word' id='word_1_208' title='bbox 1600 1611 1892 1678; x_wconf 82' lang='grc' dir='ltr'>προηχεῖν,</span> 
     </span>
    </p>
   </div>
   <div class='ocr_carea' id='block_1_31' title="bbox 1978 1596 3619 1678">
    <p class='ocr_par' dir='ltr' id='par_1_31' title="bbox 1982 1600 3619 1678">
     <span class='ocr_line' id='line_1_31' title="bbox 1982 1600 3619 1678; baseline -0.002 -18"><span class='ocrx_word' id='word_1_209' title='bbox 1982 1600 2172 1676; x_wconf 85' lang='lat' dir='ltr'><strong>prima</strong></span> <span class='ocrx_word' id='word_1_210' title='bbox 2196 1601 2360 1676; x_wconf 82' lang='lat' dir='ltr'><strong>regia</strong></span> <span class='ocrx_word' id='word_1_211' title='bbox 2391 1600 2537 1661; x_wconf 91' lang='lat' dir='ltr'><strong>urbe</strong></span> <span class='ocrx_word' id='word_1_212' title='bbox 2566 1601 2874 1662; x_wconf 90' lang='lat' dir='ltr'><strong>relicta.ad</strong></span> <span class='ocrx_word' id='word_1_213' title='bbox 2907 1602 3062 1662; x_wconf 87' lang='lat' dir='ltr'><strong>hanc</strong></span> <span class='ocrx_word' id='word_1_214' title='bbox 3091 1600 3359 1660; x_wconf 84' lang='lat' dir='ltr'><strong>ultimam</strong></span> <span class='ocrx_word' id='word_1_215' title='bbox 3391 1607 3447 1660; x_wconf 90' lang='lat' dir='ltr'><strong>et</strong></span> <span class='ocrx_word' id='word_1_216' title='bbox 3480 1615 3619 1678; x_wconf 88' lang='lat' dir='ltr'><strong>par-</strong></span> 
     </span>
    </p>
   </div>
   <div class='ocr_carea' id='block_1_32' title="bbox 244 1683 1893 1767">
    <p class='ocr_par' dir='ltr' id='par_1_32' title="bbox 244 1683 1893 1766">
     <span class='ocr_line' id='line_1_32' title="bbox 244 1683 1893 1766; baseline 0.001 -26"><span class='ocrx_word' id='word_1_217' title='bbox 244 1683 449 1757; x_wconf 79' lang='grc' dir='ltr'>μᾶλλον</span> <span class='ocrx_word' id='word_1_218' title='bbox 534 1683 588 1740; x_wconf 73' lang='grc' dir='ltr'>δὲ</span> <span class='ocrx_word' id='word_1_219' title='bbox 673 1685 1014 1744; x_wconf 81' lang='grc' dir='ltr'>διασαλεῠσαι</span> <span class='ocrx_word' id='word_1_220' title='bbox 1093 1685 1346 1766; x_wconf 79' lang='grc' dir='ltr'>πρότερον</span> <span class='ocrx_word' id='word_1_221' title='bbox 1415 1689 1509 1748; x_wconf 83' lang='grc' dir='ltr'><strong>τὰς</strong></span> <span class='ocrx_word' id='word_1_222' title='bbox 1579 1689 1696 1766; x_wconf 80' lang='grc' dir='ltr'>περὶ</span> <span class='ocrx_word' id='word_1_223' title='bbox 1765 1691 1893 1744; x_wconf 84' lang='grc' dir='ltr'>θεῶν</span> 
     </span>
    </p>
   </div>
   <div class='ocr_carea' id='block_1_33' title="bbox 1978 1683 3622 1767">
    <p class='ocr_par' dir='ltr' id='par_1_33' title="bbox 1979 1686 3622 1767">
     <span class='ocr_line' id='line_1_33' title="bbox 1979 1686 3622 1767; baseline -0.001 -20"><span class='ocrx_word' id='word_1_224' title='bbox 1979 1707 2106 1748; x_wconf 92' lang='lat' dir='ltr'><strong>vam</strong></span> <span class='ocrx_word' id='word_1_225' title='bbox 2141 1689 2445 1750; x_wconf 87' lang='lat' dir='ltr'><strong>accessisti</strong></span> <span class='ocrx_word' id='word_1_226' title='bbox 2485 1710 2497 1751; x_wconf 89' lang='lat'>:</span> <span class='ocrx_word' id='word_1_227' title='bbox 2533 1699 2590 1750; x_wconf 91' lang='lat' dir='ltr'><strong>et</strong></span> <span class='ocrx_word' id='word_1_228' title='bbox 2619 1707 2752 1750; x_wconf 90' lang='lat' dir='ltr'><strong>cum</strong></span> <span class='ocrx_word' id='word_1_229' title='bbox 2777 1689 2902 1767; x_wconf 85' lang='lat' dir='ltr'><strong>jam</strong></span> <span class='ocrx_word' id='word_1_230' title='bbox 2935 1697 3092 1751; x_wconf 56' lang='lat' dir='ltr'><strong>esset</strong></span> <span class='ocrx_word' id='word_1_231' title='bbox 3123 1696 3365 1750; x_wconf 87' lang='lat' dir='ltr'><strong>sanctus</strong></span> <span class='ocrx_word' id='word_1_232' title='bbox 3393 1686 3468 1748; x_wconf 91' lang='lat' dir='ltr'><strong>de</strong></span> <span class='ocrx_word' id='word_1_233' title='bbox 3501 1687 3622 1766; x_wconf 90' lang='lat' dir='ltr'><strong>pie-</strong></span> 
     </span>
    </p>
   </div>
   <div class='ocr_carea' id='block_1_34' title="bbox 244 1772 1893 1858">
    <p class='ocr_par' dir='ltr' id='par_1_34' title="bbox 244 1772 1893 1856">
     <span class='ocr_line' id='line_1_34' title="bbox 244 1772 1893 1856; baseline 0.001 -26"><span class='ocrx_word' id='word_1_234' title='bbox 244 1772 446 1852; x_wconf 75' lang='grc' dir='ltr'>φαύλας</span> <span class='ocrx_word' id='word_1_235' title='bbox 507 1773 832 1854; x_wconf 71' lang='grc' dir='ltr'>προλήψεις,</span> <span class='ocrx_word' id='word_1_236' title='bbox 869 1779 896 1832; x_wconf 80' lang='grc' dir='ltr'>ὁ</span> <span class='ocrx_word' id='word_1_237' title='bbox 958 1775 1225 1856; x_wconf 79' lang='grc' dir='ltr'>ἔπαρχος,</span> <span class='ocrx_word' id='word_1_238' title='bbox 1283 1779 1374 1834; x_wconf 87' lang='grc' dir='ltr'><strong>τόν</strong></span> <span class='ocrx_word' id='word_1_239' title='bbox 1418 1798 1477 1832; x_wconf 86' lang='grc' dir='ltr'><strong>τε</strong></span> <span class='ocrx_word' id='word_1_240' title='bbox 1519 1775 1611 1833; x_wconf 77' lang='grc' dir='ltr'>ἕνα</span> <span class='ocrx_word' id='word_1_241' title='bbox 1667 1777 1893 1840; x_wconf 64' lang='grc' dir='ltr'>ἀκούσας</span> 
     </span>
    </p>
   </div>
   <div class='ocr_carea' id='block_1_35' title="bbox 1978 1772 3624 1858">
    <p class='ocr_par' dir='ltr' id='par_1_35' title="bbox 1982 1775 3624 1858">
     <span class='ocr_line' id='line_1_35' title="bbox 1982 1775 3624 1858; baseline -0.001 -21"><span class='ocrx_word' id='word_1_242' title='bbox 1982 1786 2098 1839; x_wconf 91' lang='lat' dir='ltr'><strong>tate</strong></span> <span class='ocrx_word' id='word_1_243' title='bbox 2146 1795 2486 1840; x_wconf 89' lang='lat' dir='ltr'><strong>sermonem</strong></span> <span class='ocrx_word' id='word_1_244' title='bbox 2518 1779 2927 1858; x_wconf 87' lang='lat' dir='ltr'><strong>inchoaturus,</strong></span> <span class='ocrx_word' id='word_1_245' title='bbox 2964 1779 3051 1839; x_wconf 88' lang='lat' dir='ltr'><strong>vel</strong></span> <span class='ocrx_word' id='word_1_246' title='bbox 3087 1778 3279 1858; x_wconf 86' lang='lat' dir='ltr'><strong>potius</strong></span> <span class='ocrx_word' id='word_1_247' title='bbox 3311 1775 3492 1836; x_wconf 88' lang='lat' dir='ltr'><strong>malas</strong></span> <span class='ocrx_word' id='word_1_248' title='bbox 3546 1775 3624 1836; x_wconf 88' lang='lat' dir='ltr'><strong>de</strong></span> 
     </span>
    </p>
   </div>
   <div class='ocr_carea' id='block_1_36' title="bbox 245 1863 1893 1949">
    <p class='ocr_par' dir='ltr' id='par_1_36' title="bbox 245 1863 1893 1944">
     <span class='ocr_line' id='line_1_36' title="bbox 245 1863 1893 1944; baseline 0.001 -25"><span class='ocrx_word' id='word_1_249' title='bbox 245 1863 396 1936; x_wconf 80' lang='grc' dir='ltr'>Θεὸν,</span> <span class='ocrx_word' id='word_1_250' title='bbox 441 1863 534 1919; x_wconf 82' lang='grc' dir='ltr'><strong>καὶ</strong></span> <span class='ocrx_word' id='word_1_251' title='bbox 593 1864 666 1926; x_wconf 87' lang='grc' dir='ltr'>ὡς</span> <span class='ocrx_word' id='word_1_252' title='bbox 724 1863 786 1919; x_wconf 78' lang='grc' dir='ltr'><strong>ἂν</strong></span> <span class='ocrx_word' id='word_1_253' title='bbox 845 1866 922 1939; x_wconf 75' lang='grc' dir='ltr'>μὴ</span> <span class='ocrx_word' id='word_1_254' title='bbox 974 1877 1093 1928; x_wconf 85' lang='grc' dir='ltr'>τοῖς</span> <span class='ocrx_word' id='word_1_255' title='bbox 1150 1869 1498 1944; x_wconf 72' lang='grc' dir='ltr'>συκοφάνταις</span> <span class='ocrx_word' id='word_1_256' title='bbox 1557 1863 1893 1932; x_wconf 79' lang='grc' dir='ltr'>εὖδιάϐλητος</span> 
     </span>
    </p>
   </div>
   <div class='ocr_carea' id='block_1_37' title="bbox 1978 1863 3622 1949">
    <p class='ocr_par' dir='ltr' id='par_1_37' title="bbox 1980 1867 3622 1949">
     <span class='ocr_line' id='line_1_37' title="bbox 1980 1867 3622 1949; baseline -0.001 -21"><span class='ocrx_word' id='word_1_257' title='bbox 1980 1867 2100 1929; x_wconf 91' lang='lat' dir='ltr'><strong>Deo</strong></span> <span class='ocrx_word' id='word_1_258' title='bbox 2114 1868 2464 1949; x_wconf 86' lang='lat' dir='ltr'><strong>anticipatas</strong></span> <span class='ocrx_word' id='word_1_259' title='bbox 2487 1869 2763 1930; x_wconf 91' lang='lat' dir='ltr'><strong>notiones</strong></span> <span class='ocrx_word' id='word_1_260' title='bbox 2785 1869 2953 1949; x_wconf 88' lang='lat' dir='ltr'><strong>prius</strong></span> <span class='ocrx_word' id='word_1_261' title='bbox 2975 1867 3622 1946; x_wconf 72' lang='lat' dir='ltr'><strong>labefactaturus,prze-</strong></span> 
     </span>
    </p>
   </div>
   <div class='ocr_carea' id='block_1_38' title="bbox 241 1950 1893 2032">
    <p class='ocr_par' dir='ltr' id='par_1_38' title="bbox 241 1950 1893 2032">
     <span class='ocr_line' id='line_1_38' title="bbox 241 1950 1893 2032; baseline 0.001 -23"><span class='ocrx_word' id='word_1_262' title='bbox 241 1950 298 2030; x_wconf 74' lang='grc' dir='ltr'>ᾖ,</span> <span class='ocrx_word' id='word_1_263' title='bbox 351 1954 426 2014; x_wconf 82' lang='grc' dir='ltr'>ὡς</span> <span class='ocrx_word' id='word_1_264' title='bbox 477 1952 602 2016; x_wconf 83' lang='grc' dir='ltr'>τοὺς</span> <span class='ocrx_word' id='word_1_265' title='bbox 662 1951 882 2032; x_wconf 66' lang='grc' dir='ltr'>ἐχθρούς</span> <span class='ocrx_word' id='word_1_266' title='bbox 943 1961 1033 2011; x_wconf 83' lang='grc' dir='ltr'>τοῦ</span> <span class='ocrx_word' id='word_1_267' title='bbox 1091 1954 1354 2029; x_wconf 87' lang='grc' dir='ltr'>βασιλέως</span> <span class='ocrx_word' id='word_1_268' title='bbox 1428 1953 1776 2028; x_wconf 83' lang='grc' dir='ltr'>προσιέμενός</span> <span class='ocrx_word' id='word_1_269' title='bbox 1839 1977 1893 2010; x_wconf 90' lang='grc' dir='ltr'><strong>τε</strong></span> 
     </span>
    </p>
   </div>
   <div class='ocr_carea' id='block_1_39' title="bbox 1978 1950 3620 2032">
    <p class='ocr_par' dir='ltr' id='par_1_39' title="bbox 1979 1957 3620 2030">
     <span class='ocr_line' id='line_1_39' title="bbox 1979 1957 3620 2030; baseline -0.001 -12"><span class='ocrx_word' id='word_1_270' title='bbox 1979 1957 2172 2020; x_wconf 86' lang='lat' dir='ltr'><strong>fectus</strong></span> <span class='ocrx_word' id='word_1_271' title='bbox 2200 1977 2333 2021; x_wconf 86' lang='lat' dir='ltr'><strong>cum</strong></span> <span class='ocrx_word' id='word_1_272' title='bbox 2370 1969 2430 2020; x_wconf 91' lang='lat' dir='ltr'><strong>et</strong></span> <span class='ocrx_word' id='word_1_273' title='bbox 2457 1978 2638 2021; x_wconf 92' lang='lat' dir='ltr'><strong>unum</strong></span> <span class='ocrx_word' id='word_1_274' title='bbox 2666 1959 2856 2021; x_wconf 92' lang='lat' dir='ltr'><strong>Deum</strong></span> <span class='ocrx_word' id='word_1_275' title='bbox 2885 1958 3230 2030; x_wconf 87' lang='lat' dir='ltr'><strong>audivisset,</strong></span> <span class='ocrx_word' id='word_1_276' title='bbox 3259 1966 3318 2018; x_wconf 87' lang='lat' dir='ltr'><strong>et</strong></span> <span class='ocrx_word' id='word_1_277' title='bbox 3347 1975 3423 2018; x_wconf 91' lang='lat' dir='ltr'><strong>ne</strong></span> <span class='ocrx_word' id='word_1_278' title='bbox 3452 1975 3486 2017; x_wconf 94' lang='lat' dir='ltr'><strong>a</strong></span> <span class='ocrx_word' id='word_1_279' title='bbox 3515 1974 3620 2017; x_wconf 89' lang='lat' dir='ltr'><strong>ca-</strong></span> 
     </span>
    </p>
   </div>
   <div class='ocr_carea' id='block_1_40' title="bbox 239 2039 1893 2128">
    <p class='ocr_par' dir='ltr' id='par_1_40' title="bbox 239 2039 1893 2119">
     <span class='ocr_line' id='line_1_40' title="bbox 239 2039 1893 2119; baseline 0.002 -23"><span class='ocrx_word' id='word_1_280' title='bbox 239 2043 322 2097; x_wconf 76' lang='grc' dir='ltr'>καί</span> <span class='ocrx_word' id='word_1_281' title='bbox 381 2040 550 2119; x_wconf 86' lang='grc' dir='ltr'>λόγου</span> <span class='ocrx_word' id='word_1_282' title='bbox 596 2039 930 2117; x_wconf 80' lang='grc' dir='ltr'>μεταδιδοὺς,</span> <span class='ocrx_word' id='word_1_283' title='bbox 993 2042 1169 2106; x_wconf 74' lang='grc' dir='ltr'>ἄλλως</span> <span class='ocrx_word' id='word_1_284' title='bbox 1225 2066 1281 2100; x_wconf 88' lang='grc' dir='ltr'><strong>τε</strong></span> <span class='ocrx_word' id='word_1_285' title='bbox 1333 2042 1389 2100; x_wconf 77' lang='grc' dir='ltr'>δὲ</span> <span class='ocrx_word' id='word_1_286' title='bbox 1447 2045 1534 2100; x_wconf 87' lang='grc' dir='ltr'><strong>καὶ</strong></span> <span class='ocrx_word' id='word_1_287' title='bbox 1585 2042 1740 2110; x_wconf 70' lang='grc' dir='ltr'>ἤθους</span> <span class='ocrx_word' id='word_1_288' title='bbox 1799 2043 1893 2116; x_wconf 75' lang='grc' dir='ltr'><strong>ἒμ-</strong></span> 
     </span>
    </p>
   </div>
   <div class='ocr_carea' id='block_1_41' title="bbox 1978 2039 3621 2128">
    <p class='ocr_par' dir='ltr' id='par_1_41' title="bbox 1981 2045 3621 2128">
     <span class='ocr_line' id='line_1_41' title="bbox 1981 2045 3621 2128; baseline 0 -20"><span class='ocrx_word' id='word_1_289' title='bbox 1981 2047 2441 2110; x_wconf 90' lang='lat' dir='ltr'><strong>lumniatoribus</strong></span> <span class='ocrx_word' id='word_1_290' title='bbox 2454 2058 2765 2112; x_wconf 90' lang='lat' dir='ltr'><strong>vocaretur</strong></span> <span class='ocrx_word' id='word_1_291' title='bbox 2786 2048 3166 2127; x_wconf 81' lang='lat' dir='ltr'><strong>ininvidiam,</strong></span> <span class='ocrx_word' id='word_1_292' title='bbox 3193 2055 3254 2108; x_wconf 90' lang='lat' dir='ltr'><strong>ut</strong></span> <span class='ocrx_word' id='word_1_293' title='bbox 3274 2046 3374 2128; x_wconf 89' lang='lat' dir='ltr'><strong>qui</strong></span> <span class='ocrx_word' id='word_1_294' title='bbox 3396 2045 3621 2108; x_wconf 90' lang='lat' dir='ltr'><strong>admit-</strong></span> 
     </span>
    </p>
   </div>
   <div class='ocr_carea' id='block_1_42' title="bbox 241 2127 1893 2220">
    <p class='ocr_par' dir='ltr' id='par_1_42' title="bbox 241 2127 1893 2210">
     <span class='ocr_line' id='line_1_42' title="bbox 241 2127 1893 2210; baseline 0.002 -26"><span class='ocrx_word' id='word_1_295' title='bbox 241 2127 460 2210; x_wconf 77' lang='grc' dir='ltr'>ϐριθείᾳ,</span> <span class='ocrx_word' id='word_1_296' title='bbox 507 2132 595 2186; x_wconf 73' lang='grc' dir='ltr'><strong>καὶ</strong></span> <span class='ocrx_word' id='word_1_297' title='bbox 652 2133 908 2208; x_wconf 79' lang='grc' dir='ltr'>αύστηρίᾳ</span> <span class='ocrx_word' id='word_1_298' title='bbox 965 2138 1033 2208; x_wconf 81' lang='grc' dir='ltr'><strong>τῇ</strong></span> <span class='ocrx_word' id='word_1_299' title='bbox 1087 2133 1218 2208; x_wconf 89' lang='grc' dir='ltr'>πρὸς</span> <span class='ocrx_word' id='word_1_300' title='bbox 1248 2134 1339 2188; x_wconf 87' lang='grc' dir='ltr'><strong>τὸν</strong></span> <span class='ocrx_word' id='word_1_301' title='bbox 1396 2132 1549 2210; x_wconf 79' lang='grc' dir='ltr'>ἅγιον</span> <span class='ocrx_word' id='word_1_302' title='bbox 1579 2134 1678 2199; x_wconf 81' lang='grc' dir='ltr'><strong>τὴν</strong></span> <span class='ocrx_word' id='word_1_303' title='bbox 1735 2133 1893 2208; x_wconf 86' lang='grc' dir='ltr'>βασι-</span> 
     </span>
    </p>
   </div>
   <div class='ocr_carea' id='block_1_43' title="bbox 1978 2127 3622 2220">
    <p class='ocr_par' dir='ltr' id='par_1_43' title="bbox 1983 2127 3622 2220">
     <span class='ocr_line' id='line_1_43' title="bbox 1983 2127 3622 2220; baseline -0.001 -23"><span class='ocrx_word' id='word_1_304' title='bbox 1983 2144 2136 2198; x_wconf 81' lang='lat' dir='ltr'><strong>teret</strong></span> <span class='ocrx_word' id='word_1_305' title='bbox 2157 2139 2432 2200; x_wconf 91' lang='lat' dir='ltr'><strong>inimicos</strong></span> <span class='ocrx_word' id='word_1_306' title='bbox 2463 2139 2929 2220; x_wconf 89' lang='lat' dir='ltr'><strong>imperatoris,et</strong></span> <span class='ocrx_word' id='word_1_307' title='bbox 2948 2157 3052 2200; x_wconf 92' lang='lat' dir='ltr'><strong>eos</strong></span> <span class='ocrx_word' id='word_1_308' title='bbox 3083 2127 3362 2198; x_wconf 86' lang='lat' dir='ltr'><strong>sermone</strong></span> <span class='ocrx_word' id='word_1_309' title='bbox 3393 2136 3622 2216; x_wconf 88' lang='lat' dir='ltr'><strong>imper-</strong></span> 
     </span>
    </p>
   </div>
   <div class='ocr_carea' id='block_1_44' title="bbox 241 2218 1893 2310">
    <p class='ocr_par' dir='ltr' id='par_1_44' title="bbox 241 2218 1893 2299">
     <span class='ocr_line' id='line_1_44' title="bbox 241 2218 1893 2299; baseline 0.003 -25"><span class='ocrx_word' id='word_1_310' title='bbox 241 2220 395 2287; x_wconf 82' lang='grc' dir='ltr'>λικὴν</span> <span class='ocrx_word' id='word_1_311' title='bbox 454 2219 762 2299; x_wconf 81' lang='grc' dir='ltr'>θηρώμενος</span> <span class='ocrx_word' id='word_1_312' title='bbox 815 2218 1019 2278; x_wconf 68' lang='grc' dir='ltr'>εὔνοιαν</span> <span class='ocrx_word' id='word_1_313' title='bbox 1079 2222 1166 2278; x_wconf 84' lang='grc' dir='ltr'>καὶ</span> <span class='ocrx_word' id='word_1_314' title='bbox 1224 2220 1469 2278; x_wconf 87' lang='grc' dir='ltr'>κλέπτων</span> <span class='ocrx_word' id='word_1_315' title='bbox 1525 2222 1619 2283; x_wconf 79' lang='grc' dir='ltr'>τὰς</span> <span class='ocrx_word' id='word_1_316' title='bbox 1692 2243 1893 2298; x_wconf 80' lang='grc' dir='ltr'>προκο-</span> 
     </span>
    </p>
   </div>
   <div class='ocr_carea' id='block_1_45' title="bbox 1978 2218 3622 2310">
    <p class='ocr_par' dir='ltr' id='par_1_45' title="bbox 1980 2218 3622 2310">
     <span class='ocr_line' id='line_1_45' title="bbox 1980 2218 3622 2310; baseline -0.001 -24"><span class='ocrx_word' id='word_1_317' title='bbox 1980 2227 2138 2302; x_wconf 84' lang='lat' dir='ltr'><strong>tiret,</strong></span> <span class='ocrx_word' id='word_1_318' title='bbox 2174 2235 2233 2289; x_wconf 91' lang='lat' dir='ltr'><strong>et</strong></span> <span class='ocrx_word' id='word_1_319' title='bbox 2281 2228 2501 2310; x_wconf 89' lang='lat' dir='ltr'><strong>alioqui</strong></span> <span class='ocrx_word' id='word_1_320' title='bbox 2535 2218 2765 2289; x_wconf 86' lang='lat' dir='ltr'><strong>morum</strong></span> <span class='ocrx_word' id='word_1_321' title='bbox 2811 2229 3118 2304; x_wconf 79' lang='lat' dir='ltr'><strong>gravitate,</strong></span> <span class='ocrx_word' id='word_1_322' title='bbox 3153 2235 3212 2288; x_wconf 86' lang='lat' dir='ltr'><strong>et</strong></span> <span class='ocrx_word' id='word_1_323' title='bbox 3241 2227 3302 2286; x_wconf 93' lang='lat' dir='ltr'><strong>in</strong></span> <span class='ocrx_word' id='word_1_324' title='bbox 3348 2235 3622 2287; x_wconf 83' lang='lat' dir='ltr'><strong>sanctum</strong></span> 
     </span>
    </p>
   </div>
   <div class='ocr_carea' id='block_1_46' title="bbox 241 2308 1893 2398">
    <p class='ocr_par' dir='ltr' id='par_1_46' title="bbox 241 2308 1893 2389">
     <span class='ocr_line' id='line_1_46' title="bbox 241 2308 1893 2389; baseline 0.004 -24"><span class='ocrx_word' id='word_1_325' title='bbox 241 2310 364 2382; x_wconf 76' lang='grc' dir='ltr'>πὰς,</span> <span class='ocrx_word' id='word_1_326' title='bbox 411 2308 702 2389; x_wconf 85' lang='grc' dir='ltr'>διακόψας,</span> <span class='ocrx_word' id='word_1_327' title='bbox 769 2314 1093 2389; x_wconf 79' lang='grc' dir='ltr'>συσχεθῆναι</span> <span class='ocrx_word' id='word_1_328' title='bbox 1151 2313 1307 2370; x_wconf 78' lang='grc' dir='ltr'>αὐτόν</span> <span class='ocrx_word' id='word_1_329' title='bbox 1363 2312 1548 2371; x_wconf 73' lang='grc' dir='ltr'>αὐτίκα</span> <span class='ocrx_word' id='word_1_330' title='bbox 1609 2310 1893 2387; x_wconf 77' lang='grc' dir='ltr'>προσέταξε</span> 
     </span>
    </p>
   </div>
   <div class='ocr_carea' id='block_1_47' title="bbox 1978 2308 3625 2398">
    <p class='ocr_par' dir='ltr' id='par_1_47' title="bbox 1978 2308 3625 2398">
     <span class='ocr_line' id='line_1_47' title="bbox 1978 2308 3625 2398; baseline -0.001 -22"><span class='ocrx_word' id='word_1_331' title='bbox 1978 2316 2324 2390; x_wconf 79' lang='lat' dir='ltr'><strong>acerbitate,</strong></span> <span class='ocrx_word' id='word_1_332' title='bbox 2359 2308 2736 2398; x_wconf 86' lang='lat' dir='ltr'><strong>imperatoris</strong></span> <span class='ocrx_word' id='word_1_333' title='bbox 2761 2325 3004 2396; x_wconf 89' lang='lat' dir='ltr'><strong>captans</strong></span> <span class='ocrx_word' id='word_1_334' title='bbox 3031 2315 3536 2390; x_wconf 88' lang='lat' dir='ltr'><strong>benevolentiam,</strong></span> <span class='ocrx_word' id='word_1_335' title='bbox 3565 2320 3625 2374; x_wconf 92' lang='lat' dir='ltr'><strong>et</strong></span> 
     </span>
    </p>
   </div>
   <div class='ocr_carea' id='block_1_48' title="bbox 239 2399 1893 2488">
    <p class='ocr_par' dir='ltr' id='par_1_48' title="bbox 239 2399 1893 2477">
     <span class='ocr_line' id='line_1_48' title="bbox 239 2399 1893 2477; baseline 0.002 -24"><span class='ocrx_word' id='word_1_336' title='bbox 239 2400 324 2454; x_wconf 80' lang='grc' dir='ltr'><strong>καὶ</strong></span> <span class='ocrx_word' id='word_1_337' title='bbox 355 2402 658 2477; x_wconf 65' lang='grc' dir='ltr'>τηρηθηναι</span> <span class='ocrx_word' id='word_1_338' title='bbox 719 2399 774 2454; x_wconf 77' lang='grc' dir='ltr'>ἐν</span> <span class='ocrx_word' id='word_1_339' title='bbox 816 2399 1053 2476; x_wconf 75' lang='grc' dir='ltr'>φυλακῇ,</span> <span class='ocrx_word' id='word_1_340' title='bbox 1109 2407 1361 2458; x_wconf 80' lang='grc' dir='ltr'>τοσοῦτον</span> <span class='ocrx_word' id='word_1_341' title='bbox 1419 2402 1552 2475; x_wconf 86' lang='grc' dir='ltr'>πρὸς</span> <span class='ocrx_word' id='word_1_342' title='bbox 1604 2401 1725 2464; x_wconf 84' lang='grc' dir='ltr'>τοὺς</span> <span class='ocrx_word' id='word_1_343' title='bbox 1783 2422 1893 2456; x_wconf 85' lang='grc' dir='ltr'>πα-</span> 
     </span>
    </p>
   </div>
   <div class='ocr_carea' id='block_1_49' title="bbox 1978 2399 3620 2488">
    <p class='ocr_par' dir='ltr' id='par_1_49' title="bbox 1978 2405 3620 2488">
     <span class='ocr_line' id='line_1_49' title="bbox 1978 2405 3620 2488; baseline -0.002 -21"><span class='ocrx_word' id='word_1_344' title='bbox 1978 2405 2050 2467; x_wconf 88' lang='lat' dir='ltr'><strong>ad</strong></span> <span class='ocrx_word' id='word_1_345' title='bbox 2082 2405 2487 2469; x_wconf 89' lang='lat' dir='ltr'><strong>emolumenta</strong></span> <span class='ocrx_word' id='word_1_346' title='bbox 2507 2408 2798 2488; x_wconf 87' lang='lat' dir='ltr'><strong>aspirans,</strong></span> <span class='ocrx_word' id='word_1_347' title='bbox 2818 2406 3152 2485; x_wconf 88' lang='lat' dir='ltr'><strong>interrupto</strong></span> <span class='ocrx_word' id='word_1_348' title='bbox 3174 2421 3620 2482; x_wconf 86' lang='lat' dir='ltr'><strong>sermone,eum</strong></span> 
     </span>
    </p>
   </div>
   <div class='ocr_carea' id='block_1_50' title="bbox 243 2488 1893 2576">
    <p class='ocr_par' dir='ltr' id='par_1_50' title="bbox 243 2488 1890 2568">
     <span class='ocr_line' id='line_1_50' title="bbox 243 2488 1890 2568; baseline 0.002 -23"><span class='ocrx_word' id='word_1_349' title='bbox 243 2495 516 2564; x_wconf 83' lang='grc' dir='ltr'>ρεστῶτας</span> <span class='ocrx_word' id='word_1_350' title='bbox 575 2488 738 2563; x_wconf 86' lang='grc' dir='ltr'>μόνον</span> <span class='ocrx_word' id='word_1_351' title='bbox 795 2489 981 2568; x_wconf 83' lang='grc' dir='ltr'>εἰπὼν,</span> <span class='ocrx_word' id='word_1_352' title='bbox 1043 2491 1116 2554; x_wconf 75' lang='grc' dir='ltr'>ὡς</span> <span class='ocrx_word' id='word_1_353' title='bbox 1181 2495 1291 2556; x_wconf 76' lang='grc' dir='ltr'><strong>Τῆς</strong></span> <span class='ocrx_word' id='word_1_354' title='bbox 1337 2488 1514 2568; x_wconf 67' lang='grc' dir='ltr'>αὔριον</span> <span class='ocrx_word' id='word_1_355' title='bbox 1573 2489 1890 2563; x_wconf 83' lang='grc' dir='ltr'>ἐπιστάσης,</span> 
     </span>
    </p>
   </div>
   <div class='ocr_carea' id='block_1_51' title="bbox 1978 2488 3618 2576">
    <p class='ocr_par' dir='ltr' id='par_1_51' title="bbox 1978 2493 3618 2576">
     <span class='ocr_line' id='line_1_51' title="bbox 1978 2493 3618 2576; baseline -0.002 -20"><span class='ocrx_word' id='word_1_356' title='bbox 1978 2494 2150 2572; x_wconf 88' lang='lat' dir='ltr'><strong>jubet</strong></span> <span class='ocrx_word' id='word_1_357' title='bbox 2173 2497 2605 2576; x_wconf 86' lang='lat' dir='ltr'><strong>comprehendi</strong></span> <span class='ocrx_word' id='word_1_358' title='bbox 2635 2504 2695 2557; x_wconf 90' lang='lat' dir='ltr'><strong>et</strong></span> <span class='ocrx_word' id='word_1_359' title='bbox 2722 2495 3061 2557; x_wconf 86' lang='lat' dir='ltr'><strong>conservari</strong></span> <span class='ocrx_word' id='word_1_360' title='bbox 3093 2493 3618 2562; x_wconf 83' lang='lat' dir='ltr'><strong>custodia.tantum</strong></span> 
     </span>
    </p>
   </div>
   <div class='ocr_carea' id='block_1_52' title="bbox 244 2577 1893 2655">
    <p class='ocr_par' dir='ltr' id='par_1_52' title="bbox 244 2577 1893 2653">
     <span class='ocr_line' id='line_1_52' title="bbox 244 2577 1893 2653; baseline 0.002 -21"><span class='ocrx_word' id='word_1_361' title='bbox 244 2577 450 2634; x_wconf 81' lang='grc' dir='ltr'>εἴσεται</span> <span class='ocrx_word' id='word_1_362' title='bbox 498 2579 527 2633; x_wconf 84' lang='grc' dir='ltr'>ὁ</span> <span class='ocrx_word' id='word_1_363' title='bbox 556 2577 785 2651; x_wconf 82' lang='grc' dir='ltr'>μάταιος</span> <span class='ocrx_word' id='word_1_364' title='bbox 835 2578 1034 2653; x_wconf 81' lang='grc' dir='ltr'>οὑτοσὶ,</span> <span class='ocrx_word' id='word_1_365' title='bbox 1067 2585 1159 2634; x_wconf 80' lang='grc' dir='ltr'>τοῦ</span> <span class='ocrx_word' id='word_1_366' title='bbox 1225 2577 1506 2635; x_wconf 70' lang='grc' dir='ltr'>Γαλιλαίου</span> <span class='ocrx_word' id='word_1_367' title='bbox 1549 2579 1742 2652; x_wconf 86' lang='grc' dir='ltr'>μύστα,</span> <span class='ocrx_word' id='word_1_368' title='bbox 1777 2579 1893 2642; x_wconf 79' lang='grc' dir='ltr'>οἷος</span> 
     </span>
    </p>
   </div>
   <div class='ocr_carea' id='block_1_53' title="bbox 1978 2577 3616 2655">
    <p class='ocr_par' dir='ltr' id='par_1_53' title="bbox 1981 2583 3616 2655">
     <span class='ocr_line' id='line_1_53' title="bbox 1981 2583 3616 2655; baseline -0.003 -10"><span class='ocrx_word' id='word_1_369' title='bbox 1981 2584 2189 2646; x_wconf 86' lang='lat' dir='ltr'><strong>dicens</strong></span> <span class='ocrx_word' id='word_1_370' title='bbox 2237 2585 2702 2648; x_wconf 87' lang='lat' dir='ltr'><strong>assistentibus:</strong></span> <span class='ocrx_word' id='word_1_371' title='bbox 2739 2586 2798 2647; x_wconf 83' lang='lat' dir='ltr'><strong>Si</strong></span> <span class='ocrx_word' id='word_1_372' title='bbox 2849 2583 3078 2646; x_wconf 89' lang='lat' dir='ltr'><strong>venerit</strong></span> <span class='ocrx_word' id='word_1_373' title='bbox 3123 2583 3254 2644; x_wconf 91' lang='lat' dir='ltr'><strong>dies</strong></span> <span class='ocrx_word' id='word_1_374' title='bbox 3299 2587 3616 2655; x_wconf 88' lang='lat' dir='ltr'><strong>crastinus,</strong></span> 
     </span>
    </p>
   </div>
   <div class='ocr_carea' id='block_1_54' title="bbox 247 2665 1893 2756">
    <p class='ocr_par' dir='ltr' id='par_1_54' title="bbox 247 2665 1893 2746">
     <span class='ocr_line' id='line_1_54' title="bbox 247 2665 1893 2746; baseline 0.002 -26"><span class='ocrx_word' id='word_1_375' title='bbox 247 2666 352 2742; x_wconf 66' lang='grc' dir='ltr'><strong>ἐγὼ</strong></span> <span class='ocrx_word' id='word_1_376' title='bbox 381 2665 536 2733; x_wconf 69' lang='grc' dir='ltr'>φίλος</span> <span class='ocrx_word' id='word_1_377' title='bbox 582 2680 698 2729; x_wconf 88' lang='grc' dir='ltr'>τοῖς</span> <span class='ocrx_word' id='word_1_378' title='bbox 754 2667 974 2746; x_wconf 67' lang='grc' dir='ltr'>ἐχθροῖς</span> <span class='ocrx_word' id='word_1_379' title='bbox 1030 2672 1138 2724; x_wconf 85' lang='grc' dir='ltr'><strong>τῶν</strong></span> <span class='ocrx_word' id='word_1_380' title='bbox 1181 2667 1440 2744; x_wconf 80' lang='grc' dir='ltr'>βασιλέων</span> <span class='ocrx_word' id='word_1_381' title='bbox 1498 2689 1556 2724; x_wconf 88' lang='grc' dir='ltr'><strong>τε</strong></span> <span class='ocrx_word' id='word_1_382' title='bbox 1599 2669 1685 2724; x_wconf 84' lang='grc' dir='ltr'><strong>καὶ</strong></span> <span class='ocrx_word' id='word_1_383' title='bbox 1739 2671 1893 2746; x_wconf 81' lang='grc' dir='ltr'>θεῶν,</span> 
     </span>
    </p>
   </div>
   <div class='ocr_carea' id='block_1_55' title="bbox 1978 2665 3619 2756">
    <p class='ocr_par' dir='ltr' id='par_1_55' title="bbox 1979 2673 3619 2756">
     <span class='ocr_line' id='line_1_55' title="bbox 1979 2673 3619 2756; baseline -0.002 -22"><span class='ocrx_word' id='word_1_384' title='bbox 1979 2673 2131 2735; x_wconf 89' lang='lat' dir='ltr'><strong>sciet</strong></span> <span class='ocrx_word' id='word_1_385' title='bbox 2183 2675 2280 2736; x_wconf 88' lang='lat' dir='ltr'><strong>hic</strong></span> <span class='ocrx_word' id='word_1_386' title='bbox 2309 2675 2562 2736; x_wconf 89' lang='lat' dir='ltr'><strong>stolidus</strong></span> <span class='ocrx_word' id='word_1_387' title='bbox 2595 2684 2776 2756; x_wconf 77' lang='lat' dir='ltr'><strong>mysta</strong></span> <span class='ocrx_word' id='word_1_388' title='bbox 2807 2673 3056 2747; x_wconf 69' lang='lat' dir='ltr'><strong>Galilzei,</strong></span> <span class='ocrx_word' id='word_1_389' title='bbox 3108 2673 3298 2753; x_wconf 86' lang='lat' dir='ltr'><strong>qualis</strong></span> <span class='ocrx_word' id='word_1_390' title='bbox 3349 2689 3456 2749; x_wconf 85' lang='lat' dir='ltr'><strong>ego</strong></span> <span class='ocrx_word' id='word_1_391' title='bbox 3488 2689 3619 2732; x_wconf 91' lang='lat' dir='ltr'><strong>sum</strong></span> 
     </span>
    </p>
   </div>
   <div class='ocr_carea' id='block_1_56' title="bbox 249 2754 1893 2846">
    <p class='ocr_par' dir='ltr' id='par_1_56' title="bbox 249 2754 993 2823">
     <span class='ocr_line' id='line_1_56' title="bbox 249 2754 993 2823; baseline 0 -12"><span class='ocrx_word' id='word_1_392' title='bbox 249 2757 331 2811; x_wconf 84' lang='grc' dir='ltr'><strong>καὶ</strong></span> <span class='ocrx_word' id='word_1_393' title='bbox 361 2757 408 2812; x_wconf 76' lang='grc' dir='ltr'><strong>εἰ</strong></span> <span class='ocrx_word' id='word_1_394' title='bbox 439 2760 523 2818; x_wconf 81' lang='grc' dir='ltr'>εἷς</span> <span class='ocrx_word' id='word_1_395' title='bbox 559 2758 687 2821; x_wconf 83' lang='grc' dir='ltr'>Θεὸς</span> <span class='ocrx_word' id='word_1_396' title='bbox 718 2754 754 2823; x_wconf 73' lang='grc' dir='ltr'><strong>ἢ</strong></span> <span class='ocrx_word' id='word_1_397' title='bbox 785 2754 993 2818; x_wconf 81' lang='grc' dir='ltr'>πολλοί,</span> 
     </span>
    </p>
   </div>
   <div class='ocr_carea' id='block_1_57' title="bbox 1978 2754 3620 2846">
    <p class='ocr_par' dir='ltr' id='par_1_57' title="bbox 1979 2754 3620 2846">
     <span class='ocr_line' id='line_1_57' title="bbox 1979 2754 3620 2846; baseline -0.002 -24"><span class='ocrx_word' id='word_1_398' title='bbox 1979 2763 2208 2825; x_wconf 89' lang='lat' dir='ltr'><strong>amicus</strong></span> <span class='ocrx_word' id='word_1_399' title='bbox 2252 2765 2512 2828; x_wconf 89' lang='lat' dir='ltr'><strong>inimicis</strong></span> <span class='ocrx_word' id='word_1_400' title='bbox 2554 2754 2982 2846; x_wconf 84' lang='lat' dir='ltr'><strong>imperatorum</strong></span> <span class='ocrx_word' id='word_1_401' title='bbox 3029 2773 3084 2824; x_wconf 90' lang='lat' dir='ltr'><strong>et</strong></span> <span class='ocrx_word' id='word_1_402' title='bbox 3135 2762 3407 2835; x_wconf 89' lang='lat' dir='ltr'><strong>deorum,</strong></span> <span class='ocrx_word' id='word_1_403' title='bbox 3441 2768 3500 2821; x_wconf 89' lang='lat' dir='ltr'><strong>et</strong></span> <span class='ocrx_word' id='word_1_404' title='bbox 3545 2777 3620 2821; x_wconf 90' lang='lat' dir='ltr'><strong>an</strong></span> 
     </span>
    </p>
   </div>
   <div class='ocr_carea' id='block_1_58' title="bbox 379 2850 2783 2944">
    <p class='ocr_par' dir='ltr' id='par_1_58' title="bbox 379 2850 2783 2944">
     <span class='ocr_line' id='line_1_58' title="bbox 379 2850 2783 2944; baseline -0.007 -13"><span class='ocrx_word' id='word_1_405' title='bbox 379 2924 392 2944; x_wconf 83' lang='lat'><strong>,</strong></span> <span class='ocrx_word' id='word_1_406' title='bbox 480 2943 509 2944; x_wconf 36' lang='grc' dir='ltr'><strong>η</strong></span> <span class='ocrx_word' id='word_1_407' title='bbox 557 2935 569 2944; x_wconf 88' lang='lat'><strong>_</strong></span> <span class='ocrx_word' id='word_1_408' title='bbox 614 2933 627 2944; x_wconf 54' lang='grc'><strong>,</strong></span> <span class='ocrx_word' id='word_1_409' title='bbox 680 2932 753 2944; x_wconf 55' lang='grc' dir='ltr'><strong>η</strong></span> <span class='ocrx_word' id='word_1_410' title='bbox 879 2934 889 2944; x_wconf 38' lang='grc' dir='ltr'>ι</span> <span class='ocrx_word' id='word_1_411' title='bbox 989 2931 998 2944; x_wconf 35' lang='grc'><strong>1</strong></span> <span class='ocrx_word' id='word_1_412' title='bbox 1257 2935 1271 2944; x_wconf 35' lang='grc' dir='ltr'>ι</span> <span class='ocrx_word' id='word_1_413' title='bbox 1321 2937 1330 2944; x_wconf 86' lang='lat'><strong>_</strong></span> <span class='ocrx_word' id='word_1_414' title='bbox 1408 2935 1421 2944; x_wconf 87' lang='lat'><strong><em>_</em></strong></span> <span class='ocrx_word' id='word_1_415' title='bbox 1478 2936 1491 2944; x_wconf 84' lang='lat'><strong>_</strong></span> <span class='ocrx_word' id='word_1_416' title='bbox 1543 2935 1566 2944; x_wconf 41' lang='grc' dir='ltr'>η</span> <span class='ocrx_word' id='word_1_417' title='bbox 1743 2938 1753 2944; x_wconf 79' lang='lat'>_</span> <span class='ocrx_word' id='word_1_418' title='bbox 1979 2850 2058 2910; x_wconf 88' lang='lat' dir='ltr'><strong>sit</strong></span> <span class='ocrx_word' id='word_1_419' title='bbox 2083 2871 2236 2913; x_wconf 91' lang='lat' dir='ltr'><strong>unus</strong></span> <span class='ocrx_word' id='word_1_420' title='bbox 2269 2853 2449 2930; x_wconf 89' lang='lat' dir='ltr'><strong>Deus,</strong></span> <span class='ocrx_word' id='word_1_421' title='bbox 2485 2874 2558 2917; x_wconf 91' lang='lat' dir='ltr'><strong>an</strong></span> <span class='ocrx_word' id='word_1_422' title='bbox 2592 2855 2783 2916; x_wconf 89' lang='lat' dir='ltr'><strong>multi.</strong></span> 
     </span>
    </p>
   </div>
   <div class='ocr_carea' id='block_1_59' title="bbox 325 2931 1893 3022">
    <p class='ocr_par' dir='ltr' id='par_1_59' title="bbox 325 2931 1893 3012">
     <span class='ocr_line' id='line_1_59' title="bbox 325 2931 1893 3012; baseline 0.001 -22"><span class='ocrx_word' id='word_1_423' title='bbox 325 2931 414 2994; x_wconf 83' lang='grc' dir='ltr'><strong>Θ”.</strong></span> <span class='ocrx_word' id='word_1_424' title='bbox 473 2935 574 2994; x_wconf 75' lang='grc' dir='ltr'>Καὶ</span> <span class='ocrx_word' id='word_1_425' title='bbox 602 2932 788 2998; x_wconf 83' lang='grc' dir='ltr'>ἆπλῶς</span> <span class='ocrx_word' id='word_1_426' title='bbox 839 2934 904 2990; x_wconf 82' lang='grc' dir='ltr'><strong>τὰ</strong></span> <span class='ocrx_word' id='word_1_427' title='bbox 932 2931 1158 3008; x_wconf 79' lang='grc' dir='ltr'>μένοντα</span> <span class='ocrx_word' id='word_1_428' title='bbox 1218 2935 1374 2992; x_wconf 71' lang='grc' dir='ltr'>αὐτὸν</span> <span class='ocrx_word' id='word_1_429' title='bbox 1403 2935 1491 2992; x_wconf 77' lang='grc' dir='ltr'><strong>ἐπ’</strong></span> <span class='ocrx_word' id='word_1_430' title='bbox 1533 2935 1653 3012; x_wconf 77' lang='grc' dir='ltr'>ὄψει</span> <span class='ocrx_word' id='word_1_431' title='bbox 1683 2938 1893 2993; x_wconf 86' lang='grc' dir='ltr'>πάντων</span> 
     </span>
    </p>
   </div>
   <div class='ocr_carea' id='block_1_60' title="bbox 1978 2931 3620 3022">
    <p class='ocr_par' dir='ltr' id='par_1_60' title="bbox 2057 2937 3620 3022">
     <span class='ocr_line' id='line_1_60' title="bbox 2057 2937 3620 3022; baseline -0.004 -18"><span class='ocrx_word' id='word_1_432' title='bbox 2057 2943 2157 3006; x_wconf 86' lang='grc' dir='ltr'><strong>ΙΧ.</strong></span> <span class='ocrx_word' id='word_1_433' title='bbox 2212 2943 2482 3006; x_wconf 80' lang='lat' dir='ltr'><strong>Crastino</strong></span> <span class='ocrx_word' id='word_1_434' title='bbox 2511 2956 2710 3007; x_wconf 86' lang='lat' dir='ltr'><strong>autem</strong></span> <span class='ocrx_word' id='word_1_435' title='bbox 2743 2944 2842 3006; x_wconf 88' lang='lat' dir='ltr'><strong>die</strong></span> <span class='ocrx_word' id='word_1_436' title='bbox 2889 2943 2943 3005; x_wconf 92' lang='lat' dir='ltr'><strong>ei</strong></span> <span class='ocrx_word' id='word_1_437' title='bbox 2977 2938 3286 3022; x_wconf 89' lang='lat' dir='ltr'><strong>proposito</strong></span> <span class='ocrx_word' id='word_1_438' title='bbox 3316 2937 3620 3011; x_wconf 84' lang='lat' dir='ltr'><strong>tribunali,</strong></span> 
     </span>
    </p>
   </div>
   <div class='ocr_carea' id='block_1_61' title="bbox 252 3019 1893 3114">
    <p class='ocr_par' dir='ltr' id='par_1_61' title="bbox 252 3019 1893 3114">
     <span class='ocr_line' id='line_1_61' title="bbox 252 3019 1893 3114; baseline 0.004 -38"><span class='ocrx_word' id='word_1_439' title='bbox 252 3019 414 3082; x_wconf 80' lang='grc' dir='ltr'>δεινά.</span> <span class='ocrx_word' id='word_1_440' title='bbox 483 3029 564 3099; x_wconf 75' lang='grc' dir='ltr'><strong>Τῇ</strong></span> <span class='ocrx_word' id='word_1_441' title='bbox 637 3021 722 3079; x_wconf 76' lang='grc' dir='ltr'><strong>ἐπ’</strong></span> <span class='ocrx_word' id='word_1_442' title='bbox 791 3022 980 3114; x_wconf 67' lang='grc' dir='ltr'><strong>αὔριονΔ</strong></span> <span class='ocrx_word' id='word_1_443' title='bbox 1039 3021 1092 3078; x_wconf 75' lang='grc' dir='ltr'>δὲ</span> <span class='ocrx_word' id='word_1_444' title='bbox 1168 3025 1414 3100; x_wconf 72' lang='grc' dir='ltr'>βήματος</span> <span class='ocrx_word' id='word_1_445' title='bbox 1474 3025 1617 3098; x_wconf 84' lang='grc' dir='ltr'><strong>αὒτῷ</strong></span> <span class='ocrx_word' id='word_1_446' title='bbox 1691 3025 1893 3101; x_wconf 70' lang='grc' dir='ltr'>ὑψηλοῦ</span> 
     </span>
    </p>
   </div>
   <div class='ocr_carea' id='block_1_62' title="bbox 1978 3019 3623 3114">
    <p class='ocr_par' dir='ltr' id='par_1_62' title="bbox 1979 3019 3623 3114">
     <span class='ocr_line' id='line_1_62' title="bbox 1979 3019 3623 3114; baseline -0.004 -19"><span class='ocrx_word' id='word_1_447' title='bbox 1979 3041 2036 3095; x_wconf 88' lang='lat' dir='ltr'><strong>et</strong></span> <span class='ocrx_word' id='word_1_448' title='bbox 2064 3040 2368 3112; x_wconf 86' lang='lat' dir='ltr'><strong>spectante</strong></span> <span class='ocrx_word' id='word_1_449' title='bbox 2408 3041 2533 3096; x_wconf 91' lang='lat' dir='ltr'><strong>toto</strong></span> <span class='ocrx_word' id='word_1_450' title='bbox 2566 3034 2810 3114; x_wconf 88' lang='lat' dir='ltr'><strong>populo,</strong></span> <span class='ocrx_word' id='word_1_451' title='bbox 2843 3042 2900 3093; x_wconf 89' lang='lat' dir='ltr'><strong>et</strong></span> <span class='ocrx_word' id='word_1_452' title='bbox 2950 3019 3364 3093; x_wconf 76' lang='lat' dir='ltr'><strong>assistentibus</strong></span> <span class='ocrx_word' id='word_1_453' title='bbox 3393 3027 3623 3090; x_wconf 82' lang='lat' dir='ltr'><strong>satelli-</strong></span> 
     </span>
    </p>
   </div>
   <div class='ocr_carea' id='block_1_63' title="bbox 249 3109 1893 3218">
    <p class='ocr_par' dir='ltr' id='par_1_63' title="bbox 249 3109 1893 3218">
     <span class='ocr_line' id='line_1_63' title="bbox 249 3109 1893 3191; baseline 0.004 -25"><span class='ocrx_word' id='word_1_454' title='bbox 249 3112 612 3191; x_wconf 76' lang='grc' dir='ltr'>προτεθέντος,</span> <span class='ocrx_word' id='word_1_455' title='bbox 669 3119 763 3168; x_wconf 83' lang='grc' dir='ltr'>τοῦ</span> <span class='ocrx_word' id='word_1_456' title='bbox 832 3133 891 3168; x_wconf 91' lang='grc' dir='ltr'><strong>τε</strong></span> <span class='ocrx_word' id='word_1_457' title='bbox 959 3109 1130 3186; x_wconf 76' lang='grc' dir='ltr'>δήμου</span> <span class='ocrx_word' id='word_1_458' title='bbox 1201 3115 1398 3180; x_wconf 90' lang='grc' dir='ltr'>παντὸς</span> <span class='ocrx_word' id='word_1_459' title='bbox 1464 3115 1751 3189; x_wconf 82' lang='grc' dir='ltr'>θεωμένου,</span> <span class='ocrx_word' id='word_1_460' title='bbox 1810 3124 1893 3179; x_wconf 76' lang='grc' dir='ltr'><strong>καὶ</strong></span> 
     </span>
     <span class='ocr_line' id='line_1_64' title="bbox 432 3200 1855 3218; baseline 0 0"><span class='ocrx_word' id='word_1_461' title='bbox 432 3200 456 3218; x_wconf 64' lang='grc' dir='ltr'>ε.</span> <span class='ocrx_word' id='word_1_462' title='bbox 661 3203 673 3218; x_wconf 89' lang='grc'><strong><em>,</em></strong></span> <span class='ocrx_word' id='word_1_463' title='bbox 1116 3202 1126 3218; x_wconf 89' lang='grc'><em>.</em></span> <span class='ocrx_word' id='word_1_464' title='bbox 1513 3206 1558 3218; x_wconf 77' lang='lat'><strong>-.</strong></span> <span class='ocrx_word' id='word_1_465' title='bbox 1783 3206 1794 3218; x_wconf 91' lang='lat'><strong>.</strong></span> <span class='ocrx_word' id='word_1_466' title='bbox 1843 3207 1855 3218; x_wconf 83' lang='lat'><strong>.</strong></span> 
     </span>
    </p>
   </div>
   <div class='ocr_carea' id='block_1_64' title="bbox 1978 3109 3620 3218">
    <p class='ocr_par' dir='ltr' id='par_1_64' title="bbox 1982 3109 3620 3218">
     <span class='ocr_line' id='line_1_65' title="bbox 1982 3109 3620 3218; baseline -0.002 -35"><span class='ocrx_word' id='word_1_467' title='bbox 1982 3109 2162 3203; x_wconf 80' lang='lat' dir='ltr'><strong>tibus,</strong></span> <span class='ocrx_word' id='word_1_468' title='bbox 2215 3125 2343 3204; x_wconf 92' lang='lat' dir='ltr'><strong>ipse</strong></span> <span class='ocrx_word' id='word_1_469' title='bbox 2396 3109 2725 3204; x_wconf 71' lang='lat' dir='ltr'><strong>praesidens</strong></span> <span class='ocrx_word' id='word_1_470' title='bbox 2767 3109 2945 3203; x_wconf 83' lang='lat' dir='ltr'><strong>jussit</strong></span> <span class='ocrx_word' id='word_1_471' title='bbox 2996 3129 3263 3218; x_wconf 80' lang='lat' dir='ltr'><strong>sanctum</strong></span> <span class='ocrx_word' id='word_1_472' title='bbox 3313 3118 3620 3218; x_wconf 74' lang='lat' dir='ltr'><strong>assistere.</strong></span> 
     </span>
    </p>
   </div>
   <div class='ocr_carea' id='block_1_65' title="bbox 243 3200 1893 3292">
    <p class='ocr_par' dir='ltr' id='par_1_65' title="bbox 243 3200 1893 3281">
     <span class='ocr_line' id='line_1_66' title="bbox 243 3200 1893 3281; baseline 0.002 -24"><span class='ocrx_word' id='word_1_473' title='bbox 243 3222 337 3269; x_wconf 74' lang='grc' dir='ltr'><strong>της</strong></span> <span class='ocrx_word' id='word_1_474' title='bbox 427 3200 738 3281; x_wconf 72' lang='grc' dir='ltr'>δορυφορίας</span> <span class='ocrx_word' id='word_1_475' title='bbox 824 3202 1251 3281; x_wconf 81' lang='grc' dir='ltr'>παρισταμένης,</span> <span class='ocrx_word' id='word_1_476' title='bbox 1336 3206 1656 3279; x_wconf 77' lang='grc' dir='ltr'>προκαθίσας</span> <span class='ocrx_word' id='word_1_477' title='bbox 1743 3206 1893 3270; x_wconf 82' lang='grc' dir='ltr'>αὑτὸς</span> 
     </span>
    </p>
   </div>
   <div class='ocr_carea' id='block_1_66' title="bbox 1978 3200 3624 3292">
    <p class='ocr_par' dir='ltr' id='par_1_66' title="bbox 1981 3200 3624 3292">
     <span class='ocr_line' id='line_1_67' title="bbox 1981 3200 3624 3292; baseline -0.005 -16"><span class='ocrx_word' id='word_1_478' title='bbox 1981 3214 2126 3276; x_wconf 91' lang='lat' dir='ltr'><strong>Cum</strong></span> <span class='ocrx_word' id='word_1_479' title='bbox 2148 3200 2272 3274; x_wconf 77' lang='lat' dir='ltr'><strong>hoc</strong></span> <span class='ocrx_word' id='word_1_480' title='bbox 2302 3200 2497 3276; x_wconf 77' lang='lat' dir='ltr'><strong>autem</strong></span> <span class='ocrx_word' id='word_1_481' title='bbox 2542 3200 2973 3292; x_wconf 35' lang='lat' dir='ltr'><strong>factum&#39;esset,</strong></span> <span class='ocrx_word' id='word_1_482' title='bbox 3007 3219 3066 3273; x_wconf 89' lang='lat' dir='ltr'><strong>et</strong></span> <span class='ocrx_word' id='word_1_483' title='bbox 3094 3211 3224 3272; x_wconf 62' lang='lat' dir='ltr'><strong>laeto</strong></span> <span class='ocrx_word' id='word_1_484' title='bbox 3256 3209 3414 3270; x_wconf 88' lang='lat' dir='ltr'><strong>vultu</strong></span> <span class='ocrx_word' id='word_1_485' title='bbox 3446 3216 3506 3268; x_wconf 90' lang='lat' dir='ltr'><strong>et</strong></span> <span class='ocrx_word' id='word_1_486' title='bbox 3536 3209 3624 3269; x_wconf 91' lang='lat' dir='ltr'><strong>in-</strong></span> 
     </span>
    </p>
   </div>
   <div class='ocr_carea' id='block_1_67' title="bbox 243 3289 1893 3383">
    <p class='ocr_par' dir='ltr' id='par_1_67' title="bbox 243 3289 1893 3374">
     <span class='ocr_line' id='line_1_68' title="bbox 243 3289 1893 3374; baseline 0.004 -30"><span class='ocrx_word' id='word_1_487' title='bbox 243 3289 487 3348; x_wconf 74' lang='grc' dir='ltr'>ἑιιέλευσε</span> <span class='ocrx_word' id='word_1_488' title='bbox 547 3296 884 3368; x_wconf 80' lang='grc' dir='ltr'>παραστῆναι</span> <span class='ocrx_word' id='word_1_489' title='bbox 938 3291 1029 3346; x_wconf 84' lang='grc' dir='ltr'>τόν</span> <span class='ocrx_word' id='word_1_490' title='bbox 1085 3291 1263 3370; x_wconf 77' lang='grc' dir='ltr'>ἅγιον,</span> <span class='ocrx_word' id='word_1_491' title='bbox 1329 3296 1402 3351; x_wconf 87' lang='grc' dir='ltr'>Οὗ</span> <span class='ocrx_word' id='word_1_492' title='bbox 1457 3293 1764 3374; x_wconf 83' lang='grc' dir='ltr'>γενομένου,</span> <span class='ocrx_word' id='word_1_493' title='bbox 1810 3290 1893 3350; x_wconf 66' lang='grc' dir='ltr'><strong>καὶ</strong></span> 
     </span>
    </p>
   </div>
   <div class='ocr_carea' id='block_1_68' title="bbox 1978 3289 3614 3383">
    <p class='ocr_par' dir='ltr' id='par_1_68' title="bbox 1983 3289 3614 3383">
     <span class='ocr_line' id='line_1_69' title="bbox 1983 3289 3614 3383; baseline -0.001 -21"><span class='ocrx_word' id='word_1_494' title='bbox 1983 3304 2187 3365; x_wconf 82' lang='lat' dir='ltr'><strong>territo</strong></span> <span class='ocrx_word' id='word_1_495' title='bbox 2237 3303 2438 3365; x_wconf 91' lang='lat' dir='ltr'><strong>animo</strong></span> <span class='ocrx_word' id='word_1_496' title='bbox 2471 3312 2694 3383; x_wconf 87' lang='lat' dir='ltr'><strong>martyr</strong></span> <span class='ocrx_word' id='word_1_497' title='bbox 2737 3289 3044 3381; x_wconf 87' lang='lat' dir='ltr'><strong>astitisset,</strong></span> <span class='ocrx_word' id='word_1_498' title='bbox 3077 3301 3224 3362; x_wconf 84' lang='lat' dir='ltr'><strong>dixit</strong></span> <span class='ocrx_word' id='word_1_499' title='bbox 3252 3299 3568 3378; x_wconf 82' lang='lat' dir='ltr'><strong>praefectus</strong></span> <span class='ocrx_word' id='word_1_500' title='bbox 3601 3315 3614 3360; x_wconf 92' lang='lat'><strong>:</strong></span> 
     </span>
    </p>
   </div>
   <div class='ocr_carea' id='block_1_69' title="bbox 242 3379 1893 3472">
    <p class='ocr_par' dir='ltr' id='par_1_69' title="bbox 242 3379 1893 3462">
     <span class='ocr_line' id='line_1_70' title="bbox 242 3379 1893 3462; baseline 0.004 -28"><span class='ocrx_word' id='word_1_501' title='bbox 242 3381 605 3454; x_wconf 77' lang='grc' dir='ltr'>παραστάντος</span> <span class='ocrx_word' id='word_1_502' title='bbox 681 3388 774 3438; x_wconf 80' lang='grc' dir='ltr'>τοῦ</span> <span class='ocrx_word' id='word_1_503' title='bbox 859 3379 1117 3458; x_wconf 83' lang='grc' dir='ltr'>μάρτυρος</span> <span class='ocrx_word' id='word_1_504' title='bbox 1197 3380 1399 3460; x_wconf 88' lang='grc' dir='ltr'>φαιδρῷ</span> <span class='ocrx_word' id='word_1_505' title='bbox 1467 3389 1544 3456; x_wconf 84' lang='grc' dir='ltr'><strong>τῷ</strong></span> <span class='ocrx_word' id='word_1_506' title='bbox 1631 3383 1893 3462; x_wconf 79' lang='grc' dir='ltr'>προσώπῳ</span> 
     </span>
    </p>
   </div>
   <div class='ocr_carea' id='block_1_70' title="bbox 1978 3379 3621 3472">
    <p class='ocr_par' dir='ltr' id='par_1_70' title="bbox 1983 3379 3621 3472">
     <span class='ocr_line' id='line_1_71' title="bbox 1983 3379 3621 3472; baseline -0.002 -20"><span class='ocrx_word' id='word_1_507' title='bbox 1983 3393 2244 3472; x_wconf 69' lang='grc' dir='ltr'>ίΕῳιυιη</span> <span class='ocrx_word' id='word_1_508' title='bbox 2277 3401 2390 3466; x_wconf 89' lang='lat' dir='ltr'><strong>est,</strong></span> <span class='ocrx_word' id='word_1_509' title='bbox 2425 3412 2458 3452; x_wconf 96' lang='lat' dir='ltr'><strong>o</strong></span> <span class='ocrx_word' id='word_1_510' title='bbox 2494 3379 2684 3468; x_wconf 78' lang='lat' dir='ltr'><strong>Mena,</strong></span> <span class='ocrx_word' id='word_1_511' title='bbox 2719 3409 2957 3453; x_wconf 87' lang='lat' dir='ltr'><strong>omnem</strong></span> <span class='ocrx_word' id='word_1_512' title='bbox 2987 3379 3294 3451; x_wconf 87' lang='lat' dir='ltr'><strong>hominem</strong></span> <span class='ocrx_word' id='word_1_513' title='bbox 3331 3391 3621 3448; x_wconf 87' lang='lat' dir='ltr'><strong>honorare</strong></span> 
     </span>
    </p>
   </div>
   <div class='ocr_carea' id='block_1_71' title="bbox 243 3471 1893 3560">
    <p class='ocr_par' dir='ltr' id='par_1_71' title="bbox 243 3471 1892 3560">
     <span class='ocr_line' id='line_1_72' title="bbox 243 3471 1892 3560; baseline 0.001 -33"><span class='ocrx_word' id='word_1_514' title='bbox 243 3472 326 3528; x_wconf 85' lang='grc' dir='ltr'><strong>καὶ</strong></span> <span class='ocrx_word' id='word_1_515' title='bbox 387 3471 648 3560; x_wconf 72' lang='grc' dir='ltr'>απτοήτῳ</span> <span class='ocrx_word' id='word_1_516' title='bbox 676 3474 864 3560; x_wconf 65' lang='grc' dir='ltr'>ψυχῆς</span> <span class='ocrx_word' id='word_1_517' title='bbox 918 3471 1321 3560; x_wconf 66' lang='grc' dir='ltr'>παραστήματι,</span> <span class='ocrx_word' id='word_1_518' title='bbox 1378 3473 1406 3528; x_wconf 85' lang='grc' dir='ltr'>ὁ</span> <span class='ocrx_word' id='word_1_519' title='bbox 1458 3471 1698 3552; x_wconf 52' lang='grc' dir='ltr'>ἔπαρχος</span> <span class='ocrx_word' id='word_1_520' title='bbox 1748 3473 1892 3529; x_wconf 86' lang='grc' dir='ltr'>ε’ίπε·</span> 
     </span>
    </p>
   </div>
   <div class='ocr_carea' id='block_1_72' title="bbox 1978 3471 3620 3560">
    <p class='ocr_par' dir='ltr' id='par_1_72' title="bbox 1982 3471 3620 3560">
     <span class='ocr_line' id='line_1_73' title="bbox 1982 3471 3620 3560; baseline -0.004 -17"><span class='ocrx_word' id='word_1_521' title='bbox 1982 3471 2176 3560; x_wconf 65' lang='grc' dir='ltr'>ι’θςθε,</span> <span class='ocrx_word' id='word_1_522' title='bbox 2212 3491 2272 3544; x_wconf 86' lang='lat' dir='ltr'><strong>et</strong></span> <span class='ocrx_word' id='word_1_523' title='bbox 2319 3500 2525 3560; x_wconf 81' lang='lat' dir='ltr'><strong>regum</strong></span> <span class='ocrx_word' id='word_1_524' title='bbox 2560 3483 2704 3545; x_wconf 91' lang='lat' dir='ltr'><strong>deos</strong></span> <span class='ocrx_word' id='word_1_525' title='bbox 2753 3482 2976 3552; x_wconf 87' lang='lat' dir='ltr'><strong>colere,</strong></span> <span class='ocrx_word' id='word_1_526' title='bbox 3009 3487 3069 3540; x_wconf 88' lang='lat' dir='ltr'><strong>et</strong></span> <span class='ocrx_word' id='word_1_527' title='bbox 3117 3487 3405 3559; x_wconf 85' lang='lat' dir='ltr'><strong>praeterea</strong></span> <span class='ocrx_word' id='word_1_528' title='bbox 3456 3485 3620 3554; x_wconf 84' lang='lat' dir='ltr'><strong>grato</strong></span> 
     </span>
    </p>
   </div>
   <div class='ocr_carea' id='block_1_73' title="bbox 253 3558 1893 3648">
    <p class='ocr_par' dir='ltr' id='par_1_73' title="bbox 253 3558 1893 3638">
     <span class='ocr_line' id='line_1_74' title="bbox 253 3558 1893 3638; baseline 0.002 -24"><span class='ocrx_word' id='word_1_529' title='bbox 253 3559 456 3616; x_wconf 80' lang='grc' dir='ltr'>Δίκαιόν</span> <span class='ocrx_word' id='word_1_530' title='bbox 513 3559 683 3638; x_wconf 80' lang='grc' dir='ltr'>ἐστιν,</span> <span class='ocrx_word' id='word_1_531' title='bbox 738 3558 784 3613; x_wconf 83' lang='grc' dir='ltr'>ὦ</span> <span class='ocrx_word' id='word_1_532' title='bbox 837 3565 1015 3630; x_wconf 82' lang='grc' dir='ltr'>Μηνᾶ,</span> <span class='ocrx_word' id='word_1_533' title='bbox 1076 3558 1329 3636; x_wconf 83' lang='grc' dir='ltr'>βασιλέας</span> <span class='ocrx_word' id='word_1_534' title='bbox 1387 3581 1444 3616; x_wconf 88' lang='grc' dir='ltr'><strong>τε</strong></span> <span class='ocrx_word' id='word_1_535' title='bbox 1512 3568 1673 3638; x_wconf 87' lang='grc' dir='ltr'>τιμᾷν</span> <span class='ocrx_word' id='word_1_536' title='bbox 1731 3564 1893 3621; x_wconf 73' lang='grc' dir='ltr'>πάντα</span> 
     </span>
    </p>
   </div>
   <div class='ocr_carea' id='block_1_74' title="bbox 1978 3558 3616 3648">
    <p class='ocr_par' dir='ltr' id='par_1_74' title="bbox 1984 3558 3616 3648">
     <span class='ocr_line' id='line_1_75' title="bbox 1984 3558 3616 3648; baseline -0.004 -16"><span class='ocrx_word' id='word_1_537' title='bbox 1984 3558 2115 3633; x_wconf 82' lang='lat' dir='ltr'><strong>esse</strong></span> <span class='ocrx_word' id='word_1_538' title='bbox 2148 3571 2346 3633; x_wconf 89' lang='lat' dir='ltr'><strong>animo</strong></span> <span class='ocrx_word' id='word_1_539' title='bbox 2379 3558 2436 3632; x_wconf 82' lang='lat' dir='ltr'><strong>in</strong></span> <span class='ocrx_word' id='word_1_540' title='bbox 2468 3569 2906 3633; x_wconf 82' lang='lat' dir='ltr'><strong>benefactores?</strong></span> <span class='ocrx_word' id='word_1_541' title='bbox 2937 3577 3035 3631; x_wconf 89' lang='lat' dir='ltr'><strong>aut</strong></span> <span class='ocrx_word' id='word_1_542' title='bbox 3065 3558 3179 3648; x_wconf 86' lang='lat' dir='ltr'><strong>ipsi</strong></span> <span class='ocrx_word' id='word_1_543' title='bbox 3210 3574 3417 3646; x_wconf 88' lang='lat' dir='ltr'><strong>aperte</strong></span> <span class='ocrx_word' id='word_1_544' title='bbox 3445 3566 3616 3638; x_wconf 90' lang='lat' dir='ltr'><strong>doce,</strong></span> 
     </span>
    </p>
   </div>
   <div class='ocr_carea' id='block_1_75' title="bbox 255 3645 1893 3740">
    <p class='ocr_par' dir='ltr' id='par_1_75' title="bbox 255 3645 1893 3727">
     <span class='ocr_line' id='line_1_76' title="bbox 255 3645 1893 3727; baseline 0.002 -24"><span class='ocrx_word' id='word_1_545' title='bbox 255 3648 557 3727; x_wconf 73' lang='grc' dir='ltr'>ἄνθρωπον,</span> <span class='ocrx_word' id='word_1_546' title='bbox 631 3650 719 3704; x_wconf 81' lang='grc' dir='ltr'>καὶ</span> <span class='ocrx_word' id='word_1_547' title='bbox 775 3648 896 3711; x_wconf 80' lang='grc' dir='ltr'>τοὺς</span> <span class='ocrx_word' id='word_1_548' title='bbox 975 3647 1149 3704; x_wconf 69' lang='grc' dir='ltr'>αὐτῶν</span> <span class='ocrx_word' id='word_1_549' title='bbox 1223 3647 1466 3706; x_wconf 87' lang='grc' dir='ltr'>σέϐεσθαι</span> <span class='ocrx_word' id='word_1_550' title='bbox 1547 3652 1692 3716; x_wconf 85' lang='grc' dir='ltr'>θεοὺς</span> <span class='ocrx_word' id='word_1_551' title='bbox 1721 3696 1740 3722; x_wconf 86' lang='lat'><strong>,</strong></span> <span class='ocrx_word' id='word_1_552' title='bbox 1813 3645 1893 3706; x_wconf 67' lang='lat' dir='ltr'><strong>iul</strong></span> 
     </span>
    </p>
   </div>
   <div class='ocr_carea' id='block_1_76' title="bbox 1978 3645 3622 3740">
    <p class='ocr_par' dir='ltr' id='par_1_76' title="bbox 1983 3645 3622 3740">
     <span class='ocr_line' id='line_1_77' title="bbox 1983 3645 3622 3740; baseline -0.005 -18"><span class='ocrx_word' id='word_1_553' title='bbox 1983 3660 2126 3740; x_wconf 91' lang='lat' dir='ltr'><strong>quid</strong></span> <span class='ocrx_word' id='word_1_554' title='bbox 2153 3661 2224 3722; x_wconf 87' lang='lat' dir='ltr'><strong>ad</strong></span> <span class='ocrx_word' id='word_1_555' title='bbox 2248 3661 2374 3723; x_wconf 71' lang='lat' dir='ltr'><strong>hazc</strong></span> <span class='ocrx_word' id='word_1_556' title='bbox 2400 3660 2595 3723; x_wconf 83' lang='lat' dir='ltr'><strong>facere</strong></span> <span class='ocrx_word' id='word_1_557' title='bbox 2624 3667 2910 3740; x_wconf 89' lang='lat' dir='ltr'><strong>oporteat.</strong></span> <span class='ocrx_word' id='word_1_558' title='bbox 2947 3645 3196 3720; x_wconf 84' lang='lat' dir='ltr'><strong>Sanctus</strong></span> <span class='ocrx_word' id='word_1_559' title='bbox 3227 3645 3365 3716; x_wconf 86' lang='lat' dir='ltr'><strong>vero</strong></span> <span class='ocrx_word' id='word_1_560' title='bbox 3391 3675 3404 3714; x_wconf 92' lang='lat'>:</span> <span class='ocrx_word' id='word_1_561' title='bbox 3444 3654 3622 3715; x_wconf 42' lang='lat' dir='ltr'><strong>Eate‘</strong></span> 
     </span>
    </p>
   </div>
   <div class='ocr_carea' id='block_1_77' title="bbox 258 3736 1893 3829">
    <p class='ocr_par' dir='ltr' id='par_1_77' title="bbox 258 3736 1893 3818">
     <span class='ocr_line' id='line_1_78' title="bbox 258 3736 1893 3818; baseline 0.001 -25"><span class='ocrx_word' id='word_1_562' title='bbox 258 3740 376 3816; x_wconf 80' lang='grc' dir='ltr'>πρὸς</span> <span class='ocrx_word' id='word_1_563' title='bbox 409 3737 485 3794; x_wconf 77' lang='grc' dir='ltr'>ἔτι</span> <span class='ocrx_word' id='word_1_564' title='bbox 542 3749 658 3801; x_wconf 86' lang='grc' dir='ltr'>τοῖς</span> <span class='ocrx_word' id='word_1_565' title='bbox 689 3736 984 3814; x_wconf 68' lang='grc' dir='ltr'>εὐεργέταις</span> <span class='ocrx_word' id='word_1_566' title='bbox 1019 3737 1379 3814; x_wconf 66' lang='grc' dir='ltr'>εὐγνωμονεῖν</span> <span class='ocrx_word' id='word_1_567' title='bbox 1412 3757 1435 3809; x_wconf 80' lang='lat'><strong>,&#39;</strong></span> <span class='ocrx_word' id='word_1_568' title='bbox 1494 3739 1530 3806; x_wconf 75' lang='grc' dir='ltr'><strong>ἢ</strong></span> <span class='ocrx_word' id='word_1_569' title='bbox 1566 3740 1614 3796; x_wconf 83' lang='grc' dir='ltr'><strong>τί</strong></span> <span class='ocrx_word' id='word_1_570' title='bbox 1657 3738 1738 3796; x_wconf 83' lang='grc' dir='ltr'><strong>δει</strong></span> <span class='ocrx_word' id='word_1_571' title='bbox 1769 3743 1893 3818; x_wconf 86' lang='grc' dir='ltr'>πρὸς</span> 
     </span>
    </p>
   </div>
   <div class='ocr_carea' id='block_1_78' title="bbox 1978 3736 3624 3829">
    <p class='ocr_par' dir='ltr' id='par_1_78' title="bbox 1985 3736 3624 3829">
     <span class='ocr_line' id='line_1_79' title="bbox 1985 3736 3624 3829; baseline -0.003 -20"><span class='ocrx_word' id='word_1_572' title='bbox 1985 3736 2120 3824; x_wconf 82' lang='lat' dir='ltr'><strong>nus,</strong></span> <span class='ocrx_word' id='word_1_573' title='bbox 2154 3750 2370 3829; x_wconf 88' lang='lat' dir='ltr'><strong>inquit,</strong></span> <span class='ocrx_word' id='word_1_574' title='bbox 2405 3769 2439 3811; x_wconf 90' lang='grc' dir='ltr'><strong>ο</strong></span> <span class='ocrx_word' id='word_1_575' title='bbox 2473 3736 2768 3829; x_wconf 63' lang='lat' dir='ltr'><strong>praefecte,</strong></span> <span class='ocrx_word' id='word_1_576' title='bbox 2802 3757 2964 3827; x_wconf 83' lang='lat' dir='ltr'><strong>grato</strong></span> <span class='ocrx_word' id='word_1_577' title='bbox 2995 3764 3125 3808; x_wconf 90' lang='lat' dir='ltr'><strong>esse</strong></span> <span class='ocrx_word' id='word_1_578' title='bbox 3156 3744 3354 3806; x_wconf 89' lang='lat' dir='ltr'><strong>animo</strong></span> <span class='ocrx_word' id='word_1_579' title='bbox 3386 3750 3624 3822; x_wconf 85' lang='lat' dir='ltr'><strong>oportet</strong></span> 
     </span>
    </p>
   </div>
   <div class='ocr_carea' id='block_1_79' title="bbox 261 3824 1893 3919">
    <p class='ocr_par' dir='ltr' id='par_1_79' title="bbox 261 3824 1893 3905">
     <span class='ocr_line' id='line_1_80' title="bbox 261 3824 1893 3905; baseline -0.001 -24"><span class='ocrx_word' id='word_1_580' title='bbox 261 3834 412 3884; x_wconf 81' lang='grc' dir='ltr'>ταῦτα</span> <span class='ocrx_word' id='word_1_581' title='bbox 468 3838 675 3904; x_wconf 85' lang='grc' dir='ltr'>ποιεῖν,</span> <span class='ocrx_word' id='word_1_582' title='bbox 719 3827 875 3889; x_wconf 68' lang='grc' dir='ltr'>αὐτὸς</span> <span class='ocrx_word' id='word_1_583' title='bbox 933 3825 987 3882; x_wconf 88' lang='grc' dir='ltr'>ἐν</span> <span class='ocrx_word' id='word_1_584' title='bbox 1038 3833 1116 3900; x_wconf 85' lang='grc' dir='ltr'>τῷ</span> <span class='ocrx_word' id='word_1_585' title='bbox 1172 3834 1381 3905; x_wconf 82' lang='grc' dir='ltr'>φανερῷ</span> <span class='ocrx_word' id='word_1_586' title='bbox 1437 3824 1658 3893; x_wconf 78' lang='grc' dir='ltr'>δίδαξον,</span> <span class='ocrx_word' id='word_1_587' title='bbox 1717 3830 1812 3887; x_wconf 84' lang='grc' dir='ltr'>Καὶ</span> <span class='ocrx_word' id='word_1_588' title='bbox 1871 3825 1893 3880; x_wconf 75' lang='grc' dir='ltr'><strong>ὁ</strong></span> 
     </span>
    </p>
   </div>
   <div class='ocr_carea' id='block_1_80' title="bbox 1978 3824 3624 3919">
    <p class='ocr_par' dir='ltr' id='par_1_80' title="bbox 1984 3824 3624 3919">
     <span class='ocr_line' id='line_1_81' title="bbox 1984 3824 3624 3919; baseline -0.005 -20"><span class='ocrx_word' id='word_1_589' title='bbox 1984 3840 2044 3899; x_wconf 92' lang='lat' dir='ltr'><strong>in</strong></span> <span class='ocrx_word' id='word_1_590' title='bbox 2075 3824 2509 3919; x_wconf 69' lang='lat' dir='ltr'><strong>benelactores,</strong></span> <span class='ocrx_word' id='word_1_591' title='bbox 2544 3824 2836 3918; x_wconf 78' lang='lat' dir='ltr'><strong>quatenus</strong></span> <span class='ocrx_word' id='word_1_592' title='bbox 2865 3845 2920 3899; x_wconf 90' lang='lat' dir='ltr'><strong>et</strong></span> <span class='ocrx_word' id='word_1_593' title='bbox 2953 3838 3032 3910; x_wconf 91' lang='lat' dir='ltr'><strong>ei,</strong></span> <span class='ocrx_word' id='word_1_594' title='bbox 3064 3834 3163 3916; x_wconf 88' lang='lat' dir='ltr'><strong>qui</strong></span> <span class='ocrx_word' id='word_1_595' title='bbox 3199 3841 3287 3894; x_wconf 87' lang='lat' dir='ltr'><strong>est</strong></span> <span class='ocrx_word' id='word_1_596' title='bbox 3315 3840 3538 3911; x_wconf 84' lang='lat' dir='ltr'><strong>gratus,</strong></span> <span class='ocrx_word' id='word_1_597' title='bbox 3564 3841 3624 3892; x_wconf 92' lang='lat' dir='ltr'><strong>et</strong></span> 
     </span>
    </p>
   </div>
   <div class='ocr_carea' id='block_1_81' title="bbox 261 3913 1893 4008">
    <p class='ocr_par' dir='ltr' id='par_1_81' title="bbox 261 3913 1893 3998">
     <span class='ocr_line' id='line_1_82' title="bbox 261 3913 1893 3998; baseline 0.002 -27"><span class='ocrx_word' id='word_1_598' title='bbox 261 3915 424 3993; x_wconf 75' lang='grc' dir='ltr'>ἅγιος,</span> <span class='ocrx_word' id='word_1_599' title='bbox 473 3914 650 3995; x_wconf 70' lang='grc' dir='ltr'>Μέχρι</span> <span class='ocrx_word' id='word_1_600' title='bbox 725 3915 864 3988; x_wconf 83' lang='grc' dir='ltr'>τότε,</span> <span class='ocrx_word' id='word_1_601' title='bbox 931 3913 1159 3994; x_wconf 79' lang='grc' dir='ltr'>ἕπαρχε,</span> <span class='ocrx_word' id='word_1_602' title='bbox 1219 3929 1336 3982; x_wconf 80' lang='grc' dir='ltr'>τοῖς</span> <span class='ocrx_word' id='word_1_603' title='bbox 1395 3918 1712 3997; x_wconf 75' lang='grc' dir='ltr'>εὐεργέταις,</span> <span class='ocrx_word' id='word_1_604' title='bbox 1770 3917 1893 3998; x_wconf 79' lang='grc' dir='ltr'>ἔφηι</span> 
     </span>
    </p>
   </div>
   <div class='ocr_carea' id='block_1_82' title="bbox 1978 3913 3617 4008">
    <p class='ocr_par' dir='ltr' id='par_1_82' title="bbox 1980 3913 3617 4008">
     <span class='ocr_line' id='line_1_83' title="bbox 1980 3913 3617 4008; baseline -0.005 -19"><span class='ocrx_word' id='word_1_605' title='bbox 1980 3930 2032 3989; x_wconf 86' lang='lat' dir='ltr'><strong>ei</strong></span> <span class='ocrx_word' id='word_1_606' title='bbox 2060 3928 2123 3990; x_wconf 91' lang='lat' dir='ltr'><strong>in</strong></span> <span class='ocrx_word' id='word_1_607' title='bbox 2155 3947 2333 4008; x_wconf 91' lang='lat' dir='ltr'><strong>quem</strong></span> <span class='ocrx_word' id='word_1_608' title='bbox 2365 3929 2478 3990; x_wconf 91' lang='lat' dir='ltr'><strong>hoc</strong></span> <span class='ocrx_word' id='word_1_609' title='bbox 2498 3913 2595 4004; x_wconf 67' lang='lat' dir='ltr'><strong>tit,</strong></span> <span class='ocrx_word' id='word_1_610' title='bbox 2626 3928 2686 3988; x_wconf 92' lang='lat' dir='ltr'><strong>id</strong></span> <span class='ocrx_word' id='word_1_611' title='bbox 2719 3927 2893 3989; x_wconf 86' lang='lat' dir='ltr'><strong>fuerit</strong></span> <span class='ocrx_word' id='word_1_612' title='bbox 2942 3913 3107 3986; x_wconf 38' lang='lat' dir='ltr'><strong>utile‘.</strong></span> <span class='ocrx_word' id='word_1_613' title='bbox 3143 3922 3388 3996; x_wconf 88' lang='lat' dir='ltr'><strong>Quando</strong></span> <span class='ocrx_word' id='word_1_614' title='bbox 3419 3929 3617 3982; x_wconf 86' lang='lat' dir='ltr'><strong>autem</strong></span> 
     </span>
    </p>
   </div>
   <div class='ocr_carea' id='block_1_83' title="bbox 260 4003 1893 4103">
    <p class='ocr_par' dir='ltr' id='par_1_83' title="bbox 260 4003 1893 4086">
     <span class='ocr_line' id='line_1_84' title="bbox 260 4003 1893 4086; baseline 0 -24"><span class='ocrx_word' id='word_1_615' title='bbox 260 4008 521 4083; x_wconf 75' lang='grc' dir='ltr'>προσ-ἧκον</span> <span class='ocrx_word' id='word_1_616' title='bbox 595 4003 978 4082; x_wconf 65' lang='grc' dir='ltr'>εὖγνωμονεῖν,</span> <span class='ocrx_word' id='word_1_617' title='bbox 1050 4005 1244 4083; x_wconf 85' lang='grc' dir='ltr'>μέχρις</span> <span class='ocrx_word' id='word_1_618' title='bbox 1317 4003 1380 4060; x_wconf 76' lang='grc' dir='ltr'><strong>ἂν</strong></span> <span class='ocrx_word' id='word_1_619' title='bbox 1450 4006 1765 4086; x_wconf 82' lang='grc' dir='ltr'>ἀμφοτέροις</span> <span class='ocrx_word' id='word_1_620' title='bbox 1835 4009 1893 4063; x_wconf 87' lang='grc' dir='ltr'><strong>τὸ</strong></span> 
     </span>
    </p>
   </div>
   <div class='ocr_carea' id='block_1_84' title="bbox 1978 4003 3620 4103">
    <p class='ocr_par' dir='ltr' id='par_1_84' title="bbox 1979 4003 3620 4097">
     <span class='ocr_line' id='line_1_85' title="bbox 1979 4003 3620 4097; baseline -0.004 -18"><span class='ocrx_word' id='word_1_621' title='bbox 1979 4003 2189 4079; x_wconf 80' lang='lat' dir='ltr'><strong>contra</strong></span> <span class='ocrx_word' id='word_1_622' title='bbox 2239 4035 2514 4096; x_wconf 81' lang='lat' dir='ltr'><strong>magnum</strong></span> <span class='ocrx_word' id='word_1_623' title='bbox 2576 4003 2838 4097; x_wconf 81' lang='lat' dir='ltr'><strong>utrisque</strong></span> <span class='ocrx_word' id='word_1_624' title='bbox 2895 4017 3062 4076; x_wconf 73' lang='lat' dir='ltr'><strong>affert</strong></span> <span class='ocrx_word' id='word_1_625' title='bbox 3119 4014 3424 4090; x_wconf 87' lang='lat' dir='ltr'><strong>damnum,</strong></span> <span class='ocrx_word' id='word_1_626' title='bbox 3478 4019 3620 4072; x_wconf 82' lang='lat' dir='ltr'><strong>tunc</strong></span> 
     </span>
    </p>
   </div>
   <div class='ocr_carea' id='block_1_85' title="bbox 257 4093 1893 4188">
    <p class='ocr_par' dir='ltr' id='par_1_85' title="bbox 257 4093 1892 4174">
     <span class='ocr_line' id='line_1_86' title="bbox 257 4093 1892 4174; baseline 0.001 -25"><span class='ocrx_word' id='word_1_627' title='bbox 257 4099 628 4172; x_wconf 72' lang='grc' dir='ltr'>εΰγνωμονεῖν,</span> <span class='ocrx_word' id='word_1_628' title='bbox 678 4093 821 4166; x_wconf 78' lang='grc' dir='ltr'><strong>αὖτῷ</strong></span> <span class='ocrx_word' id='word_1_629' title='bbox 875 4114 930 4148; x_wconf 89' lang='grc' dir='ltr'><strong>τε</strong></span> <span class='ocrx_word' id='word_1_630' title='bbox 989 4100 1066 4166; x_wconf 82' lang='grc' dir='ltr'>τῷ</span> <span class='ocrx_word' id='word_1_631' title='bbox 1125 4093 1568 4172; x_wconf 78' lang='grc' dir='ltr'>εὖγνωμονοῦντι,</span> <span class='ocrx_word' id='word_1_632' title='bbox 1605 4098 1692 4153; x_wconf 81' lang='grc' dir='ltr'>καὶ</span> <span class='ocrx_word' id='word_1_633' title='bbox 1763 4097 1892 4174; x_wconf 85' lang='grc' dir='ltr'>πρὸς</span> 
     </span>
    </p>
   </div>
   <div class='ocr_carea' id='block_1_86' title="bbox 1978 4093 3617 4188">
    <p class='ocr_par' dir='ltr' id='par_1_86' title="bbox 1978 4093 3617 4188">
     <span class='ocr_line' id='line_1_87' title="bbox 1978 4093 3617 4188; baseline -0.004 -20"><span class='ocrx_word' id='word_1_634' title='bbox 1978 4115 2235 4187; x_wconf 81' lang='lat' dir='ltr'><strong>Oportet,</strong></span> <span class='ocrx_word' id='word_1_635' title='bbox 2268 4093 2494 4188; x_wconf 61' lang='lat' dir='ltr'><strong>reiecta</strong></span> <span class='ocrx_word' id='word_1_636' title='bbox 2525 4125 2595 4168; x_wconf 88' lang='lat' dir='ltr'><strong>ea</strong></span> <span class='ocrx_word' id='word_1_637' title='bbox 2643 4093 2777 4184; x_wconf 76' lang='lat' dir='ltr'><strong>quac</strong></span> <span class='ocrx_word' id='word_1_638' title='bbox 2809 4115 2900 4166; x_wconf 90' lang='lat' dir='ltr'><strong>est</strong></span> <span class='ocrx_word' id='word_1_639' title='bbox 2928 4123 3061 4166; x_wconf 90' lang='lat' dir='ltr'><strong>cum</strong></span> <span class='ocrx_word' id='word_1_640' title='bbox 3107 4103 3322 4165; x_wconf 89' lang='lat' dir='ltr'><strong>damno</strong></span> <span class='ocrx_word' id='word_1_641' title='bbox 3356 4103 3617 4164; x_wconf 88' lang='lat' dir='ltr'><strong>benevo-</strong></span> 
     </span>
    </p>
   </div>
   <div class='ocr_carea' id='block_1_87' title="bbox 250 4179 1893 4278">
    <p class='ocr_par' dir='ltr' id='par_1_87' title="bbox 250 4179 1893 4260">
     <span class='ocr_line' id='line_1_88' title="bbox 250 4179 1893 4260; baseline 0.002 -23"><span class='ocrx_word' id='word_1_642' title='bbox 250 4185 304 4238; x_wconf 82' lang='grc' dir='ltr'>ὃν</span> <span class='ocrx_word' id='word_1_643' title='bbox 349 4192 506 4242; x_wconf 80' lang='grc' dir='ltr'>τοῦτο</span> <span class='ocrx_word' id='word_1_644' title='bbox 565 4183 764 4258; x_wconf 87' lang='grc' dir='ltr'>γίνεται</span> <span class='ocrx_word' id='word_1_645' title='bbox 821 4179 1092 4245; x_wconf 82' lang='grc' dir='ltr'>λυσιτελὲς</span> <span class='ocrx_word' id='word_1_646' title='bbox 1273 4182 1400 4239; x_wconf 84' lang='grc' dir='ltr'>ὅταν</span> <span class='ocrx_word' id='word_1_647' title='bbox 1471 4182 1525 4239; x_wconf 77' lang='grc' dir='ltr'>δὲ</span> <span class='ocrx_word' id='word_1_648' title='bbox 1596 4185 1893 4243; x_wconf 57' lang='grc' dir='ltr'>τούναντίον</span> 
     </span>
    </p>
   </div>
   <div class='ocr_carea' id='block_1_88' title="bbox 1978 4179 3618 4278">
    <p class='ocr_par' dir='ltr' id='par_1_88' title="bbox 1980 4179 3618 4278">
     <span class='ocr_line' id='line_1_89' title="bbox 1980 4179 3618 4278; baseline -0.004 -20"><span class='ocrx_word' id='word_1_649' title='bbox 1980 4179 2187 4271; x_wconf 74' lang='lat' dir='ltr'><strong>lentia,</strong></span> <span class='ocrx_word' id='word_1_650' title='bbox 2221 4179 2292 4258; x_wconf 85' lang='lat' dir='ltr'><strong>ea</strong></span> <span class='ocrx_word' id='word_1_651' title='bbox 2334 4179 2624 4278; x_wconf 74' lang='lat' dir='ltr'><strong>praeferre</strong></span> <span class='ocrx_word' id='word_1_652' title='bbox 2661 4179 2806 4272; x_wconf 57' lang='lat' dir='ltr'><strong>quas</strong></span> <span class='ocrx_word' id='word_1_653' title='bbox 2861 4195 3200 4256; x_wconf 83' lang='lat' dir='ltr'><strong>conferunt.</strong></span> <span class='ocrx_word' id='word_1_654' title='bbox 3252 4193 3448 4270; x_wconf 79' lang='lat' dir='ltr'><strong>Reges</strong></span> <span class='ocrx_word' id='word_1_655' title='bbox 3481 4209 3618 4252; x_wconf 86' lang='lat' dir='ltr'><strong>vero</strong></span> 
     </span>
    </p>
   </div>
   <div class='ocr_carea' id='block_1_89' title="bbox 247 4269 1893 4366">
    <p class='ocr_par' dir='ltr' id='par_1_89' title="bbox 247 4269 1893 4354">
     <span class='ocr_line' id='line_1_90' title="bbox 247 4269 1893 4354; baseline -0.001 -25"><span class='ocrx_word' id='word_1_656' title='bbox 247 4271 446 4339; x_wconf 77' lang='grc' dir='ltr'>πολλὴν</span> <span class='ocrx_word' id='word_1_657' title='bbox 510 4269 781 4343; x_wconf 81' lang='grc' dir='ltr'>ἑκατέροις</span> <span class='ocrx_word' id='word_1_658' title='bbox 829 4270 1004 4348; x_wconf 79' lang='grc' dir='ltr'>ἐπάγῃ</span> <span class='ocrx_word' id='word_1_659' title='bbox 1053 4274 1153 4337; x_wconf 75' lang='grc' dir='ltr'>τὴν</span> <span class='ocrx_word' id='word_1_660' title='bbox 1205 4270 1432 4352; x_wconf 83' lang='grc' dir='ltr'>βλάϐην,</span> <span class='ocrx_word' id='word_1_661' title='bbox 1466 4273 1588 4330; x_wconf 81' lang='grc' dir='ltr'>τότε</span> <span class='ocrx_word' id='word_1_662' title='bbox 1631 4275 1742 4354; x_wconf 70' lang='grc' dir='ltr'><strong>χρῆ</strong></span> <span class='ocrx_word' id='word_1_663' title='bbox 1797 4276 1893 4342; x_wconf 69' lang='grc' dir='ltr'>τὴν</span> 
     </span>
    </p>
   </div>
   <div class='ocr_carea' id='block_1_90' title="bbox 1978 4269 3617 4366">
    <p class='ocr_par' dir='ltr' id='par_1_90' title="bbox 1979 4269 3617 4366">
     <span class='ocr_line' id='line_1_91' title="bbox 1979 4269 3617 4366; baseline -0.005 -19"><span class='ocrx_word' id='word_1_664' title='bbox 1979 4269 2274 4348; x_wconf 86' lang='lat' dir='ltr'><strong>honorare</strong></span> <span class='ocrx_word' id='word_1_665' title='bbox 2304 4269 2543 4366; x_wconf 75' lang='lat' dir='ltr'><strong>quidem</strong></span> <span class='ocrx_word' id='word_1_666' title='bbox 2569 4269 2835 4347; x_wconf 78' lang='lat' dir='ltr'><strong>sanctum</strong></span> <span class='ocrx_word' id='word_1_667' title='bbox 2873 4293 2964 4345; x_wconf 86' lang='lat' dir='ltr'><strong>est</strong></span> <span class='ocrx_word' id='word_1_668' title='bbox 2994 4289 3236 4364; x_wconf 87' lang='lat' dir='ltr'><strong>propter</strong></span> <span class='ocrx_word' id='word_1_669' title='bbox 3267 4287 3617 4360; x_wconf 85' lang='lat' dir='ltr'><strong>potestatem</strong></span> 
     </span>
    </p>
   </div>
   <div class='ocr_carea' id='block_1_91' title="bbox 244 4357 1893 4453">
    <p class='ocr_par' dir='ltr' id='par_1_91' title="bbox 244 4357 1892 4443">
     <span class='ocr_line' id='line_1_92' title="bbox 244 4357 1892 4443; baseline 0.001 -25"><span class='ocrx_word' id='word_1_670' title='bbox 244 4363 373 4433; x_wconf 76' lang='grc' dir='ltr'>μετὰ</span> <span class='ocrx_word' id='word_1_671' title='bbox 430 4357 637 4438; x_wconf 78' lang='grc' dir='ltr'>βλάϐης</span> <span class='ocrx_word' id='word_1_672' title='bbox 696 4357 899 4415; x_wconf 73' lang='grc' dir='ltr'>εὔνοιαν</span> <span class='ocrx_word' id='word_1_673' title='bbox 954 4359 1363 4437; x_wconf 82' lang='grc' dir='ltr'>ἀπωσαμένους,</span> <span class='ocrx_word' id='word_1_674' title='bbox 1422 4363 1488 4418; x_wconf 77' lang='grc' dir='ltr'>τὰ</span> <span class='ocrx_word' id='word_1_675' title='bbox 1555 4365 1687 4442; x_wconf 87' lang='grc' dir='ltr'>πρὸς</span> <span class='ocrx_word' id='word_1_676' title='bbox 1746 4364 1892 4443; x_wconf 81' lang='grc' dir='ltr'>ὠφέ-</span> 
     </span>
    </p>
   </div>
   <div class='ocr_carea' id='block_1_92' title="bbox 1978 4357 3618 4453">
    <p class='ocr_par' dir='ltr' id='par_1_92' title="bbox 1978 4357 3618 4453">
     <span class='ocr_line' id='line_1_93' title="bbox 1978 4357 3618 4453; baseline -0.004 -16"><span class='ocrx_word' id='word_1_677' title='bbox 1978 4383 2041 4437; x_wconf 88' lang='lat' dir='ltr'><strong>et</strong></span> <span class='ocrx_word' id='word_1_678' title='bbox 2073 4357 2492 4453; x_wconf 75' lang='lat' dir='ltr'><strong>principatum.</strong></span> <span class='ocrx_word' id='word_1_679' title='bbox 2525 4373 2772 4446; x_wconf 87' lang='lat' dir='ltr'><strong>Quando</strong></span> <span class='ocrx_word' id='word_1_680' title='bbox 2819 4357 3017 4435; x_wconf 84' lang='lat' dir='ltr'><strong>autem</strong></span> <span class='ocrx_word' id='word_1_681' title='bbox 3050 4357 3243 4432; x_wconf 45' lang='lat' dir='ltr'><strong>ii&#39;non</strong></span> <span class='ocrx_word' id='word_1_682' title='bbox 3270 4357 3425 4431; x_wconf 76' lang='lat' dir='ltr'><strong>sunt</strong></span> <span class='ocrx_word' id='word_1_683' title='bbox 3453 4376 3618 4430; x_wconf 88' lang='lat' dir='ltr'><strong>recte</strong></span> 
     </span>
    </p>
   </div>
   <div class='ocr_carea' id='block_1_93' title="bbox 239 4449 1893 4568">
    <p class='ocr_par' dir='ltr' id='par_1_93' title="bbox 239 4449 1891 4568">
     <span class='ocr_line' id='line_1_94' title="bbox 239 4449 1891 4529; baseline 0.002 -23"><span class='ocrx_word' id='word_1_684' title='bbox 239 4449 390 4507; x_wconf 83' lang='grc' dir='ltr'>λειαν</span> <span class='ocrx_word' id='word_1_685' title='bbox 439 4451 773 4510; x_wconf 83' lang='grc' dir='ltr'>συντείνοντα</span> <span class='ocrx_word' id='word_1_686' title='bbox 832 4453 1122 4527; x_wconf 85' lang='grc' dir='ltr'>προτιμᾷν.</span> <span class='ocrx_word' id='word_1_687' title='bbox 1179 4449 1438 4516; x_wconf 87' lang='grc' dir='ltr'>Βασιλέας</span> <span class='ocrx_word' id='word_1_688' title='bbox 1489 4450 1544 4508; x_wconf 82' lang='grc' dir='ltr'>δὲ</span> <span class='ocrx_word' id='word_1_689' title='bbox 1574 4460 1737 4528; x_wconf 72' lang='grc' dir='ltr'>τιμᾲν</span> <span class='ocrx_word' id='word_1_690' title='bbox 1797 4455 1891 4529; x_wconf 81' lang='grc' dir='ltr'>μὲν</span> 
     </span>
     <span class='ocr_line' id='line_1_95' title="bbox 239 4534 1883 4568; baseline 0 0"><span class='ocrx_word' id='word_1_691' title='bbox 239 4537 316 4568; x_wconf 56' lang='lat'><strong>2-;</strong></span> <span class='ocrx_word' id='word_1_692' title='bbox 361 4542 457 4568; x_wconf 62' lang='lat'><strong>_;,.</strong></span> <span class='ocrx_word' id='word_1_693' title='bbox 493 4539 670 4568; x_wconf 60' lang='lat'><strong>1---)...</strong></span> <span class='ocrx_word' id='word_1_694' title='bbox 728 4534 896 4568; x_wconf 66' lang='lat'><strong>1-.-...</strong></span> <span class='ocrx_word' id='word_1_695' title='bbox 970 4535 1096 4568; x_wconf 73' lang='lat'><strong>2--..</strong></span> <span class='ocrx_word' id='word_1_696' title='bbox 1161 4537 1211 4568; x_wconf 61' lang='grc' dir='ltr'>Μ</span> <span class='ocrx_word' id='word_1_697' title='bbox 1274 4541 1341 4568; x_wconf 52' lang='grc' dir='ltr'><strong>--Α</strong></span> <span class='ocrx_word' id='word_1_698' title='bbox 1394 4542 1508 4568; x_wconf 61' lang='lat' dir='ltr'><strong>__-s</strong></span> <span class='ocrx_word' id='word_1_699' title='bbox 1562 4542 1689 4568; x_wconf 71' lang='lat' dir='ltr'><strong>o-\._.</strong></span> <span class='ocrx_word' id='word_1_700' title='bbox 1754 4543 1883 4568; x_wconf 36' lang='lat'><strong>-1“.</strong></span> 
     </span>
    </p>
   </div>
   <div class='ocr_carea' id='block_1_94' title="bbox 1978 4449 3622 4568">
    <p class='ocr_par' dir='ltr' id='par_1_94' title="bbox 1979 4449 3622 4568">
     <span class='ocr_line' id='line_1_96' title="bbox 1979 4449 3622 4568; baseline -0.004 -43"><span class='ocrx_word' id='word_1_701' title='bbox 1979 4472 2037 4525; x_wconf 92' lang='lat' dir='ltr'><strong>et</strong></span> <span class='ocrx_word' id='word_1_702' title='bbox 2061 4449 2205 4526; x_wconf 82' lang='lat' dir='ltr'><strong>sane</strong></span> <span class='ocrx_word' id='word_1_703' title='bbox 2234 4449 2429 4527; x_wconf 77' lang='lat' dir='ltr'><strong>allecti</strong></span> <span class='ocrx_word' id='word_1_704' title='bbox 2461 4465 2522 4526; x_wconf 93' lang='lat' dir='ltr'><strong>in</strong></span> <span class='ocrx_word' id='word_1_705' title='bbox 2557 4467 2766 4537; x_wconf 89' lang='lat' dir='ltr'><strong>Deum,</strong></span> <span class='ocrx_word' id='word_1_706' title='bbox 2799 4463 2897 4568; x_wconf 76' lang='lat' dir='ltr'><strong>qui</strong></span> <span class='ocrx_word' id='word_1_707' title='bbox 2943 4470 3032 4525; x_wconf 91' lang='lat' dir='ltr'><strong>est</strong></span> <span class='ocrx_word' id='word_1_708' title='bbox 3067 4461 3292 4568; x_wconf 70' lang='lat' dir='ltr'><strong>primus</strong></span> <span class='ocrx_word' id='word_1_709' title='bbox 3324 4458 3622 4558; x_wconf 76' lang='lat' dir='ltr'><strong>principa-</strong></span> 
     </span>
    </p>
   </div>
   <div class='ocr_carea' id='block_1_95' title="bbox 237 4534 1893 4638">
    <p class='ocr_par' dir='ltr' id='par_1_95' title="bbox 237 4534 1889 4619">
     <span class='ocr_line' id='line_1_97' title="bbox 237 4534 1889 4619; baseline 0.003 -24"><span class='ocrx_word' id='word_1_710' title='bbox 237 4537 316 4596; x_wconf 66' lang='grc' dir='ltr'><strong>διά</strong></span> <span class='ocrx_word' id='word_1_711' title='bbox 361 4542 458 4607; x_wconf 80' lang='grc' dir='ltr'><strong>τὴν</strong></span> <span class='ocrx_word' id='word_1_712' title='bbox 488 4539 670 4619; x_wconf 76' lang='grc' dir='ltr'>ἀρχὴν</span> <span class='ocrx_word' id='word_1_713' title='bbox 727 4534 896 4595; x_wconf 60' lang='grc' dir='ltr'>ὅσιον</span> <span class='ocrx_word' id='word_1_714' title='bbox 969 4535 1096 4594; x_wconf 80' lang='grc' dir='ltr'>ὅταν</span> <span class='ocrx_word' id='word_1_715' title='bbox 1159 4537 1214 4596; x_wconf 81' lang='grc' dir='ltr'>δὲ</span> <span class='ocrx_word' id='word_1_716' title='bbox 1273 4541 1350 4616; x_wconf 81' lang='grc' dir='ltr'>μὴ</span> <span class='ocrx_word' id='word_1_717' title='bbox 1393 4542 1511 4618; x_wconf 78' lang='grc' dir='ltr'>περὶ</span> <span class='ocrx_word' id='word_1_718' title='bbox 1561 4542 1692 4598; x_wconf 85' lang='grc' dir='ltr'>Θεὸν</span> <span class='ocrx_word' id='word_1_719' title='bbox 1747 4543 1889 4602; x_wconf 83' lang='grc' dir='ltr'>οὗτοι</span> 
     </span>
    </p>
   </div>
   <div class='ocr_carea' id='block_1_96' title="bbox 1978 4534 3616 4638">
    <p class='ocr_par' dir='ltr' id='par_1_96' title="bbox 1981 4534 3616 4636">
     <span class='ocr_line' id='line_1_98' title="bbox 1981 4534 3616 4636; baseline -0.007 -19"><span class='ocrx_word' id='word_1_720' title='bbox 1981 4563 2095 4624; x_wconf 89' lang='lat' dir='ltr'><strong>tus,</strong></span> <span class='ocrx_word' id='word_1_721' title='bbox 2123 4573 2316 4636; x_wconf 91' lang='lat' dir='ltr'><strong>neque</strong></span> <span class='ocrx_word' id='word_1_722' title='bbox 2347 4555 2428 4634; x_wconf 86' lang='lat' dir='ltr'><strong>ei,</strong></span> <span class='ocrx_word' id='word_1_723' title='bbox 2452 4562 2514 4615; x_wconf 93' lang='lat' dir='ltr'><strong>ut</strong></span> <span class='ocrx_word' id='word_1_724' title='bbox 2546 4571 2652 4634; x_wconf 90' lang='lat' dir='ltr'><strong>par</strong></span> <span class='ocrx_word' id='word_1_725' title='bbox 2683 4534 3090 4625; x_wconf 76' lang='lat' dir='ltr'><strong>est,bonorem</strong></span> <span class='ocrx_word' id='word_1_726' title='bbox 3123 4534 3462 4622; x_wconf 75' lang='lat' dir='ltr'><strong>tribuerint,</strong></span> <span class='ocrx_word' id='word_1_727' title='bbox 3500 4534 3616 4608; x_wconf 79' lang='lat' dir='ltr'><strong>non</strong></span> 
     </span>
    </p>
   </div>
   <div class='ocr_carea' id='block_1_97' title="bbox 237 4625 1893 4712">
    <p class='ocr_par' dir='ltr' id='par_1_97' title="bbox 237 4625 1891 4710">
     <span class='ocr_line' id='line_1_99' title="bbox 237 4625 1891 4710; baseline 0.004 -28"><span class='ocrx_word' id='word_1_728' title='bbox 237 4629 337 4698; x_wconf 66' lang='grc' dir='ltr'>τῆν</span> <span class='ocrx_word' id='word_1_729' title='bbox 384 4631 602 4708; x_wconf 70' lang='grc' dir='ltr'>πρώτην</span> <span class='ocrx_word' id='word_1_730' title='bbox 647 4628 827 4707; x_wconf 78' lang='grc' dir='ltr'>ἀρχὴν</span> <span class='ocrx_word' id='word_1_731' title='bbox 851 4625 1030 4691; x_wconf 73' lang='grc' dir='ltr'>καλῶς</span> <span class='ocrx_word' id='word_1_732' title='bbox 1083 4648 1142 4684; x_wconf 86' lang='grc' dir='ltr'><strong>τε</strong></span> <span class='ocrx_word' id='word_1_733' title='bbox 1171 4629 1258 4685; x_wconf 80' lang='grc' dir='ltr'>καὶ</span> <span class='ocrx_word' id='word_1_734' title='bbox 1309 4631 1472 4707; x_wconf 81' lang='grc' dir='ltr'>ὑγιῶς</span> <span class='ocrx_word' id='word_1_735' title='bbox 1525 4631 1721 4710; x_wconf 73' lang='grc' dir='ltr'>ἔχωσι,</span> <span class='ocrx_word' id='word_1_736' title='bbox 1755 4631 1891 4707; x_wconf 81' lang='grc' dir='ltr'>μηδὲ</span> 
     </span>
    </p>
   </div>
   <div class='ocr_carea' id='block_1_98' title="bbox 1978 4625 3618 4712">
    <p class='ocr_par' dir='ltr' id='par_1_98' title="bbox 1978 4625 3618 4712">
     <span class='ocr_line' id='line_1_100' title="bbox 1978 4625 3618 4712; baseline -0.005 -7"><span class='ocrx_word' id='word_1_737' title='bbox 1978 4625 2235 4706; x_wconf 75' lang='lat' dir='ltr'><strong>dixerim</strong></span> <span class='ocrx_word' id='word_1_738' title='bbox 2282 4663 2385 4705; x_wconf 92' lang='lat' dir='ltr'><strong>eos</strong></span> <span class='ocrx_word' id='word_1_739' title='bbox 2414 4625 2564 4706; x_wconf 44' lang='lat' dir='ltr'><strong>esse.</strong></span> <span class='ocrx_word' id='word_1_740' title='bbox 2583 4642 2986 4704; x_wconf 90' lang='lat' dir='ltr'><strong>honorandos.</strong></span> <span class='ocrx_word' id='word_1_741' title='bbox 3018 4641 3170 4712; x_wconf 90' lang='lat' dir='ltr'><strong>Quin</strong></span> <span class='ocrx_word' id='word_1_742' title='bbox 3199 4639 3375 4700; x_wconf 88' lang='lat' dir='ltr'><strong>etiam</strong></span> <span class='ocrx_word' id='word_1_743' title='bbox 3409 4655 3618 4697; x_wconf 87' lang='lat' dir='ltr'><strong>eorum</strong></span> 
     </span>
    </p>
   </div>
   <div class='ocr_carea' id='block_1_99' title="bbox 232 4715 1893 4809">
    <p class='ocr_par' dir='ltr' id='par_1_99' title="bbox 232 4715 1892 4796">
     <span class='ocr_line' id='line_1_101' title="bbox 232 4715 1892 4796; baseline 0.004 -23"><span class='ocrx_word' id='word_1_744' title='bbox 232 4719 331 4784; x_wconf 67' lang='grc' dir='ltr'>τὴν</span> <span class='ocrx_word' id='word_1_745' title='bbox 387 4720 578 4792; x_wconf 71' lang='grc' dir='ltr'>τιμὴν,</span> <span class='ocrx_word' id='word_1_746' title='bbox 610 4718 681 4782; x_wconf 81' lang='grc' dir='ltr'>ὡς</span> <span class='ocrx_word' id='word_1_747' title='bbox 735 4715 852 4772; x_wconf 84' lang='grc' dir='ltr'>δέον</span> <span class='ocrx_word' id='word_1_748' title='bbox 901 4715 1066 4790; x_wconf 80' lang='grc' dir='ltr'>ἐστὶν,</span> <span class='ocrx_word' id='word_1_749' title='bbox 1097 4717 1240 4792; x_wconf 79' lang='grc' dir='ltr'>αὐτῷ</span> <span class='ocrx_word' id='word_1_750' title='bbox 1283 4719 1538 4796; x_wconf 84' lang='grc' dir='ltr'>νέμωσιν,</span> <span class='ocrx_word' id='word_1_751' title='bbox 1569 4723 1662 4778; x_wconf 86' lang='grc' dir='ltr'><strong>οὐκ</strong></span> <span class='ocrx_word' id='word_1_752' title='bbox 1693 4720 1754 4778; x_wconf 77' lang='grc' dir='ltr'><strong>ἂν</strong></span> <span class='ocrx_word' id='word_1_753' title='bbox 1803 4723 1892 4779; x_wconf 76' lang='grc' dir='ltr'>εἴ-</span> 
     </span>
    </p>
   </div>
   <div class='ocr_carea' id='block_1_100' title="bbox 1978 4715 3618 4809">
    <p class='ocr_par' dir='ltr' id='par_1_100' title="bbox 1978 4727 3618 4809">
     <span class='ocr_line' id='line_1_102' title="bbox 1978 4727 3618 4809; baseline -0.004 -15"><span class='ocrx_word' id='word_1_754' title='bbox 1978 4733 2058 4794; x_wconf 88' lang='lat' dir='ltr'><strong>dii</strong></span> <span class='ocrx_word' id='word_1_755' title='bbox 2106 4752 2222 4794; x_wconf 91' lang='lat' dir='ltr'><strong>non</strong></span> <span class='ocrx_word' id='word_1_756' title='bbox 2254 4742 2392 4796; x_wconf 90' lang='lat' dir='ltr'><strong>sunt</strong></span> <span class='ocrx_word' id='word_1_757' title='bbox 2422 4742 2646 4795; x_wconf 90' lang='lat' dir='ltr'><strong>temere</strong></span> <span class='ocrx_word' id='word_1_758' title='bbox 2678 4731 2935 4806; x_wconf 87' lang='lat' dir='ltr'><strong>colendi,</strong></span> <span class='ocrx_word' id='word_1_759' title='bbox 2967 4731 3080 4791; x_wconf 89' lang='lat' dir='ltr'><strong>nisi</strong></span> <span class='ocrx_word' id='word_1_760' title='bbox 3114 4731 3273 4809; x_wconf 85' lang='lat' dir='ltr'><strong>prius</strong></span> <span class='ocrx_word' id='word_1_761' title='bbox 3313 4727 3618 4788; x_wconf 82' lang='lat' dir='ltr'><strong>examina-</strong></span> 
     </span>
    </p>
   </div>
   <div class='ocr_carea' id='block_1_101' title="bbox 228 4805 1893 4902">
    <p class='ocr_par' dir='ltr' id='par_1_101' title="bbox 228 4805 1890 4888">
     <span class='ocr_line' id='line_1_103' title="bbox 228 4805 1890 4888; baseline 0.002 -24"><span class='ocrx_word' id='word_1_762' title='bbox 228 4830 388 4882; x_wconf 82' lang='grc' dir='ltr'>ποιμι</span> <span class='ocrx_word' id='word_1_763' title='bbox 451 4809 658 4888; x_wconf 80' lang='grc' dir='ltr'>χρῆναι</span> <span class='ocrx_word' id='word_1_764' title='bbox 700 4805 821 4868; x_wconf 75' lang='grc' dir='ltr'>τοῖις</span> <span class='ocrx_word' id='word_1_765' title='bbox 865 4805 1139 4866; x_wconf 89' lang='grc' dir='ltr'>τοιούτους</span> <span class='ocrx_word' id='word_1_766' title='bbox 1184 4813 1368 4881; x_wconf 82' lang='grc' dir='ltr'>τιμᾷν.</span> <span class='ocrx_word' id='word_1_767' title='bbox 1419 4807 1586 4866; x_wconf 80' lang='grc' dir='ltr'>Ἀλλᾶ</span> <span class='ocrx_word' id='word_1_768' title='bbox 1628 4812 1715 4866; x_wconf 86' lang='grc' dir='ltr'><strong>καὶ</strong></span> <span class='ocrx_word' id='word_1_769' title='bbox 1770 4814 1890 4875; x_wconf 84' lang='grc' dir='ltr'>τοὺς</span> 
     </span>
    </p>
   </div>
   <div class='ocr_carea' id='block_1_102' title="bbox 1978 4805 3622 4902">
    <p class='ocr_par' dir='ltr' id='par_1_102' title="bbox 1978 4805 3622 4902">
     <span class='ocr_line' id='line_1_104' title="bbox 1978 4805 3622 4902; baseline -0.004 -20"><span class='ocrx_word' id='word_1_770' title='bbox 1978 4823 2256 4901; x_wconf 88' lang='lat' dir='ltr'><strong>verimus,</strong></span> <span class='ocrx_word' id='word_1_771' title='bbox 2309 4842 2382 4883; x_wconf 90' lang='lat' dir='ltr'><strong>an</strong></span> <span class='ocrx_word' id='word_1_772' title='bbox 2447 4841 2585 4885; x_wconf 90' lang='lat' dir='ltr'><strong>vere</strong></span> <span class='ocrx_word' id='word_1_773' title='bbox 2645 4805 3324 4902; x_wconf 67' lang='lat' dir='ltr'><strong>possint,quaecunque</strong></span> <span class='ocrx_word' id='word_1_774' title='bbox 3389 4823 3622 4896; x_wconf 84' lang='lat' dir='ltr'><strong>Oportet</strong></span> 
     </span>
    </p>
   </div>
   <div class='ocr_carea' id='block_1_103' title="bbox 226 4893 1893 4992">
    <p class='ocr_par' dir='ltr' id='par_1_103' title="bbox 226 4893 1890 4976">
     <span class='ocr_line' id='line_1_105' title="bbox 226 4893 1890 4976; baseline 0.004 -23"><span class='ocrx_word' id='word_1_775' title='bbox 226 4901 406 4956; x_wconf 67' lang='grc' dir='ltr'>αὐτῶν</span> <span class='ocrx_word' id='word_1_776' title='bbox 461 4897 610 4962; x_wconf 72' lang='grc' dir='ltr'>θεοὺς</span> <span class='ocrx_word' id='word_1_777' title='bbox 683 4894 788 4974; x_wconf 73' lang='grc' dir='ltr'>οὐχ</span> <span class='ocrx_word' id='word_1_778' title='bbox 857 4894 1041 4960; x_wconf 77' lang='grc' dir='ltr'>ἁπλῶς</span> <span class='ocrx_word' id='word_1_779' title='bbox 1103 4893 1187 4952; x_wconf 79' lang='grc' dir='ltr'><strong>δεῖ</strong></span> <span class='ocrx_word' id='word_1_780' title='bbox 1239 4895 1410 4954; x_wconf 83' lang='grc' dir='ltr'>σέϐειν</span> <span class='ocrx_word' id='word_1_781' title='bbox 1471 4899 1550 4972; x_wconf 73' lang='grc' dir='ltr'>μὴ</span> <span class='ocrx_word' id='word_1_782' title='bbox 1601 4898 1890 4976; x_wconf 73' lang='grc' dir='ltr'>προεξετά-</span> 
     </span>
    </p>
   </div>
   <div class='ocr_carea' id='block_1_104' title="bbox 1978 4893 3622 4992">
    <p class='ocr_par' dir='ltr' id='par_1_104' title="bbox 1978 4893 3622 4992">
     <span class='ocr_line' id='line_1_106' title="bbox 1978 4893 3622 4992; baseline -0.007 -19"><span class='ocrx_word' id='word_1_783' title='bbox 1978 4914 2160 4973; x_wconf 91' lang='lat' dir='ltr'><strong>Deum</strong></span> <span class='ocrx_word' id='word_1_784' title='bbox 2195 4893 2370 4992; x_wconf 84' lang='lat' dir='ltr'><strong>posse</strong></span> <span class='ocrx_word' id='word_1_785' title='bbox 2406 4934 2419 4974; x_wconf 91' lang='lat'>:</span> <span class='ocrx_word' id='word_1_786' title='bbox 2472 4920 2530 4974; x_wconf 90' lang='lat' dir='ltr'><strong>et</strong></span> <span class='ocrx_word' id='word_1_787' title='bbox 2560 4893 2727 4986; x_wconf 80' lang='lat' dir='ltr'><strong>num,</strong></span> <span class='ocrx_word' id='word_1_788' title='bbox 2763 4927 2896 4970; x_wconf 87' lang='lat' dir='ltr'><strong>cum</strong></span> <span class='ocrx_word' id='word_1_789' title='bbox 2930 4893 2992 4969; x_wconf 71' lang='lat' dir='ltr'><strong>et</strong></span> <span class='ocrx_word' id='word_1_790' title='bbox 3039 4893 3246 4968; x_wconf 40' lang='lat' dir='ltr'><strong>ortum&#39;</strong></span> <span class='ocrx_word' id='word_1_791' title='bbox 3267 4893 3524 4966; x_wconf 81' lang='lat' dir='ltr'><strong>habeant</strong></span> <span class='ocrx_word' id='word_1_792' title='bbox 3563 4912 3622 4963; x_wconf 93' lang='lat' dir='ltr'><strong>et</strong></span> 
     </span>
    </p>
   </div>
   <div class='ocr_carea' id='block_1_105' title="bbox 223 4981 1893 5081">
    <p class='ocr_par' dir='ltr' id='par_1_105' title="bbox 223 4981 1890 5067">
     <span class='ocr_line' id='line_1_107' title="bbox 223 4981 1890 5067; baseline 0.004 -27"><span class='ocrx_word' id='word_1_793' title='bbox 223 5008 427 5048; x_wconf 86' lang='grc' dir='ltr'>σαντας</span> <span class='ocrx_word' id='word_1_794' title='bbox 486 4986 766 5064; x_wconf 87' lang='grc' dir='ltr'>πρότερον,</span> <span class='ocrx_word' id='word_1_795' title='bbox 801 4984 846 5038; x_wconf 86' lang='grc' dir='ltr'><strong>εί</strong></span> <span class='ocrx_word' id='word_1_796' title='bbox 893 4981 1106 5050; x_wconf 81' lang='grc' dir='ltr'>ἀληθῶς</span> <span class='ocrx_word' id='word_1_797' title='bbox 1163 4981 1406 5042; x_wconf 88' lang='grc' dir='ltr'>δύνανται</span> <span class='ocrx_word' id='word_1_798' title='bbox 1463 4985 1561 5043; x_wconf 82' lang='grc' dir='ltr'>ὅσα</span> <span class='ocrx_word' id='word_1_799' title='bbox 1619 4992 1890 5067; x_wconf 76' lang='grc' dir='ltr'>προσῆκόν</span> 
     </span>
    </p>
   </div>
   <div class='ocr_carea' id='block_1_106' title="bbox 1978 4981 3614 5081">
    <p class='ocr_par' dir='ltr' id='par_1_106' title="bbox 1978 4981 3614 5081">
     <span class='ocr_line' id='line_1_108' title="bbox 1978 4981 3614 5081; baseline -0.007 -18"><span class='ocrx_word' id='word_1_800' title='bbox 1978 4981 2357 5081; x_wconf 75' lang='lat' dir='ltr'><strong>principium,</strong></span> <span class='ocrx_word' id='word_1_801' title='bbox 2393 5001 2511 5062; x_wconf 82' lang='lat' dir='ltr'><strong>ﬁne</strong></span> <span class='ocrx_word' id='word_1_802' title='bbox 2567 4981 2804 5080; x_wconf 87' lang='lat' dir='ltr'><strong>quoque</strong></span> <span class='ocrx_word' id='word_1_803' title='bbox 2837 5005 3077 5060; x_wconf 85' lang='lat' dir='ltr'><strong>careant</strong></span> <span class='ocrx_word' id='word_1_804' title='bbox 3105 5004 3163 5056; x_wconf 88' lang='lat' dir='ltr'><strong>et</strong></span> <span class='ocrx_word' id='word_1_805' title='bbox 3216 4993 3336 5056; x_wconf 90' lang='lat' dir='ltr'><strong>sint</strong></span> <span class='ocrx_word' id='word_1_806' title='bbox 3367 4992 3614 5081; x_wconf 81' lang='lat' dir='ltr'><strong>immor-</strong></span> 
     </span>
    </p>
   </div>
   <div class='ocr_carea' id='block_1_107' title="bbox 223 5072 1893 5159">
    <p class='ocr_par' dir='ltr' id='par_1_107' title="bbox 223 5072 1888 5152">
     <span class='ocr_line' id='line_1_109' title="bbox 223 5072 1888 5152; baseline 0.004 -21"><span class='ocrx_word' id='word_1_807' title='bbox 223 5075 336 5132; x_wconf 73' lang='grc' dir='ltr'>ἔστι</span> <span class='ocrx_word' id='word_1_808' title='bbox 398 5078 533 5132; x_wconf 89' lang='grc' dir='ltr'>Θεὸν</span> <span class='ocrx_word' id='word_1_809' title='bbox 563 5072 834 5146; x_wconf 84' lang='grc' dir='ltr'>δύνασθαι,</span> <span class='ocrx_word' id='word_1_810' title='bbox 864 5075 951 5129; x_wconf 74' lang='grc' dir='ltr'><strong>καί</strong></span> <span class='ocrx_word' id='word_1_811' title='bbox 1013 5074 1057 5128; x_wconf 86' lang='grc' dir='ltr'><strong>εί</strong></span> <span class='ocrx_word' id='word_1_812' title='bbox 1100 5073 1199 5147; x_wconf 78' lang='grc' dir='ltr'>μὴ,</span> <span class='ocrx_word' id='word_1_813' title='bbox 1235 5073 1289 5129; x_wconf 78' lang='grc' dir='ltr'><strong>ἐν</strong></span> <span class='ocrx_word' id='word_1_814' title='bbox 1347 5076 1550 5152; x_wconf 86' lang='grc' dir='ltr'>γενέσει</span> <span class='ocrx_word' id='word_1_815' title='bbox 1595 5076 1743 5142; x_wconf 79' lang='grc' dir='ltr'>ὄντες</span> <span class='ocrx_word' id='word_1_816' title='bbox 1803 5083 1888 5138; x_wconf 74' lang='grc' dir='ltr'><strong>καὶ</strong></span> 
     </span>
    </p>
   </div>
   <div class='ocr_carea' id='block_1_108' title="bbox 1978 5072 3618 5159">
    <p class='ocr_par' dir='ltr' id='par_1_108' title="bbox 1978 5072 3618 5159">
     <span class='ocr_line' id='line_1_110' title="bbox 1978 5072 3618 5159; baseline -0.005 -9"><span class='ocrx_word' id='word_1_817' title='bbox 1978 5072 2138 5152; x_wconf 70' lang='lat' dir='ltr'><strong>tales.</strong></span> <span class='ocrx_word' id='word_1_818' title='bbox 2171 5072 2294 5153; x_wconf 45' lang='lat' dir='ltr'><strong>&#39;Sin</strong></span> <span class='ocrx_word' id='word_1_819' title='bbox 2340 5072 2556 5151; x_wconf 88' lang='lat' dir='ltr'><strong>autem</strong></span> <span class='ocrx_word' id='word_1_820' title='bbox 2587 5072 2724 5150; x_wconf 47' lang='lat' dir='ltr'><strong>-eis-</strong></span> <span class='ocrx_word' id='word_1_821' title='bbox 2757 5089 2966 5147; x_wconf 93' lang='lat' dir='ltr'><strong>horum</strong></span> <span class='ocrx_word' id='word_1_822' title='bbox 3027 5084 3180 5146; x_wconf 85' lang='lat' dir='ltr'><strong>desit</strong></span> <span class='ocrx_word' id='word_1_823' title='bbox 3233 5079 3482 5159; x_wconf 89' lang='lat' dir='ltr'><strong>aliquid,</strong></span> <span class='ocrx_word' id='word_1_824' title='bbox 3515 5097 3618 5141; x_wconf 90' lang='lat' dir='ltr'><strong>eos</strong></span> 
     </span>
    </p>
   </div>
   <div class='ocr_carea' id='block_1_109' title="bbox 219 5161 1893 5258">
    <p class='ocr_par' dir='ltr' id='par_1_109' title="bbox 219 5161 1886 5244">
     <span class='ocr_line' id='line_1_111' title="bbox 219 5161 1886 5244; baseline -0.016 -14"><span class='ocrx_word' id='word_1_825' title='bbox 219 5165 398 5244; x_wconf 74' lang='grc' dir='ltr'>ἀρχῇ,</span> <span class='ocrx_word' id='word_1_826' title='bbox 477 5162 818 5230; x_wconf 82' lang='grc' dir='ltr'>ἆτελεύτητοί</span> <span class='ocrx_word' id='word_1_827' title='bbox 883 5162 983 5217; x_wconf 85' lang='grc' dir='ltr'>εἰσι</span> <span class='ocrx_word' id='word_1_828' title='bbox 1047 5161 1134 5218; x_wconf 80' lang='grc' dir='ltr'><strong>καὶ</strong></span> <span class='ocrx_word' id='word_1_829' title='bbox 1206 5162 1479 5228; x_wconf 72' lang='grc' dir='ltr'>ἀθάνατοι,</span> <span class='ocrx_word' id='word_1_830' title='bbox 1554 5167 1610 5223; x_wconf 69' lang='lat' dir='ltr'><strong>Et</strong></span> <span class='ocrx_word' id='word_1_831' title='bbox 1671 5165 1726 5222; x_wconf 67' lang='grc' dir='ltr'><strong>δὲ</strong></span> <span class='ocrx_word' id='word_1_832' title='bbox 1799 5171 1886 5226; x_wconf 61' lang='grc' dir='ltr'>καὶ</span> 
     </span>
    </p>
   </div>
   <div class='ocr_carea' id='block_1_110' title="bbox 1978 5161 3612 5258">
    <p class='ocr_par' dir='ltr' id='par_1_110' title="bbox 1978 5167 3612 5258">
     <span class='ocr_line' id='line_1_112' title="bbox 1978 5167 3612 5258; baseline -0.006 -21"><span class='ocrx_word' id='word_1_833' title='bbox 1978 5176 2212 5258; x_wconf 83' lang='lat' dir='ltr'><strong>quidem</strong></span> <span class='ocrx_word' id='word_1_834' title='bbox 2248 5186 2484 5258; x_wconf 85' lang='lat' dir='ltr'><strong>oportet</strong></span> <span class='ocrx_word' id='word_1_835' title='bbox 2511 5176 2850 5258; x_wconf 82' lang='lat' dir='ltr'><strong>despicere.</strong></span> <span class='ocrx_word' id='word_1_836' title='bbox 2897 5170 3402 5258; x_wconf 80' lang='lat' dir='ltr'><strong>Quomodo_en_im</strong></span> <span class='ocrx_word' id='word_1_837' title='bbox 3432 5167 3612 5258; x_wconf 81' lang='lat' dir='ltr'><strong>fuerit</strong></span> 
     </span>
    </p>
   </div>
   <div class='ocr_carea' id='block_1_111' title="bbox 215 5197 1893 5338">
    <p class='ocr_par' dir='ltr' id='par_1_111' title="bbox 215 5197 1886 5334">
     <span class='ocr_line' id='line_1_113' title="bbox 219 5197 1886 5244; baseline 0.005 -26"><span class='ocrx_word' id='word_1_838' title='bbox 219 5197 398 5244; x_wconf 56' lang='lat' dir='ltr'><strong>“Plu,</strong></span> <span class='ocrx_word' id='word_1_839' title='bbox 477 5197 816 5230; x_wconf 58' lang='lat' dir='ltr'><strong>u’uwstuupuv</strong></span> <span class='ocrx_word' id='word_1_840' title='bbox 883 5197 983 5217; x_wconf 72' lang='grc' dir='ltr'>ιιυι</span> <span class='ocrx_word' id='word_1_841' title='bbox 1048 5197 1134 5218; x_wconf 66' lang='lat' dir='ltr'><strong>0w“</strong></span> <span class='ocrx_word' id='word_1_842' title='bbox 1206 5197 1479 5228; x_wconf 65' lang='grc' dir='ltr'><strong>ιινανίιιυι,</strong></span> <span class='ocrx_word' id='word_1_843' title='bbox 1557 5197 1610 5223; x_wconf 69' lang='lat' dir='ltr'><strong>ut</strong></span> <span class='ocrx_word' id='word_1_844' title='bbox 1671 5197 1726 5222; x_wconf 69' lang='grc' dir='ltr'><strong>υι</strong></span> <span class='ocrx_word' id='word_1_845' title='bbox 1799 5197 1886 5226; x_wconf 72' lang='grc' dir='ltr'><strong>και</strong></span> 
     </span>
     <span class='ocr_line' id='line_1_114' title="bbox 215 5248 1884 5334; baseline 0.003 -26"><span class='ocrx_word' id='word_1_846' title='bbox 215 5257 424 5311; x_wconf 83' lang='grc' dir='ltr'>τούτων</span> <span class='ocrx_word' id='word_1_847' title='bbox 480 5255 624 5316; x_wconf 88' lang='grc' dir='ltr'>τινὸς</span> <span class='ocrx_word' id='word_1_848' title='bbox 680 5248 871 5312; x_wconf 75' lang='grc' dir='ltr'>ἐνδεῶς</span> <span class='ocrx_word' id='word_1_849' title='bbox 944 5249 1182 5330; x_wconf 76' lang='grc' dir='ltr'>ἔχουσιν,</span> <span class='ocrx_word' id='word_1_850' title='bbox 1241 5253 1410 5309; x_wconf 70' lang='grc' dir='ltr'><strong>αότῶν</strong></span> <span class='ocrx_word' id='word_1_851' title='bbox 1475 5254 1573 5329; x_wconf 79' lang='grc' dir='ltr'>μὲν</span> <span class='ocrx_word' id='word_1_852' title='bbox 1629 5257 1884 5334; x_wconf 79' lang='grc' dir='ltr'>ὑπερορᾷν</span> 
     </span>
    </p>
   </div>
   <div class='ocr_carea' id='block_1_112' title="bbox 1978 5197 3617 5338">
    <p class='ocr_par' dir='ltr' id='par_1_112' title="bbox 1978 5197 3617 5338">
     <span class='ocr_line' id='line_1_115' title="bbox 2014 5197 3612 5258; baseline -0.006 -21"><span class='ocrx_word' id='word_1_853' title='bbox 2014 5197 2212 5240; x_wconf 78' lang='lat' dir='ltr'><strong>uicem</strong></span> <span class='ocrx_word' id='word_1_854' title='bbox 2248 5197 2484 5258; x_wconf 81' lang='lat' dir='ltr'><strong>Oportet</strong></span> <span class='ocrx_word' id='word_1_855' title='bbox 2511 5197 2850 5255; x_wconf 79' lang='lat' dir='ltr'><strong>despicere.</strong></span> <span class='ocrx_word' id='word_1_856' title='bbox 2897 5197 3208 5245; x_wconf 78' lang='lat' dir='ltr'><strong>uuomouo</strong></span> <span class='ocrx_word' id='word_1_857' title='bbox 3241 5197 3402 5230; x_wconf 79' lang='lat' dir='ltr'><strong>enim</strong></span> <span class='ocrx_word' id='word_1_858' title='bbox 3432 5197 3612 5230; x_wconf 76' lang='lat' dir='ltr'><strong>luunt</strong></span> 
     </span>
     <span class='ocr_line' id='line_1_116' title="bbox 1978 5197 3617 5338; baseline -0.007 -18"><span class='ocrx_word' id='word_1_859' title='bbox 1978 5197 2123 5320; x_wconf 61' lang='lat' dir='ltr'><strong>Eleus</strong></span> <span class='ocrx_word' id='word_1_860' title='bbox 2171 5257 2558 5338; x_wconf 81' lang='lat' dir='ltr'><strong>imperfectus</strong></span> <span class='ocrx_word' id='word_1_861' title='bbox 2586 5262 2614 5318; x_wconf 70' lang='lat' dir='ltr'><em>‘I</em></span> <span class='ocrx_word' id='word_1_862' title='bbox 2670 5254 2918 5316; x_wconf 81' lang='lat' dir='ltr'><strong>ferventi</strong></span> <span class='ocrx_word' id='word_1_863' title='bbox 2945 5265 3146 5314; x_wconf 90' lang='lat' dir='ltr'><strong>autem</strong></span> <span class='ocrx_word' id='word_1_864' title='bbox 3200 5249 3504 5312; x_wconf 90' lang='lat' dir='ltr'><strong>desiderio</strong></span> <span class='ocrx_word' id='word_1_865' title='bbox 3559 5257 3617 5309; x_wconf 91' lang='lat' dir='ltr'><strong>et</strong></span> 
     </span>
    </p>
   </div>
   <div class='ocr_carea' id='block_1_113' title="bbox 212 5337 1893 5424">
    <p class='ocr_par' dir='ltr' id='par_1_113' title="bbox 212 5337 1884 5424">
     <span class='ocr_line' id='line_1_117' title="bbox 212 5337 1884 5424; baseline -0.017 -3"><span class='ocrx_word' id='word_1_866' title='bbox 212 5345 359 5422; x_wconf 75' lang='grc' dir='ltr'>χρήο</span> <span class='ocrx_word' id='word_1_867' title='bbox 420 5349 538 5406; x_wconf 80' lang='grc' dir='ltr'>πῶς</span> <span class='ocrx_word' id='word_1_868' title='bbox 567 5342 666 5420; x_wconf 72' lang='grc' dir='ltr'>γὰρ</span> <span class='ocrx_word' id='word_1_869' title='bbox 718 5338 782 5396; x_wconf 71' lang='grc' dir='ltr'><strong>ἂν</strong></span> <span class='ocrx_word' id='word_1_870' title='bbox 811 5337 903 5404; x_wconf 79' lang='grc' dir='ltr'><strong>εἴη</strong></span> <span class='ocrx_word' id='word_1_871' title='bbox 939 5339 1066 5403; x_wconf 83' lang='grc' dir='ltr'>Θεὸς</span> <span class='ocrx_word' id='word_1_872' title='bbox 1097 5337 1294 5410; x_wconf 77' lang='grc' dir='ltr'>ἀτελής</span> <span class='ocrx_word' id='word_1_873' title='bbox 1331 5362 1348 5417; x_wconf 85' lang='lat'><strong>;</strong></span> <span class='ocrx_word' id='word_1_874' title='bbox 1399 5344 1562 5402; x_wconf 80' lang='grc' dir='ltr'>πόθου</span> <span class='ocrx_word' id='word_1_875' title='bbox 1592 5341 1646 5399; x_wconf 82' lang='grc' dir='ltr'><strong>δὲ</strong></span> <span class='ocrx_word' id='word_1_876' title='bbox 1689 5347 1884 5424; x_wconf 80' lang='grc' dir='ltr'>θερμό-</span> 
     </span>
    </p>
   </div>
   <div class='ocr_carea' id='block_1_114' title="bbox 1978 5337 3617 5424">
    <p class='ocr_par' dir='ltr' id='par_1_114' title="bbox 1978 5337 3617 5423">
     <span class='ocr_line' id='line_1_118' title="bbox 1978 5337 3617 5423; baseline -0.004 -15"><span class='ocrx_word' id='word_1_877' title='bbox 1978 5347 2189 5409; x_wconf 90' lang='lat' dir='ltr'><strong>mundo</strong></span> <span class='ocrx_word' id='word_1_878' title='bbox 2239 5337 2421 5409; x_wconf 78' lang='lat' dir='ltr'><strong>corde</strong></span> <span class='ocrx_word' id='word_1_879' title='bbox 2450 5343 2810 5423; x_wconf 70' lang='lat' dir='ltr'><strong>quaerendus</strong></span> <span class='ocrx_word' id='word_1_880' title='bbox 2841 5349 2931 5405; x_wconf 88' lang='lat' dir='ltr'><strong>est</strong></span> <span class='ocrx_word' id='word_1_881' title='bbox 2980 5341 3165 5422; x_wconf 85' lang='lat' dir='ltr'><strong>Deus,</strong></span> <span class='ocrx_word' id='word_1_882' title='bbox 3201 5339 3301 5420; x_wconf 91' lang='lat' dir='ltr'><strong>qui</strong></span> <span class='ocrx_word' id='word_1_883' title='bbox 3333 5348 3426 5406; x_wconf 81' lang='lat' dir='ltr'><strong>est</strong></span> <span class='ocrx_word' id='word_1_884' title='bbox 3477 5355 3617 5403; x_wconf 82' lang='lat' dir='ltr'><strong>vero</strong></span> 
     </span>
    </p>
   </div>
   <div class='ocr_carea' id='block_1_115' title="bbox 208 5427 2146 5510">
    <p class='ocr_par' dir='ltr' id='par_1_115' title="bbox 208 5427 2146 5510">
     <span class='ocr_line' id='line_1_119' title="bbox 208 5427 2146 5510; baseline 0.003 -23"><span class='ocrx_word' id='word_1_885' title='bbox 208 5452 337 5498; x_wconf 84' lang='grc' dir='ltr'>τητι</span> <span class='ocrx_word' id='word_1_886' title='bbox 403 5431 497 5488; x_wconf 69' lang='grc' dir='ltr'>καὶ</span> <span class='ocrx_word' id='word_1_887' title='bbox 556 5435 742 5510; x_wconf 78' lang='grc' dir='ltr'>ψυχῆς</span> <span class='ocrx_word' id='word_1_888' title='bbox 804 5427 1122 5505; x_wconf 85' lang='grc' dir='ltr'>καθαρότητι</span> <span class='ocrx_word' id='word_1_889' title='bbox 1195 5429 1284 5485; x_wconf 86' lang='grc' dir='ltr'><strong>τὸν</strong></span> <span class='ocrx_word' id='word_1_890' title='bbox 1345 5427 1510 5489; x_wconf 76' lang='grc' dir='ltr'>ὄντων</span> <span class='ocrx_word' id='word_1_891' title='bbox 1565 5432 1690 5489; x_wconf 74' lang='grc' dir='ltr'>ὄντα</span> <span class='ocrx_word' id='word_1_892' title='bbox 1749 5436 1879 5491; x_wconf 86' lang='grc' dir='ltr'>Θεὸν</span> <span class='ocrx_word' id='word_1_893' title='bbox 1963 5435 2146 5500; x_wconf 83' lang='lat' dir='ltr'><strong>Dens.</strong></span> 
     </span>
    </p>
   </div>
   <div class='ocr_carea' id='block_1_116' title="bbox 211 5519 494 5590">
    <p class='ocr_par' dir='ltr' id='par_1_116' title="bbox 211 5519 494 5590">
     <span class='ocr_line' id='line_1_120' title="bbox 211 5519 494 5590; baseline 0.014 -12"><span class='ocrx_word' id='word_1_894' title='bbox 211 5519 494 5590; x_wconf 74' lang='grc' dir='ltr'>ἕκξητεῖν.</span> 
     </span>
    </p>
   </div>
   <div class='ocr_carea' id='block_1_117' title="bbox 296 5606 1893 5696">
    <p class='ocr_par' dir='ltr' id='par_1_117' title="bbox 296 5606 1869 5696">
     <span class='ocr_line' id='line_1_121' title="bbox 296 5606 1869 5696; baseline 0.022 -58"><span class='ocrx_word' id='word_1_895' title='bbox 296 5614 366 5672; x_wconf 56' lang='grc' dir='ltr'><strong>ιι.</strong></span> <span class='ocrx_word' id='word_1_896' title='bbox 428 5610 575 5690; x_wconf 61' lang='grc' dir='ltr'><strong>»εγὼ</strong></span> <span class='ocrx_word' id='word_1_897' title='bbox 646 5610 845 5690; x_wconf 85' lang='grc' dir='ltr'>τοίνυν,</span> <span class='ocrx_word' id='word_1_898' title='bbox 903 5607 977 5672; x_wconf 86' lang='grc' dir='ltr'>ὡς</span> <span class='ocrx_word' id='word_1_899' title='bbox 1042 5606 1129 5664; x_wconf 86' lang='grc' dir='ltr'><strong>καὶ</strong></span> <span class='ocrx_word' id='word_1_900' title='bbox 1189 5607 1344 5674; x_wconf 77' lang='grc' dir='ltr'>αὐτὸς</span> <span class='ocrx_word' id='word_1_901' title='bbox 1418 5607 1593 5687; x_wconf 77' lang='grc' dir='ltr'>οῗσθα,</span> <span class='ocrx_word' id='word_1_902' title='bbox 1643 5611 1869 5696; x_wconf 81' lang='grc' dir='ltr'>ἔπαρχε,</span> 
     </span>
    </p>
   </div>
   <div class='ocr_carea' id='block_1_118' title="bbox 1978 5606 3613 5696">
    <p class='ocr_par' dir='ltr' id='par_1_118' title="bbox 2037 5606 3613 5696">
     <span class='ocr_line' id='line_1_122' title="bbox 2037 5606 3613 5696; baseline -0.008 -16"><span class='ocrx_word' id='word_1_903' title='bbox 2037 5615 2110 5680; x_wconf 85' lang='grc' dir='ltr'><strong>Χ.</strong></span> <span class='ocrx_word' id='word_1_904' title='bbox 2142 5614 2262 5696; x_wconf 83' lang='lat' dir='ltr'><strong>Ego</strong></span> <span class='ocrx_word' id='word_1_905' title='bbox 2293 5613 2494 5696; x_wconf 78' lang='lat' dir='ltr'><strong>igitur,</strong></span> <span class='ocrx_word' id='word_1_906' title='bbox 2531 5620 2595 5680; x_wconf 93' lang='lat' dir='ltr'><strong>ut</strong></span> <span class='ocrx_word' id='word_1_907' title='bbox 2624 5612 2754 5695; x_wconf 84' lang='lat' dir='ltr'><strong>ipse</strong></span> <span class='ocrx_word' id='word_1_908' title='bbox 2801 5610 2943 5691; x_wconf 82' lang='lat' dir='ltr'><strong>scis,</strong></span> <span class='ocrx_word' id='word_1_909' title='bbox 2977 5629 3010 5673; x_wconf 95' lang='lat' dir='ltr'><strong>o</strong></span> <span class='ocrx_word' id='word_1_910' title='bbox 3039 5606 3343 5692; x_wconf 80' lang='lat' dir='ltr'><strong>praefecte,</strong></span> <span class='ocrx_word' id='word_1_911' title='bbox 3379 5623 3515 5671; x_wconf 89' lang='lat' dir='ltr'><strong>cum</strong></span> <span class='ocrx_word' id='word_1_912' title='bbox 3554 5612 3613 5672; x_wconf 85' lang='lat' dir='ltr'><strong>et</strong></span> 
     </span>
    </p>
   </div>
  </div>
