4006 6146
360 297 433 370 37
440 297 493 370 9ἓ

1663 310 1943 377 MENSIS
1980 311 2423 381 NOVEMBER.

3615 306 3731 385 380

359 462 555 508 essem
595 444 1007 524 Atheniensis,
1033 457 1091 510 et
1120 445 1365 529 patriam
1415 447 1606 527 legem
1632 445 1867 526 jamdiu
1899 447 1992 509 ho-

2084 447 2375 519 Ἀθηναῖός
2430 473 2484 508 τε
2516 450 2738 527 (θνηταὶ
2792 453 2885 510 τὸν
2927 453 3147 534 πέτρων
3206 451 3263 511 ἐκ
3314 452 3516 513 πολλοῦ
3573 453 3738 530 νόμον

361 545 729 616 norarem,et
756 539 816 600 in
854 548 1059 602 tenera
1089 539 1280 601 adhuc
1312 547 1489 601 aetate
1520 536 1761 598 amissis
1795 556 1974 617 paren
2001 577 2005 581 -

360 625 517 689 tibus
567 647 759 690 essem
796 631 1001 691 nescio
1050 628 1348 708 quomodo
1393 627 1698 689 studiosus
1751 635 1811 689 et
1842 628 2010 690 valde

358 715 714 791 laboriosus,
748 721 920 780 statui
977 734 1329 799 percurrere
1371 735 1611 777 omnem
1666 717 2005 779 Graecorum

357 804 683 868 fabulosam
708 807 1061 869 doctrinam.
1116 806 1242 869 Hoc
1297 825 1434 868 vero
1480 825 1514 867 a
1572 824 1667 867 me
1703 805 1865 866 brevi
1918 815 2008 868 est

359 894 719 975 confectum,
747 915 1109 978 omnemque
1142 915 1351 958 eorum
1384 895 1695 956 scientiam
1731 903 1789 956 et
1817 904 2003 956 artem

358 994 635 1046 accurate
685 986 974 1064 percurri.
1012 986 1157 1049 Cum
1189 987 1279 1047 vix
1327 984 1565 1048 tandem
1598 993 1792 1045 autem
1826 1003 2005 1046 acce-

362 1073 603 1150 pissem,
634 1092 768 1135 esse
818 1076 973 1152 apud
1007 1076 1378 1138 Christianos
1435 1093 1675 1157 quoque
1718 1073 2001 1154 quasdam

355 1162 704 1242 scripturas,
733 1165 839 1225 fuit
871 1166 1017 1227 mihi
1052 1166 1246 1227 studio
1271 1184 1372 1228 eas
1410 1167 1632 1245 legere.
1666 1167 1815 1225 Cum
1863 1184 2001 1227 vero

353 1250 656 1331 legissem,
693 1254 1238 1318 animadvertebam
1290 1255 1352 1317 in
1403 1256 1489 1316 eis
1544 1263 1758 1316 tantam
1814 1254 2000 1317 latere

353 1341 691 1417 utilitatem,
720 1354 937 1421 quanta
972 1364 1083 1410 nec
1116 1345 1232 1408 dici
1265 1345 1508 1423 quidem
1545 1351 1737 1425 potest
1766 1361 1780 1406 :
1816 1351 1875 1405 et
1899 1362 1999 1406 eas

351 1431 668 1495 conferens
736 1453 870 1496 cum
943 1434 1146 1499 Graeca
1214 1434 1556 1515 disciplina,
1618 1431 1993 1495 inveniebam

351 1538 623 1597 magnam
675 1523 1097 1596 diil'erentiam.
1133 1543 1355 1598 easque
1401 1524 1562 1586 inter
1589 1540 1656 1585 se
1707 1541 1991 1601 pugnare,

353 1611 521 1691 quasi
567 1630 638 1673 ex
692 1613 1007 1675 diametro.
1054 1614 1119 1675 In
1181 1613 1301 1675 illis
1344 1613 1583 1694 quidem
1637 1615 1908 1673 virtutem
1942 1624 1999 1675 et

350 1699 749 1783 veritatem,in
768 1703 880 1765 hac
901 1714 1098 1765 autem
1121 1722 1389 1764 errorem
1430 1709 1489 1763 et
1522 1699 1992 1782 improbitatem.

2091 547 2285 622 τιμῶν,
2346 541 2431 599 ἐπὶ
2489 543 2591 618 νέῳ
2656 543 2859 618 σώματι
2922 547 3043 608 τοῦς
3104 543 3354 607 τεκόντας
3423 543 3736 619 ἀποϐαλών,

2091 629 2380 709 φιλοπόνου
2438 636 2624 710 ψυχῆς
2657 636 2752 691 οὐκ
2808 630 2915 690 οἶδ’
2946 633 3093 695 ὅπως
3150 633 3252 707 ὢν,
3287 639 3461 690 πᾶσαν
3515 631 3740 691 διελθεῖν

2089 720 2268 797 ἔκρινα
2323 722 2422 779 τὴν
2473 727 2579 776 τῶν
2645 718 2920 791 Ἐλλήνων
2952 723 3178 796 μυθικὴν
3207 721 3496 799 παίδευσιν,
3527 724 3620 779 καί
3673 721 3739 789 δὴ

2092 808 2146 865 ἐν
2201 808 2364 887 ὀλίγῳ
2406 810 2558 866 τοῦτό
2605 833 2703 884 μοι
2763 811 2974 891 γέγονε,
3011 812 3098 868 καὶ
3154 818 3330 869 πᾶσαν
3385 814 3556 870 αὖτῶν
3613 811 3738 869 ἐπι·-

2089 901 2305 973 στήμην
2359 922 2414 956 τε
2469 902 2555 958 καὶ
2611 900 2812 980 τέχνην
2870 898 3097 978 ἀκριϐῶς
3169 901 3423 968 ἐπῆλθον.
3484 900 3619 979 ’0ψέ
3680 899 3739 958 δὲ

2090 989 2268 1063 μαθὼν
2326 990 2414 1045 καὶ
2487 989 2630 1067 παρὰ
2700 996 3038 1067 Χριστιανοϊς
3096 991 3240 1047 εἶναι
3291 1013 3438 1054 τινας
3503 992 3732 1072 γραφὰς,

2088 1075 2336 1151 ἐπιμελὲς
2426 1077 2621 1152 ἐθέμην
2689 1083 2777 1134 καὶ
2853 1080 3039 1143 αὐταῖς
3110 1078 3381 1159 ἐντυχεῖν,
3461 1079 3735 1160 Ἐντυχὼν

2087 1165 2198 1240 οῦν,
2235 1164 2346 1223 οὐδ’
2394 1167 2517 1222 ὅσον
2572 1169 2764 1246 εἰπεῖν,
2813 1167 3049 1224 ἐνενόουν
3090 1169 3307 1232 ταύταις
3364 1167 3733 1249 ἐγκεκρυμμέ-

2084 1276 2180 1320 νην
2229 1254 2512 1336 ὠφέλειαν,
2573 1257 2662 1312 καὶ
2715 1254 3038 1331 παραϐαλὼν
3096 1258 3258 1319 αὖτάς
3307 1262 3377 1334 τῇ
3406 1247 3413 1249 ἡ
3440 1247 3733 1325 Ἐλληνικῆ

2081 1341 2313 1417 παιδείᾳ,
2372 1342 2583 1411 πολλὴν
2635 1345 2733 1413 τὴν
2790 1346 3040 1425 διαφορὰν
3094 1345 3360 1426 εὕρισκον²
3418 1348 3505 1402 καὶ
3552 1345 3733 1424 ὥσπερ

2082 1431 2142 1488 ἐκ
2197 1431 2477 1509 διαμέτρου
2526 1434 2581 1490 ἐν
2637 1432 2864 1498 ἐκείναις
2907 1435 3006 1511 μὲν
3061 1436 3254 1512 ἀρετὴν
3311 1436 3397 1492 καὶ
3452 1434 3727 1517 ἀλήθειαν,

2080 1521 2135 1579 ἐν
2176 1523 2341 1598 ταύτῃ
2371 1521 2425 1578 δὲ
2457 1523 2666 1590 πλάνην
2724 1525 2811 1580 καὶ
2842 1526 3164 1602 μοχθηρίαν.
3216 1526 3275 1581 Αἰ
3307 1524 3405 1590 μὲν
3435 1525 3535 1603 γὰρ
3589 1524 3734 1602 παρὰ

2082 1619 2420 1688 Χριστιανοϊς
2483 1613 2679 1693 Γραφαὶ
2735 1616 3051 1691 θεοπρεπεϊς
3104 1615 3415 1691 εἰσηγοῦντο
3472 1615 3568 1672 τὰς
3639 1613 3735 1670 τοῦ

2083 1708 2302 1779 Χριστοῦ
2354 1699 2600 1777 δυνάμεις
2642 1703 2730 1759 καὶ
2785 1702 2960 1766 ἁπλᾶς
3021 1702 3198 1764 ἄλλως
3260 1707 3358 1759 καῖ
3417 1702 3733 1766 ἀκολούθους

350 1787 491 1845 Nam
525 1804 656 1861 quae
684 1801 817 1848 sunt
840 1793 990 1861 apud
1021 1793 1374 1852 Christianos
1405 1792 1632 1862 quidem
1666 1789 1992 1859 Scriptura,

2081 1798 2148 1868 τῇ
2205 1812 2262 1847 τε
2291 1792 2402 1862 θείᾳ
2456 1793 2605 1870 φύσει
2657 1792 2744 1847 καὶ
2788 1792 3030 1856 ἐαυταϊςο
3092 1796 3143 1848 αἱ
3185 1791 3240 1848 δέ
3295 1797 3402 1849 τῶν
3454 1790 3732 1860 Ἐλλήνων

349 1877 633 1937 inducunt
661 1880 867 1939 Christi
898 1882 1140 1939 virtutes
1174 1882 1291 1939 Deo
1322 1881 1749 1938 convenientes.
1773 1888 1823 1935 et
1855 1880 2000 1936 alio-

347 1968 449 2047 qui
498 1969 829 2049 simplices,
862 1971 1201 2052 divinaeqne
1230 1978 1482 2046 naturae,
1517 1978 1577 2033 et
1635 1970 1748 2031 sibi
1779 1988 1999 2031 conse-

348 2065 648 2135 quentes;
702 2062 1041 2125 Grzecorum
1098 2070 1294 2122 autem
1351 2060 1659 2141 scriptura;
1709 2059 2002 2120 inducunt

347 2146 538 2209 Deum
598 2150 912 2229 praeditum
973 2149 1249 2212 humanis
1299 2148 1715 2212 aﬂ‘ectionibus
1745 2156 1802 2209 et
1860 2166 1997 2227 per-

350 2234 787 2300 turbationibus
825 2260 838 2298 :
873 2248 934 2301 et
992 2248 1127 2300 sunt
1159 2238 1401 2319 quidem
1441 2238 1630 2318 plena;
1663 2236 1993 2311 mendacio,

345 2329 535 2411 plenas
567 2329 744 2390 etiam
784 2327 1145 2390 turbulentis
1194 2326 1375 2388 animi
1412 2325 1708 2388 motibus:
1756 2325 2000 2405 repletas

345 2438 584 2501 quoque
607 2418 1071 2497 intemperantia
1093 2426 1153 2478 et
1180 2415 1998 2489 immoderatione,habentes

345 2511 492 2573 deos
536 2510 695 2571 inter
743 2526 809 2571 se
859 2518 1213 2588 pugnantes,
1247 2507 1552 2587 victosque
1597 2514 1656 2566 et
1703 2504 1998 2567 sauciatos

344 2598 421 2661 ab
471 2596 835 2669 hominibus,
867 2604 925 2658 in
972 2615 1123 2677 quos
1153 2595 1309 2656 cadit
1361 2596 1675 2657 interitus:
1709 2603 1769 2655 et
1821 2596 1995 2655 innu-

345 2686 730 2750 merabilibus
759 2686 894 2747 aliis
946 2685 1118 2746 malis
1160 2685 1400 2746 refertae
1447 2691 1507 2745 et
1537 2682 1779 2744 fabulis.
1830 2682 1903 2746 Et
1933 2689 1998 2743 ut

342 2779 529 2839 semel
567 2776 785 2844 dicam,
820 2773 1054 2835 illarum
1110 2772 1349 2854 quidem
1382 2772 1519 2833 ﬁnis
1567 2780 1657 2833 est
1701 2772 1884 2851 salus,
1916 2790 1987 2834 ex

341 2865 467 2926 veri
500 2863 841 2944 cognitione
875 2880 889 2925 :
923 2863 1134 2924 harum
1178 2869 1375 2923 autem
1408 2868 1652 2941 apertus
1684 2860 1980 2936 interitus,

346 2960 406 3015 et
451 2952 732 3015 deduCTio
763 2950 834 3013 ad
878 2964 1084 3031 turpes
1135 2949 1571 3033 probrosasque
1616 2949 1985 3024 aﬂ‘ectiones,

341 3050 400 3147 et
445 3041 848 3103 inventionem
881 3041 1127 3103 erroris.
1162 3039 1440 3113 Quamvis
1483 3056 1620 3100 vero
1652 3039 1731 3100 ita
1766 3058 1831 3101 se
1875 3040 1985 3101 ha-
2004 3096 2045 3147 ϐ

340 3129 522 3193 beant
571 3131 895 3213 Scriptura:
966 3130 1464 3209 Christianorum,
1500 3147 1646 3190 'non
1703 3129 1986 3191 continuo

341 3219 579 3282 decrevi
610 3239 710 3282 eas
740 3220 933 3300 sequi,
967 3220 1071 3282 sed
1106 3218 1283 3281 etiam
1309 3218 1530 3281 Christi
1559 3217 1790 3280 virtutis
1820 3236 1983 3299 quaa-

339 3309 544 3372 rebam
575 3308 1031 3391 experientiam,
1063 3317 1127 3370 ut
1159 3308 1311 3369 facto
1352 3307 1606 3369 docerer
1629 3308 1931 3369 veritatem
1968 3325 1982 3370 :

340 3408 400 3462 et
430 3418 567 3462 cum
603 3398 943 3461 incidissem
978 3399 1038 3460 in
1069 3399 1414 3479 quemdam,
1446 3398 1539 3459 cui
1572 3407 1741 3458 erant
1783 3397 1989 3458 mutila

340 3488 609 3551 membra
638 3492 998 3568 corporis,et
1024 3506 1159 3549 cum
1193 3488 1304 3549 hoc
1336 3485 1616 3549 dixissem
1650 3504 1782 3548 esse
1816 3486 1986 3549 bona;

337 3577 608 3652 fortunae,
640 3578 841 3640 inveni
866 3577 1061 3639 verbis
1086 3575 1302 3639 divinis
1334 3575 1547 3636 factum
1581 3594 1820 3655 quoque
1851 3594 1986 3638 esse

338 3686 734 3747 consequens.
770 3667 1088 3746 Postquam
1121 3683 1262 3742 ergo
1293 3665 1484 3726 solum
1519 3664 1734 3726 Christi
1767 3681 1986 3727 nomen

338 3757 617 3819 dixissem
666 3775 848 3836 super
905 3756 1004 3817 illa
1062 3757 1331 3817 membra
1362 3755 1646 3834 mutilata,
1693 3754 1817 3828 illa,
1852 3774 1979 3835 pro

2081 1881 2486 1961 ἀνθρωποπαθὲς
2546 1881 2688 1937 εἶναι
2737 1883 2798 1937 τὸ
2843 1883 3003 1938 Θεῖον
3060 1883 3355 1960 εἰσάγουσι,
3389 1883 3483 1939 ααΐ
3541 1883 3734 1959 μεσταὶ

2081 1970 2178 2045 μὲν
2236 1969 2453 2046 ψεύδους
2513 1971 2634 2042 εἶσὶ,
2668 1970 2864 2045 μεσταῖ
2921 1969 2976 2026 δὲ
3036 1972 3239 2041 παθῶν,
3285 1973 3374 2027 καὶ
3426 1969 3728 2052 ἀσελγείας,

2079 2061 2167 2115 καὶ
2244 2058 2458 2125 ἀταξίας
2531 2059 2769 2135 ἔμπλεῳ,
2845 2063 2993 2121 θεοὺς
3065 2060 3284 2140 ἔχουσαι
3382 2061 3731 2141 μαχομένους

2081 2147 2364 2227 ἀλλήλοις,
2422 2153 2518 2205 καῖ
2575 2151 2678 2206 ὑπὸ
2747 2154 2987 2230 φθαρτῶν
3040 2150 3329 2227 ἀνθρώπων
3386 2152 3730 2223 ἡττωμένους

2084 2247 2167 2293 καί
2227 2236 2648 2319 πληττοεσένους,
2691 2241 2775 2295 καὶ
2832 2239 3029 2317 μυρίων
3060 2238 3237 2295 ἄλλων
3293 2238 3471 2296 κακῶν
3526 2261 3586 2297 τε
3640 2242 3732 2298 vui

2082 2328 2257 2400 μύθων
2307 2326 2588 2404 γέμουσαι·
2649 2330 2736 2385 καὶ
2789 2328 3072 2385 συνελόντα
3126 2350 3310 2407 φαναι,
3363 2336 3470 2385 τῶν
3515 2329 3613 2404 μὲν
3665 2332 3730 2388 τὺ

2079 2416 2225 2475 τέλος
2290 2417 2526 2493 σωτηρία
2596 2416 2705 2473 ἐστὶ
2774 2420 2859 2474 καὶ
2930 2417 3161 2484 ἀληθοῦς
3221 2419 3354 2473 Θεοῦ
3420 2419 3727 2498 ἐπίγνωσις⁹

2078 2507 2277 2563 τούτων
2336 2504 2391 2561 δὲ
2449 2506 2609 2582 σαγὲς
2669 2505 2910 2563 ἀπώλεια
2965 2508 3053 2586 καὶ
3123 2504 3311 2586 ὀδηγία
3375 2509 3506 2586 πρὸς
3564 2507 3733 2585 ἄτιμα

2079 2596 2221 2662 πάθη
2273 2596 2360 2650 καὶ
2412 2580 2622 2662 πλάνης
2681 2596 2901 2675 εὕρεσιν.
2964 2580 3149 2672 ηΟμως
3193 2580 3281 2654 καὶ
3337 2580 3503 2661 οὕτως
3560 2580 3731 2679 ἐχού-

2076 2706 2190 2750 σαις
2272 2697 2393 2750 ταῖς
2468 2690 2574 2740 τῶν
2655 2686 2991 2763 Χριστιανῶν
3071 2691 3331 2765 Γραφατς,
3399 2688 3495 2745 οὒκ
3578 2689 3728 2748 εὐθὺν

2070 2773 2237 2850 ἔγνων
2308 2773 2493 2838 αὐταῖς
2587 2774 2804 2831 ἕπεσθαι
2840 2823 2857 2855 ,
2935 2773 3071 2831 ἀλλά
3142 2773 3418 2853 διάπειραν
3507 2775 3726 2847 ἐζήτουν

2068 2866 2168 2929 τῆς
2238 2868 2332 2918 τοῦ
2404 2870 2630 2940 Χριστοῦ
2700 2861 3022 2943 δυνάμεως,
3095 2863 3233 2920 ὥστε
3300 2865 3404 2931 τὴν
3476 2864 3720 2936 ἀλήθειας

2070 2952 2206 3031 ἔργῳ
2290 2950 2627 3032 διδαχθῆναι,
2708 2956 2806 3011 Καὶ
2875 2954 3137 3033 ἀνθρώπῳ
3208 2957 3508 3034 πηρωθέντι
3579 2953 3721 3027 μέλη

2070 3045 2190 3100 τινὰ
2272 3044 2362 3098 τοῦ
2445 3042 2695 3116 σώματος
2780 3043 3016 3124 ἐντυχὼν
3048 3093 3064 3123 ,
3151 3044 3242 3101 καὶ
3323 3044 3525 3121 ἀγαθῆς
3604 3045 3726 3120 ἐμοὶ

2068 3134 2222 3191 τοῦτο
2264 3135 2438 3214 τύχης
2493 3135 2656 3191 εἰπὼν
2714 3133 2861 3208 εὗρον
2916 3133 3039 3197 τοῖς
3086 3133 3244 3196 θείοις
3304 3133 3536 3210 ῥήμασιν
3583 3134 3725 3192 ἀκό-

2069 3223 2251 3281 λουθον
2298 3226 2477 3281 καὶτὸ
2531 3223 2706 3301 ἔργον.
2766 3216 2858 3288 Ὠς
2909 3225 3000 3279 οῦν
3032 3223 3195 3296 μόνον
3252 3225 3314 3279 τὸ
3343 3223 3436 3279 τοῦ
3495 3231 3726 3301 Χριστοῦ

2069 3313 2237 3387 ὄνομα
2290 3327 2406 3378 τοῖς
2462 3312 2869 3391 πεπηρωμένοις
2928 3312 3152 3369 ἐπεϊπον
3206 3311 3424 3375 ἐκείνοις
3479 3313 3719 3388 μέλεσιν,

2070 3404 2254 3461 αὐτίκα
2316 3403 2519 3482 ἐγεϊνα,
2567 3403 2664 3470 τὴν
2737 3404 2984 3480 πήρωσιν
3054 3399 3415 3466 ἀποϐαλόντα.
3482 3404 3724 3483 καθάπερ

2069 3494 2211 3553 αὖθις
2270 3489 2771 3570 μεταπλαττόμενα,
2835 3492 2962 3568 πρὸς
3017 3490 3113 3559 τὴν
3185 3489 3237 3556 ἐξ
3307 3490 3486 3571 ἀρχῆς
3528 3494 3722 3572 ὑγείαν

2069 3582 2367 3656 μετετίθετο
2454 3581 2655 3659 "Ep-{rp
2704 3581 2876 3638 τοίνυν
2928 3583 3020 3637 τὸν
3066 3578 3385 3657 δημιουργὸν
3443 3581 3718 3661 ἐπιγνοὺς,

2066 3672 2161 3727 καί
2213 3670 2311 3737 τὴν
2342 3678 2450 3727 τῶν
2483 3662 2752 3737 Ἐλλήνων
2801 3669 2957 3735 δόξαν
3009 3669 3450 3751 ἀπομοσάμενος,
3480 3673 3571 3727 καί
3618 3675 3720 3739 τὴν

2072 3758 2240 3827 ἄλλην
2313 3761 2525 3816 ἅπασαν
2601 3759 2956 3835 ἀπωσάμενος
3035 3759 3392 3834 ματαιότητα,
3465 3758 3722 3837 βεόάπτιο

338 3846 728 3909 tinusamissa
758 3845 1178 3919 multilatione,
1212 3843 1460 3923 perinde
1479 3862 1548 3905 ac
1575 3860 1778 3905 rursus
1800 3855 1991 3906 trans-

2076 3871 2224 3927 σμαι,
2290 3850 2377 3906 ιιαὶ
2448 3852 2675 3927 Χριστοῦ
2744 3853 2907 3924 μόνου
2976 3847 3290 3926 γεγένημαι,
3361 3847 3449 3915 Ἐξ
3515 3849 3722 3907 ἐκείνου

340 3935 613 4009 formata,
647 3934 722 3997 ad
770 3954 898 3997 eam
948 3954 1079 4016 quae
1124 3943 1250 3995 erat
1285 3934 1344 3994 in
1377 3933 1672 4015 principio
1724 3933 1990 3996 traducta

2076 3936 2123 3994 δὲ
2196 3941 2284 3995 καὶ
2356 3937 2520 4018 μέχρι
2595 3941 2706 4006 νῦν,
2765 3937 2998 4019 ἔπαρχε,
3071 3938 3252 4004 νόσους
3321 3937 3565 4017 χαλεπὰς
3630 3941 3722 3997 καὶ

341 4030 479 4084 sunt
531 4025 865 4086 sanitatem.
903 4023 1043 4088 Cum
1098 4042 1238 4103 ergo
1266 4024 1462 4104 reipsa
1503 4031 1561 4083 et
1595 4022 1748 4085 facto
1798 4040 1986 4100 agno-

2076 4028 2211 4094 παθη
2286 4026 2495 4099 ἀνίατα,
2567 4027 2655 4083 καὶ
2722 4028 2755 4083 ἃ
2812 4026 2960 4102 μόνῳ
3027 4025 3259 4092 ἐξιᾶσθαι
3321 4034 3437 4100 Θεῷ
3501 4025 3721 4084 δυνατὸν

336 4113 552 4174 vissem
585 4113 899 4192 Opiﬁcem‘,
926 4123 981 4176 et
1005 4116 1344 4178 Grazcorum
1375 4130 1445 4174 ac
1474 4113 1782 4191 gentilium
1817 4112 1982 4191 abju-

2076 4118 2207 4196 ταχὺ
2274 4118 2359 4173 καὶ
2428 4113 2617 4193 ῥᾳδίως
2661 4118 2846 4191 ἱῶμαι,
2897 4119 2957 4172 τὸ
2998 4124 3091 4172 τοῦ
3143 4124 3367 4193 Χριστοῦ
3411 4115 3576 4193 ὄνομα
3622 4118 3715 4173 καί

338 4219 561 4264 rassem
622 4202 963 4276 vanitatem,
1024 4202 1353 4281 baptizatus
1405 4221 1557 4273 sum,
1618 4210 1676 4263 et
1729 4219 1824 4262 me
1870 4201 1982 4262 soli

2076 4207 2230 4279 μόνον
2268 4204 2488 4262 κκαλῶν.
2527 4206 2628 4263 Καὶ
2690 4207 2886 4283 μάρτυς
2915 4210 3021 4262 τῶν
3079 4204 3221 4279 ἐμῶν
3264 4205 3439 4283 λόγων
3470 4210 3497 4263 ὁ
3541 4204 3715 4280 δημος

337 4291 569 4355 Christo
616 4291 909 4358 dedicavi.
946 4294 1032 4355 Ab
1085 4292 1187 4353 illo
1219 4300 1413 4353 autem
1466 4298 1732 4371 tempore
1763 4292 1820 4351 in
1870 4292 1981 4351 ho-

2076 4295 2227 4374 ἅπας,
2289 4297 2374 4351 καὶ
2433 4296 2494 4350 τὸ
2566 4296 2852 4371 περιεστὼς
2907 4294 3065 4352 τοῦτο
3132 4295 3370 4375 θέατρον,
3452 4299 3547 4355 Καὶ
3618 4299 3717 4354 οῦκ

334 4379 606 4443 diernum
636 4400 822 4460 usque
843 4382 1069 4456 diem,o
1098 4382 1397 4459 praefecte,
1420 4380 1660 4442 morbos
1682 4379 1976 4459 difﬁciles,

2076 4385 2212 4463 ἔχεις
2269 4396 2441 4440 εἰπεῖν
2481 4385 2556 4441 ὡτ
2611 4382 2800 4459 ψεῦδος
2854 4384 3015 4458 ταῦτα
3075 4386 3161 4441 καὶ
3204 4384 3353 4463 λόγοι
3403 4396 3565 4441 κενοί·
3596 4383 3713 4440 πά-

333 4477 392 4531 et
447 4470 795 4533 affectiones
825 4469 1208 4548 incurabiles,
1241 4477 1300 4530 et
1360 4487 1507 4551 quas
1535 4468 1698 4529 solus
1747 4478 1976 4547 poterat

2076 4492 2201 4528 tecti.
2233 4473 2330 4548 γὰρ
2358 4471 2451 4528 καί
2484 4479 2572 4529 νῦν
2601 4471 2739 4549 ’ἐργῷ
2769 4472 2831 4529 τὰ
2862 4471 3125 4550 λεγόμενα
3157 4476 3514 4540 πιστωθῆναι.

334 4577 545 4622 curare
592 4560 770 4638 Deus,
805 4562 920 4622 cito
973 4569 1031 4622 et
1060 4559 1233 4621 facile
1280 4577 1449 4639 curo,
1482 4560 1672 4618 solum
1721 4557 1941 4621 Christi
1977 4577 2193 4621 nomen
2246 4560 2549 4623 invocans.
2582 4558 2800 4622 Eorum
2835 4579 2997 4635 vero,
3031 4579 3163 4641 qua;
3211 4560 3365 4636 dico,
3406 4560 3574 4622 testis
3620 4558 3716 4625 est

332 4649 479 4710 mihi
535 4656 844 4713 universus
872 4649 1145 4729 populus,
1198 4656 1257 4709 et
1288 4650 1396 4710 hoc
1428 4648 1582 4729 quod
1629 4647 2019 4709 circumsistit
2062 4650 2354 4711 theatrum
2394 4670 2407 4712 :
2444 4667 2552 4710 nec
2596 4657 2765 4729 potes
2792 4650 2995 4712 dicere
3056 4650 3182 4712 haec
3242 4668 3376 4712 esse
3428 4650 3594 4733 falsa,
3651 4657 3715 4715 et

328 4737 508 4800 verba
537 4739 757 4803 inania.
791 4741 939 4803 Nam
972 4757 1128 4800 nunc
1162 4757 1400 4819 quoque
1441 4739 1578 4800 licet
1607 4755 1677 4797 ea
1706 4754 1838 4816 quae
1866 4735 2170 4813 dicuntur,
2205 4738 2354 4801 facto
2383 4737 2512 4818 ipso
2539 4738 2957 4820 comprobare.

411 4827 509 4892 XI.
585 4831 728 4891 Cum
785 4831 872 4891 six
937 4829 1242 4890 veritatem
1306 4838 1513 4908 aperte
1568 4824 1983 4907 explicavisset

2141 4829 2257 4889 IA'.
2334 4828 2484 4887 Οὕτω
2566 4839 2660 4888 τοῦ
2743 4829 3004 4909 μάρτυρος
3072 4828 3523 4908 διατρανώσαντος
3606 4832 3709 4898 τὴν

333 4927 571 5000 martyr,
606 4928 760 4981 totus
789 4917 1041 4999 populus
1095 4924 1153 4978 et
1182 4916 1523 4977 universum
1559 4915 1848 4976 theatrum
1906 4913 1979 4976 ab

2076 4916 2312 4987 ἰιλήθειαν
2367 4917 2481 4974 ὅτε
2509 4915 2677 4993 δῆμος
2735 4918 2871 4986 ἦσαν
2927 4919 3187 4975 καὶοῗπαν
3243 4918 3305 4975 τὸ
3332 4918 3545 4997 θέατρον
3601 4919 3711 4977 ἀπὸ

332 5007 482 5072 hora
510 5009 685 5071 tertia
741 5025 931 5087 usque
961 5006 1030 5069 ad
1067 5006 1381 5087 septimam
1415 5023 1449 5067 a
1480 5005 1681 5083 lingua
1713 5002 1982 5084 martyris

2076 5008 2239 5083 τρίτης
2289 5006 2428 5086 ὥρας
2483 5006 2592 5069 ἕως
2649 5004 2878 5080 ἑϐδόμης
2941 5012 3041 5074 τῆς
3085 5006 3335 5086 γλώττης
3388 5006 3569 5075 ὥσπερ
3617 5018 3716 5068 τοῦ

331 5097 771 5176 quodammodo
803 5094 1248 5177 dependebant,
1273 5102 1331 5155 et
1350 5093 1514 5155 illius
1542 5092 1728 5174 magis
1756 5110 1981 5153 sermo-

2076 5095 2320 5176 ιάρτυρος
2405 5096 2817 5176 ἐκκρεμάμενοι,
2889 5097 2985 5154 καῖ
3043 5102 3141 5164 τῆς
3226 5096 3423 5153 ἐκείνου
3507 5094 3713 5172 μᾶλλον

336 5205 471 5247 nem
504 5186 947 5260 desiderabant,
975 5203 1148 5266 quam
1180 5183 1629 5247 contumeliam.
1656 5180 1729 5243 Et
1756 5191 1983 5264 postre-

2076 5185 2272 5260 Βμιλίας
2324 5186 2359 5253 ἢ
2404 5186 2652 5263 βρώσεως
2709 5185 2997 5267 ἐφιέμενοι.
3070 5188 3166 5244 Καὶ
3211 5186 3373 5264 πέρας
3429 5187 3504 5249 ὡς
3562 5185 3710 5244 εἶδον

333 5294 428 5335 mo
452 5294 585 5336 cum
610 5275 897 5337 vidissent
929 5277 1120 5353 ipsum
1146 5274 1320 5335 simul
1355 5281 1411 5334 et
1434 5274 1579 5335 deos
1604 5270 1982 5352 imperatoris

328 5363 623 5425 refellisse
639 5376 695 5426 et
716 5363 1078 5442 arguisse,et
1095 5381 1293 5426 verum
1310 5362 1496 5424 Deum
1515 5363 1977 5435 demonstrasse,

332 5458 389 5512 et
419 5452 592 5513 simul
624 5451 760 5514 illos
794 5453 1132 5531 producere
1161 5459 1341 5513 testes
1370 5469 1611 5513 suorum
1660 5448 1974 5512 miraculo-

325 5557 483 5613 rum,
520 5557 641 5601 uno
689 5556 789 5601 ore
838 5557 1095 5602 omnes:
1150 5538 1236 5602 Ne
1281 5538 1538 5615 labores,
1588 5537 1892 5612 dicebant,
1939 5557 1974 5599 ο

327 5628 484 5694 bone
509 5627 804 5711 praefecte.
838 5630 985 5694 Nam
1020 5648 1128 5692 nos
1158 5628 1267 5710 ipsi
1301 5628 1519 5691 fuimus
1550 5634 1733 5691 testes
1762 5626 1970 5707 prodi-

2063 5275 2218 5331 αὐτὸν
2278 5277 2410 5350 ὁμοῦ
2440 5296 2493 5332 τε
2527 5275 2647 5336 τοὺς
2703 5283 2794 5332 τοῦ
2834 5275 3095 5352 βασιλέως
3125 5275 3272 5341 θεοὺς
3320 5274 3702 5353 ἀπελέγξαντα,

2062 5364 2159 5420 καί
2213 5366 2304 5420 τὸν
2362 5362 2536 5432 ἀληθῆ
2596 5365 2725 5420 Θεὸν
2779 5362 3143 5443 ἀποδείξαντα,
3206 5366 3293 5420 καὶ
3349 5362 3460 5439 ἅμα
3516 5363 3707 5430 αὖτοὺς

2059 5452 2286 5517 ἐκείνους
2354 5459 2461 5511 τῶν
2541 5454 2821 5529 θαυμάτων
2899 5451 3334 5533 προϐαλλόμενον
3412 5453 3701 5532 μάρτυρας,

2060 5541 2272 5621 γλῶττά
2325 5542 2421 5619 μία
2476 5543 2709 5623 καθάπερ
2759 5543 2952 5608 πάντες
3009 5543 3312 5622 γενόμενοι,
3369 5543 3457 5612 Μὴ
3497 5541 3696 5619 κάμνε,

2055 5630 2264 5713 ἔλεγον,
2322 5631 2423 5710 ἔτι,
2482 5634 2688 5717 χρηστὲ
2726 5632 2959 5713 νὲπαρχε⁶
3033 5632 3180 5690 αἱ)τοῖ
3226 5633 3328 5713 γὰρ
3382 5631 3519 5709 ἦμες
3590 5638 3698 5692 τῶν
