4006 6146
179 321 295 391 381

1151 321 1627 389 MARTYRIUM
1670 323 1734 387 S.
1779 318 2019 387 ΜΕΝιΕ
2060 321 2161 385 ΕΤ
2203 319 2610 386 SOCIORUM.

3459 308 3575 392 382'

179 457 422 537 τεράτων
492 456 674 515 θεαταὶ
741 457 1099 535 γεγενήμεθα,
1159 456 1309 515 αὐτοὶ
1376 463 1483 515 τῶν
1538 457 1840 534 θαυμασίων

1926 453 2189 536 giorum;
2219 454 2335 536 ipsi
2364 454 2616 518 fructum
2649 455 2953 520 sensimus
2981 457 3115 541 eius
3144 457 3574 526 miraculorum

181 547 661 620 ἂπολελαύκαμεν.
740 545 869 607 Οὐδὲ
953 544 1014 601 ἓν
1096 545 1284 623 ψεῠδος
1368 546 1650 626 παρερπει,
1722 546 1838 607 οὐδὲ

181 639 372 705 ἀπάτη
427 658 511 700 τις
568 636 903 704 ὑποκάθηται
974 649 1095 701 τοῖς
1165 635 1252 693 ὑπ’
1315 636 1472 693 αὑτοῦ
1536 638 1840 716 πραττομέ-

182 750 327 794 νοις.
388 725 619 805 ’Ἔγνως
686 728 779 783 καὶ
822 727 981 789 αὐτὸς
1024 748 1124 793 την
1178 724 1429 794 ἀλήθειαν
1483 726 1694 788 συνετὸς
1742 724 1840 799 ὢν,

182 819 269 874 καὶ
328 818 405 882 ὡς
457 816 539 892 μὴ
602 816 720 895 χρὴ
778 816 910 872 Θεὸν
951 814 1117 873 ἄλλον
1176 817 1424 893 ἡγεῖσθαι
1473 815 1562 870 καὶ
1608 835 1840 892 προσκυ-

190 921 301 964 νεῖν
360 907 396 974 ἢ
471 907 562 961 τὸν
624 904 808 964 αὔτου.
856 895 916 962 εΟ
973 902 1026 960 δὲ
1084 905 1346 983 ἔπαρχος,
1395 900 1699 969 εὐλαϐηθεὶς
1741 904 1841 970 τὴν

196 994 489 1073 παρὁσίαν
528 994 626 1061 τῆς
692 994 925 1067 πόλεως,
971 994 1059 1051 καὶ
1105 991 1224 1050 ἰδὼν
1282 993 1456 1050 πάντα
1514 990 1708 1072 σχεδὸν
1750 993 1842 1048 τὸν

202 1084 369 1159 δῆμον
432 1084 796 1140 ἄπονεύσαντα
881 1083 1011 1161 πρὸς
1094 1083 1357 1161 Χριστὸν,
1427 1082 1515 1138 καὶ
1597 1102 1841 1138 συναπα-

207 1173 394 1252 χθέντα
456 1176 531 1247 τῷ
600 1171 838 1252 ἀθλητῇ,
894 1176 982 1229 καὶ
1052 1168 1415 1251 φυλαξάμενον
1487 1171 1564 1246 μή
1634 1192 1685 1226 τι
1757 1166 1843 1226 καὶ

202 1261 444 1342 νεώτερον
513 1261 633 1318 κατ’
708 1264 868 1321 αὖτοῦ
932 1260 1203 1339 τολμηθῇ,
1249 1261 1338 1317 καὶ
1397 1268 1552 1318 τοῦτο
1613 1260 1712 1333 μὲν
1766 1262 1844 1335 μὴ

197 1349 338 1431 ἔχων
390 1353 525 1430 πρὸς
581 1350 683 1419 τὴν
739 1349 992 1421 ἀλήθειαν
1061 1349 1361 1429 ἀντειπεῖν,
1419 1355 1575 1406 τοῦτο
1647 1346 1700 1404 δὲ
1759 1343 1845 1404 καὶ

193 1443 593 1519 τιμωρήσασθαι
650 1439 1058 1515 δυσωπούμενος
1141 1440 1233 1497 τὸν
1302 1437 1442 1496 οὕτω
1511 1440 1603 1495 τὸν
1687 1438 1847 1516 λύγον

193 1531 288 1598 τῆς
348 1529 602 1596 ἀληθείας
659 1530 1119 1609 ὀρθοτομήσαντα,
1173 1530 1245 1591 ὡς
1304 1529 1504 1592 πάντας
1562 1529 1682 1590 τοὺς
1732 1549 1845 1585 πα-

191 1622 376 1700 ρόντας
459 1619 637 1676 θέσθαι
719 1622 1091 1697 καταπειθεῖς,
1180 1619 1373 1693 μεστὸς
1455 1614 1676 1696 θορύϐου
1760 1616 1847 1673 καὶ

188 1710 483 1789 κατηφείας
539 1709 804 1788 γεγονὼς,
862 1707 1233 1786 ὲγκλεισθῆναι
1291 1705 1454 1764 πάλιν
1500 1705 1704 1763 κελεύει
1753 1708 1846 1763 τὸν

1921 543 2158 607 Nullum
2179 546 2368 625 serpit
2393 545 2796 621 mendacium,
2823 565 3019 629 neque
3045 548 3168 610 ulla
3195 549 3356 613 fraus
3373 551 3579 616 subest

1922 633 1984 694 in
2009 633 2080 695 iis
2103 652 2229 715 quae
2254 633 2329 695 ab
2361 637 2488 713 ipso
2529 634 2678 697 ﬁunt
2714 657 2728 699 :
2761 638 3148 715 cognovisses
3178 640 3307 721 ipse
3339 661 3578 723 qunque

1923 724 2256 803 veritatem,
2281 726 2333 786 si
2361 723 2540 785 simul
2564 725 2883 800 adfuisses,
2919 735 2980 790 et
3010 730 3168 810 quod
3198 749 3316 791 non
3347 740 3582 811 oportet

1925 813 2106 874 alium
2162 813 2505 875 existimare
2555 823 2615 875 et
2672 814 2925 877 adorare
2980 816 3190 893 Deum,
3227 838 3401 898 quam
3451 823 3579 901 ejus

1927 904 2138 964 Deum.
2175 902 2490 964 Reveritus
2519 912 2717 965 autem
2763 906 3079 982 praefectus
3111 909 3363 972 civitatis
3393 910 3580 972 ﬁden-

1926 991 2092 1065 tiam,
2126 998 2186 1052 et
2234 991 2516 1071 loquendi
2569 992 2927 1073 libertatem,
2962 1004 3022 1055 et
3082 996 3288 1058 videns
3337 1017 3574 1061 omnem

1927 1080 2052 1142 fere
2107 1080 2390 1160 populum
2425 1080 2495 1141 ad
2548 1082 2850 1144 Christum
2902 1083 3260 1162 declinasse,
3293 1096 3349 1147 et
3399 1088 3577 1150 ivisse

1928 1164 1983 1229 id
2017 1168 2257 1230 athletae
2285 1169 2665 1245 sententiam,
2693 1180 2751 1231 et
2778 1189 3037 1247 servare,
3064 1192 3173 1235 nec
3195 1174 3334 1253 quid
3360 1176 3492 1237 novi
3516 1178 3577 1238 in

1929 1259 1989 1318 in
2041 1276 2178 1321 eum
2210 1258 2541 1321 audeatnr:
2577 1267 2635 1321 et
2683 1262 2893 1339 partim
2926 1263 3167 1343 quidem
3199 1283 3317 1325 non
3368 1272 3578 1345 potens

1928 1346 2133 1409 dicere
2183 1355 2387 1409 contra
2418 1349 2750 1421 veritatem,
2788 1350 2997 1430 partim
3031 1370 3169 1414 vero
3203 1353 3379 1414 etiam
3431 1374 3574 1416 eru-

1929 1435 2181 1497 bescens
2225 1454 2362 1499 eum
2419 1438 2652 1518 punire,
2689 1439 2790 1519 qui
2843 1441 3103 1502 veritatis
3149 1442 3391 1504 verbum
3456 1452 3575 1507 tam

1927 1534 2091 1587 recte
2116 1526 2423 1598 tractabat,
2450 1537 2512 1588 ut
2534 1546 2745 1589 omnes
2775 1529 2876 1610 qui
2904 1530 3172 1603 aderant,
3209 1532 3263 1592 ei
3298 1541 3579 1612 parerent

1930 1623 1988 1675 et
2036 1616 2377 1689 crederent,
2444 1617 2890 1695 perturbatione
2948 1619 3160 1699 plenus
3201 1628 3257 1682 et
3316 1622 3574 1701 tristitia,

1921 1702 2093 1784 jubet
2121 1712 2393 1765 sanctum
2438 1723 2645 1767 rursus
2675 1707 2922 1769 includi.
2957 1709 3228 1771 Surrexit
3257 1728 3396 1790 ergo
3432 1730 3577 1792 pro-

187 1797 358 1875 ἅγιον.
418 1796 650 1865 Ἀνέστη
706 1804 837 1876 γοῦν
892 1796 1083 1861 εοόθέως
1148 1802 1239 1852 τοῦ
1297 1797 1565 1871 βήματος,
1627 1798 1716 1852 καὶ
1782 1797 1840 1852 1h

1930 1796 2089 1854 tinus
2117 1810 2151 1853 a
2180 1792 2487 1872 tribunali,
2522 1803 2582 1856 et
2611 1795 2837 1858 dimisit
2863 1798 3186 1872 theatrum,
3220 1808 3282 1862 et
3311 1819 3343 1861 a
3376 1809 3575 1862 certa-

184 1887 400 1963 θέατρον
474 1886 652 1961 ἔλυσε,
726 1888 816 1943 καὶ
899 1884 1183 1963 ωνεξὲρῤεί
1252 1892 1345 1943 106
1411 1885 1617 1961 ἀγῶνος
1686 1884 1716 1940 ὅ
1784 1906 1843 1941 τε

182 1975 346 2052 δῆμος
407 1976 498 2032 καὶ
552 1977 694 2033 ἅπαν
748 1977 812 2031 τὸ
878 1978 1119 2053 θέατρονο
1186 1976 1274 2031 καὶ
1329 1977 1479 2052 θροῦς
1535 1994 1615 2039 τις
1660 1976 1729 2040 ἧν
1791 1973 1843 2040 ἐξ

180 2066 429 2123 ἁπάντων
503 2063 571 2121 δι’
642 2065 906 2145 εὔφημίας
984 2063 1322 2139 ποιουμένων
1404 2064 1497 2119 τὸν
1579 2064 1840 2142 μάρτυρα.

182 2146 238 2213 Ὀ
298 2158 405 2229 μὲν
466 2155 557 2211 οὗν
612 2155 766 2232 ἅγιος
834 2152 1224 2211 ὶνεκέκλειστω
1308 2152 1407 2219 τὴν
1460 2151 1513 2208 δὲ
1590 2150 1842 2230 γλῶσσαν

184 2242 294 2300 οὐδὲ
328 2242 505 2308 οὕτως
560 2244 689 2323 εἶχε
724 2250 960 2320 σιγῶσαν
1004 2244 1092 2299 κᾶὶ
1122 2248 1228 2299 τῶν
1278 2243 1353 2305 εἷς
1383 2248 1608 2319 Χριστοῦ
1663 2241 1843 2316 ὕμνων

184 2333 563 2413 ἀπεχομένην
626 2331 828 2407 ἔψαλλε
887 2333 1012 2411 γάρ·
1079 2354 1105 2386 α
1141 2329 1402 2392 ’Ἒσωσας
1458 2331 1626 2405 ἡμᾶς,
1665 2333 1841 2409 Κύριε,

188 2425 244 2478 ὲκ
295 2428 407 2479 τῶν
477 2417 767 2477 θλιϐόντων
849 2422 1016 2495 ημᾶς,
1064 2421 1153 2476 καὶ
1194 2420 1317 2481 τοὺς
1370 2418 1656 2492 μισοῦντας
1701 2420 1844 2494 ἡμᾶς

188 2513 558 2590 κατῄσχυνας.
653 2509 917 2576 ’Ἥνοιξας
988 2509 1042 2565 ἐν
1125 2505 1459 2586 παραϐολαῖς
1527 2510 1589 2564 τὸ
1673 2509 1846 2583 στόμα

191 2603 368 2675 ἡμῶν,
399 2601 493 2656 καὶ
521 2597 879 2679 ἐφθεγξαμεθα
910 2596 1265 2676 προϐλήματα
1295 2601 1572 2676 ἀπαρχῆς.
1613 2620 1638 2652 n

268 2707 382 2767 ω’.
440 2709 507 2765 Ὀ
557 2705 745 2783 μέστοι
792 2706 1054 2786 ἔπαρχος,
1093 2704 1446 2784 λογισάμενος
1493 2707 1689 2763 ὁπόσον
1746 2707 1843 2782 μὲν

199 2797 255 2853 ἒκ
306 2797 528 2876 πρώτης
571 2796 755 2874 πείρας
810 2797 845 2864 ἡ
888 2794 1046 2858 πόλις
1102 2794 1348 2874 κατέγνω
1405 2799 1590 2876 αὐτοῦ,
1648 2797 1843 2853 ὁπόσον

200 2884 251 2943 δὲ
299 2886 703 2963 καταγνώσεται
776 2885 956 2960 μαθὼν
1020 2885 1109 2941 καὶ
1168 2886 1196 2940 ὁ
1255 2882 1529 2962 βασιλεὺς,
1574 2883 1671 2941 καΐ
1715 2907 1847 2965 σχε-

201 2974 410 3038 τλιάσας
463 2974 526 3031 οὗ
580 2979 782 3051 μικρῶς
834 2972 918 3029 διὰ
973 2981 1161 3053 ταῦτα,
1195 2971 1391 3053 σχεδὸν
1444 2973 1697 3038 ἀπόσιτος
1753 2975 1841 3041 ἧν,

203 3064 382 3138 Ὅμως
447 3065 573 3126 τοὺς
640 3062 836 3126 ὕπνους
903 3061 1091 3123 αὐτοὺς
1174 3061 1365 3137 σκέψιν
1429 3060 1684 3137 θέμενος,
1759 3062 1845 3119 καὶ

1926 1882 2090 1944 mine
2142 1882 2320 1944 simul
2352 1883 2582 1947 efﬂuxit
2636 1887 2889 1965 populus
2918 1896 2977 1949 et
3007 1890 3349 1952 universum
3400 1892 3573 1952 thea-

1927 1979 2084 2033 trum
2119 1989 2133 2034 :
2191 1983 2250 2034 et
2278 1990 2486 2034 eorum
2531 1975 2796 2036 omnium
2832 1978 3143 2038 emanabat
3193 1979 3432 2060 quidam
3464 1999 3573 2042 su-

1925 2078 2159 2136 surrus,
2192 2072 2509 2144 martyrem
2535 2063 2808 2126 laudibus
2842 2069 3347 2149 prosequentium.
3382 2074 3574 2150 Atque

1925 2157 2166 2212 sanctus
2194 2151 2439 2231 quidem
2472 2163 2603 2213 erat
2632 2153 2900 2216 inclusus
2934 2175 2950 2229 ;
2982 2156 3240 2236 linguam
3272 2165 3469 2219 autem
3502 2176 3577 2221 ne

1927 2238 2014 2299 sic
2068 2238 2309 2316 quidem
2343 2237 2601 2304 habebat
2653 2251 2969 2317 tacentem,
3002 2254 3061 2305 et
3115 2245 3190 2306 ab
3224 2247 3459 2326 hymnis
3512 2247 3572 2309 in

1928 2328 2223 2391 Christum
2251 2328 2671 2394 abstinentem.
2704 2332 3031 2395 «Liberasti
3056 2353 3184 2409 nos,
3204 2333 3477 2411 Domine,
3499 2336 3573 2398 ab

1927 2416 2333 2496 aﬂligentibus
2366 2437 2497 2493 nos,
2534 2428 2591 2480 et
2621 2437 2723 2483 eos
2767 2421 2868 2502 qui
2897 2439 3005 2483 nos
3035 2424 3314 2499 oderunt,
3348 2422 3575 2505 pudore

1927 2505 2177 2568 atiecisti
2202 2507 2284 2570 4*.
2318 2507 2623 2588 Aperuisti
2651 2509 2711 2569 in
2748 2510 3043 2591 parabolis
3092 2530 3158 2572 os
3192 2521 3483 2588 nostrum,
3515 2523 3575 2576 et

1927 2595 2107 2659 locuti
2138 2614 2346 2658 sumus
2377 2598 2814 2678 propositiones
2842 2599 2915 2660 ab
2947 2600 3112 2663 initio
3141 2601 3187 2661 9.
3226 2626 3254 2658 ιο

2008 2700 2137 2765 XlI.
2194 2699 2519 2764 Praefectus
2572 2711 2770 2765 autem
2822 2713 3124 2784 reputans,
3161 2714 3447 2788 quantum
3501 2726 3571 2770 ex

1929 2790 2121 2871 prima
2179 2791 2424 2872 quidem
2480 2793 2851 2872 experientia
2923 2812 3056 2855 eum
3119 2794 3575 2857 condemnasset

1926 2880 2156 2953 civitas,
2192 2890 2476 2961 quantum
2510 2900 2649 2942 vero
2677 2887 2908 2944 siteum
2942 2885 3119 2946 etiam
3145 2884 3575 2948 condemnatu-

1927 2988 2029 3030 rus
2078 2971 2424 3051 imperator,
2459 2989 2595 3032 cum
2647 2973 2972 3052 acceperit,
3009 2982 3065 3033 et
3096 2992 3212 3035 non
3244 2993 3449 3054 parum
3509 2993 3576 3038 se

1928 3059 2237 3134 at‘ﬂictans,
2286 3059 2717 3140 propemodum
2777 3061 2890 3122 sibi
2936 3062 3238 3124 indicebat
3283 3064 3569 3126 inediam.

194 3159 361 3209 πᾶσαν
412 3153 489 3215 είς
548 3158 707 3209 τοῦτο
755 3151 850 3219 τὴν
904 3152 1064 3208 νύκτα
1123 3148 1431 3229 διενεγκὼν,
1493 3149 1615 3207 ἐπεὶ
1672 3150 1840 3226 ἡμέρα

1927 3153 2076 3211 Cum
2099 3156 2296 3212 tamen
2321 3149 2474 3228 apud
2503 3167 2569 3211 se
2590 3150 2875 3227 cogitaret
2896 3153 3148 3227 somnia,
3176 3160 3370 3216 ettota
3399 3162 3572 3217 nocte

187 3240 491 3321 διηύγαζεν,
556 3240 753 3307 ἤκουσε
828 3239 883 3295 δὲ
958 3239 1041 3296 ὅτι
1107 3240 1195 3296 καὶ
1270 3239 1416 3303 αὗθις
1497 3241 1558 3296 τὸ
1627 3239 1843 3318 θέατρον

184 3331 482 3409 ἤθροισται,
543 3330 630 3386 καὶ
688 3326 1004 3409 ὑπερϐάλλει
1064 3329 1160 3397 τήν
1216 3330 1345 3409 χθὲς
1410 3330 1843 3407 πολυανθρωπίαν

183 3420 430 3494 ἐπιθυμίᾳ
470 3423 571 3485 τῆς
628 3418 811 3485 κοινῆς
860 3416 1038 3485 πάλης
1091 3422 1196 3477 τῶν
1254 3418 1429 3497 λόγων
1481 3419 1568 3474 καὶ
1622 3424 1720 3485 τῆς
1751 3425 1843 3474 106

183 3510 412 3576 ἆθλητοῦ
477 3509 856 3580 πιθανότητος,
914 3508 1088 3565 πάντα
1142 3506 1311 3563 τᾶλλα
1385 3506 1626 3585 δευτέρας
1698 3509 1840 3564 εἶναι

186 3597 453 3679 ρροντίόος
515 3598 701 3670 εἰπὼν,
747 3595 987 3653 ἐκάθισεν
1046 3596 1130 3652 επὶ
1194 3596 1459 3673 βήματος.
1523 3599 1840 3675 Περιειστή..

186 3710 265 3744 κει
316 3685 374 3742 δὲ
436 3686 579 3743 ἅπαν
649 3687 712 3741 τὸ
768 3685 1102 3765 δορυφορικὸν
1175 3685 1502 3761 ἔκπληκτον,
1564 3687 1841 3766 προέκειτό

138 3799 242 3833 οτε
309 3772 404 3835 ὕπ’
463 3772 589 3850 ὄψιν
634 3780 741 3831 πᾶν
805 3773 861 3831 εἴ
914 3797 965 3832 τι
1026 3774 1296 3837 κολάσεως
1379 3777 1625 3854 ὁργανον,
1684 3777 1844 3832 αὐτοῦ

186 3872 337 3923 τοῦτο
381 3863 758 3941 κελεύσαντος,
823 3863 961 3921 ὥστε
1032 3861 1146 3929 δέος
1218 3864 1509 3938 ἐμποιῆσαι
1572 3870 1648 3937 τῷ
1701 3864 1841 3938 μάρα-

186 3976 319 4032 τυρι,
382 3946 476 4018 Ὠς
558 3953 647 4009 οὖν
703 3950 842 4009 οὕτω
896 3960 1081 4026 ταῦτα,
1139 3955 1226 4010 καὶ
1282 3956 1308 4010 ὁ
1367 3954 1518 4031 ἅγιος
1583 3953 1843 4033 σχοινίοις

189 4042 436 4103 διαδεθεὶς
510 4043 765 4121 εἰσήχθη,
825 4044 853 4097 ὁ
932 4040 1167 4122 ἔπαρχος
1227 4040 1352 4120 ἔφη’
1414 4042 1550 4120 Λέγε
1607 4065 1698 4117 μοι
1755 4044 1839 4119 σὺ,

187 4135 472 4210 κατάρατε,
556 4132 683 4203 ποίᾳ
767 4131 909 4211 τύχῃ
987 4131 1346 4210 τεθαρρηκὼς,
1435 4133 1506 4195 εἰς
1593 4140 1840 4189 τοσοῦτον

187 4221 395 4296 τόλμης
453 4221 764 4298 προήχθης,
828 4222 901 4283 ὡς
966 4233 1297 4295 παραπεϊσαι
1368 4221 1467 4296 μὲν
1520 4221 1611 4276 τὸν
1670 4219 1838 4294 δῆμον

184 4309 419 4374 tio-nia:
486 4308 773 4366 άπονεῦσαι
829 4310 1138 4386 βασιλικῆς,
1200 4323 1478 4367 κατειπεῖν
1534 4308 1588 4365 δὲ
1646 4308 1837 4376 ἀνέδην

188 4401 271 4455 καί
328 4401 436 4454 τῶν
495 4399 650 4472 θεῶν,
711 4403 970 4476 φρονῆσαι
1029 4396 1083 4454 δὲ
1131 4399 1196 4455 τὰ
1255 4400 1341 4474 σὰ,
1376 4400 1463 4455 καὶ
1521 4397 1689 4461 οὕτως
1743 4398 1831 4464 ἐξ·

1927 3257 1995 3300 ea
2028 3246 2227 3300 mente
2261 3247 2544 3313 tersaret,
2580 3248 2907 3318 postquam
2939 3240 3152 3316 illuxit,
3183 3243 3405 3304 audivit
3433 3262 3570 3306 vero

1925 3341 2342 3407 congregatum
2378 3345 2586 3388 rursus
2618 3345 2751 3389 esse
2791 3328 3107 3405 theatrum,
3144 3339 3203 3391 et
3229 3331 3572 3394 hesternam

1925 3434 2212 3496 superare
2235 3416 2543 3478 hominum
2570 3417 2965 3498 frequentiam
2991 3419 3290 3481 desiderio
3314 3438 3576 3482 commu-

1924 3507 2019 3567 nis
2040 3507 2098 3566 in
2118 3507 2375 3569 dicendo
2399 3507 2819 3575 contentionis.
2849 3517 2907 3569 et
2938 3509 3174 3570 athletm
3194 3509 3576 3590 probabilita-

1925 3597 2019 3668 tis,
2055 3596 2415 3676 reliquarum
2471 3613 2671 3657 rerum
2707 3614 2887 3657 curas
2917 3597 3126 3659 dicens
3169 3617 3300 3660 esae
3331 3600 3571 3678 postha-

1926 3685 2206 3759 hemiam,
2233 3684 2387 3745 sedit
2408 3684 2466 3745 in
2497 3684 3572 3751 tribunali.Circumsistebantomnes

1928 3774 2214 3835 satellites
2271 3773 2533 3853 attoniti,
2593 3783 2653 3833 et
2709 3775 3143 3855 subjiciebatur
3199 3777 3330 3856 ejus
3387 3778 3575 3840 oculis

1927 3863 2237 3946 quodlibet
2284 3864 2747 3923 instrumentum
2807 3866 3022 3925 factum
3074 3864 3146 3926 ad
3208 3867 3573 3947 torquendos

1928 3951 2204 4014 homines
2230 3954 2330 4024 (ita
2355 3951 2512 4012 enim
2531 3953 2789 4031 jnsserat
2819 3952 3317 4036 Hermogenes,ut
3348 3964 3571 4017 metum

1924 4044 2166 4104 afferret
2189 4041 2471 4122 martyri).
2505 4039 2822 4121 Postquam
2851 4060 2990 4121 ergo
3021 4043 3147 4105 haec
3170 4043 3318 4106 facta
3341 4053 3567 4117 sunt,et

1924 4131 2296 4192 introductus
2318 4139 2409 4193 est
2430 4139 2671 4191 sanctus
2697 4130 2927 4193 vinctus
2950 4132 3212 4214 funibus,
3235 4132 3379 4194 dicit
3408 4152 3561 4213 prae-

1920 4221 2112 4283 fectus
2141 4238 2154 4284 :
2189 4219 2293 4282 Dic
2326 4220 2471 4280 mihi
2505 4230 2589 4290 tu,
2623 4220 3012 4293 exsecranda,
3046 4239 3299 4298 quanam
3331 4222 3564 4284 fortuna

1916 4311 2122 4384 fretus,
2156 4328 2228 4371 eo
2254 4310 2594 4390 processisti
2649 4308 2932 4384 audaciae,
2968 4318 3030 4370 ut
3059 4310 3277 4391 populo
3321 4312 3560 4390 quidem

1917 4400 2330 4480 persuaderes,
2360 4407 2423 4460 ut
2452 4418 2485 4460 a
2516 4406 2812 4479 potestate
2844 4399 3131 4461 deﬁceret
3160 4400 3562 4482 imperatoris,

190 4489 345 4545 άπινα
394 4492 498 4555 τῆς
530 4492 631 4554 σῆς
686 4488 797 4561 ἃμα
826 4491 915 4545 καὶ
968 4487 1215 4565 γλώττης
1272 4490 1358 4545 καὶ
1414 4488 1635 4566 γνώμης
1694 4488 1824 4568 ἕχε-

1926 4489 2299 4570 lmpudenter
2318 4497 2514 4550 autem
2540 4487 2653 4549 diis
2679 4487 3039 4558 detraheret,
3068 4497 3129 4551 et
3151 4497 3306 4551 tuam
3336 4497 3566 4553 teneret

190 4580 328 4651 σθαι,
392 4577 485 4633 καὶ
540 4577 603 4631 τὸ
673 4574 791 4641 ξένα
843 4578 1149 4655 θρησκεύειν
1211 4575 1676 4656 διεγκαλούμενος,
1738 4578 1835 4634 ἑά-

199 4670 298 4726 λως
353 4668 438 4723 καὶ
512 4662 783 4743 τυραννίδα
864 4665 1296 4746 μεμελετηκώςς
1377 4669 1512 4744 Πρὸς
1566 4677 1730 4726 ταῦτα
1809 4670 1836 4723 ὁ

189 4754 356 4832 ἅγιος,
389 4755 516 4813 Ὀτι
571 4753 632 4809 οὗ
686 4756 949 4828 τυραννὶς,
1005 4756 1185 4829 εἶπεν,
1234 4755 1462 4836 ἕπαρχε,
1495 4757 1562 4812 τὰ
1618 4756 1745 4836 ἐμὰ,
1776 4757 1837 4812 τὸ

190 4843 401 4923 μέτριον
456 4842 609 4903 τουτί
662 4848 855 4923 σχῆμα
914 4843 999 4925 ἐφ’
1057 4845 1118 4903 o6
1173 4866 1272 4923 περ
1315 4865 1458 4924 ευρες
1515 4847 1682 4921 ἡμᾶς,
1736 4848 1837 4924 πρὸ

187 4932 313 5008 ἐμοῦ
385 4954 470 4989 σοι
523 4930 948 5010 ἆπολελόγηται,
1025 4935 1127 4993 Τὸν
1184 4932 1354 5009 δῆμον
1411 4931 1466 4989 δὲ
1530 4937 1623 4993 οὐκ
1680 4934 1835 4998 αὐτὸς

185 5022 475 5080 ἆποσεῦσαι
530 5022 851 5098 παρέπεισα,
885 5022 1006 5081 ἀλλ’
1061 5027 1090 5080 ὁ
1133 5023 1292 5096 ζῆλος
1337 5029 1430 5081 106
1477 5021 1561 5080 διὰ
1591 5028 1696 5080 τῶν
1725 5046 1831 5091 ση-

185 5115 345 5187 μείων
433 5109 851 5189 ἑπιγνωσθέντος
935 5113 1119 5176 αὐτοῖς
1183 5119 1337 5173 Θεοῦ.
1428 5122 1698 5171 Κατεϊπον
1775 5111 1830 5169 δὲ

1920 4577 2300 4654 sententiam,
2332 4587 2390 4639 et
2441 4578 2524 4638 sic
2573 4585 2825 4656 repente
2856 4585 2970 4639 tum
3017 4576 3234 4654 linguis
3265 4580 3565 4660 mentique

1917 4667 2383 4730 adhaeresceret:
2415 4674 2473 4727 et
2504 4666 2806 4728 convictus
2829 4677 2920 4728 est
2945 4666 3212 4729 criminis
3237 4671 3566 4748 peregrina:

1917 4775 1950 4818 a
1981 4765 2038 4819 te
2068 4756 2421 4818 introductae
2450 4755 2781 4833 religionis,
2809 4763 2867 4814 et
2897 4755 3179 4819 affectatae
3211 4757 3566 4836 tyrannidis?

1918 4845 2007 4909 Ad
2032 4847 2158 4908 hasc
2178 4853 2438 4907 sanctus:
2465 4844 2630 4917 Quod
2665 4844 3032 4924 tyrannidem
3058 4844 3321 4925 quidem,
3349 4846 3559 4926 inquit,

1918 4953 2036 4997 non
2070 4936 2361 5009 aﬂ‘ectem,
2400 4934 2747 4995 moderatus
2773 4932 2894 5012 hic,
2924 4933 2979 4992 in
3012 4951 3128 5012 quo
3148 4952 3244 4994 me
3265 4935 3559 5014 invenisti,

1917 5021 2151 5085 habitus
2181 5031 2315 5085 ante
2348 5041 2441 5083 me
2473 5041 2579 5102 pro
2613 5039 2707 5081 me
2737 5021 3068 5100 respondit.
3106 5021 3389 5101 Populum
3420 5038 3561 5083 vero

1915 5130 2033 5173 non
2064 5114 2194 5192 ipse
2228 5110 2492 5192 persuasi
2525 5109 2809 5181 deﬁcere,
2835 5108 2938 5169 sed
2972 5110 3134 5171 zelus
3164 5111 3295 5182 Dei,
3322 5110 3421 5191 qui
3457 5128 3563 5191 per

184 5208 285 5258 τῶν
324 5207 439 5257 σῶν
476 5221 536 5257 τε
578 5201 666 5256 καὶ
711 5207 806 5257 106
864 5200 1123 5276 βασιλέως
1181 5206 1338 5281 θεῶν,
1388 5199 1467 5256 ὅτι
1521 5199 1607 5257 δεῖ
1657 5200 1830 5256 πάντα

1926 5200 2075 5279 signa
2103 5199 2175 5261 ab
2209 5200 2297 5261 eis
2341 5199 2448 5261 fuit
2479 5198 2733 5277 agnitus.
2768 5199 2854 5260 De
2883 5202 2997 5258 tuis
3029 5205 3227 5259 autem
3267 5208 3327 5259 et
3363 5198 3558 5278 impe-

183 5288 444 5367 ἔνθρωπον
514 5287 660 5369 λόγῳ
712 5288 811 5344 καὶ
870 5291 1036 5368 κρίσει
1115 5291 1434 5370 φωράσαντα
1493 5291 1555 5346 τὸ
1608 5288 1824 5364 ψευδος,

1926 5285 2123 5348 ratoris
2146 5287 2260 5348 diis
2294 5285 2446 5347 male
2468 5287 2613 5359 dixi,
2639 5285 2796 5365 quod
2828 5295 3061 5365 oportet
3091 5305 3327 5349 omnem
3362 5289 3565 5350 homi-

182 5378 299 5436 αὐτὸ
355 5381 455 5456 μὲν
523 5378 902 5459 μυσάττεσθαι,
961 5380 1061 5447 τὴν
1138 5378 1390 5449 ἀλήθειαν
1472 5376 1527 5434 δὲ
1586 5399 1826 5456 προσκυ-

1926 5392 2215 5451 riem,cum
2244 5374 2475 5438 ratione
2496 5384 2557 5437 et
2575 5373 2800 5454 judicio
2830 5373 3039 5436 falsum
3071 5375 3558 5456 deprehenderit,

258 5635 305 5680 ι’
335 5634 486 5701 Psal.
522 5653 694 5720 mn,
723 5636 787 5703 8.
868 5636 897 5680 ²
924 5636 1078 5702 Psal.
1110 5652 1330 5720 Lxxvu,
1362 5635 1424 5699 2.
