3992 6134
457 269 574 346 383

1749 286 2032 354 MENSIS
2078 291 2507 358 DECEMBEB.

3681 299 3786 368 384

456 413 652 512 ipsum
677 416 917 496 quidem
943 419 1525 493 exsecrari,adorare
1546 431 1741 484 autem
1769 423 2101 486 veritatem.

2195 439 2327 489 νεῖν.
2405 427 2654 498 Ἀλήθεια
2721 428 2777 486 δὲ
2853 429 2995 509 παρὰ
3056 429 3376 509 ἀνθρώποις,
3433 429 3653 512 ἕπαρχε,
3706 433 3794 489 ἇν-

458 501 690 566 Veritas
723 524 882 580 vero,
915 527 948 567 ο
1001 509 1300 585 praefecte,
1335 512 1490 584 apud
1526 512 1820 581 homines.
1857 511 1932 574 de
1989 532 2104 593 qua

460 611 577 653 non
611 603 699 654 est
729 594 1148 668 dubitandum,
1173 608 1258 659 est
1292 599 1419 678 ipse
1451 600 1736 662 Christus.

543 682 700 745 XIII.
755 683 1076 746 Praefectus
1104 706 1243 748 vero
1274 688 1421 750 dixit
1450 708 1462 752 :
1529 689 1650 751 Hoc
1684 690 1788 752 tibi
1824 690 1903 751 ita
1931 691 2102 752 vide—

461 779 578 846 tur,
611 791 646 832 ο
677 772 947 834 demens.
998 773 1165 848 Quod
1197 778 1354 838 enim
1389 798 1504 840 non
1555 788 1790 859 oportet
1819 780 2017 842 colere
2048 789 2105 841 et

463 861 711 924 adorare
733 861 1113 935 Crucilixum,
1138 875 1197 927 et
1218 868 1379 944 quod
1413 888 1584 946 nugis
1616 879 1782 930 erant
1813 877 1869 931 et
1898 873 2108 932 inanes

461 967 771 1013 sermones
809 973 1177 1035 quaecunque
1204 976 1236 1018 a
1269 967 1329 1018 te
1362 958 1490 1020 heri
1522 958 1680 1020 dicta
1708 965 1868 1026 sunt.
1895 979 1963 1021 ex
1997 961 2110 1022 hoc

462 1041 707 1119 patebit.
769 1042 1016 1114 Quando
1065 1046 1248 1120 enim,
1299 1065 1432 1108 cum
1489 1066 1598 1124 ego
1653 1047 1886 1127 aliquod
1947 1059 2110 1110 tuum

461 1129 794 1192 membrum
849 1153 1195 1209 exsecuero,
1230 1145 1328 1196 aut
1381 1155 1687 1216 exussere,
1716 1146 1774 1197 tu
1807 1138 1906 1217 qui
1939 1137 2113 1201 Chri-

459 1226 611 1307 stum
644 1221 875 1294 adoras,
915 1243 1034 1285 non
1075 1225 1342 1303 potueris
1373 1225 1430 1287 id
1463 1227 2108 1307 restitnere,quomodo

461 1305 588 1369 haec
637 1310 795 1372 visus
845 1311 1030 1374 fueris
1079 1314 1213 1375 aliis
1266 1333 1473 1376 revera
1509 1315 1769 1390 dedisse,
1803 1305 1935 1396 quae
1991 1336 2110 1378 non

463 1399 705 1476 potuisti
743 1400 842 1462 tibi
875 1402 984 1482 ipsi
1019 1402 1215 1481 largiri
1247 1410 1274 1465 ?
1305 1404 1391 1465 Ad
1426 1405 1536 1466 hoc
1564 1405 1772 1465 annuit
1802 1407 2110 1469 universus

462 1488 739 1567 populus.
776 1488 1029 1553 Sanctus
1058 1510 1195 1552 vero
1226 1493 1371 1554 dixit
1399 1515 1411 1556 :
1448 1492 1625 1573 Opto,
1659 1514 1692 1555 o
1728 1496 2024 1575 praefecte,
2048 1498 2114 1556 ut

463 1585 523 1638 tu
556 1579 612 1638 in
665 1598 758 1640 me
788 1579 1004 1642 Christi
1035 1580 1216 1643 facias
1261 1584 1623 1662 periculum.
1658 1583 1901 1647 Conﬁdo
1953 1583 2112 1645 enim

461 1665 611 1739 fore,
647 1677 710 1730 ut
741 1688 811 1730 ea
843 1670 1136 1750 deposita,
1175 1692 1350 1752 quam
1386 1692 1542 1734 nunc
1595 1675 1876 1754 sustines,
1910 1675 2114 1751 digni-

2190 516 2511 596 αμφιλεκτος
2546 522 2572 574 ὁ
2605 519 2850 598 Χριστός.

2268 694 2369 752 ΙΓ’·
2438 688 2494 755 ”Ο
2540 697 2777 777 ἔπαρχος
2835 700 2982 755 εἶπε⁸
3045 699 3136 755 Σοὶ
3179 707 3332 756 τοῦτο
3385 697 3551 771 δοκεῖ,
3609 701 3802 768 ἂνὸητε.

2188 782 2335 842 Ἐπεὶ
2396 786 2476 841 ὅτι
2519 808 2580 864 γε
2631 790 2691 843 οὗ
2747 785 2831 843 δεῖ
2889 790 2979 844 τὸν
3031 787 3458 866 Ἐσταυρωμένον
3501 788 3725 846 σέϐεσθαί
3757 813 3806 846 τε

2189 877 2277 931 καὶ
2340 889 2681 952 προσκυνεῖν,
2714 879 2802 932 καὶ
2858 879 2932 940 ὡς
2978 876 3139 956 λῆρος
3187 878 3250 945 ἧι
3298 879 3384 934 καὶ
3431 878 3699 957 κενολογία
3751 881 3809 935 τὰ

2191 963 2450 1044 λεχθέντα
2508 965 2679 1020 πάντα
2724 971 2792 1041 τῇ
2836 967 2964 1044 χθὲς
3023 968 3164 1044 παρὰ
3205 975 3319 1038 σοῦ,
3364 966 3414 1032 ἐξ
3457 969 3616 1034 αὐτῆς
3649 967 3808 1041 σήμε-

2195 1075 2283 1131 ρον
2343 1053 2488 1110 ἔσται
2558 1056 2875 1133 καταφανές,
2954 1047 3144 1113 Ὀπότε
3207 1058 3306 1134 γὰρ
3372 1055 3501 1130 ἐμοῦ
3560 1055 3710 1130 μέλος
3763 1079 3806 1112 τι

2194 1142 2300 1197 τῶν
2356 1149 2462 1198 σῶν
2542 1143 2903 1217 ἀποτεμόντες
2979 1143 3012 1211 ἢ
3083 1145 3398 1217 καύσαντος,
3447 1148 3473 1200 ὃ
3527 1151 3806 1216 προσκυνῶν

2195 1231 2256 1287 σὺ
2310 1232 2402 1287 τὸν
2456 1234 2680 1309 Χριστὸν
2732 1240 3060 1298 καταστῆσαι
3110 1241 3263 1290 τοῦτο
3315 1235 3392 1307 μὴ
3438 1233 3678 1309 δυνηθῇς,
3708 1241 3808 1298 πῶς

2195 1321 2259 1376 ἃν
2332 1321 2544 1399 ὀφθείης
2617 1321 2815 1399 ἑτέροις
2886 1321 3047 1378 ταῦτα
3121 1324 3212 1378 σὺν
3281 1322 3523 1401 ἀληθείᾳ,
3592 1320 3726 1396 δοὺς,
3782 1321 3811 1378 ἃ

2194 1415 2370 1482 σαυτῷ
2426 1411 2744 1487 χαρίσασθαι
2803 1411 2878 1484 μὴ
2935 1413 3274 1468 καθίστασται
3329 1409 3593 1491 δυνατόςς
3652 1413 3742 1469 Καὶ
3789 1413 3814 1467 ὁ

2195 1498 2364 1569 δῆμος
2427 1499 2567 1563 ἅπας
2617 1501 2690 1562 εἰς
2746 1509 2896 1558 τοῦτο
2968 1500 3264 1560 ἐπένευσεν.
3334 1491 3391 1558 Ὀ
3450 1501 3594 1577 ἅγιος
3652 1501 3815 1557 εἶπενο

2198 1587 2467 1665 Εὔχομαι,
2531 1589 2760 1666 ἕπαρχε,
2820 1587 3046 1664 δοκιμὴν
3084 1589 3155 1645 ,ἐν
3215 1590 3335 1663 ἐμοί
3391 1610 3448 1644 σε
3503 1588 3681 1644 λαϐεῖν
3737 1595 3819 1644 τοῦ

2200 1683 2439 1753 Χριστοῦ.
2505 1677 2735 1734 Πέποιθα
2807 1679 2907 1755 γὰρ
2965 1681 3038 1743 ὡς
3107 1678 3302 1741 ἀποδὺς
3363 1678 3548 1741 eaea»:
3605 1679 3633 1733 ὃ
3682 1680 3817 1755 περί-

460 1765 603 1836 tate,
655 1759 783 1838 ipse
834 1778 1068 1840 quoque
1119 1763 1384 1822 cernaris
1447 1781 1602 1823 unus
1653 1782 1726 1823 ex
1778 1763 1851 1824 iis
1896 1763 2108 1843 quibus

2197 1788 2368 1822 κεισαι
2417 1769 2504 1821 νὺν
2560 1765 2793 1840 ἂξιωμα,
2829 1768 2915 1830 ε’ίς
2974 1769 3061 1823 καὶ
3116 1768 3269 1832 αὐτὸς
3329 1769 3532 1846 depono-9
3587 1771 3687 1823 τῶν
3732 1766 3819 1842 ἆρ-

462 1845 730 1936 Christus
754 1847 1028 1928 imperat.
1062 1848 1383 1912 Praetectus
1407 1852 1604 1932 itaque
1639 1863 1696 1914 et
1719 1871 1886 1914 suam
1911 1853 2108 1915 volens

2199 1855 2444 1934 χομένων
2513 1856 2614 1912 ὑπὸ
2648 1863 2890 1932 Χριστοῦ,
2956 1849 3013 1914 Ὀ
3058 1864 3181 1934 γοῦν
3226 1845 3466 1936 ’ἔπαρχος
3518 1857 3612 1925 τήν
3639 1877 3693 1911 τε
3747 1856 3817 1912 οἶ-

460 1933 607 1997 iram
661 1936 889 2011 ulcisci,
926 1957 1172 2019 Sperans
1217 1949 1416 2002 autem
1469 1943 1620 2015 fore,
1661 1950 1725 2001 ut
1755 1951 1998 2022 propter
2045 1960 2108 2003 ea

2200 1933 2343 2000 κείαν
2412 1945 2573 2021 ὀργὴν
2630 1943 2902 2010 ἐκδικῆσαι
2961 1933 3158 2019 ζητῶν,
3224 1933 3446 2007 ἐλπίσας
3503 1944 3556 2000 δὲ
3605 1947 3688 2000 καὶ
3739 1945 3819 2000 τὸν

459 2043 589 2104 quae
637 2026 892 2107 dixerat,
929 2037 1202 2090 sanctum
1257 2028 1318 2090 in
1370 2033 1652 2092 omnibus
1705 2032 2108 2105 convinceret,

2198 2034 2349 2111 ἅγιον
2405 2033 2491 2111 ἐφ’
2530 2039 2614 2097 οἷς
2664 2034 2882 2111 εἴρηκεν
2941 2036 3026 2090 Eni
3083 2036 3298 2091 πάντων
3353 2033 3579 2112 ἓλὲγξαι,
3632 2031 3816 2090 κελεύει

453 2114 953 2193 jubetcarnosam
991 2118 1150 2179 illam
1187 2128 1410 2198 partem
1437 2120 1650 2199 plantae
1682 2121 2108 2199 pedum,super

2199 2126 2260 2180 τὸ
2317 2121 2580 2200 σαρκῶδες
2626 2123 2748 2180 ὅλον
2805 2125 2898 2180 τοῦ
2952 2126 3056 2180 τῶν
3108 2122 3285 2181 ποδῶν
3328 2128 3482 2183 αὐτοῦ
3541 2121 3812 2200 πέλματος,

462 2222 642 2279 quam
669 2206 954 2268 collocata
989 2218 1077 2268 est
1101 2216 1347 2288 utraque
1377 2209 1525 2281 basi,
1550 2209 1764 2287 gladiis
1795 2209 2107 2280 excoriari,

464 2302 520 2354 et
551 2294 634 2356 sic
659 2294 974 2359 denudatis
1003 2296 1261 2370 ossibus,
1298 2305 1455 2359 stare
1479 2298 1670 2377 ipsum
1697 2298 1769 2359 ad
1793 2308 1996 2375 rogata
2035 2300 2111 2362 de

461 2382 576 2443 diis
605 2383 658 2444 ei
693 2385 1082 2464 proponenda
1109 2407 1121 2448 :
1156 2395 1219 2447 ut
1250 2387 1336 2447 sic
1370 2387 1623 2448 maxime
1655 2387 1920 2448 laborum
1947 2388 2109 2450 dolo-

458 2487 716 2549 rumque
737 2475 1063 2537 acerbitate
1087 2476 1499 2555 perculsus,ad
1521 2477 1716 2537 danda
1744 2495 2027 2556 responsa
2049 2485 2106 2538 et

2195 2211 2274 2290 ἔφ’
2336 2213 2495 2289 οὗπερ
2553 2212 2773 2288 ἑκατέρα
2830 2217 2935 2268 τῶν
2993 2212 3200 2288 βάσεων
3253 2211 3482 2290 ἵδρυται,
3542 2209 3808 2290 μαχαίραις

2193 2300 2546 2380 ἀποδαρῆναι,
2617 2303 2701 2358 καὶ
2772 2301 2937 2363 οὕτως
3007 2301 3101 2357 ἐπὶ
3167 2314 3395 2378 γυμνοῖς
3450 2313 3563 2363 τοϊς
3629 2299 3808 2362 ὀστέοις

2191 2393 2320 2468 πρὸς
2379 2392 2472 2455 τὰς
2516 2393 2631 2468 περὶ
2686 2393 2816 2446 θεῶν
2875 2390 3160 2466 ἐρωτήσεις
3225 2391 3385 2446 αὖτὸν
3440 2389 3698 2462 είστασθειι,
3743 2388 3807 2449 ὡς

2189 2479 2250 2535 ἂν
2309 2480 2446 2536 οὕτω
2505 2480 2735 2553 μάλιστα
2764 2487 2841 2553 τῷ
2885 2479 3062 2558 δριμεῖ
3112 2489 3219 2536 τῶν
3275 2479 3455 2536 πόνων
3484 2480 3578 2546 τὴν
3620 2475 3806 2549 καρδίαν

461 2561 772 2624 solvendas
805 2565 1163 2644 quaestiones
1195 2565 1365 2625 facile
1392 2565 1806 2644 impediretur.
1854 2565 2103 2627 Sanctus

2195 2567 2536 2642 Βαλλόμενος,
2576 2570 2706 2647 πρὸς
2765 2570 2830 2627 τὰ
2881 2570 2976 2634 τὰς
3029 2570 3340 2646 ἂποκρίσεις
3387 2569 3474 2624 καὶ
3520 2568 3606 2631 τὰς
3657 2565 3807 2660 post?

459 2659 681 2726 autem,
742 2670 877 2712 cum
947 2654 1002 2714 ei
1074 2653 1632 2714 immisericorditer
1686 2673 1823 2715 caro
1893 2655 2100 2733 gladiis

2195 2663 2288 2712 τῶν
2373 2645 2768 2732 προϐλημάτων
2857 2659 3097 2737 εὐχερῶς
3179 2645 3588 2731 συμποδίζηταν.
3657 2645 3709 2710 ’0
3759 2645 3805 2706 δὲ

460 2740 854 2812 scinderetur,
893 2749 951 2802 et
999 2741 1310 2815 universm,
1346 2760 1478 2822 quae
1535 2742 1924 2806 circumcirca
1970 2743 2100 2806 sitae

2195 2747 2330 2823 ἵγιος
2409 2745 2572 2810 οὕτως
2646 2745 2890 2812 ἀνηλεῶς
2961 2746 3060 2815 τὴν
3133 2744 3309 2823 σάρκα
3377 2757 3498 2808 ταῖς
3554 2744 3806 2821 μαχαίραις

461 2836 650 2904 erant,
709 2847 872 2892 venae
944 2829 1002 2891 ei
1071 2841 1515 2911 rumperentur,
1590 2842 1646 2894 et
1720 2834 2105 2914 quincunque

2195 2837 2612 2911 ὕποτεμνόμενος
2642 2884 2657 2915 ,
2729 2839 2827 2907 τήν
2915 2857 2967 2891 τε
3053 2833 3564 2911 συμπαρακειμένην
3623 2832 3802 2887 ἅπασαν

461 2917 626 2978 nervi
675 2926 877 2978 notum
936 2919 1421 2984 administrantes
1471 2923 1857 3001 congenerati
1914 2933 2105 3004 erant,

2195 2923 2358 3004 φλέὅα
2442 2925 2957 3004 συνεκρησσόμενος,
3023 2921 3400 2998 διασπώμενος
3465 2921 3517 2978 δὲ
3584 2921 3660 2977 καὶ
3714 2923 3802 2974 τῶν

459 3005 912 3081 divellerentur,
950 3027 1154 3088 parum
1189 3010 1428 3089 quidem
1464 3011 2108 3090 ingemiscebat,gratia

2195 3017 2383 3092 νεύρων
2441 3014 2562 3070 ὅσον
2621 3015 2718 3081 τὴν
2792 3014 2996 3080 κίνησιν
3052 3011 3281 3069 διοικοῦν
3359 3011 3682 3090 συμπεφυκὸς
3730 3007 3806 3084 ἦν,

461 3095 903 3175 quodammodo
955 3098 1300 3172 recedente,
1359 3111 1418 3161 et
1461 3101 1741 3162 athletam
1795 3101 2102 3181 probante,

2195 3103 2367 3159 ἔστενε
2425 3105 2522 3179 μὶν
2553 3101 2638 3158 ἐπ’
2699 3102 2898 3178 ὀλίγον,
2964 3107 3061 3168 τῆς
3121 3103 3352 3182 χάριτος
3401 3101 3572 3177 ὥσπερ
3614 3101 3808 3182 ὑποχωτ

460 3168 608 3264 quin
659 3184 836 3246 etiam
891 3185 943 3248 ei
1000 3205 1352 3248 coronarum
1380 3188 1679 3267 praebente
1732 3168 2104 3252 occasionem

2195 3194 2381 3268 ρηύσης
2426 3168 2542 3248 ’καὶ
2612 3168 2996 3266 δοκιμαζούσης
3066 3168 3162 3248 τὸν
3202 3168 3492 3269 ’ἀθλητὴη
3547 3168 3684 3244 ¹ἀλλὰ
3737 3175 3812 3241 καὶ

461 3281 682 3352 (aperte
732 3276 888 3335 enim
924 3275 1157 3338 fructus
1208 3275 1478 3338 laborum
1538 3284 1981 3352 suntcoronae).
2033 3278 2108 3340 Se

2195 3285 2463 3362 στεφάνων
2538 3283 2776 3361 ἀφορμὰς
2837 3281 2978 3355 αὗτῷ
3048 3281 3424 3360 παρεχούσης·
3480 3278 3658 3355 καρποὶ
3725 3275 3812 3351 γὰρ

463 3362 624 3424 enim
674 3364 903 3425 fortiter
931 3364 1174 3442 gerebat
1202 3365 1486 3426 adversus
1535 3367 1798 3441 dolores,
1829 3377 2106 3447 tanquam

2195 3371 2367 3428 πόνων
2415 3378 2598 3450 σαφῶς
2659 3373 2701 3426 ος
2762 3362 3024 3448 στέφονοι·
3089 3369 3418 3448 ἐνεκαρτέρει
3472 3367 3524 3424 δὲ
3565 3367 3685 3446 πρὸς
3731 3363 3810 3425 τὰς

459 3452 589 3532 ipsa
619 3453 806 3531 magis
837 3453 1094 3533 adesset,
1120 3465 1178 3516 et
1209 3454 1402 3534 ipsum
1435 3463 1821 3534 sustentaret,
1873 3467 1929 3517 et
1961 3457 2108 3518 leva-

2195 3458 2485 3537 ἀλγηδόνας
2556 3460 2735 3536 ὥσπερ
2819 3463 3087 3539 παρούσης
3173 3459 3384 3534 μᾶλΑον
3467 3462 3620 3523 αὒτῆς
3651 3503 3668 3529 ,
3736 3456 3813 3512 καὶ

458 3551 550 3603 ret
577 3560 816 3604 sensum
855 3543 1152 3605 dolorum.
1191 3545 1512 3624 Postquam
1545 3555 1741 3606 autem
1778 3545 1884 3607 fuit
1912 3545 2112 3607 dimis-

457 3649 559 3692 sus
587 3650 621 3692 e
656 3633 989 3712 tormentis,
1026 3633 1296 3712 protinus
1339 3634 1622 3695 exsiliens
1653 3643 1918 3712 sanctus,
1950 3635 2112 3697 stetit

456 3728 654 3782 rectus
709 3739 889 3801 super
950 3721 1075 3783 sola
1133 3739 1287 3797 ossa,
1357 3746 1383 3778 α
1419 3721 1530 3784 Pes
1581 3742 1773 3801 meus,
1825 3723 2106 3803 psallens,

456 3811 618 3872 stetit
665 3811 723 3871 in
753 3810 1115 3873 rectitudine
1153 3832 1166 3874 :
1216 3811 1280 3873 in
1315 3813 1588 3875 ecclesiis
1645 3811 1990 3874 benedicam
2025 3822 2104 3887 te,

457 3899 713 3961 Domine
741 3901 794 3962 5.
832 3921 860 3960 ›
918 3899 1212 3962 Etﬂuebat
1267 3911 1463 3964 autem
1520 3903 1786 3980 undique
1854 3921 1922 3964 ex
1980 3903 2109 3981 ejus

456 3986 718 4065 vestigiis
776 4007 990 4065 magna
1021 3990 1105 4050 vis
1167 3991 1519 4070 sanguinis:
1575 4000 1632 4052 et
1681 3991 1810 4070 ipse
1868 3991 2105 4071 quidem

457 4075 660 4138 Icelum
694 4075 947 4138 habebat
979 4079 1196 4140 vultum
1226 4099 1238 4141 :
1304 4082 1613 4142 ﬂorentem
1647 4099 1783 4142 vero
1816 4090 1874 4140 et
1903 4082 2104 4158 vigen-

451 4173 574 4226 tem
609 4163 866 4226 habebat
896 4167 1157 4230 animam
1191 4169 1476 4232 adversus
1514 4169 1817 4249 pericula:
1860 4167 2105 4229 liberam

2196 3548 2661 3620 ὕποϐασταζούσης
2721 3550 2874 3605 αὐτὸν
2944 3549 3032 3606 καὶ
3089 3549 3444 3627 κουφιζούσης
3500 3548 3598 3602 τῶν
3655 3545 3810 3600 πόνων

2195 3639 2291 3705 τὴν
2349 3637 2624 3714 αῗσγησιν.
2701 3637 2849 3694 Ἐπεὶ
2905 3636 2960 3692 δὲ
3020 3639 3104 3693 καὶ
3172 3642 3268 3704 τῆς
3331 3637 3557 3714 βασάνου
3622 3632 3808 3710 ἀφείθη,

2193 3727 2541 3797 ἀναπηδήσας
2598 3727 2742 3790 εὗθὺς
2802 3729 2828 3782 ὁ
2897 3725 3072 3803 ἅγιος,
3135 3724 3228 3781 ἐπῖ
3293 3727 3476 3800 μόνοις
3537 3723 3655 3789 ἔστη
3706 3729 3808 3781 τοῖς

2191 3817 2396 3880 ἂστέοις
2445 3817 2639 3895 ὄρθιος,
2702 3834 2732 3874 ε
2791 3817 2851 3872 Ὃ
2904 3815 3032 3879 ποῦς
3091 3837 3193 3890 μου
3251 3814 3381 3882 ἔστη
3423 3819 3479 3872 ἓν
3507 3813 3750 3881 εὖθύτητι,
3786 3833 3806 3862 ι

2193 3905 2434 3980 ψάλλων,
2519 3929 2538 3959 ι
2593 3905 2646 3960 ἐν
2718 3903 3025 3970 ἐκκλησίαις
3096 3902 3379 3981 εὐλογήσω
3441 3925 3521 3976 σε,
3595 3901 3753 3978 Κύριε.
3784 3918 3803 3950 I

2197 3987 2429 4072 ’Υπέῤῥει
2488 3993 2541 4049 δὲ
2585 3999 2690 4050 τῶν
2745 3995 2913 4072 ἰχνῶν
2971 3992 3128 4050 αὒτοῦ
3177 3992 3431 4049 πάντοθεν
3489 3990 3680 4057 πλῆθος
3726 3985 3808 4042 αἵ-

2190 4100 2377 4157 ματος·
2437 4085 2523 4139 καὶ
2556 4081 2772 4162 φαιδρὰν
2803 4083 2899 4156 μὲν
2947 4082 3102 4145 αὒτὸς
3161 4085 3288 4160 εἶχε
3318 4083 3415 4149 τὴν
3473 4080 3620 4154 ὄψιν,
3650 4073 3809 4148 (istuci-

2191 4179 2380 4243 ζουσαν
2451 4171 2506 4228 δὲ.
2571 4173 2701 4250 πρὸς
2774 4173 2894 4236 τοὺς
2955 4169 3218 4235 κινδύνους
3286 4171 3385 4238 τὴν
3441 4167 3667 4248 καρδίαν,
3722 4183 3811 4219 πε-

453 4262 651 4316 autem
682 4254 948 4331 linguam
974 4256 1044 4317 ad
1074 4258 1494 4320 vehementius
1515 4257 1908 4337 arguentium,
1935 4276 2108 4337 quam

2195 4262 2666 4339 παρρησιασμένην
2715 4258 2772 4316 δὲ
2822 4262 2918 4328 τὴν
2973 4259 3216 4338 γλῶτταν
3273 4260 3405 4330 πρὸς
3445 4257 3663 4335 ἔλεγχον
3709 4252 3814 4307 τότε

458 4343 642 4424 prius.
670 4343 912 4405 Nullum
943 4354 1142 4406 autem
1169 4366 1302 4408 eum
1331 4347 1574 4407 omnino
1608 4344 1867 4408 terrebat
1886 4345 2108 4408 instru-

2196 4350 2366 4407 πλέον
2425 4354 2459 4416 ἢ
2517 4352 2790 4429 πρότερον
2854 4349 3268 4416 ἀκατάπληκτος
3331 4346 3386 4405 δὲ
3447 4348 3512 4415 ἦν
3565 4345 3648 4402 καὶ
3700 4341 3812 4429 πρρς

457 4441 721 4493 mentum
798 4442 1269 4497 tormentorum.
1347 4435 1555 4497 Statim
1630 4454 1771 4514 ergo
1842 4434 2108 4498 manibus

2197 4441 2336 4496 ἃπαν
2385 4438 2749 4517 κολαστηρίων
2811 4439 3054 4516 ὄργανον.
3117 4435 3407 4514 Ἐκράτησε
3459 4437 3556 4512 μὲν
3597 4433 3679 4489 οὖν
3732 4428 3812 4484 εὖ·

458 4520 680 4600 plausit
715 4523 1041 4601 theatrum,
1082 4532 1360 4602 tanquam
1397 4534 1560 4603 parta
1589 4524 1851 4586 victoria.
2083 4554 2086 4558 ί

2199 4530 2286 4593 θὺς
2309 4530 2382 4592 ὡς
2412 4531 2499 4585 Eni.
2532 4529 2648 4604 νίκῃ
2679 4531 2740 4585 τὸ
2768 4529 3009 4604 θέατρον.

542 4607 696 4673 XIV.
751 4609 1070 4671 Praefectus
1101 4620 1294 4673 autem
1347 4613 1520 4674 simul
1555 4624 1610 4677 et
1641 4616 1905 4692 cogitans
1933 4610 2108 4674 vitare

2277 4617 2393 4678 IA'.
2458 4609 2515 4675 Ὀ
2558 4616 2612 4673 δὲ
2657 4617 2893 4696 ἔπαρχος
2949 4616 3004 4672 ἐν
3062 4622 3238 4688 ταυτῷ
3289 4637 3347 4673 τε
3402 4614 3520 4678 τοὺς
3578 4609 3814 4686 ἐλέγχους

455 4698 1002 4779 reprehensiones,
1066 4708 1123 4760 et
1179 4701 1582 4764 adversarium
1640 4704 1894 4764 reddere
1932 4696 2108 4762 veluti

2196 4713 2386 4784 φυγεῦν
2457 4704 2770 4778 διανοηθεὶς,
2853 4706 2939 4762 καὶ
3015 4707 3106 4762 τὸν
3188 4701 3583 4781 ἀντᾶγωνιστὴν
3654 4697 3816 4771 ὥσπερ

456 4789 749 4850 inermem
811 4797 868 4849 et
918 4788 1213 4862 inutilem,
1245 4791 1420 4870 jubet
1470 4793 1523 4854 ei
1568 4794 1762 4854 statim
1821 4789 2113 4870 amputari

453 4878 715 4957 linguam
749 4896 818 4938 ex
852 4885 979 4957 ipso
1012 4889 1276 4954 gutture.
1325 4883 1576 4943 Sanctus
1613 4900 1752 4942 vero
1787 4904 1800 4939 :
1839 4879 2106 4954 Etiamsi,

451 4963 668 5048 inquit,
705 4965 1060 5029 exstinxeris
1094 4969 1349 5048 pupillas
1379 4989 1646 5032 meorum
1680 4969 2110 5044 oculorum,ne

453 5057 540 5118 sic
570 5055 811 5136 quidem
838 5075 946 5134 ego
970 5057 1286 5118 offendam.
1325 5081 1348 5115 ιι
1380 5058 1480 5120 Est
1501 5060 1659 5121 enim
1699 5058 1942 5121 lucerna
1963 5057 2110 5117 meis

454 5145 705 5224 pedibus
755 5144 849 5206 lex
895 5144 1108 5208 Christi
1143 5149 1191 5206 4.
1228 5174 1249 5205 n
1309 5148 1561 5211 Conﬁdo
1617 5158 1841 5228 autem,
1877 5149 2107 5221 dicens,

455 5234 612 5311 quod
669 5243 985 5314 postquam
1033 5235 1164 5314 ipse
1221 5237 1479 5315 linguam
1540 5238 1822 5311 amisere,
1859 5246 1996 5295 tunc
2051 5243 2108 5295 tu

457 5321 715 5399 linguam
766 5324 1081 5402 SUSCIpIt‘S,
1127 5325 1284 5385 clara
1335 5344 1478 5391 voce
1527 5344 1843 5388 canentem
1893 5324 2112 5390 Christi

459 5409 775 5486 magnalia.
831 5413 1149 5493 Postquam
1212 5431 1346 5474 vero
1402 5415 1656 5494 quadam
1719 5412 2001 5476 machina
2056 5422 2114 5475 et

533 5595 565 5651 τῦ
598 5593 754 5660 Psal.
789 5612 929 5672 xxv,
971 5599 1059 5658 t2.
1146 5597 1177 5647 4
1207 5598 1362 5661 Psal.
1397 5615 1596 5676 cxvut,
1634 5598 1774 5662 t05.

2193 4793 2392 4852 ἄοπλον
2445 4799 2614 4851 θεῖναι
2670 4795 2756 4850 καὶ
2815 4791 3105 4872 ἄπρακτον,
3165 4795 3238 4855 ὡς
3297 4792 3611 4871 εὐχείρωτον
3666 4785 3813 4872 οὗτιος

2191 4887 2333 4958 αὐτῷ
2385 4882 2658 4958 ἐσόμενος,
2732 4885 2915 4940 αὐτίκα
2976 4882 3186 4939 κελεύει
3247 4879 3299 4946 εξ
3346 4878 3506 4936 αὖτοῦ
3573 4881 3660 4932 τοῦ
3724 4871 3814 4950 φάο

2192 4995 2380 5051 ρυγγος
2456 4973 2785 5048 ὲκτμηθῆναι
2868 4972 2964 5038 τὴν
3048 4970 3288 5049 γλῶτταν
3377 4967 3471 5024 τοῦ
3551 4965 3813 5051 μάρτυρος.

2196 5063 2295 5118 Καὶ
2363 5064 2390 5117 ὁ
2459 5061 2636 5139 ἅγιος,
2714 5064 2768 5118 Εἰ
2837 5062 2925 5118 καὶ
2982 5061 3076 5124 τὰς
3134 5061 3315 5128 κόρας,
3379 5057 3503 5136 ἔφη,
3547 5057 3647 5110 τῶν
3689 5050 3816 5120 ἐμῶν

2192 5148 2476 5228 ὀφθαλμῶν
2530 5147 2870 5222 ἁποσϐἐσεις,
2947 5149 3063 5205 οὑδὲ
3127 5146 3288 5211 οὕτως
3359 5145 3468 5222 ἐγὼ
3525 5139 3814 5218 προσκόψω.

2201 5259 2220 5292 ⁸
2254 5239 2464 5316 Λύχνος
2497 5238 2594 5316 γὰρ
2625 5252 2742 5303 τοῖς
2773 5238 2927 5312 ἐμοῖς
2946 5238 3098 5293 ποσὶν
3130 5240 3156 5292 ὁ
3183 5235 3344 5309 νόμος
3369 5236 3396 5288 ὁ
3419 5240 3510 5288 τοῦ
3528 5233 3772 5327 ξριστοῠὶ
3790 5245 3809 5278 ι

2193 5326 2497 5404 Τεθάῤῥηκαι
2567 5326 2645 5398 δὲ,
2719 5324 2914 5405 δέγων,
2986 5328 3059 5388 ὡς
3131 5321 3338 5380 ἐπειδὰν
3413 5317 3663 5376 ἀποϐάλω
3728 5317 3816 5377 τὴν

2197 5413 2437 5496 γλῶτταν
2491 5418 2672 5496 αὐτὸς,
2703 5417 2822 5472 τότε
2886 5404 2945 5472 σὺ
2975 5412 3218 5493 γλῶτταν
3270 5407 3538 5486 ἀναλάϐῃς
3590 5404 3813 5484 εὐφώνως
