4006 6146
199 297 318 362 385

1170 291 1640 362 MARTYRIUM
1685 295 1746 360 S.
1793 291 2031 360 MEN/E
2067 296 2162 359 ET
2205 293 2610 362 SOCIORUM.

3460 292 3578 368 386

197 431 427 504 ᾅδουσαν
483 431 549 487 τὰ
618 427 883 509 μεγαλεῖα
937 436 1029 487 τοῦ
1083 437 1235 490 Θεοῦ.
1295 431 1447 488 Ἐπεὶ
1500 429 1558 486 δὲ
1613 433 1842 510 μηχανῇ

1947 428 2118 491 :tudio
2149 431 2446 506 lictorum,
2479 431 2680 510 lingua
2731 431 2964 512 martyri
3008 431 3332 494 crudeliter
3365 433 3574 496 evulsa

199 543 299 578 τινι
335 523 425 578 καὶ
456 518 663 596 σπουδῇ
704 525 810 576 τῶν
879 521 1156 597 ὑπηρετῶν
1202 521 1238 588 ἡ
1301 519 1514 598 γλῶττα
1577 525 1654 592 τῷ
1707 519 1846 598 μάρ-

1930 517 2037 579 fuit
2066 539 2133 581 ex
2167 539 2270 582 ore
2301 539 2492 600 sacro,
2526 529 2585 581 et
2615 520 2726 600 ipsi
2757 520 2898 580 ferri
2948 519 3139 582 aciem
3172 522 3452 584 deorsum
3489 528 3577 585 in-

199 633 314 689 τορι
387 618 482 668 τοῦ
537 612 681 687 ἱεροῦ
749 609 1012 684 πόματος
1088 609 1446 687 ἀπηνέστερον
1517 609 1842 683 ἐξιιλκύιθη,

1955 608 2224 686 icientes,
2268 626 2396 671 eam
2437 610 2564 689 jam
2613 608 3060 684 exscindebant,
3106 610 3441 689 patiebatur
3487 612 3576 673 vir

203 702 290 757 καὶ
321 704 481 758 αὐτοὶ
534 700 631 763 τὰς
681 705 789 756 τῶν
843 697 1073 776 σιδήρων
1128 699 1303 765 ἀκμὰς
1359 697 1848 777 προσεμϐἑλλοντες

199 791 433 847 κάτωθεν
462 789 628 856 αὗτὴν
681 787 978 861 ἀπέτεμνον
1031 786 1160 866 ἤδη,
1221 787 1428 869 ἔπασχε
1485 789 1582 863 μὲν
1635 792 1661 844 6
1721 809 1847 866 γεν-

203 878 384 956 νάδας,
434 879 529 934 καί
579 876 790 954 πλήρης
848 876 1056 954 ἀγῶνος
1115 878 1180 944 ἦν
1239 879 1339 945 τὴν
1400 879 1606 957 ψυχήν
1667 876 1848 956 ἦνδρίο

212 967 322 1033 Εετο
350 967 404 1023 δὲ
444 968 536 1023 καὶ
594 966 768 1045 ἔφερε,
826 967 914 1022 καὶ
970 969 1101 1042 πρὸς
1155 969 1378 1043 Χριστὸν
1435 967 1565 1034 ὅλην
1629 967 1850 1023 ἐνέτεινε

217 1059 307 1124 τὴν
363 1055 614 1114 διάνοιαν.
678 1048 770 1120 Ὠς
817 1054 873 1111 δὲ
935 1055 1086 1115 τέλος
1141 1056 1299 1135 εἶχεν
1345 1057 1380 1124 ἡ
1411 1057 1660 1136 βάσανος,
1695 1059 1722 1112 ὁ
1752 1057 1851 1131 μὲν

227 1149 367 1206 τόνος
417 1151 500 1200 τοῦ
557 1145 812 1218 σώματος
862 1142 1060 1218 ἔκαμνε
1100 1151 1176 1216 τῷ
1237 1145 1394 1223 ἁγίῳ,
1455 1147 1610 1211 αὐτὸς
1667 1144 1849 1212 δὲτὴν

225 1234 398 1311 ψυχὴν
462 1240 540 1306 τῷ
607 1235 757 1304 πόθῳ
822 1239 898 1307 τῷ
965 1235 1098 1311 πρὸς
1171 1237 1396 1310 Χριστὸν
1481 1237 1846 1314 νευρούμενοτ,

221 1323 384 1400 ἠρέμα
453 1320 634 1400 διάρας
686 1323 784 1390 τὴν
839 1322 1104 1404 κεφαλὴν,
1157 1324 1441 1380 ἀποπτύων
1495 1323 1549 1380 δὲ
1605 1327 1666 1380 τὸ
1715 1324 1850 1382 πολῦ

217 1414 306 1468 τοῦ
330 1411 590 1488 αἵματος,
620 1413 709 1468 καὶ
760 1411 898 1476 ὅλως
950 1426 1074 1477 ταῖς
1131 1413 1448 1492 καταῤῥοατς
1504 1417 1849 1493 φοινισσόμε-

217 1525 322 1575 νος,
385 1503 520 1580 πρὸς
579 1502 779 1564 πᾶντας
837 1501 1071 1572 ἠτένιζεν
1135 1503 1404 1581 εὐθαρσὲς,
1463 1505 1559 1560 καὶ
1632 1505 1851 1579 νεύμασι

212 1593 285 1665 τῷ
328 1613 390 1647 τε
442 1591 668 1671 ἐπάρχῳ
721 1592 820 1658 τὴν
882 1593 998 1668 περὶ
1049 1592 1116 1647 τὰ
1162 1589 1304 1648 δεινὰ
1352 1592 1595 1669 γνώμην,
1651 1597 1736 1650 καὶ
1778 1599 1854 1666 τῷ

212 1679 365 1755 δήμῳ
438 1681 536 1748 τὴν
594 1681 868 1757 καρτερίαν
921 1680 1201 1755 ἐσήμαινε⁹
1263 1683 1349 1738 καὶ
1417 1685 1490 1746 ὡς
1562 1685 1621 1741 οὗ
1692 1684 1852 1756 μόνον

1929 717 2278 780 generosus,
2323 707 2384 762 et
2420 717 2640 778 angore
2689 699 2902 778 plenus
2959 708 3084 759 erat
3115 700 3247 779 ejus
3309 701 3570 764 animus.

1930 785 2167 850 Fortem
2201 797 2395 850 tamen
2420 806 2482 849 se
2513 787 2838 868 praebebat,
2875 795 2933 848 et
2961 788 3033 848 ad
3063 789 3364 850 Christum
3391 800 3573 852 totam

1931 893 2098 938 suam
2149 877 2442 954 dirigebat
2499 877 2944 957 cogitationem.
3009 879 3327 958 Postquam
3381 889 3576 942 autem

1932 965 2115 1027 finem
2146 967 2376 1047 accepit
2405 975 2791 1040 tormentum,
2825 965 3127 1027 defessum
3179 969 3417 1047 quidem
3452 980 3580 1031 erat

1933 1063 2140 1117 sancto
2172 1055 2356 1118 robur
2376 1061 2647 1129 corporis
2673 1076 2686 1115 :
2715 1062 2841 1136 ipse
2861 1072 2998 1116 vero
3031 1055 3250 1117 Christi
3275 1057 3575 1120 desiderio

1933 1145 2133 1206 animo
2186 1145 2593 1220 conﬁrmatus,
2657 1146 2881 1207 sensim
2940 1143 3173 1206 sublato
3230 1147 3448 1227 capite,
3523 1156 3578 1208 et

1937 1235 2183 1296 multum
2239 1235 2593 1313 sanguinem
2648 1251 2965 1314 exspuens,
3027 1242 3085 1296 et
3141 1235 3579 1299 deﬂuxionibus

1935 1331 2092 1385 totus
2121 1325 2367 1386 effectus
2400 1343 2756 1405 purpureus,
2807 1325 3177 1386 conﬁdenter
3208 1345 3416 1388 omnes
3447 1327 3580 1388 ﬁxis

1933 1415 2254 1495 aspiciebat
2279 1415 2506 1477 oculis:
2545 1422 2603 1476 et
2629 1423 2772 1476 nutu
2792 1414 3073 1493 praefecto
3107 1432 3282 1476 suum
3309 1417 3365 1476 in
3398 1417 3580 1479 rebus

1933 1505 2159 1585 asperis
2190 1505 2480 1585 animum,
2509 1513 2566 1566 et
2598 1503 2815 1584 popqu
2847 1519 3011 1564 suam
3045 1504 3418 1582 signiﬁcabat
3465 1506 3582 1568 for-

1936 1595 2246 1656 titudinem
2275 1611 2287 1655 :
2325 1603 2385 1656 et
2413 1611 2478 1656 se
2509 1611 2627 1654 non
2660 1592 2834 1654 modo
2869 1609 2986 1652 non
3019 1593 3260 1667 cedere,
3315 1593 3422 1655 sed
3451 1612 3582 1656 eam

1935 1702 2064 1745 rem
2121 1683 2298 1744 etiam
2356 1683 2602 1745 delicias
2661 1690 2888 1762 putare,
2953 1690 3012 1743 et
3071 1691 3322 1744 mortem
3385 1682 3579 1748 sitire.

211 1754 298 1827 οὐκ
329 1767 622 1848 ἐνδίδωσιν,
655 1754 792 1826 ἀλλά
818 1771 906 1851 καὶ
965 1754 1162 1848 τροφὴν
1215 1772 1430 1848 ἡγεῖται
1487 1773 1547 1827 τὸ
1605 1754 1847 1848 πρᾶγμα,

1947 1773 2253 1835 Prmfectus
2273 1779 2470 1834 autem
2500 1754 2700 1833 furore
2722 1754 3052 1850 correptus,
3089 1772 3247 1851 quod
3279 1773 3455 1834 etiam
3488 1773 3584 1835 Iu-

209 1862 292 1916 καὶ
346 1860 580 1914 θανάτου
637 1856 788 1933 διψᾷ.
856 1849 914 1916 Ὀ
974 1857 1029 1914 δὲ
1087 1857 1324 1939 ἔπαρχος
1382 1860 1541 1936 μανίᾳ
1610 1859 1849 1940 ληφθεὶς,

207 1948 283 2004 ὅτι
314 1950 407 2005 καὶ
437 1949 779 2019 καταπαίζων
815 1951 914 2014 τῆς
965 1950 1244 2028 τιμωρίας,
1307 1950 1542 2027 μάρτυρα
1599 1954 1696 2016 τῆς
1753 1951 1851 2005 ἀν·

206 2036 345 2115 ὁρίας
420 2037 664 2094 ἐποιεῖτο
734 2039 828 2094 τὸν
909 2034 1078 2112 δῆμον
1153 2052 1269 2102 τοῖς
1354 2039 1543 2094 ἑαυτοῦ
1609 2041 1851 2115 νεύμασι,

205 2127 564 2203 προσέταττεν
661 2127 847 2190 εὐθέως
933 2126 1228 2194 ἐκκοπῆναι
1315 2130 1470 2186 αὗτοῦ
1563 2130 1652 2184 καὶ
1739 2131 1854 2191 τοὺς

213 2215 541 2294 ὀφθαλμούς,
604 2207 697 2279 Ὠς
751 2214 806 2271 δὲ
863 2215 998 2273 πολὺ
1050 2218 1110 2272 τὸ
1139 2216 1309 2295 τάχος
1370 2219 1586 2293 εἰσῆγον
1637 2220 1682 2273 οἱ
1727 2219 1856 2294 πρὸς

208 2313 374 2362 ταῦτα
449 2303 873 2380 διακονούμενοι,
940 2307 1028 2361 καὶ
1099 2305 1432 2385 παραχρῆμα
1505 2305 1705 2382 μηδένα
1760 2308 1857 2363 οἶ-

210 2417 332 2452 κτον
397 2393 500 2462 τῆς
573 2396 758 2460 κοινῆς
829 2395 1138 2470 ποιούμενοι
1208 2397 1435 2470 φύσεως,
1510 2399 1857 2476 περισχόντες

211 2488 299 2541 τὸν
357 2484 602 2551 ἀθλητὴν
670 2485 831 2559 ὠμῶς
905 2490 1062 2545 αὐτοῦ
1133 2489 1256 2551 τοὺς
1338 2490 1504 2566 ἱεροὺς
1576 2486 1861 2565 ἐξώρυττον

215 2573 543 2654 ὀφθαλμοὺς,
602 2573 886 2651 ἀλγοῦντος
942 2576 1063 2650 μὲν,
1123 2582 1238 2640 πῶς
1290 2577 1389 2654 γὰρ
1447 2577 1505 2634 ού
1545 2598 1561 2650 ;
1621 2581 1706 2633 καὶ
1763 2585 1860 2647 τῆς

219 2664 549 2752 ἀνθρωπίνης
619 2665 822 2743 φύσεως
865 2665 1324 2740 ύποσημαίνοντος
1401 2670 1497 2735 τὴν
1569 2671 1860 2752 ἀσθένειαν,

223 2753 466 2830 ῗέροντος
521 2750 578 2807 δὲ
628 2753 725 2808 κάν
791 2755 961 2827 τούτῳ
1019 2755 1271 2832 γενναίως
1326 2757 1414 2814 καὶ
1471 2759 1572 2826 τὴν
1626 2750 1862 2832 κεφαλὴν

223 2840 575 2920 ἐπικὶίοντος,
647 2839 830 2904 δσάκις
899 2844 963 2898 ἃν
1045 2845 1209 2912 αὐτὴν
1291 2844 1477 2904 ἄνετον
1548 2825 1712 2930 ἔσχε,⁸
1775 2846 1864 2909 καὶ

228 2931 396 3009 ὥσπερ
437 2933 518 3004 τῷ
570 2930 819 3006 Δεσπότῃ
878 2932 1038 3012 χάριν
1096 2932 1483 3012 ὁμολογοῦντος
1540 2936 1620 2994 ὅτι
1678 2941 1863 2997 τοιού-

235 3040 334 3074 των
384 3019 579 3086 ἠξιώθη
636 3025 744 3076 τῶν
798 3021 1028 3098 ἀγαθῷν·
1091 3025 1119 3078 ὁ
1182 3022 1442 3104 ἔπαρχος,
1514 3030 1696 3084 παθὼν
1765 3032 1864 3097 τὴν

1936 1863 2186 1924 diﬁcans
2217 1861 2601 1943 supplicium,
2630 1860 2914 1941 populum
2937 1861 3064 1922 suis
3090 1861 3336 1922 nutibus
3370 1872 3584 1925 testem

1937 1952 2157 2014 faceret
2187 1970 2309 2013 sua;
2358 1958 2553 2030 magni
2606 1950 2789 2012 animi
2822 1950 3076 2026 virtutis,
3105 1949 3288 2029 jussit
3317 1952 3588 2031 protinus

1938 2044 2066 2122 ejus
2091 2059 2328 2123 quoque
2359 2040 2632 2102 exscindi
2654 2041 2880 2102 oculos.
2907 2038 3226 2120 Postquam
3246 2058 3388 2102 vero
3415 2042 3587 2103 mini-

1939 2133 2013 2192 tri
2067 2133 2140 2191 ad
2198 2130 2307 2193 hoc
2367 2147 2637 2208 magnam
2691 2129 3023 2190 adhibuere
3076 2127 3472 2206 diligentiam,
3529 2137 3588 2193 et

1942 2221 2162 2290 statim,
2191 2219 2351 2281 nulla
2367 2221 2702 2279 communis
2734 2226 2958 2279 naturae
2985 2216 3130 2279 moti
3150 2219 3582 2298 misericordia,

1943 2317 2216 2371 tenentes
2245 2309 2553 2382 athletam,
2583 2307 2910 2369 crudeliter
2941 2307 3070 2386 ejus
3109 2325 3314 2368 sacros
3345 2309 3589 2370 effodie-

1943 2400 2085 2461 bant
2132 2397 2358 2473 oculos,
2411 2397 2670 2458 dolentis
2722 2396 2962 2477 quidem
3015 2395 3248 2475 (quidni
3280 2397 3498 2458 enim?
3527 2409 3590 2461 et

1945 2487 2337 2568 signiﬁcantis
2380 2486 2659 2547 humanae
2689 2495 2914 2546 naturae
2965 2485 3462 2567 imbecillitatem,
3497 2488 3587 2550 fe-

1947 2584 2132 2640 rentis
2161 2583 2357 2639 autem
2391 2577 2504 2637 hoc
2527 2593 2765 2656 quoque
2787 2574 3040 2649 fortiter,
3074 2583 3132 2635 et
3153 2577 3592 2656 caput,quoties

1947 2669 2005 2729 id
2037 2668 2110 2729 ab
2129 2667 2215 2729 eis
2235 2664 2671 2745 remittebatur,
2685 2664 3116 2734 inclinantis,et
3145 2665 3588 2741 quodammodo

1947 2758 2199 2820 Domino
2216 2755 2437 2833 gratias
2451 2753 2872 2836 agentis,quod
2889 2753 3026 2814 talia
3040 2753 3118 2814 sit
3133 2753 3288 2816 bona
3301 2758 3593 2836 consequi

1947 2846 2158 2922 dignus
2192 2843 2434 2907 habitus
2460 2861 2473 2906 :
2506 2843 2819 2923 praefectus
2842 2851 3091 2924 repente
3106 2844 3302 2905 animo
3319 2845 3591 2926 affectus,

1947 2946 2005 2996 et
2037 2933 2277 2996 tristitia
2309 2942 2502 2995 motus
2533 2935 2609 2994 ob
2657 2951 2729 2993 ea
2783 2951 2915 3014 quae
2970 2931 3227 3006 videbat,
3287 2952 3421 2994 cum
3479 2935 3594 2996 hoc

1946 3023 2136 3086 solum
2169 3021 2455 3084 dixisset:
2488 3023 2629 3084 Cras
2657 3022 2951 3102 reliquum
3013 3021 3283 3102 corporis
3331 3022 3446 3085 erit
3469 3031 3592 3085 tra-

233 3109 407 3186 ψυχήν
432 3106 682 3187 ἐξαίφνης
721 3113 814 3166 καὶ
858 3113 1237 3190 σκυθρωπάσας
1285 3115 1415 3192 πρὸς
1473 3116 1538 3172 τὰ
1593 3117 1858 3194 ὁρώμενα,

1949 3113 2212 3176 dendum
2243 3112 2469 3186 avibus,
2505 3123 2566 3172 ut
2597 3111 2778 3172 nulla;
2805 3110 2878 3172 ad
2908 3112 3258 3172 memoriam
3292 3120 3596 3194 supersint

221 3198 314 3254 καί
359 3204 518 3254 τοῦτο
547 3206 712 3273 μόνον
762 3199 950 3279 εἰπὼν,
1010 3203 1084 3258 ὡς
1140 3205 1217 3269 Tit
1275 3202 1448 3281 αὔριον
1510 3207 1573 3261 τὸ
1625 3206 1866 3285 περιλει-

218 3288 341 3366 φθὲν
397 3296 494 3345 τοῦ
555 3287 803 3363 σώματος
871 3289 1072 3366 ὀρνέοις
1140 3289 1416 3360 ἐκδοθῆναι
1487 3293 1594 3369 δεῖ,
1659 3299 1732 3364 ὡς
1803 3299 1865 3357 ἂν

1948 3203 2242 3283 reliquiae,
2294 3211 2352 3263 et
2400 3220 2534 3264 cum
2569 3202 2657 3263 sic
2680 3201 2966 3281 jussisset
2996 3202 3241 3276 servari,
3277 3203 3535 3266 surrexit
3564 3220 3599 3266 e

1951 3292 2265 3354 tribunali.

216 3374 361 3468 μηδέ
435 3377 511 3440 εἷς
586 3379 808 3452 μνήμην
877 3377 1129 3454 λείψανόν
1212 3403 1263 3437 τι
1346 3382 1672 3466 καταλειφθῇ
1701 3435 1718 3460 ,
1792 3393 1880 3450 καὶ
1965 3383 2258 3468 προστάξας
2339 3381 2505 3447 οὕτως
2579 3384 2734 3440 αὖτὸν
2806 3385 3114 3462 τηρεῖσθαι,
3189 3389 3283 3440 τοῦ
3351 3385 3596 3461 βήματος

215 3465 470 3532 ἐξανέστη
482 3514 497 3529 .

299 3555 418 3647 ιε’.
479 3559 550 3647 Οἱ,
587 3556 643 3613 δὲ
695 3565 1033 3638 στρατιῶται,
1096 3563 1274 3643 βραχύ
1321 3585 1370 3620 τι
1421 3567 1512 3622 τὸν
1559 3568 1710 3647 ἆίγιον
1761 3570 1862 3646 ἐμ-

215 3646 450 3705 πνέοντα
543 3646 618 3704 ἔτι
709 3648 1098 3730 ἀπαγαγόντες,
1187 3660 1256 3729 τῇ
1347 3656 1556 3732 φυλακῆ
1612 3646 1865 3738 γπροσρί-

217 3750 433 3798 mat.
516 3739 734 3816 Νύκτωρ
802 3738 854 3794 δὲ
929 3740 1054 3816 περί
1125 3744 1308 3818 τρίτην
1376 3743 1517 3824 ὥραν
1589 3748 1866 3824 ἀστραπῆς

217 3827 405 3903 ὥσπερ
463 3826 882 3905 περιλαμψάσης
940 3831 1001 3885 τὸ
1057 3828 1440 3910 δεσμωτήριον,
1503 3835 1775 3914 ἐφίσταται
1840 3842 1867 3896 6

221 3917 560 4006 Χριστὸς-τῷ
587 3917 739 3991 τόπῳ
767 3919 851 3997 ἐφ’
881 3921 942 3974 οὗ
969 3921 997 3975 6
1027 3919 1177 3996 ἅγιος
1240 3920 1468 4000 ἕρῥιπτο,
1530 3929 1636 3983 Καὶ
1686 3933 1870 4006 πρῶτα

222 4003 321 4076 μὲν
413 4004 632 4093 θίιρσους
723 4006 882 4063 αὐτὸν
976 4007 1273 4082 ἐμπίπλησι
1373 4014 1460 4068 καὶ
1555 4003 1866 4093 προθυμίας’

209 4093 398 4149 ἔπειτα
452 4090 509 4148 δὲ
559 4099 660 4160 τῆν
717 4094 966 4173 γλῶσσάν
1020 4118 1076 4153 τε
1133 4101 1221 4156 καὶ
1277 4102 1400 4165 τοὺς
1451 4090 1746 4182 ὀφθαλμούς
1805 4107 1866 4162 τὸ

212 4182 471 4260 φύτερον
528 4182 875 4248 ἀναπλάττει,
929 4186 1182 4263 Ὕγιάσας
1255 4187 1310 4244 δὲ
1365 4193 1459 4247 καὶ
1518 4195 1640 4254 τοὺς
1671 4192 1859 4270 πόδας,

214 4273 303 4327 καὶ
401 4270 588 4335 ἁπλῶς
683 4274 843 4331 οἱονεὶ
938 4279 1228 4345 τεθνηκότα
1322 4279 1447 4337 ὅλον
1515 4282 1856 4357 ἀναζωῶσας,

224 4384 254 4415 α
298 4363 604 4441 Πρόσσχες,
641 4386 669 4417 ιο
708 4363 806 4443 ἔφη
837 4367 968 4443 πρὸς
994 4366 1176 4446 αὐτὸν,
1221 4389 1250 4422 α
1282 4369 1328 4424 ὦ
1371 4376 1544 4436 Μηνᾶ.
1583 4371 1727 4450 Ἐγὼ
1755 4376 1860 4447 εἰμι

221 4473 249 4503 ι
297 4451 504 4519 ἰησώς
559 4454 588 4507 ὁ
647 4456 901 4534 Χριστὸς,
961 4451 1030 4510 δι’
1089 4457 1146 4511 ὃν
1206 4459 1362 4520 αὒτὸς
1421 4458 1708 4534 πέπονθας,
1769 4462 1863 4519 οὐκ

2029 3566 2161 3632 XV.
2196 3563 2416 3627 Milites
2444 3580 2582 3624 vero
2614 3570 2882 3624 sanctum
2908 3561 3100 3622 adhuc
3134 3561 3434 3622 modicum
3467 3562 3598 3641 spi-

1950 3667 2180 3718 rantem
2203 3653 2522 3726 abducunt,
2551 3661 2610 3712 et
2633 3652 2956 3730 conjiciunt
2973 3650 3034 3710 in
3058 3667 3385 3712 carcerem.
3413 3649 3599 3712 Noctu

1951 3755 2148 3806 autem
2182 3745 2328 3804 hora
2364 3741 2604 3803 circiter
2637 3741 2833 3810 tertia,
2865 3757 2995 3800 cum
3041 3739 3204 3818 quasi
3238 3739 3430 3817 fulgur
3458 3740 3596 3801 illu-

1950 3842 2197 3896 strasset
2226 3848 2554 3906 carcerem,
2604 3829 2835 3890 accedit
2881 3828 3147 3889 Christus
3176 3827 3250 3888 ad
3285 3828 3504 3902 locum,
3539 3829 3602 3890 in

1955 3943 2071 4006 quo
2099 3922 2398 4003 projectus
2447 3919 2638 3981 fuerat
2684 3927 2949 3992 sanctus,
2983 3926 3040 3978 et
3071 3918 3326 3998 primum
3359 3917 3600 3999 quidem

1953 4033 2089 4076 eum
2123 4010 2382 4090 complet
2411 4009 2628 4071 ﬁducia
2678 4018 2736 4070 et
2784 4007 2968 4068 animi
3000 4006 3327 4080 alacritate,
3385 4007 3608 4070 deinde

1953 4103 2216 4182 linguam
2248 4117 2484 4180 quoque
2541 4112 2603 4160 et
2659 4097 2864 4158 oculos
2921 4096 3230 4176 reformat,
3299 4105 3364 4159 ut
3419 4097 3589 4175 prius

1948 4193 2180 4256 Deinde
2209 4207 2343 4251 cum
2381 4189 2562 4266 pedes
2604 4206 2840 4268 quoque
2884 4195 3175 4259 sanasset,
3228 4197 3286 4248 et
3313 4196 3378 4247 ut
3406 4186 3593 4248 semel

1945 4283 2162 4355 dicam,
2217 4297 2354 4340 eum
2396 4277 2572 4339 veluti
2620 4286 2916 4337 mortuum
2951 4284 3141 4336 totum
3174 4274 3370 4336 denuo
3403 4275 3594 4336 viviﬁ-

1945 4381 2176 4432 casset:
2231 4368 2512 4433 Attende.
2549 4366 2764 4446 inquit,
2821 4365 2928 4424 tibi
2977 4364 3115 4444 ipsi,
3169 4383 3203 4425 ο
3250 4365 3439 4427 Mena.
3477 4364 3594 4444 Ego

1947 4462 2130 4537 enim,
2166 4459 2380 4539 inquit,
2414 4476 2542 4518 sum
2578 4458 2746 4518 Jcsus
2776 4453 3066 4530 Christus,
3121 4463 3364 4534 propter
3413 4473 3597 4536 quem

233 4562 257 4595 ε
298 4539 802 4616 ἀπολιμπανόμενός
859 4565 953 4602 σου
1005 4545 1094 4601 καὶ
1149 4546 1428 4626 πρότερον,
1491 4547 1604 4605 ούδὲ
1658 4551 1860 4630 μακράν

1951 4569 2014 4611 es
2042 4567 2272 4630 passus,
2303 4547 2406 4628 qui
2436 4563 2631 4626 neque
2664 4545 2829 4626 prius
2884 4562 2919 4606 τι
2980 4552 3034 4604 te
3087 4543 3352 4618 aberam,
3408 4561 3602 4620 neque

235 4653 264 4683 ι
308 4652 404 4687 που
430 4632 537 4687 τῶν
584 4630 808 4708 ἀγώνων
864 4634 1144 4714 ὑπάρχων,
1207 4635 1328 4692 ἀλλ’
1386 4637 1664 4714 ἀναμένων
1719 4664 1861 4718 γνω-

230 4739 262 4779 (
303 4720 693 4810 σθῆναίσούγτὸ
744 4723 862 4798 περὶ
904 4723 1006 4810 ἐμὲ
1063 4723 1280 4804 φιλτρον
1337 4727 1436 4782 καΐ
1489 4740 1610 4793 ταῖς
1666 4730 1868 4810 ἀρχαῖς

235 4832 260 4862 ε
304 4811 392 4864 καὶ
433 4821 558 4872 ταῖς
591 4809 865 4874 ἐξουσίαις.
901 4809 1048 4869 Ἐπεὶ
1090 4815 1177 4871 οὖν
1229 4815 1512 4894 ἔγνωσται,
1571 4821 1632 4876 τὸ
1688 4809 1874 4877 λοιπὸν

1951 4639 2127 4719 longe
2158 4656 2322 4699 eram
2355 4655 2388 4697 a
2416 4636 2538 4697 tuis
2557 4633 3010 4714 certaminibus,
3039 4632 3145 4694 sed
3164 4634 3602 4713 exspectabam,

1954 4739 2022 4790 ut
2051 4739 2187 4790 tuus
2209 4727 2270 4789 in
2297 4746 2390 4788 me
2411 4743 2578 4786 amor
2607 4732 3074 4802 cognosceretur
3101 4742 3134 4784 a
3163 4723 3606 4802 magistratibus

1957 4827 2016 4880 et
2049 4816 2458 4899 potestatibus.
2506 4814 2799 4887 Quoniam
2831 4822 3028 4874 autem
3074 4819 3163 4873 est
3204 4815 3496 4890 cognitus,
3533 4812 3608 4875 de

235 4922 259 4952 ι
307 4898 498 4972 ἔσομαι
570 4901 706 4971 μετὰ
775 4907 868 4958 σοῦ
950 4904 1176 4982 φανεράς
1246 4926 1328 4961 σοι
1398 4908 1491 4972 τὰς
1563 4907 1860 4986 ἀντιλήψεις

1959 4898 2174 4970 caetero
2203 4927 2306 4969 ero
2340 4919 2562 4979 tecum,
2588 4911 2795 4984 aperte
2827 4913 2882 4964 te
2913 4902 3263 4964 defendens.
3287 4902 3612 4980 Hermoge-

238 5012 265 5044 ι
310 4989 650 5077 ποιούμενος.
711 4990 1040 5070 Ἑρμογένην
1099 4989 1153 5048 δὲ
1210 4995 1301 5050 τόν
1361 4994 1623 5077 ἔπαρχον,
1688 5000 1747 5062 ὃς
1802 5005 1879 5075 τῷ

240 5101 262 5134 ε
313 5079 428 5150 ἐιιῷ
457 5076 775 5157 χαλεπαίνει
805 5081 1051 5156 δνόματι,
1099 5081 1270 5160 οὔριον
1323 5086 1424 5159 μὲν
1479 5076 1662 5154 ἱκέτην
1719 5086 1879 5162 ἕξεις,

239 5191 261 5224 ε
308 5167 430 5244 μετ’
467 5166 648 5246 ὀλίγον
677 5166 732 5224 δὲ
761 5170 846 5226 κάἰ
905 5171 1263 5252 ωνὰθλητὶδν,
1293 5177 1366 5238 ὡς
1397 5175 1490 5231 καί
1557 5179 1634 5233 σοὶ
1691 5177 1876 5252 δῆλον,

236 5279 260 5312 ι
305 5260 396 5314 καὶ
456 5257 590 5336 ὑπὲρ
641 5257 772 5333 ἐμοῦ
827 5263 1295 5340 συμμαρωροῦντά
1366 5287 1475 5338 σοι,
1537 5268 1626 5322 καὶ
1681 5267 1877 5340 προθύ-

229 5369 252 5403 ε
303 5369 422 5423 μως
471 5346 864 5427 συμπάσχοντα
920 5351 1008 5406 καὶ
1066 5356 1578 5433 συστεφανούμενον,
1645 5354 1882 5422 Ἀνοίξιον

232 5461 257 5493 ι
301 5439 408 5516 γὰρ
433 5442 536 5504 τῆς
583 5439 694 5512 ἐμῆ
747 5437 1140 5518 φιλανθρωπίας
1198 5441 1410 5519 ἀγνοίας
1467 5443 1623 5502 ἕνεκα
1677 5447 1774 5514 τὴν
1829 5445 1881 5502 ἐν

238 5551 265 5583 ε
307 5527 506 5605 γνώσει
561 5528 910 5607 χρηστότητα
969 5533 1059 5587 καὶ
1113 5531 1458 5612 ἀγαθοεργίαν
1516 5534 1674 5592 αύτοῦ
1705 5554 1883 5611 παρα-

1963 5017 2097 5060 nem
2125 5003 2324 5059 autem
2363 4994 2726 5076 praefectum,
2762 4992 2860 5071 qui
2893 5010 3026 5052 meo
3079 4999 3168 5051 est
3214 4990 3466 5052 infestus
3497 5009 3610 5051 no-

1962 5088 2130 5161 mini,
2183 5103 2315 5147 cras
2345 5084 2584 5165 quidem
2619 5080 2872 5142 habebis
2897 5079 3252 5159 suppticem,
3281 5079 3459 5158 paulo
3483 5087 3614 5159 post

1963 5177 2139 5238 etiam
2175 5175 2402 5237 socium
2436 5170 2807 5249 certaminis,
2841 5177 2904 5230 ut
2935 5169 3042 5229 tibi
3066 5169 3183 5231 erit
3205 5169 3610 5250 manifestum,

1963 5273 2021 5325 et
2075 5263 2175 5345 qui
2235 5279 2340 5344 pro
2407 5279 2503 5322 me
2555 5277 2673 5320 una
2719 5267 2915 5318 tecum
2975 5256 3127 5319 feret
3183 5259 3612 5338 testimonium,

1966 5359 2364 5435 promptoque
2395 5358 2454 5412 et
2489 5349 2674 5411 alacri
2730 5348 2932 5410 animo
2990 5356 3186 5410 tecum
3249 5348 3526 5430 patietur,
3559 5357 3619 5412 et

1966 5443 2143 5504 simul
2173 5441 2577 5504 coronabitur.
2611 5437 2714 5500 Est
2745 5438 2906 5499 enim
2948 5456 3078 5499 mea
3127 5438 3436 5517 indignum
3487 5440 3614 5503 cle-

1969 5530 2216 5612 mentia,
2249 5538 2495 5612 propter
2524 5529 2983 5610 ignorationem,
3017 5528 3146 5608 ejus
3174 5529 3236 5590 in
3279 5530 3618 5609 cognitione

245 5646 271 5677 ι
317 5615 564 5698 δραμεῖν.
602 5640 631 5676 a
722 5623 898 5678 Ταῦτα
983 5620 1170 5700 εἰπὼν,
1264 5625 1356 5679 καὶ
1450 5627 1665 5704 Πνευμα
1734 5619 1860 5705 lii-{to

1968 5621 2324 5698 bonitatem,
2359 5631 2425 5685 et
2454 5618 2750 5683 bonorum
2781 5634 3029 5698 Operum
3059 5615 3432 5684 affectionem
3473 5636 3619 5702 pm-
