3992 6134
479 257 593 326 387

479 479 790 558 Spiritum,
827 497 961 540 eum
993 479 1186 559 replet
1218 480 1381 540 omni
1415 480 1638 544 lzetitia.

555 569 704 634 XVI.
780 571 1100 632 Praefectus
1157 580 1351 632 autem
1409 573 1689 652 quoniam
1753 581 1813 634 et
1845 575 1968 654 ipse
2000 584 2128 636 erat

477 660 678 722 solerti
703 661 968 739 ingenio,
998 670 1055 722 et
1086 661 1171 721 vir
1223 663 1436 740 bonus,
1471 671 1528 722 et
1581 662 1821 724 beatum
1881 663 2122 741 quidem

478 753 708 812 Menam
741 750 966 811 sciebat
997 769 1130 812 esse
1155 764 1213 812 et.
1246 749 1512 826 doctum,
1558 761 1616 812 et
1644 769 1864 830 genere
1895 754 2120 816 clarum

478 849 534 900 et
565 857 633 900 ex
666 840 873 900 eadem
910 848 1196 919 praeterea
1248 848 1437 902 ortum
1476 840 1681 918 patria,
1722 842 1914 902 media
1947 851 2122 903 nocte

475 947 608 990 cum
641 947 918 989 somnum
951 929 1332 1009 excussisset,
1357 929 1507 990 etab
1541 929 1650 1008 ira,
1685 949 1817 1010 qua:
1845 931 2122 993 tenebras

479 1017 752 1091 oﬂ'undit,
809 1015 882 1078 ad
944 1035 1008 1078 se
1063 1016 1360 1088 rediisset,
1412 1024 1472 1078 et
1516 1018 1714 1078 animo
1763 1028 2118 1098 reputasset,

477 1105 672 1186 qualia
701 1105 942 1185 quidem
974 1114 1177 1166 sancto
1220 1107 1406 1167 Mente
1455 1106 1751 1168 intulisset
1807 1109 2116 1187 supplicia,

475 1201 752 1274 quantam
825 1213 962 1256 vero
1034 1196 1162 1274 ipse
1233 1204 1437 1256 contra
1508 1196 1801 1257 attulisset
1879 1197 2118 1258 fortitu-

477 1283 678 1345 dinem
713 1291 770 1344 et
797 1284 982 1344 animi
1033 1283 1450 1352 constantiam,
1510 1284 1656 1344 nihil
1717 1285 1878 1360 quod
1931 1286 2117 1365 pusil-

477 1373 596 1434 lum
629 1383 690 1434 et
715 1374 1012 1454 abjectum
1049 1373 1392 1436 ostenderet
1433 1373 1724 1449 animum,
1753 1385 1852 1436 aut
1885 1393 2114 1454 passus,

474 1470 574 1524 aut
600 1462 869 1523 locutus:
905 1463 1150 1538 etquod
1185 1462 1236 1522 is
1269 1462 1564 1542 periisset,
1601 1465 1768 1543 cujus
1807 1464 2119 1544 sapientia;

473 1560 531 1612 et
560 1550 757 1611 studio
787 1563 927 1612 sunt
953 1570 1162 1613 omnes
1210 1553 1526 1613 inferiores
1587 1552 1750 1633 (eum
1804 1555 1963 1616 enim
1993 1554 2115 1632 jam

471 1639 843 1702 existimabat
873 1653 1195 1714 mortuum,
1236 1643 1422 1722 utqui
1458 1641 1530 1702 ad
1564 1651 1722 1702 tanta
1769 1661 1885 1704 non
1931 1642 2115 1703 suﬂ‘e-

471 1731 650 1791 cisset
671 1729 1012 1810 supplicia),
1049 1741 1106 1791 et
1141 1730 1400 1810 seipsum
1435 1731 1748 1805 damnans,
1786 1732 1943 1811 quod
1997 1750 2110 1792 non

2203 1733 2502 1799 κολακείαις
2590 1735 2794 1810 μᾶλλον
2881 1743 3062 1802 Μηνᾶν
3145 1736 3474 1814 ὑπηγάγετο,

473 1819 779 1882 blanditiis
801 1839 934 1880 eum
963 1823 1156 1900 potius
1187 1821 1490 1882 induxerit
1521 1823 1699 1900 (bene
1730 1822 1891 1881 enim
1919 1830 2115 1881 actum

474 1918 652 1983 esset,
687 1909 737 1968 si
770 1911 857 1969 vel
891 1909 977 1969 sic
1026 1927 1160 1970 eum
1211 1910 1518 1989 cepisset),
1572 1910 1773 1970 oculos
1833 1911 2119 1970 suil‘undit

469 1997 766 2078 lacrymis,
823 2006 882 2058 et
937 1998 1207 2078 deplorat
1256 1999 1574 2078 jacturam.
1647 2000 1918 2062 Decrevit
1975 2018 2117 2077 ergo

473 2086 654 2148 veluti
698 2085 806 2147 viri
838 2097 1054 2148 tantam
1086 2088 1377 2149 reveritus
1428 2088 1725 2162 virtutem,
1775 2108 1907 2150 cum
1947 2108 2119 2151 mane

474 2177 859 2251 surrexisset,
920 2176 1081 2238 illius
1126 2195 1344 2258 corpus
1395 2178 1636 2258 publice
1679 2179 2000 2252 honorare,
2053 2186 2120 2240 ut

471 2273 734 2329 mortuos
766 2267 1080 2346 honorant,
1113 2265 1214 2344 qui
1245 2280 1381 2327 sunt
1441 2267 1528 2328 eis
1585 2267 1838 2347 proximi
1870 2286 2116 2345 genere,

476 2364 533 2415 et
562 2356 649 2417 sic
681 2357 917 2437 martyri
952 2374 1057 2435 pro
1085 2355 1328 2435 injuria,
1362 2376 1537 2436 quam
1573 2356 1628 2418 ei
1668 2358 1912 2436 iecerat,
1944 2359 2118 2418 satis-

470 2444 694 2507 facere.
726 2442 867 2507 Orto
897 2453 1092 2506 autem
1118 2446 1241 2524 jam
1276 2446 1394 2508 die.
1434 2447 1716 2522 quoniam
1767 2454 1894 2508 erat
1946 2448 2115 2507 thea-

471 2541 624 2595 trum
659 2535 900 2616 plenum
932 2534 1354 2596 Alexandrinis
1381 2535 1768 2611 (fueratenim
1802 2553 2118 2614 congrega-

467 2632 592 2686 tum
627 2642 659 2684 a
694 2624 1091 2701 praeconibus,
1129 2643 1264 2684 cum
1305 2624 1392 2684 sic
1426 2624 1711 2702 jussisset
1760 2624 2114 2704 praefectus),

469 2712 797 2792 praesidens
816 2713 966 2790 ipse,
985 2712 1165 2791 jussit
1188 2711 1444 2773 maximo
1467 2713 1696 2774 honore
1718 2731 1751 2774 e
1777 2729 2018 2775 carcere
2043 2713 2116 2775 ad

463 2800 723 2863 tribunal
753 2800 976 2863 deferri
1007 2819 1224 2881 corpus
1256 2801 1551 2882 martyris.

540 2977 722 3042 XVII.
783 2978 930 3042 Cum
989 2997 1128 3042 vero
1181 2981 1285 3060 qui
1357 2979 1522 3043 missi
1592 2991 1781 3055 erant,
1853 2979 2110 3060 ingressi

460 3069 713 3131 fuissent
741 3087 1068 3145 carcerem,
1095 3069 1371 3131 viderunt
1399 3071 1777 3146 miraculum,
1803 3071 1956 3150 quod
1985 3077 2112 3131 erat

463 3159 736 3238 superius
793 3157 1025 3220 ratione
1081 3167 1142 3221 et
1212 3161 1611 3238 cogitatione:
1662 3160 1797 3221 luce
1867 3157 2109 3239 quidem

463 3249 730 3330 plenum,
763 3247 1084 3310 obscurum
1119 3247 1660 3328 alioquicarcerem
1699 3271 1710 3310 :
1739 3248 1888 3310 duos
1909 3259 2108 3310 autem

464 3339 638 3412 viros,
677 3355 928 3416 quorum
961 3338 1155 3398 forma
1188 3356 1303 3398 non
1339 3345 1528 3417 potest
1574 3338 1770 3398 verbis
1823 3339 2102 3419 exprimi,

458 3428 564 3504 qui
613 3427 979 3489 assistebant
1036 3426 1273 3507 quidem
1351 3436 1626 3506 tanquam
1687 3427 1994 3501 satellites,
2048 3435 2110 3488 ut

459 3518 678 3579 milites
709 3535 848 3580 vero
882 3529 1050 3578 erant
1083 3523 1261 3595 parati
1296 3518 1366 3577 ad
1401 3516 1844 3578 defendendum
1879 3540 1890 3575 :
1945 3536 2104 3579 mar-

459 3615 642 3688 tyrem
677 3618 872 3670 autem
910 3627 1026 3667 non
1057 3607 1249 3668 solum
1298 3607 1513 3682 vivum,
1566 3614 1625 3668 et
1655 3617 2105 3668 conservantem

460 3696 704 3758 illaesam
738 3702 1006 3776 corporis
1040 3696 1462 3774 integritatem,
1516 3696 1621 3757 sed
1665 3696 1894 3776 placide
1927 3696 2102 3756 etiam

460 3791 818 3858 intuentem,
880 3792 937 3844 et
986 3783 1248 3862 linguam
1309 3793 1672 3854 moventem,
1733 3793 1790 3845 et
1843 3783 2106 3860 jucunde

461 3875 810 3952 psallentem
844 3894 857 3935 :
898 3898 924 3927 τι
953 3874 1094 3933 Nam
1123 3872 1230 3934 etsi
1259 3873 1636 3934 ambulavero
1663 3873 1722 3933 in
1749 3873 1944 3933 medio
1970 3892 2105 3932 um-

458 3961 581 4022 brae
604 3964 832 4032 mortis,
859 3981 976 4022 non
1003 3961 1220 4023 timebo
1251 3963 1437 4023 mala:
1467 3961 1750 4042 quoniam
1785 3971 1840 4021 tu
1870 3981 2103 4022 mecum

461 4068 549 4126 es,
569 4051 816 4112 Domine
836 4052 900 4112 ὃς
935 4073 957 4106 υ
987 4050 1259 4129 protinus
1283 4069 1420 4129 ergo
1446 4051 1669 4112 visione
1685 4049 2100 4130 obstupefacti,

456 4149 682 4200 stetere
714 4141 876 4200 muti.
911 4140 1058 4202 Cum
1087 4139 1254 4200 brevi
1285 4151 1480 4201 autem
1508 4141 1952 4220 perspexissent
1983 4159 2100 4201 non

455 4247 589 4290 esse
635 4230 901 4291 fraudem
950 4239 1007 4290 et
1053 4229 1349 4291 somnium
1401 4247 1470 4290 ea
1502 4247 1632 4309 quae
1661 4229 1960 4308 videntur,
1995 4229 2102 4291 sed

455 4319 707 4398 vigiliam
740 4328 798 4380 et
825 4317 1156 4391 veritatem,
1191 4329 1246 4379 et
1275 4318 1531 4378 divinam
1580 4317 1896 4396 quamdam
1932 4327 2101 4396 pote-

1786 260 2066 322 MENSIS
2106 260 2535 324 DECEMBER.

478 389 681 452 terire.
715 389 858 452 Haec
895 407 1026 452 cum
1070 389 1336 464 dixisset,
1370 395 1432 452 et
1462 398 1729 452 sanctum
1777 392 1832 454 ei
1862 393 2177 456 aﬂlassetA
2201 397 2496 472 ἐμπνεύσας

3710 263 3816 332 388

3583 401 3816 482 εὐφροσύ-

2703 405 2728 416 ν

2597 399 2761 479 αιῖιτῷ,
2862 399 3040 465 πάσης
3155 399 3477 474 ἐμπίπλησιν

2206 511 2329 555 νης.

2289 576 2410 650 ις’.
2472 580 2531 635 Ὃ
2589 579 2642 634 δὲ
2695 577 2960 656 ἔπαρχος,
3006 580 3120 635 επεὶ
3173 579 3326 641 αὐτός
3375 599 3431 634 τε
3481 580 3545 647 ἦν
3587 581 3817 660 ἀγχίνους

2206 664 2438 739 μάλιστα
2483 667 2570 723 καὶ
2618 669 2880 746 χρηστός,
2934 668 3029 723 καὶ
3089 669 3176 724 τὸν
3235 668 3488 741 μακάριον
3543 667 3653 744 ᾔδει
3710 677 3820 736 Μη-

2206 761 2298 809 νᾶν
2348 757 2509 834 σοφόν
2558 778 2615 812 τε
2668 756 2812 812 εἶναι
2866 757 2958 811 καί
3019 758 3116 824 τὴν
3171 757 3342 836 τύχην
3399 762 3675 837 περιφανῆ,
3706 761 3821 836 πρὸς

2205 843 2281 900 ἔτι
2340 844 2393 900 δὲ
2450 848 2538 903 καὶ
2566 844 2812 922 πατρίδος
2871 845 3180 923 ὁρμώμενον
3244 851 3339 913 τῆς
3405 847 3588 921 αὐτῆς,
3661 847 3821 921 μέσων

2205 941 2404 990 νυκτῶν
2463 937 2580 998 τοὺς
2638 936 2828 998 ὕπνους
2885 935 3346 1013 ἀποτριψάμενος,
3419 938 3504 991 καὶ
3561 942 3648 992 τοῦ
3712 936 3821 992 ἐπι-

2204 1035 2516 1088 σκοτοῦντος
2573 1023 2847 1099 ἀνανήψας
2903 1029 3087 1099 θυμοό,
3148 1027 3236 1080 καὶ
3296 1023 3665 1102 λογισάμενος,
3714 1025 3821 1088 σίας

2204 1111 2302 1185 μὲν
2334 1111 2490 1174 αὐτὸς
2522 1115 2602 1171 τὼ
2633 1113 2767 1190 ἁγίῳ
2795 1114 3051 1191 τιμωρίας
3099 1115 3414 1191 ἐπήνεγκεν,
3465 1117 3578 1169 οἷον
3629 1110 3679 1167 δὲ
3707 1115 3822 1188 πρὸς

2204 1201 2394 1265 ταύτας
2454 1202 2660 1266 ἐκεῖνος
2719 1203 3000 1276 ἀνάστημα
3052 1207 3235 1282 ψυχῇς
3273 1202 3368 1258 καί
3421 1202 3683 1280 καρτερίαν
3723 1204 3823 1257 εἷσ-

2203 1290 2450 1366 ήνεγκεν,
2507 1290 2652 1349 οὐδὲν
2709 1293 3068 1370 μικρόψδχον,
3135 1291 3277 1350 οὐδὲν
3341 1291 3522 1368 ἀγενὲς
3580 1289 3613 1357 ἤ
3659 1293 3822 1347 παθὼν

2203 1377 2238 1444 ἧ
2294 1378 2673 1460 φθεγξάμενος,
2735 1382 2823 1436 καὶ
2873 1381 3121 1438 ἀπώλετο
3181 1381 3332 1458 ἀνὴρ,
3399 1383 3456 1436 οὗ
3509 1380 3688 1444 πάντες
3732 1379 3822 1446 ἧτ-

2200 1489 2348 1529 τονες
2409 1474 2507 1535 τῆς
2567 1470 2753 1548 σοφίας
2807 1472 2893 1526 καὶ
2947 1471 3040 1537 τῆς
3100 1469 3272 1536 ἄλλης
3334 1467 3566 1535 σπουδῆς
3636 1469 3822 1547 (νεκρὸν

2199 1557 2297 1633 γὰρ
2328 1555 2430 1622 ἤδη
2489 1559 2646 1614 αὐτὸν
2705 1557 3046 1625 ὑπελάμϐανε
3102 1561 3235 1634 πρὸς
3273 1559 3518 1619 τοιαύτας
3569 1558 3642 1632 μὴ
3689 1556 3824 1634 διαρ-

2204 1647 2427 1701 κέσαντα
2483 1647 2788 1726 τιμωρίας),
2855 1651 2942 1704 καὶ
2997 1648 3289 1725 καταγνοὺς
3359 1646 3564 1726 ἑαυτοῦ,
3629 1646 3706 1700 ὅτι
3755 1647 3822 1720 μὴ

3564 1735 3824 1812 ἀγαπητὸν

2201 1826 2299 1899 γὰρ
2346 1827 2432 1880 καὶ
2492 1825 2657 1887 οὕτως
2740 1824 2898 1902 ἄνδρα
2962 1829 3208 1882 τοσοῦτον
3268 1825 3432 1902 ἐλεϊν,
3497 1822 3721 1902 δακρύων
3772 1844 3823 1878 τε

2202 1913 2492 1989 πληροῦταί
2555 1914 2676 1978 τοὺς
2706 1913 3031 1993 ὀφθαλμοὺς,
3093 1915 3186 1970 καῖ
3240 1920 3340 1980 τῆς
3398 1915 3591 1988 ζημίας
3621 1912 3820 1968 ἐπέστε-

2203 2023 2286 2058 νεν
2361 2003 2564 2061 ἑαυτόν.
2638 2001 2882 2080 ”Εκρινεν
2956 2007 3068 2076 οὖν,
3128 2003 3308 2080 ὥσπερ
3366 2001 3682 2066 δυσωπηθεὶς
3736 2001 3820 2066 τὴν

2203 2091 2464 2157 τοσαύτην
2494 2099 2585 2148 τοῦ
2627 2090 2806 2168 ἀνδρὸς
2864 2093 3079 2170 ἀρετὴν,
3134 2091 3296 2147 ἕωθεν
3356 2091 3608 2163 ἀναστὰς,
3661 2087 3818 2162 δημο-

2202 2179 2286 2252 σίᾳ
2319 2180 2535 2255 τιμῆσαι
2569 2183 2660 2237 τὸν
2714 2181 2911 2238 ἐκείνου
2949 2184 3154 2260 νεκρὸν,
3191 2181 3318 2239 ,ὅσα
3376 2177 3444 2247 δὴ
3497 2181 3583 2235 καὶ
3637 2183 3817 2252 τιμῶσι

2202 2274 2322 2329 τους
2382 2269 2656 2344 κειμένους
2717 2273 2932 2349 νεκροὺς
2989 2274 3034 2326 ὁὶ
3084 2273 3476 2348 προσήκοντες,
3533 2271 3616 2324 καὶ
3672 2267 3816 2330 οὕτως

2202 2357 2637 2435 ἀπολογήσασθαι
2699 2363 2776 2432 τῷ
2833 2362 3053 2439 μάρτυρι
3111 2359 3176 2416 τά
3207 2359 3307 2427 τῆς
3338 2357 3551 2432 ὕϐρεως.
3611 2356 3817 2430 Ἡμέρας

2202 2444 2255 2500 δὲ
2317 2445 2419 2513 ἤδη
2478 2449 2793 2526 γενομένης,
2853 2451 2965 2506 ἐπεὶ
3037 2450 3254 2524 μεστὸν,
3331 2448 3396 2516 ἦν
3468 2443 3814 2522 Ἀλεξανδρέων

2200 2537 2262 2591 τὸ
2319 2535 2533 2612 θέατρον
2595 2536 2862 2616 (ἤθροιστο
2918 2540 3017 2616 γὰρ
3074 2539 3216 2616 παρὰ
3272 2545 3383 2594 τῶν
3426 2538 3655 2613 κηρύκων
3697 2533 3814 2590 οὕτω

2201 2626 2470 2702 προσαγὲν
2537 2628 2678 2702 παρὰ
2748 2636 2840 2684 τοῦ
2911 2627 3205 2707 ἐπάρχου),
3282 2627 3598 2704 προκαθίσας
3661 2623 3812 2694 αὒτὸς,

2201 2712 2443 2771 ἐκέλευσε
2503 2721 2635 2791 τιμῇ
2704 2715 2882 2792 πολλῇ
2952 2718 3095 2794 παρὰ
3163 2718 3226 2772 τὸ
3301 2717 3453 2792 βῆμα
3516 2717 3810 2791 στρατιωτῶν

2197 2803 2353 2883 χερσὶ
2421 2805 2517 2873 τῆς
2592 2806 2802 2883 εἱρκτῆς
2877 2809 3342 2881 μετακομισθῆναι
3416 2807 3475 2860 τὸ
3538 2808 3670 2878 σῶμα
3726 2805 3804 2856 τοῦ

2194 2892 2460 2971 μάρτυρος
2470 2943 2484 2956 ,

2276 2971 2378 3044 1Ζ’.
2438 2983 2531 3045 Ὠς
2590 2981 2644 3039 δὲ
2723 2983 2869 3046 ἐντὸς
2945 2988 3040 3050 ’τῆς
3098 2982 3344 3062 φυλακῆς
3413 2998 3459 3040 0t
3524 2977 3804 3058 πεμφθέντες

2193 3070 2455 3148 ἐγένοντο,
2512 3076 2683 3147 θαῦμα
2738 3071 2884 3130 εἶδον
2915 3086 3158 3149 κρεῖττον
3220 3072 3420 3152 λόγου,
3477 3073 3560 3128 καὶ
3587 3067 3803 3127 διανοίας·

2193 3161 2371 3238 φωτὸς
2431 3161 2530 3236 μὲν
2591 3161 2768 3241 κλήρη
2825 3165 2922 3229 τὴν
2981 3160 3333 3241 ἐζοφωμένην
3386 3161 3608 3238 εἱρκτὴν,
3648 3155 3809 3232 ἄνδρας

2192 3245 2246 3304 δὲ
2298 3247 2407 3329 δύο,
2465 3252 2564 3317 την
2625 3252 2835 3330 μορφὴν
2893 3249 3175 3328 ἀρρήτους,
3236 3252 3330 3308 καὶ
3389 3255 3460 3314 ὡς
3529 3247 3805 3325 δορυφόρους

2191 3339 2289 3412 μὲν
2345 3341 2792 3417 παρισταμένους,
2867 3342 2940 3404 ὡς
3002 3339 3220 3402 ὁπλίτας
3300 3339 3354 3395 δὲ
3423 3339 3627 3403 ἀμύνειν
3687 3332 3810 3389 ἑτοί-

2192 3449 2320 3502 μους
2355 3447 2368 3461 ⁶
2418 3431 2509 3484 τὸν
2540 3430 2774 3509 μάρτυρα
2835 3429 2887 3484 δὲ
2949 3433 3008 3487 οὗ
3052 3434 3214 3502 μονον
3253 3430 3426 3500 ζῶντα
3464 3429 3545 3484 καὶ
3574 3427 3664 3492 τὴν
3697 3421 3808 3478 ὁλο-

2190 3514 2411 3593 κληρίαν
2441 3525 2532 3574 τοῦ
2593 3517 2838 3592 σώματος
2894 3515 3103 3584 ἀϐλαϐῆ
3153 3517 3533 3595 περισώζοντα,
3588 3511 3712 3568 ἀλλὰ
3740 3510 3812 3564 καὶ

2189 3603 2388 3680 ἥμερόν
2449 3629 2496 3662 τι
2562 3607 2987 3685 προσϐλέποντα,
3046 3608 3134 3664 καὶ
3183 3607 3285 3674 τὴν
3333 3604 3565 3684 γλῶτταν
3595 3608 3806 3660 κινοῦντι

2190 3695 2278 3750 καὶ
2334 3693 2568 3774 φαιδρῶς
2629 3695 2841 3768 ᾄδοντα
2889 3720 2914 3750 σ
2951 3694 3076 3752 Ἐὰν
3139 3697 3225 3751 καὶ
3286 3699 3518 3772 πορευθῶ
3569 3694 3620 3749 ἒν
3681 3689 3808 3764 μέσῳ

2190 3790 2340 3846 σκιᾶς
2395 3786 2637 3856 Θανάτου,
2710 3789 2768 3844 οὗ
2823 3783 3194 3864 φοϐηθήσομαι
3260 3793 3424 3840 κακά’
3483 3781 3562 3839 ὅτι
3614 3781 3670 3835 σὺ
3706 3775 3805 3852 μετ’

2193 3871 2322 3947 ἐμοῦ
2380 3877 2455 3948 εἷ,
2525 3875 2696 3953 Κύριε,
2737 3896 2760 3931 ι)
2827 3871 3256 3950 καταπλαγέντες
3325 3872 3469 3936 εὐῶς
3551 3871 3670 3948 πρὸς
3727 3866 3807 3929 τὴν

2193 3960 2342 4035 ὄψιν,
2403 3961 2635 4029 ἔστησαν
2692 3963 2847 4020 ἐνεοί.
2913 3961 2998 4018 Ἐν
3057 3961 3221 4037 ὀλίγῳ
3279 3963 3334 4018 δὲ
3397 3958 3681 4021 συνιδοντες
3744 3956 3806 4017 ὡς

2195 4054 2288 4108 οὒκ
2319 4050 2498 4117 ἀπάτη
2545 4058 2630 4108 καί
2689 4053 2888 4128 ὄνειρος
2947 4052 3012 4106 τὰ
3071 4051 3341 4127 ὁρώμενα,
3378 4049 3494 4129 ἁλί
3524 4048 3808 4126 ἐγρήγορσις

2193 4141 2280 4196 καὶ
2352 4139 2572 4210 ἀλήθεια
2628 4141 2722 4198 καὶ
2777 4142 2889 4198 θεία
2958 4162 3037 4205 τις
3111 4138 3356 4218 δύναμις,
3423 4135 3806 4216 μεταϐαλόντες,

2186 4228 2415 4296 ἐϐόησαν
2453 4247 2465 4262 ·
2531 4230 2704 4309 Μέγας
2761 4233 2788 4286 ὁ
2867 4230 2996 4292 Sed;
3052 4236 3157 4285 τῶν
3217 4235 3566 4295 Χριστιανῶν.
3637 4224 3808 4281 Αὐτίκα

2185 4325 2309 4396 γοῦν
2361 4319 2426 4374 τά
2476 4341 2532 4374 τε
2596 4320 2952 4397 στρατιωτικὰ
3010 4316 3130 4396 ξίφη
3187 4317 3367 4396 πόρῤω
3421 4313 3804 4383 καταϐαλόντες,

453 4418 691 4481 etatem,
767 4409 969 4468 mutati
1042 4409 1558 4469 exclamaverunt:
1637 4405 1878 4484 Magnus
1948 4406 2105 4469 Deus

2198 4409 2260 4470 εἰς
2295 4405 2440 4465 οὐδὲν
2486 4407 2538 4464 δὲ
2599 4412 2693 4465 καί
2750 4410 2840 4464 τὸν
2896 4406 3196 4464 δικαστικὸν
3257 4407 3466 4464 ἐκεῖνον
3522 4405 3674 4479 θυμὸν
3738 4399 3806 4454 0i-

453 4497 923 4560 Christianorum
965 4497 1230 4576 protinus
1262 4515 1425 4574 ergo,
1460 4497 1659 4576 procul
1701 4496 1950 4575 abjectis
1981 4495 2101 4558 illis

453 4587 700 4648 ensibus
760 4584 1137 4662 militaribus,
1185 4586 1412 4664 judicis
1470 4598 1666 4648 autem
1728 4587 1872 4646 iram
1931 4585 2101 4648 nihili

449 4676 824 4740 facientes,et
840 4675 1124 4755 praesides
1141 4675 1382 4756 quidem
1403 4695 1471 4738 ac
1491 4675 1805 4757 praefectos
1823 4676 2103 4738 damnan-

348 4820 356 4829 .
451 4773 564 4846 tes,
597 4765 951 4826 damnautes
1002 4782 1142 4826 vero
1173 4764 1352 4827 etiam
1399 4765 1597 4845 ipsum
1649 4766 2098 4845 imperatorem,

449 4853 837 4918 crediderunt
865 4855 926 4915 in
957 4854 1279 4933 Christum,
1338 4861 1397 4916 et
1445 4863 1776 4916 statuerunt
1819 4853 2102 4934 deinceps

447 4962 690 5008 manere
713 4944 869 5024 apud
897 4953 1193 5006 sanctum.
1219 4943 1364 5006 Cum
1394 4951 1593 5005 autem
1621 4961 1690 5004 ex
1716 4961 1785 5004 eo
1812 4943 2100 5023 contigis-

447 5045 538 5099 set
563 5035 794 5098 diutius
825 5034 1061 5097 tardare
1097 5033 1338 5115 milites,
1383 5032 1765 5096 desiderabat
1787 5041 1987 5096 autem
2020 5033 2102 5095 ci-

448 5127 593 5188 vitas
660 5124 898 5203 quidem
955 5125 1158 5187 videre
1217 5141 1433 5206 corpus
1483 5121 1788 5185 fortissimi
1836 5123 2098 5200 athleta),

451 5215 653 5278 videre
684 5232 829 5277 vero
860 5215 1064 5295 etiam,
1099 5214 1238 5295 quid
1271 5225 1428 5278 esset
1459 5223 1808 5276 eventurum
1837 5233 1849 5277 :
1911 5212 2101 5276 stabat

454 5304 1068 5383 theatrum,adversus
1096 5303 1288 5382 ipsum
1314 5303 1656 5384 praefectum
1689 5311 1748 5366 et
1781 5303 2103 5368 militesin-

455 5391 707 5472 dignaris
739 5401 797 5456 et
825 5393 1211 5457 tumultuans.
1263 5391 1586 5457 Prafectus
1635 5401 1836 5456 autem
1892 5393 2100 5457 volens

531 5591 564 5642 5
593 5588 751 5654 Psal.
788 5607 930 5669 xm,
957 5591 1022 5658 4.

2185 4519 2361 4573 μενοι,
2423 4500 2511 4554 καὶ
2568 4498 2919 4574 καταγνόντες
2977 4497 3075 4571 μὲν
3137 4497 3236 4554 τῶν
3297 4497 3598 4576 ἀρχόντων,
3649 4509 3800 4545 κατα·

2187 4588 2398 4666 γνόντες
2458 4585 2512 4643 δὲ
2569 4590 2656 4646 καὶ
2709 4595 2803 4645 τοῦ
2858 4585 3119 4663 βασιλέως
3179 4587 3361 4660 αὺτοῦ,
3422 4581 3714 4641 ἐπίστευσάν
3757 4595 3804 4631 τε

2187 4678 2258 4741 εἰς
2294 4678 2542 4756 Χριστὸν,
2605 4679 2691 4734 καὶ
2749 4683 2825 4750 τῷ
2882 4676 3017 4753 ἁγίῳ
3079 4674 3403 4752 παραμένειν
3457 4675 3527 4733 εἰς
3585 4671 3641 4726 τὸ
3700 4665 3805 4756 ἑξῆς

2186 4765 2416 4834 ἔκριναν.
2503 4767 2651 4823 Ἐπεὶ
2721 4764 2775 4822 δὲ
2848 4766 2935 4821 καὶ
3005 4764 3284 4840 ὑστερίζειν
3343 4763 3574 4818 ἐντεῦθεν
3640 4750 3806 4840 συνέϐη

2185 4857 2305 4918 τοὺς
2339 4854 2756 4936 στρατιώτας,ἧ
2816 4852 2870 4909 δὲ
2929 4851 3080 4916 πόλις
3132 4837 3391 4931 Ὕέγλίχετο
3451 4850 3544 4926 μὲν
3587 4845 3708 4904 ἰδεῖν
3733 4837 3810 4897 καὶ

2183 4947 2276 5000 τὸν
2335 4951 2426 5000 τοῦ
2481 4934 2733 5023 ἀριστέως
2796 4944 3000 5022 νεκρὸν,
3061 4940 3192 4999 ἰδεῖν
3250 4939 3303 4996 δὲ
3355 4943 3440 4997 καὶ
3490 4940 3538 4994 τί
3580 4939 3638 4993 τὸ
3688 4934 3809 4988 ἀπο-

2184 5032 2504 5108 ϐησόμενον,
2567 5035 2800 5104 εἱστήκει
2851 5035 2911 5088 τὸ
2967 5029 3206 5110 θέατρον,
3265 5029 3385 5087 κατ’
3451 5033 3602 5087 αὐτοῦ
3652 5025 3806 5079 τετοῦ

2185 5122 2423 5202 ἐπάρχου
2492 5125 2579 5180 καὶ
2633 5125 2740 5180 τῶν
2808 5123 3147 5200 στρατιωτῶν
3193 5119 3499 5199 δυσχερείας
3570 5117 3652 5173 καὶ
3725 5113 3805 5165 θο-

2185 5210 2339 5290 ρύϐου
2398 5215 2618 5288 μεστὸν,
2680 5212 2739 5270 Ὀ
2798 5211 2984 5287 μέντοι
3041 5210 3305 5290 ἔπαρχος,
3379 5207 3680 5288 χαρίσασθαι

2185 5287 2341 5377 δήμῳ
2396 5287 2744 5378 βουλόμενος,
2804 5301 2918 5358 ἐπεὶ
2990 5287 3256 5378 ἔγνω-*τὸ
3291 5287 3299 5289 ἡ
3329 5287 3569 5364 λυπῆσαν
3635 5287 3802 5348 αὐτοὺς

2185 5389 2330 5450 οὖδέν
2401 5391 2574 5472 ἕτερον
2668 5392 2697 5458 ἥ
2775 5392 2870 5459 τὴν
2946 5388 3244 5470 βραδυτῆτα
3314 5386 3418 5444 τῶν
3496 5380 3802 5462 στρατιωτῶν
