4006 6146
237 285 366 353 389
1215 281 1687 348 MARTYRIUM
1730 282 1791 343 S.
1837 281 2073 344 MEN/E
2117 281 2214 342 ET
2247 276 2645 343 SOCIORUM.
3494 274 3612 342 390

237 425 411 496 εἶναι,
473 422 673 501 ἑτέροις
732 421 936 480 πλείοσι
991 425 1090 476 καὶ
1139 418 1566 497 σπουδαιοτέροις
1619 417 1875 494 στρατιώ-

1971 411 2298 492 gratiﬁcari
2327 411 2570 492 populo,
2608 415 2915 489 postquam
2969 410 3240 488 cognovit
3269 408 3417 501 nihil
3447 411 3608 473 aliud

235 525 378 577 ταις·
413 513 514 579 τὴν
565 500 905 586 ἀνακομιδήν
961 515 1055 566 τοῦ
1127 509 1386 586 μάρτυρος
1459 507 1750 583 ἐπιτρέπει,
1825 507 1875 562 Oi

1967 523 2124 577 esse,
2155 503 2313 584 quod
2367 502 2455 563 eis
2503 501 2743 562 aiferret
2802 501 3156 570 molestiam,
3193 500 3308 561 nisi
3357 501 3608 564 militum

234 602 313 681 δὲ,
377 601 492 658 ἐπεὶ
523 603 611 658 οιαὶ
665 601 818 658 αὒτοὶ
875 606 1000 676 πρὸς
1062 599 1158 664 τὴν
1219 595 1453 673 φυλακὴν
1503 596 1875 674 πεφοιτήκασι,

1969 612 2194 655 moram
2210 592 2674 668 diuturniorem,
2702 590 2970 669 pluribus
2987 590 3119 651 aliis
3133 589 3611 669 diligentioribus

229 695 320 747 καὶ
388 694 575 746 θεαταὶ
647 692 858 746 πάντων
926 688 1139 743 ἐκείνων
1194 693 1300 743 τῶν
1374 683 1678 762 παραδόξων
1745 706 1875 740 κατ-

1971 683 2255 743 militibus
2278 683 2474 762 jubet,
2510 689 2570 740 ut
2599 679 2846 741 aﬂ‘erant
2867 689 3210 760 martyrem.
3237 679 3380 742 Cum
3413 690 3610 744 autem

230 784 488 854 ἐστησαν,
548 780 782 848 ἤκουσαν
840 777 889 833 δὲ
955 780 1038 833 καὶ
1096 786 1187 834 τοῦ
1246 778 1504 854 μάρτυρος
1558 775 1875 852 τρανέστατα

1967 771 2054 832 illi
2085 773 2196 851 ipsi
2229 789 2468 851 quoque
2501 769 2802 831 venissent
2827 771 2884 829 in
2907 788 3234 848 carcerem,
3269 779 3327 831 et
3359 770 3492 832 illas
3514 790 3612 833 res

231 868 612 948 διαλεγομένου
666 872 760 925 καὶ
811 869 907 935 τὴν
963 866 1208 944 γλῶττα)
1261 865 1526 945 εὖφραδῶς
1584 871 1874 939 κινοῦντος,

1966 878 2176 920 omnes
2232 859 2519 919 vidissent
2575 858 2984 937 admirabiles,
3038 858 3403 918 audivissent
3473 879 3609 922 vero

239 957 378 1016 εἶδον
434 959 493 1014 δὲ
548 960 634 1014 καὶ
693 958 814 1020 τοὺς
874 958 1206 1033 στρατιώτας
1267 953 1410 1021 αἶ)τῷ
1475 955 1700 1031 (αθάπερ
1763 959 1875 1026 Θεῷ

1966 957 2279 1029 martyrem
2299 949 2676 1028 apertissime
2691 956 2750 1008 et
2771 965 2839 1007 ex
2849 947 3174 1026 pedissime
3190 947 3607 1030 disserentem,

245 1071 338 1104 τινι
386 1046 846 1126 προσανέχοντας,
906 1042 1132 1119 θάμϐους
1189 1043 1511 1111 πλησθέντες
1573 1045 1660 1098 καὶ
1733 1065 1871 1118 παρ-

1966 1047 2016 1097 et
2045 1037 2307 1117 linguam
2335 1039 2557 1098 diserte
2584 1045 2953 1097 moventem:
2993 1036 3476 1097 videruntautem
3504 1039 3614 1100 mi-

253 1125 439 1200 εθέντες
493 1138 683 1213 μιαιροῦ
737 1141 813 1207 τῷ
887 1134 1130 1207 θεαμιτι,
1205 1136 1538 1210 παραχρῆμα
1596 1133 1682 1187 καὶ
1728 1131 1873 1187 αὒτοὶ

1966 1129 2092 1193 lites
2123 1147 2200 1207 qu
2223 1145 2359 1207 ique
2385 1127 2753 1205 ei,tanquam
2782 1128 2900 1188 Deo
2933 1126 3111 1186 alicui
3141 1125 3407 1186 animum
3429 1128 3606 1189 adhi-

246 1225 470 1282 συνεῖδον
519 1225 662 1288 θείας
721 1224 863 1279 εἶναι
919 1224 981 1277 τὸ
1036 1229 1258 1299 πρᾶγμα
1305 1221 1361 1276 δυ
1382 1222 1599 1298 »άμεως,
1636 1220 1870 1286 ἐπέστη-

1966 1218 2194 1294 hentes,
2223 1215 2620 1277 admiratione
2642 1215 2805 1294 pleni
2837 1224 2894 1275 et
2923 1215 3264 1292 Spectacula
3298 1233 3611 1296 propemo-

239 1317 412 1370 σάντε
471 1313 574 1386 ὅλῃ
635 1317 813 1391 ψυχῇ,
875 1308 1040 1386 μηδὲν
1089 1311 1184 1377 τῆς
1235 1312 1475 1388 ἐπάρχου
1504 1310 1871 1387 φροντίσαντες

1966 1306 2098 1366 dum
2125 1306 2400 1378 resoluti,
2429 1305 2536 1384 ipsi
2566 1323 2807 1384 quoque
2830 1305 3026 1366 statim
3055 1316 3460 1383 cognoverunt
3484 1326 3609 1371 rem

239 1403 483 1476 ἓξουσίος,
519 1403 606 1457 καὶ
637 1400 1000 1464 τοῖςλοιποῖς
1034 1402 1446 1475 προσετέθησαν.

1966 1407 2087 1455 esse
2136 1394 2350 1454 divinae
2405 1392 2653 1473 virtutis,
2693 1402 2751 1454 et
2802 1401 2918 1453 toto
2950 1394 3146 1453 animo
3199 1395 3604 1477 crediderunt,

317 1679 410 1733 lli.
467 1665 526 1729 ⁸0
584 1671 733 1748 ἅγιος
793 1670 988 1742 τοίνυν,
1047 1669 1159 1724 ἐπεὶ
1221 1670 1360 1746 παρὰ
1404 1671 1509 1724 τῶν
1544 1672 1884 1744 στρατιωτῶν

236 1764 428 1831 ἠκηόει
462 1764 538 1824 ὡς
587 1767 730 1816 πᾶσα
781 1762 816 1826 ἡ
877 1757 1035 1823 πόλις
1095 1759 1425 1834 παρέστηκεν
1481 1756 1606 1827 ἤδη,
1667 1760 1726 1814 τὸ
1755 1760 1882 1815 θεά-
1908 1795 1944 1845 Β

235 1853 422 1908 σασθαί
481 1872 541 1906 σε
600 1851 716 1927 περὶ
773 1847 972 1905 πολλου
1029 1847 1300 1925 τιθεμένη,
1375 1851 1460 1903 γαὶ
1530 1851 1602 1911 ὡς
1674 1848 1878 1924 ἕτοιμοι

233 1945 427 2003 πάντες
463 1940 729 1996 πιστεύειν
763 1945 838 2011 τῷ
867 1944 945 2011 σῷ
979 1943 1112 2010 Θεῷ,
1170 1939 1212 1992 εἰ
1263 1938 1538 1992 θεάσαιντο
1599 1940 1760 2012 μόνον
1815 1939 1880 1993 τὰ

232 2032 347 2108 περὶ
407 2031 471 2085 σὲ
527 2029 794 2102 θαύματα,
855 2025 1000 2083 οὒδὲν
1061 2026 1325 2108 μελήσας,
1382 2025 1543 2101 ἐξῄει,
1606 2029 1692 2083 καὶ
1759 2029 1877 2092 τοὺς

231 2107 562 2197 στρατιώτας
621 2117 766 2196 ἔχων
824 2114 1231 2190 συνεπομένους.
1291 2107 1382 2177 Ὠς
1417 2115 1471 2171 δὲ
1523 2116 1747 2171 ἀπιόντα
1778 2116 1876 2171 αὒ-

236 2210 316 2265 τὸν
346 2209 486 2284 πρὸς
516 2208 577 2262 τὸ
606 2204 822 2282 θέατρον
853 2202 994 2260 εἶδεν
1057 2205 1085 2259 ὁ
1143 2202 1313 2270 δῆμος
1371 2205 1532 2280 ὑγιῶς
1597 2205 1734 2261 οὕτω
1792 2208 1878 2264 καὶ

229 2301 447 2360 ἀπαθῶς
510 2295 732 2374 ἔχοντα,
777 2293 953 2368 ὥσπερ
1006 2292 1149 2348 οὐδὲν
1192 2293 1482 2363 ἀνήκεστον
1553 2295 1873 2374 πεπονθότα,

229 2386 423 2452 ἢκουσε
483 2382 539 2440 δὲ
592 2385 681 2441 καὶ
761 2380 1072 2455 ὓπᾴδοντος,
1134 2404 1158 2438 ιι
1193 2380 1318 2439 Ἐὰν
1373 2381 1738 2460 παρατάξηται
1790 2383 1875 2439 ἐπ’

232 2475 325 2550 ἐμὲ
377 2470 720 2552 παρεμϐολὴ,
785 2472 842 2528 οὗ
915 2470 1279 2550 φοϐηθήσεται
1346 2473 1380 2539 ἡ
1443 2471 1622 2549 καρδία
1684 2495 1807 2550 μου,
1845 2497 1872 2528 ι

234 2565 510 2634 ὒπόκρισιν
562 2563 706 2618 εἶναι
777 2562 862 2618 καὶ
914 2559 1059 2618 οὐδὲν
1108 2560 1272 2618 πλέον
1321 2567 1524 2628 σκηνῆς
1574 2564 1883 2620 ὑπώπτευκε

235 2655 298 2708 τα
353 2655 624 2729 ὁρώμενα.
690 2651 844 2708 Ἐπεὶ
899 2648 952 2706 δὲ
1001 2651 1088 2706 καὶ
1140 2651 1537 2729 περιεργότερον
1585 2654 1678 2714 τὰς
1732 2652 1883 2728 ὄψεις

1966 1482 2112 1543 nihil
2176 1482 2436 1563 praefecti
2498 1491 2777 1544 curantes
2824 1490 3201 1562 potestatem,
3247 1491 3308 1544 et
3367 1485 3612 1567 reliquis

1965 1579 2368 1634 accesserunt.
2417 1627 2422 1631 .

2046 1661 2258 1725 XVlll.
2296 1661 2547 1724 Sanctus
2579 1681 2716 1724 vero
2752 1671 3055 1742 postquam
3090 1662 3313 1725 audivit
3340 1681 3374 1724 a
3405 1666 3611 1728 militi-

1969 1749 2104 1824 bus,
2129 1753 2246 1829 jam
2280 1760 2460 1813 totam
2494 1752 2704 1813 adesse
2734 1751 3055 1826 civitatem,
3093 1753 3611 1830 magnifacientem

1967 1858 2102 1901 eum
2137 1843 2360 1912 videre,
2397 1852 2457 1902 et
2487 1850 2724 1921 paratos
2757 1859 2888 1902 esse
2929 1859 3138 1903 omnes
3177 1842 3428 1904 credere
3459 1845 3612 1907 illius

1964 1927 2106 2001 Deo,
2141 1931 2215 2006 si,
2242 1950 2373 2006 quae
2400 1934 2457 1992 in
2479 1949 2616 1992 eum
2647 1931 2796 1993 facta
2817 1931 3254 2005 sunt,viderent
3279 1932 3562 1997 miracula
3591 1957 3602 1998 .‘

1965 2018 2112 2078 nihil
2138 2028 2449 2082 cunctatus
2470 2021 2793 2100 egreditur,
2829 2020 3054 2081 habens
3076 2021 3252 2081 etiam
3278 2021 3454 2084 simul
3478 2044 3610 2086 cum

1963 2125 2035 2168 eo
2068 2117 2302 2170 secutos
2335 2110 2578 2172 milites.
2633 2109 2777 2171 Cum
2811 2121 3007 2170 autem
3048 2127 3182 2171 eum
3207 2110 3280 2170 ad
3313 2112 3610 2176 theatrum

1961 2198 2346 2260 accedentem
2375 2199 2515 2258 vidit
2541 2199 2792 2279 populus
2812 2199 3182 2260 adeosanum
3209 2214 3266 2260 et
3286 2199 3602 2281 integrum,

1960 2294 2138 2361 atque
2165 2291 2212 2346 si
2248 2287 2391 2348 nihil
2423 2305 2700 2368 asperum
2754 2295 2810 2349 et
2842 2291 3154 2350 molestum
3187 2304 3344 2350 esset
3379 2311 3606 2371 passus,

1961 2375 2180 2438 audivit
2210 2394 2349 2438 vero
2379 2396 2514 2439 eum
2547 2395 2781 2456 quoque
2812 2385 3122 2438 canentem
3160 2395 3174 2439 ε
3225 2403 3248 2434 u
3289 2377 3350 2440 Si
3380 2384 3607 2446 consti-

1968 2464 2151 2526 terint
2170 2466 2454 2528 adversus
2469 2475 2913 2538 mecastra,non
2936 2465 3287 2529 timebitcor
3300 2487 3494 2531 meum
3512 2473 3564 2548 ϐ,
3579 2500 3600 2533 ο

1967 2554 2306 2616 simulatum
2355 2569 2415 2616 et
2479 2557 2782 2617 scenicum
2839 2556 3157 2634 quemdam
3219 2574 3353 2618 esse
3409 2576 3606 2623 actum

1968 2645 2424 2723 suspicabantur
2440 2663 2667 2726 ea,quae
2691 2644 3386 2726 videbantur.Postquam
3409 2658 3608 2712 autem

240 2738 582 2805 ὶπιϐαλόντες
643 2739 802 2797 αὐτὸν
858 2738 1062 2795 ἐκεῖνον
1116 2739 1259 2796 εἶναι
1316 2743 1406 2796 τὸν
1465 2747 1648 2807 Μηνᾶν
1704 2741 1875 2820 ἁνεγία

1971 2734 2260 2796 curiosius
2311 2735 2513 2796 oculos
2562 2734 2978 2815 conﬁcientes,
3024 2745 3385 2814 agnoverunt
3437 2740 3606 2802 illum

246 2855 468 2905 νωσκον,
504 2832 802 2914 ὀφθαλμοῖς
838 2832 1124 2909 βλέποντα,
1177 2833 1264 2888 καὶ
1325 2831 1542 2910 γλώσσῃ
1601 2833 1883 2915 λαλοῦντα,

243 2927 328 2980 ui
352 2921 632 3000 βαδίζοντα
691 2935 810 2983 τοῖς
870 2923 1044 2993 ποσὶν,
1109 2921 1252 2984 εὐθὺς
1310 2928 1407 2993 μιᾷ
1461 2929 1611 2999 φωνῇ
1665 2925 1878 2999 πάντες,

246 3012 584 3084 Ἐιράτησεν,
655 3015 834 3084 εἷπον,
906 3013 940 3078 ἡ
1013 3018 1107 3068 τοῦ
1183 3018 1410 3089 Χριστοῦ
1480 3011 1718 3087 δύναμις,
1793 3017 1881 3071 καὶ

241 3101 394 3158 αὐτοῦ
435 3103 664 3159 θανάτου
720 3100 1032 3178 ἐκράτησεν.
1096 3099 1340 3180 Εὖτυχῆς
1405 3100 1434 3165 ἣ
1497 3099 1878 3179 Ἀλεξανδρέων

228 3190 293 3247 δι’
349 3193 466 3255 ἑνὸς
526 3192 716 3249 τούτου
789 3188 971 3268 ἀνδρὸς
1043 3192 1274 3266 σήμερον
1342 3191 1602 3258 τοσαύτην
1667 3193 1877 3261 ἀπάτην

228 3281 545 3360 γωράσασα,
606 3283 695 3337 καὶ
753 3282 1126 3356 μεταμαθοῦσα
1198 3281 1376 3344 καλῶς
1447 3281 1548 3347 τὴν
1602 3281 1876 3352 ἀλήθειαν,

228 3377 361 3427 Θεοῦ
422 3375 595 3444 μόνου
656 3369 1032 3449 ἀναμφιλόγως
1105 3370 1139 3436 ἡ
1213 3367 1415 3434 ἐξουσία
1482 3370 1619 3439 αὕτη
1690 3374 1774 3429 καὶ
1843 3376 1876 3441 ἡ

225 3461 404 3540 ἰσχύς.
439 3460 633 3539 Αὕχει,
687 3461 849 3538 ῥῆτορ
897 3457 1103 3525 ἀθλητὰ
1169 3466 1252 3515 τοῦ
1314 3459 1564 3526 ἀληθινοῦ
1622 3465 1754 3520 Θεοῦ
1784 3463 1880 3520 καὶ

278 3551 290 3570 ,
584 3548 610 3570 ,ι
767 3541 779 3561 ο
858 3546 898 3566 eu
969 3547 992 3567 ,ν
1525 3553 1537 3571 ο
1670 3559 1692 3570 η.

226 3557 516 3629 εωζοντος,
550 3571 728 3628 αυχει,
785 3557 907 3607 Οοε
970 3571 1227 3629 επαρχος,
1286 3547 1570 3622 ἐκπλαγεις
1627 3575 1703 3626 τῳ
1741 3576 1868 3610 και-

228 3647 302 3713 νῷ
362 3641 454 3695 καὶ
521 3637 793 3716 παραδόξῳ
848 3646 939 3694 τοῦ
996 3640 1332 3718 πράγματος,

1973 2841 2103 2884 esse
2132 2825 2388 2900 Menam,
2420 2825 2612 2885 oculis
2661 2825 2986 2899 videntem,
3022 2833 3081 2885 et
3107 2825 3307 2903 lingua
3349 2826 3608 2909 loquen-

1972 2921 2111 2991 tem,
2146 2927 2205 2974 et
2237 2914 2669 2992 ingredientem
2718 2913 2996 2992 pedibus,
3027 2916 3222 2975 statim
3254 2933 3462 2978 omnes
3493 2939 3610 2982 una

1966 3019 2148 3062 voce:
2211 3002 2402 3064 Fortis
2456 3003 2586 3076 fuit,
2635 3003 2933 3076 dixerunt,
2989 3001 3157 3064 fortis
3213 3004 3320 3068 fuit
3393 3008 3612 3071 Christi

1964 3091 2170 3164 virtus,
2203 3093 2379 3153 etiam
2417 3094 2701 3154 adversus
2752 3094 2938 3171 ipsam
2973 3101 3250 3155 mortem.
3286 3095 3448 3160 Felix
3472 3100 3613 3162 civi-

1895 3165 1936 3216 C
1966 3189 2052 3243 tas
2076 3182 2500 3256 Alexandrina,
2527 3200 2663 3260 quae
2686 3165 2793 3261 per
2819 3201 3003 3243 unum
3028 3183 3187 3244 hunc
3217 3185 3405 3248 virum
3430 3189 3610 3253 hodie

1964 3279 2182 3333 tantam
2218 3273 2483 3334 fraudem
2528 3273 2946 3354 deprehendit,
2997 3282 3054 3334 et
3104 3274 3357 3354 pulchre
3406 3277 3614 3342 didicit

1963 3362 2295 3425 veritatem.
2327 3364 2434 3424 Dei
2465 3363 2652 3425 solius
2679 3363 2830 3426 citra
2860 3365 3321 3430 controversiam
3365 3378 3456 3430 est
3488 3371 3612 3433 haec

1963 3462 2220 3531 potesms
2245 3463 2303 3514 et
2333 3457 2538 3516 virtus.
2573 3453 2864 3534 Gloriare,
2900 3474 2934 3515 ο
2966 3464 3183 3531 orator,
3220 3457 3442 3520 athleta
3484 3461 3609 3525 veri

1961 3540 2068 3603 Dei
2099 3553 2156 3602 et
2183 3541 2535 3618 Servatoris,
2569 3544 2848 3623 gloriare.
2887 3545 3207 3606 Praefectus
3259 3557 3459 3610 autem
3494 3553 3607 3612 ob-

1393 3643 1487 3696 καί
1555 3639 1726 3706 δείσας
1793 3645 1868 3717 μὴ

1966 3631 2320 3711 stupefactus
2351 3633 2439 3694 rei
2485 3634 2745 3695 novitate
2775 3643 2834 3694 et
2879 3633 3364 3716 admirabilitate,
3399 3649 3460 3700 et
3505 3657 3602 3701 ve-

228 3731 315 3784 καὶ
361 3727 490 3805 παρ’
522 3725 732 3790 ἐλπίδας
765 3727 1016 3804 νεώτερόν
1059 3749 1106 3782 τι
1138 3727 1326 3805 πρᾶξαι
1383 3731 1444 3784 τὸ
1501 3728 1716 3807 θέατρον
1747 3730 1864 3788 δια-

1966 3720 2124 3793 ritus,
2147 3738 2220 3780 ne
2245 3731 2459 3800 praeter
2475 3740 2639 3802 spem
2656 3723 2877 3803 aliquid
2908 3723 3042 3783 novi
3089 3724 3284 3785 facere
3325 3729 3611 3804 cogitaret

229 3819 473 3890 νοηθείη,
505 3817 806 3873 ἀνίστασθαι
838 3816 1059 3895 ἔκρινεν,
1091 3818 1187 3878 Ὠς
1210 3814 1262 3870 δὲ
1286 3815 1398 3872 εἶδε
1419 3818 1479 3872 τὸ
1503 3818 1702 3885 πλῆθος
1735 3819 1869 3888 πλῆ-

230 3928 312 3985 ρες
341 3907 406 3962 ὃν
436 3906 608 3985 ὁρμῆς
640 3907 724 3962 καὶ
777 3908 1059 3976 ιινήσεως,
1108 3905 1268 3972 ἤκουέ
1296 3927 1353 3961 τε
1384 3909 1470 3963 καὶ
1530 3908 1742 3964 πάντων
1771 3910 1872 3986 βο-

227 3999 440 4076 ώντων,
475 3996 800 4071 Ἐπίμεινον,
835 3993 1148 4074 περίϐλεπτε
1200 3994 1426 4074 ἔπαρχε·
1488 3998 1565 4072 μὴ
1602 4002 1871 4078 φθονήσῃς

228 4086 382 4144 πόλει
447 4086 683 4161 τοσαύτῃ
743 4087 991 4162 μεγίστου
1045 4085 1380 4163 πράγματος,
1439 4087 1529 4142 τὸν
1587 4091 1716 4143 Θεὸν
1766 4091 1871 4159 σή-

228 4197 378 4253 μεροι
414 4175 703 4252 ἐπιγνῶναι
759 4177 849 4230 τὸν
899 4173 1128 4253 ἆψενδῆ,
1160 4173 1255 4230 καὶ
1305 4176 1434 4253 πρὸς
1486 4178 1547 4231 τὸ
1577 4183 1685 4256 φῶς
1720 4182 1872 4237 ειδθυ-

224 4269 459 4345 πορῆσαι
521 4269 620 4330 τῆς
677 4261 946 4329 ἀληθείας·
1000 4264 1200 4339 γίνεται
1257 4265 1345 4319 καὶ
1397 4266 1548 4327 αὐτὸς
1602 4265 1723 4330 ὅλος
1774 4274 1872 4335 τῆς

231 4357 297 4416 εἷς
371 4356 464 4410 τὸν
525 4354 760 4432 μάρτυρα
832 4350 1294 4431 παραδοξοποιίας,
1369 4353 1464 4408 καί
1535 4361 1612 4427 τῷ
1681 4359 1872 4426 πλήθει

233 4450 433 4516 σιωπᾷν
463 4441 846 4521 παραγγέλλει,
881 4444 981 4498 Τὸν
1009 4441 1063 4497 δὲ
1120 4442 1274 4519 ἅγιον
1326 4443 1452 4519 παρ’
1512 4444 1668 4500 αὐτὸν
1725 4445 1874 4513 ἥκειν

1958 3812 2274 3882 theatrum,
2307 3811 2510 3872 statuit
2558 3831 2826 3891 surgere.
2888 3811 3200 3893 Postquam
3263 3833 3400 3877 vero
3461 3822 3609 3884 vidit

1959 3908 2144 3962 totum
2175 3903 2457 3980 populum
2493 3902 2903 3982 ferriquodam
2927 3921 3137 3977 magno
3171 3915 3332 3964 motu
3347 3909 3611 3988 etimpe-

1957 3990 2348 4064 tu,etauttivit
2373 4010 2582 4053 omnes
2605 3995 2930 4052 clamantes
2955 4010 2967 4053 :
3003 3991 3238 4067 Mane,o
3267 4001 3603 4061 venerande

1958 4080 2258 4160 praefecte,
2295 4081 2415 4141 noli
2462 4080 2729 4142 invidere
2763 4092 2938 4143 tantae
2967 4083 3183 4145 civitati
3244 4104 3368 4146 rem
3407 4091 3596 4150 maxi-

1959 4187 2138 4248 mam,
2176 4188 2388 4250 nempe
2419 4180 2482 4231 ut
2531 4189 2734 4231 verum
2771 4171 2956 4232 Deum
3007 4185 3286 4252 agnoscat
3314 4178 3512 4252 hodie,
3544 4190 3603 4241 et

1957 4273 2120 4321 recta
2144 4261 2504 4338 ingrediatur
2534 4263 2607 4323 ad
2647 4265 2834 4323 lucem
2868 4263 3171 4326 veritatis:
3208 4265 3335 4344 ipse
3366 4286 3601 4348 quoque

1961 4356 2116 4409 totus
2142 4353 2481 4410 versaturin
2510 4352 2966 4426 contemplenda
2989 4370 3054 4412 re
3085 4352 3445 4429 admirabili,
3474 4376 3604 4437 quae

1959 4439 2258 4500 acciderat
2288 4441 2558 4520 martyri,
2595 4455 2653 4502 et
2687 4442 3238 4522 populodenuntiat
3272 4444 3599 4507 silentium.

226 4534 500 4612 κελεύσας,
533 4531 646 4588 ἐπεὶ
676 4532 939 4610 ἐγγύτατα
995 4531 1084 4602 ἦν,
1151 4530 1410 4593 κατενόει,
1476 4531 1726 4592 Ἐνόπνια
1776 4539 1875 4617 γὰρ

1966 4526 2103 4588 Cum
2155 4541 2350 4590 autem
2383 4541 2651 4592 sanctum
2695 4533 2972 4610 jussisset
3014 4532 3086 4593 ad
3123 4551 3190 4594 se
3238 4535 3466 4612 venire,
3503 4537 3602 4598 ubi

231 4627 358 4684 τεως
413 4621 584 4679 ὶδόκει
641 4621 788 4696 αὒτῷ
844 4621 911 4677 τὰ
970 4620 1288 4699 φαινόμενα,
1348 4622 1496 4678 οὔπω
1547 4638 1738 4699 πεῖραν
1771 4627 1873 4682 λα·-

234 4708 368 4768 ϐόντι
445 4718 694 4788 Χριστοῦ.
769 4711 920 4768 Ἐπεὶ
995 4709 1050 4766 δὲ
1124 4716 1231 4767 τῶν
1301 4707 1506 4785 δημίων
1575 4716 1624 4768 oi
1709 4737 1876 4793 παρε-

235 4803 428 4866 στιῖιτες
483 4804 570 4858 καὶ
624 4803 657 4869 ἡ
719 4800 856 4868 ἄλλη
913 4805 1058 4857 πᾶσα
1114 4796 1426 4878 ὃορυφνρία,
1485 4802 1616 4880 πρὸς
1677 4803 1730 4860 δὲ
1788 4808 1876 4863 καὶ

234 4894 384 4956 αὐτὸς
453 4891 689 4970 ἔπαρχος
761 4891 976 4954 οἰκείαις
1046 4891 1230 4968 χερσὶν
1301 4889 1500 4947 ἕκαστα
1569 4890 1874 4952 διαϐασανί-

232 5003 444 5058 σαντες,
502 4978 873 5057 ἂναντίῤῥητον
923 4979 1158 5057 ἔγνωσαν
1216 4979 1314 5045 τὴν
1373 4980 1546 5035 πίστιν
1603 4990 1694 5040 τοῦ
1746 4988 1874 5042 θαύ-

231 5093 422 5152 ματος,
484 5069 631 5132 εὐθὺς
689 5070 810 5126 τότε
866 5070 1160 5149 περιεστὼς
1221 5067 1360 5126 ἅπαν
1420 5071 1508 5126 ναὶ
1538 5069 1692 5138 αὐτὸς
1723 5073 1873 5142 ἀπη-

229 5162 394 5228 νεώθη
425 5162 454 5217 ό
483 5159 747 5239 ἔπαρχος.

304 5419 408 5486 1Θ’.
477 5430 682 5497 Ὶκανῆς
739 5427 794 5484 δὲ
850 5427 991 5508 ὥρας
1033 5427 1422 5510 παρελθούσης,
1489 5433 1550 5490 τὸ
1604 5430 1738 5490 πολὺ
1770 5439 1869 5500 τῆς

299 5589 334 5642 ο
359 5588 518 5655 Psal.
549 5605 714 5672 xxvi,
749 5588 806 5653 3.

1961 4618 2227 4697 proxime
2251 4619 2380 4694 fuit,
2414 4637 2550 4681 eum
2587 4622 3009 4683 animadvertit
3039 4631 3096 4682 et
3125 4626 3418 4700 cognovit.
3452 4629 3603 4692 Nam

1960 4708 2013 4768 ci
2045 4707 2288 4784 quidem
2322 4718 2496 4771 antea
2549 4710 2904 4772 videbantur
2937 4713 3170 4774 somnia
3199 4731 3290 4794 ea,
3331 4733 3466 4791 quae
3493 4735 3604 4798 ap-

1961 4797 2267 4876 parebant,
2300 4807 2363 4860 ut
2393 4799 2493 4880 qui
2524 4799 2740 4862 Christi
2774 4801 3039 4862 nondum
3081 4803 3387 4866 habuisset
3418 4797 3603 4886 expe-

1958 4887 2258 4949 rientiam.
2291 4888 2604 4969 Postquam
2629 4898 2828 4953 autem
2855 4899 2914 4951 et
2934 4890 3034 4971 qui
3069 4891 3312 4953 aderant
3341 4893 3604 4966 lictores,

1960 4985 2018 5037 et
2049 4977 2244 5039 omnis
2275 4977 2387 5039 alia
2437 4979 2758 5040 satellitum
2793 4987 3046 5057 caterva,
3083 4982 3227 5060 quin
3268 4982 3444 5042 etiam
3479 4983 3607 5064 ipse

1961 5067 2275 5145 praefectus
2304 5069 2562 5148 propriis
2595 5067 2866 5129 manibus
2896 5069 3130 5148 singula
3171 5071 3603 5150 examinantes,

1958 5156 2053 5216 cui
2084 5158 2410 5218 contradici
2462 5173 2579 5217 non
2631 5165 2846 5236 potest,
2882 5158 3058 5219 tidem
3117 5176 3454 5237 cognovere
3487 5162 3604 5224 mi-

1955 5245 2169 5319 raculi,
2191 5255 2329 5308 tunc
2349 5265 2560 5307 omnes
2581 5246 3183 5324 circumsistentes,et
3209 5249 3334 5330 ipse
3365 5269 3605 5334 quoque

1956 5336 2272 5416 praefectus
2303 5335 2622 5396 obmutuit.

2034 5424 2184 5489 XIX.
2212 5425 2356 5489 Cum
2388 5434 2584 5488 autem
2619 5429 2979 5510 permultum
3015 5430 3350 5494 transiisset
3374 5440 3596 5516 tempo-
