3992 6134
457 265 566 331 39ι
1760 254 2041 326 MENSI'S
2097 260 2526 328 DECEMBER.
3708 273 3815 346 392

460 401 567 476 ris,
602 398 847 459 multum
894 414 1032 458 vero
1081 395 1340 476 stuporis
1383 394 1707 457 excusisset
1762 394 2094 475 praefectus,

2201 397 2490 466 ἐκπλήξεως
2547 401 2728 483 ὥσπερ
2781 406 2809 460 ὁ
2875 406 3111 487 ἔπαρχος
3172 409 3666 486 ἀποσκευασάμενος
3735 418 3818 472 καὶ

461 499 520 551 et
548 487 620 549 ad
651 506 716 548 se
746 486 1047 559 rediisset,
1073 486 1217 546 dixit
1245 493 1446 546 sancto
1475 507 1486 547 :
1517 485 1620 546 Dic
1647 486 1816 584 mihi,
1840 505 1883 584 ὀ
1909 486 2110 558 homo,

2201 492 2288 540 τοῦ
2341 489 2537 584 πόθους
2593 493 2911 571 ἀνενεγκὼν,
2968 485 3099 574 προς
3153 499 3244 554 τὸν
3296 499 3449 576 ἅγιον
3502 500 3638 581 ἔφη*
3693 505 3818 584 Λέγε

461 595 601 640 vere
650 595 756 656 per
785 575 991 672 Deum_
1019 575 1413 672 tuum-iquid
1465 576 1588 636 haec
1619 574 1734 635 sibi
1764 573 1965 672 volunt
1996 580 2023 637 τε
2053 581 2111 635 et

2201 595 2306 672 μοι,
2369 575 2628 656 ἄνθρωπε,
2691 573 3021 662 φιλαληθῶςί
3055 588 3184 661 πρὸς
3243 573 3356 644 τοῦ-
3389 595 3484 645 σοῦ
3541 573 3703 672 ’Θεοῦ,
3773 573 3822 650 τί

462 686 594 748 qua:
616 667 895 727 videntur
923 663 1354 725 admirabiliter
1385 671 1442 724 et
1471 671 1686 743 praeter
1717 662 2058 744 opinionem
2081 666 2108 722 ?

467 759 666 819 Potest
695 756 850 816 enim
893 755 1017 815 haec
1045 755 1198 815 Deus
1228 753 1391 814 solus
1421 752 1641 827 facere,
1675 761 1734 814 et
1778 772 1892 813 non
1926 753 2101 814 alius.

461 849 712 908 Sanctus
740 853 937 904 autem
980 860 1112 903 cum
1149 841 1308 902 brevi
1340 849 1398 902 et
1444 841 1724 922 principii
1751 860 1964 921 expers
1995 845 2102 905 Dei

465 932 822 1015 principium
856 950 981 1004 eos,
1013 931 1114 1011 qui
1153 931 1422 1005 aderant,
1459 931 1781 1005 docuisset,
1817 943 1878 993 et
1927 950 2101 1011 quam

463 1032 622 1085 esset
662 1040 802 1084 crux
836 1021 1174 1082 necessaria
1218 1029 1275 1081 et
1309 1020 1562 1081 maxime
1611 1021 1912 1100 salutaris,
1947 1029 2106 1083 esset

459 1114 752 1184 elocutus,
814 1119 872 1172 et
925 1109 996 1170 ad
1047 1127 1364 1183 summam,
1411 1109 1754 1170 universum
1808 1121 2104 1191 susceptae

461 1203 656 1265 carnis
682 1200 1029 1262 oeconomiae
1071 1198 1421 1278 explicasset
1454 1199 1820 1275 mysterium,
1848 1201 2104 1278 subjun-

461 1293 546 1354 xit
573 1293 630 1352 in
663 1291 780 1352 ﬁne
815 1307 828 1348 :
867 1291 1024 1351 Deus
1053 1306 1217 1368 ergo,
1251 1307 1284 1348 ο
1319 1289 1614 1368 praefecte,
1644 1306 1779 1350 cum
1809 1289 1884 1350 sit
1915 1289 2104 1350 bonus

461 1391 638 1462 atque
679 1379 993 1457 benignus,
1031 1387 1091 1438 et
1121 1387 1364 1457 propter
1419 1379 1669 1439 salutem
1705 1376 2011 1439 hominum
2043 1379 2106 1440 in

463 1481 683 1534 terram
701 1468 1101 1538 descenderit,
1138 1468 1360 1528 nultum
1391 1467 1513 1527 vult
1542 1485 1781 1528 omnino
1809 1467 2004 1548 perire
2035 1485 2108 1529 ex

465 1560 875 1633 omnibus,eta
899 1559 1068 1618 bonis
1093 1556 1330 1618 aeternis
1353 1555 1654 1632 excidere;
1679 1556 1785 1618 sed
1808 1558 2106 1638 quomodo

467 1659 654 1711 mater
707 1655 838 1728 post
870 1655 1098 1726 partum
1132 1646 1374 1708 omnino
1429 1645 1670 1725 quidem
1703 1665 1906 1708 curam
1956 1648 2110 1725 gerit

2188 663 2434 737 βούλεται
2493 678 2706 750 ταῦτα,
2765 674 2852 730 καὶ
2910 674 2960 729 τί
3019 675 3084 730 τὰ
3153 675 3460 752 παραδόξως
3537 663 3821 756 ὁρώμένα;

2188 758 2303 826 Θεῴ
2359 755 2458 834 γὰρ
2515 759 2661 832 μόνῳ
2691 758 2882 818 δυνατὰ
2939 764 3024 819 καὶ
3083 764 3178 821 οὔκ
3234 763 3380 838 ἄλλῳ
3423 755 3622 828 ποιεῖν.
3688 763 3742 827 Ὀ
3772 770 3823 826 δὲ

2185 840 2334 935 ἅγιος
2395 847 2448 902 ἐν
2506 847 2689 926 ὀλίγῳ,
2752 853 2846 919 τὴν
2902 875 2959 909 τε
3019 853 3255 934 ἄναρχον
3312 857 3493 935 ἀρχὴν
3549 867 3639 914 τοῦ
3700 868 3822 918 Θεοῦ

2185 934 2308 996 τοὺς
2363 938 2625 1008 παρόντας
2688 939 3018 1015 ἀναδιδάξας,
3088 946 3173 1000 καὶ
3244 947 3305 1000 τὸ
3377 934 3672 1024 ἀναγκαῖον
3738 959 3825 1007 τοῦ

2187 1026 2418 1096 Σταυροῦ
2477 1027 2562 1080 καὶ
2620 1028 3118 1106 σωτηριωδέστατον
3179 1031 3423 1108 ἐξειπὼν,
3491 1037 3581 1090 καὶ
3653 1037 3822 1098 ἁπλῶς

2185 1111 2246 1164 τὸ
2299 1117 2402 1166 πᾶν
2445 1118 2626 1176 αὖτοῖς
2675 1123 2773 1184 τῆς
2851 1119 3160 1194 οἰκονομίας
3221 1125 3510 1200 μυστήριον
3568 1123 3822 1204 διασαφή-

2187 1219 2304 1293 σας,
2377 1203 2507 1293 πρὸς
2577 1207 2653 1279 τῷ
2719 1206 2859 1263 τέλει
2914 1209 3253 1287 ἐπήνεγκεν·
3325 1212 3389 1269 Ὀ
3447 1215 3578 1277 Θεὸς
3638 1203 3819 1293 τοίνυν,

2189 1287 2415 1367 ἕπαρχε,
2475 1292 2666 1371 ἀγαθός
2721 1318 2778 1352 τε
2835 1299 2908 1352 ὣν
2965 1300 3051 1354 καὶ
3108 1298 3501 1378 φιλάιθρωπος,
3573 1305 3659 1358 καὶ
3724 1287 3814 1370 τῆς

2189 1384 2292 1434 τῶν
2358 1379 2644 1468 ἀνθρώπων
2701 1385 2856 1442 ἕνεκα
2912 1391 3176 1462 σωτηρίας
3235 1389 3320 1444 ἐπὶ
3381 1397 3484 1468 γῆς
3539 1391 3818 1465 κατελθὼν,

2188 1468 2246 1522 οὐ
2315 1467 2560 1544 βούλεται
2633 1471 2812 1532 οὖδένα
2885 1477 2990 1531 τῶν
3053 1477 3302 1533 ἁπάντων
3352 1477 3635 1536 ἀπολέσθαι
3698 1482 3819 1537 ποτὲ

2188 1560 2274 1613 καὶ
2331 1565 2436 1614 τῶν
2505 1563 2728 1619 αἰωνίων
2801 1564 3008 1641 ἂγαθῶι
3091 1566 3333 1623 ἐκπεσεῖν
3375 1585 3388 1598 '
3465 1566 3582 1623 ἀλλ’
3653 1569 3819 1641 ὥσπερ

2189 1649 2370 1727 μήτηρ
2426 1654 2560 1724 μετὰ
2615 1654 2707 1715 τὰς
2751 1651 2946 1717 ὠδῖνας
3001 1671 3306 1733 προνοεῖται
3355 1656 3454 1731 μὲν
3505 1659 3580 1720 εἰς
3626 1657 3818 1715 ἅπαντα

465 1739 596 1819 ﬁlii,
627 1737 880 1801 sustinet
927 1747 1153 1817 autem,
1189 1743 1499 1824 propterea
1527 1736 1684 1815 quod
1719 1736 1796 1797 sit
1824 1737 2107 1816 imperfe-

2201 1745 2284 1794 τοῦ
2326 1739 2537 1820 παιδὸς,
2595 1741 2846 1821 ἀνέχεται
2891 1741 2947 1798 δὲ
2997 1751 3090 1800 τοῦ
3119 1745 3335 1809 ἀτελοῦς
3368 1747 3529 1824 χάριν
3581 1750 3666 1803 καὶ
3723 1754 3821 1803 τῶν

463 1837 617 1902 ctus,
643 1828 770 1907 ejus
794 1825 973 1887 etiam
993 1823 1412 1898 contumelias,
1429 1843 1546 1886 non
1569 1824 1704 1886 ideo
1730 1825 1882 1887 male
1905 1826 2110 1887 volens

2201 1826 2246 1891 ἐξ
2305 1827 2464 1885 αὒτοῦ
2516 1827 2738 1908 ὕϐρεων,
2809 1833 2868 1887 οὐ
2929 1833 3069 1908 παρὰ
3117 1834 3270 1888 τοῦτο
3343 1823 3686 1912 ἐχθραίνουσα
3753 1841 3822 1908 τῷ

462 1917 673 1979 infanti
719 1916 1013 1992 (vincitur
1041 1914 1202 1976 enim
1235 1933 1269 1976 a
1312 1914 1668 1988 visceribus,
1703 1925 1764 1974 et
1792 1915 1960 1978 valde
2004 1933 2112 1996 po-

2201 1917 2340 1974 παιδὶ
2394 1921 2525 1996 (τῶν
2577 1919 2905 1999 σπλάγχνων
2963 1923 3062 1998 γὰρ
3127 1921 3377 2002 ἣττηται,
3453 1925 3542 1979 καὶ
3603 1926 3820 2001 ἰσχυρῶς

465 2007 582 2068 tius
624 2007 786 2086 cupit
817 2006 1026 2066 videre
1063 2023 1226 2079 eum,
1262 2022 1396 2066 cum
1432 2004 1766 2084 pervenerit
1795 2005 1868 2066 ad
1926 2006 2116 2085 perfe-

465 2099 748 2176 ctionem,
774 2095 960 2175 gloria
979 2095 1174 2174 aliqua
1197 2103 1256 2156 et
1284 2093 1604 2173 splendore
1641 2095 1958 2174 insignem)
1989 2113 2001 2156 :
2037 2096 2116 2156 ita

468 2187 644 2248 etiam
675 2183 833 2246 Deus
862 2182 1049 2245 nostri
1079 2182 1318 2263 quidem
1354 2201 1554 2244 curam
1589 2182 1743 2259 gerit
1793 2191 1924 2262 post
1956 2203 2118 2245 crea-

467 2276 715 2354 tionem,
749 2281 807 2336 et
838 2283 1115 2352 tanquam
1149 2281 1316 2351 pater
1358 2271 1614 2333 sustinet
1642 2290 1735 2346 ea,
1770 2291 1899 2354 quae
1931 2273 1991 2334 in
2022 2274 2120 2354 ip-

465 2383 595 2426 sum
627 2363 1020 2425 admittuntur
1039 2361 1259 2423 delicta
1290 2369 1531 2441 propter
1550 2361 1985 2440 ignorationem
2012 2383 2026 2423 :
2064 2379 2126 2433 et

465 2475 499 2518 a
525 2455 650 2515 suis
680 2454 878 2534 potius
921 2452 1105 2512 victus
1142 2451 1495 2524 visceribus,
1533 2449 1819 2512 benevole
1853 2471 1918 2514 se
1964 2455 2119 2531 gerit

466 2553 522 2606 et
555 2540 1060 2616 clementer,nihi|
1094 2539 1252 2601 aliud
1283 2539 1656 2612 desiderans,
1683 2557 1861 2620 quam
1895 2549 1958 2602 ut
1989 2542 2117 2620 ejus

466 2632 715 2714 gloriam
769 2647 1232 2710 consequamur,
1264 2646 1400 2689 cum
1431 2628 1494 2688 in
1543 2628 1734 2688 virum
1785 2630 2114 2708 perfectum

467 2720 836 2784 creverimus
883 2719 956 2780 ad
1008 2733 1346 2780 mensuram
1390 2715 1580 2778 aetatis
1623 2717 1930 2799 spiritalis,
1964 2719 2116 2780 sicut

468 2829 578 2872 nos
621 2809 796 2870 docet
844 2805 1064 2870 Paulus
1095 2807 1146 2879 7,
1183 2804 1574 2886 plenitudinis
1625 2807 1810 2886 ipsius
1867 2808 2112 2878 Christi,

465 2899 785 2975 Postquam
807 2913 948 2973 ergo
979 2895 1124 2956 vidit
1149 2913 1252 2956 vos
1272 2896 1552 2958 Servator
1573 2913 1606 2956 a
1635 2895 2010 2960 daemonibus
2031 2897 2120 2959 in-

469 2995 723 3061 escatos,
756 2986 924 3049 tarde
961 2985 1167 3048 venire
1197 2985 1268 3046 ad
1301 2986 1433 3065 ejus
1479 2985 1909 3066 cognitionem,
1943 2995 2000 3049 et
2043 2987 2118 3050 ad

2199 2008 2402 2082 μᾶλλον
2495 2009 2692 2088 ἐφίεται
2783 2009 3117 2076 τελειότητος
3211 2012 3487 2086 ἁψάμενον
3578 2009 3820 2086 κατιδεῖν,

2200 2096 2322 2175 δόξῃ
2394 2097 2448 2154 τέ
2518 2121 2620 2154 τινι
2692 2101 2782 2155 καὶ
2849 2100 3186 2175 λαμπρότητι
3243 2099 3641 2178 διαπρέποντα)’
3701 2101 3824 2158 οὕτω

2199 2190 2287 2244 καὶ
2359 2191 2386 2244 ὁ
2443 2190 2574 2252 Θεὸς
2632 2203 2939 2266 προνοεῖται
2999 2191 3097 2263 μὲν
3153 2191 3290 2264 μετὰ
3345 2191 3442 2258 τὴν
3499 2189 3823 2268 δημιουργίαν

2203 2279 2290 2334 καὶ
2318 2279 2391 2341 ὡς
2422 2278 2622 2352 πατὴρ,
2655 2278 2903 2357 ἀνέχεται
2936 2276 2990 2334 δὲ
3022 2277 3114 2334 καί
3144 2282 3249 2334 τῶν
3311 2281 3386 2342 εἰς
3442 2280 3596 2338 αὐτόν
3642 2280 3820 2345 eam-

2207 2368 2389 2444 μάτων
2458 2365 2540 2423 διὰ
2612 2368 2710 2434 τὴν
2781 2367 3018 2445 ἄγνοιαν,
3091 2371 3177 2424 καὶ
3247 2367 3582 2447 σπλάγχνοις
3640 2367 3821 2444 μᾶλλον

2201 2461 2408 2524 δίκείοις
2463 2457 2780 2531 νικώμενος,
2843 2462 3072 2532 εὐμενῶς
3123 2456 3240 2538 ἔχει
3293 2458 3394 2515 καί
3438 2457 3813 2538 φιλανθρώπως,

2201 2552 2406 2614 οὒδενὸς
2479 2547 2654 2624 ἐτέρου
2708 2546 2974 2621 ἐπιθυμῶν
3006 2545 3039 2614 ἤ
3068 2554 3158 2603 τοῦ
3207 2547 3358 2609 ἐντὸς
3411 2549 3551 2622 ἡμᾶς
3601 2547 3815 2624 γενέσθαι

2197 2648 2296 2712 τῆς
2349 2639 2506 2694 αὒτοῦ
2575 2634 2752 2714 δόξης,
2817 2637 2888 2697 εἰς
2961 2635 3118 2714 ἄνδρα
3175 2635 3382 2693 τέλειον
3440 2636 3694 2707 ἐλθόντας,
3749 2637 3812 2699 εἰς

2201 2733 2389 2808 μέτρον
2426 2727 2636 2796 ἡλικίας
2685 2726 3074 2799 πνευματικῆς,
3134 2727 3206 2786 ὡς
3262 2725 3478 2789 Παῖιλος
3526 2731 3654 2799 ἡμᾶς
3682 2722 3811 2778 διδά-

2202 2844 2339 2892 σκει,
2373 2820 2466 2875 τοῦ
2495 2815 2856 2891 πληρώματος
2908 2824 3001 2874 τοῦ
3060 2822 3312 2893 Χριστοῦ,
3377 2817 3527 2873 Ἐπεὶ
3580 2815 3655 2871 οὖν
3683 2810 3808 2868 εἶδεν

2201 2912 2336 2982 ὑμᾶς
2367 2912 2395 2965 ὁ
2428 2907 2615 2982 Σωτὴρ
2673 2917 2790 2970 τοῖς
2848 2901 3167 2980 δελεασμασι
3227 2911 3342 2961 τῶν
3399 2903 3648 2980 δαιμόνων
3695 2903 3804 2978 πρὸς

2202 3003 2296 3070 τὴν
2387 2999 2540 3055 αὐτοῦ
2624 2995 2905 3071 ἐπίγνωσιν
2973 2995 3363 3073 ὑστερίζοντας,
3440 2997 3524 3051 καὶ
3599 2998 3812 3070 παραζη-

470 3078 915 3141 aemulationem
968 3075 1160 3156 ipsum
1195 3086 1582 3155 provocantes
1611 3076 1670 3137 in
1722 3096 1841 3138 non
1875 3077 2014 3154 diis,
2045 3078 2116 3139 ad

2203 3091 2419 3150 λοὺντας
2477 3086 2633 3142 αὐτὸν
2685 3083 2768 3140 ἐπ’
2828 3084 2886 3139 οὗ
2942 3087 3110 3156 θεοῖς,
3177 3087 3263 3139 καὶ
3340 3085 3724 3163 παροργίζοντας
3772 3079 3817 3134 ἐν

470 3169 618 3230 iram
651 3165 1021 3227 concitantes
1051 3164 1111 3225 in
1143 3170 1351 3226 vestris
1375 3165 1731 3241 simulacris,
1771 3173 1828 3226 et
1859 3185 1975 3227 non
2007 3167 2122 3228 for-

473 3255 772 3316 midantes
827 3256 959 3334 ejus
987 3255 1150 3315 vires
1201 3263 1258 3313 et
1303 3255 1648 3335 potentiam,
1682 3255 1858 3316 vestri
1917 3274 2120 3318 curam

469 3363 686 3424 gerens
709 3353 986 3424 tanquam
1029 3343 1289 3405 ﬁliorum
1339 3344 1398 3403 in
1433 3361 1527 3405 me
1557 3343 1733 3405 hodie
1762 3346 2036 3422 convicit,
2062 3354 2123 3410 et.

473 3453 735 3497 errorem
770 3442 1106 3495 vestrorum
1140 3433 1426 3508 cultuum,
1459 3443 1517 3494 et
1545 3433 1732 3494 zelum
1757 3434 1855 3514 qui
1884 3454 2003 3496 non
2033 3446 2122 3498 est

457 3543 541 3586 ex
577 3524 937 3600 cognitione,
967 3531 1030 3584 ut
1059 3521 1172 3603 ipsi
1196 3541 1432 3602 quoque
1459 3533 1790 3602 praesentes
1815 3525 1960 3588 mihi
1985 3545 2126 3588 con-

473 3614 746 3676 litemini.
782 3616 980 3676 Discat
1013 3630 1157 3690 ergo
1189 3613 1596 3693 unusquisque
1623 3623 1906 3689 vestrum,
1939 3618 1995 3675 in
2031 3635 2126 3679 me

474 3703 690 3766 Christi
723 3712 1014 3783 reputans
1048 3701 1395 3782 potentiam,
1433 3702 1588 3782 quod
1640 3705 1841 3775 homo,
1875 3705 1974 3784 qui
1998 3706 2122 3785 jam

473 3793 813 3873 spectabam
836 3791 906 3852 ad
936 3800 1328 3871 senectutem,
1351 3801 1410 3853 et
1433 3810 1701 3870 magnam
1721 3793 1960 3869 quidem
1985 3813 2120 3855 cor-

473 3882 636 3962 poris
658 3893 1125 3962 partem,omnes
1151 3894 1348 3942 autem
1383 3881 1536 3942 vires
1568 3887 1880 3943 tormentis
1900 3891 2120 3946 amise-

474 3989 625 4044 ram,
661 3980 718 4032 et
769 3971 1018 4051 perinde
1071 3989 1138 4031 ac
1198 3983 1468 4031 mortuus
1516 3989 1678 4033 eram
1711 3975 2010 4049 conjec-tus
2058 3975 2121 4036 in

473 4079 805 4132 carcerem,
831 4061 1039 4122 adsum
1078 4079 1236 4121 nunc
1267 4078 1464 4121 coram
1500 4060 1664 4122 vobis
1695 4061 1950 4143 integer,
1983 4063 2123 4125 illaa-

474 4168 604 4224 sus,
639 4150 786 4211 nihil
839 4149 1190 4224 diminutus,
1227 4157 1504 4230 tanquam
1551 4168 1756 4212 rursus
1816 4154 1875 4211 in
1925 4153 2116 4214 lucem

476 4241 673 4301 editus
708 4247 768 4300 et
817 4241 1031 4300 iterum
1067 4251 1242 4300 natus
1284 4240 1592 4313 valentior,
1629 4247 1687 4300 et
1740 4240 1790 4300 si
1821 4240 1954 4320 quis
1985 4240 2123 4303 velit

478 4329 746 4390 invenire
781 4348 939 4399 eum,
979 4328 1078 4408 qui
1110 4338 1202 4390 est
1247 4346 1382 4389 vere
1440 4329 1618 4409 Deus,
1650 4347 1784 4392 cum
1819 4332 2122 4407 agnoverit

477 4439 635 4493 eum,
671 4422 768 4498 qui
805 4418 949 4479 mihi
983 4419 1157 4479 hodie
1205 4417 1366 4478 dedit
1397 4417 1681 4494 linguam,
1717 4430 1779 4480 et
1823 4421 2026 4501 pedes,
2060 4429 2120 4482 et

482 4509 710 4580 oculos,
747 4526 881 4568 eum
927 4523 1164 4586 quoque
1193 4523 1324 4567 esse
1369 4507 1594 4580 credat,
1627 4507 1727 4588 qui
1763 4509 1836 4569 ab
1868 4509 2036 4570 initio
2067 4519 2125 4570 et

479 4598 614 4676 alia,
649 4597 834 4675 ipsam
880 4596 1098 4669 lucem,
1133 4604 1190 4656 et
1239 4595 1554 4675 rationem,
1590 4606 1648 4658 et
1691 4606 1913 4660 motum
1946 4600 2125 4662 rebus

478 4686 717 4747 donavit
741 4682 1238 4747 mohilibus.Cum
1264 4685 1347 4747 sis
1368 4703 1507 4764 ergo
1537 4687 1944 4767 intelligens,o
1968 4707 2123 4770 prae-

477 4777 654 4848 fecte,
691 4793 767 4837 ne
793 4774 1092 4836 sustineas
1141 4777 1416 4854 ignorare
1459 4793 1616 4847 eum,
1652 4778 1750 4857 qui
1807 4778 1888 4840 tui
1925 4798 2126 4842 curam

477 4867 653 4946 gerit,
688 4873 746 4927 et
796 4875 953 4927 tuam
999 4872 1299 4944 exspectat
1359 4865 1833 4931 conversionem.
1885 4870 2130 4950 Oportet

479 4958 640 5018 enim
693 4965 747 5016 te
805 4973 1042 5036 quoque
1089 4956 1284 5034 ipsum
1337 4955 1411 5017 ad
1451 4954 1748 5018 Christum
1809 4960 2122 5035 accedere,

476 5053 634 5109 sicut
663 5044 841 5108 etiam
872 5045 946 5104 ab
975 5045 1102 5125 ipso
1131 5043 1279 5107 mihi
1309 5045 1419 5107 fuit
1449 5046 1867 5125 signiﬁcatum.
1901 5049 2127 5113 Laetare

477 5146 700 5210 autem,
730 5135 884 5216 quod
917 5136 987 5198 ad
1021 5133 1244 5197 bonum
1266 5145 1326 5198 et
1354 5145 1638 5198 aeternum
1665 5137 1747 5199 sis
1767 5140 1988 5220 Regem
2019 5158 2121 5201 ac-

477 5244 777 5300 cessurus,
807 5237 867 5287 et.
917 5225 991 5287 ad
1028 5225 1288 5305 martyrii
1341 5228 1599 5289 stadium
1634 5234 1689 5288 te
1721 5247 1959 5294 mecum
2016 5248 2124 5292 ex-

481 5325 716 5376 uturus.

563 5403 693 5466 XX.
750 5403 1072 5481 Praefectus
1110 5410 1336 5482 autem,
1369 5414 1432 5467 ut
1481 5407 1584 5486 qui
1613 5406 1826 5471 bonam
1879 5407 2124 5471 haberet

562 5616 590 5666 7
618 5615 839 5700 Ephes.
869 5635 949 5696 ιν,
987 5620 1042 5682 7.

2143 4477 2191 4530 D

2203 3193 2321 3243 τοῖς
2354 3175 2588 3239 εἰδώλοις
2617 3177 2789 3253 ὑμῶν,
2822 3175 2908 3229 καὶ
2939 3174 3016 3249 μὴ
3047 3182 3146 3240 τὴν
3189 3174 3358 3251 ἰσχὺν
3407 3179 3558 3232 αὐτοῦ
3613 3172 3690 3227 καὶ
3738 3166 3818 3223 δύ-

2204 3292 2359 3344 ναμιν
2445 3266 2909 3337 ὑποπτήσσοντας,
2997 3260 3290 3336 κηδόμενος
3382 3261 3550 3342 ὑμῶν,
3625 3258 3818 3336 ἤλεγξεν

2203 3360 2255 3416 ἐν
2328 3357 2443 3432 ἐμοὶ
2515 3356 2748 3430 σήμερον
2803 3354 2900 3420 τὴν
2945 3373 3001 3408 τε
3063 3351 3271 3418 πλάνην
3337 3359 3441 3409 τῶν
3503 3347 3816 3424 σεϐασμάτων

2207 3451 2353 3524 ὸμῶν
2383 3447 2590 3502 καὶτὸν
2621 3445 2680 3500 οὒ
2710 3441 2830 3498 κατ’
2886 3441 3165 3518 ἐπίγνωσιν
3218 3447 3408 3514 ζῆλον,
3468 3443 3540 3505 ὡς
3590 3438 3817 3517 παρόντες

2208 3532 2627 3612 συνομολογεῖτὲ
2684 3555 2776 3605 μοι
2851 3534 2934 3587 καὶ
3005 3531 3174 3593 αὐτοί,
3246 3530 3603 3606 Καταμαθέτω
3667 3527 3815 3582 τοίνυν

2205 3627 2424 3688 ἕκαστος
2480 3625 2628 3698 ὑμῶν
2700 3625 2753 3676 ἐν
2824 3620 2940 3695 ἐμοὶ
3011 3621 3110 3687 τὴν
3169 3617 3390 3695 δύναμιν
3446 3627 3534 3676 τοῦ
3591 3620 3810 3687 Χριστοῦ,

2206 3715 2552 3794 λογισάηενος
2608 3711 2693 3768 ὅτι
2750 3709 3017 3786 ἅνθρωπος
3075 3707 3179 3776 ἤδη
3235 3712 3368 3786 πρὸς
3441 3714 3603 3785 γῆρας
3669 3708 3805 3782 ὁρῶν,

2205 3808 2292 3863 καὶ
2321 3806 2382 3862 τὸ
2413 3802 2574 3858 πλέον
2606 3802 2704 3875 μὲν
2733 3806 2823 3856 τοῦ
2855 3799 3127 3875 σώματος,
3163 3800 3225 3854 τὸ
3256 3805 3362 3854 πᾶν
3391 3797 3443 3854 δε
3499 3802 3593 3864 τῆς
3647 3794 3808 3871 ἰσχύος

2206 3896 2311 3951 ἀπὸ
2363 3893 2604 3970 βασάνων
2635 3889 2942 3962 ἀναλωθεὶς,
2998 3889 3085 3943 καί
3133 3894 3302 3964 νεκρῷ
3363 3888 3549 3952 ἐπίσης
3604 3889 3666 3960 τῇ
3715 3884 3808 3970 sip.

2206 3984 2307 4059 κτῇ
2369 3978 2748 4057 ἐναποῤῥιφεὶς,
2808 3977 3033 4054 πάρειμι
3093 3985 3178 4033 νῦν
3235 3973 3460 4031 ἐνώπιον
3516 3975 3673 4046 ὑμῶν,
3729 3965 3813 4043 ἅρ-

2204 4056 2335 4146 τιονς,
2370 4056 2600 4143 ἀπαθης,
2636 4066 2879 4145 ἀκέραιος
2935 4064 3115 4141 ὥσπερ
3175 4063 3374 4120 ὠδίνων
3433 4062 3604 4121 ἄλλων
3633 4056 3809 4136 τυχὼν,

2203 4167 2288 4218 καὶ
2347 4161 2486 4225 αὖθις
2544 4157 2911 4236 ἆναγεννηθεὶς
2981 4155 3378 4232 κραταιότερος.
3457 4153 3551 4210 Καὶ
3632 4146 3680 4205 εἴ
3743 4163 3811 4204 τις

2202 4253 2293 4307 τὸν
2323 4252 2488 4312 ὄντως
2548 4234 2784 4326 ε’ρευρεῖν
2843 4242 3009 4300 ἐθέλοι
3067 4244 3219 4316 Θεὸν,
3280 4243 3525 4320 ἐπιγνώς
3581 4239 3664 4294 τὸν
3715 4234 3816 4307 ἐμοὶ

2203 4342 2434 4418 σήμερον
2507 4323 2603 4393 καί
2677 4334 2918 4413 γλῶτταν
2989 4333 3076 4388 καὶ
3145 4329 3310 4395 πόδας
3380 4331 3466 4387 καὶ
3544 4323 3810 4418 ὀφθαλμοξς

2207 4414 2604 4508 δωρησάμενον,
2666 4425 2820 4483 αὐτὸν
2879 4425 3015 4478 εἶναι
3073 4421 3409 4480 πιστευσάτω
3461 4419 3550 4474 τὸν
3584 4415 3634 4479 ἐξ
3661 4414 3812 4490 ἀρχῆς

2207 4500 2355 4576 τοί-τε
2389 4500 2524 4573 ἄλλα
2555 4500 2642 4571 καὶ
2671 4515 2798 4572 αὐτὸ
2827 4514 2887 4568 τὸ
2935 4511 3067 4590 φῶς,
3101 4511 3190 4566 καὶ
3240 4511 3331 4566 τὸν
3380 4508 3538 4586 λόγον
3591 4500 3678 4560 καί
3713 4501 3815 4590 *τὴν

2206 4611 2413 4678 κίνήσιν
2442 4617 2558 4668 τοῖς
2617 4603 2864 4668 κινητοῖς
2917 4599 3306 4679 χαρισάμενον,
3371 4598 3464 4662 Μὴ
3515 4595 3600 4651 οὖν
3644 4588 3811 4664 ἀνέχου

2207 4699 2292 4754 ἐπὶ
2350 4695 2506 4768 πολὺ,
2569 4693 2909 4770 λαμπρότατε
2968 4689 3198 4766 ἐπαρχε,
3262 4687 3474 4748 συνετὸς
3521 4682 3592 4739 ὢν
3621 4680 3810 4755 ἀγνοεῖν

2207 4789 2298 4844 τὸν
2329 4767 2624 4858 κηδόμενόν
2656 4767 2769 4856 σου,
2802 4780 2888 4836 καὶ
2945 4779 3042 4844 τὴν
3114 4775 3432 4855 ἐπιστροφὴν
3496 4767 3808 4858 ἀναμένοντα.

2213 4886 2309 4932 Δεῖ
2367 4857 2476 4952 γὰρ
2522 4893 2580 4927 σε
2645 4871 2732 4926 καὶ
2815 4869 2968 4925 αὐτὸν
3040 4863 3398 4944 προσδραμεῖν
3463 4867 3538 4934 τῷ
3605 4857 3810 4953 Χριστιῇ,

2207 4963 2340 5022 καθα
2372 4943 2462 5039 μοι
2491 4963 2579 5018 καὶ
2609 4957 2732 5040 παρ’
2766 4960 2924 5015 αὐτοῦ
2951 4943 3244 5034 ἔγνωσται,
3279 4955 3369 5011 καὶ
3419 4962 3602 5042 χαῖρε,
3657 4943 3814 5042 ἀγαθεῖξ

2209 5077 2265 5113 τε
2323 5052 2418 5111 καῖ
2475 5049 2671 5125 αἰωνίῳ
2729 5047 2943 5126 βασιλεῖ
2999 5043 3212 5122 μέλλων
3269 5040 3669 5126 προσέρχεσθαι,
3725 5040 3812 5126 ’καί

2210 5149 2282 5211 εἰς
2331 5145 2393 5201 τὸ
2441 5149 2533 5198 τοῦ
2590 5139 2872 5219 μαρτυρίου
2930 5139 3022 5195 σὺν
3077 5133 3196 5211 ἐμοὶ
3250 5129 3454 5191 στάδιον
3512 5121 3813 5184 ἀποδύεσθαι.

2275 3984 2302 3994 υ

2291 5411 2377 5476 Κ’.
2410 5407 2474 5466 Ὀ
2504 5408 2560 5466 δὲ
2616 5407 2876 5487 ἔπαρχος,
2935 5405 3027 5465 ἅτε
3079 5403 3262 5486 ψυχῆς
3296 5401 3491 5479 ἀγαθῆς
3516 5393 3609 5472 ὢν,
3665 5387 3813 5445 εὐπα-
