4006 6146
253 259 371 327 393

1217 215 1689 332 MARTYRIDM
1735 269 1797 332 S.
1846 269 2086 334 MENIE
2131 267 2226 334 ET
2277 270 2682 340 SOCIORUM.

3513 286 3632 355 394

242 399 508 464 ραδείκτου
564 423 621 457 τε
696 401 828 491 πρὸς
886 401 1161 483 ἀλήθειαν,
1226 403 1461 479 μάλιστα
1532 404 1586 461 δὲ
1658 408 1746 463 καὶ
1794 410 1894 474 τῆς

1981 405 2238 470 animam
2289 416 2350 470 et
2385 409 2591 488 gratiae
2638 428 2944 491 capacem,
2977 421 3235 480 maxime
3290 433 3436 483 vero
3492 441 3628 486 cum

240 490 486 569 χάριτος,
518 497 624 546 τῶν
684 489 966 569 ὀφθαλμῶν
999 494 1162 549 αὐτοῦ
1207 498 1308 561 τῆς
1369 499 1555 575 ψυχῆς
1614 495 1897 570 ἀφειμένης

240 578 429 656 ἤρξατο
488 581 714 639 συνιέναι
768 588 920 637 τοῦτο
980 582 1076 656 μὲν
1137 585 1194 638 ἓν
1241 584 1347 640 τῶν
1404 582 1602 664 λόγων,
1634 594 1787 644 τοῦτο
1843 584 1897 640 δὲ

241 671 323 725 καὶ
377 678 472 726 τοῦ
526 670 793 744 θαύματος
843 672 934 726 τὸν
990 671 1165 739 ἆληθῆ
1219 673 1370 730 Θεόν·
1434 675 1523 730 καὶ
1573 676 1737 752 αὐγὰς
1798 681 1895 742 τῆς

241 757 499 822 εὒσεϐείας
556 759 729 838 ἡρέμα
759 765 872 818 πῶς
931 759 1305 841 ὅποδέχεσθαι.
1369 761 1666 838 Συμϐαλὼν
1697 762 1752 820 δὲ
1809 767 1897 820 καὶ

239 851 301 915 ἦν
355 848 604 927 πρότερον
663 850 799 906 κατὰ
848 848 934 905 τὸν
993 849 1264 908 ἀπόπλουν
1324 850 1574 908 ἐθεάσατο
1628 851 1751 928 ὄψιν
1811 854 1900 910 καὶ

247 943 378 1000 ὅπως
443 941 470 994 ὁ
537 939 719 1018 φανεὶς
784 940 938 1018 Θεὸς,
996 938 1239 1015 βούλεται
1308 950 1492 1000 τοῦτον
1566 943 1898 1019 συναρίθμιον

253 1028 381 1083 εἶναι
434 1041 551 1090 τοῖς
604 1027 894 1106 ὑπηρέταις
951 1029 1109 1086 αὒτοῦ
1163 1033 1251 1086 καὶ
1295 1042 1412 1095 τοῖς
1474 1029 1670 1110 φίλοις,
1707 1031 1895 1111 ἔχαιρε

266 1117 372 1188 μὲν,
399 1119 464 1178 ὣς
508 1117 599 1172 ἐπὶ
655 1115 876 1194 μεγάλῳ
920 1118 996 1192 τῷ
1048 1119 1344 1196 πράγματι,
1377 1118 1618 1196 διηπόρει
1664 1119 1718 1176 δὲ
1776 1123 1890 1184 πῶς

257 1203 313 1258 ἄν
354 1207 379 1260 ὁ
426 1207 508 1262 ἒπὶ
571 1215 818 1264 τοσοῦτον
879 1207 1076 1286 χρόνον
1131 1212 1200 1284 τῇ
1272 1206 1450 1285 πλάνῃ
1508 1212 1893 1286 προστετηκὼς

252 1293 422 1371 ἁθρόον
532 1293 779 1361 ἀξιωθείη
863 1297 1086 1369 τοιούτῳ
1189 1299 1665 1375 προσοικειωθῆναι
1749 1307 1887 1372 Οεῷ.

251 1372 331 1446 Ὠς
387 1382 476 1439 οὖν
534 1383 672 1439 οὕτω
727 1391 891 1442 ταῦτα
966 1387 1054 1441 καὶ
1108 1386 1226 1441 καθ’
1284 1386 1469 1443 ἑαυτὸν
1527 1385 1796 1469 ἔστρεφεν,
1856 1392 1890 1458 ἡ

245 1472 345 1526 θεία
401 1472 559 1550 χάρις
589 1471 664 1528 ἔτι
723 1472 925 1548 μᾶλλον
956 1473 1112 1531 αυτὸν
1173 1473 1537 1549 ἐκγαλουμένη
1598 1479 1733 1556 πρὸς
1797 1479 1896 1545 τὴν

243 1559 544 1638 ἐπίγνωσεν,
609 1561 950 1640 λαμπρότερα
995 1561 1233 1638 σύμϐολα
1296 1563 1549 1642 προτείνει
1599 1565 1690 1632 τῆς
1751 1564 1895 1634 ἅλη-

240 1653 385 1714 θεὲας.
456 1655 552 1708 Καὶ
583 1653 678 1729 ὁρᾷ
732 1650 937 1714 ἐκεῖνος
995 1653 1087 1708 σὺν
1146 1652 1347 1732 ὃλίγοις
1403 1654 1538 1710 τισὶν
1569 1652 1755 1732 ἄνδρας
1812 1653 1898 1712 δύο

1981 496 2169 592 οιὶειιη
2208 498 2394 575 gratia
2424 500 2557 580 ejus
2599 499 3068 592 animaeoculos
3096 507 3417 587 attigisset,
3451 499 3642 592 caepit’

1981 585 2342 680 intelligere,
2375 595 2432 650 et
2482 588 2697 680 partim
2751 589 2990 680 quidem
3041 611 3113 656 ex
3142 585 3358 676 verbis,
3402 585 3627 680 partim

1981 685 2183 769 autem
2216 677 2393 769 etiam
2426 695 2497 769 ex
2541 677 2856 769 miraculo,
2891 699 3097 746 verum
3127 682 3315 748 Deum
3345 677 3631 769 et—splen-

1983 764 2187 826 dorem
2240 765 2476 846 pietatis
2530 766 2813 847 paulatim
2871 770 3213 837 admittere.
3272 764 3630 858 Conjectans

1983 869 2120 915 vero
2192 872 2323 916 eam
2380 873 2617 946 quoque
2688 873 2867 937 quam
2941 861 3110 941 prius
3163 863 3228 925 in
3298 867 3628 946 navigando

1982 949 2305 1022 aspexerat
2349 942 2636 1037 visionem
2669 952 2729 1006 et
2773 949 3279 1028 quemadmodum
3309 942 3491 1031 Deus,
3527 954 3633 1037 qui

1981 1039 2356 1111 apparuerat,
2393 1032 2517 1094 vult
2551 1051 2689 1096 eum
2741 1039 3164 1101 connumerari
3187 1059 3324 1102 cum
3355 1042 3483 1105 suis
3510 1032 3630 1105 mi-

1978 1120 2180 1181 nisrris
2226 1127 2285 1182 et
2313 1121 2551 1202 amicis,
2579 1121 2896 1188 laetabatur
2947 1127 3192 1207 quidem
3221 1139 3502 1210 tanquam
3553 1132 3631 1195 de

1975 1226 2042 1271 re
2075 1227 2287 1288 magna
2320 1230 2334 1274 :
2392 1210 2700 1274 dubitabat
2727 1219 2952 1290 autem,
2989 1218 3492 1296 quemadmodum
3523 1220 3629 1299 qui

1977 1305 2141 1388 tanto
2186 1307 2466 1388 tempore
2497 1299 2693 1363 errori
2745 1301 3100 1380 adhaeserat,
3131 1315 3384 1387 repente
3413 1306 3630 1388 dignus

1978 1387 2157 1448 fuerit
2183 1387 2443 1463 habitus,
2479 1389 2581 1469 qui
2612 1389 2713 1452 tali
2748 1391 2873 1454 Deo
2903 1391 3075 1455 fieret
3114 1394 3446 1459 familiaris.
3477 1387 3628 1460 Cum

1981 1493 2124 1554 ergo
2154 1477 2280 1538 haec
2306 1477 2464 1557 apud
2497 1495 2562 1539 se
2593 1487 2876 1560 versaret,
2909 1479 3111 1545 divina
3137 1484 3324 1561 gratia
3350 1502 3489 1548 eum
3515 1486 3625 1548 ad-

1981 1564 2101 1626 huc
2148 1565 2336 1645 magis
2387 1584 2606 1629 vocans
2644 1567 2719 1628 ad
2771 1567 3162 1647 agnitionem,
3196 1571 3253 1633 ei
3302 1572 3632 1637 illustriora

1984 1652 2209 1743 praebet
2240 1657 2408 1734 signa
2437 1656 2738 1718 veritatis:
2773 1665 2834 1720 et
2863 1657 3022 1722 videt
3075 1657 3181 1723 ille
3209 1678 3344 1723 cum
3375 1661 3627 1743 quibus-

241 1741 594 1816 περισπείντας
645 1742 738 1797 τὸν
787 1741 962 1820 ἅγιον,
995 1743 1239 1821 ἀστραπῇ
1296 1743 1394 1808 τὴν
1453 1743 1662 1821 μορφήν
1719 1743 1894 1802 ἐοικό-

1984 1742 2118 1834 dam
2153 1745 2378 1834 paucis,
2414 1745 2564 1807 duos
2591 1746 2749 1809 viros
2777 1753 3048 1809 sanctum
3095 1741 3627 1834 circumsistentes,

236 1851 342 1900 τας,
404 1830 678 1906 πτερῦγάς
749 1851 806 1886 τε
877 1832 1302 1910 περικειμένους,
1363 1832 1453 1887 καὶ
1514 1831 1722 1899 πολλὴν
1781 1845 1898 1895 τοῖς

240 1920 389 1995 ὁρῶσι
450 1920 551 1985 τὴν
596 1918 924 1986 κατάπληξιν
974 1923 1352 2000 ὶμποιοῦντας,
1387 1926 1482 1978 καί
1537 1920 1899 2001 ὁπλοφοροῦν-

235 2028 321 2070 τας
379 2007 506 2081 μὲν,
541 2010 614 2073 ὡς
665 2010 794 2086 πρὸς
852 2008 1082 2084 ἄμυναν,
1127 2010 1372 2091 στεφάνῳ
1422 2008 1609 2076 δὲτὴν
1657 2011 1898 2089 κεφαλὴν

237 2101 382 2154 αὺτοῦ
439 2104 799 2162 ταινιοῦντας.
860 2099 1163 2155 Ἐπείὀῦν
1219 2101 1308 2155 καὶ
1341 2099 1538 2176 ἑτέροις
1597 2100 1660 2154 τὸ
1719 2098 1898 2155 θεαθὲν

238 2185 586 2262 ἐκοινώσατο,
641 2190 730 2242 καὶ
789 2188 976 2250 αὐτοὺς
1028 2187 1230 2265 εὕρισκε
1261 2189 1358 2255 τὴν
1418 2187 1545 2254 ἴσην
1590 2186 1714 2262 ὄψιν
1770 2193 1898 2243 θεα-

238 2275 491 2350 σαμένους
526 2321 541 2349 ,
615 2274 763 2333 οὐδὲν
841 2276 984 2356 ἔχων
1058 2275 1420 2358 ἐπιδοιάζειν,
1494 2276 1622 2342 ἔστη
1716 2277 1900 2354 ἀθρόον

238 2362 582 2433 ἀναπηδήσας
645 2376 738 2424 τοῦ
793 2370 1000 2443 θρόνου,
1033 2368 1120 2422 καὶ
1170 2367 1300 2444 πρὸς
1358 2367 1418 2422 τὸ
1474 2364 1677 2431 πλῆθος
1735 2363 1896 2433 ἐϐόη-

238 2475 339 2526 σεν,
397 2455 622 2518 ’Ὄντως
696 2455 947 2522 ἀληθινοῦ
1032 2455 1162 2512 Θεοῦ
1228 2455 1497 2535 ὑπηρέτης
1573 2457 1748 2527 οὗτος,
1825 2461 1894 2530 τῇ

239 2543 379 2620 χειρί
459 2541 627 2607 δείξας
690 2546 780 2599 τοι
851 2545 1024 2622 ἃγιον·
1098 2546 1184 2602 καὶ
1249 2544 1418 2622 μέγας
1488 2545 1564 2608 τίς
1622 2544 1764 2599 ἐστιν
1835 2544 1894 2608 ὃς

238 2634 368 2704 ἡμᾶς
432 2631 609 2688 σέϐειν
642 2631 934 2690 ἐκδιδάσκει
995 2633 1151 2696 Θεόν,
1185 2633 1329 2711 Ἐγὼ
1384 2634 1483 2712 γὰρ
1512 2638 1696 2688 τοῦτον
1755 2635 1893 2707 ὀμο-

239 2719 372 2798 λοτῶ
446 2724 578 2778 Θεὸν
653 2721 855 2798 ama,
914 2725 1006 2778 τὸν
1061 2723 1199 2779 οὕτω
1256 2723 1354 2797 μὲν
1410 2719 1716 2800 παραδόξως
1774 2724 1895 2790 τοὺς

239 2811 375 2874 Edico;
453 2811 758 2888 ἀγωνιστὰς
835 2811 1258 2887 ἀναπλάττοντα,
1324 2811 1602 2889 οὐρανόθεν
1669 2810 1746 2886 δὲ,
1820 2812 1893 2872 ὡς

240 2901 399 2979 ὁρᾶτε,
465 2902 562 2962 τὰς
620 2902 767 2964 νίκας
826 2899 1168 2981 βραϐεύοντα,
1226 2900 1318 2956 καί
1383 2905 1536 2977 νοερᾷ
1611 2900 1892 2978 συμμαχίᾳ

247 2991 423 3051 what;
517 2989 804 3064 ἀμύνοντα,
895 2991 1210 3047 Ἐλάνθανον
1303 2987 1356 3044 δὲ
1445 2987 1541 3066 ἄρα
1631 3002 1889 3067 πονηροῖς

1981 1833 2198 1912 fulguri
2250 1834 2438 1896 forma
2468 1835 2719 1912 similes,
2753 1836 3063 1917 alatosque
3119 1845 3180 1902 et
3207 1837 3283 1900 iis
3311 1839 3414 1916 qui
3456 1833 3628 1904 vide?-

1981 1921 2146 1996 bant,
2181 1941 2457 2002 magnum
2488 1923 2808 1987 aﬂ‘ereutes
2852 1932 3170 2002 terrorem,
3202 1935 3267 1989 ut
3294 1925 3398 2007 qui
3428 1935 3628 1992 essent

1982 2011 2168 2091 parati
2189 2011 2261 2074 ad
2285 2029 2420 2073 eum
2447 2011 2933 2076 defendendum:
2968 2021 3144 2095 caput
3173 2023 3376 2078 autem
3408 2033 3632 2080 corona

1979 2099 2692 2181 redimibant.Postquam
2719 2118 2858 2163 vero
2880 2100 3014 2164 aliis
3030 2121 3270 2184 quoque
3289 2106 3630 2168 communi-

1982 2189 2134 2251 cavit
2181 2189 2265 2264 id,
2302 2190 2459 2270 quod
2501 2189 2810 2266 cernebat,
2841 2199 2904 2253 et
2943 2189 3169 2254 invenit
3197 2211 3302 2257 eos
3325 2195 3628 2277 eamdem,

1982 2297 2158 2360 quam
2189 2277 2320 2358 ipse
2344 2287 2680 2359 aspexerat,
2709 2278 2929 2342 vidisse
2955 2280 3272 2347 visionem.
3304 2284 3452 2350 Cum
3483 2283 3631 2356 nihil

1983 2375 2142 2430 esset
2163 2367 2321 2449 quod
2343 2367 2942 2449 dubitaret,constitit
2965 2377 3238 2451 repente,
3263 2389 3398 2433 cum
3421 2389 3456 2433 e
3486 2372 3633 2437 sede

1983 2457 2293 2533 exiliisset,
2318 2466 2378 2520 et
2405 2456 2679 2519 clamavit
2699 2456 2774 2519 ad
2805 2457 3088 2538 populum
3114 2477 3131 2522 :
3163 2459 3268 2522 Est
3297 2459 3396 2522 hic
3421 2477 3634 2524 revera

1979 2549 2101 2610 veri
2151 2545 2258 2608 Dei
2290 2545 2548 2608 famulus
2582 2549 2786 2616 (manu
2817 2553 3084 2609 sanctum
3136 2547 3524 2624 ostendens):
3572 2557 3633 2613 et

1981 2653 2233 2716 magnus
2257 2643 2350 2698 est
2371 2635 2629 2715 is,quem
2643 2652 2754 2697 nos
2765 2633 2942 2697 docet
2965 2635 3163 2700 colere
3179 2635 3368 2700 Deum
3398 2654 3626 2702 verum:

1982 2726 2083 2806 qui
2132 2725 2282 2788 adeo
2332 2722 2578 2806 quidem
2629 2723 3068 2786 admirabiliter
3117 2731 3177 2788 et
3233 2731 3440 2788 contra
3495 2725 3632 2807 opi-

1980 2815 2224 2877 nionem
2257 2813 2535 2894 proprios
2561 2811 2838 2891 refringit
2870 2813 3152 2878 athletas:
3180 2831 3214 2876 e
3246 2813 3412 2876 caelis
3437 2822 3635 2876 autem

1979 2903 2089 2979 eis,
2125 2912 2188 2966 ut
2236 2902 2470 2977 videtis,
2504 2900 2714 2964 tribuit
2742 2902 3039 2965 victorias.
3091 2901 3164 2966 Et
3190 2901 3630 2983 intelligentem

1977 2994 2061 3056 eis
2108 3010 2283 3073 opem
2333 2990 2555 3063 ferens,
2590 3009 2694 3053 eos
2741 2989 3030 3052 defendit.
3081 2989 3440 3072 Imprudens
3486 3009 3628 3055 vero

247 3074 435 3152 δαίμοσι
500 3080 877 3159 προσανέχων,
938 3081 1023 3135 καὶ
1093 3081 1226 3147 ὑμᾶς
1282 3079 1576 3135 ἀναπείθων
1622 3079 1887 3156 βουλομέ-

1981 3099 2136 3177 eram
2189 3079 2362 3177 malis
2393 3079 2631 3141 deditus
2663 3077 3075 3177 daemonibus,
3109 3087 3167 3143 et
3183 3078 3478 3177 Avolebam
3525 3079 3626 3177 id-

239 3189 343 3230 νονς
375 3169 451 3242 τῷ
486 3175 701 3246 Χριστῷ
730 3169 907 3232 καλῶς
934 3170 1219 3231 πείθεσθαι,

310 3351 442 3411 KA'.
521 3358 695 3408 Ταῦτα
765 3349 959 3428 λέγων,
1021 3350 1232 3426 ἕτοιμος
1290 3351 1384 3425 μέν
1457 3351 1522 3418 ἧν
1593 3352 1760 3427 ὁρμᾶν
1807 3351 1892 3405 καὶ

229 3446 327 3495 τῶν
415 3447 518 3496 τοῦ
603 3441 865 3519 μάρτυρος
922 3439 1096 3496 ποδῶν
1164 3440 1436 3496 ἅπνεσθαι·
1519 3441 1771 3518 ἒπείχετο
1840 3437 1894 3493 δὲ

223 3530 302 3585 ἐπὶ
397 3529 544 3586 πολὺ
613 3536 680 3605 τῇ
750 3529 1075 3598 καταπλήξει
1157 3535 1262 3585 τῶν
1332 3528 1574 3608 ἀγγέλων
1661 3531 1746 3585 καὶ
1814 3532 1891 3599 τῷ

223 3620 468 3692 θεάματι,
556 3616 816 3697 Αἰφνίδιον
881 3621 969 3675 οὖν
1039 3618 1264 3696 ἀφανεῖς
1318 3618 1416 3693 μὲν
1473 3621 1520 3674 οἱ
1575 3617 1814 3697 ἄγγελοι·
1863 3619 1890 3672 ὁ

222 3705 292 3786 δὲ,
323 3706 747 3785 προσοδραμὼν,
780 3709 868 3764 καὶ
917 3710 1023 3763 τῶν
1059 3714 1154 3764 τοῦ
1213 3708 1361 3785 ἁγίου
1422 3705 1597 3764 ποδῶν
1654 3705 1890 3782 λαϐόμε-

224 3821 324 3869 νος,
360 3797 541 3877 ἐφίλει
602 3819 658 3852 τε
685 3795 880 3872 ἡδέως,
913 3796 1032 3871 καὶ,
1069 3795 1246 3876 Εὗξαι,
1277 3798 1406 3875 πρὸς
1469 3798 1623 3856 αὒτὸν
1687 3795 1890 3873 ἔλεγεν,

223 3886 477 3952 ἀληθινοῦ
554 3886 685 3942 Θεοῦ
753 3887 990 3966 ὑπηρέται
1022 3934 1038 3966 ,
1113 3888 1210 3942 καῗ
1279 3907 1405 3965 προς
1477 3887 1572 3953 τῆς
1643 3884 1889 3952 ἀληθείας

221 3981 404 4050 αὐτῆς,
443 3977 520 4044 ἣν
582 3976 878 4052 κηρύττεις,
913 3975 1051 4040 εὖξαι
1111 3973 1294 4032 δοῦλον
1354 3975 1491 4050 κάμὲ
1537 3975 1623 4030 τὸν
1683 3973 1892 4039 ἀνάξιον

219 4068 299 4122 καὶ
385 4065 671 4123 δουλεῦσαι
757 4073 832 4139 τῷ
917 4071 1052 4138 Θεῷ.
1141 4071 1244 4121 Νῦν
1328 4065 1568 4140 ᾐσθόμην
1638 4062 1698 4119 ἐκ
1788 4065 1893 4119 των

222 4159 328 4234 περὶ
388 4158 455 4212 σὲ
532 4155 836 4230 θεαμάτων,
894 4154 1030 4220 οἵοις
1101 4159 1344 4233 χρῶνται
1408 4166 1524 4216 τοϊς
1592 4151 1893 4232 δορυφόροις

220 4247 262 4300 οἱ
319 4245 566 4325 γνησίως
612 4251 822 4323 Χριστῷ
878 4246 1322 4323 προσερχόμενοι·
1379 4244 1467 4300 καὶ
1510 4243 1625 4300 ὅθεν
1684 4244 1889 4326 αὐτοῖς,

221 4337 305 4391 καὶ
362 4341 482 4392 οἷαι
547 4340 654 4389 τῶν
711 4333 963 4410 καμάτων
1021 4335 1073 4391 αἱ
1134 4331 1372 4409 ἀμοιϐαὶ,
1442 4335 1530 4389 καὶ
1586 4335 1658 4397 ὡς
1730 4330 1892 4398 ξένοις

1927 3157 2168 3250 ’ἰρειιπι
2205 3169 2375 3232 vobis
2425 3166 2815 3250 persuadere,
2849 3167 2953 3249 qui
2982 3157 3146 3232 recte
3173 3167 3410 3233 Christo
3459 3167 3625 3233 vole-

1973 3259 2126 3322 batis
2160 3275 2400 3322 parere.

2056 3277 2645 3426 dicens,
2675 3352 2913 3425 paratus
2940 3344 3182 3427 quidem
3205 3352 3332 3409 erat
3358 3362 3627 3426 currere,

1978 3446 2036 3500 et
2066 3454 2351 3518 prensare
2389 3435 2572 3516 pedes
2595 3435 2868 3515 martyris
2904 3454 2918 3496 :
2952 3435 3054 3497 diu
3087 3445 3283 3498 autem
3315 3453 3450 3497 cum
3477 3435 3630 3498 reti-

1973 3529 2103 3590 nuit
2138 3535 2329 3588 terror
2359 3535 2422 3589 et
2448 3526 2851 3606 spectaculum
2881 3525 3252 3603 angelorum.
3288 3529 3485 3603 Atque
3525 3541 3628 3586 re-

1977 3624 2155 3698 pente
2187 3615 2428 3696 quidem
2458 3621 2833 3675 evanuerunt
2853 3615 3070 3692 angeli.
3105 3613 3214 3675 Ille
3244 3629 3383 3674 vero
3413 3628 3628 3674 accur-

1974 3724 2138 3781 rens,
2171 3714 2228 3766 et
2253 3703 2444 3765 sancti
2475 3702 2660 3783 pedes
2693 3699 3448 3783 apprehendens,suaviter
3474 3698 3626 3762 deo-

1976 3793 2315 3858 sculabatur
2340 3799 2400 3854 et
2432 3792 2488 3852 ei
2517 3789 2786 3852 dicebat:
2825 3787 2966 3865 Ora,
2997 3807 3137 3852 vere
3161 3789 3268 3854 Dei
3297 3805 3625 3868 serve,ora,

1977 3901 2197 3965 quaeso,
2238 3899 2345 3962 per
2375 3886 2587 3960 ipsam,
2613 3897 2789 3960 quam
2814 3878 3468 3960 praedicas,veritatem:
3496 3895 3623 3956 ora,

1976 3981 2041 4036 ut
2071 3991 2178 4050 ego
2224 3988 2463 4052 quoque
2495 3968 2775 4047 indignus
2807 3969 2943 4031 ﬁam
2979 3985 3208 4044 servus,
3243 3975 3301 4030 et
3349 3965 3474 4029 Deo
3523 3973 3625 4029 tuo

1977 4061 2253 4124 serviam.
2305 4058 2473 4121 Nunc
2504 4057 2666 4118 sensi
2698 4075 2768 4119 ex
2797 4056 2894 4134 iis,
2928 4075 3062 4138 quae
3090 4057 3153 4118 in
3186 4065 3240 4118 te
3270 4056 3423 4155 facta
3464 4061 3628 4155 sunt,

1975 4149 2355 4232 spectaculis,
2416 4146 2771 4230 quibusnam
2845 4154 3086 4209 utantur
3141 4145 3629 4232 satellibus,qui

1975 4231 2258 4321 germane
2278 4237 2351 4302 ad
2375 4236 2675 4300 Christum
2706 4234 3014 4311 accedunt,
3042 4243 3101 4298 et
3121 4234 3421 4298 undenam
3450 4231 3540 4296 eis
3566 4240 3630 4294 et

1977 4330 2180 4411 quales
2202 4329 2318 4389 sint
2342 4325 2612 4388 laborum
2639 4322 3184 4400 remunerationes,
3205 4331 3265 4387 et
3294 4322 3457 4404 quod
3489 4328 3629 4384 sunt

225 4427 319 4480 τισὶ
375 4428 471 4481 καὶ
535 4421 785 4502 φοϐεροῖς
841 4422 1127 4502 δπηρὲταις
1207 4421 1632 4502 δορυφοροῦνται.
1712 4424 1892 4480 Καθά-

1981 4418 2335 4499 quibusdam
2369 4418 2583 4480 alienis
2631 4426 2689 4479 et
2719 4415 3087 4479 terribilibus
3116 4417 3319 4497 stipati
3347 4411 3627 4477 satelliti-

225 4518 452 4592 περκαὶ
520 4517 604 4583 σὺ,
641 4515 698 4569 οἳ
754 4514 841 4569 καὶ
899 4515 973 4575 ὡς
1032 4512 1240 4587 ἐναγεῖς
1284 4514 1427 4584 ἡμᾶς
1486 4513 1572 4568 καὶ
1629 4507 1890 4587 βεϐήλους

1981 4492 2110 4591 bus,
2143 4517 2206 4571 ut
2233 4516 2295 4570 tu
2327 4526 2584 4589 quoque.
2621 4505 2734 4579 Qui
2765 4525 2873 4570 nos
2909 4507 3091 4570 etiam
3119 4492 3406 4588 tanquam
3430 4502 3627 4567 scele-

231 4604 385 4682 μέχρι
441 4605 589 4666 τινὸς
640 4603 946 4659 ἀπωθοῦντα
989 4607 1056 4678 τῇ
1113 4602 1231 4676 ὄψει
1274 4603 1360 4657 καὶ
1392 4601 1756 4680 ἀπετείχιζον,
1791 4600 1891 4674 ὀψὲ

1981 4609 2132 4669 ratos
2180 4605 2238 4660 et
2270 4598 2569 4679 profanos,
2605 4597 2730 4658 visu
2777 4596 3122 4678 aliquandiu
3151 4594 3526 4678 repellebant
3572 4599 3632 4655 et

453 4673 1042 4772 φιλανθρωπευθέντες,
1118 4673 1514 4770 παρεχώρησαν
1583 4673 1753 4766 ἠμυν-
1793 4673 1890 4756 τῆς

1981 4673 2622 4752 amovebant.Tandem
2651 4694 2846 4749 autem
2871 4673 2962 4749 usi
2995 4673 3382 4765 humanitate,
3409 4693 3506 4746 tua
3529 4699 3632 4745 no-

224 4785 530 4860 ἁγιωσύνης
603 4785 688 4838 καὶ
761 4781 1142 4859 καθαρότητος.
1227 4783 1324 4838 Καὶ
1393 4778 1622 4853 δέδοικα,
1699 4781 1892 4854 μήπως

1981 4779 2069 4841 bis
2100 4784 2410 4840 cesserunt
2441 4779 2757 4839 sanctitate
2785 4783 2846 4838 et
2874 4776 3130 4855 puritate
3155 4795 3170 4839 :
3203 4784 3263 4837 et
3287 4790 3525 4850 vereor,
3555 4788 3632 4834 ne

225 4873 517 4940 ἂπώσηταί
589 4894 655 4946 με
726 4870 1083 4948 προσελθόντα
1153 4871 1400 4946 Χριστὸς,
1473 4868 1737 4944 ἀξιοῦντα,
1809 4881 1894 4933 καὶ

1981 4887 2077 4930 me
2107 4867 2494 4930 accedentem
2543 4863 2817 4928 Christus
2861 4862 3175 4946 repulerit,
3205 4871 3538 4943 rogantem,
3575 4867 3635 4922 et

226 4965 358 5042 μέγα
421 4970 586 5018 τοῦτο
645 4963 732 5017 οιαὶ
786 4961 916 5037 ὑπὲρ
973 4963 1126 5032 ἡμῶν
1181 4959 1498 5038 ἦγούμεθον,
1558 4972 1676 5022 τοῖς
1723 4959 1894 5038 ἐσχά-

1981 4958 2097 5020 hoc
2129 4974 2436 5035 magnum,
2470 4961 2528 5015 et
2558 4955 2716 5042 quod
2749 4962 2952 5015 nostra
2981 4952 3195 5042 merita
3224 4959 3487 5033 superat,
3520 4967 3632 5030 po-

221 5040 328 5116 τοις
405 5059 526 5109 τῶν
584 5049 782 5107 ὃοῦλων
859 5056 1014 5108 αὗτοῦ
1088 5051 1478 5110 συντάττεσθαι,
1559 5047 1704 5116 Πλὴν
1761 5047 1894 5104 ἀλλὰ

1983 5046 2400 5123 stulantem,nt
2417 5043 2646 5105 referar
2665 5040 2726 5100 in
2753 5059 3071 5104 numerum
3096 5041 3470 5103 inﬁrmorum
3492 5056 3633 5100 suo-

228 5144 308 5199 Ααὶ
367 5142 553 5204 όῦτως
608 5140 886 5217 ἀγαπητὸν
957 5139 1192 5217 ἥγημαι,
1251 5138 1485 5194 τοιούτου
1546 5159 1612 5212 με
1666 5137 1894 5216 τυχόντα

1985 5153 2117 5196 rum
2150 5132 2530 5194 famulorum.
2547 5129 3083 5192 Verumenimvero
3107 5130 3196 5192 sic
3225 5145 3467 5210 quoque
3489 5143 3634 5209 pm-

227 5232 354 5289 Θεοῦ
389 5279 407 5306 ,
507 5232 592 5287 οιαὶ
659 5227 804 5294 δίκας
878 5231 1268 5310 εἰσπραχθῆναι
1339 5229 1437 5293 τῆς
1532 5224 1894 5304 προλαϐοόσης

1985 5223 2148 5286 clare
2180 5239 2416 5283 mecum
2440 5219 2537 5299 agi
2563 5217 2865 5296 existimo,
2893 5225 2943 5280 si
2974 5219 3151 5283 talem
3179 5222 3369 5281 Deum
3400 5234 3637 5281 assecu-

227 5322 438 5389 πλάνης
475 5322 566 5375 καὶ
599 5321 888 5395 παρανοίας

1988 5323 2108 5393 tus,
2142 5313 2298 5373 luam
2329 5328 2534 5392 poenas
2567 5309 2803 5393 pristini
2836 5312 3061 5373 erroris
3091 5319 3151 5374 et
3179 5309 3480 5374 amentia).

306 5411 444 5474 ΚΝ,
512 5411 610 5467 Καὶ
665 5411 692 5464 ὁ
753 5409 928 5487 ἅγιος,
976 5408 1189 5488 Θάρσει,
1236 5407 1362 5486 ἔφη,
1410 5404 1752 5484 λαμπρότατε
1813 5404 1894 5463 ἕπε

2066 5400 2244 5465 ΧΧΙΙ.
2279 5402 2534 5465 Sanctus
2563 5409 2761 5462 autem
2790 5417 2804 5464 :
2837 5399 3003 5463 Bono
3031 5401 3230 5463 animo
3261 5397 3635 5482 esto,inquit,

230 5523 391 5582 αρχε,
463 5499 562 5556 καὶ
635 5497 802 5572 μηδὲν
869 5501 988 5576 περὶ
1044 5497 1141 5565 τήν
1216 5505 1308 5556 τοῦ
1380 5502 1511 5553 Θεοῦ
1576 5494 1894 5560 ἆνεξιυιακίαι

1990 5491 2331 5582 clarissime
2350 5489 2895 5582 praefecte,_neque
2911 5491 3234 5573 quidquam
3276 5489 3367 5582 de
3382 5489 3643 5582 clement-

231 5576 581 5676 ἒπιόοιάσης.
661 5586 806 5666 Ἐγὼ
860 5589 960 5668 γὰρ
1019 5585 1103 5643 ἐπ’
1178 5586 1406 5664 ἐμαυτοῦ
1488 5585 1758 5664 πειραθεὶς
1816 5592 1894 5642 τοί

1989 5583 2071 5647 tia
2098 5581 2206 5647 Dei
2235 5579 2622 5648 dubitaveris.
2653 5578 2773 5658 Ego
2806 5581 2968 5644 enim
3015 5582 3115 5663 qui
3147 5599 3220 5645 ex
3251 5580 3483 5662 meipso
3530 5576 3642 5644 Dei

572 5695 841 5761 PATROL.
891 5697 1008 5762 Gs.
1052 5695 1258 5763 CXVI.
3168 5687 3242 5755 13
