3992 6134
207 256 303 334 397

226 496 283 557 εὶς
308 500 458 551 τοῦτο
488 492 704 556 πολλα.

296 581 420 647 ΚΥ.
459 576 558 648 Ὠς
591 585 689 642 οὖν
746 586 785 654 ἦ
832 610 892 644 τε
944 586 1290 667 ἂναγέννησις
1338 598 1427 648 τοῦ
1478 588 1717 669 ἐπάρχου
1749 590 1871 666 ἐορ-

232 676 388 747 “te.”
441 676 747 757 ἠνάγκαζε,
808 679 896 735 καὶ
968 680 1099 754 πρὸς
1150 678 1404 736 τοσοῦτον
1460 678 1660 745 πλῆθος
1719 677 1876 759 ἐξαρη

234 767 369 822 κέσαι
408 764 609 844 ἄπορον
664 766 759 846 ἦν,
813 769 932 823 τότε
957 768 1054 842 μὲν
1107 770 1133 823 ὁ
1191 768 1341 845 ἅγιος
1388 766 1581 824 διαλύει
1642 780 1703 824 τὸ
1747 768 1873 825 θέα-

236 872 362 932 τρον·
421 856 547 910 εἶτα
605 857 743 933 πρὸς
814 868 925 919 τους
983 857 1303 920 ἐπισκόπους
1365 858 1725 937 ἐπιστραφεὶς,
1803 859 1875 915 Οὒ

238 945 418 1002 δίκαιόν
476 944 651 1021 ἐστιν,
709 944 838 1023 ἔφη,
900 947 1138 1003 τοιούτόυ
1196 947 1294 1014 τὴν
1339 946 1663 1014 Ἐκκλησίαν
1697 944 1874 1025 ἀνδρὸς

250 1038 565 1111 στερηθῆναι,
674 1034 1007 1100 πολυπαθοῦς
1105 1058 1163 1092 τε
1254 1039 1341 1093 καὶ
1412 1036 1704 1116 σώφρονἰς,
1787 1037 1875 1092 καὶ

250 1127 335 1192 τὴν
382 1123 616 1181 διάνοιαν
672 1124 910 1201 ὑψηλοῦ,
972 1127 1146 1202 Ταύτῃ
1194 1148 1277 1182 τοι
1306 1128 1394 1182 καὶ
1431 1124 1511 1181 διὰ
1540 1127 1639 1192 τὴν
1669 1124 1876 1193 πολλὴν

246 1218 344 1291 περὶ
422 1217 512 1270 τὸν
573 1213 729 1292 ἅγιον
790 1213 939 1290 αίδὼ,
998 1214 1163 1291 μηδὲν
1221 1218 1309 1272 τὸν
1343 1207 1667 1294 Ἐρμογένην
1724 1215 1874 1272 ἀντι-

236 1305 609 1384 ερθεγγόμενον,
672 1302 927 1369 λαϐόντες
982 1304 1200 1380 ἐκεῖνοι,
1263 1312 1338 1380 τῷ
1398 1305 1580 1383 κλήρῳ
1625 1307 1873 1381 συναριθα

532 1395 673 1450 Εἶτα
761 1397 891 1473 πρὸς
976 1395 1115 1461 τάξιν
1196 1397 1316 1460 τοὺς
1403 1394 1875 1462 ἐκκλησιαστικοὺς

234 1486 427 1547 πάντας
490 1485 725 1561 βαθμοὺς
789 1484 1133 1564 μετελθόντα,
1194 1485 1480 1541 ἐπίσκοπον
1554 1482 1709 1539 αὐτὸν
1778 1486 1875 1548 τῆς

234 1574 435 1639 πόλεως
471 1578 815 1633 καθιστῶσιν.
869 1574 970 1637 "Oc
1029 1575 1117 1631 καὶ
1174 1575 1308 1648 μετὰ
1365 1574 1463 1641 τὴν
1521 1570 1876 1651 χειροτονίαν,

232 1662 457 1738 ἑϐδόμης
519 1663 813 1731 ἐπιστάσης
867 1664 1094 1740 ἡμέρας,
1154 1665 1465 1742 συναγαγὼν
1494 1660 1618 1718 ὅσον
1674 1666 1877 1738 προσῆν

234 1398 412 1471 μοῦσιν
423 1443 436 1455 ,

1194 276 1663 339 MARTYRIUM
1708 275 1767 337 S.
1816 273 2052 339 MENE
2095 275 2193 338 ET
2238 274 2644 343 SOCIORUM.

216 400 511 470 πεποίηκεν,
568 404 985 487 Ἐπευφήμησε
1054 405 1106 462 δὲ
1169 408 1259 463 τὸν
1321 408 1546 484 Χριστὸν
1604 410 1632 463 ὁ
1702 407 2149 486 δῆμοςΑδαῑθῐη
2183 410 2428 474 nomine

3490 278 3609 357 398

2475 413 2730 494 populus
2765 414 3065 479 Christum
3098 417 3303 482 multis
3329 419 3610 488 laudibus

1956 507 2046 559 est
2075 507 2450 579 prosecutus.
2978 522 2981 525 ·

2037 586 2242 651 XXIV.
2279 588 2568 662 Quoniam
2620 609 2758 655 vero
2809 602 2868 658 et
2919 595 3189 676 prafecti
3232 599 3606 676 regeneratio

1957 676 2205 769 cogebat
2234 678 2453 741 festum
2485 679 2820 760 celebrare,
2853 701 2966 747 nec
3014 684 3188 748 facile
3231 694 3461 769 poterat
3504 706 3608 752 sa-

1960 765 2171 857 tisﬁeri
2228 774 2404 857 tantae
2463 771 2851 848 multitudini,
2905 782 3046 838 tunc
3075 765 3318 857 quidem
3367 786 3609 842 sanctus

1957 852 2197 916 dimittit
2222 856 2541 950 theatrum.
2563 859 2796 924 Deinde
2819 861 2999 926 etiam
3022 852 3348 929 conversus
3372 866 3447 930 ad
3470 870 3609 950 epi-

1957 961 2208 1024 scopos:
2241 946 2376 1008 Non
2399 947 2629 1027 justum
2659 958 2773 1031 est,
2804 951 3018 1032 inquit,
3055 961 3118 1016 ut
3148 952 3420 1018 Ecclesia
3444 946 3608 1022 tanto

1958 1032 2080 1094 viro
2112 1034 2399 1115 privetur,
2434 1036 2536 1117 qui
2567 1045 2658 1100 est
2687 1044 2806 1101 tam
2837 1040 3163 1123 studiosus,
3195 1050 3255 1106 et
3277 1044 3606 1111 modestus.

1962 1130 2021 1184 et
2052 1129 2172 1215 tam
2203 1123 2446 1186 sublimi
2474 1125 2734 1205 ingenio.
2761 1126 2843 1191 Ea
2872 1128 2948 1192 de
2977 1148 3153 1194 causa
3182 1141 3427 1215 propter
3446 1136 3610 1199 mul-

1961 1216 2076 1306 tam
2132 1211 2195 1273 in
2249 1216 2986 1306 sanctnm_reverentiam,
3049 1211 3199 1283 cum“
3236 1211 3610 1306 accepissent

1961 1299 2399 1380 Hermogenem
2432 1303 2582 1366 nihil
2613 1307 3143 1386 contradicentem,
3178 1308 3264 1373 illi
3297 1299 3432 1375 eum
3450 1313 3609 1378 refe-

1960 1398 2099 1481 runt
2131 1391 2191 1481 in
2225 1392 2367 1481 cleri
2400 1411 2738 1461 numerum.
2772 1397 3002 1460 Deinde
3043 1416 3176 1460 cum
3208 1418 3316 1481 per
3334 1402 3609 1466 ordinem

1962 1480 2405 1571 ecclesiasticos
2438 1501 2671 1571 omnes
2726 1487 2944 1566 gradus
2998 1480 3391 1571 transivisset,
3466 1508 3607 1554 eum

1961 1568 2324 1632 constituunt
2353 1570 2698 1654 episcopum
2731 1573 3005 1640 civitatis.
3067 1575 3183 1651 Qui
3231 1568 3410 1640 etiam
3471 1595 3611 1643 cum

1963 1666 2093 1749 post
2120 1658 2475 1749 electionem
2528 1660 2627 1725 die
2674 1662 2928 1745 septimo
2981 1664 3276 1745 coegisset
3314 1665 3611 1749 quidquid

232 1754 365 1827 σῦτῴ
396 1754 644 1832 χρυσίον,
706 1757 791 1810 καὶ
849 1755 945 1822 τὴν
1000 1753 1167 1819 ἄλλην
1230 1760 1402 1809 πᾶσαν
1434 1751 1755 1829 περιουσίαν,
1793 1750 1879 1806 καὶ

1972 1746 2219 1810 habebat
2245 1747 2372 1810 auri
2404 1756 2462 1813 et
2489 1749 2739 1813 aliarum
2774 1752 3141 1834 facultatum,
3165 1761 3226 1817 et
3252 1755 3449 1818 valere
3471 1746 3609 1836 jus-

236 1844 436 1923 χαίρειν
491 1844 657 1899 εἰπὼν
713 1850 883 1922 τρυφῇ
937 1842 1032 1900 καί
1088 1842 1311 1920 βλακείᾳ
1366 1843 1458 1898 καί
1518 1854 1634 1903 τοῖς
1698 1839 1878 1902 ἄλλοις

235 1938 313 1999 οἷς
370 1932 625 2012 χαίρουσι
683 1932 1026 2013 φιλοκόσμων
1087 1935 1283 2012 ψυχαὶ,
1345 1933 1495 2012 χερσὶ
1556 1931 1725 1986 πάντα
1779 1951 1877 1985 πε-

234 2026 397 2093 νήτων
457 2020 650 2084 ἐδίδου.
710 2022 846 2078 Εἶτα
904 2023 992 2079 καὶ
1049 2023 1115 2079 τὰ
1173 2019 1309 2078 ἄλλα
1359 2022 1530 2079 πάντα
1575 2018 1658 2075 δια
1690 2024 1878 2096 μικρᾶς

235 2116 446 2187 θέμενος
501 2113 603 2178 τῆς
662 2110 954 2191 φροντίδος,
1016 2111 1108 2168 σὺν
1171 2112 1326 2168 παντὶ
1382 2115 1458 2184 τῷ
1507 2107 1696 2178 πλήθει
1749 2109 1877 2185 πρὸς

234 2205 315 2258 τὸν
373 2203 514 2260 κατὰ
564 2207 671 2258 τῶν
729 2200 990 2273 δαιμόνων
1062 2198 1391 2266 ἐξωπλίσατο
1448 2198 1713 2273 πόλεμον,
1787 2200 1880 2253 οἷα

237 2296 586 2367 μνησικακῶν
645 2293 829 2353 αὐτοῖς
885 2296 977 2347 τοῦ
1034 2288 1288 2368 προτέρου
1342 2290 1466 2365 βίου
1496 2288 1580 2343 καὶ
1610 2286 1706 2354 τῆς
1733 2284 1876 2343 πλά-

241 2404 325 2447 νης
382 2386 658 2458 κραταιῶς
732 2379 1088 2455 ἀμυνόμενος,
1164 2380 1250 2435 καὶ
1322 2379 1374 2434 ἐν
1456 2377 1618 2454 ὀλίγῳ
1686 2376 1752 2431 τὰ
1821 2396 1877 2430 τε

239 2469 564 2550 ἐφιδρύματα
626 2472 716 2526 καὶ
774 2469 895 2531 τοὺς
954 2470 1167 2545 βωμοὺς
1240 2468 1411 2524 αὒτιῦν
1482 2465 1875 2543 καταστρέψας,

239 2564 313 2617 καὶ
343 2566 449 2616 πᾶν
480 2556 709 2615 εἴδωλον
748 2557 1006 2633 καθελὼν,
1056 2563 1340 2636 πανταχοῦ
1394 2557 1485 2613 τόν
1545 2576 1601 2610 τε
1661 2555 1880 2631 σταυρὸν

240 2650 488 2723 ἐπήξατο,
551 2650 639 2704 καὶ
697 2649 1040 2725 θυσιαστήρια
1104 2648 1487 2718 συνεστήσατο,
1543 2646 1628 2700 καὶ
1674 2645 1735 2700 τὸ
1792 2645 1884 2699 τοῦ

247 2745 465 2812 Χριστοῦ
537 2740 951 2815 προσκυνεῖσθαι
1030 2735 1419 2814 παρεσκεύασεν
1490 2733 1678 2808 ὄνομα.
1753 2733 1881 2795 Τοὺς

243 2830 331 2903 μὲν
370 2828 463 2885 οὖν
520 2826 725 2906 ὄχλους
775 2827 911 2902 μετὰ
958 2833 1113 2883 τοῦτο
1162 2826 1588 2904 προσπίπτοντας
1619 2823 1707 2879 καὶ
1737 2824 1881 2898 βαπ-

241 2922 474 2985 τισθῆναι
563 2915 845 2992 δεομένους
922 2913 1198 2986 ἐϐάπτιζεν
1283 2915 1511 2981 ἑκάστης
1580 2913 1879 2986 τοσούτους,

251 3010 313 3073 ὡς
340 3005 467 3082 μηδὲ
529 3007 740 3085 ἀριθμῷ
796 3003 980 3082 ῥᾳδίως
1042 3005 1223 3071 αὐτοὺς
1279 3001 1687 3063 ῦποϐοίλλεσθαι.
1753 3001 1882 3061 Τοὺς

242 3185 518 3256 ἐπικλήσει
588 3185 728 3261 μόνῃ
790 3190 1022 3262 Χριστοῦ
1071 3189 1406 3263 παραχρῆμα
1461 3181 1556 3239 καί
1611 3180 1703 3238 τοῦ
1763 3179 1879 3237 δαί-

239 3297 392 3350 μονος
441 3277 533 3332 καὶ
586 3285 677 3333 τοῦ
732 3273 927 3336 πάθους
987 3271 1315 3342 ἀπήλαττεν,
1378 3269 1649 3331 Ἐδίδασκέ
1696 3292 1755 3325 τε
1802 3270 1883 3326 ἀεὶ

238 3366 445 3443 ἁγνείας
534 3362 754 3443 ἔχεσθαι
829 3364 915 3417 καὶ
997 3359 1318 3441 θεοσεϐείας,
1400 3360 1880 3439 ταπεινοφροσύνης

238 3475 291 3508 τε
345 3456 432 3510 καὶ
494 3451 711 3531 ἀγάπης
784 3450 1084 3529 πραότητος
1155 3451 1242 3506 καὶ
1313 3448 1712 3523 ἆκτημοσύνης,
1787 3447 1881 3504 καί

235 3547 329 3608 τῆς
360 3541 535 3608 ἄλλης
562 3541 754 3617 ἀρετῆς
807 3541 1004 3615 ὁμοίως
1063 3540 1256 3596 ἑαυτὸν
1314 3552 1430 3604 τοῖς
1491 3535 1885 3613 διδασκομένοις

238 3629 537 3711 ὺπόδειγμα
567 3628 855 3707 προτιθείς.

326 3720 457 3783 KE'.
521 3717 669 3778 Ἐπεὶ
708 3718 794 3776 οὖν
854 3720 913 3776 οὐ
966 3717 1157 3775 πολλαὶ
1221 3716 1439 3787 διῆλθον
1495 3718 1729 3796 ·ἠμ1εραι,
1802 3719 1889 3772 καὶ

241 3813 416 3876 πάσης
447 3810 545 3878 τῆς
580 3807 784 3872 πόλεως
848 3809 918 3871 εἷς
975 3807 1030 3862 ἓν
1059 3809 1339 3887 ιφρόνημα
1385 3805 1758 3879 συνελθούσης,
1795 3805 1888 3881 μία

240 3902 433 3965 πάντες
493 3898 734 3977 ἐγένοντο
794 3898 995 3973 ποίμνη
1062 3904 1307 3977 Χριστοῦ,
1366 3896 1497 3974 ἀνὴρ
1564 3917 1649 3959 τις
1722 3893 1884 3951 δεισι-

240 3989 468 4069 Ξαέμων,
524 3992 634 4045 τῶν
693 3995 785 4045 τοῦ
842 3985 1104 4063 συνεδρίου
1164 3990 1246 4049 εἷς
1320 3985 1642 4047 Ῥουστίκιος
1696 3984 1888 4065 ὄνομα,

242 4080 515 4153 βασκήνας
564 4083 635 4153 τῇ
688 4098 744 4132 τε
802 4075 954 4133 πόλει
1014 4075 1100 4132 καὶ
1160 4076 1294 4150 ἡμῖν
1348 4087 1466 4139 τοῖς
1527 4080 1886 4154 Χριστιανοϊς,

242 4169 337 4224 καί
398 4166 506 4244 ἅμα
561 4170 660 4233 τὴν
718 4166 771 4223 ἐν
831 4178 948 4229 τοῖς
1004 4166 1211 4243 βωμοῖς
1258 4164 1423 4240 μέθην
1456 4165 1541 4221 καὶ
1593 4164 1693 4231 τὴν
1724 4162 1891 4230 ἄλλην

244 4258 524 4335 ἀσέλγειαν
576 4255 696 4334 περί
753 4255 999 4319 πλείονος
1056 4255 1200 4333 ἄγων
1268 4259 1362 4321 τῆς
1420 4255 1561 4331 παρᾶ
1634 4260 1889 4330 Χριστια-

247 4361 360 4409 νοῖς
394 4348 699 4426 ἐγκρατείας
733 4345 820 4401 καὶ
879 4345 1261 4418 κοσμιότητος,
1320 4346 1393 4407 ὡς
1452 4343 1581 4421 εἶχε
1611 4346 1777 4413 θυμοῦ
1804 4345 1891 4398 καὶ

249 4436 433 4516 ὀργῆς,
494 4438 625 4514 πρὸς
684 4435 775 4491 τὸν
833 4432 1060 4510 βασιλέα
1115 4435 1175 4489 τὸ
1226 4435 1392 4511 τάχος
1446 4430 1783 4510 ἀναδραμὼν,
1837 4431 1890 4486 ἐν

1963 1838 2133 1899 sisset
2168 1836 2412 1901 delicias
2441 1846 2500 1901 et
2530 1838 2882 1916 lautitias,et
2910 1841 3026 1906 alia
3055 1841 3271 1925 quibus
3296 1843 3603 1908 delectan-

1965 1927 2059 2013 tur
2086 1942 2291 2013 eorum
2319 1925 2557 2003 animai,
2583 1928 2688 2009 qui
2734 1928 2957 1992 mundo
2979 1928 3383 2013 delectantur,
3405 1931 3610 1997 omnia

1963 2012 2128 2075 dedit
2156 2014 2219 2075 in
2252 2032 2463 2078 manus
2487 2033 2837 2096 pauperum.
2867 2017 3098 2081 Deinde
3126 2037 3261 2082 cum
3290 2012 3472 2085 etiam
3493 2021 3612 2085 alia

1964 2102 2163 2165 omnia
2218 2103 2645 2187 parvifecisset,
2703 2121 2841 2170 cum
2898 2107 3174 2172 universa
3227 2108 3611 2183 multitudine

1962 2210 2028 2254 se
2058 2193 2309 2282 armavit
2332 2192 2405 2255 ad
2437 2191 2660 2256 bellum
2686 2197 3015 2275 gerendum
3038 2204 3248 2260 contra
3274 2197 3608 2282 daemones,

1962 2289 2028 2341 ut
2082 2280 2369 2370 adversus
2428 2300 2577 2364 quos
2653 2293 2885 2363 gereret
2953 2284 3298 2350 inimicitias
3367 2280 3612 2370 propter

1964 2370 2218 2449 priorem
2270 2368 2470 2448 vitam,
2527 2377 2588 2433 et
2635 2389 2841 2434 eorum
2901 2390 3163 2436 errorem
3222 2368 3610 2439 vehementer

1963 2465 2460 2538 persequeretur:
2518 2465 2575 2521 et
2619 2478 2756 2522 cum
2788 2458 2955 2525 brevi
2982 2478 3189 2526 eorum
3219 2462 3352 2525 fana
3384 2470 3442 2526 et
3469 2480 3609 2527 aras

1963 2547 2295 2629 evertisset,
2330 2555 2388 2611 et
2409 2546 2725 2610 simulacra
2744 2548 3083 2630 dejecisset,
3117 2550 3338 2633 ubique
3365 2569 3607 2615 crucem

1964 2636 2088 2698 lixit
2116 2645 2174 2699 et
2203 2636 2265 2698 in
2292 2636 2508 2699 Christi
2530 2637 2774 2701 nomine
2789 2639 3118 2703 construxit
3144 2639 3379 2705 altaria.
3405 2640 3604 2722 Atque

1968 2725 2169 2788 turbas
2199 2725 2441 2806 quidem
2472 2733 2675 2808 postea
2702 2727 2775 2789 'ad
2810 2728 2940 2808 ejus
2968 2728 3151 2811 pedes
3196 2728 3603 2811 procidentes,

1968 2823 2025 2877 et
2059 2823 2334 2896 rogantes
2356 2815 2664 2897 baptizari,
2689 2815 3042 2899 baptizabat,
3065 2825 3181 2881 tam
3213 2817 3432 2881 multos
3451 2836 3608 2900 quo-

1968 2903 2131 2977 tidie,
2165 2912 2230 2966 ut
2259 2922 2371 2967 nec
2396 2904 2572 2967 facile
2602 2915 2799 2986 posset
2829 2924 3039 2971 eorum
3097 2923 3382 2969 numerus
3434 2925 3607 2970 com-

1968 2993 2285 3074 prehendi.
2315 2993 2723 3058 Daemoniacos
2752 3002 2973 3075 autem,
3031 3004 3132 3059 aut
3187 2996 3291 3078 qui
3345 2994 3421 3059 ab
3476 2994 3611 3059 aliis

247 3095 296 3151 δὲ
324 3083 713 3171 δαιμονῶντας,
772 3094 807 3161 ἦ
860 3095 961 3150 ὑπὸ
1020 3097 1201 3150 παθῶν
1258 3092 1448 3172 ἐτέρων
1517 3091 1879 3165 πιεζομένους,

1972 3084 2400 3185 premebantur
2441 3083 2918 3185 aegritudinibns,
2957 3085 3085 3149 sola
3112 3083 3333 3185 Christi
3360 3084 3608 3185 invoca-

1971 3176 2153 3254 tione,
2186 3180 2435 3255 repente
2464 3173 2796 3243 liherabata
2823 3174 3115 3254 daemone,
3152 3182 3211 3237 et
3239 3173 3312 3237 ab
3367 3173 3612 3254 aegritu-

1966 3262 2107 3325 dine
2137 3283 2155 3341 ς
2188 3271 2247 3325 et
2276 3262 2529 3327 docebat
2574 3281 2816 3346 semper
2849 3264 3125 3347 amplecti
3157 3262 3516 3346 castitatem,
3552 3271 3614 3328 et

1969 3353 2127 3434 pium
2165 3352 2271 3416 Dei
2297 3354 2547 3430 cultum,
2584 3354 3100 3436 humilitatemque
3128 3361 3187 3417 et
3229 3353 3613 3430 charitatem,

1969 3443 2629 3522 mansuetudinemque,
2667 3453 2725 3507 et
2754 3444 2835 3507 nil
2864 3442 3206 3525 possidendi
3222 3442 3521 3521 virtutem,
3552 3450 3613 3505 et

1972 3541 2215 3594 caeteras
2237 3531 2522 3597 similiter
2547 3534 2814 3605 virtutes.
2844 3534 3102 3615 seipsum
3134 3550 3474 3614 proponens
3499 3550 3609 3595 ex-

1972 3621 2205 3701 emplar
2233 3620 2330 3697 iis,
2365 3622 2465 3703 qui
2495 3620 2887 3687 docebantur.

2053 3709 2237 3773 XXV.
2264 3710 2412 3773 Cum
2442 3719 2639 3773 autem
2671 3729 2789 3773 non
2823 3709 2992 3772 multi
3011 3708 3143 3773 dies
3163 3709 3613 3792 praeteriissent,

1975 3807 2033 3862 et
2065 3808 2188 3862 tota
2217 3799 2448 3862 civitate
2477 3799 2539 3860 in
2584 3817 2759 3862 unam
2803 3799 3195 3864 conveniente
3251 3798 3616 3864 sententiam

1974 3888 2168 3952 etfecti
2195 3896 2331 3951 sunt
2364 3906 2571 3952 omnes
2601 3907 2751 3952 unus
2781 3907 2924 3969 grex
2953 3887 3192 3966 Christi,
3227 3888 3316 3952 vir
3369 3888 3613 3972 quidam

1973 3977 2211 4042 deditus
2228 3977 2388 4039 falsae
2409 3977 2684 4057 religioni
2714 3977 3075 4056 daemonum,
3101 3996 3259 4042 unus
3275 3996 3348 4041 ex
3377 3985 3612 4055 senatu,

1975 4067 2219 4132 nomine
2243 4066 2570 4147 Rusticius,
2603 4066 2822 4129 civitati
2842 4066 3120 4131 invidens
3141 4075 3200 4131 et
3221 4066 3395 4131 nobis
3417 4067 3616 4132 Chris-

1976 4157 2193 4232 tianis;
2248 4163 2305 4218 et
2353 4156 2528 4218 simul
2580 4155 2956 4231 ebrietatem,
2987 4174 3104 4238 qua
3133 4158 3218 4220 uti
3246 4154 3520 4220 solebant
3542 4156 3620 4221 ad

1976 4264 2131 4319 aras,
2165 4254 2225 4308 et
2252 4246 2544 4327 reliquam
2591 4245 3113 4327 intemperantiam
3145 4245 3335 4326 pluris
3367 4244 3616 4328 faciens,

1975 4354 2152 4417 quam
2183 4353 2339 4416 eam,
2372 4353 2508 4413 qua:
2537 4343 2628 4398 est
2667 4334 2822 4416 apud
2869 4332 3259 4412 Christianos,
3312 4333 3622 4398 abstinen-

1974 4430 2113 4487 tiam
2146 4436 2203 4487 et
2234 4425 2731 4506 moderationem,
2785 4425 2865 4486 ita
2924 4431 2986 4486 ut
3044 4432 3169 4487 erat
3215 4423 3305 4487 ira
3333 4424 3621 4507 percitus,

506 4510 680 4581 πάντα
734 4522 1052 4602 διαγορεύει,
1116 4510 1423 4596 Ἢθέτηται,
1484 4519 1678 4599 λέγων,
1750 4526 1884 4577 πᾶσα

1982 4532 2192 4594 magna
2220 4514 2529 4577 celeritate
2558 4532 2806 4578 currens
2838 4513 2913 4577 ad
2943 4514 3394 4597 imperatorem,
3416 4513 3626 4593 paucis

260 4615 421 4690 θυσία,
478 4612 839 4694 περιύϐρισται
896 4614 963 4668 τὰ
1019 4614 1186 4679 σεμνὰ
1242 4618 1348 4668 τῶν
1399 4615 1552 4690 θεῶν,
1598 4608 1895 4686 κατέστρα-

263 4707 474 4761 πταιτὰ
519 4704 745 4782 τεμένη,
778 4704 959 4779 βωμὸς
1008 4703 1146 4766 ἅπας
1206 4708 1311 4757 ’τῶν
1369 4704 1501 4757 θεῶν
1558 4697 1896 4767 καταϐέϐλη-

258 4811 365 4870 ται,
420 4796 504 4850 καὶ
561 4791 744 4857 ἁπλῶς
807 4792 907 4858 τὴν
962 4812 1019 4847 τε
1078 4796 1181 4846 τῶν
1242 4791 1376 4847 θεῶν
1402 4791 1720 4864 καθαίρεσιν,
1779 4792 1898 4846 εἶτα

261 4880 351 4935 καί
381 4883 478 4949 τὴν
538 4888 629 4939 τοῦ
686 4880 928 4960 ἐπάρχου
985 4883 1266 4955 μετάθεσιν
1323 4878 1633 4955 καταλέγει,
1692 4879 1781 4935 καὶ
1825 4881 1897 4943 ὡς

267 4975 613 5051 συνυπαχθεὶς
685 4974 713 5027 ὃ
783 4969 1023 5049 ἔπαρχος
1083 4961 1408 5048 Ἑρμογένης
1469 4968 1641 5040 εὖνοίᾳ
1698 4967 1902 5040 παλαιᾷ

261 5061 345 5115 καὶ
398 5060 564 5140 κέρδει
609 5060 874 5134 πολιτικῷ
923 5064 1000 5131 τῷ
1054 5057 1210 5131 δεινῷ
1266 5059 1363 5126 τὴν
1420 5057 1663 5136 γλῶτταν
1724 5062 1901 5131 Μηνᾷ,

1981 4611 2181 4666 narrat
2219 4605 2454 4667 omnia:
2489 4604 2792 4668 Aholitum
2826 4611 2937 4681 est,
2971 4604 3203 4686 dicens,
3239 4622 3416 4668 omne
3444 4604 3634 4669 sacri-

1981 4694 2180 4756 ficium
2215 4711 2232 4770 ;
2287 4694 2647 4757 contumelia
2688 4702 2778 4757 est
2824 4694 3032 4757 affecta
3062 4694 3313 4758 deorum
3355 4693 3630 4775 magniﬁ-

1981 4784 2197 4861 centia,
2232 4801 2438 4847 eversa
2486 4795 2626 4846 sunt
2679 4782 2945 4865 templa;
3005 4782 3202 4846 diruta
3257 4790 3397 4846 sunt
3424 4781 3630 4846 omnia

1984 4874 2230 4937 deorum
2256 4874 2485 4952 altaria,
2517 4885 2577 4938 et
2593 4873 2667 4936 ad
2691 4892 3009 4955 summam,
3040 4873 3223 4936 refert
3245 4872 3494 4936 deorum
3515 4871 3628 4935 de-

1985 4964 2354 5041 letionem,et
2378 4964 2637 5046 praefecti
2666 4963 3055 5025 mutationem
3080 4983 3096 5039 ;
3129 4970 3187 5025 et
3211 4961 3370 5043 quod
3387 4959 3632 5042 praefec-

1989 5061 2081 5115 tus
2137 5054 2565 5133 Hermogenes,
2613 5063 2812 5115 vetere
2860 5050 3282 5127 benevolentia
3340 5056 3402 5112 et
3457 5048 3629 5113 lucro

264 5138 468 5229 σχεδὸν
506 5156 683 5208 πᾶσαν
736 5151 837 5216 τὴν
894 5148 1094 5227 ἀρχὴν,
1165 5148 1296 5223 πρὸς
1349 5148 1438 5203 τὸν
1508 5146 1884 5227 ὲσταυρωμένοε

1989 5141 2146 5204 civili
2178 5142 2454 5205 inductus
2501 5141 2576 5205 ab
2620 5140 2936 5222 eloquente
2965 5139 3157 5223 Mena,
3191 5139 3472 5229 universo
3501 5138 3630 5204 fere

264 5252 641 5298 συναποκλϊναι
741 5238 1029 5318 παρέπεισε
1066 5253 1079 5267 ”
1182 5239 1269 5294 καὶ
1351 5234 1455 5304 ἤδη
1527 5249 1901 5314 προσκυνεῖται

264 5328 358 5403 μὲν
388 5326 548 5393 ἀδεῶς
608 5326 898 5408 πανταχοῦ
951 5327 978 5382 ὁ
1039 5326 1286 5406 Χριστός.
1353 5322 1589 5393 ’Δπῆλθε
1636 5323 1692 5380 δὲ
1731 5325 1902 5382 ὀπίσω

264 5421 415 5478 αὺτοῦ
442 5426 587 5477 πᾶσα
647 5420 682 5488 ἡ
746 5413 1139 5489 Ἀλεξάνδρεια.
1201 5424 1374 5474 Ταῦτα
1424 5415 1609 5488 εἰπὼν,
1660 5412 1753 5469 ἵνα
1807 5413 1903 5470 καί

265 5507 416 5567 πλέον
484 5509 647 5567 αὐτὸν
721 5505 990 5587 ἐξοργίσῃ,
1062 5507 1145 5562 καὶ
1217 5507 1347 5585 πρὸς
1425 5504 1522 5572 τὴν
1591 5504 1726 5561 κατὰ
1794 5509 1900 5560 τῶν

261 5598 583 5681 Χριστιανῶν
655 5596 920 5677 τιμωρίαν
993 5592 1226 5676 ἒκμῆνῃ,
1295 5592 1631 5675 προστίθησιν
1699 5593 1798 5669 ὡς,
1844 5593 1898 5652 Εἴ

1987 5230 2283 5314 persuasit
2305 5230 2581 5313 imperio,
2615 5236 2681 5293 ut
2703 5229 3031 5294 declinaret
3057 5231 3131 5293 ad
3153 5227 3515 5293 Cruciﬁxum
3532 5249 3551 5311 ;
3571 5236 3634 5294 et

1977 5322 2101 5402 jam
2138 5318 2381 5401 quidem
2438 5318 2659 5402 ubique
2713 5337 2926 5383 secure
2991 5319 3270 5383 adoratur
3325 5317 3627 5382 Christus:

1984 5429 2122 5475 eum
2153 5418 2350 5474 autem
2407 5418 2617 5474 secuta
2645 5417 2734 5473 est
2762 5418 2881 5473 tota
2906 5409 3287 5474 Alexandria.
3321 5404 3462 5472 Haec
3492 5426 3632 5473 cum

1986 5500 2256 5578 dixisset,
2286 5507 2349 5562 ut
2370 5517 2507 5562 eum
2541 5500 2728 5582 magis
2755 5510 3107 5582 provocarat
3125 5498 3201 5563 ad
3230 5497 3630 5576 iracundiam,

1988 5599 2045 5658 et
2071 5591 2144 5656 ad
2176 5605 2381 5674 poenas
2411 5589 2486 5659 de
2517 5589 2856 5661 christianis
2886 5589 3210 5658 sumendas
3264 5587 3462 5660 acrius
3487 5584 3635 5656 irri-
