4006 6146
361 307 479 386 399

1664 307 1827 370 ΜΕΝ
1834 300 1947 368 SIS
1998 293 2426 367 DECEMBEB.

3614 296 3732 365 400

361 463 538 535 taret,
567 454 814 536 adjicit:
839 450 969 517 Nisi
998 444 1112 514 hoc
1142 446 1250 510 tibi
1281 439 1717 536 magnaefuerit
1743 457 1927 513 curse,
1948 446 2006 536 et

2093 441 2170 515 μή
2198 438 2284 496 διὰ
2334 439 2543 507 πολλῆς
2585 443 2739 497 τοῦτο
2798 441 2943 505 θείης
2992 435 3256 517 φροντίδος
3313 458 3370 492 τε
3426 439 3514 493 καὶ
3568 435 3737 511 μελέ-

362 566 399 612 a
451 528 811 628 tequidem
869 544 1208 604 evertantur
1255 551 1355 628 res
1395 528 1895 628 Christianorum,
1944 529 2006 592 in

361 617 683 719 pristian
737 649 874 695 vero
924 636 1144 719 statum
1171 623 1565 719 restituantur
1594 635 1696 680 res
1730 617 2005 719 deorum,

363 706 493 790 scio
522 724 674 799 fore,
708 729 774 786 ut
825 726 990 781 tuum
1049 712 1291 796 quidem
1349 706 1670 789 imperium
1723 707 2010 799 citissime

357 797 694 878 evertatur:
729 808 1117 872 conﬁrmetur
1144 807 1342 863 autem
1398 813 1651 877 regnum
1701 797 1854 877 ejus,
1907 800 2008 877 qui

356 903 578 966 dicitur
606 898 900 965 Christus.

438 987 648 1055 XXVI.
705 985 831 1050 Hoc
886 1000 1031 1046 cum
1067 979 1391 1044 audivisset
1444 974 1827 1051 Maximinus,
1874 975 2007 1037 fore

358 1079 628 1163 quidem,
659 1084 725 1139 ut
746 1091 919 1163 suum
943 1080 1254 1163 corrueret
1284 1065 1626 1163 imperium,
1656 1063 1875 1163 Christi
1888 1082 2004 1163 _au-

354 1153 481 1230 tem
509 1153 760 1246 reg-num
794 1161 1129 1240 erigeretur
1160 1178 1173 1220 :
1209 1155 1447 1246 laudato
1478 1153 1720 1234 quidem
1769 1161 1841 1246 et
1876 1154 2001 1246 bo-

357 1243 868 1321 norato'Rusticio
894 1257 1139 1332 propter
1165 1247 1296 1326 ejus
1324 1245 1389 1306 in
1420 1244 1613 1325 ipsum
1659 1252 1717 1332 et
1765 1243 1826 1304 in
1858 1243 2004 1306 deos

358 1342 859 1422 benevolentiam,
898 1331 1202 1403 efferatus
1257 1333 1542 1396 adversus
1572 1331 2007 1422 praefectumet

359 1434 704 1497 universam
719 1420 1109 1503 civitatem,et
1123 1423 1309 1503 magis
1325 1440 1503 1503 quam
1526 1420 1835 1501 expediret
1848 1420 2007 1482 indi-

360 1532 596 1604 gnatus,
612 1519 816 1584 statuit
832 1518 933 1581 ille
953 1517 1089 1597 ipse
1118 1516 1401 1577 continuo
1432 1509 2005 1604 proﬁciscittlexan-

358 1598 553 1677 driam
585 1627 798 1691 magno
828 1606 1024 1670 studio
1052 1611 1113 1667 et
1139 1609 1450 1691 apparatu,
1495 1616 1647 1691 cum,
1680 1598 2005 1691 bellicoso-

2089 549 2210 603 της,
2273 529 2361 586 καὶ
2418 531 2695 608 ἀνατραπῇ
2765 528 2862 603 μὲν
2933 526 3024 583 ἐπί
3097 528 3191 583 σοῦ
3246 525 3314 581 τὰ
3385 530 3733 604 Χριστιανῶν,

2089 619 2290 694 ἀναστῇ
2349 615 2403 674 δὲ
2435 619 2502 674 τὰ
2547 625 2651 674 τῶν
2706 620 2860 693 θεῶν,
2923 615 3048 674 οῖδα
3105 618 3179 679 ὡς
3235 616 3735 695 καταστραφήσεται

2089 707 2251 782 μὲνὴ
2302 708 2369 774 σὴ
2428 707 2670 783 βασιλεία
2727 705 2885 786 τάχει
2942 704 3150 781 πολλῷ,
3215 703 3632 781 βεϐαιωθήσεται
3681 703 3737 761 δὲ

2087 799 2122 864 ἡ
2161 802 2249 853 τοῦ
2274 795 2561 877 λεγομένου
2593 803 2839 876 Χριστοῦ,

2174 974 2320 1049 [ις’.
2396 981 2560 1033 Τοῦτο
2632 974 2928 1049 Μαξιμϊνος
3013 972 3269 1055 ἀκούσάς,
3342 976 3416 1040 ὡς
3485 987 3738 1033 πεσεῖται

2089 1063 2188 1139 μὲν
2246 1066 2278 1131 ἡ
2337 1065 2516 1135 αὐτοῦ,
2578 1064 2932 1132 ἀναστήσεται
2991 1062 3045 1120 δὲ
3103 1066 3136 1132 ἡ
3188 1071 3414 1143 Χριστοῦ
3466 1064 3736 1144 βασιλεία,

2086 1154 2177 1208 τὸν
2235 1153 2334 1228 μὲν
2397 1152 2714 1210 Ῥουστίκιον
2774 1158 2873 1220 τῆς
2932 1176 2989 1211 τε
3047 1155 3121 1216 εἷς
3176 1156 3336 1214 αὐτὸν
3390 1156 3613 1224 εὖνοίας,
3650 1152 3738 1210 καὶ

2086 1242 2182 1310 τῆς
2267 1243 2339 1307 εἱς
2409 1243 2528 1308 τοὺς
2613 1243 2759 1307 θεοὺς
2826 1242 3212 1317 ἀποδεξάμενος
3298 1243 3388 1300 καὶ
3471 1242 3733 1320 τιμήσας,

2086 1331 2337 1410 ἀγριάνας
2389 1330 2444 1387 δὲ
2503 1331 2697 1412 σφόδρα
2756 1333 2891 1389 κατά
2923 1354 2977 1389 τε
3009 1341 3102 1390 τοῦ
3130 1333 3375 1413 ἐπάρχου
3423 1333 3508 1389 καὶ
3556 1334 3736 1401 πάσης

2084 1420 2183 1488 τῆς
2211 1419 2442 1496 πόλεως,
2504 1422 2593 1478 καὶ
2645 1428 2737 1478 τοῦ
2794 1425 2958 1496 θυμοῦ
3016 1421 3220 1497 μᾶλλον
3255 1424 3541 1501 γενόμενος
3573 1421 3607 1489 ἦ
3633 1431 3735 1482 τοῦ

2087 1509 2469 1590 συμφέροντος,
2539 1509 2738 1588 ἔκρινεν
2809 1510 2956 1576 εὒθὺς
3008 1512 3163 1572 αὐτὸς
3214 1511 3421 1575 ἐκεῖνος
3452 1512 3738 1580 ἐπιστῆναι

2086 1605 2155 1674 τῇ
2229 1597 2593 1679 Ἀλεξάνδρου,
2680 1600 2987 1678 πᾶρασκευῇ
3073 1600 3250 1679 πολλῇ
3334 1602 3422 1658 καὶ
3505 1599 3735 1682 σπουδῇ’

357 1719 497 1766 rum
512 1684 820 1763 hominum
838 1696 1048 1759 decem
1073 1691 1259 1754 millia
1279 1689 1353 1752 ad
1377 1690 1491 1751 hoc
1502 1690 1783 1781 jussisset
1810 1688 2000 1768 sequi,

2090 1684 2213 1781 δέκα
2270 1685 2517 1781 χιλίαδας
2573 1686 2775 1767 ἀνδρῶν
2832 1691 3088 1769 μαχίμων
3141 1692 3214 1755 εἰς
3269 1693 3424 1748 τοῦτο
3481 1690 3739 1755 κελεύσας

363 1791 614 1855 dicens:
645 1787 754 1850 Vel
782 1785 910 1849 sola
950 1782 1378 1863 imperatorum
1422 1777 1764 1841 reverentia
1811 1784 2006 1838 motus

2093 1779 2237 1848 αὖτῷ
2295 1775 2628 1852 συνέπεσθαι,
2688 1779 2850 1834 εἰπὼν
2905 1778 2984 1835 ὅτι
3051 1780 3354 1853 Αἷὸούμενοι
3412 1780 3602 1855 μόνον,
3664 1783 3742 1844 ὡς

358 1878 622 1962 populus
643 1893 749 1939 eos
775 1873 920 1937 deos
948 1873 1181 1962 honore
1202 1868 1445 1962 afﬁciet,
1478 1884 1638 1962 quos
1655 1865 1743 1962 illi
1765 1872 2017 1962 censent

367 1955 675 2043 colendos,
689 1972 750 2027 et
768 1981 836 2026 se
875 1962 954 2025 ab
976 1959 1092 2024 alia
1115 1957 1399 2040 reprimet
1424 1955 1828 2037 improbitate.
1862 1956 2010 2018 Nam

362 2055 484 2119 nisi
509 2054 592 2117 ita
618 2060 799 2130 esset,
835 2057 900 2113 ut
926 2051 1056 2131 ipse
1099 2064 1303 2110 rerum
1351 2052 1538 2109 status
1588 2044 1805 2124 arguit,
1867 2043 2017 2105 citra

364 2144 553 2209 ullum
586 2141 868 2206 ruborem
900 2137 1056 2202 mala
1084 2138 1321 2212 tierent,
1354 2142 1548 2199 etnec
1587 2133 1854 2197 studeret
1874 2132 2016 2214 qui-

356 2233 507 2298 dem
534 2233 722 2296 latere
747 2229 985 2311 aliquis.
1017 2228 1300 2290 Attamen
1329 2241 1464 2287 cum
1515 2222 1766 2286 deorum
1811 2220 2013 2302 provi-

364 2323 571 2387 dentia
595 2321 765 2384 fuero
795 2315 1197 2388 Alexandriae.
1229 2321 1289 2377 et
1320 2314 1430 2376 hos
1461 2312 1627 2394 ipsos
1653 2311 1933 2389 ulciscar,
1958 2318 2016 2372 et

362 2429 562 2477 meam
576 2410 871 2489 corrigam
885 2404 1329 2488 ignorationem
1341 2450 1353 2479 ,
1365 2404 1570 2484 procul
1583 2401 1909 2465 amandans
1923 2415 2019 2462 er-

365 2501 644 2565 roremin
660 2497 1021 2564 Cruciﬁxum
1033 2545 1048 2561 .
1064 2494 1451 2574 Dixit,neque
1469 2492 1719 2554 multum
1734 2489 2018 2570 temporis

365 2588 645 2673 permisit
671 2585 1071 2659 intercedere,
1100 2582 1209 2673 sed
1241 2581 1423 2645 rebus
1454 2578 1731 2673 omnibus
1760 2577 2019 2673 publicis

2096 1864 2265 1945 ἔοικε,
2296 1866 2419 1930 τοὺς
2466 1867 2712 1944 βασιλεῖς
2772 1870 2818 1925 οἰ
2848 1867 3060 1944 πολλοὶ,
3118 1870 3346 1945 τιμῶσιν
3397 1871 3484 1932 οὓς
3531 1868 3742 1928 δοκοῦσι

2096 1953 2267 2011 σέϐειν
2324 1956 2497 2032 θεοὺς,
2556 1959 2645 2015 καὶ
2697 1958 2793 2025 τῆς
2865 1956 3032 2026 ἄλλης
3090 1960 3304 2024 ἑαυτοὺς
3364 1961 3552 2024 κακίας
3602 1960 3742 2018 ἀνα-

2096 2044 2458 2123 χαιτίζουσιν.
2522 2044 2698 2125 Ἐπεὶ,
2759 2048 2802 2102 εἰ
2832 2050 2911 2121 μὴ
2940 2055 3095 2105 τοῦτο
3135 2048 3224 2123 ἦν,
3259 2051 3333 2113 ὡς
3363 2051 3397 2117 ἡ
3428 2056 3532 2105 τῶν
3565 2071 3744 2128 πραγο

2099 2133 2281 2209 μάτων
2361 2133 2578 2214 ἐλέγχει
2663 2136 3016 2213 παράστασις,
3103 2137 3609 2216 ἀπηρυθριασμένως
3678 2139 3744 2195 ἂν

2096 2221 2384 2295 ἐπράττετο
2453 2224 2519 2279 τὰ
2590 2226 2750 2304 κακὰ,
2822 2226 2910 2281 καὶ
2980 2224 3090 2284 οὐδ’
3139 2226 3201 2281 ἂν
3257 2225 3472 2283 ἔσπευδέ
3528 2250 3607 2293 τις
3649 2235 3743 2285 τοῦ

2097 2309 2303 2371 λαϐεῖν.
2367 2311 2558 2388 θὈμως
2613 2315 2828 2392 προνοίᾳ
2886 2322 2991 2370 τῶν
3048 2319 3181 2372 θεῶν
3249 2316 3356 2395 ἐγὼ
3426 2318 3564 2373 κατά
3641 2318 3743 2382 τὴν

2100 2399 2440 2478 Ἀλεξάνδρου
2510 2403 2796 2480 γενόμενος
2856 2404 3025 2462 αὐτῶν
3087 2426 3146 2461 τε
3216 2408 3448 2484 τιμωρὸς
3522 2406 3738 2483 ἔσομαι,

2099 2490 2187 2546 καὶ
2266 2491 2365 2558 τὴν
2457 2489 2688 2567 ἐμαυτοῦ
2781 2492 3218 2573 ἐπανορθώσομαι
3311 2494 3553 2578 ἄγνοιαν,
3640 2500 3744 2565 τὴν

2100 2578 2217 2652 περὶ
2253 2580 2343 2635 τὸν
2393 2578 2788 2658 ἐσταυρωμένον
2844 2582 3077 2656 πλάνην,
3137 2584 3373 2642 ἐκποδὼν
3433 2588 3743 2662 ποιησάμε-

370 2667 750 2762 posthabitis,
781 2690 993 2754 magna
1021 2672 1324 2734 celeritate
1351 2669 1515 2762 venit
1537 2667 1963 2762 alexandriam
1991 2686 2005 2726 :

2092 2688 2208 2730 νος.
2263 2668 2429 2748 Εἶπε,
2487 2674 2585 2726 καὶ
2642 2670 2702 2726 οὗ
2759 2671 2895 2729 πολὺ
2936 2675 2997 2730 τὸ
3053 2673 3107 2729 ἐν
3138 2673 3288 2749 μέσῳ
3338 2681 3547 2754 παρῆκε
3582 2677 3742 2754 γενέ-

371 2755 431 2829 et
459 2764 660 2828 statim
685 2763 852 2844 jubet
877 2770 1117 2824 sanctos
1145 2756 1664 2839 comprehendi,et
1690 2762 2006 2831 mane,tota

2095 2759 2235 2829 σθαι,
2294 2755 2432 2813 ἀλλὰ
2501 2759 2568 2815 τὰ
2636 2759 2892 2817 πολιτικὰ
2956 2764 3130 2820 πάντα
3201 2763 3440 2838 δευτέρας
3509 2764 3741 2830 ἀξιώσας

368 2854 606 2917 vidente
641 2843 902 2932 civitate,
935 2857 994 2912 et
1023 2867 1200 2911 manu
1255 2847 1572 2910 assistente
1611 2845 1873 2922 militari,
1909 2863 2006 2906 se-

2095 2843 2389 2925 φροντίδος,
2451 2847 2608 2927 τάχει
2670 2847 2855 2923 πολλῷ
2912 2852 3011 2920 τὴν
3065 2850 3409 2932 Ἀλεξάνδρου
3464 2851 3734 2929 καταλαμσ

369 2943 520 3006 dens
549 2959 655 3023 pro
674 2939 979 3018 tribunali,
1002 2956 1105 3001 eos
1134 2935 1311 3018 jussit
1334 2936 1525 2999 nudos
1554 2933 1879 2997 introduci.

2095 2932 2265 2994 δάνει.
2304 2937 2401 2993 Καὶ
2427 2938 2611 2994 αὐτίκα
2673 2937 3037 3020 συλληφθῆναι
3093 2940 3298 2999 κελεύει
3360 2944 3483 3008 τοὺς
3532 2942 3737 3021 ἁγίους,

365 3034 458 3091 καί
510 3031 622 3106 ἅμα
704 3031 874 3110 πρῶΐ,
937 3033 1038 3096 τῆς
1092 3049 1151 3084 τε
1206 3026 1413 3092 πόλεως
1480 3026 1693 3093 ἁπάσης
1751 3028 1985 3103 optume,
2044 3024 2133 3079 καὶ
2186 3026 2286 3091 τῆς
2357 3027 2741 3106 στρατιωτικῆς
2809 3029 3205 3107 παρισταμένης
3251 3035 3459 3113 χειρὸς,
3521 3033 3741 3096 καθίσας

366 3121 456 3178 ἐπί
482 3126 577 3177 τοῦ
603 3120 871 3197 βήματος,
903 3119 1132 3197 γυμνούς
1175 3117 1358 3180 αὐτοὺς
1392 3115 1674 3173 ἐπέταττεν
1719 3116 2060 3194 εἰσαχθῆοαι.
2572 3142 2575 3145 ·

443 3205 682 3271 XXVII.
715 3208 1030 3286 Postquam
1049 3213 1247 3266 autem
1279 3221 1381 3266 eos
1411 3203 1604 3265 solum
1633 3202 1785 3263 vidit
1812 3203 2002 3263 intro-

2101 3288 2111 3291 _
2172 3201 2290 3263 KZ'.
2358 3206 2608 3291 Καὶ-ὡς
2681 3206 2843 3269 μόνον
2914 3208 3059 3266 εἶδεν
3130 3210 3526 3290 εἰσαγομένους,
3603 3213 3746 3291 μέγα

350 3297 598 3369 ductos,
631 3314 842 3376 magna
869 3282 1015 3357 voce
1043 3294 1421 3356 exclamans:
1442 3294 1488 3356 Ο
1511 3290 1850 3373 dii,inquit,
1866 3291 2006 3370 quid

2090 3288 2428 3373 ἀνακραγὼν,
2486 3282 2625 3373 Ἆρ’,
2676 3296 2723 3353 ὦ
2773 3298 2903 3378 θεοὶ,
2965 3297 3093 3378 ἔφη,
3148 3302 3197 3355 τί
3244 3282 3431 3374 μέλλει
3462 3282 3616 3358 τοῦτο
3648 3282 3747 3359 εί-

367 3387 482 3450 boc
510 3385 770 3448 futurum
803 3391 916 3463 est,
944 3383 1101 3466 quod
1131 3384 1268 3457 iste,
1304 3383 1475 3462 cujus
1525 3389 1744 3444 tantam
1805 3398 2006 3442 curam

2090 3399 2198 3457 ναι,
2258 3381 2318 3436 τὸ
2376 3381 2498 3459 παρ’
2553 3383 2685 3459 ἐμοῦ
2745 3386 2845 3460 μὲν
2904 3389 2994 3444 τὸν
3045 3388 3328 3446 ἀπατεῶνα
3355 3396 3569 3462 τοῦτον,
3603 3413 3749 3469 προ-⁸

362 3476 543 3555 gessi,
579 3483 639 3537 et
669 3474 724 3536 ei
758 3474 987 3555 primos
1025 3471 1425 3550 magistratus,
1459 3490 1613 3552 quos
1641 3470 1790 3533 nulli
1821 3469 1918 3532 alii
1940 3487 2011 3531 ex

354 3565 460 3640 iis,
496 3563 598 3645 qui
629 3563 803 3626 nobis
834 3570 1067 3644 parent,
1102 3560 1404 3641 mandavi,
1439 3579 1544 3622 sua
1573 3567 1786 3641 sponte
1814 3558 2013 3620 omnia

362 3652 729 3735 despexerit,
756 3663 813 3715 et
837 3653 911 3715 ad
930 3660 1046 3715 tam
1080 3650 1390 3716 obscuram
1424 3659 1482 3712 et
1504 3648 1798 3729 abjectam
1832 3648 2013 3711 fortu-

363 3760 501 3805 nam
555 3742 954 3822 transfugerit,
1010 3748 1067 3802 et
1099 3757 1330 3803 comam
1395 3739 1572 3801 etiam
1632 3737 1843 3820 capitis
1899 3736 2013 3799 sibi

359 3833 677 3908 ademerit,
738 3841 799 3896 et
848 3830 1036 3894 nihilo
1096 3831 1310 3893 melius
1365 3831 1443 3891 sit
1503 3829 1767 3905 aﬂ'ectus,
1835 3846 2011 3909 quam

363 3922 536 3983 mimi
564 3928 624 3984 et
649 3939 894 3996 scurrae,
922 3919 1029 3997 qui
1059 3920 1122 3981 in
1150 3937 1330 3982 scena
1346 3918 1536 3980 risum
1561 3914 1844 3981 movent?
1874 3917 2014 3979 Pro-

361 4010 499 4090 pius
526 4026 667 4072 vero
697 4009 996 4072 accedens
1033 4008 1105 4070 ad
1149 4008 1584 4088 Hermogenem
1619 4028 1633 4070 :
1685 4006 1792 4069 Dic
1838 4007 2009 4087 mihi,

356 4097 573 4180 inquit,
604 4116 642 4161 ο
670 4097 902 4174 intelix,
935 4115 1191 4178 quanam
1224 4097 1298 4159 de
1357 4115 1537 4160 causa
1583 4096 1686 4158 tibi
1736 4096 2013 4158 commisi

357 4190 539 4250 totius
567 4193 743 4250 terrae
771 4195 831 4250 et
865 4188 1047 4249 maris
1109 4187 1451 4267 imperium,
1512 4194 1571 4248 et
1628 4185 1891 4260 decrevi,
1947 4193 2011 4248 ut

355 4273 583 4358 absque
613 4293 966 4339 successore
1000 4293 1244 4355 gereres
1284 4276 1692 4355 magistratum
1720 4296 1733 4337 :
1793 4292 1912 4335 non
1943 4284 2010 4338 ut

357 4363 475 4426 diis
498 4364 743 4446 quidem
768 4365 1030 4427 futurum
1051 4363 1499 4444 benevolum,et
1519 4362 1684 4424 nullo
1707 4363 1881 4424 modo
1905 4380 2009 4425 eos

355 4452 879 4533 abnegaturum,et
896 4453 1254 4515 benevolum
1274 4470 1512 4534 quoque
1530 4451 1702 4513 nobis
1715 4452 2001 4529 futurum,

2092 3468 2233 3533 νοίας
2292 3471 2554 3538 τοσαύτης
2611 3472 2921 3554 ἀξιωθῆναι,
2983 3477 3068 3531 καὶ
3122 3477 3212 3539 τὰς
3269 3478 3482 3552 πρώτας
3560 3468 3736 3559 ἀρχὰς

2094 3558 2168 3617 ὡς
2228 3563 2322 3617 οὐκ
2380 3558 2525 3632 ἄλλῳ
2578 3563 2679 3618 τινὶ
2739 3570 2844 3625 τῶν
2892 3565 2977 3643 ὑφ’
3034 3567 3177 3640 ἡμᾶς
3232 3571 3598 3635 πιστευθῆναι·
3648 3558 3743 3626 αὖ·

2092 3647 2344 3724 θαιρέτως
2374 3646 2429 3704 δὲ
2465 3650 2676 3707 πάντων
2724 3651 2989 3731 ὑπεριδεῖν
3039 3657 3132 3710 καὶ
3187 3654 3550 3729 αὐτομολῆσαι
3608 3660 3742 3736 πρὸς

2094 3737 2344 3804 τοιαύτην
2401 3739 2572 3818 τύχης
2634 3740 2903 3818 ἀφάνειαν,
2963 3746 3059 3800 καί
3113 3745 3244 3822 πρὸς
3296 3744 3372 3800 ἔτι
3424 3751 3523 3812 τῆς
3572 3764 3743 3827 κεφα-

2094 3822 2195 3892 λῆς
2256 3828 2355 3882 τὶν
2410 3830 2588 3899 κόμην
2645 3830 2937 3909 περιελεῖν,
3000 3834 3088 3889 καὶ
3146 3839 3252 3889 τῶν
3308 3832 3364 3889 ἐν
3420 3841 3487 3911 τῇ
3566 3822 3744 3914 σκηνῇ

2095 3914 2477 3992 γελωτοποιῶν
2538 3916 2833 3977 διακεῖσθαι
2891 3921 3059 3997 μηδὲν
3117 3920 3355 3999 ἄμεινον.
3424 3926 3517 3982 Καὶ
3580 3948 3745 4003 προσ-

2097 4005 2250 4084 σχὼν
2309 4004 2386 4061 ἔτι
2437 4011 2514 4079 τῷ
2561 4008 2787 4085 ἡγεμόνι
2822 4025 2836 4040 ⁸
2899 4010 3033 4089 Λέγε
3087 4035 3180 4087 μοι
3213 4014 3299 4087 σὺ,
3332 4010 3574 4089 δύστηνε,
3612 4014 3738 4095 ἕᾳη,

2094 4095 2232 4160 τίνος
2266 4095 2426 4175 χάριν
2458 4097 2635 4164 πάσης
2667 4119 2750 4154 σοι
2809 4101 2912 4177 γῆς
2970 4102 3057 4156 καὶ
3111 4100 3384 4170 Θαλάσσης
3442 4104 3539 4170 τὴν
3600 4104 3743 4169 ἐξου-

2096 4185 2212 4241 σίαν
2250 4185 2538 4263 ἐπέτρεψα,
2599 4188 2686 4244 καὶ
2739 4189 2838 4256 τὴν
2906 4190 3085 4269 ἀρχὴν
3144 4190 3429 4272 ἀδιάδοχον
3489 4195 3742 4250 ἐθέσπισα

2094 4272 2242 4353 ἔχειν
2277 4291 2292 4305 ⁸
2325 4279 2429 4354 οὐχ
2460 4277 2533 4338 ὡς
2565 4276 2739 4337 εὔνουν
2772 4279 2870 4349 μὲν
2933 4293 3049 4342 τοῖς
3108 4283 3278 4356 θεοῖς,
3338 4285 3435 4339 καί
3488 4281 3615 4358 μηδ’
3647 4281 3735 4364 ἂν,

2092 4362 2148 4417 εἴ
2176 4384 2225 4418 τι
2256 4364 2343 4420 καὶ
2399 4365 2626 4444 γένοιτο,
2688 4365 2897 4445 ἔξαρνον
2954 4369 3126 4426 αὔτῶν
3182 4372 3243 4426 τὸ
3301 4373 3551 4449 παράπαν
3609 4362 3737 4427 ἐσὸέ

2092 4472 2298 4530 μενονς
2358 4453 2534 4512 εὔνουν
2590 4455 2646 4511 δὲ
2701 4459 2789 4512 καὶ
2845 4460 3033 4533 mnu;
3078 4461 3161 4516 καὶ
3213 4461 3286 4524 ὡς
3341 4460 3404 4516 ἂν
3433 4463 3523 4517 τὸν
3555 4460 3738 4540 λόγιον

354 4548 415 4605 et
437 4542 597 4605 hunc
612 4541 858 4606 doctum
879 4551 939 4605 et
967 4543 1299 4624 sapientem
1328 4541 1550 4622 virum,
1583 4541 1684 4623 qui
1714 4560 2000 4623 prospero

2090 4544 2291 4599 τουτονὶ
2345 4544 2433 4599 καὶ
2489 4546 2652 4623 σοφὸν
2707 4542 2887 4626 ἄνδρα,
2946 4548 3121 4627 τύχης
3168 4551 3426 4626 πνεύματι
3480 4552 3623 4629 παρά
3673 4553 3737 4608 τὸ

352 4629 611 4695 fortuna;
636 4631 840 4696 afﬂatu
870 4640 1086 4713 praeter
1108 4649 1342 4713 aequum
1366 4630 1629 4712 inﬂatus,
1658 4639 1717 4693 et
1747 4632 1889 4694 hinc
1913 4633 2000 4694 la-

336 4736 499 4801 psus
527 4728 618 4784 est
641 4721 706 4783 in
740 4738 1031 4797 errorem,
1066 4730 1193 4783 arte
1223 4730 1284 4783 et
1315 4721 1682 4801 experientia
1712 4729 1770 4782 et
1790 4721 2003 4784 verbo-

352 4824 488 4872 rum
505 4812 896 4892 persuasione
906 4810 979 4873 ad
996 4809 1247 4891 patriam
1266 4809 1589 4872 reduceres
1605 4808 1956 4887 religionem
1975 4810 2001 4874 ?

349 4898 650 4972 Quidnam
686 4917 827 4980 ergo
860 4907 916 4962 te
947 4899 1150 4974 movit,
1204 4906 1304 4961 aut
1354 4898 1634 4980 quidnam
1691 4899 1996 4981 spectasti,

347 4995 413 5050 ut
438 4988 675 5054 sineres
707 5008 845 5053 eum
874 4988 1094 5051 diutius
1124 4988 1352 5051 versari
1378 4989 1438 5050 in
1470 4989 1753 5064 vanitate,
1787 4998 1846 5051 et
1876 5008 1998 5052 non

346 5076 545 5141 solum
598 5096 735 5142 eum
780 5078 855 5141 ab
906 5095 1110 5141 errore
1164 5077 1510 5159 reduceres,
1569 5078 1675 5140 sed
1724 5079 1994 5158 ejusdem

348 5167 525 5230 malae
552 5167 855 5251 opinionis
883 5168 939 5230 ei
970 5168 1148 5231 ﬁeres
1178 5167 1401 5248 socius,
1440 5176 1500 5229 et
1552 5166 1660 5229 tibi
1713 5177 1996 5248 praeterea

348 5264 590 5338 eaput,o
617 5257 1173 5332 stolide,tonderes,
1199 5264 1256 5319 et
1287 5261 1653 5338 reputareris
1684 5276 1816 5320 esse
1841 5276 1997 5321 unus

348 5344 527 5408 exiis
552 5345 657 5427 qui
685 5354 824 5409 sunt
850 5347 909 5406 in
956 5346 1208 5420 theatro,
1257 5346 1696 5409 histrionibus?
1745 5348 1889 5411 Cum
1924 5367 1995 5410 eo

344 5431 450 5495 ira;
477 5440 537 5495 et
561 5433 940 5497 accerbitatis
963 5434 1353 5514 processisset
1379 5435 1724 5517 imperator,
1747 5436 1988 5499 iracun-

335 5523 540 5604 deque
594 5531 657 5587 et
708 5525 934 5587 furiose
991 5540 1097 5585 eos
1165 5531 1322 5586 esset
1389 5525 1661 5599 intuitus,
1733 5525 1991 5606 benigne

328 5613 508 5683 Deus
528 5614 761 5697 aspexit
783 5622 1095 5698 martyres:
1123 5620 1181 5676 et
1201 5622 1450 5696 repente
1477 5616 1565 5678 eis
1576 5625 1862 5697 apparent
1880 5636 1988 5679 an-

2084 4633 2224 4695 εἰκὸς
2287 4633 2604 4711 φυσηθέντα.
2670 4634 2956 4692 Κά·ιτεῦθεν
3016 4640 3088 4700 εἰς
3141 4638 3351 4706 πλάνην
3422 4639 3734 4707 ὠλισθηκύ-

2082 4743 2174 4800 τα,
2207 4721 2403 4801 τέχνῃ,
2463 4723 2560 4779 καὶ
2619 4725 2792 4803 πείρᾳ,
2852 4728 2940 4781 καὶ
2999 4734 3067 4804 τῇ
3124 4731 3303 4785 πειθοῖ
3370 4734 3475 4786 τῶν
3529 4728 3731 4805 λόγων,

2083 4814 2214 4890 πρὸς
2267 4823 2366 4880 την
2423 4813 2644 4890 πάτριον
2699 4816 2980 4890 θρησκείαν
3053 4816 3447 4898 ἐπαναγάγῃς,
3512 4821 3570 4875 Τί
3642 4819 3734 4876 οὖν

2084 4902 2289 4975 παθὼν,
2320 4900 2356 4968 ἦ
2383 4903 2729 4977 θεασάμενος,
2782 4902 3089 4984 ἐγχρονίσαι
3151 4906 3247 4981 μέν
3306 4912 3461 4967 αὐτὸν
3493 4906 3731 4975 συνεῖδες

2082 4995 2151 5066 τῇ
2209 4990 2554 5067 ματαιότητι,
2626 4995 2713 5047 καὶ
2783 4994 2861 5068 μὴ
2925 4996 3085 5070 μόνον
3156 4996 3552 5067 ἀνακτήσασθαι
3630 5003 3733 5065 τῆς

2080 5078 2318 5156 ἀπάτης,
2350 5078 2488 5136 ἀλλά
2518 5082 2606 5137 καὶ
2635 5082 2791 5146 αὒτὸς
2851 5083 2976 5151 ἴσης
3038 5088 3363 5152 κοινωνῆσαι
3421 5084 3734 5154 κακοδοξίας

2080 5168 2167 5224 καὶ
2225 5170 2357 5247 πρὸς
2416 5171 2492 5223 ἔτι
2554 5170 2652 5235 τὴν
2712 5169 2971 5252 κεφαλὴν,
3032 5174 3248 5251 ἀνόητε,
3310 5177 3730 5254 περικείρασθαι,

2078 5259 2171 5314 καὶ
2224 5259 2329 5315 τῶν
2383 5258 2436 5313 ἐν
2486 5258 2721 5334 θεάτροις
2755 5263 2837 5324 εἷς
2872 5262 3016 5319 εἶναι
3061 5261 3370 5341 λογισθηνας
3402 5266 3728 5343 ὓποκριτιῦψ

2079 5349 2152 5413 εἷς
2206 5354 2359 5405 τοῦτο
2417 5350 2581 5423 θυμοῦ
2663 5350 2751 5405 καὶ
2819 5350 3112 5430 βαρύτητος
3183 5352 3551 5431 ἐξενεγθέντος
3636 5358 3733 5413 τοῦ

2076 5436 2366 5513 βασιλέως,
2429 5437 2524 5493 καί
2580 5436 2786 5515 ὀργίλον
2843 5461 2895 5496 τι
2954 5444 3039 5497 καὶ
3088 5445 3309 5517 μανικὸν
3360 5441 3726 5523 περιϐλέψαν-

2074 5549 2189 5608 τος,
2260 5527 2477 5603 εὐμενὲς
2547 5539 2665 5589 τοῖς
2736 5529 2992 5595 μάρτυσιν
3065 5534 3092 5587 ὁ
3171 5537 3301 5596 Θεὸς
3373 5532 3568 5608 ἐπειδε,
3637 5536 3729 5592 καὶ

2071 5615 2333 5696 ’Ἄγγελοι
2391 5617 2577 5683 αὐτοῖς
2637 5615 2999 5702 ἐπιφαίνονται
3057 5622 3415 5705 παραχρῆμα,
3496 5625 3724 5707 θάρσους
