4006 6146
228 330 339 396 401

1192 335 1658 401 MARTYRIUM
1701 337 1763 402 S.
1818 338 2059 404 ΜΕΝιΕ
2100 340 2200 406 ET
2241 339 2648 405 SOCIORUM.

3501 336 3623 409 402

226 491 283 527 τε
341 470 433 526 καὶ
492 467 764 544 δυνάμεως
814 467 1184 543 ἐμπιπλῶντες
1232 472 1319 527 καὶ
1376 473 1506 550 πρὸς
1560 472 1682 537 τοὺς
1740 475 1888 551 ἀγῶ-

1979 475 2121 558 geli,
2141 493 2245 539 eos
2272 476 2520 540 audacia
2548 476 2850 558 replentes
2879 483 2938 540 et
2967 477 3213 560 viribus,
3241 484 3304 544 et
3331 486 3627 561 tingentes

230 574 321 623 κας
382 558 714 637 ἀλείφοντες·
750 559 828 632 μὴ
890 556 1185 638 φοϐηθῆναί
1240 582 1298 616 τε
1326 563 1737 640 ὑπαγορεύοντας
1795 563 1888 630 τὴν

1981 565 2053 625 ad
2084 556 2411 629 certamina
2444 587 2460 647 ;
2485 556 2792 647 jubentes,
2828 584 2903 629 ue
2935 556 3216 632 timerent
3243 568 3393 631 iram
3420 556 3619 651 impe-

232 655 321 704 τοῡ
348 645 615 723 βασιλέως
675 648 859 727 ὀργὴν,
912 649 986 711 ὡς
1055 649 1153 718 τῆς
1186 649 1337 717 νίκης
1390 648 1508 725 μετ’
1541 650 1712 707 αὖτὼν
1766 650 1888 709 ἐσο-

1976 654 2214 733 ratoris,
2248 645 2455 739 utpote
2492 645 2661 736 quod
2692 645 2938 719 victoria
2981 656 3059 721 sit
3086 676 3223 721 cum
3253 658 3343 722 eis
3392 645 3615 722 futura.

233 738 422 813 μένης.

316 826 460 886 KH'.
537 827 634 885 Καὶ
707 829 735 882 ὁ
810 824 1137 905 Ἑρμογένης
1206 827 1351 891 εὐθὺς
1424 828 1758 907 ἀπεκρίνατο·
1835 834 1891 889 Εἰ

239 916 402 995 ἀνέχῃ
476 938 579 971 που
650 919 879 990 εὐμενῶς
959 916 1204 990 ἀκοῦσαι,
1260 917 1537 996 σοφώτατε
1605 919 1888 995 βασιλέων,

245 1006 356 1061 ὅτου
394 1006 566 1085 χάριν
624 1005 712 1060 καὶ
742 1006 791 1060 τί
845 1005 1191 1080 θεασάμενος,
1224 1007 1318 1071 τάς
1375 1028 1431 1063 τε
1484 1007 1695 1079 πρώτας
1752 1010 1893 1089 παρὰ

252 1097 323 1152 σοὶ
387 1093 735 1169 νομιζομένας
815 1092 1146 1160 εὐδαιμονίας
1216 1097 1422 1175 χαίρων
1490 1096 1887 1174 ἂπεῤῥιψαμην,

249 1186 325 1240 καὶ
398 1184 673 1261 προθύμως
738 1184 811 1245 εἷς
886 1189 1039 1239 τοῦτο
1093 1184 1270 1259 τύψης
1345 1184 1607 1252 κατῆλθον
1664 1188 1736 1251 ὡς
1806 1190 1892 1244 καὶ

243 1274 408 1351 μωρὸς
482 1270 678 1328 ἐθέλειν
749 1269 926 1328 δοκεῖν
957 1317 972 1344 ,
1048 1275 1134 1328 καὶ
1205 1273 1391 1344 πένης,
1469 1276 1556 1330 καὶ
1648 1274 1885 1351 γελοῖος,

239 1364 316 1419 καὶ
406 1361 619 1436 ἄτιμος,
697 1360 792 1417 καὶ
882 1368 1107 1432 Χριστοῦ
1189 1361 1432 1441 λέγεσθαι
1519 1362 1720 1436 μᾶλλον
1803 1367 1891 1423 καὶ

236 1450 396 1519 ἧδέως
495 1451 579 1507 διὰ
661 1451 817 1508 τοῦτο
900 1453 989 1507 καὶ
1072 1450 1281 1519 πλαίνην
1365 1451 1712 1530 ἐγκαλεῖσθαι
1796 1453 1888 1510 καὶ

236 1541 473 1619 ἄγνοιαν,
533 1542 619 1597 καὶ
672 1540 885 1616 ἕτοιμος
956 1544 1095 1597 εἶναι
1165 1543 1253 1598 καὶ
1310 1541 1505 1620 ξίφους,
1567 1542 1655 1597 καὶ
1723 1544 1887 1617 πυρὸς

236 1634 324 1687 καί
397 1632 596 1707 θηρίων
653 1630 1011 1709 καταφρονεῖν
1065 1627 1150 1688 διὰ
1206 1632 1296 1687 τὸν
1357 1632 1605 1709 Χριστὸν,
1643 1632 1731 1687 καὶ
1802 1629 1887 1686 δι-

235 1725 335 1794 ψᾷν
398 1718 603 1795 μᾶλλον
633 1719 724 1775 τὸν
784 1719 914 1797 ὑπὲρ
968 1717 1170 1777 ἐκείνου
1224 1719 1474 1793 θάνατον,
1504 1718 1541 1787 ἢ
1572 1719 1672 1785 τὴν
1713 1719 1880 1789 ζωήνθ

2055 829 2310 895 XXVIII.
2342 831 2747 914 Hermogenes
2784 842 2982 898 autem
3011 834 3208 899 statim
3250 834 3567 918 respondit
3598 853 3615 902 :

1978 917 2037 983 Si
2091 922 2387 985 sustineas
2418 940 2514 984 me
2561 923 2851 1004 patienter
2884 925 3117 1000 audire,
3147 917 3478 1007 imperator
3525 943 3619 989 sa-

1978 1010 2368 1089 pientissime,
2402 1030 2655 1091 quanam
2686 1012 2762 1076 de
2812 1032 2994 1076 causa
3024 1023 3082 1076 et
3130 1014 3271 1094 quid
3314 1022 3617 1096 spectans,

1978 1099 2199 1178 primas
2249 1118 2381 1182 quas
2428 1102 2580 1181 apud
2612 1110 2670 1163 te
2702 1110 3054 1185 reputantur
3082 1103 3395 1167 felicitates
3424 1104 3618 1167 libens

1975 1189 2324 1268 abjecerim,
2355 1199 2750 1270 promptaque
2802 1201 2861 1253 et
2888 1193 3065 1255 alacri
3099 1194 3301 1258 animo
3337 1193 3411 1256 ad
3460 1193 3615 1257 hanc

1972 1277 2269 1340 fortunam
2300 1278 2744 1362 descenderim,
2778 1287 2842 1342 ut
2870 1281 3046 1344 velim
3079 1281 3267 1345 videri
3295 1284 3531 1358 stultus,
3557 1290 3616 1345 et

1975 1384 2197 1446 pauper
2227 1375 2290 1430 et
2330 1366 2645 1444 ridiculus,
2682 1377 2740 1430 et
2787 1368 3101 1449 inglorius,
3139 1378 3198 1433 et
3251 1369 3371 1432 dici
3420 1370 3615 1451 potius

1973 1453 2212 1530 Christi,
2250 1464 2309 1518 et
2337 1455 2474 1519 ideo
2504 1455 2782 1519 lubenter
2803 1458 3070 1520 accusari
3099 1460 3322 1520 erroris
3349 1468 3411 1521 et
3438 1459 3614 1540 igno-

1971 1545 2244 1621 rationis,
2282 1555 2340 1607 et
2389 1556 2625 1628 paratus
2655 1564 2788 1609 esse
2840 1554 2900 1608 et
2926 1565 3156 1625 ensem,
3190 1555 3252 1610 et
3298 1548 3526 1629 ignem,
3557 1554 3618 1611 et

1972 1633 2191 1697 bestias
2240 1642 2484 1716 propter
2529 1636 2832 1700 Christum
2881 1635 3214 1717 despicere,
3260 1644 3323 1700 et
3362 1654 3468 1718 pro
3515 1637 3616 1700 illo

1970 1722 2167 1803 potius
2198 1732 2448 1787 mortem
2486 1724 2655 1788 sitire
2685 1744 2859 1806 quam
2887 1726 3089 1801 vitam,
3125 1733 3248 1789 toto
3279 1744 3412 1788 meo
3441 1725 3617 1789 testi-

236 1820 322 1868 τοῦ
403 1806 669 1887 συνεδρίου
727 1831 817 1883 μοι
888 1817 1274 1887 μαρτυροῦντος
1346 1809 1567 1883 παντὸς,
1628 1809 1693 1864 τὰ
1770 1808 1882 1883 μά-

1976 1812 2238 1874 monium
2260 1812 2490 1876 ferente
2509 1814 3054 1890 concilio,maxime
3080 1832 3224 1878 vero
3242 1816 3445 1896 reipsa
3464 1812 3616 1878 sub-

235 1898 386 1955 λιστα
436 1897 493 1953 δὲ
550 1899 637 1953 καὶ
696 1903 787 1954 τοῦ
844 1898 1154 1976 πράγματος
1215 1897 1498 1972 ἱσταμένου
1568 1897 1685 1954 κατ’
1761 1895 1884 1974 ὄψιν

1976 1900 2125 1981 jecta
2178 1902 2389 1984 oculis,
2428 1920 2699 1981 magnam
2745 1904 3010 1967 veritatis
3039 1921 3240 1967 curam
3285 1895 3525 1984 gerens,
3556 1910 3618 1966 et

233 1987 404 2045 ποὶλὰ
479 1992 578 2055 τῆς
639 1986 887 2054 ἀληθείας
945 1987 1248 2066 φροντίσας,
1307 1988 1395 2042 καὶ
1463 1993 1556 2045 τοῦ
1614 1985 1781 2062 μηδέν
1835 2008 1886 2042 τι

236 2080 335 2134 τῶν
391 2079 615 2155 καιρίων
685 2075 1031 2156 παραλιπεῖν,
1093 2075 1228 2141 λέξω
1281 2074 1412 2153 ὅπερ
1472 2076 1625 2140 αὐτὸς
1683 2076 1880 2149 ἐπεζή-

234 2190 420 2233 τησας.
498 2165 603 2223 Καὶ
662 2167 689 2220 ὃ
747 2165 1015 2244 βασιλεὺς,
1049 2166 1243 2223 Τούτου
1297 2166 1530 2239 πάντως,
1563 2164 1689 2245 ἔφη,
1734 2165 1887 2243 κάγὼ

239 2256 329 2310 καῖ
383 2251 497 2309 οὐδ’
549 2255 664 2315 ἐνὸς
723 2253 902 2330 ἐτέρου
945 2254 1177 2333 ἐφίεμαι·
1227 2252 1281 2309 εἴ
1336 2274 1397 2331 γε
1450 2254 1528 2327 μὴ
1581 2257 1681 2322 τῆς
1736 2252 1881 2321 ἀλη-

234 2346 370 2407 θείας
443 2344 507 2399 τὸ
566 2340 754 2417 ψεῦδος
816 2343 970 2406 αὒτὸς
1027 2341 1176 2419 ἄγεις
1233 2341 1525 2419 ἔμπροσθεν
1582 2350 1735 2399 τοῦτο
1800 2341 1884 2398 διὰ

236 2434 328 2500 τὴν
379 2432 625 2509 ἀνὰγκην
661 2430 822 2488 πλέον
876 2438 1068 2505 τιμῶν.
1107 2433 1203 2490 Καὶ
1258 2434 1286 2488 ὁ
1319 2421 1665 2510 Ἑρμογένης,
1699 2432 1876 2512 Ἐμοὶ,

238 2524 482 2598 κράτιστε
538 2519 823 2597 βασιλέων,
884 2521 1009 2601 ἔφη,
1069 2521 1575 2599 καταθρασυνομὲνῳ
1631 2526 1884 2598 Χριστοῦ,

238 2612 318 2667 καὶ
388 2609 703 2687 θεραπεύειν
777 2610 873 2684 μὲν
943 2611 1063 2674 τούς
1135 2631 1266 2667 ποτε
1331 2609 1478 2676 θεοὺς
1554 2609 1862 2686 βουλομένῳ

241 2657 318 2667 ..-.
392 2657 699 2687 --Γ-ηπ-..
777 2657 869 2684 τ.-.
953 2657 1062 2674 ---ς
1143 2657 1266 2667 η-.-
1336 2657 1478 2676 --ης
1554 2657 1859 2686 Γ--..-,..-.-,,

240 2700 538 2776 θεραπεύειν
572 2696 625 2754 δὲ
668 2699 755 2755 καὶ
812 2700 875 2755 τὸ
915 2699 1007 2755 σὸν
1051 2698 1267 2779 κράτος,
1299 2698 1501 2766 σπουδή
1549 2699 1638 2769 ἦν,
1687 2699 1758 2762 ὠς
1801 2657 1890 2755 καὶ

243 2791 383 2853 αὒτὶρς
455 2788 620 2844 οἶσθα
691 2788 826 2862 μετὰ
895 2788 1157 2854 τοσαύτης
1227 2788 1506 2857 ἐπιστῆναι
1591 2794 1661 2864 τῇ
1732 2786 1886 2844 πόλει

244 2878 524 2957 σαντασίας
584 2877 681 2933 καὶ
752 2875 1158 2950 καταπλήξεως,
1231 2878 1322 2933 καὶ
1392 2875 1527 2933 οὕτω
1580 2879 1673 2932 τὸν
1731 2874 1890 2953 ἄνδρα

250 2977 385 3025 τοῦτο
444 2967 547 3041 μὲν
607 2965 831 3039 θωπείᾳ,
893 2973 1048 3024 τοῦτο
1106 2965 1160 3022 δὲ
1233 2967 1319 3023 καὶ
1394 2962 1540 3046 qade
1602 2966 1734 3042 πρὸς
1788 2965 1889 3030 τὴν

254 3066 527 3122 κρατοῦσαν
583 3056 781 3121 ταύτην
838 3056 1088 3131 πατρῴαν
1146 3051 1449 3111 δυσσέϐειαν
1501 3055 1884 3132 ἐπαναγαγεῖν,

1972 2008 2049 2051 ne
2077 1990 2241 2070 quid,
2266 1991 2423 2072 quod
2453 1993 2528 2054 sit
2559 2000 2981 2072 opportunum,
3020 1993 3486 2076 praetermittam,
3521 1991 3617 2054 di-

1970 2096 2100 2140 cam
2132 2079 2192 2139 id
2237 2079 2394 2161 quod
2425 2080 2772 2162 quaesivisti.
2806 2079 3136 2162 Imperator
3188 2087 3383 2143 autem
3419 2099 3434 2144 :
3466 2078 3612 2160 Ego,

1971 2167 2183 2247 inquit,
2215 2167 2328 2230 hoc
2375 2168 2642 2246 omnino,
2679 2177 2738 2231 et
2766 2169 2913 2231 nihil
2947 2170 3110 2232 aliud
3164 2169 3362 2250 cupio,
3393 2170 3442 2230 si
3493 2188 3615 2232 non

1968 2256 2097 2336 ipse
2120 2256 2331 2319 falsum
2360 2258 2606 2339 praefers
2628 2257 2881 2335 veritati,
2908 2259 3021 2321 hoc
3052 2259 3114 2320 in
3146 2256 3358 2338 majori
3387 2259 3618 2320 honore

1967 2343 2199 2407 habens
2221 2353 2469 2427 propter
2490 2348 2929 2409 necessitatem.
2955 2346 3360 2425 Hermogenes
3380 2355 3612 2408 autem:

1969 2433 2131 2509 ldihi,
2161 2454 2196 2497 ο
2219 2435 2444 2516 optime
2486 2435 2833 2516 imperator,
2865 2454 2962 2499 me
2995 2436 3286 2498 adversus
3313 2433 3615 2496 Christum

1972 2521 2258 2585 audacter
2285 2530 2346 2585 et
2390 2524 2726 2588 insolenter
2753 2523 3007 2605 gerenti,
3041 2532 3102 2586 et
3129 2522 3346 2585 volenti
3377 2520 3622 2603 quidem

1970 2628 2124 2687 quos
2137 2610 2276 2674 olim
2289 2611 2588 2675 colueram
2608 2613 2753 2675 deos
2785 2613 3171 2693 colere,tuam
3191 2618 3386 2673 autem
3409 2608 3625 2673 obser-

1976 2716 2113 2761 vare
2134 2699 2457 2781 potentiam
2480 2700 2678 2765 studio
2703 2701 2905 2778 fuit,ut
2923 2700 3052 2782 ipse
3072 2716 3309 2781 quoque
3337 2698 3621 2780 scis,cum

1974 2795 2133 2851 tanta
2187 2787 2261 2850 ad
2293 2789 2591 2853 civitatem
2638 2790 2844 2853 venire
2876 2806 3092 2870 pompa
3117 2796 3178 2851 et
3220 2796 3533 2869 apparatu,
3564 2793 3623 2850 et

1977 2879 2163 2938 virum
2191 2878 2434 2959 quidem
2459 2879 2671 2959 partim
2696 2877 3032 2955 blanditiis,
3058 2876 3269 2957 partim
3292 2894 3437 2939 vero
3455 2884 3623 2940 metu

1971 2966 2046 3027 ad
2079 2965 2237 3027 hanc
2267 2984 2400 3047 qum
2455 2966 2707 3047 vigebat,
2742 2966 2989 3047 patriam
3018 2965 3308 3029 reducere
3336 2964 3620 3045 impieta-

1974 3062 2118 3130 tem,
2152 3064 2217 3116 ut
2246 3061 2304 3117 te
2325 3072 2402 3117 ne
2431 3073 2567 3118 cum
2601 3057 2827 3137 majore
2859 3055 3105 3133 quidem
3128 3053 3380 3118 dixerim
3404 3052 3479 3116 ad
3510 3069 3621 3116 nos

246 3144 352 3218 μεθ’
396 3145 532 3211 ὅσης
585 3146 744 3225 φαίην
778 3141 864 3223 ἂν,
897 3143 1013 3202 οὒδέ
1072 3145 1227 3208 αὐτὸς
1285 3141 1510 3210 ἐπῆλθες
1558 3142 1678 3199 καθ’
1732 3143 1886 3217 ἡμῶν

1976 3142 2328 3216 accessisse,
2362 3152 2421 3206 et
2475 3161 2554 3206 ne
2582 3150 2644 3206 tu
2694 3144 2960 3226 quidem,
2993 3144 3044 3206 si
3089 3143 3383 3217 affuisses,
3414 3142 3624 3222 despe-

242 3237 493 3313 σήμερον,
528 3232 627 3291 καῖ
680 3234 754 3296 ὡς
787 3234 881 3289 οὐκ
935 3233 997 3289 ἂν
1047 3230 1164 3292 οὐδὲ
1225 3233 1288 3289 σὺ
1346 3233 1529 3306 παρὼν
1586 3238 1678 3288 τοὺ
1706 3229 1889 3309 ἀνδρὸς

238 3324 497 3400 κρατῆσαι
558 3321 893 3392 ἇπήλπισας.
945 3322 1309 3401 Συνομολογεῖ
1370 3320 1424 3376 δέ
1482 3343 1571 3396 μοι
1627 3319 1724 3377 καί
1786 3325 1891 3382 πᾶς

240 3416 383 3479 οὗτος
455 3416 485 3468 ὁ
542 3409 734 3487 δῆμος,
794 3410 940 3475 ὅπως
997 3410 1238 3474 ποικίλος
1289 3410 1355 3478 ἦν
1410 3410 1566 3473 αὐτὸς
1622 3408 1682 3464 ἐκ
1739 3408 1890 3485 πρώ-

239 3526 328 3570 της
382 3502 643 3559 θωπεύων
702 3499 937 3557 ἀπειλῶν
998 3497 1243 3579 ἐκφοϐῶν
1268 3545 1289 3570 ,
1348 3499 1522 3559 πάντα
1582 3496 1889 3577 γινόμενος,

239 3596 305 3657 ὡς
368 3593 433 3648 ἂν
495 3598 591 3657 τῆς
657 3589 919 3654 εὐσεϐείας
996 3590 1318 3664 μεταστήσω
1388 3589 1480 3644 τόν
1534 3584 1715 3664 ἄνδρα.
1792 3592 1890 3646 Καὶ

241 3683 332 3761 γὰρ
389 3681 619 3759 ἠγνόουν
652 3681 691 3736 δ’
738 3681 965 3754 μάταιος
997 3679 1100 3753 οἵῳ
1129 3676 1195 3745 δὴ
1246 3678 1420 3752 τούτῳ
1448 3675 1598 3755 ἀνδρί
1642 3673 1889 3754 περιέτυ-

242 3794 358 3850 χον,
426 3768 832 3843 ἀκαταπλήκτῳ
899 3791 955 3826 τε
1015 3769 1103 3825 καὶ
1172 3765 1391 3845 στερρῷ,
1451 3765 1540 3823 καὶ
1608 3761 1891 3842 πεπαρρη-

244 3859 535 3935 σιασμένην
593 3858 777 3937 ἔχοντι
832 3860 930 3926 τὴν
987 3856 1234 3936 γλῶσσαν
1296 3858 1394 3931 μὲν
1430 3857 1561 3933 πρὸς
1598 3854 1693 3916 τὰς
1746 3852 1890 3908 ἁπο-

245 3952 463 4028 κρίσεις,
495 3948 597 4015 τὴν
655 3948 839 4027 ψυχὴν
868 3946 921 4003 δὲ
980 3949 1111 4025 πρὸς
1157 3946 1249 4005 τὰς
1282 3945 1568 4024 ἐπαγωγὰς
1626 3949 1733 3999 τῶν
1789 3962 1891 3998 κο-

243 4038 467 4112 λάσεων,
542 4038 629 4092 καὶ
711 4037 883 4093 πάντα
966 4040 1154 4093 παθεῖν
1242 4036 1473 4110 ἑτοίμῳ,
1670 4031 1892 4107 Χριστὸν

245 4127 612 4203 ἐξομοσασθαι,
679 4125 849 4199 Πλὴν,
908 4127 1001 4181 ’ίνα
1062 4123 1227 4182 τᾶίλὶα
1298 4124 1462 4199 ἐάσω,
1540 4119 1892 4195 ἀναδυόμενον

244 4220 386 4275 αὒτὸν
448 4220 510 4273 τὸ
572 4212 730 4280 σέϐας
789 4214 934 4290 ἰδὼν,
999 4216 1138 4290 μήτε
1207 4220 1299 4271 τοῦ
1357 4214 1580 4291 κράτους
1652 4211 1740 4267 καὶ
1796 4209 1893 4277 τῆς

246 4306 463 4371 ἐξουσίας
529 4304 1002 4383 ἐπιστρεφόμενον,
1059 4305 1197 4379 μήτε
1255 4305 1358 4359 τῶν
1414 4301 1658 4377 βασάνων
1713 4297 1749 4367 ἢ
1790 4299 1896 4353 τῶν

250 4396 603 4472 πρικειμένων
664 4395 902 4471 ὀργάνων
960 4393 1121 4470 λόγον
1175 4392 1518 4465 ποιούμεδον,
1581 4385 1700 4445 ἀλλ’
1758 4386 1899 4443 οὕτω

250 4486 339 4557 μὲν
387 4488 622 4547 πιθαιῶς
654 4481 1020 4559 ἂντιλέγοντα,
1054 4483 1127 4545 ὡς
1193 4483 1444 4549 ἡττᾶσθαι
1496 4478 1594 4552 μὲν
1649 4475 1745 4551 ἐμέ
1800 4479 1896 4541 τῆς

1974 3249 2174 3294 rasses
2229 3230 2419 3294 virum
2479 3250 2657 3313 posse
2712 3234 2978 3296 vincere.
3022 3231 3168 3294 Mihi
3224 3241 3420 3292 autem
3471 3229 3628 3293 feret

1976 3320 2381 3383 testimonium
2434 3320 2749 3385 universus
2798 3322 2898 3384 hic
2930 3321 3217 3402 populus,
3246 3336 3420 3400 quam
3460 3335 3624 3381 eram

1974 3409 2049 3471 ab
2100 3410 2267 3472 initio
2316 3410 2538 3487 varius,
2575 3409 2909 3487 blandiens,
2963 3410 3219 3489 minans,
3274 3416 3531 3488 terrens,
3564 3407 3628 3470 in

1973 3517 2182 3561 omnes
2208 3498 2469 3579 denique
2489 3499 2723 3579 species
2745 3517 2841 3564 me
2864 3498 3311 3571 transformans,
3343 3504 3408 3558 ut
3434 3495 3625 3559 virum

1972 3587 2332 3650 adducerem
2356 3604 2393 3649 a
2413 3587 2653 3667 pietate.
2684 3589 2807 3667 Ego
2846 3589 3006 3649 enim
3020 3586 3237 3648 stultus
3253 3583 3624 3664 ignorabam,

1973 3675 2035 3737 in
2068 3675 2304 3757 qualem
2336 3675 2529 3737 virum
2559 3675 2931 3755 incidissem,
2966 3692 3141 3755 quam
3190 3672 3538 3735 interritum
3567 3681 3651 3734 et‘

1974 3765 2297 3840 valentem,
2332 3772 2392 3826 et
2416 3764 2518 3844 qui
2541 3763 2794 3826 liberam
2818 3763 3060 3845 quidem
3085 3760 3341 3825 habebat
3360 3760 3624 3840 linguam

1975 3854 2050 3916 ad
2097 3869 2411 3932 responsa,
2442 3850 2712 3914 animum
2761 3869 2901 3915 vero
2945 3849 3299 3914 adferenda
3342 3849 3630 3912 intentata

1976 3940 2290 4022 supplicia,
2312 3949 2371 4004 et
2398 3940 2601 4003 omnia
2620 3940 2882 4023 denique
2912 3938 3300 4021 perpetienda
3333 3945 3626 4019 paratum,

1979 4037 2172 4112 potius
2221 4049 2396 4113 quam
2429 4030 2502 4093 ad
2555 4029 2858 4094 Christum
2901 4028 3344 4109 abnegandum.
3387 4026 3506 4091 Sed
3563 4035 3630 4088 ut

1978 4121 2094 4183 alia
2140 4121 2439 4201 omittam,
2472 4137 2608 4182 cum
2638 4120 2949 4182 vidisssem
2982 4136 3120 4182 eum
3151 4133 3432 4182 recusare
3482 4115 3627 4179 deos

1978 4210 2201 4283 colere,
2230 4218 2287 4271 et
2310 4226 2506 4289 neque
2532 4214 2881 4289 potestatem
2914 4223 3147 4287 curare,
3173 4223 3368 4287 neque
3395 4203 3626 4284 suppl!-

1979 4301 2208 4363 ciorum
2231 4307 2335 4361 aut
2367 4305 2797 4360 tormentorum
2832 4295 3013 4358 ullam
3036 4295 3258 4357 ducere
3285 4294 3622 4355 rationem:

1979 4388 2084 4450 sed
2131 4401 2248 4450 tam
2285 4385 2674 4468 probabiliter
2721 4384 2988 4466 quidem,
3023 4390 3081 4444 et
3128 4382 3201 4444 ad
3254 4380 3624 4462 persuaden-

1980 4477 2121 4539 dum
2170 4484 2307 4557 apte
2350 4474 2784 4548 contradicere,
2823 4479 2887 4536 ut
2929 4489 3041 4553 ego
3092 4470 3331 4552 quidem
3362 4468 3436 4532 ad
3491 4468 3625 4549 ejus

252 4574 396 4631 αὒτοῦ
462 4571 722 4645 διανοίας,
784 4570 1097 4650 ἐλέγχεσθαι
1157 4568 1211 4625 δὲ
1272 4569 1392 4630 τοὺς
1443 4568 1602 4631 Θεοὺς
1659 4567 1747 4621 καὶ
1801 4564 1888 4620 τὸν

1977 4556 2221 4644 ingenio
2248 4562 2644 4633 viucerer,dii
2669 4570 2867 4624 autem
2898 4564 3380 4650 arguere_ntur,et
3402 4556 3625 4650 ei_uni—

254 4660 405 4737 δῆμον
464 4662 676 4719 ἅπαντα
726 4660 1091 4738 συναγορεύειν
1150 4661 1292 4731 αὐτῷ
1348 4659 1435 4713 καὶ
1487 4657 1553 4712 τὰ
1608 4652 1705 4711 ἴσα
1754 4650 1881 4731 περῖ

1976 4668 2170 4715 versus
2197 4651 2622 4730 sulfragaretur
2650 4650 3014 4738 populus,get
3043 4647 3439 4738 eadem,,quaa
3464 4645 3619 4726 ipse,

250 4736 323 4807 τὸγ
370 4750 525 4816 σέϐας
610 4763 824 4829 φρονεῖν
853 4736 881 4823 ,ί
928 4736 1240 4823 ἐσκεψάμην
1298 4746 1353 4802 ἐν
1407 4745 1571 4822 ὀλίγῳ
1641 4742 1883 4805 τοιαύτας

1976 4741 2218 4804 sentiret
2245 4741 2321 4804 de
2351 4738 2667 4829 religione,
2703 4736 2950 4829 cogitavi
2993 4754 3130 4829 eum
3164 4736 3338 4816 paulo
3370 4741 3502 4829 post
3538 4741 3624 4794 ta-

251 4841 380 4914 αὖτῷ
433 4820 695 4917 βασάνους
754 4820 1086 4917 ἐπενεγκεῖν,
1133 4820 1207 4901 ὧς
1264 4836 1349 4910 ἂν,
1415 4837 1458 4891 εἷ
1509 4820 1617 4908 μὲν
1647 4832 1769 4895 οἶός
1829 4850 1886 4886 τε

1976 4830 2126 4894 libus
2184 4829 2449 4893 cruciare
2498 4825 2811 4909 suppliciis
2839 4833 2925 4917 ut,
2961 4826 3304 4917 si-possem
3351 4820 3620 4917 quidem,

251 4930 501 5005 γένωμαι,
535 4928 719 4986 τέλεον
779 4925 994 4996 ἡττάσω
1052 4928 1141 4983 τὸν
1190 4923 1368 5004 ἄνδρα·
1406 4925 1451 4980 εἰ
1502 4921 1549 4982 δ’
1607 4920 1720 5001 οὖν,
1752 4917 1888 4976 ἀλλὰ

249 5024 342 5091 τῆς
396 5021 687 5101 προθυμίας
746 5018 877 5082 τέως
936 5020 1170 5099 ἐπίσχω,
1233 5020 1320 5075 καὶ
1370 5012 1678 5092 συμποδίσω
1718 5012 1892 5101 τοότῳ

251 5119 336 5168 τοῦ
391 5099 554 5189 λόγου
612 5110 708 5178 τὴν
741 5106 984 5184 δύναμιν.
1042 5105 1258 5173 ’Ἔδοξεν
1286 5115 1374 5166 οὖν
1426 5127 1516 5182 μοι
1547 5104 1613 5161 τά
1643 5124 1700 5160 τε
1758 5099 1894 5159 πέλ-

252 5223 389 5276 ματα
447 5206 556 5258 τῶν
607 5196 782 5256 ποδῶν
829 5199 988 5256 αὐτοῦ
1019 5218 1314 5276 μαχαίραις
1372 5194 1666 5268 ἀποτεμεῖν
1696 5190 1895 5270 μέχρις

250 5292 439 5349 ὀστέων
490 5293 691 5363 αὖτῶν,
746 5288 994 5363 ἐκτεμεῖν
1048 5286 1103 5344 δὲ
1158 5288 1246 5344 καὶ
1302 5284 1401 5354 τὴν
1463 5285 1662 5362 ῥήτορα
1711 5280 1898 5359 γλῶσ-

249 5402 340 5437 σαν
395 5379 483 5460 ὑφ’
541 5381 608 5445 ἧς
667 5378 732 5433 τὰ
783 5377 955 5434 πάντα
1012 5376 1429 5454 κατηγωνίζετο,
1490 5375 1577 5428 καὶ
1632 5371 1764 5449 πρὸς
1813 5368 1893 5460 ἔτι

249 5471 400 5527 αὒτοὺ
442 5457 551 5526 ’καὶ
612 5469 733 5529 τοὺς
790 5465 1092 5545 ὀφθαλμοὺς
1144 5465 1394 5543 ἐκκόψαι,
1441 5464 1516 5526 ὣς
1570 5459 1633 5518 ἂν
1692 5457 1895 5537 καταρο

249 5560 548 5635 ρᾳθυμήσας
618 5554 717 5620 μὲν
781 5554 864 5612 ἐπὶ
915 5556 993 5627 τῷ
1064 5554 1239 5628 σκότῳ
1306 5559 1412 5609 τῶν
1464 5547 1770 5629 ὀφθαλμῶν,
1825 5552 1894 5623 τῇ

250 5647 399 5725 ὀδύνῃ
448 5644 500 5704 δὲ
562 5650 670 5702 τῶν
727 5641 901 5702 ποδῶν
962 5642 1195 5708 ὀκλάσας
1252 5640 1601 5722 ὀκνηρότερος
1634 5637 1730 5716 μὲν
1782 5658 1892 5695 πα-

1972 4938 2110 4983 eum
2145 4918 2409 5002 perfecte
2441 4908 2739 4979 vincerem
2774 4934 2789 4979 :
2840 4914 2933 4977 sin
2964 4912 3186 5002 minus,
3218 4911 3350 4990 ejus
3377 4908 3620 5002 quidem

1974 4998 2552 5087 certe—reprimerem
2587 5010 2922 5084 promptum
2960 5007 3018 5062 et
3045 4998 3299 5087 alacrem
3330 4999 3620 5073 animum,

1975 5106 2035 5160 et
2059 5085 2299 5160 dicendi
2328 5095 2664 5157 facultatem
2693 5089 3074 5171 impedirem.
3119 5085 3328 5150 Visum
3359 5092 3449 5148 est
3477 5101 3619 5164 ergo

1979 5186 2126 5248 mihi
2158 5184 2386 5266 plantas
2416 5181 2634 5264 pedum
2673 5180 2801 5259 ejus
2830 5176 3043 5258 gladiis
3070 5173 3392 5266 ercindere
3431 5189 3620 5266 usque

1979 5274 2053 5338 ad
2101 5259 2257 5344 ossa,
2290 5259 2435 5353 quin
2463 5268 2644 5333 etiam
2685 5267 2818 5347 ejus
2846 5281 3084 5347 quoque
3112 5263 3372 5353 linguam
3418 5259 3624 5325 excin-

1977 5365 2123 5427 dere
2171 5351 2581 5442 eloquentem,
2631 5375 2667 5420 a
2712 5374 2827 5437 qua
2882 5353 3082 5418 omnia
3132 5351 3617 5442 superabantur;

1979 5458 2266 5537 praeterea
2289 5440 2453 5513 _vero
2500 5447 2632 5527 ejus
2679 5463 2920 5529 quoque
2971 5442 3177 5537 oculos
3234 5440 3521 5537 effodere,
3552 5447 3622 5502 ut

1977 5529 2219 5625 propter
2249 5540 2561 5604 oculorum
2589 5536 2830 5619 quidem
2883 5531 3162 5625 tenebras
3209 5530 3329 5625 otio
3358 5529 3620 5625 deditus,

1976 5617 2195 5697 tractus
2222 5638 2420 5696 autem
2473 5617 2748 5692 dolorum
2779 5623 3068 5708 cruciatu,
3100 5618 3324 5689 tardior
3376 5617 3618 5705 quidem
