4006 6146
369 352 488 425 403

1679 348 1960 416 MENSIS
2015 347 2441 413 DECEMBER.

3627 346 3733 415 404

370 495 546 561 ﬁeret
573 490 646 557 ad
675 488 1190 574 respondendum,
1214 485 1577 550 imbecillior
1604 503 1743 549 vero
1774 487 1846 550 ad
1882 508 2015 551 con-

2116 493 2270 565 >αστῇ
2322 490 2451 568 πρὸς
2525 489 2619 555 τὰς
2680 489 3009 570 ἀποκρίσεις,
3067 488 3433 567 ἀσθενέστερος
3504 484 3556 544 δὲ
3612 490 3734 566 πρὸς

373 581 762 651 tendendum.
795 582 988 663 Atque
1037 580 1281 642 lictores
1312 575 1551 659 quidem
1600 595 1734 638 cum
1772 579 2025 659 primum

368 676 684 760 jubentem
733 670 1119 760 audivissent,
1169 667 1439 731 fecerunt
1495 669 1859 760 universum.
1923 669 2028 760 ille

373 755 575 830 autem
626 763 808 825 homo
866 759 1152 824 continuo
1200 774 1335 821 esse
1398 755 1725 835 convictus,
1763 766 1819 819 et
1877 758 2025 820 nihil

376 853 633 936 amplius
678 850 903 930 ferens,
944 866 1120 929 quam
1172 845 1507 936 communis
1558 845 1742 926 possit
1792 850 2021 936 natura,

377 933 598 1007 missus
657 941 720 1001 in
772 954 1099 1013 carcerem,
1142 942 1281 1001 .erat
1311 935 1487 1017 plane
1546 943 1838 999 mortuus.
1900 933 2026 998 Viri

376 1043 579 1098 tamen
611 1030 890 1105 misertus
933 1028 1171 1108 (verum
1203 1028 1363 1088 enim
1414 1024 1652 1108 fateor),
1686 1033 1749 1087 ut
1782 1024 1941 1088 docti
1972 1033 2030 1087 et

379 1121 502 1186 mei
530 1120 697 1197 civis,
732 1127 792 1180 et
822 1133 979 1199 agre
1009 1115 1231 1193 ferens,
1259 1114 1417 1197 quod
1448 1116 1536 1177 vir
1566 1114 1841 1196 periisset
1871 1122 2029 1177 tanta

376 1209 668 1293 sapientia
709 1208 989 1291 praeditus
1038 1212 1098 1271 et
1144 1205 1511 1287 eloquentia,
1563 1223 1796 1268 summo
1845 1224 2020 1268 mane

377 1298 757 1382 aﬂ'errijussi
785 1314 1000 1378 corpus
1031 1297 1163 1377 ejus
1211 1296 1505 1372 exanime,
1539 1293 1746 1358 volens
1791 1294 2018 1373 videre,

379 1408 637 1477 quonam
666 1391 798 1472 ejus
816 1387 1097 1453 rediisset
1124 1387 1475 1449 constantia.

457 1512 673 1580 XXIX.
719 1513 1038 1591 Postquam
1084 1514 1281 1569 autem
1328 1522 1463 1568 eum
1495 1504 1615 1567 vidi
1660 1506 2017 1570 accersitum

380 1611 549 1670 recte
579 1599 836 1680 ingredi,
870 1607 929 1662 et
958 1614 1105 1680 pure
1134 1595 1353 1658 intueri
1382 1616 1399 1676 ;
1433 1594 1652 1657 deinde
1683 1596 1858 1658 etiam
1893 1614 2027 1658 eum

379 1691 579 1759 audivi
634 1698 839 1773 aperte
884 1688 1306 1761 disserentem,
1344 1683 1584 1748 videbar
1632 1684 1778 1746 mihi
1831 1684 2028 1747 videre

2111 577 2210 644 τὴν
2261 577 2526 639 ἔνστασιν.
2589 579 2648 638 Οἱ
2706 581 2805 655 μὲν
2863 579 2951 636 οῦν
3008 578 3189 654 δήμιοι
3238 577 3347 653 ἅμα
3394 600 3450 633 τε
3509 579 3733 655 προστά-

2352 668 2382 689 κ
2740 669 2763 691 Α
2988 671 2993 675 ·
3101 668 3124 689 ν
3403 657 3418 680 ε
3524 666 3539 685 κ
3632 670 3645 692 «ι
3686 669 3698 686 \

2111 664 2293 732 ξαντος
2352 691 2607 744 ηκουσαν,
2667 692 2760 727 και
2824 670 2884 726 τὸ
2942 689 3045 726 παν
3101 667 3340 745 εδρασαν.
3421 676 3460 725 0
3493 664 3545 722 δε
3602 671 3737 732 ευθυς

2111 754 2380 836 ἐλεγχθεὶς
2438 762 2528 815 οἷα
2600 757 2895 837 ἅνθρωπος,
2955 759 3049 815 καί
3099 754 3262 833 μηδέν
3317 779 3367 812 τι
3440 755 3592 813 πλέον
3645 761 3736 823 τῆς

2109 847 2293 912 κοινῆς
2359 846 2528 927 φέρων
2585 848 2831 928 φύσεως,
2899 846 3384 927 παραπεμπόμενος
3438 851 3502 924 τῇ
3575 847 3743 923 εἱρκτῇ

2110 935 2433 1015 αὐτόχρημα
2490 939 2670 1016 νεκρὸς
2726 937 2814 1006 ἦν,
2860 937 3075 1017 "Opim,
3134 935 3457 1013 ὁμολογήσω
3501 936 3599 1013 γὰρ
3646 935 3738 993 τά·-

2111 1023 2293 1100 ληθές,
2327 1028 2417 1083 τὸν
2477 1024 2634 1107 ἄνδρα
2663 1049 2718 1084 τε
2774 1029 2844 1092 ὡς
2876 1029 3036 1106 σοφὸν
3081 1029 3167 1084 καὶ
3198 1026 3608 1104 συμπατριώτην
3663 1026 3741 1082 οἱ·

2115 1114 2357 1194 κτείρων,
2385 1114 2563 1194 ἀγλῶν
2621 1114 2672 1173 δὲ
2717 1118 2802 1175 καὶ
2833 1117 2930 1185 τὴν
2990 1117 3195 1196 ψυχὴν,
3229 1116 3309 1173 ὅτι
3339 1122 3515 1179 κακῶς
3560 1113 3740 1171 ἀπώλ-

2112 1203 2236 1264 λυτο
2297 1205 2545 1283 γλώττης
2576 1205 2715 1265 οὕτω
2766 1208 2851 1263 καὶ
2883 1207 3068 1287 σοφίας
3102 1206 3245 1286 έχων
3293 1204 3445 1282 ἀνὴρ,
3479 1226 3745 1280 μετεπεμ-

2106 1292 2284 1369 πόμην
2363 1292 2560 1353 ἄπνουν
2635 1296 2700 1353 τὺ
2775 1302 2931 1371 σῶμα
3014 1294 3126 1371 ἅμα
3192 1299 3365 1375 πρωὶ,
3430 1292 3745 1360 κατανοῆσαι

2101 1381 2293 1461 θέλων,
2326 1386 2400 1448 εἰς
2434 1386 2482 1442 τί
2539 1389 2617 1461 τῷ
2645 1389 2871 1460 τοιουτῴ
2903 1385 3158 1466 περιέστη
3190 1386 3255 1442 τὰ
3284 1386 3383 1451 τῆς
3435 1383 3746 1447 ἒνστάσεως-

2194 1502 2333 1566 ne’.
2394 1493 2486 1569 ζΩς
2543 1501 2599 1560 δὲ
2656 1502 3119 1584 μεταπεμφθέντα,
3166 1499 3439 1579 βαδίζοντα
3489 1522 3542 1557 τε
3595 1502 3750 1579 ὑγιῶς

2114 1589 2284 1668 εἶδον,
2345 1593 2431 1649 καὶ
2489 1595 2730 1671 καθαρῶς
2771 1590 3057 1671 βλέποντα,
3114 1593 3238 1650 εἶτα
3299 1591 3395 1648 καί
3437 1589 3751 1668 προσδιαλε-

2111 1682 2340 1761 γομένου
2410 1683 2582 1761 τορῶς
2652 1680 2854 1750 ἥκουσα
2893 1731 2907 1757 ,
2967 1682 3150 1761 φάσμα
3234 1679 3448 1758 βλέπειν
3524 1678 3750 1749 ἐδόκουν,

381 1768 689 1865 spectrum
702 1787 760 1842 et
780 1779 958 1841 inane
983 1774 1280 1865 somnium
1317 1796 1334 1853 ;
1364 1782 1424 1837 et
1452 1774 1645 1865 statim
1678 1774 1875 1865 clausi,
1893 1794 2027 1865 ocu-

2116 1775 2198 1829 καὶ
2258 1772 2438 1829 καινὸν
2495 1771 2720 1851 ὄνειρον,
2760 1768 2853 1827 aut
2884 1772 3004 1835 τοὺς
3034 1769 3331 1851 ὀφθαλμοὺς
3390 1770 3533 1832 meo;
3566 1768 3750 1843 ἔμυσα,

382 1858 501 1946 los,
538 1868 790 1932 deorum
822 1865 1054 1929 inimici
1081 1863 1169 1928 vel
1196 1864 1386 1945 ipsum
1418 1863 1796 1927 simulacrum
1830 1864 2027 1926 abhor-

2124 1867 2216 1918 τοῦ
2275 1866 2379 1918 τῶν
2425 1863 2557 1918 θεῶν
2614 1860 2807 1939 ἐχθροῦ
2865 1862 3293 1937 τερατευόμενον,
3374 1859 3460 1916 καὶ
3518 1858 3643 1915 αὐτὸ
3696 1859 3755 1915 τὸ

380 1976 548 2023 rens.
581 1958 729 2022 Cum
757 1964 959 2020 autem
989 1954 1067 2017 de
1094 1953 1240 2016 sede
1272 1951 1749 2028 descendissem,
1776 1961 1835 2015 et
1863 1953 2037 2015 visio-

383 2042 735 2112 nem'simul
766 2063 900 2109 cum
931 2044 1065 2108 aliis
1096 2041 1340 2106 curiose.
1360 2041 1739 2122 indagassem
1773 2065 1786 2101 :
1826 2051 1886 2105 et
1917 2061 2036 2105 non

384 2135 527 2202 solis
553 2136 806 2201 credens
821 2131 1151 2207 oculis,sed
1171 2131 1347 2196 etiam
1372 2130 1653 2194 manibus
1684 2133 2035 2195 examinans

385 2236 450 2293 et
495 2233 895 2303 contrectans,
933 2223 1105 2287 illum
1138 2223 1334 2305 ipsum
1382 2222 1564 2285 didici
1594 2240 1725 2284 esse
1775 2222 2030 2293 Menam.

385 2316 658 2401 protinus
680 2317 867 2380 victus
894 2332 1026 2377 sum
1057 2331 1094 2377 a
1125 2312 1391 2401 veritate,
1418 2330 1538 2401 non
1572 2313 1783 2401 falsum
1818 2320 2032 2376 testem

385 2399 615 2473 habens
643 2404 1111 2482 gconscientiam.
1143 2399 1679 2465 Verumenimvero
1710 2400 1877 2464 adest
1904 2402 2034 2483 ipse

387 2512 645 2579 quoque,
664 2512 701 2559 ο
722 2494 1073 2575 imperator,
1096 2498 1156 2555 et
1184 2490 1343 2554 dicat
1361 2490 1602 2579 quidem
1630 2490 1881 2579 populus
1907 2509 2034 2553 cru-

388 2578 603 2667 ciatus,
636 2583 874 2648 curiose
900 2588 1098 2644 autem
1130 2581 1258 2660 ipse
1285 2596 1524 2667 quoque
1549 2578 1807 2659 inquire,
1842 2588 1904 2641 ut
1935 2598 2029 2640 vo-

386 2665 596 2754 lueris,
628 2690 765 2736 cum
818 2667 1173 2732 miraculum
1202 2667 1279 2730 sit
1307 2665 1417 2730 tibi
1473 2673 1610 2729 ante
1642 2668 1867 2733 oculos.
1924 2668 2027 2731 Dic

386 2780 527 2825 vero
558 2759 704 2823 mihi
739 2776 843 2841 per
871 2765 1007 2820 tuos
1035 2754 1206 2831 deos,
1233 2773 1267 2817 ο
1298 2755 1644 2835 imperator,
1677 2756 1728 2818 si
1786 2759 1918 2837 quis
1946 2760 2028 2819 vi-

387 2849 574 2914 disset
592 2847 1077 2923 Christum,sicut
1107 2862 1216 2927 ego
1235 2844 1368 2927 ipse
1388 2844 1536 2917 vidi,
1550 2852 1797 2927 repente
1836 2853 2027 2910 totum

386 2940 694 3006 hominem
747 2939 1171 3003 reformantem
1201 2945 1261 2999 et
1308 2934 1694 3013 animantem,
1730 2941 1793 3002 et
1820 2956 1893 3000 ex
1923 2940 2035 3002 hoc

391 3030 632 3113 quidem
679 3046 847 3093 suam
903 3033 1255 3110 potestatem
1309 3025 1785 3108 conﬁrmantem,
1818 3046 2035 3109 nempe

389 3119 549 3202 quod
572 3120 700 3183 haec
718 3117 962 3200 quidem
992 3134 1114 3179 non
1141 3122 1281 3179 sunt
1311 3113 1578 3191 alterius,
1606 3133 1781 3196 quam
1815 3116 1943 3192 Dei,
1977 3126 2035 3179 et

2120 1949 2345 2007 εἴδωλον
2415 1950 2837 2026 μυσαττόμενος.
2896 1951 2991 2014 Ὦς
3042 1948 3095 2006 δὲ
3153 1949 3213 2006 τὰ
3269 1949 3451 2027 θρόνου
3508 1969 3755 2013 καταπη-

2119 2038 2283 2112 δήσας
2357 2040 2453 2109 τὴν
2508 2038 2628 2115 ὄψιν
2691 2039 2827 2105 μετὰ
2884 2044 2990 2096 τῶν
3061 2037 3236 2095 ἄλλων
3314 2038 3754 2116 περιειργαζόμην

2118 2128 2287 2205 κᾶλὼ,
2319 2130 2405 2186 καὶ
2459 2129 2537 2205 μὴ
2567 2129 2749 2204 μόνοις
2800 2140 2914 2190 τοῖς
2946 2126 3244 2206 ὀφθαλμοῖς
3300 2127 3591 2200 πιστεύων,
3624 2124 3756 2181 ἀλλὰ

2117 2221 2204 2275 καὶ
2247 2221 2400 2299 χερσὶ
2459 2218 2751 2296 βασανίζων
2809 2218 2897 2274 καὶ
2940 2215 3317 2296 διαψηλαςρῶν,
3353 2216 3513 2273 αὒτὸν
3562 2216 3755 2272 ἐκεῖνον

2116 2309 2258 2365 εἶναι
2319 2310 2405 2366 τὸν
2462 2316 2648 2374 Μηναν
2698 2308 3118 2384 κατεμάνθανον,
3169 2308 3406 2377 ἡττήθην
3468 2309 3565 2375 τῆς
3621 2304 3757 2371 ἁλη-

2113 2400 2252 2462 θείας
2290 2399 2457 2469 εὐθὺς,
2495 2395 2789 2472 ἁψευλευδῆ
2834 2397 3067 2475 μάρτυρα
3098 2397 3196 2465 τὴν
3250 2395 3547 2462 συνείδησιν
3599 2394 3757 2475 ἔχων,

2118 2486 2264 2555 Πλὴν
2318 2485 2455 2544 ἀλλὰ
2496 2490 2720 2563 πάρεστι
2778 2488 2865 2543 καὶ
2921 2488 3101 2565 αὐτὸς,
3155 2490 3199 2541 ὦ
3246 2484 3497 2563 βασιλεῦ,
3529 2486 3616 2542 καὶ
3671 2484 3761 2540 λε-

2114 2576 2252 2654 γέτω
2324 2576 2421 2651 μὲν
2478 2578 2505 2631 ὁ
2575 2573 2744 2652 δῆμος
2816 2577 2911 2638 τὰς
2970 2576 3255 2651 τιμωρίας’
3335 2574 3761 2655 πολυπραγμόνει

2114 2664 2168 2721 δὲ
2227 2668 2311 2721 καὶ
2342 2664 2497 2727 αὐτὸς
2553 2662 2699 2726 ὅπως
2732 2662 2793 2719 ἂν
2846 2663 3035 2740 ἒθέλῃς
3062 2670 3122 2721 τὸ
3149 2668 3322 2739 θαῦμα
3376 2667 3485 2744 πρὸ
3515 2671 3616 2720 τῶν
3658 2664 3758 2737 ὀμ-

2114 2754 2296 2829 μάτων
2357 2776 2439 2810 σοι
2468 2755 2551 2815 ὃν.
2584 2753 2715 2811 Εἰπὲ
2746 2752 2799 2809 δέ
2832 2777 2944 2833 μοι,
3005 2755 3138 2833 πρὸς
3193 2761 3300 2811 τῶν
3349 2762 3461 2811 σῶν
3514 2757 3660 2825 θεῶν,
3714 2753 3757 2805 ὦ

2117 2842 2353 2920 βασιλεῦ,
2390 2841 2444 2899 εἷ’
2500 2866 2577 2907 τις
2626 2843 2877 2921 ἑωρακὼς
2937 2844 3026 2899 τὸν
3093 2844 3316 2921 Χριστὸν
3376 2842 3554 2919 ὥσπερ
3607 2840 3751 2899 αὑτὸς

2118 2933 2226 3011 ἐγὼ
2284 2933 2563 3012 ἑωράκειν,
2623 2930 2864 3010 ἐξαίφνης
2922 2931 3308 2990 ἀναπλάσαντα
3382 2932 3511 2992 ὅλον
3563 2930 3750 3008 ἄνθρω-

2116 3045 2214 3079 πον
2272 3024 2359 3080 καὶ
2416 3022 2770 3102 ψυχώσαντα,
2823 3022 2910 3079 καὶ
2965 3023 3317 3097 πιστούμενον
3378 3024 3479 3097 μὲν
3528 3022 3586 3079 ἐκ
3637 3019 3756 3075 τού-

2115 3134 2208 3169 του
2263 3114 2361 3180 τὴν
2414 3113 2600 3170 ἑαυτοῦ
2656 3109 2900 3192 δύναμιν,
2933 3114 3005 3175 ὡς
3061 3116 3157 3171 οὒκ
3189 3111 3351 3172 ἄλλου
3410 3113 3551 3177 τινὸς
3605 3108 3763 3166 ταῦτα

388 3199 547 3292 quod
568 3208 700 3290 ipse
719 3199 817 3285 sit,
840 3207 942 3285 qui
966 3206 1227 3287 primum
1244 3202 1465 3267 creavit
1488 3204 1789 3267 hominem
1813 3226 1826 3269 :
1854 3207 2019 3286 pelli-

2117 3199 2195 3258 ὅτι
2254 3202 2333 3277 μὴ
2369 3208 2524 3277 Θεοῦ,
2557 3201 2643 3257 καὶ
2696 3200 2776 3257 ὅτι
2832 3201 2986 3266 αὒτός
3018 3202 3209 3258 ἐστινὸ
3266 3203 3353 3258 καὶ
3398 3203 3499 3270 τὴν
3554 3199 3764 3276 πρώτην

384 3284 573 3361 ἇθιιιι·
593 3284 805 3360 autem
834 3284 910 3358 iis
937 3284 1038 3376 qui
1067 3293 1237 3358 illum
1279 3293 1471 3356 secuti
1496 3293 1741 3375 fuerint,
1770 3294 1832 3356 in
1857 3284 2027 3359 caeli:

2125 3289 2523 3369 δημιουργήσας
2580 3291 2671 3346 τὸν
2724 3289 3021 3370 ἄνθρωπον,
3077 3291 3506 3371 ὑπισχνούμενον
3575 3287 3629 3345 δὲ
3684 3284 3772 3343 καὶ

388 3385 908 3470 quidemregnum
936 3393 1252 3463 aeternum,
1278 3382 1374 3445 hic
1406 3399 1544 3445 vero
1575 3390 1805 3444 tantum
1840 3404 2037 3465 posse,

2122 3381 2245 3445 τοῖς
2310 3379 2495 3453 ἐκείνῳ
2550 3376 2970 3450 ἆκολυτθήσασιν
3028 3379 3081 3435 ἐν
3149 3383 3400 3459 οὐρανοῖς
3458 3381 3553 3457 μὲν
3610 3379 3765 3454 βασι-

387 3462 678 3558 ᾇοαηῐιῖἰὶι
702 3462 833 3556 ipse
857 3472 1041 3536 solus.
1065 3471 1130 3539 Si
1152 3462 1309 3553 quis,
1333 3488 1471 3540 cum
1494 3471 1622 3533 haec
1650 3479 1708 3534 et
1731 3462 2027 3537 didicisset

2123 3468 2267 3526 λείαν
2324 3466 2523 3542 ἀίδιον,
2572 3468 2791 3526 ἐνταῦθα
2843 3469 2896 3525 δὲ
2953 3477 3181 3528 τοσαῦτα
3220 3468 3492 3548 δύνασθαι,
3549 3469 3647 3524 ὅσα
3709 3485 3767 3545 γε

388 3574 448 3630 οι
470 3562 1084 3643 vidisset,despiceret
1104 3558 1346 3642 quidem
1372 3558 1506 3623 talis
1536 3558 1643 3623 Dei
1681 3579 1813 3624 esse
1845 3570 1902 3625 et
1922 3563 2036 3625 dici

385 3652 664 3718 amicus:
697 3650 1034 3733 despiceret
1077 3655 1274 3713 autem
1310 3666 1486 3730 posse
1514 3648 1716 3712 omnia
1759 3668 1936 3730 agere
1978 3661 2036 3715 et

386 3750 645 3819 mutare,
672 3759 805 3823 qua
851 3739 1016 3804 solus
1040 3738 1172 3820 ipse
1200 3740 1360 3803 Deus
1396 3760 1410 3799 :
1464 3745 1525 3800 et
1552 3756 1742 3802 caecos
1789 3741 2029 3823 quidem

385 3833 585 3897 facere
632 3830 859 3911 videre,
891 3826 1137 3893 claudos
1185 3834 1387 3890 autem
1436 3826 1679 3904 saltare,
1710 3835 1770 3891 et
1800 3840 2032 3894 montes

390 3938 656 3997 movere,
680 3927 739 3983 et
771 3925 1036 3981 mortuos
1064 3915 1389 3981 suscitare:
1425 3924 1486 3979 et
1514 3924 1578 3979 ut
1605 3918 1782 3981 simul
1811 3920 2024 3994 dicam,

386 4027 517 4074 rem
550 4026 790 4073 omnem
822 4024 1062 4071 movere
1097 4014 1357 4069 creatam
1386 4007 1514 4069 solo
1542 4007 1724 4070 verbo
1754 4018 1813 4071 et
1842 4018 1987 4073 nutu
2016 4034 2034 4090 ;

388 4096 608 4161 deinde
629 4096 809 4159 etiam
835 4095 1049 4177 pignus
1073 4093 1322 4170 habere,
1345 4094 1506 4176 quod
1528 4094 1818 4160 laetabitur
1847 4108 1906 4160 et
1930 4118 2031 4162 re-

384 4186 595 4269 gnabit
615 4185 679 4248 in
707 4191 1026 4248 aeternum.
1057 4183 1172 4258 Qui
1201 4202 1338 4247 eum
1380 4184 1743 4265 reliquisset,
1778 4197 1834 4249 et
1866 4188 2032 4252 clau-

385 4275 561 4340 sisset
606 4274 811 4338 ocnlos
837 4272 912 4336 ad
962 4279 1184 4336 tantam
1216 4272 1645 4336 beatitudinem
1681 4295 1696 4335 :
1755 4276 2032 4355 elegisset

2122 3560 2282 3633 μόνος
2339 3558 2520 3623 αὐτός’
2580 3556 2635 3616 εἴ
2688 3581 2791 3633 τις,
2831 3568 2994 3617 ταῦτα
3047 3562 3226 3635 μαθὼν
3284 3561 3372 3617 καὶ
3430 3558 3578 3639 ἰδὼν,
3620 3556 3770 3634 παρί-

2119 3646 2196 3705 δοι
2249 3648 2345 3723 μὲν
2374 3651 2436 3705 τὸ
2480 3645 2629 3727 φίλος
2683 3652 2823 3705 εἶναι
2875 3649 2961 3705 καὶ
3012 3648 3254 3728 λέγεσθαι
3311 3650 3559 3708 τοιούτου
3617 3652 3765 3719 Θεοῦ,

2116 3736 2323 3817 παρίδοι
2373 3735 2428 3793 δὲ
2470 3738 2661 3794 καὶτὸ
2704 3735 2947 3794 δύνασθαι
3004 3739 3154 3817 ἄγειν
3224 3740 3401 3796 πάντα
3460 3741 3550 3796 καὶ
3605 3758 3770 3795 πετα-

2113 3825 2328 3885 ϐάλλειν
2387 3829 2482 3884 οἷα
2534 3828 2695 3903 μόνος
2747 3827 2903 3891 αὐτός
2936 3850 2997 3907 γε
3054 3829 3209 3908 Θεὸς,
3240 3830 3327 3885 καὶ
3360 3827 3590 3908 τυφλοὺς
3649 3826 3765 3901 μὲν,

2112 3914 2326 3992 βλέπειν
2380 3930 2581 3995 ποιεῖν,
2619 3914 2835 3996 χωλοὺς
2893 3914 2949 3972 δὲ
3007 3916 3280 3995 ἅλλεσθαι,
3315 3918 3418 3998 ὅρη
3462 3941 3522 3976 τε
3576 3928 3773 3988 κινεῖν,

2118 4007 2211 4063 καί
2272 4006 2480 4085 νεκροὺς
2537 4005 2783 4079 ἂνιστᾷν,
2833 4008 2920 4063 καὶ
2975 4005 3158 4071 ἁπλῶς
3218 4008 3315 4075 τὴν
3365 4007 3541 4065 κτίσιν
3599 4012 3766 4063 πᾶσαν

2120 4108 2430 4170 μεταποιεῖν
2495 4095 2644 4171 μόνῳ
2710 4094 2856 4173 λόγῳ
2926 4096 3013 4152 καὶ
3069 4095 3311 4170 νεύματι’
3369 4098 3499 4154 εἶτα
3553 4096 3643 4153 καὶ
3712 4093 3771 4149 τὸ

2118 4186 2325 4265 χαίρειν
2380 4185 2469 4241 καὶ
2538 4184 2834 4261 βασιλεύειν
2904 4184 3129 4250 αἷωνίως
3187 4184 3457 4265 ἐχέγγύον
3519 4183 3690 4263 ἔχειν,
3736 4183 3761 4237 ὁ

2115 4281 2298 4331 τοῦτον
2355 4273 2685 4349 καταλιπὼν,
2744 4278 2831 4331 καὶ
2889 4275 3020 4351 πρὸς
3082 4277 3330 4342 τοιαύτην
3391 4274 3763 4352 μακαριότητα

383 4371 578 4427 autem
606 4370 833 4426 vestros
853 4362 1000 4426 deos
1023 4361 1248 4443 colere,
1267 4369 1327 4424 et
1357 4379 1490 4424 esse
1516 4363 1725 4425 consul
1757 4372 1813 4426 et
1843 4366 2027 4448 impe-

2116 4364 2282 4436 μύσας
2342 4366 2464 4429 τοὺς
2516 4363 2841 4445 ὀφταλμοὺς,
2893 4362 3144 4440 ἐλόμενος
3201 4362 3255 4420 δὲ
3314 4365 3439 4429 τοὺς
3485 4363 3764 4441 ὑμετέρους

380 4459 564 4532 rator,
596 4452 873 4530 quisnam
888 4450 939 4513 is
961 4449 1072 4515 tibi
1097 4441 1421 4513 videretur?
1449 4448 1578 4513 Non
1612 4469 1750 4514 vere
1783 4441 2024 4532 stultus,

2116 4451 2280 4511 σέϐειν
2338 4454 2487 4518 θεοὺς
2547 4456 2633 4511 καὶ
2688 4454 2884 4516 ὕπατος
2944 4458 3085 4510 εἶναι
3143 4456 3230 4511 καὶ
3286 4453 3566 4533 βασιλεὺς,
3598 4452 3648 4509 τί
3706 4448 3763 4507 ἕν

381 4557 504 4604 non
532 4546 746 4603 emotae
776 4539 1019 4613 mentis,
1051 4544 1111 4600 et
1138 4537 1241 4618 qui
1283 4537 1459 4617 longe
1490 4538 1681 4621 abest,
1715 4550 1779 4603 ut
1808 4543 2018 4606 intelli-

382 4634 481 4708 gat
505 4626 666 4706 quod
695 4627 773 4691 sit
799 4623 1197 4689 conducibile.

459 4743 972 4827 XXX.Propterea
987 4742 1231 4823 igitur,o
1252 4745 1715 4829 imperator,ego
1730 4767 1993 4814 errorem
2004 4803 2019 4828 ,

380 4840 438 4898 et
454 4834 683 4898 fabulas
707 4840 952 4916 vestras,
975 4842 1034 4897 et
1053 4834 1198 4921 deos
1221 4834 1622 4919 abominatus,
1646 4844 1704 4900 et
1733 4839 2023 4919 abnegata

376 4923 491 4987 hac
511 4924 695 5000 omni,
728 4942 860 5006 quae
888 4924 1141 5006 videtur,
1172 4923 1474 5003 felicitate,
1502 4926 1575 4988 ad
1606 4927 1799 4989 solum
1832 4929 2016 4991 Deum

373 5013 624 5090 accessi,
638 5020 700 5076 et
726 5011 930 5088 malui,
958 5019 1022 5076 ut
1037 5012 1165 5095 ipse
1186 5011 1414 5091 dixisti,
1431 5032 1565 5077 esse
1589 5015 2020 5098 lnfelix,pntius

372 5102 565 5166 videri
616 5102 849 5176 stultus,
880 5120 1058 5185 quam
1106 5119 1239 5166 esse
1282 5103 1533 5185 eligens.
1567 5107 1763 5189 Atque
1815 5118 2019 5172 nostra

373 5191 615 5272 quidem
629 5209 698 5253 ex
713 5192 788 5254 iis
803 5208 934 5273 quae
947 5191 1211 5268 audiisti,
1222 5192 1349 5275 jam
1371 5193 1656 5260 didicisti.
1685 5197 1804 5261 Res
1821 5209 2016 5260 autem

371 5277 589 5366 ghristi
617 5279 666 5340 si
705 5279 853 5342 velis
881 5280 1253 5361 experientia
1291 5282 1553 5366 discere,
1583 5302 1659 5346 ne
1687 5289 2012 5350 cuncteris.

2111 4562 2193 4598 σοι
2248 4541 2419 4608 ἔδοξεν
2449 4543 2597 4608 οὗτος
2633 4561 2650 4617 ;
2702 4541 2805 4622 οὐχ
2849 4544 2920 4608 ὡς
2970 4542 3182 4611 ἀληθῶς
3227 4545 3461 4621 μωρόςς
3523 4547 3620 4602 οὐκ
3669 4541 3762 4597 ἔκ·-

2109 4652 2251 4710 φρων
2285 4653 2302 4704 ;
2335 4632 2393 4688 οῦ
2425 4629 2622 4688 πολλοῦ
2651 4629 2783 4688 δέων
2814 4633 2876 4689 τὸ
2907 4645 3150 4691 συνοῖσον
3181 4647 3398 4712 φρονεῖν
3435 4651 3452 4709 ;

2185 4751 2278 4813 Λ¹,
2335 4751 2434 4807 Διὰ
2488 4759 2650 4809 ταῦτα
2692 4753 2862 4810 τοίνυν
2918 4752 3049 4834 ἐγὼ,
3100 4752 3341 4832 βασιλεῦ,
3395 4756 3499 4822 τὴν
3553 4754 3762 4820 πλάνην

2106 4842 2192 4899 καὶ
2244 4841 2363 4907 τοὺς
2421 4842 2611 4918 μύθους
2672 4842 2794 4906 τοὺς
2863 4843 3139 4923 ὑμετέρους
3200 4845 3287 4901 καὶ
3352 4846 3507 4912 θεοὺς
3571 4842 3759 4921 βδελυ-

2103 4930 2349 5007 ξάμενος,
2402 4934 2491 4989 καὶ
2541 4937 2716 4989 πᾶσαν
2776 4933 2874 5000 τὴν
2931 4933 3252 5013 φαινομένην
3313 4936 3521 5003 ταύτην
3583 4931 3761 4991 εὔδαι-

2103 5021 2289 5095 μονίαν
2363 5018 2811 5101 ἒξαρνησάμενος,
2881 5022 3030 5094 μόνῳ
3098 5044 3155 5078 τε
3240 5023 3620 5101 προσέδραμον
3687 5028 3763 5095 τῷ

2102 5111 2333 5187 Χριστῷ,
2376 5109 2467 5168 καὶ
2517 5108 2982 5189 κακοδαιμνονεῖν,
3042 5113 3112 5175 ὡς
3168 5112 3323 5177 αὐτὸς
3374 5116 3566 5186 εἶπας,
3619 5112 3762 5187 ἠγά-

2102 5219 2273 5272 πησα,
2320 5199 2383 5255 τὸ
2433 5196 2614 5255 δοκεῖν
2674 5205 2765 5255 τοῦ
2812 5200 2954 5255 εἶναι
2982 5202 3159 5278 μωρὸς
3217 5199 3612 5277 προελόμενος.
3688 5200 3763 5259 Τὰ

2102 5288 2199 5359 μέν
2249 5290 2338 5344 οὖν
2396 5287 2628 5365 ἡμέτερα
2680 5286 2731 5353 ἐξ
2788 5288 2962 5344 αὐτῶν
3004 5290 3158 5362 ἡμῶν
3211 5287 3315 5355 ἤδη
3371 5290 3612 5353 ἀκούσας
3655 5310 3760 5364 με-

368 5364 649 5458 Excogita
676 5367 792 5458 cito
814 5367 1006 5458 ianos
1027 5386 1302 5458 magnum
1326 5364 1565 5453 aliquod
1580 5381 1637 5435 et
1662 5392 1841 5453 grave
1872 5395 2014 5456 snp-

2116 5377 2396 5449 ιάρθηκας·
2456 5376 2522 5432 τὰ
2570 5364 2633 5432 7δέ
2688 5384 2782 5434 τοῦ
2839 5384 3064 5455 Χριστοῦ
3122 5376 3175 5433 εἴ
3234 5397 3293 5453 γε
3352 5378 3541 5455 βούλει
3609 5380 3761 5458 πείρᾳ

366 5452 705 5554 ριίςίοιιιβι
723 5456 771 5517 si
793 5455 897 5518 tibi
919 5456 1073 5554 {orte
1091 5457 1501 5554 deestaliquid
1521 5461 1594 5522 ad
1629 5452 2013 5554 excogitanda

2116 5470 2311 5554 ιαθεῖν,
2372 5466 2450 5542 μὴ
2500 5463 2686 5554 μέλλε.
2746 5452 2980 5522 Ἐπινόει
3043 5465 3097 5521 δέ
3153 5452 3367 5537 πολλήν
3440 5491 3564 5526 τινα
3618 5452 3759 5548 cui?)

364 5540 680 5622 supplicia,
713 5561 821 5624 ego
852 5545 1203 5635 quimagna
1253 5545 1317 5609 in
1341 5548 1435 5611 his
1465 5540 1893 5615 exercitatione
1937 5557 2011 5617 ad

2116 5558 2182 5612 ιαὶ
2221 5540 2397 5622 δεινὴν
2446 5553 2564 5611 καθ’
2609 5556 2765 5630 ἡμῶν
2819 5556 3068 5631 βάσανον·
3114 5558 3202 5613 καὶ
3255 5554 3309 5610 εἴ
3356 5558 3408 5613 τί
3463 5579 3548 5615 σοι
3597 5540 3757 5635 ἒνδέξι

361 5646 654 5697 summam
712 5633 973 5711 processi
1004 5634 1555 5715 experientiam;ea
1606 5657 1845 5718 quoque
1878 5661 2009 5722 quce

2116 5648 2226 5724 πρὸς
2273 5646 2334 5701 τὸ
2385 5646 2620 5700 ἓπινοεῖν
2689 5644 3036 5724 κολοστήρια,
3080 5644 3212 5723 ἐγὼ,
3267 5651 3340 5721 τῇ
3400 5649 3522 5719 περὶ
3596 5633 3757 5713 ταῦτα
