4006 6146
332 355 450 422 4οη
1633 341 1914 411 MENSIS
1961 343 1982 406 1

2070 341 2390 406 GEMBER.
3585 341 3700 409 408

326 493 598 557 fecerunt
623 483 782 570 quod
811 484 902 548 eis
927 484 1120 547 fuerat
1137 483 1540 563 impetratum:
1571 486 1630 570 et
1657 478 1746 542 sic
1776 480 1970 560 ipsum

2070 468 2191 534 ιατῖ
2245 478 2304 533 τὸ
2378 475 2792 554 ἐπιτεταγμένον
2869 476 3100 553 ἐποίοδν,
3161 478 3247 536 καὶ
3311 475 3473 543 οὕτως
3547 479 3700 535 αὐτὴν

327 564 1261 656 dimittuntsuspensum,nullum
1286 570 1528 632 omnino
1550 568 1818 630 sinentes
1836 584 1971 629 eum

2070 565 2269 646 Equitum
2328 564 2707 645 ἐξηρτημένον,
2774 565 2975 642 μηδένα
3033 573 3139 623 τῶν
3201 567 3410 624 πάντων
3455 567 3701 630 ἐάσαντες

327 670 535 734 videre
562 667 634 730 ad
666 655 1164 736 consolationem.
1214 660 1466 724 Sanctus
1511 666 1707 722 autem
1751 675 1887 720 cum
1918 662 1978 718 et

2070 661 2181 736 Βρᾷν
2210 660 2284 722 εἷς
2315 662 2667 738 παραψυχὴν,
2731 657 2790 716 Ὀ
2850 657 2903 714 δὲ
2963 655 3246 737 μακάριος,
3307 671 3420 724 τοῖς
3476 681 3534 715 τε
3578 659 3700 715 ἀνέ-

331 758 510 840 capiti
538 754 838 837 impositis
863 750 1206 826 vinculis,et
1224 749 1504 840 deorsum
1538 749 1808 840 trahente
1835 764 1979 840 pon-

2070 769 2246 827 χουσιν
2322 748 2451 824 ὑπὲρ
2521 747 2759 828 κεφαλὴν
2828 747 3046 824 δεσμοῖς
3117 755 3194 822 τῷ
3257 769 3315 804 τε
3399 747 3705 805 καθελκοντι

331 835 480 913 dere
507 835 722 928 lapidis
752 841 1194 918 extenderetur,
1218 844 1280 904 et
1309 839 1364 903 ei
1394 837 1827 928 propemodum
1851 835 1979 898 dis-

2070 836 2218 917 Ξίχθει
2277 841 2374 906 τῆς
2433 837 2598 918 λίθου,
2662 836 2859 916 σφόδρα
2915 838 3380 914 κατατεινόμενος,
3437 840 3524 894 καὶ
3587 836 3705 892 κατ’

333 924 1237 1012 solverenturcompages,nervi
1254 947 1393 991 vero
1417 927 1982 999 convellerentur,et

2070 925 2239 1004 ὀλίγον
2299 924 2658 1002 διαλυομένων
2720 927 2817 1002 μὲν
2875 929 3018 1001 αὒτῷ
3072 932 3174 982 τῶν
3233 929 3520 1005 ἁρμονιῶν,
3577 928 3707 983 ἀπο-

334 1043 547 1092 carnes
575 1023 1062 1095 dilacerarentur,
1081 1027 1140 1080 et
1171 1027 1238 1082 ut
1257 1018 1444 1081 semel
1467 1017 1684 1091 dicam,
1707 1016 1904 1078 omnis
1927 1015 1984 1076 ei

333 1115 450 1180 alia
475 1111 738 1193 graviter
759 1109 1222 1189 abrumperetur
1250 1107 1664 1182 commissura,
1699 1103 1980 1186 quamdiu

335 1203 576 1287 quidem
602 1200 758 1263 vires
788 1197 1060 1280 corporis
1097 1197 1463 1287 sutl‘ecerunt
1501 1195 1576 1257 ad
1607 1194 1976 1287 animicon-

336 1282 635 1367 stantiam,
667 1287 922 1369 graviter
976 1285 1219 1368 quidem
1282 1285 1638 1366 patiebatur,
1687 1282 1981 1364 psallebat

333 1379 814 1446 autemassidue:
855 1397 886 1438 ιι
908 1374 1056 1440 Vide
1087 1375 1482 1439 humilitatem
1515 1381 1799 1454 meam,et
1821 1372 1979 1434 labo-

333 1491 465 1537 rem
496 1470 794 1541 meum8;
828 1489 860 1527 n
895 1475 958 1530 et
986 1464 1132 1528 illud
1160 1487 1174 1524 :
1235 1489 1262 1522 (ι
1295 1463 1424 1526 Non
1479 1471 1615 1525 sunt
1673 1463 1983 1542 condignas

337 1562 644 1644 passiones
673 1558 853 1639 hujus
881 1554 1172 1636 temporis
1202 1554 1277 1618 ad
1305 1556 1562 1617 futuram
1595 1552 1921 1644 gloriam_9.
1952 1576 1974 1610 ιι

335 1641 656 1732 Postquam
715 1655 911 1710 autem
968 1646 1142 1726 plane
1199 1645 1256 1707 ei
1309 1647 1683 1724 consumptis
1732 1641 1982 1722 viribus,

336 1759 504 1804 suam
535 1737 1020 1819 conjunctionem
1049 1735 1294 1798 omnino
1320 1733 1548 1814 negavit
1589 1740 1817 1812 natura,
1850 1749 1983 1792 cum

340 1829 626 1893 dixisset:
659 1825 888 1890 Gratias
903 1843 1013 1905 ago
1036 1824 1170 1900 tibi,
1201 1825 1478 1904 Domine,
1510 1822 1670 1900 quod
1707 1833 1806 1883 tua
1830 1819 1986 1882 bona

337 1916 751 2001 perceperim:
772 1923 1052 1996 tanquam
1075 1913 1342 1995 pondere
1357 1911 1636 1994 supplicii
1659 1918 1906 2001 repente
1929 1909 1986 1971 ei

338 2000 486 2073 voce
513 2024 812 2089 repressa,
845 2005 908 2066 in
940 2021 1217 2086 soporem
1242 2003 1562 2078 resolutus,
1598 2000 1798 2065 tacuit.

416 2183 681 2252 XXXIII.
717 2187 1028 2264 Postquam
1061 2199 1199 2246 vero
1229 2182 1467 2262 utrique
1525 2179 1764 2243 athletae
1828 2184 1988 2240 tanta

343 2276 678 2344 constantia
699 2283 760 2338 et
784 2272 1136 2338 fortitudine
1162 2271 1339 2335 desiit
1362 2279 1667 2334 certamen
1699 2267 1986 2348 martyrii,

2061 1015 2359 1090 σπωμένων
2437 1015 2492 1072 δὲ
2565 1017 2672 1073 τῶν
2751 1017 2972 1096 νεύρων,
3040 1014 3576 1094 διασπαρασσομένων
3650 1037 3708 1070 τε

2062 1110 2168 1160 τῶν
2226 1101 2458 1183 σαρκῶν,
2523 1106 2612 1161 καὶ
2683 1105 2867 1169 ἁπλῶς
2937 1105 3116 1172 πάσης
3185 1104 3354 1172 ἄλλης
3428 1106 3708 1183 συναφείας

2059 1192 2316 1273 χαλεπῶς
2380 1193 2871 1274 ἀποῤῥηγνυμένης,
2932 1193 3030 1259 ἕως
3088 1193 3185 1269 μέν
3236 1197 3270 1262 ἡ
3325 1202 3417 1250 τοῦ
3460 1195 3709 1268 σώματος

2057 1283 2213 1361 ἰσχὺς
2243 1282 2449 1361 ἐξήρκει
2481 1283 2609 1361 πρὸς
2641 1283 2740 1341 τὴν
2793 1282 3040 1339 ἔνστασιν
3101 1289 3198 1350 τῆς
3231 1288 3439 1363 ψυχῆς,
3498 1283 3709 1361 ἔπασχε

2063 1371 2160 1443 μὲν
2191 1370 2399 1446 δεινῶς,
2447 1370 2646 1447 ἔψαλλε
2677 1369 2731 1426 δὲ
2763 1379 3025 1449 συνεχῶς,
3053 1373 3114 1428 τὸ
3149 1394 3180 1431 α
3214 1371 3320 1430 ’Ὶδε
3378 1377 3477 1439 τὴν
3528 1373 3711 1428 ταπείο

2063 1460 2221 1516 νωσίν
2279 1483 2378 1535 μου
2433 1462 2521 1517 καὶ
2580 1462 2669 1517 τὸν
2725 1459 2893 1518 κόπον
2924 1483 3049 1536 μου,
3086 1484 3106 1516 s
3146 1463 3232 1519 καὶ
3275 1463 3338 1517 τὸ
3389 1483 3411 1516 0
3449 1463 3556 1519 Οὔκ
3589 1460 3709 1526 ἄξια

2064 1550 2130 1606 τὰ
2155 1551 2448 1626 παθήματα
2507 1558 2598 1608 τοῦ
2660 1557 2746 1607 νῦν
2816 1559 3001 1626 καιροῦ
3058 1553 3187 1630 πρὸς
3243 1552 3342 1618 τὴν
3410 1550 3713 1626 μέλλουσιν

2067 1637 2240 1704 δόξαν·
2282 1662 2305 1695 ι
2370 1639 2483 1696 ἐπεὶ
2536 1638 2591 1696 δέ
2662 1642 2736 1702 εἷς
2807 1639 2958 1705 τέλος
3028 1640 3490 1707 καταναλωθείσης
3569 1642 3714 1714 αὖτῷ

2067 1733 2165 1797 τῆς
2229 1729 2440 1808 ἰσχύος,
2515 1730 2603 1784 τὸν
2680 1727 2968 1804 σύνδεσμον
3026 1731 3216 1798 ἑαυτῆς
3275 1729 3412 1792 ὅλως
3476 1731 3505 1797 ἓ,
3564 1731 3718 1808 φύσις

2067 1818 2362 1896 ἠρνήσατο,
2401 1817 2586 1888 εὶπὼν,
2660 1821 2972 1897 Εὐχαριστῶ
3030 1841 3138 1898 σοι,
3203 1820 3378 1897 Κύριε,
3439 1819 3519 1874 ὅτι
3575 1818 3720 1875 ἀπέ-

2067 1907 2236 1965 λαυσά
2293 1917 2386 1963 σόυ
2443 1912 2548 1963 τῶν
2602 1907 2841 1984 ἀγαθῶν,
2892 1909 2981 1964 καὶ
3037 1909 3215 1985 ὥσπερ
3280 1915 3356 1983 τῷ
3413 1910 3559 1986 βάρει
3617 1915 3714 1976 τῆς

2068 1996 2324 2074 τιμωρίας
2406 1996 2706 2075 ἐπισχεθεὶς
2767 1993 2915 2076 ἄφνω
2970 1998 3065 2065 τὴν
3124 1999 3330 2078 φωνὴν,
3411 2000 3483 2060 εἰς
3554 1998 3722 2056 ὕπνον

2069 2086 2410 2164 κατενεχθεὶς
2443 2084 2670 2147 ἐσιώπα.

2151 2173 2283 2234 Al".
2344 2172 2440 2238 Ὠς
2496 2174 2585 2231 οὖν
2641 2176 2714 2236 εἰς
2773 2185 2926 2235 τοῦτο
2980 2177 3255 2256 καρτερίας
3317 2178 3552 2252 ἑκατέρῳ
3608 2179 3718 2234 τῶν

2071 2263 2312 2331 ἀθλητῶν
2346 2266 2373 2319 ὁ
2405 2265 2720 2343 μαρτυρικὸς
2777 2263 2922 2342 ἀγὼν
2979 2264 3186 2338 ἔληξεν,
3248 2269 3394 2330 εὒθυς
3464 2273 3715 2345 παρῆσαν

341 2374 595 2450 repente
624 2365 922 2430 aﬂ'ueruut
973 2370 1246 2426 amantes
1295 2369 1355 2426 et
1381 2363 1527 2424 socii
1559 2359 1754 2440 angeli
1783 2357 1856 2420 ad
1885 2375 1982 2450 eos

2071 2356 2143 2417 εἷς
2198 2352 2482 2428 ἀντίληψιν
2541 2355 2588 2450 οἱ
2648 2352 2959 2433 προσφιλεῖς
3013 2357 3097 2412 καὶ
3149 2357 3427 2437 σύμμαχοι
3464 2355 3713 2434 ἄγγελοι,

345 2441 794 2521 defendendos:
826 2460 886 2516 et
915 2452 1175 2535 primum
1224 2450 1466 2533 quidem
1523 2467 1658 2512 cum
1716 2446 1982 2526 martyris

2075 2443 2172 2501 Καὶ
2255 2443 2438 2517 πρῶτα
2512 2441 2631 2516 μέν,
2715 2444 2775 2500 τὸ
2864 2451 2958 2500 τοῦ
3027 2445 3291 2522 μάρτυρος
3365 2446 3719 2522 Ἑρμογένους

343 2543 738 2624 Hermogenis
767 2531 986 2623 corpus
1014 2559 1048 2604 e
1075 2531 1556 2621 ﬂuvii—profundo
1586 2536 1982 2615 sustulissent,

2071 2533 2228 2605 σῶμα
2289 2539 2380 2587 τοῦ
2431 2531 2617 2606 βάθους
2673 2539 2763 2588 τοῦ
2819 2541 3062 2608 ποταμοῦ
3120 2533 3450 2611 ἀνελόμενοι,
3526 2537 3718 2614 ἀθρόον

347 2644 408 2701 et
436 2619 683 2716 repente
721 2649 859 2695 eum
875 2619 1078 2694 totum
1125 2619 1420 2708 integrum
1477 2625 1900 2716 restituisseut,
1934 2631 1982 2716 et

2073 2642 2129 2676 τε
2159 2619 2334 2698 ἄρτιον
2365 2619 2489 2676 ὅλον
2521 2621 2672 2676 αὒτὸν
2720 2621 3279 2696 ἀποκαταστήσαντες,
3337 2625 3460 2680 εἷτα
3516 2623 3569 2680 δὲ
3629 2627 3720 2683 καὶ

345 2708 568 2788 deinde
592 2721 770 2784 etiam
799 2717 1254 2792 animassent,et
1283 2715 1570 2777 dixissent
1598 2731 1664 2776 se
1693 2711 1982 2793 proﬁcisci

2074 2708 2443 2788 ψυχώσαντες,
2505 2711 2591 2766 καὶ
2647 2710 2746 2777 τὴν
2803 2711 2887 2767 ἐπὶ
2943 2713 3030 2768 τὸν
3062 2712 3298 2780 ἀθλητὴν
3360 2721 3543 2780 Μηνᾶν
3570 2718 3718 2773 αὗιοὶ

343 2813 418 2879 ad
447 2812 678 2876 Menam
707 2807 1016 2886 athletam,
1048 2811 1108 2868 et
1157 2805 1353 2886 ipsum
1383 2801 1604 2866 hortati
1665 2807 1884 2876 essent,
1922 2809 1982 2864 ut

2075 2797 2292 2874 μέλλειν
2345 2797 2552 2854 ἀπιέναι
2606 2798 2975 2879 φθεγξάμενοι,
3032 2803 3454 2880 προτρεψάμενοί
3482 2825 3535 2858 τε
3569 2803 3716 2860 συνέ..

345 2902 832 2980 consequeretur,
864 2894 968 2956 ubi
997 2910 1208 2974 parum
1238 2891 1537 2974 progressi
1587 2896 1880 2980 venerunt
1909 2889 1982 2952 ad

2075 2891 2258 2945 πεσθαι
2318 2889 2404 2944 καὶ
2462 2887 2641 2956 αὐτὸν,
2703 2887 2879 2967 ὀλίγον
2938 2888 3264 2965 ὁδεύσαντες,
3325 2893 3437 2949 ἐπεὶ
3485 2896 3714 2972 πρὸςτῇ

345 2975 701 3067 custodiam,
725 2985 887 3049 intro
913 2985 1110 3047 statim
1130 2987 1546 3064 perrexerunt,
1577 2979 1821 3056 viribus,
1849 2999 1982 3060 quae

2073 2976 2283 3056 φυλακῇ
2341 2976 2497 3048 ἦσαν,
2557 2975 2699 3034 ἔνδον
2760 2978 2997 3058 ἐχώρουν
3053 2980 3222 3052 εὒθὺς,
3281 2981 3488 3060 ἀοράτῳ
3542 2983 3710 3039 σθένει

345 3077 456 3143 sub
483 3061 794 3158 aspectum
823 3092 946 3136 non
971 3061 1209 3148 cadunt,
1241 3061 1547 3134 dissolutis
1578 3070 1664 3130 eis
1691 3068 1982 3159 claustris.

2071 3073 2178 3124 τῶν
2237 3064 2484 3142 κλείθρων
2541 3065 2879 3124 διαλυθέντων
2935 3071 3141 3131 αὐτοῖς.
3206 3061 3262 3128 Ὀ
3321 3074 3442 3148 γοῦν
3515 3064 3713 3150 Ἐρμο-

344 3155 754 3244 Hermogenes
779 3179 920 3225 vero
946 3161 1209 3242 seipsum
1239 3159 1481 3241 quidem
1507 3165 1706 3221 mente
1734 3157 1982 3239 agitans,

2073 3155 2256 3232 γένης,
2317 3155 2501 3212 ἑαυτὸν
2560 3156 2658 3230 μὲν
2714 3163 3011 3234 κατανοῶν,
3073 3162 3160 3215 καὶ
3223 3161 3283 3215 τὸ
3354 3159 3475 3218 ὅλον
3545 3162 3718 3241 ἠρέμα

346 3225 633 3320 ἱεῖὶὀῖἁὲ
650 3225 846 3315 actum
863 3225 1470 3329 tacite-considerans,
1489 3225 1951 3327 obstupescebat

2071 3249 2408 3322 περισκοπῶν
2493 3255 2585 3304 τοῦ
2669 3245 2956 3324 δράματος,
2995 3225 3008 3234 ⁷
3062 3248 3403 3319 ἐξεπλήσετο·
3499 3225 3592 3307 τὸν
3643 3225 3717 3310 ’δὲ

347 3345 588 3409 beatum
611 3349 810 3404 autem
831 3338 1063 3402 Menam
1091 3338 1268 3401 etiam
1293 3353 1650 3418 suspensum
1667 3335 1982 3417 aspiciens,

2073 3334 2332 3412 μακάριον
2424 3341 2632 3409 Μηνᾶν,
2725 3337 2811 3392 καὶ
2898 3339 3230 3415 κρεμάμενον
3321 3338 3555 3415 βλέπων,
3631 3338 3720 3398 καὶ

349 3443 409 3499 et
431 3435 555 3515 jam
585 3449 707 3507 non
737 3435 1060 3511 spirantem
1089 3426 1367 3507 amplius,
1399 3433 1468 3515 et
1480 3433 1837 3515 tormentum
1863 3443 1982 3488 cer-

2071 3419 2269 3479 ἄπνουν
2300 3422 2403 3490 ἤδη
2433 3425 2740 3500 γενόμενον,
2795 3427 2893 3493 τὴν
2951 3426 3179 3501 βάσανον
3234 3450 3291 3484 τε
3354 3432 3586 3507 καθορῶν
3645 3434 3722 3495 ὡς

349 3511 501 3586 nens
527 3516 929 3592 intolerabile,
981 3515 1222 3578 tristitia
1267 3513 1659 3578 afﬁciebatur.
1715 3512 1793 3576 Ut
1849 3532 1982 3578 vero

2073 3511 2410 3586 ἀνύποιστον,
2443 3512 2828 3592 ἐσκυθρώπαζε,
2896 3518 3094 3595 Νήφειν
3150 3515 3204 3573 δὲ
3261 3520 3417 3574 αυτὸν
3472 3520 3558 3576 καὶ
3591 3522 3720 3597 ξιρᾷν

349 3621 511 3675 esset
537 3616 799 3673 attentus
853 3613 913 3670 et
970 3603 1222 3682 videret,
1274 3602 1492 3666 hortati
1537 3603 1761 3684 angeli,
1794 3611 1982 3666 statim

2074 3602 2123 3658 οἱ
2179 3599 2394 3679 ἄγγελοι
2450 3604 2899 3680 προτρεψάμενοι,
2958 3604 3094 3680 μετέ
3153 3629 3292 3672 τινος
3351 3609 3496 3672 εὐθὺς
3548 3607 3721 3674 αἰδοῦς

349 3718 486 3766 cum
515 3697 774 3780 quodam
795 3695 1025 3758 honore
1051 3701 1114 3756 et
1139 3693 1476 3756 reverentia
1494 3692 1569 3754 ad
1589 3700 1861 3755 sanctum
1886 3711 1982 3755 ac-

2073 3691 2161 3746 καὶ
2189 3696 2349 3766 τιμῆς
2380 3693 2624 3768 προσίασι
2657 3699 2733 3766 τῷ
2785 3695 2939 3770 ἁγίῳ.
2993 3696 3293 3774 Ἓκατέρων
3352 3718 3408 3752 τε
3466 3703 3572 3754 τῶν
3632 3697 3724 3754 δε-

348 3791 590 3857 cedunt.
621 3787 917 3852 Relaxatis
939 3792 1138 3849 autem
1183 3784 1494 3864 utriusque
1515 3784 1794 3860 vinculis,
1829 3802 1982 3860 cum,

2075 3782 2224 3855 σμῶν
2253 3780 2486 3856 ἀνέντες,
2541 3783 2629 3838 καὶ
2679 3783 2744 3851 ἣν
2796 3784 2999 3852 ὁπέστη
3060 3783 3325 3864 διέῤῥηξιν
3380 3793 3485 3843 τῶν
3546 3787 3726 3858 μελῶν

348 3898 528 3966 quam
562 3878 907 3951 sustineret,
940 3872 1350 3937 membrorum
1374 3874 1720 3966 juncturam
1754 3890 1982 3966 compe-

2075 3868 2440 3944 συμπήξαντές
2468 3892 2524 3926 τε
2553 3873 2642 3928 καὶ
2668 3873 3000 3953 δγιάναντες,
3060 3875 3153 3931 καί
3189 3883 3363 3955 χαρᾶς
3414 3879 3590 3945 πάσης
3637 3881 3730 3936 καὶ

347 3959 575 4053 gissent
603 3974 662 4030 et
689 3969 1244 4053 sanassent,eteum
1267 3979 1480 4053 magno
1510 3961 1725 4053 gaudio
1748 3962 1982 4053 etalacr:

2081 3959 2391 4037 προθυμίας,
2451 3960 2855 4038 πληρώσαντες,
2919 3961 3095 4020 λύουσι
3181 3967 3278 4039 μὲν
3362 3967 3545 4025 αὖτίκα
3624 3969 3728 4033 τὴν

345 4046 533 4123 animi
561 4055 755 4119 studio
784 4052 1200 4134 replevissent,
1231 4050 1430 4116 statim
1465 4050 1706 4132 quidem
1766 4051 1982 4113 solvunt

2083 4046 2433 4136 Ἑρμογένους
2463 4048 2548 4105 ἐπὶ
2579 4052 2657 4123 τῷ
2708 4050 2928 4129 μεγάλῳ
2989 4059 3142 4126 Μηνᾷ
3200 4053 3394 4122 λύπην·
3453 4057 3614 4136 μέχρι
3669 4056 3727 4112 δὲ

346 4145 745 4224 Hermogenis
774 4159 1094 4206 mcerorem
1124 4148 1372 4224 propter
1427 4158 1708 4221 magnum
1741 4139 1982 4203 Menam.

2081 4134 2263 4214 ὄρθρου
2320 4139 2504 4202 αύτοτς
2557 4137 2934 4216 ὁμιλήσαντες,
2990 4144 3078 4198 καὶ
3154 4145 3284 4222 πρὸς
3367 4146 3486 4209 τοὺς
3526 4134 3723 4202 κινδύ-

349 4237 497 4301 Cum
526 4241 723 4337 autem
753 4250 948 4337 usque
977 4231 1051 4337 ad
1103 4230 1460 4337 matutinum
1504 4248 1639 4292 cum
1673 4230 1764 4330 eis
1795 4239 1982 4330 essent

2082 4247 2201 4289 νους
2258 4223 2420 4282 πλέον
2477 4227 2872 4304 στομώσαντες,
2933 4229 3173 4287 σπεύδειν
3238 4255 3295 4288 τε
3351 4235 3536 4296 αὐτοὺς
3599 4235 3721 4291 ἐπι·-

2089 4336 2098 4337 ,
2153 4313 2196 4337 1s
2457 4319 2471 4337 ι
2523 4319 2532 4334 ι
2683 4318 2697 4336 \
2828 4318 2853 4337 υ
3055 4320 3079 4337 ν
3400 4327 3419 4337 ι.
3587 4325 3596 4337 ι

347 4324 589 4401 versati,
624 4330 683 4385 et
713 4323 788 4386 ad
817 4313 1082 4403 pericula
1103 4319 1419 4383 subeunda
1452 4336 1556 4381 eos
1583 4318 1770 4398 magis
1800 4318 1982 4384 acuis-

2081 4313 2367 4392 τρέψαντες
2453 4319 2537 4373 ἐπὶ
2619 4318 2742 4382 τοὺς
2827 4318 2950 4376 ὅσον
3026 4320 3172 4377 οὔπω
3249 4325 3722 4403 πεμφθησομένους

351 4431 502 4488 sent,
526 4389 908 4494 etjussissent
929 4431 1025 4477 eos
1041 4419 1312 4476 festinare
1333 4417 1404 4474 ad
1424 4431 1558 4474 mox
1586 4389 1982 4474 eisintttenda:

2083 4404 2389 4483 στεφάνους,
2450 4407 2812 4486 ὑποσχόμενοί
2859 4429 2917 4464 τε
2978 4423 3212 4467 συνεῖναι
3267 4413 3354 4468 καὶ
3410 4419 3515 4468 τῶν
3573 4413 3725 4490 ἀγώ-

350 4509 692 4576 coronas,et
713 4500 960 4581 polliciti
973 4506 1172 4562 essent
1186 4515 1253 4559 se
1270 4497 1446 4559 simul
1471 4495 1982 4572 adfuturos,etcerl

2082 4508 2185 4550 νων
2235 4496 2418 4559 αὐτοῖς
2475 4496 2889 4574 συνεφάπτεσθαι
2947 4499 3110 4578 μέχρι
3141 4500 3228 4556 καὶ
3285 4508 3376 4557 τοῦ
3433 4508 3537 4557 τῶν
3595 4523 3718 4557 στε-

350 4590 574 4654 tamine
587 4607 706 4652 una
716 4607 850 4652 esse
860 4588 1176 4652 audituros
1195 4603 1383 4668 usque
1395 4586 1469 4649 ad
1491 4593 1728 4667 tempus
1745 4605 1982 4649 corona-

2082 4582 2260 4660 φάνων
2319 4592 2498 4664 καιροῦ
2552 4587 2638 4642 καὶ
2694 4591 2794 4653 τῆς
2851 4585 3211 4664 ἀναῤῥήσεως.
3274 4591 3410 4646 Εἶτα
3443 4591 3537 4646 καί·
3571 4592 3723 4668 εἰρή-

351 4696 485 4743 rum
516 4686 576 4742 et
605 4677 868 4741 victoriae
923 4675 1458 4751 renuntiationem,
1491 4683 1553 4739 et
1583 4674 1798 4738 deinde
1821 4677 1982 4738 etian

2083 4694 2178 4738 νην
2211 4670 2412 4752 δόντες,
2443 4675 2530 4730 καὶ
2578 4673 2728 4742 νίκην
2778 4679 2960 4739 αὐτοῖς
3019 4677 3513 4759 εὒαγγελισᾶμενοι,
3575 4679 3720 4742 εὐθὺς

355 4768 442 4833 eis
467 4785 677 4850 pacem
707 4766 1037 4846 dedissent,
1063 4774 1122 4828 et
1148 4765 1411 4828 faustum
1433 4765 1695 4828 victoriae
1724 4766 1982 4828 nuutiun

2084 4761 2252 4818 αὒτῶν
2282 4761 2695 4842 ἀπηλλάγησαν.

353 4857 442 4921 eis
470 4856 926 4936 signiﬁcassent,
955 4854 1158 4917 statim
1188 4852 1263 4916 ab
1298 4853 1386 4915 eis
1413 4864 1821 4918 recesserunt.

433 4943 686 5010 XXXIV.
719 4945 1048 5026 Imperator
1099 4949 1296 5006 autem
1349 4961 1486 5005 cum
1533 4961 1766 5006 summo
1827 4961 1982 5007 mani

2164 4941 2303 5003 AA'.
2363 4940 2424 5000 Ὀ
2481 4940 2536 4998 δὲ
2591 4941 2862 5022 βασιλεὺς,
2913 4942 3163 5010 κελεύσας
3217 4944 3328 5021 ἅμα
3369 4950 3510 5021 πρωί
3569 4948 3629 5001 τό
3660 4966 3718 5002 τε

347 5035 628 5117 iussisset
651 5033 872 5115 aperiri
901 5035 1289 5108 theatrum,et
1315 5031 1390 5096 ad
1419 5051 1555 5095 eum
1584 5051 1824 5096 omnem
1853 5051 1982 5096 con-

2081 5031 2297 5112 θέατρον
2328 5033 2683 5111 παραστῆναι,
2718 5031 2805 5088 καὶ
2836 5033 3006 5090 πάντα
3062 5035 3152 5090 τὸν
3210 5032 3380 5108 δῆμον
3435 5038 3507 5098 εἰς
3563 5043 3718 5093 τοῦτο

353 5124 558 5188 νοοῖτο
586 5123 895 5206 populum,
929 5122 1084 5186 sedit
1111 5140 1217 5204 pro
1242 5119 1549 5184 tribunali.
1585 5122 1876 5196 Quoniam
1900 5140 1982 5184 au

2081 5134 2354 5201 παρεῖναι,
2413 5121 2650 5178 ἐκάθισεν
2709 5120 2794 5176 ἐπὶ
2841 5129 2932 5178 τοῦ
2961 5121 3224 5198 βήματος.
3287 5123 3441 5181 Ἐπεὶ
3499 5122 3552 5179 δὲ
3607 5147 3722 5199 μα-

355 5221 476 5276 tem
506 5220 823 5295 acceperat
851 5219 1032 5276 totam
1061 5211 1359 5276 civitatem
1383 5210 1716 5275 credidisse
1735 5212 1982 5284 Christo,

2079 5212 2182 5268 θὼν
2237 5211 2306 5278 ἦν
2364 5212 2438 5274 ὡς
2497 5215 2643 5267 πᾶσα
2693 5211 2727 5277 ἡ
2785 5208 2942 5276 πόλις
3000 5214 3312 5269 πεπίστευκε
3357 5221 3434 5288 τῷ
3484 5221 3715 5292 Χριστῷ,

353 5301 739 5365 deliberando
801 5319 936 5364 vero
997 5308 1056 5364 et
1111 5301 1500 5364 consultando
1553 5309 1982 5365 statueratesse

2079 5298 2216 5379 ἔγνω
2245 5299 2298 5356 δὲ
2329 5304 2672 5375 σκηψκμενος
2727 5298 3027 5378 ἀσύμφορον
3083 5301 3180 5373 μὲν
3237 5303 3379 5358 εἶναι
3433 5302 3716 5380 ἀτιμώρη-

356 5389 598 5470 quidem
629 5391 836 5454 inutile
865 5408 995 5454 eam
1017 5390 1360 5472 relinquere
1385 5390 1759 5471 impunitam,
1789 5408 1982 5453 rursus

2075 5413 2167 5448 τον
2196 5390 2392 5457 ταύτην
2451 5386 2791 5460 καταλιπεῖν,
2855 5387 3139 5467 ἀλόγιστον
3201 5388 3254 5444 δὲ
3319 5389 3472 5447 πάλιν
3544 5413 3717 5465 τιμω-

355 5483 556 5541 autem
583 5479 1086 5543 inconsideratum
1119 5487 1178 5542 et
1204 5496 1241 5540 a
1269 5477 1504 5540 ratione
1550 5480 1813 5543 alienum
1847 5497 1982 5541 con-

2075 5481 2188 5559 ρίαν
2247 5479 2461 5539 πάντων
2518 5477 3014 5556 καταψηφίσασθαι,
3074 5479 3578 5558 προσποιησάμενος
3627 5487 3720 5537 τοῦ

433 5652 643 5720 8Psal.
674 5669 836 5738 xxxv,
869 5659 968 5720 18.
1053 5656 1087 5708 ο
1112 5655 1290 5720 Rom.
1324 5670 1491 5733 xvm,
1527 5656 1626 5720 18.
