4028 6138
242 460 372 521 ὅλου
428 460 662 540 ἄγνοιαν,
718 456 868 541 ἔφη·
953 459 1076 520 ⁰Οτι
1148 459 1274 537 μὲν,
1337 464 1385 518 ὦ
1438 460 1698 539 παρόντες
1756 461 1933 534 ὑμεῖς,

241 554 370 617 τοὺς
433 551 525 627 μὲν
579 551 731 612 θεοὺς
792 551 1011 614 θυσίαις
1069 550 1156 607 καὶ
1212 552 1339 618 ταῖς
1382 550 1568 616 ἄλλαις
1642 548 1921 621 σπονδαῖς,

238 644 393 716 ἡμᾶς
454 638 502 697 δὲ
534 640 652 704 τοὺς
713 640 976 717 βασιλεῖς
1024 639 1162 715 αἰδοῖ
1218 645 1305 698 καὶ
1360 638 1507 720 φόϐῳ
1562 641 1648 698 καὶ
1678 646 1746 717 τῇ
1808 640 1925 716 περὶ

241 731 423 789 τᾶλλα
507 732 720 806 ὑπαί.οῇ
789 730 1103 808 θεραπεύειν
1185 728 1493 809 ἐγνώκατε,
1580 730 1640 787 ἐκ
1709 727 1924 787 πολλῶν

242 821 372 881 οῖδα
435 821 636 897 μαθών
716 818 801 876 ὅτι
849 819 906 876 δὲ
963 821 1041 896 μὴ
1088 821 1232 885 εὐθὺς
1291 821 1562 878 ἆντείπετε
1617 821 1745 898 πρὸς
1804 819 1924 883 τοὺς

247 912 563 987 ἀλιτηρίους
631 910 839 971 ἐκείνω
910 911 978 966 τὰ
1047 917 1139 966 τοῦ
1210 910 1608 990 ἐσταυρωμένου
1659 908 1927 966 διδάσκειν

250 1002 658 1075 τολμήσαντας,
719 1001 814 1056 καὶ
872 998 952 1055 ’ἔν’
1020 999 1161 1057 εἴπω
1228 1023 1304 1080 τι,
1372 998 1467 1057 καῖ
1520 998 1682 1065 λίθοις
1740 999 1925 1061 αὐτοὺς

264 1093 368 1169 πρὸ
417 1093 570 1164 ἡμῶν
618 1087 1007 1169 κατελεύσατε,
1042 1090 1134 1145 οὒκ
1189 1087 1341 1153 ἐκτὸς
1400 1088 1563 1168 ὀργῆς
1609 1089 1753 1169 παρὰ
1808 1102 1926 1150 τοῖς

264 1185 401 1245 θεοῖς
468 1182 684 1236 κεῖσθαι
756 1185 913 1236 τοῦτο
956 1178 1262 1256 λογίζομαι,
1314 1179 1460 1257 Ἐγὼ
1514 1179 1686 1235 τοίνυν
1743 1177 1931 1241 αὐτούς

260 1292 321 1325 τε
387 1270 505 1330 τοὺς
584 1270 739 1330 θεοὺς
807 1266 1089 1324 διεκδικεῖν
1159 1272 1607 1347 προθυμούμενος,
1668 1268 1761 1325 καί
1820 1290 1934 1342 μη-

254 1358 377 1420 δένα
451 1360 604 1433 ὑμῶν
673 1357 998 1433 θεοπέμπτῳ
1068 1371 1381 1435 περιπεσεῖν
1445 1363 1688 1437 συμφορᾷ
1762 1379 1931 1435 προσ-

257 1449 440 1511 τάσσω
492 1451 592 1518 τήν
650 1470 710 1505 τε
768 1447 927 1505 πόλιν
970 1448 1058 1504 καὶ
1108 1447 1311 1510 πάντας
1375 1449 1506 1522 δμᾶς
1566 1452 1671 1503 τῶν
1730 1446 1790 1503 ἐκ
1828 1468 1932 1503 πα-

1222 329 1700 394 MARTYBIUM
1749 327 1815 392 S.
1861 324 2101 390 MEN/E
2142 324 2242 389 ET
2285 322 2689 392 SOCIORUM.

3540 325 3663 399 410

1956 459 1999 511 Α
2021 457 2311 524 demnare
2339 480 2571 536 omnes,
2604 466 2668 523 ut
2698 459 3039 543 puniantur,
3061 457 3349 524 simulans
3376 477 3445 524 se
3467 466 3657 526 totum

2008 546 2308 626 ignorare,
2344 551 2544 614 dixit:
2603 551 2774 625 Quod
2822 570 2926 613 vos
2972 552 3214 631 quidem
3266 551 3366 631 qui
3414 551 3657 633 adestis,

2007 639 2153 701 deos
2210 641 2454 722 quidem
2502 640 2811 703 sacriﬁciis
2842 652 2902 704 et
2948 641 3082 703 aliis
3111 640 3518 716 libaminibus,
3552 660 3657 705 nos

2006 736 2204 792 autem
2238 731 2633 811 imperatores
2658 731 2989 793 reverentia
3019 739 3076 793 et
3104 733 3319 792 timore
3342 737 3403 794 et
3435 732 3494 792 in
3525 731 3657 793 aliis

2007 818 2191 880 rebus
2223 820 2563 883 obedientia
2591 822 2792 884 colere
2821 822 3167 902 statueritis,
3199 839 3267 883 ex
3302 820 3503 882 multis
3526 820 3659 883 aliis

2009 907 2306 974 intellexi.
2341 909 2508 982 Quod
2561 918 2757 972 autem
2790 930 2908 973 non
2951 911 3149 974 statim
3200 911 3572 990 repugnastis
3602 917 3661 973 et

2006 998 2315 1061 restitistis
2353 1000 2477 1062 illis
2503 1000 2906 1074 exsecrandis,
2953 1002 3053 1083 qui
3101 1000 3377 1064 Cruciﬁxi
3409 1020 3506 1062 res
3536 1000 3665 1062 ausi

2008 1098 2148 1149 sunt
2171 1092 2485 1164 docere,et
2506 1110 2622 1152 non
2648 1092 2807 1171 ipsos
2829 1100 2965 1154 ante
2989 1110 3100 1154 nos
3123 1091 3420 1173 lapidibus
3443 1090 3662 1155 obrue.

2015 1176 2172 1254 ritis,
2202 1180 2485 1241 existimo
2540 1181 2688 1241 deos
2718 1198 2792 1242 ex
2822 1181 2935 1244 hoc
2964 1181 3111 1243 iram
3144 1199 3263 1241 non
3293 1180 3481 1242 levem
3513 1199 3663 1242 con-

2016 1268 2270 1348 cepisse.
2305 1268 2429 1346 Εςο
2454 1270 2658 1348 igitur,
2683 1272 2781 1350 qui
2807 1279 2865 1331 et
2881 1272 3042 1351 ipsos
3062 1271 3208 1333 deos
3228 1270 3404 1350 cupio
3426 1270 3656 1345 ulcisci,

2017 1365 2077 1419 et
2099 1358 2324 1419 nullum
2348 1367 2613 1421 vestrum
2640 1360 2700 1421 in
2724 1358 3005 1423 divinitus
3036 1360 3361 1422 immissam
3392 1359 3660 1422 incidere

2015 1447 2432 1522 calamitatem,
2455 1449 2639 1528 jubeo
2670 1449 2968 1512 civitatem
2994 1457 3052 1512 et
3079 1469 3180 1512 vos
3211 1468 3421 1511 omnes
3446 1450 3663 1530 privari

258 1536 408 1595 λαιοῦ
474 1539 745 1617 ἑκατέροις
804 1537 1287 1614 ἀπονενεμημένων
1363 1538 1680 1606 στερηθῆναι
1734 1535 1926 1625 τιμῶν³

2012 1534 2109 1611 iis,
2140 1538 2241 1617 qui
2266 1537 2534 1618 utrisque
2560 1538 2701 1599 olim
2725 1538 2967 1600 fuerunt
3000 1537 3284 1619 attributi,
3307 1538 3656 1612 honoribus,

266 1630 334 1693 ὣς
390 1630 455 1686 ἂν
506 1629 681 1707 γνῶτε
741 1628 802 1686 ἐκ
856 1650 915 1686 τε
969 1632 1067 1696 τῆς
1116 1630 1187 1691 εἷς
1246 1630 1382 1703 ὑμᾶς
1431 1628 1628 1694 ταύτης
1669 1628 1928 1699 ἓπιτιμῆ-

2015 1634 2077 1683 ut
2094 1627 2283 1683 sciatis
2311 1634 2367 1683 et
2392 1641 2461 1684 ex
2474 1627 2565 1685 his
2587 1630 2770 1698 poenis
2782 1630 2941 1686 vobis
2962 1628 3267 1701 impositis,
3286 1628 3657 1687 etstultorum

269 1737 420 1789 σεως,
486 1717 583 1774 καὶ
615 1718 676 1774 ἐκ
731 1723 836 1774 τῶν
895 1718 966 1780 εἷς
1015 1718 1137 1782 τοὺς
1193 1716 1449 1787 ἀνοήτους
1483 1716 1708 1778 ἐκείνους
1758 1713 1928 1771 κολά-

2015 1716 2245 1774 illorum
2268 1716 2740 1790 suppliciis,quod
2763 1719 2991 1791 quando
3006 1718 3207 1791 judex,
3223 1718 3318 1789 qui
3349 1732 3463 1775 non
3487 1718 3655 1777 fuerit

266 1828 420 1887 σεων,
492 1806 575 1864 ὅτι
654 1808 788 1864 ἐπὰν
859 1809 887 1863 6
949 1804 1173 1878 δικάζων
1247 1807 1324 1883 μὴ
1396 1804 1928 1885 προκατειλημμένος

2014 1808 2139 1884 ipse
2157 1814 2752 1888 praeoccupatus,non
2772 1807 2901 1869 Vult
2931 1827 3097 1870 suam
3132 1808 3385 1887 prodere
3408 1816 3653 1871 senten-

437 1898 453 1919 9
882 1894 906 1914 ’δ
935 1894 957 1914 ’Ν
975 1895 987 1918 Ι
1160 1896 1171 1909 ⁸
1336 1897 1347 1907 ⁹
1458 1918 1476 1931 Δ
1596 1896 1612 1917 \

266 1898 348 1953 καὶ
397 1898 558 1959 αυτὸς
607 1896 709 1971 ὢν,
773 1911 1076 1975 προοιοοναι
1121 1918 1215 1960 τας
1273 1901 1476 1974 ψηγους
1527 1918 1614 1952 και
1672 1917 1928 1973 συντερα-

2014 1897 2153 1958 tiam
2173 1904 2230 1958 et
2248 1897 2518 1978 prodigia
2540 1898 2738 1959 facere
2762 1917 2902 1959 cum
2934 1898 3026 1960 his
3056 1899 3468 1975 histrionibus,
3495 1918 3653 1962 nun-

268 1987 500 2043 τεύεσθαι
555 2000 677 2050 τοῖς
736 1987 1049 2064 ὑποκριταῖς
1112 1986 1317 2049 τούτοις
1374 1985 1658 2061 βούληται,
1720 1985 1777 2043 οὗ
1836 1982 1928 2041 δύ-

2014 2005 2186 2068 quam
2217 1996 2408 2068 potest
2438 2007 2611 2068 opem
2644 1989 2802 2051 ferre
2826 1990 3174 2068 Cruciﬁxus,
3199 1997 3301 2052 aut
3335 1988 3593 2052 liberare
3623 2004 3656 2052 a

270 2075 408 2132 ναταί
468 2097 601 2132 ποτε
657 2077 879 2153 βοηθεῖν
936 2078 964 2132 6
1021 2074 1423 2154 ἐσταυρωμένος
1481 2075 1516 2143 ἢ
1581 2081 1759 2132 κακῶν
1807 2074 1928 2152 ῥύε-

2013 2076 2237 2148 malis';
2289 2078 2478 2138 solum
2511 2086 2707 2141 autem
2742 2077 2856 2142 hoc
2884 2087 3101 2160 potest,
3131 2088 3352 2143 certam
3407 2087 3655 2142 mortem

271 2169 397 2239 σθαι,
461 2166 629 2240 μόνον
683 2164 739 2221 δὲ
799 2172 954 2222 τοσῖτο
1011 2162 1246 2245 δύναται,
1306 2164 1544 2221 θανάτων
1604 2164 1786 2239 βιαίων
1844 2165 1928 2220 καὶ

2015 2173 2068 2228 et
2096 2174 2422 2228 extremam
2445 2167 2855 2233 infelicitatem
2871 2188 3196 2249 procurare
3219 2170 3290 2232 iis
3303 2169 3402 2250 qui
3422 2176 3653 2250 parent.

264 2258 549 2335 δυστυχίας
600 2254 843 2335 ἐσχάτης
876 2266 994 2320 τοῖς
1023 2254 1358 2329 πειθομένοις
1391 2254 1622 2332 γίνεσθαι
1654 2251 1925 2333 πρόξενος.

2012 2255 2231 2317 Eorum
2271 2275 2403 2337 qum
2431 2257 2588 2332 dico,
2635 2256 2813 2319 fidem
2841 2258 3010 2319 vobis
3051 2267 3298 2339 possunt
3325 2260 3521 2322 facere
3547 2260 3658 2321 de-

263 2348 431 2407 Πίστις
490 2345 622 2419 ὑμῖν
682 2351 787 2400 τῶν
844 2346 989 2418 ἐμῶν
1042 2341 1218 2422 λόγων
1266 2346 1311 2400 οἱ
1369 2344 1672 2404 ἀπατεῶνες
1733 2343 1928 2400 ἐκεῖνοι

2013 2352 2288 2426 ceptores
2317 2344 2403 2406 illi
2433 2352 2492 2406 et
2523 2345 2981 2426 praestigiatores
3008 2347 3418 2425 Hermogenes
3449 2356 3509 2409 et
3535 2347 3657 2410 Me-

264 2437 344 2491 καὶ
394 2436 623 2512 γόητες,
655 2434 986 2514 Ἑρμογένης
1046 2455 1102 2491 τε
1132 2435 1218 2492 καὶ
1282 2439 1492 2507 Μηνᾶς,
1525 2433 1771 2512 ἑκάτερος
1831 2436 1927 2490 αὖ·

2015 2452 2143 2516 nas,
2178 2440 2414 2515 utrique
2464 2433 2727 2516 ipsorum
2782 2445 2921 2496 ante
2977 2445 3271 2498 tormenta
3311 2436 3658 2517 pollicentes

264 2530 363 2580 τῶν
422 2528 531 2600 πρὸ
559 2531 668 2581 τῶν
711 2524 960 2598 βασάνων
1008 2522 1201 2587 ἄλλους
1230 2523 1446 2596 ἆνιστᾷν
1489 2524 1928 2602 ὑπισχνούμενοι,

2015 2542 2081 2585 se
2128 2542 2262 2586 esse
2290 2523 2438 2586 alios
2466 2543 2501 2587 a
2532 2524 2782 2588 mortuis
2814 2526 3223 2598 suscitaturos,
3255 2544 3288 2587 a
3319 2544 3415 2587 me
3461 2534 3653 2589 autem

262 2612 341 2669 ὑπ’
385 2613 524 2687 ἐμοῦ
550 2611 631 2687 δὲ,
665 2615 740 2676 ὡς
791 2613 984 2692 ὲρχῇν,
1017 2612 1070 2670 ἐν
1103 2614 1287 2691 ὀλίγῳ,
1321 2612 1551 2691 χαλεπῷ
1602 2616 1811 2685 θανάτῳ
1840 2609 1928 2671 τοῦ

2016 2614 2202 2686 brevi,
2238 2623 2304 2676 ut
2354 2612 2686 2694 oportebat,
2721 2617 2882 2695 gravi
2934 2624 3123 2678 morte
3152 2615 3266 2677 vita
3313 2614 3546 2694 privati,
3580 2634 3658 2679 ne

267 2710 359 2779 ζῇν
418 2703 774 2778 ἐκπεσόντες,
829 2707 917 2759 καὶ
945 2702 1081 2777 μηδὲ
1125 2704 1338 2765 ἑαυτοῖς
1369 2703 1589 2779 βοηθεῖν
1633 2701 1928 2777 δυνάμενοι,

2014 2703 2128 2766 sibi
2156 2703 2301 2785 ipsis
2331 2704 2574 2782 quidem
2609 2713 2857 2784 possunt
2885 2724 3056 2786 opem
3087 2704 3268 2769 ferre.
3317 2702 3432 2767 Ubi
3460 2712 3654 2768 autem

264 2797 356 2848 Ποῦ
376 2791 432 2848 δὲ
466 2795 558 2850 καὶ
588 2793 732 2849 ἐστιν
755 2795 789 2859 ἡ
822 2793 913 2849 τοῦ
940 2790 1143 2851 πλάνου
1169 2792 1370 2848 ἐκείνου
1402 2799 1631 2871 Χριστοῦ
1658 2791 1875 2866 δύναμις
1905 2811 1928 2870 ;

2015 2813 2174 2856 nunc
2197 2804 2286 2854 est
2318 2793 2477 2873 plani
2508 2793 2668 2855 illius
2689 2795 2908 2858 Christi
2937 2796 3119 2857 virtus
3140 2802 3169 2858 ?

330 2880 468 2944 AE’.
545 2872 640 2946 Ὠς
689 2884 777 2939 οὗν
821 2884 891 2943 εἷς
924 2888 1080 2939 τοῦτο
1126 2881 1468 2960 βλασφημίας
1527 2885 1655 2949 ἧκεν
1686 2884 1713 2937 6
1768 2882 1928 2958 βασι-

2092 2872 2334 2947 ΧΧΧνζ
2361 2883 2678 2963 Postquam
2712 2903 2852 2964 ergo
2884 2889 2957 2947 ad
2981 2894 3198 2947 tantam
3228 2884 3655 2966 blasphemiam

268 2970 401 3043 λεῦς,
455 2969 681 3049 θορύϐου
739 2970 942 3031 πολλοῦ
1001 2971 1197 3045 μεστόν
1243 2972 1308 3039 ἦν
1366 2972 1427 3027 τὸ
1486 2970 1728 3048 θέατρον,
1788 2971 1927 3027 πάν-

2013 2972 2404 3052 processisset
2426 2973 2971 3053 imperator,multo
2990 2975 3245 3037 tumultu
3272 2977 3510 3055 plenum
3535 2983 3660 3039 erat

275 3080 373 3114 των
420 3062 551 3138 πρὸς
607 3061 703 3126 τὰς
759 3059 1061 3139 δυσφημίας
1117 3060 1587 3140 δυσχερανάντων,
1642 3060 1730 3117 καὶ
1788 3081 1927 3116 νεω-

2013 3062 2330 3129 theatrum,
2346 3063 2474 3142 ejus
2493 3062 2811 3125 maledicta
2833 3063 3111 3126 omnibus
3131 3083 3285 3145 aegre
3308 3064 3652 3143 ferentibus,

263 3150 472 3225 τερίζειν
536 3148 646 3217 ἤδη
705 3149 1123 3228 προῃρημένων.
1191 3148 1364 3228 Πλὴν,
1425 3151 1525 3206 ὑπὸ
1585 3156 1689 3206 τῶν
1760 3150 1927 3227 κηρύ-

2013 3162 2070 3213 et
2116 3152 2241 3231 jam
2274 3170 2372 3214 res
2422 3172 2603 3215 novas
2654 3154 2854 3215 moliri
2901 3155 3312 3217 statuentibus.
3365 3156 3656 3218 Caeterum

262 3259 362 3293 κων
435 3244 598 3316 σιγῆς
678 3237 977 3315 γενομένης
1009 3287 1026 3313 ,
1101 3240 1194 3297 καί
1268 3237 1560 3314 μέλλοντος
1630 3238 1773 3302 αὖθις
1836 3246 1928 3296 τοῦ

2012 3261 2146 3303 cum
2169 3262 2203 3304 a
2235 3243 2607 3323 praeconibus
2632 3242 2851 3306 factum
2885 3256 3041 3307 esset
3071 3246 3399 3321 silentium,
3435 3254 3492 3307 et
3519 3254 3658 3308 rur-

254 3325 521 3403 βασιλέως
578 3328 645 3384 τὰ
694 3329 831 3386 κατὰ
903 3328 1123 3406 γνώμην
1174 3329 1367 3400 εἰπεῖν,
1429 3327 1681 3409 αἰφνίδιον
1725 3329 1925 3386 ἀνακύ-

2010 3350 2115 3393 sus
2162 3331 2434 3394 dicturus
2479 3340 2636 3394 esset
2683 3334 3029 3415 imperator,
3063 3353 3191 3414 qum
3239 3344 3411 3397 erant
3441 3351 3513 3397 ex
3563 3330 3655 3396 sui

253 3422 356 3491 ψαν
414 3416 565 3473 ἅπαν
621 3418 683 3473 τὸ
739 3418 980 3498 θέατρον,
1043 3419 1129 3476 καὶ
1182 3418 1504 3493 θεασάμενον
1558 3418 1679 3482 τοὺς
1749 3419 1925 3496 ἁγίιους

2010 3421 2189 3483 animi
2214 3422 2789 3502 sententia,repente
2816 3433 3005 3487 totum
3019 3423 3650 3504 aspicienstheatrum,

251 3509 320 3569 εἷς
379 3505 553 3580 μέσον
603 3507 666 3561 τὸ
722 3508 874 3582 βῆμα
946 3505 1422 3577 καταπηδήσαντας
1471 3507 1597 3579 (καΐ
1641 3508 1741 3586 γὰρ
1787 3509 1923 3574 ἦσαν

2010 3528 2139 3571 cum
2170 3511 2411 3573 vidisset
2441 3521 2697 3581 sanctos,
2727 3512 2908 3590 quiin
2942 3513 3205 3576 medium
3230 3512 3486 3574 tribunal
3507 3513 3650 3574 des-

252 3595 453 3672 ἁθρόως
530 3596 916 3676 ἐπιφανέντες),
989 3596 1207 3674 γλῶσσά
1290 3619 1348 3653 τε
1426 3596 1607 3675 ὥσπερ
1680 3596 1925 3675 ἐγένοντο

2010 3600 2332 3661 cenderant
2374 3603 2475 3678 (ex
2505 3601 2807 3681 inopinato
2863 3604 3023 3665 enim
3067 3606 3480 3682 apparuerant)
3532 3620 3648 3664 una

250 3686 367 3761 μία,
398 3686 493 3741 καὶ
548 3686 743 3748 πάντες
796 3685 1104 3763 ἀνέκραξαν
1173 3690 1267 3749 Εἷς
1302 3687 1433 3750 Θεὸς
1486 3686 1699 3752 ἀληθῶς
1730 3688 1758 3742 6
1816 3692 1921 3743 τῶν

2010 3688 2187 3749 veluti
2238 3688 2438 3768 lingua
2482 3698 2541 3749 et
2591 3709 2710 3751 uno
2762 3709 2864 3752 ore
2894 3710 3103 3752 omnes
3142 3690 3641 3753 exclamaverunt.

248 3776 581 3853 Χριστιανῶν
661 3775 810 3840 θεός.
869 3775 1065 3833 Τούτου
1125 3776 1433 3855 γενομένου,
1502 3775 1773 3855 Εὒγραφός
1844 3798 1922 3839 τις

2010 3776 2168 3840 Unus
2216 3786 2304 3838 est
2354 3796 2491 3838 vere
2538 3778 2718 3849 Deus,
2774 3779 2932 3840 Deus
2976 3779 3470 3843 Christianorum.
3524 3779 3648 3842 Hoc

250 3865 306 3928 ὃς
360 3864 456 3918 καὶ
512 3862 670 3926 αὐτὸς
728 3863 934 3931 ἤσκητο
993 3865 1088 3940 μὲν
1147 3866 1245 3932 τὴν
1302 3864 1409 3922 τῶν
1471 3865 1745 3936 Ἐλλήνων
1789 3887 1921 3921 παι-

2010 3868 2180 3947 facto,
2210 3867 2448 3947 quidam
2472 3867 2955 3948 Eugraphus,qui
2977 3869 3105 3950 ipse
3126 3888 3359 3950 quoque
3387 3869 3447 3929 in
3479 3872 3648 3934 Grae-

250 3950 418 4027 δείαν,
477 3950 879 4027 πολιτευομένῳ
935 3952 990 4010 δὲ
1059 3953 1133 4010 ἔτι
1192 3962 1267 4028 τῷ
1327 3954 1569 4034 μακαρίῳ
1635 3960 1791 4026 Μηνᾷ
1834 3952 1921 4019 ἐξ-

2010 3976 2211 4019 corum
2236 3957 2508 4018 doctrina
2529 3967 2657 4019 erat
2680 3958 3053 4039 exercitatus,
3090 3957 3517 4041 rempublicam
3549 3977 3650 4021 au-

248 4045 537 4119 υκηρετῶν
562 4043 653 4107 ἦν’
687 4045 838 4105 οὗτος
895 4049 1008 4117 οὖν,
1070 4044 1154 4107 εἷς
1211 4045 1299 4101 καὶ
1349 4044 1504 4107 αὐτὸς
1560 4043 1681 4100 τότε
1710 4043 1784 4099 ὢν
1833 4050 1926 4101 τοῦ

2010 4056 2123 4108 tem
2156 4046 2349 4109 adhuc
2369 4048 2629 4127 gerentis
2660 4053 2842 4110 Meum
2872 4048 3061 4111 fuerat
3092 4049 3400 4124 minister;
3435 4051 3482 4110 is
3509 4067 3648 4129 ergo

245 4132 492 4208 θεάτρου,
525 4132 619 4186 καί
678 4133 744 4188 τὰ
803 4131 1100 4209 τελούμενα
1159 4132 1396 4214 βλέπων,
1430 4136 1490 4190 τὸ
1543 4137 1715 4209 θαῦμα
1774 4130 1919 4201 ἰδὼν,

2010 4154 2139 4196 cum
2189 4143 2330 4196 tunc
2359 4146 2517 4197 esset
2546 4155 2699 4197 unus
2732 4155 2800 4198 ex
2835 4137 2907 4198 iis
2950 4137 3049 4217 qui
3079 4145 3249 4200 erant
3277 4139 3335 4198 in
3388 4137 3646 4210 theatro,

247 4221 332 4276 καὶ
408 4219 589 4298 ὥσπερ
658 4220 914 4299 ἀναφθείς
993 4225 1083 4281 τὸν
1143 4222 1329 4297 ζῆλον,
1392 4222 1648 4302 σφραγῖσι
1708 4243 1763 4278 τε
1832 4221 1924 4279 τοῦ

2010 4232 2069 4287 et
2086 4225 2309 4287 videret
2331 4245 2462 4306 qua:
2483 4225 2725 4301 fiebant,
2745 4244 2880 4289 cum
2910 4227 3148 4288 vidisset
3185 4225 3561 4300 miraculum,
3587 4234 3649 4289 et

248 4311 394 4382 θείου
452 4319 675 4387 σταυροῦ
743 4311 931 4369 ἑαυτὸν
1005 4310 1349 4393 περιφράξας,
1429 4311 1637 4385 ἀνδρίας
1709 4333 1765 4368 τε
1836 4313 1922 4369 καὶ

2010 4322 2165 4378 esset
2198 4315 2378 4376 veluti
2408 4314 2535 4376 zelo
2566 4334 2880 4390 accensus,
2918 4324 2977 4377 et
3000 4336 3064 4378 se
3095 4316 3311 4377 divinae
3341 4313 3539 4377 crucis
3568 4316 3649 4376 si-

251 4399 475 4476 θάρσους
562 4397 921 4467 ὅποπλησθεὶς
957 4449 974 4481 ,
1048 4400 1364 4471 εἰσεπήδησέ
1444 4424 1500 4459 τε
1572 4400 1759 4476 μέσον,
1831 4403 1920 4457 καὶ

2010 4411 2241 4483 gnasset
2272 4404 2599 4483 signaculo,
2627 4413 2685 4466 et
2714 4405 2896 4467 animi
2929 4406 3275 4467 fortitudine
3306 4412 3364 4466 et
3404 4405 3649 4466 audacia

252 4488 385 4563 πρὸς
442 4489 536 4544 τὸν
590 4487 814 4565 βασιλέα
870 4488 1220 4568 θαῤῥούντως,
1286 4490 1432 4570 Ἐγὼ
1489 4489 1729 4579 βασιλέύ,
1791 4489 1915 4579 ἔφη,

2010 4500 2160 4555 esset
2185 4493 2469 4574 repletus,
2506 4495 2565 4555 in
2600 4495 2863 4556 medium
2927 4495 3238 4575 prosilivit,
3279 4504 3337 4557 et
3368 4495 3647 4557 audacter

262 4578 571 4652 Χριστιανός
630 4579 765 4657 εἰμι,
822 4580 912 4637 καὶ
961 4580 1029 4636 τὰ
1079 4582 1465 4659 προστάγματά
1514 4602 1608 4637 σου
1654 4578 1915 4661 διαπτύω,

2010 4583 2344 4662 imperatori
2382 4602 2396 4647 :
2430 4582 2578 4663 Ego,
2616 4605 2649 4646 ο
2681 4586 3028 4666 imperator.
3066 4585 3276 4666 inquit,
3312 4604 3442 4646 sum
3479 4585 3646 4646 chri-

262 4665 349 4719 καὶ
403 4667 491 4733 τὴν
548 4668 831 4745 θρησκείαν
884 4690 978 4729 σου
1020 4668 1295 4746 ἐξόμνυμι,
1358 4671 1447 4727 καὶ
1503 4667 1606 4739 ἤδη
1662 4670 1916 4748 πρόσκει-

2010 4673 2248 4754 stianus,
2285 4682 2343 4735 et
2392 4682 2490 4736 tua
2508 4674 2676 4753 jussa
2724 4665 2941 4755 respuo
2974 4683 3031 4736 et
3087 4665 3384 4750 exsecror,
3420 4684 3478 4737 et
3525 4693 3644 4736 non

258 4754 357 4828 μί
403 4776 483 4811 σοι
513 4753 597 4811 διὰ
650 4758 899 4836 Χριστὸν,
934 4755 1116 4815 οὐδένα
1173 4760 1360 4817 οἶκτον
1415 4761 1522 4817 τῶν
1553 4765 1762 4837 σαρκῶν
1821 4781 1921 4835 μου

2010 4762 2211 4843 abjuro
2237 4753 2617 4842 religionem,
2642 4771 2701 4825 et
2722 4753 2844 4844 jam
2875 4763 2979 4825 tibi
3013 4783 3140 4826 sum
3174 4774 3417 4844 propter
3466 4763 3646 4827 Chri-

259 4849 448 4900 τούτων
529 4846 864 4923 ποιούμενος,
932 4849 1020 4917 Μὴ
1090 4850 1270 4925 νόμιζε
1326 4847 1380 4905 δὲ
1444 4852 1519 4914 ὡς
1577 4848 1827 4912 ἆπειλάῖς
1885 4851 1919 4916 ἣ

2010 4859 2154 4913 stum
2208 4851 2569 4933 propositus,
2606 4854 2768 4916 nulla
2819 4872 3083 4915 mearum
3138 4854 3402 4914 carnium
3452 4861 3646 4913 motus

264 4933 500 4998 θωπείαις
572 4936 858 5012 κρατήσεις
931 4933 1071 5001 ὅλως
1138 4940 1273 5014 ἐμοῦ
1319 4937 1356 5007 ἢ
1415 4934 1577 4995 ἄλλου
1652 4936 1718 5005 δὴ
1776 4959 1919 5000 τινος

2010 4940 2438 5004 misericordia.
2472 4939 2557 5003 Ne
2589 4942 2892 5003 existimes
2944 4951 3142 5003 autem
3171 4942 3321 5021 fore,
3357 4948 3419 5002 ut
3467 4940 3644 5001 minis

265 5027 361 5111 τῶν
427 5030 778 5111 Χριστιανῶν.
852 5027 1021 5101 Ἦμῖν
1088 5027 1191 5107 γὰρ
1260 5027 1483 5092 θάνατος
1540 5028 1637 5102 μὲν
1706 5028 1740 5095 ἡ
1800 5028 1917 5099 μεθ’

2010 5032 2092 5091 vel
2141 5029 2444 5091 blanditiis
2477 5048 2572 5091 me
2629 5030 2711 5091 sis
2769 5029 3013 5091 omnino
3073 5037 3481 5111 superaturus,
3535 5029 3641 5090 sed

264 5108 397 5183 ὑμῶν
453 5112 563 5169 τῶν
610 5110 943 5171 ἀσεϐούντων
1001 5117 1141 5191 ζωὴ,
1198 5117 1312 5186 ζωὴ
1354 5114 1410 5172 δὲ
1463 5115 1676 5183 ἀληθῶς
1707 5117 1735 5172 6
1788 5115 1917 5194 ὑπὲρ

2010 5137 2199 5197 neque
2247 5119 2430 5180 ullum
2488 5118 2978 5181 christianorum.
3030 5108 3213 5179 Nobis
3268 5121 3427 5180 enim
3481 5133 3644 5179 mors

261 5205 339 5255 τοῦ
408 5208 637 5281 Χριστοῦ
690 5202 941 5267 θάνατος.
1002 5206 1100 5262 Καὶ
1170 5202 1291 5262 οἶδα
1358 5206 1456 5282 μὲν
1516 5204 1598 5262 ὅτι
1647 5207 1723 5269 ὡς
1779 5204 1915 5264 λέων

2010 5208 2238 5288 quidem
2301 5215 2393 5269 est
2435 5208 2577 5282 vita,
2610 5225 2740 5287 qua:
2781 5225 2915 5268 cum
2970 5206 3133 5268 vobis
3184 5207 3373 5286 agitur
3415 5206 3639 5287 impiis.

256 5307 325 5353 τις
386 5291 690 5370 ὠρυόμενος
765 5290 962 5359 ἐπέϐης
1009 5293 1207 5361 ταύτης
1277 5316 1377 5363 της
1436 5293 1671 5369 πόλεως,
1735 5295 1912 5365 ζητῶν

2010 5296 2153 5360 Vere
2183 5304 2386 5358 autem
2417 5296 2536 5357 vita
2566 5305 2654 5357 est
2679 5314 2862 5373 mors,
2893 5316 3025 5379 qum
3047 5315 3152 5378 pro
3185 5295 3415 5360 Christo
3447 5296 3642 5359 susci-

256 5381 323 5449 τῷ
372 5383 521 5458 θυμῷ
587 5381 951 5460 συναρπάσαι,
1013 5383 1101 5439 καὶ
1170 5388 1240 5459 τῇ
1301 5382 1700 5462 εἶδωλολατρείᾳ
1753 5381 1910 5439 διασ-

2010 5386 2175 5465 pitur.
2210 5384 2280 5447 Et
2312 5385 2437 5447 scio
2499 5386 2741 5466 quidem
2773 5388 2928 5468 quod
2964 5394 3242 5468 tanquam
3274 5386 3368 5448 leo
3398 5386 3642 5464 rugiens

248 5468 456 5547 ταράξαι
514 5473 578 5530 τὸ
641 5478 738 5530 τοῦ
798 5477 1024 5547 Χριστοῦ
1091 5472 1360 5553 ποίμνιον,
1417 5476 1504 5531 καὶ
1550 5476 1622 5537 ὡς
1694 5472 1906 5543 ἐπεπή-

2015 5496 2049 5539 n
2064 5477 2215 5539 hanc
2228 5474 2549 5538 ascendisti
2567 5475 2886 5552 civitatem,
2912 5494 3186 5558 quaerens
3206 5475 3290 5538 ira
3312 5477 3614 5557 corripere

242 5552 395 5627 δησας
449 5563 537 5622 καὶ
612 5562 756 5638 ἡμῖν
813 5561 1050 5640 σήμερον
1101 5562 1239 5638 μετὰ
1289 5549 1395 5621 τῶν
1451 5567 1626 5624 αὐτῶν
1681 5560 1902 5621 ἐλπίδων

2010 5573 2046 5628 at
2066 5565 2225 5629 cultu
2248 5566 2705 5629 simulacrorum
2742 5549 2959 5631 Christi
2977 5585 3217 5649 gregem
3250 5549 3637 5649 discerpere

229 5650 305 5710 καί
360 5651 566 5722 ὅπλων,
643 5648 808 5711 Ἀλλ’
866 5648 1310 5731 ἆποστρεψόμεθά
1364 5674 1424 5709 σε
1478 5659 1548 5734 τῇ
1600 5652 1734 5734 πρὸς
1801 5652 1902 5715 θά-

2010 5663 2045 5719 :t
2077 5656 2233 5741 quod
2265 5656 2446 5723 hodie
2475 5676 2712 5741 quoque
2756 5657 2828 5722 ad
2861 5675 2970 5724 nos
3002 5656 3327 5740 prosiluisti
3376 5675 3510 5720 cum
3542 5648 3640 5725 ea;
