4028 6138
415 319 525 389 411

1730 320 1891 394 ΜΕΝ
1899 327 2011 392 SIS
2051 327 2478 394 DEGEMBER.

3654 322 3760 394 412

407 456 542 521 dem
575 476 681 539 spe
713 469 772 522 et
803 457 1138 524 armis.Sed
1164 469 1220 522 te
1252 457 1678 535 aversabimur,
1704 470 1763 524 et
1786 463 2048 536 audacia,

2156 486 2290 521 ιατον
2350 465 2549 544 τόλμῃ,
2583 465 2669 524 καὶ
2729 471 2803 539 τῷ
2851 462 3159 541 ἀμεταθέτῳ
3189 469 3287 532 τῆς
3348 461 3623 543 εὒσεϐείας,
3653 464 3759 522 ὤσ-

406 549 904 628 quaimpellimur
919 549 989 611 ad
1030 558 1280 612 mortem
1312 551 1568 612 libenter
1591 552 2056 632 suscipiendam,

2140 576 2236 632 περ
2307 554 2563 612 ἀλώπεκά
2633 577 2752 612 τινα
2819 552 3058 630 δολερὰν,
3120 553 3436 632 γελοιότατα
3503 550 3764 626 διαπαιζο-

409 649 466 698 et
497 637 716 715 pietate
748 639 1124 720 immutabili,
1167 649 1442 720 tanquam
1503 641 1768 703 dolosam
1799 641 2056 722 aliquam
2139 643 2328 719 μένην.

407 726 667 804 vulpem,
701 748 831 808 quae
863 729 1012 791 ludit
1042 731 1299 791 maxime
1331 730 1600 792 ridicule.

490 816 755 881 XXXVI.
791 818 926 880 Haec
959 839 1094 881 cum
1126 820 1410 882 audiisset
1441 821 1786 900 imperator,
1812 830 1872 882 et
1900 823 2059 883 esset

411 906 463 968 ei
485 907 691 968 corira
716 926 1056 979 accensum,
1083 911 1278 989 etjam
1313 918 1469 972 esset
1499 918 1710 972 emotae
1744 911 1956 972 mentis
1987 929 2058 972 ex

408 1003 652 1075 stupore
687 997 981 1078 miraculi,
1017 999 1196 1061 veluti
1225 998 1443 1060 oblitus
1473 1017 1538 1060 se
1569 1016 1700 1060 esse
1745 1000 2057 1079 imperato-

406 1102 559 1160 rem,
587 1103 619 1147 e
643 1087 788 1148 sede
817 1088 1130 1170 desiliens,
1154 1109 1286 1150 cum
1318 1089 1528 1150 insana
1547 1106 1725 1150 manu
1748 1088 2057 1168 cujusdam

410 1191 616 1236 eorum
651 1177 751 1256 qui
793 1196 977 1260 prope
1023 1189 1214 1252 erant,
1249 1177 1585 1239 sttinxisset
1615 1197 1844 1255 ensem,
1880 1179 2062 1241 multa

411 1272 470 1326 et
500 1273 661 1327 certa
685 1265 926 1328 vulnera
953 1268 1132 1329 atfert
1161 1267 1482 1347 Eugrapho
1517 1275 1575 1328 et
1616 1268 1701 1328 sic
1736 1287 1841 1347 per
1873 1287 1938 1331 se
1968 1269 2064 1329 in—

411 1352 635 1414 terimit
667 1374 848 1436 prope
872 1355 1128 1420 tribunal
1161 1357 1352 1418 virum
1389 1357 1599 1418 fortem
1632 1367 1690 1418 et
1721 1367 2061 1439 martyrem,

414 1445 674 1523 primum
703 1445 946 1526 quidem
1000 1453 1253 1510 stantem
1288 1446 1433 1508 citra
1462 1446 1644 1508 ullum
1679 1447 1976 1520 timorem,
2009 1457 2068 1508 et

412 1531 703 1596 ferentem
738 1534 964 1617 plagas,
997 1545 1055 1598 et
1104 1537 1196 1599 vel
1227 1536 1285 1597 in
1318 1537 1464 1616 ipsis
1493 1545 1836 1614 arguentem
1871 1536 2065 1617 impe-

411 1630 696 1697 ratorem,
730 1633 935 1703 postea
963 1635 1161 1688 autem
1196 1629 1253 1688 in
1287 1634 1443 1687 terra
1465 1626 1762 1706 jacentem
1804 1626 1975 1687 ﬁrmo
2007 1635 2067 1690 et

415 1714 707 1775 constanti
761 1715 979 1790 animo,
1016 1723 1076 1778 et
1131 1717 1254 1778 Deo
1313 1727 1582 1794 agentem
1633 1715 1871 1794 gratias,
1909 1715 2064 1796 quod

2222 821 2370 897 Ag’.
2433 826 2638 881 Τούτων
2692 824 2920 890 ἀκούσας
2952 828 2979 882 ὃ
3035 822 3307 900 βασιλεὺς,
3340 824 3428 879 καὶ
3481 825 3625 896 θυμῷ
3676 820 3767 886 τὴν

2142 911 2354 990 καρδίαν
2411 911 2785 994 ἀναφλεχθεὶς,
2845 917 2930 973 κάὶ
2999 916 3093 974 τὰς
3151 913 3339 993 φρένας
3409 909 3509 978 ἤδη
3581 909 3770 966 διασει-

2142 1004 2277 1064 σθεὶς
2351 1002 2412 1058 ἐκ
2473 1008 2570 1068 τῆς
2627 1012 2720 1060 τοῦ
2767 1007 3030 1079 θαύματος
3089 1001 3496 1072 καταπλήξεως,
3558 999 3772 1054 ἐκλαθό-

2144 1111 2299 1163 μενος
2347 1091 2526 1165 ὥσπερ
2583 1093 2663 1148 ὃτι
2716 1095 2804 1149 καὶ
2859 1092 3105 1170 βασιλεὺς
3162 1092 3250 1166 ἦν,
3280 1100 3373 1150 τοῦ
3428 1088 3606 1167 θρόνου
3658 1089 3773 1143 ἀνα·

2149 1178 2419 1256 πηδήσας,
2467 1183 2554 1237 καὶ
2615 1205 2877 1259 μαργωσῃ
2943 1182 3091 1262 χειρί
3151 1187 3258 1237 τῶν
3310 1179 3582 1257 ἐγγυτάτω
3639 1178 3770 1239 τινὸς

2150 1268 2486 1334 σπασάμενος
2562 1271 2858 1351 μάχαιραν,
2933 1269 3133 1336 πολλὰς
3211 1272 3343 1344 ὁμοῦ
3426 1269 3511 1323 καὶ
3579 1266 3770 1343 καιρίας

2149 1360 2444 1435 κατήνεγκε
2528 1369 2618 1417 τοῦ
2703 1362 2996 1440 Εὖγράφουο
3077 1361 3164 1416 καὶ
3233 1359 3371 1415 οὕτω
3453 1354 3519 1413 δι’
3603 1357 3776 1413 ἑαυτοῦ

2150 1449 2355 1524 ἀναιρεῖ
2413 1448 2555 1527 παρά
2616 1451 2676 1506 τό
2735 1453 2884 1526 βῆμα
2942 1453 3032 1506 τὸν
3101 1448 3313 1527 ἀριστέα
3373 1449 3460 1503 καὶ
3529 1446 3772 1524 μάρτυρα,

2147 1537 2213 1594 τά
2282 1546 2464 1617 πρῶτα
2521 1540 2618 1613 μὲν
2692 1540 2780 1596 ιιαῖ
2840 1541 3124 1610 ἀπτοήτως
3193 1537 3492 1612 ἱστάμενον,
3549 1537 3635 1591 καὶ
3687 1533 3778 1610 φε-

2149 1649 2306 1703 ροντα
2373 1630 2467 1692 τὰς
2513 1628 2748 1707 πληγὰς,
2795 1631 2882 1686 καὶ
2943 1627 3067 1706 παρ’
3113 1632 3300 1689 αὒταῐς
3367 1626 3441 1681 ἔτι
3484 1627 3575 1681 τὸν
3643 1624 3781 1698 βασι-

2150 1718 2244 1774 λέα
2307 1717 2625 1797 ἐλέγχοντα,
2694 1719 2908 1796 ὕστερον
2980 1716 3034 1773 δέ
3105 1719 3191 1774 καὶ
3261 1713 3646 1772 κατακλιθέντα
3713 1713 3780 1774 εἱς

413 1801 644 1882 primus
673 1803 925 1866 aliorum
960 1805 1034 1867 ad
1059 1823 1197 1867 eum
1234 1807 1671 1885 ingrederetur,
1708 1814 1766 1867 et
1797 1824 1912 1866 non
1947 1824 2064 1866 uno

2156 1813 2272 1886 γῆν,
2322 1809 2509 1863 ἑστῶτι
2566 1812 2653 1865 καὶ
2715 1807 2922 1864 ἀκλινεϊ
2983 1814 3059 1881 τῷ
3130 1807 3451 1886 φρονήματι,
3495 1804 3583 1859 καὶ
3631 1803 3780 1881 χάριν

415 1891 670 1966 ictu,sed
707 1893 906 1956 multis
929 1895 1109 1956 ﬁnem
1138 1895 1529 1973 acciperetut
1560 1895 1770 1973 dignus
1796 1893 2066 1974 pluribus

419 1978 738 2044 haberetur
766 1985 1026 2046 coronis.
1061 1985 1170 2058 Qui
1196 2004 1330 2047 cum
1366 1995 1422 2047 et
1452 1985 1560 2048 has
1591 1984 1790 2064 plagas
1821 1985 2062 2064 accipe-

419 2078 536 2150 ret,
571 2077 630 2130 et
660 2071 765 2132 has
795 2091 967 2134 voces
1020 2075 1252 2146 ederet,
1292 2074 1597 2154 expiravit.
1648 2072 2063 2134 Temulentam

422 2169 620 2222 autem
653 2161 846 2223 adhuc
870 2161 1095 2225 habens
1126 2166 1380 2225 animam
1418 2165 1759 2244 imperator,
1792 2163 1948 2242 quod
1981 2165 2067 2223 ira

423 2248 630 2329 victus,
662 2250 747 2312 sic
799 2251 870 2313 ad
907 2253 1161 2315 militare
1191 2253 1602 2315 descendisset
1642 2253 2058 2325 ministerium,

419 2356 551 2400 cum
584 2357 793 2402 rursus
820 2345 1161 2404 revertisset
1192 2343 1263 2403 ad
1316 2342 1897 2422 sedem,aliquandiu
1933 2360 2059 2401 ma-

413 2447 566 2492 nens
595 2429 1048 2509 cogitabundus,
1083 2434 1357 2512 cognovit
1387 2452 1452 2494 se
1499 2452 1604 2513 per
1633 2432 2059 2512 impudentiam

415 2519 752 2576 dubitationi
780 2522 1039 2579 attulisse
1064 2524 1379 2579 remedium
1403 2530 1458 2579 et
1489 2523 1676 2590 specie
1697 2536 2059 2592 impugnasse

413 2613 742 2672 veritatem.
773 2612 920 2673 Cum
952 2621 1203 2692 repente
1237 2631 1376 2690 ergo
1409 2612 1480 2672 ad
1514 2630 1578 2672 se
1610 2611 1979 2685 rediisset,et
2004 2629 2069 2672 se

421 2698 493 2759 ad
519 2709 757 2760 sanctos
779 2702 1170 2761 convertisset
1197 2721 1210 2763 :
1236 2699 1405 2773 Juro,
1431 2699 1644 2779 inquit,
1677 2699 1922 2759 deorum
1959 2717 2066 2778 po-

421 2789 690 2858 tentiam,
728 2806 820 2849 me
876 2789 1058 2850 multa
1088 2789 1327 2870 quidem
1381 2789 1494 2849 alia
1541 2807 1814 2867 sperasse
1868 2787 2070 2849 videre

423 2877 729 2956 inepinata
762 2898 774 2940 :
810 2878 960 2940 tales
1011 2891 1208 2940 autem
1247 2898 1342 2941 me
1374 2879 1633 2939 visurum
1685 2897 1816 2939 esse
1847 2896 2070 2956 magos,

420 2986 720 3048 nunquam
746 2986 873 3030 sum
900 2969 1192 3048 opinatus.
1219 2968 1330 3031 Sed
1358 2971 1498 3050 quid
1525 2971 1652 3031 novi
1680 2972 1872 3031 facere
1905 2970 2074 3032 vide-

427 3058 595 3136 mini,
627 3065 753 3119 arte
807 3059 1030 3137 magica
1060 3069 1118 3121 et
1151 3060 1466 3138 praistigiis
1513 3060 1792 3141 populum
1825 3079 1857 3120 a
1889 3079 1953 3120 se
1985 3059 2073 3120 fa-

2148 1896 2509 1975 ὁμολογοῦντα
2555 1905 2630 1972 τῷ
2675 1901 2810 1976 Θεῷ,
2858 1897 2938 1953 ὅτι
2981 1900 3068 1954 καὶ
3121 1899 3329 1972 πρῶτος
3401 1893 3578 1950 ἄλλων
3633 1889 3780 1950 ὥδευε

2149 1989 2279 2064 πρὸς
2331 1987 2506 2060 αὖτὸν,
2552 1989 2640 2044 καὶ
2684 1991 2743 2046 οὒ
2786 1993 2881 2061 μιᾷ
2925 1993 3091 2063 τομῇ,
3139 1985 3276 2041 ἀλλὰ
3319 1983 3549 2046 πολλαις
3597 1983 3656 2037 τὸ
3697 1980 3779 2036 τί·

2148 2077 2238 2140 λος
2313 2076 2552 2157 ἐδέχετο,
2599 2077 2691 2132 ἵνα
2751 2077 2833 2132 καὶ
2893 2075 3148 2132 πλειόνων
3211 2075 3302 2140 εἴη
3367 2079 3472 2128 τῶν
3523 2070 3779 2150 στεφάνων

2149 2167 2474 2247 ἠξιωμένος,
2505 2169 2592 2223 καὶ
2650 2167 2787 2223 οὕτω
2817 2180 2939 2229 ταῖς
2989 2165 3229 2241 πλῆγαῒς
3277 2163 3493 2225 ταύταις
3528 2163 3614 2217 καὶ
3665 2172 3778 2221 ταῖς

2147 2259 2355 2336 φωναῖς
2441 2258 2912 2314 συνεκπνεύσαντα.
2991 2256 3288 2310 Μεθύουσαν
3372 2251 3461 2308 οὖν
3550 2251 3624 2307 ἔτι
3691 2249 3780 2314 τὴν

2147 2349 2328 2426 ψυχὴν
2373 2347 2516 2426 ἔχων
2575 2349 2601 2401 ὁ
2648 2346 2916 2424 βασιλεὺς,
2974 2343 3078 2418 ὅτι,
3138 2346 3344 2420 θιλμοῦγ
3381 2342 3652 2411 ἡττηθεὶς,
3711 2340 3778 2402 εἷς

2145 2438 2532 2514 στρατιωτικὴν
2587 2435 2725 2492 οὕτω
2796 2432 3030 2498 καταϐας
3103 2434 3387 2510 ὑπηρεσίαν
3459 2429 3686 2508 ἐξύϐρισε
3727 2429 3782 2484 τὸ

2151 2513 2407 2599 διάδημα,
2462 2524 2773 2599 ἀναδραμὼν
2837 2526 2926 2579 καὶ
2967 2527 3110 2586 αὖθις
3173 2521 3259 2578 ἐπὶ
3306 2523 3397 2577 τὸν
3457 2521 3660 2598 θρόνον,
3703 2513 3779 2573 ἐπ’

2153 2616 2329 2693 ὀλίγον
2384 2639 2441 2672 τε
2487 2616 2667 2688 μείνας
2711 2612 2791 2692 ἐφ’
2837 2614 3046 2688 ἑαυτοῦ,
3093 2611 3161 2668 δι’
3224 2609 3467 2674 ἀναδείας
3516 2609 3645 2687 ἔγνω
3701 2611 3778 2664 θε·

2153 2713 2408 2782 ραπεῦσαι
2467 2705 2566 2772 τὴν
2628 2704 2869 2781 ἀπορίαν,
2917 2704 3005 2758 καὶ
3049 2701 3184 2758 οὕτω
3237 2708 3313 2775 τῷ
3361 2701 3566 2779 δοκεῖν,
3623 2719 3777 2756 κατα-

2155 2797 2469 2872 γωνίσασθαι
2551 2796 2649 2862 τὴν
2734 2795 3007 2862 ἀλήθειαν,
3083 2790 3363 2870 Ἐξαίφνης
3451 2790 3541 2847 οὖν
3616 2790 3775 2865 ὥσπερ

2157 2887 2473 2964 ἀνενεγκὼν,
2547 2888 2634 2942 καὶ
2720 2886 2850 2962 πρὸς
2937 2884 3055 2946 τοὺς
3142 2883 3319 2960 ἁγίους
3405 2878 3770 2952 ἐναποϐλὲψας,

2158 2977 2417 3049 ”Ομνυμι,
2467 2975 2592 3055 ἔφη,
2637 2975 2696 3031 τὸ
2757 2981 2863 3030 τῶν
2919 2976 3051 3029 θεῶν
3109 2973 3300 3049 κράτος
3343 2973 3415 3035 ὡς
3469 2968 3638 3026 πολλὰ
3693 2967 3776 3042 μέν

2158 3066 2293 3123 ἄλλα
2338 3067 2440 3121 τῶν
2472 3064 2742 3134 ἀδοκήτων
2771 3061 2901 3119 ἰδεῖν
2931 3061 3152 3129 ἤλπισαο
3189 3061 3387 3138 μάγους
3436 3057 3491 3115 δέ
3535 3059 3783 3119 τοιούτους

429 3148 653 3210 cientes
697 3147 1032 3223 discedere,
1081 3160 1139 3210 et
1191 3150 1587 3229 simpliciores
1628 3149 1993 3210 abducentes
2043 3168 2068 3210 a

2157 3155 2288 3212 ίδεῐν
2318 3155 2569 3212 οὐδέποτε
2612 3152 3002 3232 προσεδόκησα.
3053 3150 3200 3218 Πλὴν
3242 3152 3290 3207 τί
3331 3154 3416 3207 καὶ
3466 3149 3608 3215 ξένον
3635 3148 3786 3224 πράτο

424 3236 666 3299 deorem
705 3244 1014 3318 potestate,
1049 3249 1104 3300 et
1154 3240 1305 3300 mori
1337 3258 1442 3319 pro
1487 3239 1778 3302 Cruciiixo
1812 3249 1928 3300 tam
1981 3239 2068 3300 fa-

2157 3267 2263 3302 τειν
2309 3242 2538 3316 δοκεῖτε,
2580 3244 2773 3322 μαγείᾳ
2816 3243 2902 3298 καὶ
2963 3243 3182 3320 γοητείᾳ
3224 3238 3532 3305 ἐξιστῶντες
3564 3240 3651 3294 τὸν
3705 3236 3792 3304 δῆ-

424 3329 537 3391 cile
585 3330 1010 3409 persuadentes
1040 3339 1067 3394 ?
1112 3333 1234 3410 Ego
1266 3332 1488 3411 itaque,
1521 3333 1619 3412 qui
1665 3349 1764 3391 vos
1819 3331 2072 3392 miseros

427 3437 556 3482 sum
606 3419 833 3499 Optime
866 3431 1165 3498 expertus.
1205 3440 1337 3482 mox
1385 3430 1587 3503 aperte
1617 3422 1925 3482 ostendam
1977 3421 2070 3482 vel

420 3529 525 3571 vos
552 3527 684 3571 esse
717 3511 1069 3590 spectra,vel
1099 3511 1253 3572 hanc
1280 3513 1624 3573 ementitam
1661 3511 2068 3572 membrorum

422 3610 760 3662 vestrorum
813 3600 1324 3678 reformationem,
1363 3619 1494 3665 esse
1544 3600 1812 3663 fraudem
1863 3600 2070 3662 oculo-

421 3707 579 3767 rum,
611 3697 668 3754 et
696 3698 934 3772 apertas
965 3692 1311 3771 praestigias.

506 3960 802 4025 XXXVII.
824 3960 1020 4024 Sancti
1051 3968 1247 4023 autem
1285 3962 1562 4024 dixerunt
1589 3983 1601 4020 :
1637 3961 2077 4036 Consequentia

2157 3358 2279 3415 μον,
2327 3337 2413 3391 καὶ
2455 3334 2577 3397 τοὺς
2634 3332 3011 3412 ἀφελεστέρους
3055 3330 3150 3398 τῆς
3212 3337 3316 3384 τῶν
3357 3332 3494 3385 θεῶν
3557 3329 3789 3405 ἀπάγον-

2154 3446 2241 3488 τες
2313 3423 2569 3502 ἐξουσίας,
2632 3425 2721 3479 καὶ
2803 3431 2895 3481 τοῦ
2965 3420 3357 3497 ἐσταυρωμένου
3425 3419 3792 3498 ὒπεραποθνή-

2157 3536 2323 3587 σκειν,
2401 3512 2566 3575 οὕτως
2641 3513 2870 3590 εὐχερῶς
2952 3510 3368 3585 ἀναπείθοντες,

2156 3606 2275 3664 τοὺς
2339 3602 2546 3665 ἀθλίους
2613 3603 2748 3672 ὑμᾶς
2793 3599 2878 3656 διὰ
2938 3600 3119 3676 πείρας
3181 3597 3326 3678 ἔχων
3388 3597 3789 3674 ἀκριϐεστάτης,

2154 3691 2429 3770 ἀπελέγξω
2483 3694 2545 3748 τὸ
2588 3691 2757 3770 τάχος
2813 3690 2849 3758 ἢ
2895 3689 3031 3755 ὅλως
3071 3689 3322 3769 φάσματα
3396 3687 3579 3762 ὄντας,
3700 3687 3792 3753 τὴν

2155 3781 2484 3858 ψευδομένην
2528 3781 2726 3846 ταύτην
2790 3778 3085 3836 ἀνάπλασιν
3129 3785 3234 3833 τῶν
3290 3777 3564 3854 ὑμετέρων
3621 3775 3791 3853 μελῶν

2157 3873 2368 3939 ἀπάτην
2399 3870 2684 3951 ὀφθαλμῶν
2714 3880 2871 3930 οὖσαν
2915 3870 3002 3924 καὶ
3034 3868 3279 3946 γοητείαν
3311 3872 3479 3946 σαφῆ,

2239 3961 2364 4024 ΛΖ’.
2415 3964 2510 4019 Καὶ
2569 3963 2613 4017 οἱ
2669 3959 2812 4038 ἅγιοι
2858 3959 3042 4015 εἶπον·
3089 3955 3377 4014 Ἀκόλουθα
3421 3957 3585 4037 ἔφης,
3616 3957 3663 4015 ὦ
3700 3959 3798 4034 βα-

3451 3509 3595 3585 Ἐγὼ
3674 3507 3790 3584 γοῦν

428 4050 653 4125 dixisti,
689 4071 721 4112 ο
753 4051 1097 4131 imperator.
1134 4051 1280 4112 Nam
1324 4054 1601 4132 quoniam
1637 4069 1804 4110 mens
1833 4049 2068 4130 quidem

2160 4051 2324 4110 σιλεῦ.
2401 4051 2546 4107 Ἐπεὶ
2591 4049 2691 4126 γάρ
2734 4071 2816 4106 σοι
2885 4047 3136 4124 μωραίνει
3193 4046 3291 4121 μέν
3332 4047 3368 4112 ἦ
3439 4044 3666 4120 διάνοια,
3710 4068 3801 4102 τυ-

427 4149 525 4202 tua
555 4149 644 4202 est
692 4140 996 4221 infatuata,
1031 4143 1266 4205 caacutit
1318 4153 1515 4204 autem
1553 4140 1776 4213 anima,
1809 4157 1912 4198 cor
1944 4156 2068 4199 verc

2163 4140 2388 4221 φλώττει
2460 4139 2514 4196 δέ
2557 4141 2591 4208 ἡ
2635 4139 2815 4219 ψυχὴ,
2876 4140 3197 4213 πεπὼρωται
3241 4133 3296 4192 δέ
3338 4135 3372 4202 ἥ
3416 4135 3628 4214 καρδία,
3673 4134 3805 4192 εἰκό-

427 4242 516 4294 est
537 4237 898 4292 excaacatum
930 4251 942 4287 :
982 4232 1192 4292 merito
1215 4232 1303 4293 rei
1328 4249 1564 4312 quoque
1588 4227 1961 4290 admirabilis
1979 4246 2068 4288 ve-

2160 4254 2262 4294 τως
2310 4232 2397 4287 καὶ
2451 4236 2544 4286 τοῦ
2600 4228 2894 4307 παραδόξου
2936 4226 3246 4313 πράγματος
3291 4227 3325 4294 ἡ
3388 4224 3634 4313 ἀλήθεια.
3670 4247 3802 4303 γοη-

423 4322 592 4394 ritas,
628 4319 936 4399 praestigiae
969 4339 1100 4382 esse
1133 4302 1368 4382 videtur
1397 4302 1799 4397 et'deceptio.
1833 4317 1922 4378 An
1958 4335 2068 4378 non

2159 4319 2268 4376 τεία
2332 4322 2469 4374 εἶναι
2522 4317 2608 4372 καί
2651 4302 2831 4383 ἀπάτη
2891 4302 3066 4377 δοκεῖ,
3123 4302 3191 4370 Ἠ
3247 4314 3345 4392 γὰρ
3389 4313 3519 4394 οὐχί
3573 4302 3803 4393 φανερῶς

425 4411 585 4471 enim
617 4419 821 4489 aperte
845 4410 1108 4487 caecutis,
1136 4416 1232 4488 qui
1263 4408 1336 4470 iis
1375 4428 1490 4468 non
1526 4407 1745 4480 credis,
1780 4425 1913 4486 quae
1944 4414 2068 4466 sunt

2157 4406 2477 4487 τυφλώττεις
2521 4407 2654 4484 πρὸς
2685 4406 2750 4462 τὰ
2792 4405 2880 4461 καί
2932 4404 3104 4482 φωτὸς
3155 4401 3500 4480 λαμπρότερα
3551 4403 3640 4460 καί
3667 4401 3804 4474 ἦμέ-

423 4499 516 4561 vel
559 4497 690 4560 luce
720 4498 1025 4558 clariora?
1055 4498 1220 4570 Quod
1274 4498 1320 4556 si
1356 4497 1497 4578 quid
1532 4497 1706 4558 etiam
1739 4495 1812 4557 de
1843 4495 1917 4555 iis
1947 4514 2068 4574 quas

2158 4520 2250 4575 ρας
2321 4495 2458 4555 οὕτω
2514 4493 2854 4572 Biante-cci»);
2933 4493 2988 4551 Εἰ
3059 4490 3114 4548 δέ
3183 4513 3234 4548 τι
3305 4493 3392 4548 καί
3447 4490 3803 4571 ἀμφιϐάλλεις

423 4587 615 4660 vides,
672 4587 928 4660 dubitas,
983 4586 1044 4647 in
1106 4587 1279 4647 nobis
1329 4587 1524 4648 adhuc
1567 4586 1714 4668 ipsis
1761 4585 2068 4663 diligenter

2162 4587 2245 4668 ἐφ’
2301 4590 2386 4651 οἷς
2449 4588 2571 4665 ὁρᾷς
2613 4584 2666 4641 ἐν
2709 4585 2844 4657 ἡμῖν
2891 4581 3097 4653 αὐτοῖς,
3158 4581 3246 4637 καί
3310 4580 3386 4636 ἔτι
3457 4581 3804 4668 περιέργασαι

422 4675 658 4758 inquire
690 4677 1018 4740 veritatem.
1074 4675 1178 4738 Sin
1205 4686 1400 4738 autem
1426 4676 1599 4738 saevis
1625 4675 1822 4748 minis,
1852 4673 1941 4735 vel
1974 4674 2076 4734 ho-

426 4784 640 4829 norum
659 4765 990 4846 promissis,
1016 4765 1190 4827 etiam
1206 4765 1254 4826 si
1271 4765 1463 4845 ipsum
1491 4765 1710 4826 dixeris
1730 4763 2073 4845 imperium,

429 4857 587 4939 quod
625 4874 723 4918 res
763 4864 850 4917 est
889 4855 1044 4935 apud
1079 4873 1183 4917 vos
1218 4857 1473 4918 maxima
1510 4869 1567 4917 et
1596 4854 1926 4927 beatissim,
1957 4853 2076 4914 exi-

427 4947 636 5011 stimas
658 4965 766 5008 nos
788 4964 821 5007 a
852 4953 1052 5008 nostra
1083 4947 1390 5009 traducere
1423 4947 1737 5024 sententia,
1774 4943 2017 5017 falleris,
2043 4960 2078 5004 ο

428 5035 930 5117 imperator.Nam
955 5045 1014 5098 tu
1051 5036 1239 5118 prius,
1263 5044 1484 5098 mutato
1516 5052 1745 5108 errore,
1780 5033 2077 5096 Christum

431 5125 836 5206 conﬁteberis,
864 5145 1036 5206 quam
1072 5145 1180 5188 nos
1202 5145 1236 5188 a
1267 5126 1511 5188 veritate
1541 5124 1911 5203 deﬁcientes,
1935 5123 2078 5184 t‘also

431 5215 620 5278 simus
640 5215 1034 5280 adhaesuri.1n
1060 5234 1166 5276 nos
1189 5233 1330 5296 ergo
1356 5213 1671 5296 pronuntia
1700 5213 2076 5291 sententiam,

430 5312 594 5366 recte
625 5305 846 5378 sciens,
873 5305 1028 5384 quod
1061 5305 1351 5386 quidquid
1376 5306 1451 5367 de
1481 5313 1693 5366 caztero
1727 5302 1946 5364 dixeris
1981 5308 2081 5364 aut

428 5393 672 5474 feceris,
697 5411 731 5456 a
760 5402 818 5456 te
849 5395 949 5455 fiet
980 5394 1260 5469 inaniter,
1287 5405 1348 5456 et
1378 5393 1452 5456 ab
1484 5413 1554 5456 eo
1587 5411 1763 5474 quem
1798 5392 1901 5453 tibi
1931 5410 2076 5473 pro-

433 5481 628 5564 ponis,
664 5501 847 5564 scopo
893 5483 1068 5562 longe
1101 5483 1294 5546 cadet.
1355 5485 1685 5562 Imperator
1714 5489 1910 5544 autem
1943 5498 2075 5542 cum

431 5579 493 5634 et
524 5590 593 5634 ex
645 5589 712 5634 se
741 5572 985 5650 quidem
1023 5571 1412 5635 intellexisset
1452 5571 1788 5646 veritatem,
1826 5568 2081 5631 maxime

433 5678 576 5725 vero
625 5678 754 5725 eam
786 5661 1160 5741 cognovisset
1190 5679 1260 5725 ex
1305 5669 1548 5742 stupore
1579 5668 1636 5722 et
1687 5658 2080 5722 admiratione

2159 4667 2256 4744 τὴν
2288 4674 2560 4745 ἀλήθειαν.
2610 4675 2668 4731 Ei
2697 4671 2752 4727 δέ
2794 4670 3053 4750 χαλεπῶν
3084 4668 3358 4748 ἀπειλαῖς,
3403 4670 3439 4737 ἢ
3471 4669 3685 4746 ἀγαθῶν
3715 4667 3803 4724 ἐπ·

2161 4763 2458 4843 αγγελίαις,
2492 4763 2588 4819 κᾶν
2638 4759 2908 4838 βασιλείαν
2958 4758 3121 4837 εἴπῃς
3171 4758 3356 4833 αὗτῆν,
3391 4759 3451 4815 τὸ
3502 4756 3632 4837 παρ’
3675 4759 3805 4825 ἡμῖν

2159 4853 2412 4933 μέγιστον
2465 4853 2554 4910 καί
2611 4853 3040 4929 μακαριώτατον,
3101 4850 3432 4923 μεταπείθειν
3489 4849 3634 4923 ἡμᾶς
3677 4847 3806 4911 οἴεις

2161 4943 2424 5018 Λέληθας,
2469 4944 2515 4997 ὦ
2569 4938 2810 5018 βασιλεῦ,
2871 4937 2950 4995 ὅτι
3006 4944 3215 5015 πρῶτον
3272 4939 3428 5003 αὐτὸς
3491 4934 3806 5012 μεταϐαλὼν

2158 5033 2254 5102 τῆς
2298 5030 2504 5098 πλάνης
2561 5028 2916 5108 δμολογήσεις
2976 5028 3223 5104 Χριστὸν,
3268 5026 3404 5105 ἤπερ
3461 5025 3630 5101 ἥμεϊς
3672 5027 3806 5082 ἀπο-

2160 5120 2376 5186 στάντες
2448 5140 2545 5188 της
2590 5117 2836 5186 ἀληθείας
2893 5123 2969 5191 τῷ
3012 5113 3190 5192 ψεύδει
3246 5113 3596 5194 προσέξομεν.
3643 5113 3811 5173 Ἀπό-

2165 5235 2326 5294 φηναι
2381 5215 2660 5289 τοιγαροῦν
2705 5207 2822 5265 καθ’
2864 5207 3046 5286 ὴμῶν,
3078 5202 3306 5283 ἀκριϐῶς
3353 5203 3502 5268 εἶδώς
3568 5204 3814 5294 ὧςμὸπερ

2163 5291 2224 5359 ἀν
2268 5303 2327 5358 τὸ
2372 5299 2560 5356 λοιπὸν
2603 5296 2767 5375 εἴπῃς
2808 5297 2843 5366 ἢ
2901 5295 3097 5376 δράσῃς
3129 5295 3215 5352 ἐπί
3259 5297 3466 5376 ματαίῳ
3509 5315 3598 5351 σοι
3641 5291 3810 5363 ἔσται,

2159 5391 2247 5448 καί
2294 5388 2471 5468 πὸῤῥω
2499 5388 2692 5445 πίπτον
2745 5393 2804 5444 οὔ
2847 5383 3055 5450 διώκεις
3101 5391 3322 5446 σκοποῦ.
3374 5375 3430 5441 Ὀ
3461 5381 3519 5438 δέ
3567 5380 3814 5458 βασιλεὺς

2161 5481 2249 5537 καί
2305 5476 2424 5558 παρ’
2468 5480 2656 5534 ἑαυτοῦ
2703 5475 2800 5552 μέν
2843 5475 2943 5542 τὴν
3001 5474 3253 5544 ἀλήθειαν
3301 5471 3548 5550 συνιδὼν,
3581 5468 3816 5558 μάλιστα

2162 5568 2215 5626 δέ
2265 5569 2352 5626 καί
2378 5556 2487 5624 ἀπὸ
2536 5570 2634 5632 τῆς
2682 5571 2788 5622 τῶν
2837 5562 3250 5644 παρεσταμὲνων
3307 5559 3620 5629 ἐκπλήξεως
3683 5556 3814 5613 ταύ-

2161 5681 2261 5727 την
2323 5656 2666 5734 καταμαθὼν,
2725 5654 2811 5712 καί
2869 5653 2968 5734 γὰρ
3030 5652 3318 5730 ἁπτόμενοί
3371 5673 3426 5708 τε
3483 5646 3595 5706 τῶν
3625 5645 3811 5726 ἁγίων,
