4006 6146
231 366 337 436 413
1171 364 1642 432 MARTYRIUM
1685 365 1746 429 S.
1792 364 1871 428 Μ]

1961 364 2030 427 ιΕ
2072 366 2171 431 ΕΤ
2213 367 2617 434 SOCIORUM.
3464 358 3582 432 414

231 508 309 566 καὶ
347 519 465 571 ταῖς
520 502 673 586 χερσὶ
717 498 1159 587 διαψηλαφῶντες
1219 505 1485 572 ἒξίσταντο
1543 503 1718 568 δείσας
1773 497 1853 577 μὴ

1957 520 2146 565 eorum
2197 502 2298 584 qui
2329 502 2600 566 astabant
2648 501 2917 581 (sanctos
2948 502 3109 567 enim
3156 507 3490 586 tangentes,
3522 511 3585 566 et

232 599 284 656 τὸ
321 596 513 663 πλῆθος
555 594 912 670 πεπεισμένας
969 594 1073 663 ἤδη
1129 597 1224 662 τὰς
1280 596 1457 676 ψυχὰς
1489 594 1709 676 ἔχοντες
1751 594 1852 650 ὑπὸ

1957 591 2212 654 nanibus
2243 602 2683 656 contrectantes
2715 594 3230 675 ubtupescebant),
3257 594 3474 656 timens
3506 611 3583 655 ne

1939 683 2211 764 populus,
2236 685 2407 763 cujus
2430 685 2552 763 jam
2572 692 2741 746 erant
2768 684 2950 745 animi
2986 684 3254 765 persuasi
3284 703 3319 746 a
3338 683 3427 745 rei
3455 684 3583 746 evi-

1937 773 2160 854 dentia,
2193 774 2295 836 illo
2348 774 2665 837 resistente
2696 775 3025 838 manifestae
3071 775 3324 857 veritati,
3356 774 3583 856 aliquid

1936 862 2073 924 novi
2104 864 2161 925 in
2188 882 2324 925 eum
2354 873 2620 944 agerent,
2653 884 2786 927 cum
2819 865 2932 927 hoc
2960 865 3153 927 solum
3187 865 3467 946 jussisset
3496 864 3585 927 eis

1937 953 2230 1033 amputari
2278 954 2492 1033 capita,
2532 955 2788 1016 surrexit
2838 973 2872 1016 e
2902 953 3211 1017 tribunali.
3264 955 3584 1030 Postquam

1935 1049 2136 1105 autem
2168 1043 2357 1106 sancti
2392 1062 2526 1105 cum
2560 1043 2634 1106 iis
2664 1045 2764 1125 qui
2796 1062 2899 1106 eos
2929 1044 3226 1107 ducebant
3272 1044 3581 1119 militibus,

1941 1139 1999 1195 et
2032 1139 2152 1195 toto
2182 1133 2396 1215 popqu
2426 1133 2500 1195 ad
2532 1133 2729 1196 locum
2774 1144 3088 1209 venerunt,
3117 1142 3344 1197 stantes
3375 1142 3434 1197 et
3464 1151 3587 1195 ma-

1944 1240 2054 1285 nus
2088 1222 2269 1286 simul
2293 1233 2352 1286 et
2380 1223 2662 1286 oculosin
2686 1224 2899 1286 coelum
2924 1224 3221 1305 tollentes,
3246 1224 3305 1287 in
3336 1240 3588 1304 conspe-

231 693 318 756 τῆς
357 694 443 744 τοῦ
498 688 810 764 πράγματος
858 686 1155 765 ἐναργείας,
1202 684 1400 743 ἐκείνου
1461 682 1515 741 δέ
1569 686 1698 764 πρὸς
1745 705 1852 763 φα-

235 778 369 855 νερὰν
397 776 646 846 ἀλήθειαν
697 777 760 833 ἂν
774 783 1129 849 τιπιπτοντος,
1161 773 1389 846 δράσωσί
1418 798 1467 833 τι
1510 774 1599 832 καὶ
1654 774 1851 830 νεώτε-

238 890 313 946 ρον
355 866 463 923 κατ’
506 866 666 924 αἶ)τοῦ
708 863 1008 945 προστάξας
1079 874 1235 922 τοῦτο
1291 865 1476 943 μόνον,
1530 864 1625 928 τὰς
1681 863 1849 940 κεφα-

241 958 323 1020 λίις
371 956 533 1015 αὐτῶν
564 956 968 1031 ἀποτμηθῆναι,
1020 955 1217 1023 ἀνέστη
1258 962 1353 1012 τοῦ
1407 956 1672 1032 βήματος.
1706 952 1856 1010 Ἐπεὶ

255 1044 302 1102 δὲ
333 1049 372 1103 οἱ
403 1047 539 1125 ἅγιοι
572 1047 708 1122 μετᾶ
763 1052 872 1102 τῶν
919 1046 1236 1124 ἆπαγόντων
1281 1045 1466 1109 αὐτοὺς
1517 1042 1856 1123 στρατιωτῶν

264 1136 336 1192 καὶ
374 1138 547 1199 παντὸς
606 1136 700 1193 τοῦ
770 1135 1006 1207 πλήθους
1069 1136 1185 1213 περὶ
1248 1137 1338 1191 τὸν
1378 1136 1543 1192 τόπον
1586 1133 1853 1214 ἐγένοντο,

259 1226 436 1290 στάντες
488 1227 577 1283 καὶ
638 1239 833 1306 χεῖρας
894 1225 1007 1302 ἅμα
1066 1226 1154 1281 καὶ
1214 1222 1513 1304 ὀφθαλμοὺς
1563 1226 1637 1289 εἰς
1695 1223 1859 1302 οὐρα-

253 1315 348 1381 νοὺς
383 1315 617 1395 ἄραντες,
673 1315 758 1373 ἐπ’
807 1314 927 1391 ὄψει
999 1324 1211 1372 πάντων
1262 1313 1344 1394 ἐφ’
1401 1316 1578 1372 ἱκανὸν
1636 1312 1859 1381 ηὔξαντο

250 1406 307 1481 τῇ
342 1426 392 1462 τε
438 1406 590 1463 πόλει
639 1408 727 1463 καὶ
786 1413 1134 1484 Χριστιανοτς
1172 1410 1328 1485 πᾶσι,
1384 1405 1471 1461 καὶ
1527 1402 1857 1476 ἐκκλησίαις,

248 1496 546 1553 κατάστασιν
573 1495 671 1554 καῖ
699 1493 965 1574 γαλήνην,
1012 1495 1103 1551 καὶ
1157 1495 1220 1551 τὸ
1278 1491 1481 1570 μηδένα
1538 1498 1637 1561 τῆς
1689 1492 1860 1549 αὐτῶν

1944 1319 2039 1373 ctu
2064 1312 2331 1375 omnium
2360 1312 2503 1375 satis
2532 1312 2632 1374 diu
2655 1322 2793 1374 sunt
2822 1317 3042 1395 precati
3066 1313 3310 1389 civitati,
3339 1321 3398 1376 et
3428 1313 3588 1377 chri-

1944 1398 2151 1461 stianis
2181 1399 2484 1474 omnibus,
2508 1408 2567 1462 et
2603 1400 2893 1463 Ecclesiis
2921 1405 3179 1481 quietem
3211 1408 3271 1462 et
3297 1399 3587 1482 tranquil-

1943 1488 2195 1562 litatem,
2228 1499 2289 1553 et
2320 1499 2384 1552 ut
2424 1509 2626 1563 nemo,
2661 1489 2765 1567 qui
2795 1508 3004 1553 eorum
3052 1490 3313 1570 eguisset
3339 1489 3583 1570 auxilio,

246 1584 521 1664 ἐπικουρίας
597 1583 781 1643 ἔπιδεᾶ
885 1584 1171 1662 γενόμενον
1267 1584 1419 1641 κενὸν
1494 1582 1860 1663 ὑποστρέφειν.

1957 1587 2350 1643 reverteretur
2395 1580 2610 1644 inanis.
2644 1579 2873 1643 Deinde
2908 1587 3039 1661 post
3091 1580 3494 1662 precationem
3524 1598 3593 1643 se

243 1673 445 1733 Ἔπειτα
488 1676 625 1751 μετὰ
678 1676 777 1743 τὴν
814 1676 903 1755 εὖ)
918 1676 984 1743 ὴν
1039 1670 1413 1753 περιϐαλόντες
1462 1671 1737 1743 ἀλλήλους
1775 1672 1865 1729 καὶ

1957 1668 2520 1753 Invicem,amplexi,
2536 1670 2791 1752 dataque
2814 1687 2958 1750 pace
2982 1676 3043 1732 et
3061 1669 3435 1750 salutatione,
3461 1687 3593 1750 por-

243 1764 432 1844 εἰρήνην
485 1764 662 1829 δόντες
735 1765 819 1823 καὶ
902 1766 1206 1844 ἀσπασμὸν,
1287 1764 1377 1820 καὶ
1452 1763 1572 1827 τοὺς
1630 1762 1862 1843 αὐχένας

1957 1758 2129 1822 rectis
2157 1759 2352 1841 collis,
2385 1768 2634 1842 uterque
2666 1778 2875 1822 eorum
2903 1778 2938 1822 a
2984 1759 3193 1841 milite,
3225 1757 3367 1840 quid
3398 1759 3459 1822 id
3488 1759 3591 1823 ob-

242 1854 543 1919 ἒκτείναντες
574 1854 823 1934 ἑκάτερος
853 1856 1027 1912 αὐτῶν
1060 1855 1267 1933 χαίρων
1310 1852 1451 1931 παρὰ
1479 1862 1571 1912 τοῦ
1599 1852 1864 1931 Λαχόντος

1957 1853 2180 1929 tigerat,
2214 1848 2449 1913 beatum
2482 1850 2662 1915 finem
2692 1850 2942 1932 accepit.

241 1946 545 2024 στρατιώτου
572 1945 634 2002 τό
666 1945 924 2022 μακάριον
954 1942 1105 2007 τέλος
1136 1941 1312 2008 ἒδέξαν
1325 1965 1400 2005 το.

308 2033 439 2094 ΑΠ’.
496 2033 651 2094 Ἐπεὶ.
718 2032 774 2089 δὲ
832 2035 859 2090 ὁ
916 2033 1086 2111 μέγας
1147 2031 1333 2099 Μῆνας
1389 2032 1482 2088 τὸν
1532 2053 1589 2088 τε
1641 2027 1861 2109 βασιλέα

2026 2024 2333 2092 XXXVIII.
2354 2028 2646 2103 Quoniam
2676 2038 2873 2092 autem
2898 2047 3145 2111 magnus
3168 2028 3369 2093 Menas
3397 2031 3617 2097 adhuc.

242 2124 457 2200 ᾐτήσατο
500 2124 606 2195 ζῶν
653 2121 731 2179 ἔτι
773 2124 914 2200 παρὰ
942 2128 1019 2195 τῷ
1078 2123 1341 2196 Βυζαντίῳ
1385 2123 1445 2179 τὸ
1490 2125 1649 2181 αὐτοῦ
1707 2127 1863 2195 σῶμα

1957 2117 2108 2180 vivus
2139 2119 2389 2199 petierat
2410 2118 2483 2181 ab
2508 2119 2893 2201 imperatore,
2918 2127 2981 2181 ut
3012 2121 3144 2200 ejus
3166 2138 3380 2202 corpus
3412 2120 3593 2201 depo-

243 2215 601 2295 κατατεθῆναι,
662 2212 933 2288 ἐπεσκηψε
1009 2211 1065 2267 δέ
1136 2213 1224 2268 καὶ
1281 2224 1400 2275 τοῖς
1470 2211 1590 2269 τότε
1649 2224 1864 2275 πιστοῖς

1957 2219 2197 2270 neretur
2239 2207 2528 2289 Byzantiis
2590 2209 2690 2288 (de
2718 2228 2790 2271 eo
2835 2217 3034 2271 autem
3068 2210 3366 2273 mandavit
3413 2210 3591 2274 etiam

244 2305 347 2383 περὶ
399 2305 612 2377 τούτου,
664 2307 762 2360 καὶ
823 2315 937 2366 τοῖς
972 2300 1148 2366 ἄλλως
1178 2302 1391 2365 οἰκείοις
1434 2302 1596 2359 εἰπὼν
1639 2303 1711 2367 ὼς
1742 2302 1869 2358 ταῦ-

245 2416 331 2460 την
384 2394 482 2461 τὴν
557 2391 715 2450 πόλιν
764 2390 1101 2468 κεκλήρωται
1163 2403 1462 2464 κατοικεῖν,
1509 2393 1781 2468 βασκήνας
1839 2392 1866 2446 ὁ

244 2484 520 2560 Μαξιμῐνος
578 2484 719 2557 αὖτῷ
773 2479 868 2537 καὶ
934 2480 1030 2548 τῆς
1102 2486 1275 2559 ταφῆς
1347 2481 1636 2559 προσέταξε
1695 2482 1867 2551 θήκην

242 2574 720 2635 κατασκευάσαντας
790 2568 1028 2647 σιδῆραν,
1103 2569 1332 2626 ἐνθέσθαι
1405 2572 1573 2647 ταύτῃ
1640 2571 1704 2627 τὰ
1760 2575 1866 2627 τῶν

244 2663 494 2740 μαρτύρων
553 2661 796 2735 σώματα,
857 2660 980 2716 εἶτα
1040 2660 1125 2715 καὶ
1183 2665 1260 2734 τῷ
1314 2658 1411 2727 τῆς
1458 2658 1730 2726 θαλάσσης
1766 2682 1863 2717 πα-

246 2751 491 2828 ραπέμψαι
553 2751 716 2828 βυθῴ,
749 2751 825 2824 μή
885 2772 930 2805 τι
989 2751 1166 2829 φήσας
1215 2750 1301 2806 καὶ
1330 2750 1691 2826 προηγόρευσε
1750 2755 1870 2828 περὶ

244 2846 324 2908 τῆς
372 2841 520 2905 ὁσίας
579 2852 698 2905 τοῖς
761 2837 1087 2919 Γαλιλαίοις,
1138 2839 1225 2895 καὶ
1270 2840 1343 2904 ὡς
1371 2839 1633 2896 κάνταῦθα
1676 2837 1866 2895 διαπέ-

248 2952 314 2986 σοι
356 2933 493 3004 αὖτῷ
549 2930 611 2986 τὸ
699 2929 1102 3007 προμάντευμα.
1178 2930 1238 2985 Οἱ
1293 2926 1391 3002 μὲν
1441 2927 1528 2984 οὖν
1582 2930 1654 2992 εἰς
1712 2934 1868 2985 τοῦτο

256 3016 518 3083 διακοῦντες
628 3016 834 3095 σπουδῇ
929 3019 992 3074 τὸ
1094 3023 1201 3073 πᾶν
1287 3015 1683 3092 ἐκτελέσαντες,
1798 3024 1868 3095 τῇ

254 3105 409 3187 σιδηρᾷ
464 3109 697 3186 λάρνακι
779 3108 845 3163 τὰ
912 3108 1019 3163 τῶν
1094 3107 1260 3184 ἁγίων
1359 3107 1871 3183 συγκατεπόντωσαν

1951 2298 2026 2360 iis
2077 2298 2177 2377 qui
2232 2306 2373 2360 tunc
2420 2306 2590 2359 erant
2644 2298 2879 2383 fideles,
2923 2307 2987 2362 et
3031 2308 3201 2361 erant
3255 2301 3312 2362 ei
3369 2301 3593 2381 alioqui

1950 2387 2294 2464 familiares,
2326 2387 2533 2449 dicens
2553 2406 2685 2449 eam
2714 2388 3005 2450 civitatem
3037 2388 3152 2450 sibi
3183 2407 3317 2451 esse
3345 2391 3597 2453 attribu-

1953 2485 2069 2540 tam
2120 2477 2193 2538 ad
2227 2477 2657 2548 habitandum),
2690 2478 2745 2541 ei
2801 2478 3075 2541 invidens
3103 2478 3459 2541 Maximinus
3507 2483 3595 2542 vel

1950 2569 2139 2649 ipsam
2166 2567 2554 2648 sepulturam,
2574 2568 3000 2649 jussitcapsam
3033 2569 3298 2631 construi
3316 2570 3595 2644 ferream,

1952 2667 2012 2720 et
2038 2658 2098 2719 in
2123 2676 2191 2719 ea
2217 2659 2439 2737 imponi
2470 2676 2718 2738 corpora
2758 2667 3118 2738 martyrum:
3157 2659 3377 2722 deinde
3418 2660 3594 2722 etiam

1950 2747 2012 2808 in
2037 2747 2216 2809 maris
2239 2747 2595 2828 profundum
2628 2748 3051 2820 transmittere,
3074 2768 3149 2811 ne
3179 2750 3330 2811 forte
3361 2748 3592 2829 dicens,

1952 2836 2173 2918 aliquid
2199 2838 2276 2899 de
2298 2837 2477 2917 justis
2509 2837 2798 2899 faciendis
2828 2837 3084 2901 Galilwis
3116 2839 3463 2920 prtedixerit
3492 2857 3507 2902 :
3540 2846 3602 2900 et

1954 2937 2020 2990 ut
2064 2928 2149 2988 sic
2181 2928 2314 3006 ejus
2343 2926 2649 2990 excideret
2692 2929 3022 3008 praedictio.
3060 2929 3167 3004 Qui
3207 2931 3281 2992 ad
3312 2931 3426 2992 hoc
3458 2947 3597 3007 ergo

1953 3015 2382 3091 inserviebam,
2436 3035 2572 3078 cum
2628 3028 2829 3080 essent
2884 3018 3224 3082 universum
3279 3019 3603 3099 diligenter

1953 3106 2218 3168 exsecuti
2277 3105 2338 3166 in
2396 3123 2534 3167 arca
2592 3105 2783 3168 ferrea
2840 3117 3180 3170 sanctorum
3232 3128 3483 3190 corpora
3535 3111 3600 3173 in

247 3197 460 3273 σώματα.
532 3190 595 3257 Ὀ
652 3196 706 3254 δὲ
764 3195 1012 3274 βασιλεὺς
1069 3197 1135 3253 τά
1191 3218 1249 3253 τε
1304 3197 1449 3275 παρὰ
1503 3202 1603 3265 τῆς
1663 3196 1871 3262 πόλεως

1958 3196 2105 3257 mari
2154 3195 2596 3259 demerserunt.
2650 3199 2981 3276 Imperator
3039 3206 3265 3280 autem,
3310 3218 3443 3261 cum
3489 3218 3602 3263 nec

244 3290 524 3364 σκώμματα
581 3287 660 3360 μὴ
717 3286 889 3367 φέρειν
946 3286 1066 3347 οἶός
1108 3308 1165 3343 τε
1199 3286 1298 3366 ὥν,
1336 3288 1422 3343 καὶ
1451 3286 1562 3362 ἅμα
1606 3290 1874 3363 καταθρα-

243 3378 461 3435 σύνεσθαι
554 3380 712 3436 αὒτοῦ
788 3376 879 3432 τὸν
960 3373 1130 3449 δῆμον
1190 3377 1538 3451 μεμαθηκὼς,
1599 3377 1686 3432 καὶ
1736 3377 1874 3434 ὕπο-

246 3468 433 3524 πτεόων
482 3467 572 3543 μή
629 3488 679 3523 τι
755 3467 842 3523 καὶ
922 3463 1530 3544 παρακεκινδυνευμένον
1599 3464 1682 3521 ἐπ’
1735 3466 1878 3540 αὸτῷ

240 3556 467 3638 γένηται,
546 3556 648 3623 τὴν
720 3556 807 3613 ἐπὶ
865 3556 925 3612 τὸ
989 3554 1270 3627 Βυζάντιον
1342 3554 1395 3621 ἐξ
1467 3555 1632 3622 αὐτῆς
1688 3553 1872 3630 ὥδευε,

240 3645 527 3727 κατάφοϐὁς
562 3667 618 3702 τε
666 3646 753 3701 καὶ
808 3644 1177 3724 ᾐσχυμμένος.
1231 3645 1317 3706 Εἷς
1360 3651 1512 3702 τοῦτο
1548 3646 1717 3701 τοίνυν
1772 3650 1877 3701 τῶν

239 3738 558 3814 πραγμάτων
590 3734 880 3809 ἐκϐάντων,
912 3734 1111 3813 γίνεταί
1152 3755 1202 3791 τι
1247 3734 1336 3791 καὶ
1383 3734 1528 3799 αὖθις
1583 3737 1690 3791 τῶν
1738 3757 1873 3813 προ-

237 3823 495 3883 λαϐόντων
528 3828 628 3883 οὒκ
659 3823 900 3886 ἔλαττον.

303 3915 437 3978 ΔΘ¹.
493 3915 692 3973 Φθάιει
749 3915 841 3970 τὸν
881 3912 1101 3991 βασιλέα
1155 3914 1388 3983 ἱππότην
1434 3915 1558 3973 ὄντα
1608 3918 1644 3985 ἡ
1671 3916 1737 3973 τὰ
1766 3922 1871 3973 τῶν

236 4008 503 4087 μαρτύρων
568 4007 791 4083 σώματα
836 4006 1063 4086 φέρουσα
1118 4008 1259 4077 θήκη
1317 4009 1546 4077 τοσαύτη
1603 4031 1661 4068 τε
1719 4009 1870 4086 οὖσα,

235 4097 312 4153 καὶ
350 4096 573 4170 σιδηρᾶ,
651 4098 744 4153 καί
786 4096 1022 4177 πέλαγος
1084 4095 1427 4161 διαπλέουσα.
1490 4100 1716 4177 Δυνάμει
1773 4098 1874 4177 γάρ

236 4206 327 4242 ιιι-ιι
381 4187 628 4264 θειοτέρα
683 4188 917 4267 τάχιστα
987 4194 1079 4243 τοῦ
1139 4188 1293 4263 βυθοῦ
1348 4188 1602 4266 ἆναδυσα,
1668 4188 1762 4245 καὶ
1813 4190 1874 4246 τὸ

239 4282 368 4351 κῦμα
454 4273 820 4349 διαδραμοῡσα
895 4277 958 4333 τό
1023 4275 1327 4357 θαλάττιον,
1398 4277 1645 4357 ἂνάῤῥουν
1699 4278 1872 4353 ἔπλει,

241 4367 317 4420 καὶ
366 4377 606 4434 πτηνοῖς
665 4363 761 4421 ἴσα
817 4366 878 4422 τὸ
935 4366 1105 4446 τάχος
1151 4365 1254 4423 ἔθει
1293 4369 1426 4444 πρὸς
1454 4367 1513 4424 τό
1572 4369 1876 4442 Βυζάντιον,

1958 3285 2205 3349 civitatis
2237 3284 2399 3347 ferre
2430 3292 2634 3366 posset
2662 3295 3012 3368 scommata,
3046 3296 3105 3351 et
3162 3288 3338 3351 simul
3370 3289 3604 3353 intelle-

1959 3378 2138 3437 xisset
2168 3376 2448 3456 populum
2502 3377 2563 3437 in
2596 3396 2730 3438 eum
2763 3378 2960 3439 efferri
3010 3379 3255 3442 audacia
3287 3400 3304 3454 ;
3335 3388 3394 3442 et
3424 3379 3601 3442 dubi-

1960 3472 2131 3544 taret,
2168 3484 2242 3526 ne
2268 3474 2494 3527 temere
2525 3475 2583 3527 et
2615 3466 2950 3544 periculose
2986 3468 3205 3548 aliquid
3241 3468 3301 3530 in
3327 3487 3461 3531 eum
3490 3470 3607 3532 ini-

1959 3564 2148 3635 retur,
2177 3574 2247 3618 ex
2274 3576 2342 3619 ea
2374 3557 2488 3618 iter
2525 3556 2831 3631 ingressus
2861 3567 2950 3620 est
2995 3575 3204 3620 versus
3234 3559 3598 3637 Byzantium,

1961 3652 2123 3707 metu
2180 3654 2237 3706 et
2270 3646 2495 3724 pudore
2547 3646 2816 3709 affectus.
2854 3648 2997 3710 Cum
3045 3648 3143 3709 hic
3197 3666 3343 3726 ergo
3395 3648 3604 3711 fuisset

1957 3754 2159 3797 rerum
2201 3735 2413 3813 exitus,
2448 3736 2511 3797 ﬁt
2541 3754 2750 3799 rursus
2780 3735 2957 3799 etiam
2990 3736 3216 3818 aliquid
3251 3755 3372 3799 non
3404 3741 3603 3801 minus

1959 3824 2283 3906 prioribus.

2026 3914 2231 3973 XXXIX
2283 3915 2688 3987 Imperatorem
2719 3916 3065 3988 equitantem
3100 3918 3380 3986 praevenit
3409 3931 3605 3991 capsa,

1955 4021 2077 4078 quae
2092 4005 2550 4077 ferebatcorpora
2570 4015 2902 4079 martyrum,
2925 4022 3051 4079 qua
3075 4015 3224 4066 tanta
3246 4016 3368 4066 erat
3397 4007 3608 4068 terrea-

1956 4111 2090 4168 que,
2112 4103 2168 4153 et
2190 4110 2287 4166 per
2310 4110 2465 4152 mare
2484 4096 2954 4168 navigabatNam
2976 4112 3106 4154 cum
3138 4096 3328 4156 divina
3358 4099 3605 4171 quadam

1955 4187 2173 4249 virtute
2227 4185 2546 4249 celerrime
2603 4204 2636 4248 e
2666 4187 2849 4248 fundo
2899 4189 3265 4264 emersisset,
3296 4197 3354 4250 et
3400 4190 3617 4261 ﬂuctus

1968 4277 2232 4338 marinos
2278 4275 2652 4359 pervasisset,
2686 4277 2949 4339 secunda
2995 4295 3145 4358 aqua
3192 4278 3523 4357 navigabat,
3556 4291 3618 4341 et

1970 4365 2272 4428 celeritate
2304 4385 2407 4445 par
2451 4364 2793 4428 volucribus
2822 4365 3098 4429 currebat
3126 4368 3465 4448 Byzantium
3503 4388 3520 4444 ;
3560 4372 3621 4430 et

244 4455 318 4513 καὶ
355 4457 446 4513 τὸν
493 4456 601 4523 τὴν
642 4454 801 4513 πόλιν
849 4454 1271 4513 καταδικασαντα
1319 4458 1396 4532 μὴ
1427 4458 1595 4514 οἰκεῖν
1623 4459 1658 4526 ἠ
1709 4479 1871 4514 κατα-

1975 4474 2108 4518 eum
2160 4456 2259 4536 qui
2291 4455 2791 4518 condemnaverat
2842 4474 2919 4519 ne
2964 4456 3258 4520 habitaret
3298 4457 3613 4535 civitatem,

247 4540 552 4602 δικασθεῖσα
585 4544 746 4624 τάχει
804 4543 990 4618 πολλῷ
1044 4544 1432 4622 προελάμϐανε.
1496 4546 1644 4605 Ἐπεὶ
1687 4545 1741 4603 δὲ
1799 4540 1886 4603 καὶ

250 4631 343 4688 θεία
386 4655 469 4700 τις
504 4632 769 4713 ἐμφανεια
812 4641 888 4709 τῷ
931 4640 1028 4702 τῆς
1074 4633 1285 4702 πόλεως
1339 4633 1651 4710 Ἐπισκόπῳ
1703 4638 1885 4703 νυκτὸς

248 4720 400 4795 μέσῆς
442 4722 688 4803 ἐγένετο,
734 4724 855 4788 τούς
921 4746 979 4781 τε
1033 4726 1299 4805 μάρτυρας
1363 4725 1485 4782 ὅσον
1540 4725 1686 4784 οὔπω
1741 4749 1883 4805 παρ-

243 4822 366 4868 εῖναι
392 4811 664 4886 δηλοῦσα,
695 4813 783 4869 καὶ
833 4820 1070 4894 ταχῦναι
1122 4814 1281 4872 αὐτόν
1323 4816 1456 4893 πρὸς
1497 4817 1592 4879 τὰς
1636 4815 1690 4871 ἐν
1719 4817 1883 4893 ἀκρο-

241 4898 380 4957 πόλει
428 4902 605 4966 ἆκτᾶς
664 4901 1041 4982 ἐπιτρέπουσα,
1096 4904 1170 4968 ὡς
1228 4904 1291 4962 ἃν
1342 4903 1724 4971 ἀποϐαίνοντας
1783 4911 1882 4974 τῆς

239 4986 501 5059 θαλάσσης
607 4991 754 5056 εὐθὺς
856 4990 1168 5059 ὁποδὲξηται
1203 5040 1219 5072 ,
1328 4995 1639 5073 συναγαγὼν
1724 4996 1880 5060 αὐτὸς

237 5079 346 5135 κατ’
400 5082 579 5148 αὒτην
620 5084 720 5147 τῆς
776 5082 967 5145 νυκτὸς
1018 5083 1117 5148 τὴν
1154 5082 1295 5162 ὥραν
1324 5088 1418 5138 τοῦ
1445 5104 1503 5139 τε
1532 5082 1733 5154 κλήρου
1759 5085 1882 5148 τοὺς

236 5169 634 5254 συμπαρόντας,
679 5169 770 5226 καί
833 5191 982 5234 τινας
1045 5176 1152 5227 τῶν
1225 5169 1463 5228 εὖλαϐὤν
1517 5174 1606 5230 καὶ
1654 5179 1883 5254 πιστῶν,

236 5253 338 5333 ἅμα
367 5259 585 5324 τούτοις
624 5257 824 5338 ἐχώρει
878 5260 1006 5336 πρὸς
1065 5258 1186 5323 τοὺς
1247 5258 1538 5338 αἰγιαλοὺς,
1600 5264 1686 5328 οὓς
1742 5253 1886 5337 αὗτῷ

237 5344 611 5425 παρεδήλωσεν
694 5349 723 5405 'o
787 5349 987 5428 φανείς.
1066 5339 1158 5414 Ὠς
1244 5347 1299 5406 δέ
1380 5350 1502 5414 τοὺς
1583 5350 1885 5431 ὀφθαλμοὺς

237 5438 359 5514 πρὸς
412 5439 483 5494 τὸ
560 5435 796 5517 πέλαγος
860 5437 1024 5518 εἶχον
1103 5446 1579 5518 περισκοποῦντας,
1638 5440 1883 5522 ἐξαίφνης

242 5523 394 5599 ὁρῶσι
424 5527 570 5606 φῶς,
601 5527 697 5584 οἷα
728 5526 917 5585 στῦλον
969 5525 1021 5593 ἐξ
1076 5530 1294 5607 οὖρανοῦ
1347 5528 1543 5610 μέχρις
1579 5530 1738 5597 αὐτῆς
1787 5535 1884 5597 της

241 5611 509 5682 θαλάσσης
570 5613 845 5693 διήκοντα,
901 5619 990 5698 tat
1037 5618 1178 5683 τινὸς
1237 5639 1295 5674 τε
1328 5619 1546 5676 ἀκατίου
1604 5622 1885 5696 καθαπερεὶ

242 5705 620 5785 στηριζόμενον
649 5724 663 5741 ⁸
725 5703 814 5765 δύο
978 5727 1121 5774 τινας
1178 5704 1365 5787 ἄνδρας
1422 5708 1519 5777 τὴν
1576 5705 1700 5786 ὄψιν
1737 5707 1884 5787 λαμ·-

1971 4565 2040 4608 ea
2062 4563 2193 4627 quae
2223 4544 2412 4606 fuerat
2435 4545 3076 4627 condemnata,magna
3105 4546 3385 4628 praevenit
3409 4547 3620 4612 celeri-

1969 4633 2433 4716 tate.Postquam
2454 4643 2651 4696 autem
2678 4635 2881 4698 divina
2910 4636 3179 4715 quaedam
3209 4637 3499 4718 apparitio
3525 4640 3617 4699 ci-

1968 4725 2162 4788 vitatis
2192 4725 2473 4805 episcopo
2505 4723 2655 4786 facta
2684 4733 2776 4785 est
2815 4725 3013 4787 media
3044 4739 3242 4799 nocte,
3277 4745 3409 4807 quaa
3437 4726 3615 4807 signi-

1967 4814 2187 4878 ﬁcabat
2208 4822 2268 4875 et
2291 4832 2425 4875 mox
2454 4814 2741 4877 aﬂ‘uturos
2772 4825 3083 4895 martyres,
3112 4823 3173 4877 et
3197 4816 3449 4896 jubebat
3478 4834 3616 4878 eum

1967 4920 2291 4985 properare
2338 4902 2412 4965 ad
2460 4903 2680 4977 littora,
2717 4922 2849 4984 qum
2904 4911 3045 4965 sunt
3089 4903 3152 4965 in
3204 4922 3366 4984 arce,
3400 4912 3462 4965 ut
3513 4922 3616 4965 eos

1965 4992 2406 5056 descendentes
2434 5009 2468 5054 e
2502 4993 2651 5054 mari
2705 4993 2903 5054 statim
2938 4992 3243 5071 exciperet
3273 5012 3288 5053 :
3319 5010 3455 5054 cum
3505 4992 3615 5055 hac

1966 5082 2093 5163 ipsa
2140 5082 2289 5144 hora
2335 5080 2528 5144 noctis
2575 5088 2996 5161 congregasset
3039 5098 3146 5143 eos
3191 5081 3297 5157 qui
3327 5099 3404 5144 ex
3453 5079 3613 5143 clero

1967 5170 2144 5235 simul
2167 5169 2441 5244 aderant,
2466 5177 2525 5231 et
2555 5169 2843 5250 quosdam
2861 5168 2992 5250 pios
3019 5176 3081 5231 et
3109 5168 3339 5243 ﬁdeles,
3367 5188 3501 5232 cum
3526 5171 3614 5231 eis

1971 5262 2234 5343 perrexit
2278 5259 2352 5321 ad
2383 5257 2602 5339 littora,
2636 5275 2767 5339 qua;
2808 5257 2864 5321 ei
2893 5258 3243 5323 ostenderat.
3270 5259 3345 5340 is,
3376 5259 3477 5339 qui
3514 5277 3612 5341 ap-

1973 5356 2270 5432 paruerat.
2325 5346 2468 5411 Cum
2523 5356 2719 5410 autem
2764 5366 2971 5411 versus
3015 5365 3182 5411 mare
3229 5347 3616 5413 intenderent

1966 5439 2193 5516 oculos,
2221 5443 2467 5519 repente
2486 5435 2687 5500 vident
2705 5436 2924 5510 lucem,
2951 5445 3227 5519 tanquam
3256 5438 3611 5501 colummam

1968 5547 2001 5592 e
2027 5528 2179 5592 coelo
2201 5544 2389 5608 usque
2411 5526 2485 5588 ad
2515 5545 2683 5589 mare
2713 5526 3155 5608 pervadentem,
3182 5537 3240 5590 et
3268 5533 3327 5590 in
3357 5527 3610 5610 quadarn

1967 5618 2176 5700 cymba
2205 5615 2647 5698 quodammodo
2676 5616 3032 5679 fundantam
3065 5635 3079 5681 ε
3109 5616 3259 5679 duos
3291 5635 3427 5680 vero
3459 5617 3615 5679 viros

1968 5715 2207 5791 aspectu
2241 5703 2580 5790 praeclaros,
2624 5724 2695 5771 ex
2727 5714 2976 5787 utraque
3009 5717 3172 5790 parte
3205 5705 3530 5772 honoriﬁce
3554 5716 3613 5769 et
