4028 6138
431 279 550 349 415

1732 289 2007 356 MENSIS
2064 290 2495 357 DECEMBER.

3662 298 3765 366 416

434 416 859 510 venerabiliter
925 424 1495 507 appr0pinquantes.
1554 422 1817 505 Idipsum
1877 437 2070 489 autem

2162 430 2324 506 προὺς
2369 429 2420 497 ἐξ
2464 427 2724 509 ἑκατέρων
2780 429 2956 509 μερῶν
3013 428 3192 509 ὥσπερ
3249 429 3301 490 ἐν
3370 438 3497 510 τιμῇ
3550 435 3633 492 καὶ
3684 457 3766 492 σε-

438 509 599 600 quod
630 510 959 591 videbatur,
986 516 1288 599 appellere
1318 519 1393 581 ad
1421 516 1712 600 portus,in
1747 518 1965 598 quibus
1995 509 2070 579 illi

2166 514 2395 595 ϐάσματι
2452 507 2893 590 πλησιαζονταςή·
2961 521 3088 578 aich
3143 507 3197 576 δὲ
3258 521 3315 578 τὸ
3392 507 3645 597 ὀρῶμενον
3697 525 3772 583 ἐπὶ

444 597 698 664 stabant.

518 781 958 868 XL.Postquam
977 808 1115 852 vero
1143 787 1422 872 paulatim
1447 786 1555 848 fuit
1580 786 1844 867 propius,
1873 794 1931 846 et
1954 785 2078 866 jam

439 880 737 956 cognitum
767 879 1031 953 fuit,cam
1058 899 1190 943 esse
1212 898 1409 942 arcam
1445 886 1505 940 et
1531 895 1649 937 non
1685 894 2076 949 navem,con-

438 964 769 1029 siderautes
802 987 953 1033 eam.
990 988 1183 1051 neque
1205 988 1338 1031 cum
1369 969 1546 1030 undae
1574 976 1741 1026 erant
1771 983 2073 1037 convexa},

433 1055 693 1131 resilire,
729 1076 926 1135 neque.
952 1078 1087 1121 cum
1137 1077 1350 1122 rursus
1399 1075 1695 1129 concavae,
1732 1053 1931 1115 delabi
1966 1073 1980 1117 :
2020 1063 2078 1116 et

431 1143 563 1205 sine
591 1146 773 1209 remis
803 1156 860 1209 et
890 1149 1051 1211 clavo
1083 1148 1403 1229 ingredi,et
1433 1168 1502 1210 ex
1534 1148 1603 1209 ad
1617 1163 1784 1206 verso
1813 1145 2072 1206 virorum

432 1233 705 1314 navigare
729 1256 742 1298 :
765 1238 1078 1319 lucemque
1101 1258 1233 1301 esse
1257 1239 1500 1300 multam
1527 1246 1586 1299 et
1609 1236 2076 1317 splendidam,et

431 1329 750 1400 tantam,ut
780 1347 896 1389 non
933 1329 1127 1390 minus
1149 1348 1325 1409 quam
1359 1329 1445 1390 sol
1479 1329 1678 1389 locum
1714 1328 2069 1389 illustraret:

430 1418 487 1473 et
514 1412 673 1476 viros
703 1417 835 1479 illos
884 1419 942 1480 in
995 1437 1060 1480 se
1091 1418 1250 1480 ferre
1283 1419 1527 1499 quidem
1565 1418 1731 1495 signa
1762 1414 2072 1495 cujusdam

430 1500 643 1566 divinae
666 1514 726 1567 et
753 1507 1124 1569 admirabilis
1144 1508 1502 1588 naturae,qui
1526 1507 1641 1583 ipsi
1665 1523 1903 1587 quoque
1934 1521 2079 1583 quo-

429 1590 667 1654 dammo
686 1594 741 1657 lo
766 1595 1019 1676 pedibus
1036 1597 1957 1677 ingrediebanturperaquam,ei
1975 1594 2070 1653 de-

430 1679 731 1745 ducebant
753 1705 989 1765 rapsam
1015 1705 1146 1749 cum
1174 1687 1427 1764 quadam
1456 1686 1792 1748 reverentia
1821 1703 1834 1744 :
1866 1700 2075 1745 omnes

2165 608 2284 672 τοὺς
2368 608 2585 684 λιμένας
2642 610 2767 688 παρ’
2845 612 2932 674 οὓς
2991 609 3188 667 ἐκεῖνοι
3243 610 3565 692 εἱστήκεσαν,
3622 614 3772 693 ἔγκα-

2161 700 2555 774 θορμιζόμενοι.

2245 788 2336 847 Μ’.
2369 786 2465 849 Ὠς
2496 786 2551 844 δὲ
2609 787 2727 845 κατ’
2776 789 2956 868 ὀλίγον
3000 788 3201 869 ἐγίνετο
3252 788 3649 872 πλησιέστερον,
3692 793 3777 849 καὶ

2160 874 2261 945 ἤδη
2323 877 2512 958 λάρναξ
2569 877 2805 957 ἐγνώσθη
2882 882 3045 954 εἶναι,
3106 881 3194 936 καὶ
3257 879 3376 960 οὒχὶ
3424 887 3564 956 ναῦς,
3619 903 3818 950 κειτα-⁶

2161 974 2400 1033 νοοῦντες
2462 968 2622 1037 αὖτήν
2670 972 2807 1044 μήτε
2868 971 2999 1048 πρὸς
3057 971 3124 1026 τᾶ.
3166 974 3480 1048 κυρτώματα
3536 978 3635 1027 τῶν
3686 995 3776 1030 κυ-

2160 1058 2341 1132 μάτων
2399 1058 2737 1134 ἀνορμῶσαν,
2796 1060 2936 1132 μήτέ
2995 1060 3125 1137 πρὸς
3181 1061 3245 1115 τα
3295 1059 3600 1134 κοιλώματα
3635 1060 3777 1117 πέλιν

2160 1146 2677 1220 κατολισθαίνουσαν,
2743 1149 2857 1204 εὖθ’]
2939 1170 2996 1204 τε
3083 1154 3188 1204 τῶν
3260 1148 3456 1227 ανδρῶν
3508 1149 3774 1230 πλέουσαν,

2156 1237 2217 1292 τὸ
2275 1257 2333 1292 τε
2390 1243 2525 1317 φῶς,
2587 1235 2723 1293 πολύ
2753 1258 2809 1293 τε
2859 1239 2945 1294 καὶ
2998 1238 3269 1319 λαμπρὸν,
3301 1240 3389 1296 καὶ
3417 1248 3677 1314 τοσοῦτον,
3709 1241 3774 1303 ὡς

2128 1324 2308 1396 ,ἡλίου
2367 1326 2443 1400 μὴ
2508 1324 2727 1382 ἔλαττον
2809 1328 2898 1383 τὸν
2992 1330 3156 1385 τόπον
3235 1329 3617 1407 περιαυγάζειν,
3696 1329 3774 1384 καὶ

2156 1414 2277 1478 τοὺς
2337 1413 2523 1494 ἄνδρας
2581 1417 2813 1482 ὲκείνους
2874 1414 3113 1491 σύμϐολα
3159 1417 3277 1493 μὲν,
3313 1419 3368 1473 ἒν
3415 1419 3618 1479 ἑαυτοῖς
3646 1417 3773 1480 θείας

2157 1505 2296 1569 τινὸς
2353 1506 2439 1560 καὶ
2502 1504 2789 1578 παραδόξου
2867 1506 3118 1586 φέροντας
3195 1506 3422 1584 φύσεως.
3479 1507 3773 1577 Πεζεύοντας

2157 1590 2210 1648 δέ
2270 1595 2355 1648 καὶ
2418 1594 2601 1654 αὖτοὺς
2651 1593 2835 1673 ὤσπερ
2876 1597 2959 1650 επὶ
3017 1601 3109 1652 τοῦ
3160 1594 3343 1661 ὕδατος
3404 1597 3488 1652 καὶ
3543 1616 3777 1673 προπομ-

2158 1682 2411 1749 πεύοντας
2469 1685 2602 1759 μετά
2655 1706 2796 1745 τινος
2855 1684 3024 1746 αἶδοῦς
3084 1687 3183 1750 τῆς
3236 1692 3399 1763 σοφοῦ
3458 1682 3558 1740 δέει
3604 1684 3780 1747 πάντες

433 1780 626 1835 metus
653 1783 713 1836 et
744 1777 960 1840 horror
991 1777 1223 1839 invasit.
1251 1779 1445 1858 Atque
1475 1777 1673 1854 angeli
1707 1774 1947 1857 quidem
1975 1772 2070 1863 du:

2164 1774 2249 1829 καὶ
2279 1775 2436 1853 φρῖιῃ
2489 1775 2823 1853 κατείχοντο.
2864 1765 2919 1832 Ὀ
2968 1776 3066 1849 μὲν
3110 1775 3198 1831 οὖν
3252 1780 3351 1842 τῆς
3408 1774 3572 1841 θήκης
3617 1795 3777 1850 παρα-

431 1868 649 1943 ctores,
674 1883 809 1926 cum
833 1867 956 1946 jam
990 1866 1240 1930 fuissent
1273 1868 1329 1928 in
1382 1876 1705 1944 conspectu
1739 1883 1944 1926 eorum
1973 1871 2070 1944 qui

2167 1865 2370 1938 πομποὶ
2400 1862 2617 1941 ἄγγελοι
2648 1863 2758 1919 ἐπεὶ
2809 1864 3137 1943 καταφανεῖς
3186 1862 3288 1931 ἤδη
3338 1864 3458 1927 τοῖς
3515 1869 3776 1941 παρεστῶ-

432 1951 721 2035 astabant,
756 1973 890 2017 cum
913 1965 1143 2018 tantum
1162 1958 1272 2019 visi
1294 1965 1497 2019 essent
1520 1965 1577 2016 et
1600 1955 2070 2036 appropinquas-

2163 1974 2269 2028 σιν,
2331 1953 2573 2031 ἐγένοντο
2629 1955 2880 2010 τοσοῦτον
2933 1954 3204 2032 ὄραθέντες
3264 1957 3349 2011 καὶ
3380 1952 3776 2032 πλησιάσαντες,

434 2050 591 2122 sent,
622 2053 904 2125 quantum
938 2047 1082 2108 satis
1108 2055 1236 2108 erat
1259 2047 1331 2108 ad
1360 2043 1891 2124 mandaudum,ubi
1920 2061 2070 2104 nunc

2162 2043 2287 2099 ὅσον
2352 2045 2512 2118 μὸνον
2587 2043 2907 2120 ἐπισκῆψαι,
2969 2044 3071 2100 ποῦ
3128 2042 3225 2118 μέν
3283 2052 3372 2101 νῦν
3428 2045 3538 2123 χρὴ
3582 2044 3777 2109 τεθῆναι

434 2131 675 2210 quidem
711 2143 1001 2215 martyres
1033 2154 1254 2215 ponere
1287 2144 1578 2215 oporteat,
1606 2142 1849 2213 propter
1877 2133 2070 2212 impe-

2158 2132 2278 2197 τοὺς
2338 2133 2601 2211 μα’ρτυρας
2656 2132 2739 2187 διὰ
2794 2135 2891 2200 τὴν
2943 2144 3034 2195 τοῦ
3063 2133 3328 2209 βασιλέως
3362 2135 3633 2206 ἀπόνοιαν,
3687 2139 3777 2189 ποῦ

435 2222 650 2283 ratoris
670 2224 1081 2303 amentiam,et
1112 2224 1214 2285 ubi
1247 2225 1420 2306 paulo
1445 2232 1574 2304 post
1598 2230 1838 2304 propter
1862 2241 2069 2284 eorum

2157 2220 2212 2277 δέ
2262 2223 2379 2294 μετ’
2438 2223 2617 2299 ὀλίγον
2676 2221 2760 2278 διὰ
2819 2223 2878 2277 τὸ
2941 2224 3108 2279 αὒτῶν
3137 2222 3410 2301 βούλημα,
3465 2223 3551 2277 καὶ
3580 2221 3671 2277 ὅσα
3696 2221 3774 2277 καὶ

433 2312 880 2387 voluntatem,et
908 2323 1126 2395 quamet
1148 2313 1651 2394 quemadmodum
1676 2314 1873 2374 facere
1898 2331 2069 2389 opor-

2155 2310 2301 2376 ὅπως
2360 2310 2442 2369 δεῖ
2499 2325 2700 2390 ποιεῖν,
2762 2313 2965 2390 ἀθρόως
3018 2312 3073 2377 ἒξ
3105 2312 3391 2393 ὀφθαλμῶν
3424 2312 3589 2370 αὒτῶν
3617 2309 3773 2377 ἀπηλ-

420 2408 562 2481 teat,
592 2412 845 2483 repente
866 2421 934 2465 ex
968 2422 1174 2465 eorum
1200 2404 1387 2466 oculis
1404 2403 2069 2483 recesserunt.Episco-

2155 2400 2426 2462 λάττοντο.
2490 2399 2548 2458 Ὀ
2634 2399 2958 2465 Ἐπίσκοπος
3046 2399 3099 2457 δέ
3180 2403 3268 2458 καί
3328 2404 3375 2459 οἱ
3431 2404 3772 2478 συμπαρισντες

423 2509 533 2572 pus
557 2500 779 2568 autem,
813 2501 871 2555 et
889 2494 991 2575 qui
1013 2512 1145 2556 cum
1173 2511 1242 2555 eo
1260 2494 1527 2557 aderant.
1552 2492 1805 2572 primum
1822 2491 2065 2572 quidem

2155 2490 2313 2564 αύτῷ,
2375 2494 2559 2569 πρῶτα
2615 2490 2711 2565 μέν
2768 2490 3142 2571 περιχυθέντες
3203 2497 3270 2567 τῇ
3321 2490 3534 2571 λάρνακι
3583 2511 3771 2554 κατησ-

419 2599 571 2643 arcae
600 2582 973 2657 circumfusi,
1002 2601 1131 2645 eam
1156 2582 1675 2663 amplectebantur
1701 2603 1713 2638 :
1751 2591 2063 2659 postquam

2155 2581 2375 2650 πάζοντο
2412 2599 2426 2613 '
2487 2583 2558 2645 ὡς
2643 2578 2698 2635 δέ
2783 2582 2870 2637 καὶ
2955 2579 3176 2659 σιδηρᾶν
3241 2583 3407 2650 αὒτὴν
3462 2579 3590 2647 ’ὀλην
3644 2580 3772 2634 εἶναι

421 2689 559 2731 vero
589 2670 1015 2733 intellexerunt
1074 2689 1201 2731 eam
1253 2689 1385 2732 esse
1433 2678 1612 2731 totam
1646 2669 1924 2739 ferream,
1961 2688 2064 2732 eos

2155 2668 2464 2743 κατέμαθον,
2551 2667 2810 2735 ἔκπληξις
2888 2669 3074 2733 αὐτοὺς
3160 2672 3336 2751 εἶχε,
3421 2667 3772 2748 λογιζομένους

420 2767 629 2838 stupor
656 2760 891 2835 invasit,
925 2759 1374 2823 considerantes
1405 2777 1661 2840 quonam
1689 2758 1864 2818 modo
1884 2777 2066 2838 supra

2155 2763 2263 2822 πῶς
2324 2757 2486 2824 οὕτως
2546 2757 2632 2815 ἐπί
2688 2756 2888 2835 λεπτῇς
2972 2758 3249 2817 διέπλευσε
3311 2761 3407 2829 τῆς
3464 2757 3765 2836 ἐπιφανείας,

422 2856 538 2910 tam
564 2857 803 2910 tenuem
830 2850 1189 2928 navigaverit
1227 2849 1635 2928 superﬁciem,
1669 2867 1787 2909 non
1820 2849 2063 2910 omnino

2155 2850 2209 2904 τὸ
2263 2848 2508 2920 παράπαν
2567 2849 2641 2923 μὴ
2687 2849 3013 2924 βυθισθεϊσα.
3064 2852 3162 2906 Καὶ
3219 2850 3344 2907 τότε
3393 2848 3490 2924 μέν
3543 2844 3763 2921 ἀνωτέρω

426 2938 634 3000 obruta
668 2956 684 3002 :
717 2947 775 3002 et
802 2947 942 3000 tunc
964 2939 1383 3019 quidem,cum
1410 2957 1537 2999 eam
1564 2956 1745 3016 supra
1770 2939 1829 2998 in
1865 2956 2062 3000 arcem

2155 2959 2249 2993 που
2296 2938 2391 3005 τῆς
2448 2934 2791 3009 ἀκροπόλεως
2871 2937 3280 3016 ἀπενεγκόντες,
3347 2939 3401 2994 ἕν
3457 2959 3555 2994 τινι
3606 2954 3759 3011 παρα-

423 3028 806 3109 detulissent,
842 3028 898 3090 in
932 3030 1163 3090 occulto
1194 3028 1449 3111 quodam
1486 3028 1708 3109 templo
1740 3030 2066 3091 absconde-

2155 3023 2320 3100 ϐύστῳ
2376 3031 2485 3099 ναῷ
2535 3025 2890 3104 κατέκρυψαν,
2949 3025 3128 3105 ὥσπερ
3206 3026 3315 3106 ἄρα
3387 3029 3474 3085 καί
3527 3021 3767 3103 προσετά-

422 3124 581 3192 runt,
615 3118 770 3179 sicut
793 3119 943 3197 jussi
973 3119 1232 3181 fuerant.

476 3206 949 3288 XLLPostquam
970 3219 1166 3269 autem
1190 3208 1383 3271 statim
1398 3226 1676 3270 reversus
1688 3206 2065 3287 Maximinus,

423 3305 482 3359 et
533 3315 567 3358 e
599 3296 847 3376 vestigio
881 3297 1049 3377 plaga
1078 3298 1370 3359 divinitus
1416 3315 1751 3376 percussus,
1802 3297 2068 3379 privatus

425 3386 533 3447 fuit
564 3386 772 3459 oculis,
809 3397 871 3450 et
898 3388 1077 3450 simul
1097 3386 1172 3448 ab
1200 3387 1428 3465 angelis
1458 3387 1812 3466 ﬂagellatus,
1849 3396 1908 3447 ut
1939 3386 2069 3466 ipse

424 3476 550 3538 suis
570 3476 717 3538 dixit
736 3476 1154 3553 familiaribus,
1185 3477 1389 3557 paucis
1406 3487 1542 3557 post
1564 3475 1777 3538 diebus
1799 3482 2065 3554 eXSpira-

426 3564 509 3630 vit
541 3586 555 3625 :
583 3583 716 3628 cum
752 3576 882 3646 post
916 3567 1144 3647 plagam
1188 3576 1247 3629 et
1303 3565 1539 3646 flagella
1572 3574 1798 3627 tantum
1830 3564 2068 3627 vixisset

423 3656 1025 3738 temporis,quautum
1057 3657 1199 3718 satis
1230 3666 1355 3718 erat
1384 3657 1455 3719 ad
1487 3654 1875 3737 aperiendum
1910 3674 2072 3718 arca-

424 3764 563 3807 num
589 3746 663 3807 iis
693 3746 793 3826 qui
825 3746 895 3808 ad
930 3747 1120 3827 ipsum
1146 3763 1371 3827 genere
1401 3744 1730 3807 attinebant
1766 3763 1779 3803 :
1812 3763 1887 3806 ne
1920 3744 2071 3807 late-

425 3847 514 3897 ret
543 3835 836 3898 Dominus
890 3836 1119 3916 judicia
1180 3835 1429 3910 faciens,
1482 3844 1540 3897 et
1593 3835 1791 3897 divina
1839 3835 2069 3915 justitia

426 3924 604 3986 etiam
639 3924 735 3985 hic
768 3925 954 3985 malos
984 3925 1238 4004 puniens
1276 3944 1288 3989 :
1323 3924 1590 3986 adhibita
1620 3925 1869 3986 audacia
1898 3926 2066 4005 epis-

425 4030 631 4089 c0pus,
674 4014 1062 4077 considerans
1089 4014 1274 4076 solam
1320 4014 1497 4077 fidem
1544 4015 1823 4076 sufficere
1852 4014 1924 4075 ad
1957 4033 2063 4075 au-

424 4101 657 4177 xilium,
694 4122 905 4183 magno
936 4103 1132 4166 studio
1165 4114 1223 4166 et
1277 4105 1507 4165 honore
1538 4104 1906 4165 transfeiens
1935 4104 2064 4165 for-

423 4190 791 4254 tissimorum
844 4204 1170 4275 martyrum
1229 4193 1447 4257 Christi
1498 4212 1773 4274 corpora,
1824 4202 2067 4272 propter

427 4282 644 4343 muenia
676 4283 930 4346 arcis'ea
958 4285 1253 4363 deposuit,
1296 4284 1569 4346 custodes
1591 4283 1834 4363 quidem
1869 4283 2063 4344 civita-

426 4370 519 4442 tis,
550 4373 948 4452 navigantium
977 4384 1172 4436 autem
1200 4382 1646 4434 conservatores
1676 4393 1688 4434 :
1724 4390 1934 4433 eorum
1961 4373 2064 4453 qui

2187 3138 2347 3183 ησαν.

2229 3141 2347 3175 σαν.

2152 3141 2374 3265 γηΜΑ’.
2435 3202 2586 3262 Ἐπεί
2639 3202 2693 3261 δέ
2765 3205 3047 3277 ἀναζεύξας
3132 3208 3160 3264 ό
3220 3206 3525 3282 Μαξιμϊνος
3583 3204 3773 3280 αὐτίκα,

2148 3297 2237 3351 καί
2290 3293 2603 3371 παραπόδας
2685 3293 2873 3373 πληγῇ
2940 3295 3186 3371 θεηλάτῳ
3253 3296 3497 3375 πληγέξς,
3559 3293 3674 3356 τούς
3726 3311 3777 3347 τε

2150 3383 2451 3462 ὀφθαλμοὺς
2484 3382 2733 3458 ἐξεκὸπη,
2797 3386 2887 3442 καί
2941 3385 3055 3462 ἅμα
3103 3388 3423 3467 μαστιχθείς
3481 3382 3567 3441 ὑπ’
3622 3378 3777 3459 ἀγγέ-

2149 3473 2279 3550 λων,
2313 3477 2386 3531 ὡς
2436 3474 2593 3539 αὐτὸς
2651 3477 2783 3552 πρὸς
2841 3475 2963 3539 τοὺς
3022 3476 3264 3545 συνήθεις
3297 3474 3500 3554 ἐξεῖπε,
3532 3473 3645 3548 μετ’
3674 3468 3777 3526 όλί-

2148 3586 2243 3642 γας
2300 3561 2535 3639 ἐξέψυξε.
2621 3566 2882 3621 Τοσοῦτον
2945 3562 3178 3627 ὶπιϐιους
3286 3565 3421 3641 μετὰ
3477 3565 3572 3631 τὴν
3639 3558 3776 3624 πλη-

2153 3656 2251 3732 γήν
2316 3654 2405 3710 καὶ
2460 3653 2554 3718 τὰς
2613 3654 2904 3731 μάστιγας,
2956 3653 3083 3710 ὃσον
3159 3652 3458 3730 ἐκκαλύψαι
3507 3655 3592 3709 καὶ
3639 3655 3776 3705 τοῦτο

2151 3757 2268 3809 τοῖς
2329 3744 2651 3815 προσήκουσι
2682 3744 2745 3799 τὸ
2778 3743 3103 3823 ἆπόρῥητον,
3150 3742 3243 3800 ἵνα
3290 3745 3368 3819 μή
3413 3742 3546 3818 λάθῃ
3608 3739 3777 3817 Κύριος

2151 3835 2378 3913 κρίματα
2422 3839 2612 3906 ποιῶν,
2670 3835 2758 3891 καὶ
2799 3834 2834 3899 ἡ
2887 3833 2997 3889 θεία
3053 3830 3172 3900 δίκη
3232 3833 3456 3890 ἐνταῦθα
3518 3836 3636 3895 τοὺς
3682 3850 3779 3884 πο-

2150 3924 2338 4001 νηροὺς
2387 3920 2705 3993 κολάζουσα,
2785 3920 2986 3998 Θάρσος
3061 3919 3343 3980 ἀναλαϐὼν
3396 3923 3424 3978 ὁ
3486 3920 3777 3990 ἐπίσκοπος,

2147 4016 2236 4070 καί
2292 4014 2462 4089 μόνην
2534 4009 2775 4089 ἐξαρκεῖν
2861 4013 2957 4081 τὴν
3022 4010 3234 4069 πίστιν¹
3280 4011 3635 4089 λογισάμενος
3711 4005 3777 4069 εἷς

2147 4105 2416 4181 βοήθειαν,
2479 4102 2808 4179 μετενεγκὼν
2896 4100 3098 4180 σπουδῇ
3157 4102 3244 4157 καί
3304 4107 3440 4178 τιμῇ
3496 4096 3666 4173 πολλῇ
3719 4095 3778 4150 τὰ

2144 4200 2250 4250 τῶν
2282 4194 2542 4274 ἀριστέων
2579 4194 2665 4249 καὶ
2725 4192 3004 4270 μαρτύρων
3061 4199 3289 4271 Χριστοῦ
3346 4192 3599 4268 σώματα,
3649 4182 3781 4262 παρὰ

2145 4285 2221 4357 τῷ
2278 4283 2448 4364 τείχει
2500 4286 2598 4343 τῆς
2655 4279 2996 4345 ἀκροπόλεως
3075 4284 3234 4340 αὐτοῦ
3293 4280 3625 4359 ἐγκατέθετο,
3682 4273 3773 4352 φύ-

2145 4372 2310 4438 λακας
2341 4373 2438 4447 μὲν
2495 4370 2592 4439 τῆς
2652 4369 2885 4443 πόλεως,
2937 4370 3181 4448 σωτῆρας
3212 4368 3267 4425 δέ
3325 4372 3432 4425 τῶν
3495 4365 3774 4442 πλεόντων,

424 4467 561 4521 sunt
592 4463 650 4521 in
694 4463 919 4523 morbis
949 4473 1009 4524 et
1038 4462 1494 4533 calamitatibus,
1528 4462 1927 4523 certissimum
1959 4481 2059 4523 so-

2155 4470 2250 4520 ιῶν
2308 4462 2362 4518 ἐν
2420 4472 2720 4539 συμφοραῖς
2770 4460 2858 4515 καί
2922 4460 3095 4526 νὸσοις
3154 4457 3377 4536 ἀψευδές
3439 4456 3779 4534 παραμύθιον,

423 4549 655 4624 latium,
687 4554 762 4613 ad
793 4552 1038 4631 gloriam
1063 4552 1261 4632 magni
1292 4551 1398 4614 Dei
1429 4561 1487 4613 et
1516 4553 1846 4615 Servatoris
1877 4552 2063 4614 nostri

2155 4555 2220 4617 εἷς
2275 4551 2425 4617 δόξαν
2485 4553 2575 4606 τοῦ
2631 4547 2866 4626 μεγάλου
2942 4555 3074 4605 Θεοῦ
3148 4548 3244 4605 καὶ
3305 4547 3555 4623 Σωτῆρος
3631 4544 3776 4618 ἡμῶν

420 4643 563 4706 Jesu
595 4641 839 4716 Christi,
875 4660 1032 4704 nunc
1063 4649 1122 4704 et
1154 4660 1393 4723 semper
1424 4649 1481 4704 et
1513 4641 1575 4704 in
1625 4643 1842 4705 saecula
1865 4661 2060 4706 saecu-

2155 4643 2323 4710 Ἰησοῦ
2354 4639 2580 4719 Χριστοῦ
2636 4645 2723 4695 νῦν
2753 4641 2840 4695 καὶ
2872 4637 2951 4694 ἀεὶ
2983 4640 3068 4695 καὶ
3127 4640 3200 4702 εἰς
3260 4638 3385 4703 τούς
3440 4639 3629 4698 αἷῶνας
3678 4634 3777 4687 τῶν

425 4734 642 4796 lorum.
676 4732 892 4796 Amen.

2155 4733 2373 4793 αἰώνων,
2408 4727 2608 4806 Ἀμὴν.
