4028 6138
225 284 311 358 m

1639 284 1826 353 VITA
1873 286 1932 351 S.
1982 286 2460 354 SPYRIDONIS.

3492 290 3608 358 418

1017 598 1422 727 ΒΙΟΣ
1527 588 1832 726 ΚΑΙ
1940 594 2816 726 ΠΟΛΙΤΕΙΑ

1446 840 1573 892 τΟΥ
1619 838 1818 890 ΟΣΙΟΥ
1862 837 2125 891 ΠΑΤΡΟΣ
2172 839 2387 893 ΗΜΩΝ.

1306 1015 2560 1184 ΣΠΥΡΙΔΩΝΟΣ

803 1322 1692 1412 ΕΠΙΣΚΟΠΟΥ
1820 1325 3025 1420 ΤΡΙΜΙΘΟΥΝΤΟΣ.

1101 1663 1427 1776 VITA
1518 1662 1692 1774 ET
1779 1572 2759 1772 CONVERSATIO

775 1915 953 2088 S.
1065 1917 1251 2086 P.
1376 1918 1587 2088 N.
1738 1912 3157 2114 SPYRIDONIS,

1470 2183 1801 2251 EPlSCOPI
1842 2181 2397 2248 TRIMITHUNTIS.

855 2348 1056 2433 (Latine
1082 2348 1214 2421 apud
1241 2349 1452 2409 Surinm
1481 2352 1540 2407 ad
1580 2350 1715 2406 diem
1752 2347 1820 2403 12
1848 2344 1972 2403 Dec.
2006 2365 2021 2414 ;
2055 2345 2241 2403 Graece
2267 2361 2330 2401 ex
2366 2344 2475 2402 cod.
2508 2361 2607 2401 ms.
2642 2347 2860 2405 Coislin.
2896 2349 3017 2421 M7)

325 2665 403 2725 A’.
462 2663 740 2741 Μέγιστον
802 2664 876 2726 εἷς
927 2663 1109 2743 ψυχῆς
1157 2663 1418 2744 ὠφέλειαν
1475 2666 1585 2743 βίος
1638 2663 1930 2742 γενναῖαι)νέ

2057 2662 2103 2723 Ι.
2137 2659 2226 2722 Ad
2259 2660 2564 2723 utilitatem
2623 2662 2837 2725 animae
2887 2681 2986 2724 res
3033 2671 3123 2725 est
3169 2669 3442 2742 maxima,
3500 2664 3621 2727 vita

261 2755 332 2810 καὶ
397 2751 664 2833 φιλοθέων
729 2750 935 2831 ἀνδρῶν
993 2753 1089 2809 καὶ
1146 2753 1311 2810 πολὺν
1362 2756 1453 2812 τὸν
1512 2754 1740 2812 πλοῦτον
1804 2753 1903 2818 τῆς

261 2843 438 2921 ἀρετῆς
494 2843 759 2917 ἐμποιεῖν
805 2841 1114 2918 δυνάμενος.
1177 2845 1249 2901 Οὔ
1307 2845 1467 2919 μόνον
1524 2844 1624 2921 γὰρ
1654 2842 1746 2898 τοῦ
1774 2841 1901 2921 χεί-

265 2954 397 3009 ρονος
446 2937 722 3000 ὶκκοπὴν,
786 2929 923 2987 ἀλλὰ
980 2933 1066 2988 καὶ
1124 2931 1333 3000 πολλὴν
1392 2935 1522 3011 πρὸς
1581 2933 1643 2988 τὸ
1697 2929 1901 3007 βέλτιον

269 3019 556 3095 μεταϐολὴν
615 3020 998 3098 ἀπεργάζεται.
1063 3020 1189 3078 Εἴτε
1264 3022 1364 3100 γάρ
1422 3044 1506 3086 τις
1563 3020 1657 3087 εἴη
1714 3020 1900 3076 πάθεσι

264 3109 817 3189 προκατειλημμένος,
877 3109 1131 3167 τοιούτων
1187 3111 1471 3168 ἀπολαύων
1526 3108 1899 3188 διηγημάτων,

255 3205 345 3266 τῆς
403 3200 539 3277 πρός
586 3207 757 3256 ταῦτα
808 3198 977 3279 ὁρμῆς
1035 3199 1340 3279 ἀφίσταται,
1402 3201 1488 3256 καὶ
1542 3198 1901 3277 μισοπόνηρος

253 3291 448 3366 γίνεται
478 3305 493 3319 ⁶
561 3287 678 3343 εἴτε
726 3288 832 3361 μὴν
902 3290 988 3345 καὶ
1045 3288 1237 3367 ἀρετῆς
1312 3288 1644 3359 ἐπιμέλεται,
1704 3288 1900 3365 θερμό-

249 3398 397 3456 τερον
446 3379 555 3435 ὑπὸ
618 3382 718 3443 τῆς
763 3378 991 3455 ἱστορίας
1053 3379 1167 3457 περὶ
1228 3379 1385 3446 αὖτὴν
1439 3377 1763 3435 διανίσταται
1812 3377 1899 3434 καὶ

251 3473 315 3538 τῇ
368 3474 464 3525 τοῦ
524 3467 713 3540 ὁμοίου
770 3467 917 3546 φιλίᾳ
954 3465 1298 3544 παροξύνεται
1360 3471 1488 3538 πρὸς
1519 3468 1617 3535 τὴν
1647 3469 1894 3542 μίμησιν,

252 3556 493 3632 Μίμησις
551 3555 608 3611 δέ
662 3557 750 3613 καὶ
809 3556 968 3627 ζῆλος
1026 3556 1276 3636 μεγάλων
1322 3556 1491 3628 δήπου
1549 3559 1635 3614 καὶ
1688 3561 1896 3631 θαυμα-

256 3646 376 3703 σίων
435 3644 641 3720 ἀνδρῶν
695 3646 821 3703 ὅσον
878 3644 1110 3723 δύναται,
1189 3650 1277 3704 καὶ
1334 3646 1487 3705 ἄλλοι
1546 3646 1644 3722 μὲν
1704 3644 1900 3712 ἔδειξαν

254 3742 357 3790 τῶν
410 3734 729 3814 φθασάντων
781 3722 842 3792 τὸ
897 3737 1015 3815 περὶ
1069 3736 1171 3804 τὴν
1231 3737 1427 3814 ἀρετὴν
1488 3734 1777 3815 φιλόκαλον
1808 3758 1902 3810 μι-

258 3824 587 3901 μησάμενοι,
672 3823 907 3899 μάλιστα
981 3824 1038 3881 δέ
1109 3826 1322 3885 πάντων
1381 3826 1409 3882 ὀ
1465 3828 1755 3901 Θαυμάσιος
1812 3829 1904 3881 τὸν

258 3913 367 3989 βίον
452 3911 750 3994 Σπυρίδων,
834 3912 1029 3972 Ἰακώϐ
1095 3936 1153 3970 τε
1238 3915 1372 3991 ὁμοῦ
1447 3917 1534 3972 καὶ
1609 3916 1698 3972 τὸν
1758 3916 1902 3971 θετον

1984 2760 2413 2828 generesorum
2466 2761 2525 2815 et
2549 2751 2779 2832 piorum
2810 2751 3095 2828 virorum,
3146 2760 3205 2814 et
3252 2771 3383 2834 quae
3424 2762 3624 2833 potest

1986 2856 2194 2918 parare
2218 2857 2459 2918 magnas
2488 2860 2633 2921 opes
2658 2842 2910 2903 virtutis.
2944 2840 3074 2903 Non
3105 2841 3296 2904 solum
3330 2844 3487 2905 enim
3518 2860 3624 2904 re-

1985 2937 2146 2988 secat
2178 2928 2432 3009 id,quod
2464 2939 2556 2991 est
2577 2930 2975 3005 deterius,sed
2997 2931 3172 2993 etiam
3202 2950 3475 3011 magnam
3499 2932 3625 2994 efﬁ-

1986 3015 2065 3078 cit
2096 3018 2478 3080 mutationem
2510 3020 2583 3080 ad
2610 3020 2669 3081 id
2701 3019 2857 3101 quod
2900 3027 2991 3082 est
3025 3020 3263 3083 melius.
3297 3021 3428 3084 Sive
3460 3021 3621 3083 enim

1984 3104 2158 3167 fuerit
2185 3106 2397 3188 aliquis
2449 3111 2602 3170 vitiis
2655 3119 3119 3192 praeoccupatus,
3156 3109 3373 3173 talibus
3416 3111 3618 3172 fruens

1986 3198 2701 3279 narrationibus,facilius
2732 3200 2804 3261 ab
2825 3200 2909 3261 eis
2939 3219 3004 3262 se
3033 3201 3299 3262 coaitinet
3329 3221 3343 3263 :
3390 3201 3515 3263 sive
3544 3203 3619 3262 sit

1984 3285 2198 3365 aliquis
2226 3288 2459 3349 virtutis
2482 3290 2807 3370 studiosus,
2830 3289 3029 3353 audita
3056 3291 3326 3363 historia,
3363 3291 3625 3370 exsurgit

1983 3376 2255 3450 alacrior,
2288 3390 2346 3439 et
2375 3398 2578 3441 amore
2610 3380 2764 3459 ejus,
2796 3380 2954 3462 quod
2984 3392 3074 3441 est
3103 3380 3319 3452 simile,
3345 3379 3625 3441 incitatur

1983 3465 2054 3526 ad
2106 3467 2519 3532 imitationem.
2553 3469 2802 3532 lmitatio
2835 3483 3036 3531 autem
3081 3479 3140 3531 et
3169 3467 3462 3531 aemulatio
3496 3488 3623 3530 ma-

1982 3572 2233 3631 gnorum
2254 3566 2309 3617 et
2331 3557 2768 3620 admirabilium
2791 3559 3051 3620 virorum
3094 3568 3381 3638 quantum
3414 3560 3619 3636 possit,

1985 3644 2409 3724 etaliiquidem
2425 3647 3059 3721 nstenderunt,eorum
3079 3646 3624 3727 quiprzecesserunt

1985 3733 2333 3814 praeclarum
2365 3735 2594 3795 virtutis
2616 3737 2875 3798 studium
2910 3735 3119 3795 imitati
3148 3754 3163 3798 :
3202 3734 3455 3797 maxime
3483 3753 3623 3797 vero

1986 3822 2274 3891 omnium,
2313 3824 2428 3884 vita
2481 3824 2855 3886 admirabilis
2912 3824 3270 3905 Spiridonis,
3308 3824 3409 3904 qui
3441 3823 3620 3887 Jacob

1986 3910 2162 3974 simul
2194 3922 2252 3973 et
2298 3912 2562 3974 divinum
2621 3912 2806 3976 David
2859 3932 3093 3975 summe
3142 3923 3231 3975 est
3260 3913 3615 3977 aemulatus:

266 4002 430 4061 Δαυῖδ
487 3989 767 4083 εἱς-ἄκρον
822 4002 1093 4075 ζηλώσας,
1154 4006 1243 4063 καὶ
1272 3989 1440 4063 ἠπολὺ
1495 4005 1616 4062 κατ’
1675 3990 1930 4069 ἐκείνουςἒ

1989 4011 2046 4062 et
2074 4003 2228 4062 sicut
2258 4001 2364 4083 illi,
2396 4001 2701 4082 amplexus
2733 4012 2823 4065 est
2851 4003 3154 4066 lenitatem
3184 4022 3253 4065 ac
3285 4010 3627 4066 mansuetu-

258 4096 318 4150 τὺ
387 4101 557 4174 πρᾶον
616 4097 702 4152 καὶ
760 4093 1032 4156 ἄπλαστον
1094 4096 1493 4171 ἀσπασάμειος,
1564 4098 1636 4161 ὡς
1690 4094 1744 4152 δέ
1806 4098 1904 4153 καὶ

258 4185 391 4259 πρὸς
455 4181 702 4263 Ἀϐραὰμ
758 4184 850 4240 τόν
906 4183 1176 4264 φιλοξενον
1246 4186 1475 4261 ἐμμελές
1534 4186 1757 4266 βλέψας,
1819 4186 1907 4243 καὶ

262 4275 411 4329 κοινὰ
452 4274 521 4329 τὰ.
562 4273 690 4330 ὄντα
741 4287 867 4339 τοῖς
911 4277 1170 4354 χρῄζουσι
1228 4276 1620 4352 ποιησάμενος,
1680 4279 1906 4335 κάντεῦ-

259 4365 346 4417 θεδ
388 4366 449 4421 οὒ
492 4364 594 4429 τὴι
648 4365 755 4443 γῆν
798 4363 883 4420 διὰ
925 4367 985 4421 τὸ
1027 4372 1194 4444 πρᾶον
1236 4367 1309 4431 ὡς
1354 4367 1389 4434 ἡ
1433 4367 1747 4447 ὑπόσχεσις,
1782 4364 1899 4422 ἀλλ’

266 4452 443 4515 αὖτοὺς
500 4451 910 4531 κληρονομήσας
957 4459 1077 4517 τοὺς
1132 4456 1402 4531 οόρανούς.
1468 4457 1565 4514 Καὶ
1614 4453 1699 4512 διὰ
1736 4454 1901 4511 πλοῦ-

265 4560 376 4613 τον,
427 4541 485 4598 ὃν
541 4542 800 4621 περιεῖδε,
848 4544 1071 4621 Χριστὸν
1127 4544 1270 4609 ’ὅλως
1327 4549 1418 4603 τόν
1473 4549 1621 4603 θετον
1676 4543 1904 4601 πλοῦτον

274 4626 747 4711 ἔμπορευσάμενος,
805 4635 1089 4709 θαυμάτων
1140 4656 1199 4691 τε
1247 4636 1521 4711 ποταμοὺς
1572 4634 1900 4715 πλουτήσας,

271 4717 350 4774 ἆεὶ
398 4744 523 4779 ποτε
583 4722 682 4799 μέν
737 4721 1147 4804 ἂντλουμένους,
1208 4722 1477 4801 μηδέποτε
1528 4723 1582 4781 δέ
1640 4724 1902 4802 μηδαμῶς

268 4804 545 4889 λήγοντας.

345 4989 425 5052 Β’.
472 4998 668 5049 Τοῦτον
723 4989 917 5070 ἤνεγκε
962 4991 1058 5066 μέν
1117 4994 1321 5072 Κύπρος
1373 4993 1410 5061 ἡ
1454 4993 1618 5062 »ἧσος
1650 5011 1665 5030 ο
1727 4992 1793 5060 ἦν
1853 4990 1907 5048 δέ

267 5080 323 5136 οὗ
349 5079 619 5153 στωμύλος
681 5101 788 5161 τις,
847 5077 963 5136 οὒδὲ
1019 5080 1235 5158 κομψὸς
1295 5084 1356 5139 τὸ
1387 5081 1536 5158 ἦθος,
1573 5080 1686 5139 οὐδέ
1718 5080 1906 5149 πλήθει

262 5169 346 5223 καὶ
400 5171 566 5248 ἀγορᾷ
620 5169 857 5249 χαίρων,
925 5168 1047 5227 ἀλλ’
1104 5171 1308 5239 απλοῧς
1364 5174 1452 5230 καὶ
1528 5172 1759 5251 ἡσύχιος
1819 5171 1907 5228 καὶ

261 5256 671 5337 ἀπραγμοσύνην
728 5258 887 5337 εἴπερ
947 5281 1029 5324 τις
1110 5259 1292 5340 ἓτερος
1364 5260 1758 5337 ἀσπαζόμενος.
1824 5258 1908 5317 Δι’

260 5346 311 5432 ἆ,
342 5347 437 5405 καῖ
490 5350 622 5429 πρὸς
681 5349 784 5417 τὴν
838 5357 933 5408 τοῦ
989 5350 1348 5432 πατριάρχου,
1409 5351 1645 5430 καθάπερ
1674 5349 1901 5431 ἔφημεν,

255 5431 444 5494 Ἰακὼϐ
495 5438 773 5496 πολιτείαν
804 5440 867 5493 τὸ
922 5437 1140 5496 σύνολον
1200 5431 1387 5499 ἑαυτόν
1440 5446 1644 5512 τυπῶν,
1705 5441 1907 5515 ποιμὴν

256 5528 337 5586 καὶ
366 5529 519 5595 αὖτὸς
560 5526 850 5606 προϐάτων
911 5525 1191 5604 ἐδείκνυτο,
1225 5529 1286 5586 οὗ
1331 5532 1438 5607 μὴν
1488 5527 1720 5608 ἀκριϐῶς
1777 5551 1906 5585 ποι-

252 5616 353 5693 μὴν
392 5617 502 5678 οὗδέ
560 5618 772 5702 ἀφελὴς
840 5615 1006 5683 οὕτως
1060 5618 1096 5688 ἢ
1150 5621 1237 5680 καὶ
1290 5620 1598 5703 ἀγροικικδς
1656 5620 1718 5678 τό
1779 5619 1907 5691 ἦθος

1989 4089 2212 4166 dinem,
2247 4101 2306 4155 et
2357 4110 2390 4154 a
2438 4094 2814 4156 simulatione
2862 4094 3117 4156 alienam
3148 4093 3622 4173 simplicitatem,

1990 4180 2266 4243 similiter
2295 4200 2433 4245 vero
2454 4183 2527 4243 ad
2548 4184 2867 4247 Abrahami
2883 4188 3115 4265 aspexit
3137 4183 3619 4265 hospitalitatem,

1992 4281 2049 4333 et
2078 4290 2213 4333 suas
2240 4273 2545 4335 facultates
2588 4275 2785 4336 effecit
2815 4293 3161 4336 communes
3195 4273 3622 4351 indigentibus.

1989 4360 2261 4442 Hincque
2285 4363 2497 4424 factum
2531 4374 2712 4439 est,ut
2736 4385 2853 4426 non
2888 4362 3337 4444 terrai,propter'
3353 4380 3629 4424 mansue-

1988 4451 2280 4533 tudinem,
2314 4461 2369 4515 ut
2394 4452 2569 4515 habet
2601 4454 2939 4535 promissio,
2985 4454 3089 4515 sed
3142 4453 3404 4534 ipsorum
3438 4451 3629 4515 cmloa

1983 4557 2115 4601 rum
2137 4550 2564 4618 assequeretur
2590 4545 3023 4619 hazreditatem,
3053 4552 3111 4606 et
3134 4552 3375 4624 propter
3396 4543 3628 4606 divitias

1987 4648 2131 4710 quas
2152 4630 2765 4712 despexit,Christum
2789 4635 2987 4714 plane,
3022 4633 3249 4695 divinas
3269 4634 3633 4714 comparavit.

1987 4718 2218 4780 divitias
2248 4740 2261 4782 :
2292 4721 2710 4783 miraculorum
2755 4733 2949 4784 autem
2997 4722 3272 4784 dilatatns
3293 4729 3385 4785 est
3409 4722 3625 4802 ﬂuviis,

1988 4809 2092 4889 qui
2142 4827 2380 4891 semper
2432 4810 2675 4892 quidem
2724 4813 3101 4892 hauriuntur,
3158 4829 3464 4893 nunquam
3493 4828 3628 4873 vero

1987 4897 2293 4961 desinunt.

2072 4988 2144 5050 ll.
2178 4987 2326 5050 Eum
2355 4988 2485 5050 tulit
2505 4988 2742 5070 quidem
2765 4989 2961 5051 insula
2997 4990 3221 5069 Cyprus
3249 5012 3262 5053 :
3288 4996 3626 5053 eratantem

1989 5095 2109 5137 non
2136 5078 2407 5155 garrulus
2421 5077 2858 5159 aliquis,neque
2883 5078 3152 5140 urbanus
3168 5089 3226 5141 et
3251 5080 3490 5159 elegans
3512 5099 3629 5142 mo-

1988 5166 2380 5246 ribus,neque
2405 5169 2509 5244 qui
2537 5167 2918 5230 multitudine
2948 5177 3005 5229 et
3036 5169 3164 5231 foro
3195 5169 3629 5253 delectabatur,

1989 5256 2095 5316 sed
2121 5255 2372 5336 simplex
2391 5266 2449 5317 et
2472 5257 2800 5339 quietus,et
2820 5275 2856 5319 a
2872 5256 3124 5337 negotiis
3141 5259 3423 5340 curisque
3440 5278 3631 5323 remo-

1993 5345 2212 5407 tionem
2230 5346 2512 5412 colens.si
2529 5348 2683 5409 ullus
2704 5347 3179 5422 alius.Quocirca
3196 5350 3267 5411 ad
3287 5350 3633 5430 patriarchae

1989 5434 2171 5498 Jacob
2202 5437 2379 5499 vitam
2413 5457 2478 5499 se
2509 5438 2753 5501 omnino
2803 5438 3112 5517 effingens,
3148 5438 3307 5501 sicut
3346 5439 3630 5522 diximus,

1993 5527 2106 5589 iuit
2155 5527 2285 5608 ipse
2324 5546 2556 5609 quoque
2606 5538 2804 5609 pastor
2841 5530 3079 5590 ovium:
3115 5548 3236 5590 non
3267 5539 3467 5593 tamen
3498 5549 3633 5593 om-

1994 5615 2136 5680 nino
2165 5626 2386 5699 pastor,
2417 5625 2520 5683 aut
2574 5617 2758 5682 nimia
2813 5617 3217 5702 simplicitate,
3250 5627 3348 5685 aut
3376 5619 3518 5686 feris
3576 5628 3634 5689 et
