4006 6146
371 272 490 343 419

1682 269 1847 333 ΜΕΝ
1852 265 1965 329 SIS
2003 261 2432 334 DECEMBER.

3626 264 3742 335 420

378 409 708 495 agrestibus
740 400 1028 485 moribus,
1060 404 1166 470 sed
1216 403 1543 495 commodis
1585 407 1649 495 et
1669 397 1837 463 valde
1866 397 2017 464 faci-

2123 406 2195 495 Lati
2242 405 2584 484 ἀνομίλητος,
2646 404 2767 463 ἀλλ’
2826 404 2968 473 ἠθῶν
3020 405 3251 483 μάλιστα
3306 412 3563 487 χρηστῶν
3619 406 3743 464 ἐπι-

381 490 557 577 libus,
596 510 655 565 et
677 500 775 584 qui
798 519 831 562 a
861 497 1024 578 vulgi
1046 494 1285 577 quidem
1310 512 1374 556 se
1398 490 1734 584 abducebat
1747 508 2025 584 congres-

381 594 553 654 sione
587 612 601 655 :
636 579 997 672 pauperibus
1022 594 1217 647 autem
1243 593 1302 645 et
1328 581 1662 663 hospitibus
1686 588 1822 672 ta_m_
1835 579 2027 672 facilis

380 682 452 744 ad
483 700 618 743 eum
638 667 881 762 patebat
911 677 1130 752 aditus,
1158 684 1218 735 et
1246 691 1313 736 se
1335 673 1423 736 eis
1454 680 1569 733 tam
1606 667 1906 762 praebebat
1934 670 2027 731 af-

381 759 743 845 fabilem,'ut
773 774 931 830 esset
959 763 1238 827 omnibus
1267 762 1327 823 in
1361 778 1637 823 sermone
1674 759 2020 841 jucundior,

382 871 443 923 et
472 859 544 922 ad
569 857 875 921 facultates
906 872 1044 918 suas
1065 849 1594 915 communicandas
1616 849 1790 928 longe
1814 849 2026 911 libera-

382 951 668 1013 lissimus.
693 945 1058 1009 Praeteriisse
1079 951 1243 1005 certe
1264 942 1524 1022 aliquem
1549 958 1618 1001 ex
1643 938 1717 1000 iis
1733 939 1834 1020 qui
1858 957 2027 1001 acce-

383 1040 623 1109 debent,
658 1035 763 1118 qui
792 1054 908 1096 non
939 1033 1149 1095 luisset
1176 1033 1252 1094 ab
1307 1050 1378 1094 eo
1425 1029 1683 1110 hospitio
1714 1037 2020 1118 acceptus,

385 1138 511 1191 erat
533 1128 586 1190 ei
613 1117 788 1206 longe
806 1123 1320 1197 molestissimum,
1358 1118 1605 1202 perinde
1635 1136 1703 1179 ac
1734 1117 1785 1178 si
1814 1136 1880 1179 re
1908 1117 2022 1180 ali-

382 1236 496 1301 qua
543 1220 801 1279 maxima
848 1223 907 1275 et
966 1210 1476 1301 quaestuosissima
1501 1217 1663 1301 esset
1692 1207 2019 1301 fraudatus,

382 1297 456 1372 Et
483 1316 610 1370 erat
638 1304 879 1387 quidem
898 1301 1123 1382 alioqui
1144 1302 1197 1362 ei
1235 1298 1386 1361 liber
1416 1299 1676 1371 animus,
1708 1306 1767 1387 et
1796 1297 2025 1387 alienus

389 1398 462 1462 ab
489 1383 975 1459 omni—illiberali
1014 1390 1412 1454 assentatione
1444 1397 1503 1450 et
1537 1386 1870 1449 humilitate
1903 1407 1917 1450 :
1952 1383 2027 1448 ad

391 1505 597 1552 eorum
647 1495 871 1560 autem,
905 1483 1007 1560 qui
1061 1482 1175 1542 iter
1220 1476 1737 1557 ingrediebantur,
1796 1476 2031 1538 labores

386 1575 770 1643 recreandos,
809 1572 956 1636 etad
992 1571 1174 1653 pedes
1200 1570 1303 1651 qui
1336 1576 1506 1630 erant
1534 1565 2027 1646 fatigati,abluen-

385 1672 515 1741 dos,
543 1676 602 1729 et
630 1666 704 1729 ad
736 1682 1002 1727 mensam
1036 1660 1476 1742 apponendam,
1504 1666 1562 1719 et
1589 1657 1707 1718 alia
1735 1654 2030 1717 adminis-

386 1757 596 1820 tranda
644 1755 782 1836 jure
838 1750 1121 1815 amicitiae
1151 1760 1210 1811 et
1241 1746 1689 1820 moderationis,
1725 1756 1851 1807 erat
1881 1745 2030 1807 adeo

389 1850 596 1914 dexter
626 1856 685 1909 et
714 1844 1040 1916 officiosus,
1076 1848 1140 1902 ut
1168 1841 1296 1922 ipse
1330 1838 1492 1901 solus
1523 1838 1633 1902 huc
1664 1840 1846 1915 magis
1874 1854 2030 1917 prae-

390 1945 594 2018 staret,
643 1953 823 2015 quam
873 1931 1105 2010 famuli,
1149 1930 1249 2012 qui
1295 1938 1434 2018 suu_t
1467 1932 1525 1987 in
1576 1944 1718 2018 suos
1756 1925 2034 1987 dominos

390 2015 645 2090 maxima
668 2024 896 2106 praediti
927 2022 1359 2083 benevolentia.
1393 2015 1533 2106 Erat
1580 2017 1740 2106 enim
1794 2018 1846 2077 ei
1883 2033 2031 2077 con-

387 2105 713 2197 temperata
739 2132 871 2175 cum
895 2111 1179 2191 gravitate
1211 2108 1453 2186 quidem
1485 2105 1857 2197 simplicitas,
1895 2123 2031 2166 cum

385 2195 570 2270 animi
612 2222 751 2268 vero
811 2200 1219 2280 magnitudine
1277 2197 1535 2259 lenitas:
1592 2213 1728 2256 cum
1794 2195 2030 2256 intensa

381 2304 574 2358 autem
608 2306 670 2357 et
705 2291 939 2355 ardenti
972 2291 1281 2358 charitate,
1321 2294 1483 2365 grata
1518 2282 1770 2345 ﬂorebat
1795 2292 2027 2364 tempe-

382 2385 595 2460 rantia,
631 2401 805 2464 quam
841 2399 962 2443 non
999 2378 1195 2440 minus
1231 2375 1459 2446 dilexit,
1495 2381 1554 2435 et
1600 2373 1890 2464 ardenter
1940 2380 2030 2464 est

383 2461 719 2556 amplexus,
745 2488 921 2553 quam
946 2469 1179 2549 reliqua
1209 2466 1408 2527 omnia
1442 2481 1456 2526 :
1491 2462 1678 2556 utqui
1709 2481 1842 2524 cum
1878 2461 2030 2541 legi-

382 2552 533 2627 tima
554 2552 796 2645 quidem
830 2568 888 2623 et
920 2559 1134 2640 pudica
1159 2572 1344 2645 uxore
1375 2552 1626 2645 no_n_diu
1655 2561 1940 2645 versatus,
1977 2560 2035 2612 et

386 2640 710 2717 liberorum
748 2658 916 2732 pater
944 2665 1021 2710 ex
1051 2665 1121 2708 ea
1143 2642 1712 2721 effectus,deinceps
1732 2640 2036 2721 voluptate

388 2753 446 2807 et
478 2741 644 2806 omni
690 2740 808 2802 alia
866 2736 1168 2799 mundana
1211 2732 1536 2813 cupiditate
1570 2733 1899 2810 permansit
1929 2749 2034 2792 su-

390 2831 613 2913 perior.
649 2829 802 2893 Hinc
837 2826 952 2888 mel
985 2817 1225 2886 virtutis
1255 2820 1591 2913 conficiens
1611 2819 1950 2913 diligentius
1983 2824 2041 2882 et

388 2908 453 2983 in
488 2921 621 3000 lege
649 2916 885 2981 Domini
915 2913 1181 2977 studiose
1227 2909 1544 3000 meditans,
1577 2908 2041 3000 benignissimus

390 2998 576 3073 evasit
604 3013 664 3070 et
687 3004 1214 3069 clementissimus.
1250 2999 1322 3062 Et
1348 3010 1414 3061 ut
1440 2998 1627 3061 semel
1660 2999 1878 3075 dicam,
1915 3007 2043 3062 erat

389 3097 675 3181 Spiridon
698 3095 963 3159 divinum
984 3095 1262 3155 virtutum
1290 3088 1591 3181 exemplar
1622 3090 2031 3181 archetypum;

2123 3093 2419 3174 ἀρχέτυπον
2488 3097 2575 3152 καὶ
2637 3096 2788 3162 πίναξ
2844 3096 3042 3173 ἀρετῶν
3109 3097 3173 3166 ἦν
3213 3115 3226 3132 ·

390 3178 622 3251 habens
650 3186 892 3269 quidem
919 3201 1131 3249 omnes
1162 3181 1224 3245 in
1255 3199 1319 3242 se
1344 3178 1617 3261 scriptas,
1651 3179 1759 3269 sed
1789 3180 1864 3241 ad
1887 3197 2036 3260 qua-

390 3295 522 3341 rum
553 3275 946 3339 imitationem
981 3272 1155 3356 pauci
1186 3276 1461 3353 poterant
1491 3268 1809 3333 accedere.

470 3365 575 3433 lll.
609 3366 757 3431 Cum
789 3366 873 3428 sic
905 3364 1008 3427 ille
1062 3358 1480 3442 resplenderet
1506 3357 1858 3436 benefactis,
1906 3376 2036 3422 ma-

391 3473 687 3539 gnamque
700 3454 876 3518 vitam
896 3452 1262 3533 etinsignem
1282 3447 1791 3529 attulisset,muita
1802 3466 2039 3530 quoque

393 3550 548 3612 dona
576 3548 805 3628 majora
834 3545 1241 3625 consequitur,
1284 3548 1402 3602 tam
1426 3558 1559 3622 qua;
1579 3549 1721 3603 sunt
1749 3540 1908 3612 hinc,
1939 3540 2037 3601 in-

393 3656 595 3722 quam,
629 3655 804 3720 quam
828 3654 960 3718 qua;
1005 3635 1343 3701 futurorum
1366 3628 1713 3722 describunt
1744 3629 2042 3722 magnitu-

398 3719 624 3791 dinem.
655 3719 799 3789 Haec
829 3736 1029 3789 autem
1054 3737 1226 3790 erant
1253 3751 1266 3788 :
1294 3722 1505 3791 Morbo
1528 3720 1796 3783 confecta
1818 3719 2041 3781 conﬁr-

398 3817 596 3882 mabat
628 3834 900 3897 corpora,
935 3817 1343 3882 membrorum
1369 3812 1771 3877 mutilationes
1796 3809 2044 3874 sanabat

395 3908 781 3984 incurabiles,
846 3907 1139 3986 malignos
1198 3905 1548 3986 increpabat
1576 3901 1841 3982 spiritus,
1897 3920 2045 3982 quos

399 4018 531 4061 cum
566 3997 821 4079 primum
882 3999 1271 4080 increpasset,
1310 3996 1471 4058 nulla
1520 4009 1688 4055 mora
1735 3991 2050 4080 interjecta

402 4086 724 4168 fugiebant,
762 4095 823 4148 et
879 4087 1074 4147 statim
1110 4079 1472 4150 recedebant
1507 4104 1521 4143 :
1556 4081 1670 4143 alia
1701 4099 1938 4162 quoque
1972 4079 2049 4142 ab

405 4194 475 4239 eo
507 4175 732 4239 ﬁebant
754 4175 846 4236 liis
874 4176 1121 4255 majora,
1175 4177 1387 4238 virtute
1421 4172 1620 4234 divina
1648 4170 1701 4232 ei
1731 4189 1905 4251 opem
1956 4170 2049 4233 fe-

2107 493 2373 571 μεληττὶς,
2429 498 2518 554 καὶ
2589 501 2687 564 τῆς
2736 496 2832 572 μὲν
2889 503 2996 553 τῶν
3047 495 3261 553 πολλῶν
3307 495 3517 570 ὁμιλίας
3560 496 3744 553 ἔαυτὸν

2107 584 2352 664 ἀπάγων,
2399 588 2591 654 πένησι
2653 584 2709 642 δὲ
2751 582 2966 666 ἀνδράσι
3009 588 3097 642 καὶ
3164 584 3328 652 ξένοις
3384 586 3522 643 οὕτω
3565 609 3615 642 τι
3660 587 3750 644 εύ-

2108 676 2358 751 πρόσιτος
2400 677 2487 734 καὶ
2529 677 2865 751 κοινωνικὸς,
2931 678 3004 740 ὡς
3068 676 3164 732 καί
3222 674 3479 751 ὁμιλῆσαι
3539 676 3749 733 πάντων

2108 763 2395 843 ἀνθρώπων
2458 760 2754 822 δείκνυσθαι
2831 765 3207 846 χαριέστατος,
3284 766 3371 821 καὶ
3437 763 3752 842 μεταδοῦναι

2106 860 2212 909 τῶν
2254 852 2421 911 ὄντων
2463 853 2900 937 φιλοτιμότατος,
2959 852 3173 930 Ἀμέλει
3219 855 3308 911 καὶ
3368 856 3428 911 τὸ
3485 855 3604 911 τινὰ
3644 860 3755 910 τῶν

2107 943 2404 1021 παριόντων
2488 943 2854 1023 παραδραμεϊι
2938 943 3122 1016 ἐκείνῳ
3209 944 3286 1019 μὴ
3373 942 3754 1009 ἐπιξενωθέντα

2107 1030 2344 1112 λυπηρὸν
2400 1035 2466 1100 ἧν
2523 1038 2664 1107 αὒτῷ
2721 1032 2942 1114 σφόδρα,
3000 1032 3098 1090 καὶ
3169 1034 3291 1090 ἴσον
3360 1039 3438 1106 τῷ
3502 1034 3756 1112 μεγίστου

2107 1124 2250 1186 τινὸς
2310 1126 2397 1179 καὶ
2467 1121 2896 1202 κερδαλεωτάτου
2960 1121 3293 1202 διαμαρτεῖν.
3370 1124 3468 1181 Καὶ
3537 1124 3603 1180 τὰ
3656 1121 3757 1198 μὲν

2107 1210 2245 1268 ἄλλα
2316 1212 2582 1292 ἐλεύθερον
2652 1212 2715 1279 ἦν
2794 1212 2937 1292 ἔχων
3021 1235 3080 1269 το
3154 1214 3400 1292 φρόνημα
3454 1215 3541 1269 καὶ
3611 1212 3758 1278 ξένον

2107 1301 2286 1369 πάσης
2344 1300 2589 1381 ἀγεννοῦς
2660 1301 2939 1368 κολακείας
3011 1305 3097 1359 καὶ
3170 1302 3579 1382 ταπεινότητος,
3657 1304 3760 1359 κό-

2109 1412 2240 1455 πους
2320 1388 2375 1447 δὲ
2464 1389 2881 1470 ὁδοιπορούντων
2962 1390 3372 1471 ἐκθεραπεῠσαι,

2110 1479 2201 1544 δας
2278 1481 2532 1557 ἀπονίψαι
2608 1480 3004 1555 πεπονηκότας,
3094 1482 3365 1560 τράπηζάν
3445 1502 3501 1537 τε
3576 1502 3764 1558 παρα-

2110 1574 2281 1628 θεῖναι
2339 1573 2425 1628 καἰ
2484 1570 2651 1630 τᾶλλα
2730 1568 3039 1637 διακονῆσαι
3118 1572 3289 1627 πάντα
3366 1570 3515 1646 νόμῳ
3583 1570 3768 1648 φιλίας

2112 1664 2210 1717 καὶ
2272 1662 2642 1739 μετριότητος,
2715 1660 2853 1717 οὕτω
2937 1661 3309 1739 θεραπευτικός
3390 1682 3447 1715 τε
3526 1661 3613 1717 καὶ
3670 1658 3771 1716 δε-

2114 1748 2391 1826 ξιώτατος,
2473 1753 2544 1813 ὡς
2622 1755 2780 1810 αὒτοῦ
2854 1749 3016 1826 μόνοῧ
3091 1751 3233 1808 εἶναι
3311 1756 3498 1826 ταῦτα,
3561 1750 3597 1817 ἢ
3653 1749 3770 1806 τῖον

2117 1840 2359 1918 οἰκετῶν,
2444 1846 2550 1896 τῶν
2631 1839 2992 1899 εὔνοϊκώτατα
3079 1841 3195 1919 περὶ
3280 1840 3402 1903 τοὺς
3503 1837 3770 1904 δεσπότας

2117 1929 2236 1990 τοὺς
2289 1927 2446 1991 ἰδίους
2513 1926 2884 2004 διακειμένων.
2961 1927 3247 2008 Ἐκέκρατο
3317 1930 3417 2007 γὰρ
3466 1930 3610 2002 αὗτῷ
3665 1950 3770 1985 σε·

2117 2022 2342 2093 μνότητι
2383 2019 2482 2094 μὲν
2537 2020 2573 2086 ἦ
2632 2018 2897 2099 ἁπλότης,
2932 2018 3109 2094 ἀνδρίᾳ
3167 2017 3221 2074 δὲ
3264 2020 3298 2086 ἦ
3344 2017 3606 2095 πραότης,
3678 2024 3770 2092 Τῷ

2116 2106 2170 2166 δέ
2241 2107 2437 2189 σφόδρα
2514 2112 2746 2183 συντόνῳ
2814 2111 2901 2166 καὶ
2985 2108 3220 2188 διαπύρῳ
3279 2114 3373 2175 τῆς
3436 2110 3643 2187 φύσεως
3707 2109 3770 2164 τὸ

2112 2198 2300 2278 χάριεν
2357 2199 2571 2268 ἐπήνθει
2657 2204 2755 2266 τῆς
2831 2201 3198 2280 σωφροσύνης,
3257 2200 3323 2267 ἧς
3395 2201 3468 2261 ὡς
3542 2196 3762 2262 οὐδενὸς

2111 2288 2316 2366 ἠράσθη
2367 2287 2472 2344 τῶν
2530 2288 2767 2366 πάντων,
2831 2291 2920 2345 καὶ
2968 2292 3176 2367 θερμῶς
3221 2289 3522 2367 περιείχετο
3556 2303 3571 2319 ⁶
3657 2310 3764 2365 γυ-

2114 2378 2253 2434 ναικὶ
2327 2377 2427 2452 μὲν
2502 2378 2713 2454 νομίμῳ
2764 2379 2853 2434 καὶ
2911 2379 3143 2459 σώφρονι
3210 2380 3404 2458 χρόνον
3489 2375 3765 2452 ὁμιλήσας

2116 2468 2238 2546 οὐχὶ
2282 2468 2502 2547 συχνὸν,
2534 2471 2623 2525 καὶ
2666 2467 2844 2547 πατὴρ
2889 2468 3089 2525 παίδων
3129 2469 3187 2525 ἐκ
3216 2470 3411 2535 ταύτης
3445 2469 3762 2546 γενόμενος’

2116 2559 2178 2613 τὸ
2248 2555 2435 2613 λοιπὸν
2512 2555 2566 2613 δὲ
2648 2559 2897 2636 κρεί-των
2960 2556 3148 2627 ἡδονῆς
3205 2560 3291 2615 καὶ
3342 2560 3518 2626 πάσης
3592 2556 3766 2624 ἄλλης

2118 2643 2347 2709 ὑλώδους
2413 2645 2685 2721 ἐπιθυμίας
2766 2648 3110 2723 μεμενηκώς,
3184 2647 3451 2704 Ἐντεῦθεν
3531 2649 3620 2704 καὶ
3706 2658 3770 2703 τὸ

2120 2734 2216 2802 τῆς
2282 2734 2474 2815 ἀρετῆς
2550 2735 2671 2811 μέλι
2746 2736 3167 2816 φιλοπονώτερον
3249 2737 3627 2816 ἐργαζόμενος,
3684 2736 3769 2810 τῷ

2122 2824 2271 2900 νόμῳ
2332 2846 2390 2881 τε
2451 2827 2635 2906 Κυρίου
2714 2825 3008 2891 σπουδαίως
3070 2826 3406 2903 ἐμμελετὼν,
3468 2826 3768 2908 φιλανθρω-

2123 2913 2354 2979 πότατος
2400 2915 2498 2982 τὴν
2545 2917 2731 2996 ψυχὴν
2776 2917 3014 2984 κατέστη
3060 2920 3147 2973 καὶ
3177 2918 3275 2984 τὴν
3331 2918 3551 2997 γνώμην
3594 2916 3769 2971 επιει-

2124 3004 2401 3079 κέστατος,
2447 3008 2536 3062 καὶ
2581 3005 2865 3064 συνελόντα
2928 3007 3108 3087 φάναι,
3183 3007 3329 3064 θετόν
3387 3029 3434 3063 τι
3502 3001 3766 3084 Σπυρίδων

3279 3097 3488 3164 ,πάσας
3546 3095 3644 3171 μὲν
3716 3093 3772 3149 ὲν

2122 3184 2293 3259 ἐαυτῷ
2334 3184 2708 3266 γεγραμμένας
2741 3185 2907 3266 ἔχων,
2943 3185 3142 3265 ὀλίγοις
3175 3187 3305 3265 πρὸς
3337 3187 3565 3262 μίμησιν
3595 3182 3774 3241 ἐλθεῖν

2121 3273 2206 3331 δυν
2216 3276 2410 3349 αμένας
2422 3324 2435 3336 .

2201 3363 2286 3423 Γ¹.
2326 3363 2477 3422 Οὕτω
2533 3362 2848 3442 διαλάμπων
2900 3378 3016 3429 τοῖς
3068 3365 3463 3446 κατορθώμασι,
3526 3366 3612 3422 καί
3653 3364 3774 3441 βίον

2120 3457 2329 3518 ἰεκεϊνος
2383 3453 2553 3535 μέγαν
2617 3456 2955 3535 εἰσενεγκὼν,
3003 3454 3190 3531 πολλῷ
3233 3454 3488 3533 μειξόνων
3533 3452 3774 3521 ἀξιοῦται

2122 3547 2209 3602 καὶ
2252 3542 2484 3626 δωρεῶν,
2534 3548 2622 3604 καὶ
2653 3547 2785 3611 τέως
2844 3553 2950 3604 τῶν
2990 3545 3211 3606 ἐνταῦθα
3238 3549 3400 3627 φημὶ,
3442 3548 3531 3603 καὶ
3560 3545 3658 3602 ὅσα
3702 3543 3773 3614 δή

2123 3634 2229 3692 τῶν
2313 3634 2618 3713 μελλόντων
2700 3644 2971 3718 ζωγραφεῖ
3044 3638 3141 3704 τὴν
3214 3637 3631 3715 μεγαλειότητα.
3692 3637 3777 3694 Τὰ

2124 3722 2179 3781 δὲ
2224 3726 2290 3795 ἦν
2324 3746 2336 3759 ·
2389 3725 2585 3804 ἐρώννυ
2647 3726 2894 3803 σώματα,
2968 3726 3109 3801 νόσῳ
3157 3727 3603 3807 κατειργασμένα,
3649 3747 3775 3794 πη-

2127 3815 2315 3895 ρώσεις
2370 3817 2487 3873 ἰᾶτο
2544 3819 2822 3891 θεραπείας
2881 3816 3249 3897 ἰσχυροτέρας,
3298 3817 3560 3892 πνεύμασι
3591 3838 3780 3885 πονη-

2128 3920 2245 3984 ροις
2305 3904 2529 3982 ἐπετίμα
2563 3924 2576 3939 ’
2631 3907 2717 3962 καὶ
2761 3908 2822 3962 τὸ
2866 3905 3027 3981 μέσον
3072 3910 3171 3974 τῆς
3202 3904 3473 3981 ἐπιτιμίας
3531 3907 3617 3963 καὶ
3674 3911 3783 3974 τῆς

2130 3995 2302 4076 φυγῆς
2334 3993 2481 4052 οὒδὲν
2510 3994 2647 4060 ὃλιυς
2701 4001 2791 4071 ἦν,
2844 3995 2962 4052 ἀλλ’
3009 3997 3155 4061 εὒθὺς
3199 3995 3629 4064 ἀπηλλάττοντο.
3676 3998 3785 4055 Καὶ

2132 4083 2268 4143 ἄλλα
2296 4083 2350 4140 δὲ
2399 4086 2613 4159 μείζονα
2652 4087 2852 4143 τούτων
2896 4084 3069 4143 πολλὰ
3112 4084 3471 4165 διεπράττετο,
3504 4085 3782 4161 δυνάμεως

2133 4174 2277 4249 αὐτῷ
2334 4176 2711 4254 συνεργούσης.
2773 4172 2854 4231 Δι’
2912 4175 2947 4233 ἂ
3002 4177 3091 4232 καὶ
3147 4176 3351 4251 ποιμὴν
3408 4175 3469 4232 ἐκ
3521 4174 3784 4252 ποιμένος

3463 1393 3549 1447 ναὶ
3648 1389 3759 1447 πό-

399 4276 593 4330 rente.
627 4263 1025 4338 Quamobrem
1057 4286 1126 4327 ex
1179 4275 1416 4348 pastore
1465 4261 1819 4323 constitutus
1850 4276 2036 4339 pasro:

2134 4265 2462 4342 καθίσταται,
2515 4265 2817 4343 ἀνθρώπους
2901 4265 3013 4322 ἀντὶ
3085 4264 3363 4345 προϐάτων
3429 4263 3627 4323 διέπειν
3678 4264 3784 4344 ἐγ-

402 4358 533 4419 loco
556 4356 749 4418 ovium
774 4372 917 4417 cura
936 4355 1136 4434 gregis
1159 4357 1214 4417 ei
1258 4351 1597 4432 commissa,
1634 4369 1752 4431 quo
1788 4359 2036 4431 tempore

2136 4356 2441 4435 χειρισθεὶς,
2501 4356 2729 4423 ὁπηνίκα
2791 4365 3192 4421 Κωνσταντϊνος
3260 4358 3289 4412 ὁ
3349 4355 3517 4433 μέγας
3569 4354 3782 4433 ἐκράτει

403 4448 1060 4522 magnusConstantinus
1074 4449 1461 4505 Romanorum
1477 4455 1567 4501 ten
1578 4445 1705 4501 τοδί
1725 4445 2026 4516 imperium

2137 4444 2437 4521 Ῥωμαίων,
2492 4446 2794 4523 αὒτὸςμτῆς
2865 4444 3068 4509 πόλεως
3116 4444 3498 4523 Τριμιθούντων
3551 4444 3783 4502 ἐπίσκο-

401 4519 1009 4594 Trimithuntinorum
1070 4539 1305 4592 creatur
1357 4529 1698 4609 episcopus.
1759 4531 2036 4601 Quantam

2131 4519 2254 4600 nos
2285 4519 2610 4614 γνωρισθείς,
2656 4519 2825 4602 Ὅσης
2857 4533 2912 4592 δὲ
2964 4538 3049 4593 καὶ
3091 4519 3227 4611 μετα
3283 4538 3374 4591 τὸν
3415 4535 3596 4613 θρόνον
3650 4537 3782 4614 εἶχε

401 4629 626 4699 autem,
665 4627 973 4699 postquam
1008 4618 1327 4700 perductus
1359 4618 1468 4679 fuit
1495 4617 1568 4679 ad
1604 4616 1837 4690 sedem,
1866 4618 2036 4678 virtu-

2130 4630 2228 4691 τῆς
2279 4625 2470 4703 ἀρετῆς
2529 4624 2866 4705 ἐπιμέλειαν,
2918 4627 2984 4681 τὰ
3043 4626 3179 4702 μετὰ
3234 4626 3324 4682 τὸν
3367 4625 3551 4705 θρόνον
3593 4624 3781 4680 ὡσαύ-

402 4711 477 4771 tis
528 4726 730 4770 curam
789 4712 1067 4787 gesserit,
1127 4708 1473 4789 ostendent,
1527 4726 1661 4784 quae
1690 4706 1966 4769 similiter
2016 4726 2036 4769 ε

2130 4735 2235 4777 τως
2285 4716 2527 4789 θαύματα
2582 4714 2836 4781 δηλώσει,
2871 4716 3018 4782 Πλὴν
3068 4714 3205 4771 ἀλλὰ
3258 4716 3320 4771 τὸ
3351 4715 3524 4770 πάντα
3556 4714 3654 4788 μὲν
3712 4711 3784 4770 τὰ

402 4800 609 4863 sedem
641 4797 854 4879 adepto
872 4797 1026 4860 facta
1046 4806 1184 4860 sunt
1204 4795 2050 4860 miracula.Verumenimvero

403 4889 603 4952 omnia
653 4886 812 4949 illius
861 4888 1162 4970 persequi,
1195 4886 1363 4950 stulti
1407 4897 1465 4948 et
1525 4886 1814 4949 ineruditi
1872 4887 2052 4949 fuerit

403 4977 693 5053 hominis,
754 4995 950 5059 neque
992 4995 1133 5039 vero
1190 4977 1253 5040 id
1298 4976 1434 5060 quis
1480 4976 1715 5058 assequi
1768 4977 2049 5059 potuerit,

406 5065 707 5151 quomodo
739 5066 917 5130 etiam
955 5067 1157 5130 omnia
1185 5068 1661 5149 praetermittere,
1711 5067 1889 5130 nimis
1920 5085 2050 5130 ma-

402 5176 585 5239 gnum
647 5155 930 5221 damnum
1001 5157 1287 5220 attulerit.
1336 5158 1718 5240 Quacunque
1760 5170 1959 5220 autem
2007 5170 2067 5225 et

408 5248 602 5310 dicam
617 5295 632 5311 .

486 5333 1122 5415 IV.,GastigabatDeus
1147 5335 1406 5400 insulam
1439 5337 1653 5420 ριιινὶω
1680 5346 1967 5420 egestate,
1998 5349 2060 5406 et

407 5430 603 5504 gravis
655 5424 967 5512 premebat
1022 5425 1289 5509 siccitas,
1344 5434 1404 5490 et
1453 5427 1781 5491 siccitatem
1814 5431 2056 5512 quidem

408 5511 884 5594 consequebatur
938 5513 1148 5591 fames,
1187 5515 1409 5579 famem
1469 5527 1667 5581 autem
1727 5511 1936 5600 pestis,
1997 5528 2060 5584 et

408 5601 614 5692 populi
644 5602 884 5686 quidem
947 5620 1159 5686 magna
1218 5621 1355 5689 pars
1379 5605 1505 5690 jam
1562 5607 1906 5691 interierat,
1958 5610 2054 5675 al—

2133 4802 2331 4862 έκείνου
2379 4801 2661 4868 διεξελθεῖν
2713 4804 3068 4883 ἀπειρόκαλόν
3124 4825 3181 4860 τε
3256 4805 3391 4879 ὁμοῦ
3451 4803 3538 4859 καὶ
3582 4798 3782 4857 ἀδύνα-

2133 4914 2245 4972 τον,
2303 4891 2484 4972 ὥσπερ
2541 4893 2601 4948 τὸ
2678 4892 2852 4950 πάντα
2909 4892 3238 4968 παραλιπεῖν
3287 4892 3533 4972 ἀτεχνῶς
3589 4890 3783 4961 ἐπιζή-

2134 5003 2253 5059 μιον
2289 4996 2302 5011 ⁶
2350 4981 2450 5039 ὃσα
2506 4980 2562 5038 δέ
2605 4983 2693 5039 καὶ
2741 4983 2912 5040 εἰπεῖν
2957 4983 3199 5059 δυνατὸν,
3245 4983 3333 5039 καὶ
3389 4982 3610 5039 ἀκούσαι
3664 4979 3784 5037 λίαν

2135 5070 2430 5151 ὠφέλιμον,
2462 5080 2628 5132 ταῦτα
2660 5071 2725 5140 δὴ
2759 5073 2845 5129 καὶ
2869 5071 3016 5157 ἐρῶ..

2138 5160 2257 5224 dici
2329 5168 2595 5243 possunt,
2669 5168 2730 5224 et
2794 5161 3001 5225 auditu
3068 5161 3239 5225 valde
3287 5169 3427 5225 sunt
3481 5160 3672 5240 utilia,
3716 5177 3795 5239 eg

2226 5342 2310 5403 A’.
2375 5341 2630 5415 Ἐκόλαζε
2683 5342 2782 5412 τὴν
2856 5348 3021 5413 νῆσον
3077 5346 3106 5402 ὃ
3178 5344 3309 5411 Θεὸς
3363 5342 3645 5427 ἀνομϐρίᾴ,
3701 5339 3795 5401 καὶ

2141 5432 2351 5514 αὒχμδς
2379 5431 2683 5514 ἐφειστήκει
2741 5432 2909 5500 δεινὸς
2943 5449 2959 5465 ⁶
3007 5434 3096 5491 καὶ
3140 5432 3415 5503 ἠκολούθει
3458 5442 3535 5510 τῷ
3590 5435 3794 5513 αὔχμῷ

2140 5523 2240 5600 μὲν
2288 5521 2472 5603 λιμος,
2517 5530 2596 5600 τῷ
2665 5522 2810 5601 λιμῷ
2866 5523 2923 5581 δὲ
2988 5524 3203 5601 λοιμὸς,
3247 5525 3336 5583 καὶ
3391 5526 3455 5582 τὸ
3513 5523 3649 5583 πολὺ
3694 5529 3793 5582 τοῦ

2140 5614 2395 5695 πλήθους,
2461 5614 2523 5673 τὸ
2575 5613 2675 5693 μὲν
2717 5611 2821 5687 ἤδη
2877 5614 2968 5675 καὶ
3029 5611 3368 5699 διεφθείρετο,
3426 5614 3489 5675 τὸ
3550 5612 3605 5675 δὲ
3661 5610 3787 5673 ὅσον
