4028 6138
206 239 308 307 421

1514 237 1703 303 VITA
1745 237 1806 301 S.
1866 234 2346 303 SPYRIDONIS.

3503 225 3623 302 422

218 378 355 439 ὦπα)
408 383 577 437 τοῦτο
641 383 857 438 παθεῖν
914 377 1184 451 ἠλπίζετο.
1243 374 1453 435 Ἐδεττο
1508 372 1563 431 δὲ
1611 374 1676 434 τὸ
1723 372 1892 431 δεινὸν

1999 388 2102 433 era
2128 388 2271 433 vero
2302 368 2361 431 id
2396 386 2529 430 mox
2558 367 2921 431 credebatur
2942 384 3212 450 passura.
3236 368 3398 449 Opus
3418 378 3619 433 autem

224 468 407 529 ’Βλιοῦ
464 469 701 535 πάντως
750 468 791 538 ἢ
850 468 1029 546 ἑτέρω
1097 472 1204 525 τῶν
1271 462 1390 523 κατ’
1462 465 1692 537 ἐκεῖνον,
1754 463 1893 544 εἰ)χῆ

234 562 315 618 τὸν
376 558 600 637 οὗρανὸν
667 557 1054 629 διανοίξαντος,
1118 557 1206 614 καὶ
1263 554 1413 621 οὗτος
1470 551 1742 634 Σπυρίδων
1798 555 1888 621 ἦν.

243 643 330 716 Ὠς
379 651 479 729 γὰρ
532 651 572 717 ἢ
636 647 846 724 μάστιξ
889 646 1131 705 ἐπέκειτο
1184 646 1274 704 καὶ
1314 646 1548 726 ἰσχυρῶς
1595 643 1781 721 μετῄει
1832 644 1892 700 τὸ

242 739 461 813 πλῆθος,
525 737 860 817 ὑπεραλγῶν
937 738 1091 800 αὑτὸς
1151 743 1242 794 τοῦ
1297 735 1568 810 ποιμνίου,
1630 734 1718 790 καὶ
1778 754 1891 789 πα-

246 842 443 909 τρικοῖς
482 827 834 908 σπλάγχνοις
888 824 1285 905 διακαιόμενος,
1328 822 1498 881 δεῖται
1543 823 1639 899 μὲν
1683 824 1756 886 ὡς
1800 845 1892 901 ιρι-

250 919 550 998 λάνθρωπος
632 927 732 977 τοῦ
814 913 1191 997 φιλανθρώπου
1294 915 1468 988 Θεοῦ,
1545 911 1751 991 πληροῖ
1841 909 1896 965 δὲ

257 1013 455 1072 suum
528 1007 725 1063 αὐτίκα
803 1007 897 1062 τὸν
966 1004 1181 1083 οὒρανὸν
1237 1001 1478 1083 νεφέλαις
1541 1001 1594 1068 ἐξ
1663 1000 1897 1081 ἐσχάτου

272 1099 365 1164 τῆς
402 1099 518 1177 γῆς,
560 1095 655 1153 καὶ
706 1097 770 1152 τὸ
817 1092 885 1161 δὴ
943 1094 1264 1168 θαυμαστὸν,
1310 1094 1385 1156 ὡς
1442 1092 1520 1166 μή
1566 1111 1647 1154 τις
1691 1089 1895 1165 νομίσαι

268 1187 448 1264 ουσικῇ
501 1208 608 1242 τινι
666 1192 775 1242 τῶν
830 1186 1112 1265 στοιχείων
1375 1182 1465 1238 τὸν
1515 1179 1715 1259 ὄμϐρον
1768 1179 1900 1237 ἀκο-

259 1275 482 1349 λουθεῖν,
568 1273 798 1331 δείκνυσι
882 1273 979 1349 μὲν
1049 1271 1211 1338 αὒτὰς
1309 1269 1572 1349 πόῤῥωθεν
1656 1272 1684 1327 6
1744 1271 1897 1343 Θεὸς,

261 1365 440 1432 ἵστησι
500 1362 560 1421 δὲ
630 1365 710 1440 μὴ
761 1364 1017 1443 πρότερον
1089 1361 1250 1442 ἐφιεὶς
1311 1358 1569 1427 ἐπιϐῆναι
1625 1364 1721 1428 τῆς
1795 1360 1899 1430 νή-

258 1477 372 1531 σου,
416 1452 551 1533 πρΐν
616 1453 656 1521 ἣ
700 1455 790 1510 καὶ
846 1450 1007 1510 πάλιν
1055 1454 1216 1511 αὖτοῦ
1272 1447 1521 1517 δεηθῆναι
1577 1450 1668 1506 τὸν
1725 1449 1899 1528 ἅγιον,

262 1542 419 1603 Οὔπω
498 1543 673 1601 τοίνυν
760 1544 966 1607 ὲκεϊνος
1033 1538 1343 1618 σταλαγμὸν
1410 1537 1581 1620 ἀφῆκε
1642 1536 1899 1616 δακρύων,

1977 460 2233 523 habebat
2264 457 2411 521 illud
2448 458 2667 519 malum
2711 459 2956 519 omnino
2974 458 3175 538 aliquo
3202 458 3355 540 Elia,
3387 466 3487 522 aut
3507 458 3624 522 alio

1975 549 2063 611 illi
2095 548 2410 629 simili,qui
2439 547 2654 610 caelum
2679 549 2913 628 aperuit
2934 550 3203 610 oratione
3234 570 3250 625 ;
3274 547 3327 608 is
3343 565 3480 609 vero
3503 556 3629 611 erat

1975 636 2441 719 Spiridon.Nam
2472 655 2605 698 cum
2644 635 2813 717 plaga
2843 637 3097 718 graviter
3129 644 3392 718 urgeret,
3429 645 3488 699 et
3516 655 3627 718 po-

1977 728 2179 808 pulum
2199 727 2365 790 valde
2377 735 2861 807 persequeretur,
2875 729 3001 808 ipse
3022 745 3126 806 pro
3147 744 3327 807 grege
3345 745 3624 806 magnum

1978 818 2211 898 patiens
2234 835 2542 897 angorem,
2564 828 2623 877 et
2651 816 2914 897 paternis
2951 817 3356 879 inﬂammatus
3373 814 3626 879 visceri-

1980 906 2289 986 bus,rogat
2309 905 2551 986 quidem
2574 912 2636 966 ut
2654 904 2920 967 clemens
2931 905 3118 967 Deum
3134 904 3631 970 clementem.ilie

1979 1005 2178 1059 autem
2237 998 2432 1058 statim
2470 997 2675 1076 implet
2718 996 2932 1057 coelum
2967 995 3227 1058 nubibus
3256 1014 3331 1059 ex
3361 1003 3628 1059 extremo

1981 1095 2157 1147 terrae
2192 1103 2206 1148 :
2240 1096 2298 1147 et
2326 1086 2480 1165 quod
2508 1093 2600 1146 est
2655 1085 2953 1160 mirabile,
3002 1104 3078 1148 ne
3109 1086 3368 1167 aliquem
3402 1095 3628 1149 motum

1981 1176 2413 1238 elementorum
2432 1173 2798 1236 existimaret
2835 1176 3120 1257 consequi
3158 1175 3436 1257 pluviam,
3469 1174 3628 1239 Deus

1983 1283 2082 1327 eas
2113 1264 2319 1345 procul
2351 1262 2637 1326 ostendit.
2681 1263 2851 1327 Sistit
2892 1274 3115 1340 autem,
3147 1283 3266 1326 non
3294 1265 3458 1346 prius
3484 1283 3629 1348 per-

1986 1356 2226 1416 mittens
2255 1372 2361 1416 eas
2378 1353 3191 1434 ascendereinsulam.quam
3218 1365 3460 1417 sanctus
3489 1372 3629 1417 eum

1983 1465 2193 1509 rursus
2239 1455 2390 1510 oret.
2443 1444 2720 1508 Nondum
2774 1446 2934 1509 enim
2968 1445 3067 1508 ille
3096 1455 3316 1526 guttam
3352 1447 3632 1510 emiserat

1987 1535 2403 1617 lacrymarum,
2436 1536 2707 1616 protinus
2729 1536 2911 1597 multa
2935 1536 3130 1615 erupit
3155 1535 3375 1616 pluvia,
3402 1536 3629 1618 et~pin~

260 1634 345 1689 καὶ
386 1629 590 1711 ὄμϐρος
645 1631 833 1691 αὐτίκα
902 1627 1198 1708 κατερράγη
1253 1626 1440 1693 πολύς.
1503 1628 1601 1686 Καὶ
1642 1629 1903 1685 πιαίνεται

1998 1631 2217 1705 guescit
2252 1624 2496 1706 quidem
2550 1633 2750 1688 terra:
2799 1624 3037 1686 aluntur
3062 1632 3258 1686 autem
3288 1625 3539 1707 fructus,
3573 1633 3634 1688 et

263 1723 357 1798 μὲν
398 1724 438 1790 ἡ
497 1726 599 1799 γῆ,
658 1719 905 1801 τρέιρεται
959 1716 1014 1775 δὲ
1053 1720 1120 1775 τὰ
1177 1720 1374 1798 ὡραῖα,
1419 1715 1516 1774 καὶ
1544 1718 1611 1773 τὰ
1639 1717 1773 1789 λήΐα
1804 1716 1902 1774 αύ-

1998 1723 2269 1777 srescunt
2296 1725 2550 1794 segetes,
2584 1723 2644 1776 et
2673 1715 2876 1776 omnia
2905 1714 3085 1775 simul
3115 1715 3268 1776 mala
3294 1715 3629 1780 solvuntur.

263 1809 426 1885 ξεται,
507 1810 600 1866 καὶ
683 1809 857 1865 πάντα
925 1808 1059 1883 ὁμοῦ
1125 1804 1304 1863 λύεται
1371 1806 1436 1861 τὰ
1493 1802 1659 1869 δεινὰ,
1724 1807 1906 1880 Τούτῳ

269 1897 539 1976 Σπυρίδων
608 1900 696 1954 καὶ
744 1897 902 1955 αὐτοῦ
952 1895 1163 1976 Ἠλιοῦ,
1226 1895 1317 1951 ’ίνα
1370 1916 1420 1952 τι
1477 1896 1566 1952 καὶ
1621 1893 1902 1970 τολμήσω,

265 1986 776 2067 φιλανθρωπότερος,
836 1985 898 2045 Ὀ
959 1988 1053 2060 μὲν
1110 1987 1233 2065 γὰρ,
1279 1987 1370 2042 τὸν
1425 1985 1576 2041 ὑετὸν
1638 1986 1902 2065 ἐπισχὼν,

264 2076 383 2133 εἶτα
428 2075 599 2133 πάλιν
630 2076 823 2144 ἀνῆκεν
857 2096 870 2107 ·
932 2078 960 2132 6
1002 2074 1056 2131 δὲ
1101 2077 1163 2132 τὸ
1191 2081 1400 2155 πρῶτον
1442 2078 1503 2134 ού
1532 2075 1906 2150 μιμησάμενος

270 2164 381 2230 ἴσος
411 2169 473 2223 ἒν
501 2173 583 2241 τῷ
612 2164 835 2243 δευτέρῳ
862 2162 1140 2224 δείκνυται.
1197 2166 1294 2223 Καὶ
1350 2174 1502 2223 τοῦτο
1536 2165 1633 2239 μὲν
1662 2162 1728 2231 δὴ
1786 2184 1906 2219 τοι-

297 2259 319 2269 ο
473 2255 510 2278 ν
768 2256 788 2286 ι
858 2257 873 2274 v
914 2255 930 2275 κ
1108 2256 1118 2276 ρ
1396 2252 1420 2273 λ
1461 2254 1471 2271 ο

270 2278 437 2318 autem
515 2262 707 2334 Ετερον
737 2253 792 2311 ὃς.
822 2252 968 2312 ουδεν
1012 2255 1210 2312 ἐκεινου
1253 2267 1683 2330 καταδεεστερον.

343 2345 434 2404 Ε¹.
482 2346 743 2425 Συμιρορὰ
790 2345 1208 2424 πάλιν“ἐκράτει
1250 2345 1428 2419 κοινὴ,
1487 2347 1577 2401 καὶ
1638 2343 1826 2421 ἄγονος
1873 2344 1909 2411 ἡ

269 2438 423 2500 νῆσος
462 2434 706 2508 καρπῶν.
769 2436 829 2492 Οἱ
887 2440 1105 2491 σιτῶναι
1163 2430 1219 2489 δὲ
1276 2435 1363 2491 καὶ
1422 2431 1795 2503 σιτοκάπηλοι,
1855 2431 1910 2487 ἐν

270 2523 462 2599 initi)
516 2521 698 2595 τοιᾷδε
758 2529 914 2595 Θεοῦ,
946 2528 1142 2602 τρυφᾷν
1194 2525 1390 2580 εκεϊνοι
1438 2521 1774 2602 βουλόμενοι,
1822 2524 1910 2579 καὶ

272 2613 605 2691 σοφιζόμενοι
659 2613 752 2669 τὸν
805 2615 1012 2690 καιρὸν,
1056 2613 1154 2680 τὴν
1202 2612 1474 2690 συμφορὰν
1525 2610 1731 2687 μᾶλλον
1782 2611 1907 2668 ἐπι-

273 2702 525 2765 τείνοντες
612 2701 775 2776 ἧσαν,
836 2700 1298 2781 τιμιουλκοῦντες,
1350 2704 1379 2757 6
1450 2723 1612 2781 φησιν
1694 2703 1728 2769 ἡ
1801 2701 1912 2758 θεία

274 2791 476 2868 Γραφῆ,
545 2791 640 2846 τὸν
707 2794 863 2849 σῖτον
942 2793 1031 2848 καὶ
1083 2805 1201 2855 τοῖς
1243 2797 1351 2848 τῶν
1397 2790 1624 2859 πλησίον
1692 2805 1908 2865 κακοῖς,

274 2877 445 2957 ιὲρόος
520 2880 739 2938 ἀνόσιον
812 2880 1027 2945 ἑαυτοῖς
1082 2882 1547 2961 προσ-πορίζοντες.
1616 2872 1731 2939 Ἐνί
1788 2889 1913 2961 γοῦν

1987 1803 2053 1866 In
2085 1804 2199 1867 hoc
2239 1804 2519 1884 Spiridon
2571 1803 2683 1865 fuit
2730 1807 2859 1884 ipso
2902 1803 3057 1884 Elia,
3090 1812 3154 1865 ut
3184 1804 3411 1882 aliquid
3436 1805 3632 1868 dicam

1988 1893 2294 1967 audacter,
2333 1892 2668 1972 benignior.
2703 1891 2849 1955 Nam
2885 1891 3042 1955 Elias
3075 1892 3317 1974 quidem
3347 1911 3482 1956 cum
3508 1893 3636 1974 plu-

1988 1984 2139 2043 viam
2166 1982 2535 2056 retinuisset,
2570 1982 2790 2044 deinde
2818 2000 3027 2044 rursus
3055 1983 3325 2046 remisit:
3360 1984 3463 2045 ille
3493 2000 3633 2045 vero

1992 2070 2246 2151 primum
2274 2090 2386 2132 non
2417 2069 2703 2146 imitatus,
2728 2073 2962 2135 exsistit
2986 2072 3040 2134 ei
3093 2090 3198 2152 par
3243 2072 3305 2135 in
3338 2074 3631 2136 secundo.

1994 2162 2061 2220 Et
2092 2160 2204 2219 hoc
2227 2158 2465 2239 quidem
2500 2169 2587 2221 est
2634 2160 2957 2239 ejusmodi.
3005 2161 3275 2223 Alterum
3309 2169 3506 2226 autem
3541 2171 3633 2226 est

1991 2248 2092 2309 illo
2119 2248 2306 2309 nihilo
2338 2248 2615 2311 inferius.

2071 2336 2139 2399 V.
2177 2338 2482 2415 Aﬂligebat
2533 2356 2742 2400 rursus
2797 2341 3134 2407 communis
3188 2339 3518 2418 calamitas,
3574 2351 3636 2405 et

1992 2427 2249 2490 fructum
2284 2447 2403 2489 non
2453 2428 2680 2492 ferebat
2740 2429 2952 2492 insula.
3001 2428 3400 2492 Frumentarii
3433 2441 3633 2495 autem

1993 2528 2050 2579 et
2081 2517 2360 2579 frumenti
2386 2529 2840 2600 cauponatores,
2863 2519 2923 2580 in
2976 2522 3155 2581 tantis
3184 2519 3294 2583 Dei
3323 2521 3500 2582 minis
3522 2539 3633 2584 vo-

1993 2608 2185 2669 lentes
2217 2608 2330 2669 frui
2356 2608 2681 2687 deliciis,et
2705 2618 2975 2690 tempore
3004 2608 3220 2672 callide
3246 2618 3306 2672 et
3339 2611 3637 2674 malitiose

1995 2706 2254 2771 utentes,
2308 2700 2495 2777 magis
2546 2698 2802 2779 agebant
2850 2700 3270 2780 calamitatem,
3320 2699 3631 2776 frumenti,

1997 2794 2060 2847 ut
2107 2785 2251 2848 dicit
2297 2786 2600 2867 Scriptura
2629 2789 2678 2868 ί,
2712 2789 3018 2853 trahentes
3059 2801 3120 2851 et
3171 2798 3459 2868 augentes
3489 2808 3634 2871 pre-

1998 2877 2167 2955 tium,
2192 2884 2251 2937 et
2279 2893 2313 2938 e
2347 2878 2819 2957 propinquorum
2860 2878 3031 2941 malis
3089 2878 3337 2958 impium
3370 2878 3482 2941 sibi
3536 2879 3636 2943 lu-

283 2974 375 3025 τῶν
426 2966 571 3026 οὕτω
623 2968 1014 3042 πλουτούντων,
1072 2970 1240 3038 πένης
1297 2993 1379 3035 τις
1445 2970 1772 3052 προσελθὼν,
1825 2970 1910 3027 καί

1998 2982 2160 3026 crum
2212 2977 2510 3046 parantes.
2566 2966 2660 3029 Ad
2718 2986 2904 3030 unum
2965 2985 3107 3047 ergo
3138 2968 3349 3030 horum
3384 2967 3637 3032 divitum

286 3058 523 3136 χρήματα
555 3057 659 3134 μὲν
701 3060 797 3116 οὐκ
839 3058 982 3140 ἔχων
1036 3060 1127 3122 οἷς
1172 3059 1235 3116 ἂν
1281 3061 1348 3117 τὰ
1397 3061 1528 3136 πρὸς
1571 3062 1673 3125 τὴν
1733 3060 1916 3139 χρείαν

276 3147 561 3226 ὠνήσαιτο,
621 3145 819 3226 δάκρυα
873 3147 929 3204 δὲ
988 3148 1125 3229 qui")!
1189 3148 1323 3229 ἅπερ
1384 3149 1516 3230 εἶχε
1572 3147 1912 3206 καταϐαλλό-

272 3255 445 3315 μενος,
496 3237 591 3293 καὶ
651 3237 830 3315 φωνὰς
872 3239 1063 3316 γοερὰς
1103 3238 1159 3295 ἐν
1201 3240 1393 3317 οἰκτρῷ
1432 3239 1681 3319 σχήματί
1730 3258 1787 3296 τε
1829 3240 1918 3297 καὶ

268 3323 536 3400 βλέμματι
603 3325 945 3404 προϊέμενος,
993 3327 1241 3405 ἐπειρᾶτο
1290 3330 1383 3385 τὸν
1423 3327 1731 3402 ἀμείλικτον
1793 3327 1914 3386 ἐπι-

269 3414 555 3489 κάμπτειν,
619 3413 795 3471 ποδῶν
843 3415 1166 3492 ἁπτόμενος,
1221 3417 1390 3475 οἰκίαν
1430 3415 1565 3486 ὅλην
1617 3416 1915 3475 ἀποκλαιό-

272 3523 447 3577 μενος,
504 3502 556 3561 τί
588 3503 668 3578 μὴ
713 3504 877 3561 ποιῶν
919 3506 970 3563 τί
997 3506 1075 3582 μὴ
1103 3505 1301 3585 λέγων,
1332 3506 1361 3562 ὅ
1393 3509 1523 3584 πρὸς
1552 3507 1739 3564 οἶκτον
1770 3507 1918 3565 ἐπισ-

278 3593 543 3649 πάσασθαι
601 3591 870 3670 δυνατύν;
920 3593 1015 3659 ’ως
1079 3594 1136 3653 δὲ
1192 3594 1339 3654 οὒδὲν
1396 3595 1594 3654 τούτων
1638 3596 1775 3664 ὅλως
1819 3601 1919 3666 τὴν

277 3678 472 3749 λιθώδη
531 3682 720 3763 ψυχὴν
779 3682 988 3754 ἐκείνην
1062 3685 1302 3762 ἔκαμπτε
1371 3687 1503 3767 πρὸς
1563 3688 1917 3769 συμπάθειαν,

278 3771 402 3845 μίαν
460 3771 687 3850 εδρίσκει
741 3775 1050 3853 καταφυγὴν
1107 3777 1134 3831 6
1208 3765 1424 3850 πένης,
1459 3777 1551 3833 τὸν
1631 3774 1799 3842 ὅσιον,
1856 3765 1920 3859 ᾯ

281 3861 611 3939 προσελθὼν,
645 3865 803 3922 αὐτοῦ
856 3884 915 3920 τε
953 3864 1053 3932 τὴν
1082 3863 1326 3943 ἀπορίαν,
1358 3866 1446 3923 καὶ
1487 3865 1584 3935 τήν
1613 3867 1745 3944 πρὸς
1776 3865 1920 3924 ἔλεον

278 3947 470 4029 ἀκριϐῆ
533 3951 716 4008 πενίαν
762 3950 969 4019 διέξεισι
1024 3954 1119 4011 τοὺ
1173 3953 1445 4015 πλουσίω.
1496 3958 1597 4013 Τὸν
1646 3955 1700 4013 δὲ
1754 3957 1922 4014 ἀκού-

272 4062 461 4111 σαντα,
493 4046 679 4098 τοῦτον
736 4041 855 4117 μὲν,
892 4042 1108 4110 ἐλεῆσαι
1156 4048 1257 4109 ταῖς
1306 4051 1597 4127 συμφερᾶε,
1630 4049 1721 4105 τοῦ
1750 4046 1922 4105 πλοδ-

274 4132 387 4188 σίου
442 4126 499 4186 δὲ
556 4132 783 4206 μισῆσαι
833 4132 931 4201 τὴν
985 4132 1305 4214 ἀγριότητα,
1362 4136 1452 4192 καὶ
1505 4134 1686 4215 ὥσπερ
1744 4136 1923 4194 ἔνθουν

273 4220 585 4296 γινόμενον,
634 4222 1086 4299 προφητικώτατα
1140 4236 1422 4303 προειπεῖν
1457 4271 1472 4288 ,
1537 4226 1609 4281 Σὺ
1670 4223 1726 4282 δὲ
1783 4225 1921 4283 ἀλλὰ

1999 3072 2135 3116 cum
2193 3054 2431 3135 quidam
2493 3074 2721 3137 pauper
2785 3056 3174 3138 accessisset,
3239 3067 3302 3120 et
3356 3057 3639 3137 pecunias

1998 3141 2241 3221 quidem
2312 3163 2430 3206 non
2515 3144 2781 3217 haberet,
2864 3147 3080 3227 quibus
3181 3154 3431 3224 emeret,
3509 3164 3640 3230 quas

2001 3240 2165 3294 erant
2215 3231 2329 3294 sibi
2381 3233 2452 3295 ad
2512 3252 2683 3295 usum
2734 3236 3121 3299 necessaria:
3180 3236 3472 3319 lacrymas
3524 3254 3637 3299 au-

2001 3326 2145 3401 tem,
2199 3340 2346 3403 quas
2394 3324 2542 3403 proh
2601 3323 2810 3386 dolor!
2867 3324 3142 3402 habebat,
3199 3324 3550 3403 exsolveret,
3584 3333 3643 3390 et

2000 3409 2234 3473 ﬂebiles
2257 3429 2432 3474 voces
2478 3414 2803 3475 miserabili
2866 3413 3071 3476 habitu
3129 3422 3189 3476 et
3217 3415 3424 3476 obtutu
3457 3415 3640 3478 emit-

2001 3509 2195 3580 teret,
2250 3501 2417 3564 illum
2480 3502 2865 3565 inflexibilem
2939 3503 3265 3566 conabatur
3349 3504 3634 3581 ﬂectere,

1999 3589 2185 3671 pedes
2214 3608 2524 3669 prensans,
2560 3600 2737 3653 totam
2779 3594 3021 3654 domum
3052 3592 3361 3672 complens
3389 3592 3638 3672 eiulatu,

2000 3679 2142 3761 quid
2177 3696 2292 3741 non
2324 3679 2569 3754 faciens,
2622 3681 2768 3762 quid
2796 3700 2917 3743 non
2956 3680 3188 3757 dicens,
3234 3680 3392 3762 quod
3441 3692 3642 3762 posset

2004 3768 2300 3831 attrahere
2349 3770 2422 3830 ad
2482 3768 2998 3832 misericordiam?
3054 3769 3368 3852 Postquam
3440 3780 3641 3836 autem

2005 3857 2155 3921 nihil
2187 3858 2399 3920 horum
2427 3860 2672 3921 omnino
2691 3859 2985 3940 lapideam
3006 3859 3167 3922 illam
3180 3862 3437 3922 animam
3464 3863 3647 3927 movit

2005 3950 2076 4012 ad
2113 3949 2579 4022 miserationem,
2613 3967 2796 4011 unum
2821 3948 3111 4029 refugium
3134 3949 3369 4014 invenit
3400 3969 3646 4034 pauper,

2007 4055 2225 4118 nempe
2243 4037 2629 4100 sanctum.Ad
2656 4056 2833 4120 quem
2857 4057 2993 4101 cum
3012 4038 3457 4121 accessisset,et
3478 4059 3648 4105 suam

2006 4128 2292 4208 inopiam,
2327 4137 2389 4189 et
2417 4146 2710 4190 summam
2741 4128 2945 4191 divitis
2972 4128 3158 4190 refert
3187 4138 3506 4208 egestatem
3542 4129 3653 4192 [ηἰ-

2002 4218 2365 4281 εενὶοοινᾱὶω.
2402 4218 2549 4281 Cum
2575 4219 2629 4280 is
2651 4230 2848 4281 autem
2884 4220 2996 4281 hoc
3019 4218 3333 4291 audiisset,
3369 4219 3651 4283 misertus

274 4309 349 4383 μὴ
394 4308 616 4380 στέναζε
661 4308 798 4386 μηδέ
831 4309 989 4369 κλαῖε
1022 4328 1038 4345 ⁸
1103 4311 1280 4392 αὔριον
1335 4315 1436 4393 γὰρ
1495 4314 1615 4391 ὄψει
1672 4316 1764 4372 τὸν
1821 4317 1910 4392 μὲν

2004 4309 2248 4389 quidem
2297 4316 2388 4370 est
2429 4308 2781 4370 calamitatis
2814 4327 2828 4373 :
2865 4308 3064 4371 divitis
3093 4327 3234 4371 vero
3266 4307 3407 4371 odio
3437 4308 3647 4372 habuit

276 4400 363 4455 σὸν
410 4399 571 4457 οἷκον
649 4403 963 4468 εὖθηνοῦντα
1036 4414 1156 4469 τοῖς
1227 4403 1475 4485 ἀγαθοῖς,
1537 4406 1661 4462 τὸν
1700 4402 1756 4460 δὲ
1833 4408 1920 4461 νῦν

272 4485 525 4546 πλούσιον
598 4486 911 4564 ἐλεούμενόν
984 4512 1042 4548 τε
1098 4494 1233 4568 ὁμοῦ
1284 4494 1374 4550 καὶ
1431 4492 1761 4571 γελώμενον,
1834 4492 1921 4552 καὶ

280 4576 466 4635 ἄκοντά
506 4599 601 4636 σοι
658 4584 734 4636 ὦν
790 4581 1015 4661 χρῂσεις
1076 4592 1529 4661 παραχωροῦντα,
1588 4585 1678 4641 καὶ
1725 4584 1921 4663 προθύ-

282 4687 396 4738 μως
445 4666 691 4733 ἀξιοῦντα
735 4666 942 4728 λαϐεῖν.
991 4669 1164 4728 Ταῦτα
1213 4673 1242 4728 6
1300 4672 1398 4746 μὲν
1444 4672 1610 4739 πένης
1655 4673 1727 4739 εἰς
1756 4694 1925 4752 παρα·

280 4755 465 4835 ψυχὴν
520 4754 695 4813 ἐδόκει
738 4755 908 4833 μόνην
950 4757 1196 4838 λέγεσθαι
1247 4767 1325 4821 τῶ
1366 4762 1503 4840 ἁγίῳ
1540 4765 1638 4831 τῆς
1690 4762 1926 4842 ἐχούσης

279 4847 438 4903 αὐτὸν
495 4852 792 4926 συμφορᾶς.
855 4845 1051 4906 ’Ἔνθεν
1092 4870 1174 4907 τοι
1231 4850 1320 4907 καὶ
1370 4853 1679 4928 σκυθρωπὸς
1735 4850 1922 4927 ἆπῂει,

280 4934 370 4991 καὶ
426 4936 621 5011 αὐτὴν,
680 4937 756 5002 ὣς
827 4935 1020 5014 ὲδύκει,
1103 4938 1205 5007 τὴν
1279 4940 1423 5020 ἱερὰν
1501 4939 1756 5021 ἄγκυραν,
1828 4940 1929 5008 τὴν

281 5023 414 5132 πρὸς
473 5025 568 5082 τὸν
626 5024 796 5106 μέγαν
852 5024 1062 5104 ἰλπίδα,
1108 5027 1269 5096 κενὴν
1302 5029 1389 5088 καὶ
1433 5027 1706 5108 ἄπρακτον
1763 5026 1927 5109 εὓρη-

282 5132 414 5178 κως.

358 5381 466 5458 ς’.
525 5385 733 5449 Νυκτὸς
790 5382 847 5443 δὲ
907 5385 1012 5455 ἤδη
1055 5384 1489 5469 καταλαϐούσης,
1548 5389 1683 5446 νεύει
1732 5388 1832 5466 μὲν
1899 5388 1928 5443 6

363 5564 598 5633 ‘Amos
632 5582 696 5650 ν,
736 5564 834 5633 li.

2004 4398 2472 4459 immanitatem:
2531 4407 2590 4460 et
2628 4399 2809 4461 veluti
2860 4417 2894 4461 a
2939 4398 3062 4461 Deo
3091 4397 3345 4478 afflatus,
3380 4398 3653 4480 prmdixit

2005 4488 2301 4569 imprimis
2331 4489 2678 4566 praphetice
2708 4510 2722 4551 :
2758 4487 2846 4551 Tu
2876 4497 3072 4551 autem
3126 4507 3239 4551 nec
3269 4506 3496 4570 gemas,
3540 4507 3654 4551 nec

2008 4575 2508 4658 lacrymeris.Tua
2538 4580 2697 4640 enim
2722 4578 2939 4641 domus
2959 4597 3091 4641 cras
3112 4578 3436 4641 abundabit
3453 4577 3651 4655 bonis;

2007 4666 2107 4748 qui
2135 4675 2331 4728 autem
2365 4684 2526 4729 nunc
2556 4677 2646 4728 est
2674 4669 2864 4745 dives,
2900 4669 3078 4730 simul
3125 4672 3245 4730 erit
3293 4679 3351 4729 et
3399 4669 3655 4732 misera-

2010 4755 2167 4832 bilis,
2199 4765 2258 4819 et
2280 4755 2652 4830 irridebitur,
2686 4769 2748 4820 et
2777 4757 2994 4819 invitus
3024 4757 3131 4817 tibi
3187 4757 3359 4820 cedet
3398 4758 3470 4819 iis
3512 4758 3656 4836 qui-

2008 4844 2120 4908 bus
2150 4863 2312 4924 eges,
2350 4855 2744 4927 promptoque
2776 4855 2836 4909 et
2854 4846 3036 4909 alacri
3067 4846 3269 4908 animo
3302 4846 3554 4927 rogabit,
3593 4854 3658 4909 ut

2006 4933 2436 5015 accipiasHaec
2468 4953 2693 5017 pauper
2727 4937 2966 5016 putabat
2993 4946 3263 4999 sanctum
3280 4935 3526 5013 quidem
3549 4953 3655 4997 so-

2012 5024 2133 5086 lum
2163 5024 2365 5086 dicere
2394 5024 2467 5085 ad
2494 5025 3068 5105 consolandam,qua
3092 5025 3656 5105 premebatur,cala-

2012 5113 2483 5179 mitatem.Unde
2515 5117 2694 5178 etiam
2724 5116 2925 5179 abibat
2959 5117 3167 5191 tristis,
3200 5126 3267 5180 ut
3297 5115 3399 5198 qui
3428 5133 3657 5180 sacram

2010 5205 2355 5279 anchoram,
2389 5224 2606 5286 nempe
2630 5224 2760 5268 eam
2784 5223 2963 5287 quam
2995 5206 3057 5268 in
3094 5225 3306 5287 magno
3341 5205 3658 5288 Spiridone

2011 5311 2176 5375 spem
2209 5292 2486 5370 habebat,
2519 5294 2845 5358 invenisset
2875 5297 3115 5357 inanem
3148 5309 3206 5358 et
3236 5296 3492 5361 irritam.

2092 5381 2192 5446 VI.
2219 5383 2364 5447 Cum
2401 5402 2508 5446 nos
2536 5393 2733 5449 autem
2760 5384 2886 5467 jam
2918 5385 3320 5464 adventasset,
3339 5384 3497 5450 Deus
3517 5384 3657 5472 qui-
