4028 6138
436 224 553 292 423

1737 222 2019 289 MENSIS
2057 220 2487 289 DECEMBER.

3656 237 3755 306 424

428 364 567 427 dem
595 367 822 425 annuit.
874 362 1143 442 Repente
1191 374 1335 421 vero
1386 355 1548 418 caelo
1576 372 1789 437 aquam
1821 358 2061 420 effundit

2157 362 2305 436 Θεὸς,
2354 361 2609 441 καταχέει
2654 361 2710 418 δὲ
2761 361 2859 431 τῆς
2901 366 3005 440 γῆς
3049 361 3246 443 ἀθρόως
3292 368 3318 422 ὁ
3371 370 3569 446 οὖρανὸς
3612 371 3751 431 ὅδατα

429 454 489 515 in
513 463 754 528 terram,
804 460 962 513 tanta
991 450 1161 527 cepia
1191 457 1247 509 et
1278 454 1439 508 tanto
1470 446 1720 525 impetu,
1771 456 1838 507 ut
1872 448 2061 509 diviti:

2162 449 2299 506 οὕτω
2344 449 2601 526 δαψιλῶς,
2648 453 2722 516 ὡς
2766 457 2835 527 τῇ
2891 450 3069 529 πολλῇ
3129 455 3325 510 τούτων
3378 458 3507 535 ῥύμῃ
3556 462 3636 517 καὶ
3680 470 3762 520 τοῦ

427 562 545 606 una
570 544 1006 605 attraherentur
1052 540 1286 612 horrea,
1337 536 1724 597 frumentum
1766 546 1963 598 autem
2018 556 2061 600 e:

2161 538 2410 597 πλουσίου
2480 541 2844 620 παρασυρῆναι
2934 543 3026 608 τὰς
3104 543 3398 620 ἀποθήκας,
3476 549 3561 605 τὸν
3631 564 3764 607 σῖτον

428 634 621 695 omnis
647 633 797 694 alius
829 631 1053 691 fructus
1080 626 1334 707 sparsim
1381 625 1728 718 ejicenetur,
1773 635 1832 687 et
1846 627 2061 705 jacere

2159 627 2213 684 δὲ
2271 631 2357 686 καὶ
2391 627 2513 694 ὅσος
2564 630 2724 694 ἄλλος
2774 632 2974 709 καρπὸς
3018 632 3405 693 ἀποκέκλειστο
3433 636 3594 716 χύδην
3622 638 3766 718 ἐκφο-

429 732 666 803 paratns
687 723 760 784 ad
790 718 1144 801 rapiendum
1175 713 1693 777 volentibus.0rto
1725 722 1924 777 autem
1951 715 2073 792 die,

428 812 593 875 dives
618 810 857 893 quidem
890 809 1100 880 miser,
1149 813 1208 867 et
1253 805 1413 865 luctu
1446 803 1694 893 plenus,
1752 814 1810 865 et
1853 807 1969 867 huc
2015 815 2075 868 et

425 901 569 964 illuc
590 892 1069 962 circumcursans
1091 903 1150 957 et
1166 894 1390 974 justam
1420 892 1653 955 deflens
1674 894 2067 957 calamitatem

427 989 670 1069 rogabat
698 1005 799 1049 eos
822 986 922 1066 qui
954 982 1343 1059 accedebant,
1377 992 1437 1044 ut
1471 982 1588 1043 sibi
1636 1001 1811 1064 opem
1843 984 2071 1047 ferrent

426 1078 501 1140 ad
546 1079 775 1140 fructus
811 1073 1207 1152 colligendos.
1243 1074 1390 1137 Cum
1446 1072 1614 1134 multi
1666 1090 1832 1149 vero,
1862 1081 2071 1155 utpote

425 1168 778 1240 esurientes,
812 1165 887 1227 ad
937 1162 1289 1244 rapiendum
1335 1162 1813 1237 concurrissent,
1847 1165 2076 1225 accedit

423 1256 601 1319 etiam
631 1255 732 1318 ille
756 1271 1002 1337 pauper,
1023 1253 1311 1314 miracqu
1337 1251 1580 1331 quidem
1608 1250 2070 1331 obstupefactus,

422 1346 667 1409 divitem
718 1353 919 1407 autem
965 1342 1225 1403 irridens
1274 1341 1632 1403 suavissime
1691 1350 1749 1404 et
1804 1344 2071 1404 meritis-

424 1438 597 1509 sime,
628 1442 690 1497 et
716 1434 957 1495 domum
984 1432 1223 1512 replens
1253 1430 1574 1511 fructibus,
1606 1439 1666 1493 et
1689 1432 1890 1493 omnia
1907 1432 2072 1495 nullo

424 1525 658 1605 negotio
682 1522 1000 1597 habens,ut
1017 1520 1256 1600 dicitur,
1279 1537 1391 1582 nec
1415 1522 1730 1600 seminata,
1752 1538 1862 1583 nec
1885 1530 2069 1584 arata.

421 1613 649 1677 Deinde
699 1631 831 1674 cum
883 1612 1289 1672 conﬂuentem
1346 1608 1571 1671 videret
1629 1611 2069 1672 multitudinem

423 1721 612 1766 saevus
658 1701 761 1764 ille
790 1709 850 1763 et
885 1699 1323 1762 immisericors
1352 1698 1693 1781 (oportebat
1723 1701 1884 1762 enim
1924 1701 2069 1762 nihil

2160 720 2412 797 ρηθῆναι,
2489 720 2575 777 καὶ
2650 722 2724 785 εἷς
2810 719 3108 800 διαρπαγὴν
3166 721 3375 798 ἕτοιμον
3423 730 3617 783 κεῖσθαι
3668 742 3769 793 τοῖς

2155 808 2518 883 βουλομένοις,
2583 806 2818 889 Ἡμέρας
2904 809 2959 867 δὲ
3048 811 3413 894 ἀνασχούσης,
3464 818 3491 871 6
3545 815 3771 883 πλούσιος

2157 897 2254 973 μὲν
2324 896 2627 979 θρηνώδης,
2694 898 2895 979 ἅθλιος,
2961 898 3084 977 τῇδε
3158 904 3486 982 περιτρέχων
3546 905 3769 987 κᾶκεῐσε,

2154 989 2241 1044 καί
2319 990 2425 1055 τὴν
2480 987 2685 1045 δικαίαν
2761 988 3224 1066 μετακλαιόμενος
3302 995 3562 1073 συμφοράν
3594 1011 3608 1027 ⁶
3661 997 3771 1053 εἶτα

2158 1078 2245 1133 καὶ
2309 1078 2413 1134 τῶν
2462 1081 2762 1158 παριόντων
2820 1078 2995 1137 ἐδεῖτο
3023 1081 3286 1156 βοηθῆσαί
3315 1084 3383 1155 οἱ,
3428 1086 3513 1140 καὶ
3563 1084 3770 1158 συνέρα-

2158 1169 2274 1223 σθαι
2330 1171 2429 1234 τῆς
2486 1174 2804 1247 συναγωγῆς
2870 1176 2980 1225 τῶν
3042 1177 3283 1248 καρπῶν,
3330 1171 3541 1228 Πολλῶν
3598 1171 3649 1229 δὲ
3688 1174 3772 1230 οἷα

2156 1254 2328 1326 δήπου
2410 1258 2714 1314 πεινώντων
2790 1258 2874 1337 ἐφ’
2970 1259 3186 1337 ἁρπαγῇ
3272 1260 3767 1340 συνδεδραμηκότων,

2154 1346 2393 1425 πρόσεισι
2474 1348 2569 1403 καὶ
2641 1350 2668 1404 6
2721 1349 2912 1423 πένης,
2972 1351 3033 1406 τὸ
3097 1353 3272 1425 θαῦμα
3330 1351 3425 1426 μὲν
3489 1350 3767 1419 ἐκπληττό-

2156 1456 2336 1510 μενος,
2380 1433 2567 1501 ἥδιστα
2622 1435 2676 1492 δὲ
2735 1440 2820 1494 καὶ
2865 1447 2957 1496 τοῦ
3004 1437 3255 1496 πλουσίου
3309 1440 3626 1518 καταγελῶν,
3681 1441 3768 1518 γέ-

2154 1522 2301 1580 λωτα
2353 1523 2711 1598 δικαιότατον,
2776 1526 2992 1598 καρπῶν
3081 1549 3140 1583 τε
3215 1528 3328 1604 ἅμα
3401 1528 3612 1608 πληρῶν
3680 1529 3770 1596 τὴν

2152 1611 2343 1691 οἰκίαν,
2402 1614 2487 1669 καὶ
2570 1614 2745 1671 πάντα
2821 1615 2967 1693 ἔχων
3016 1616 3274 1691 εὒπετῶς,
3346 1619 3407 1674 τὸ
3459 1628 3547 1677 τοῦ
3599 1617 3766 1695 λόγου,

2154 1700 2395 1779 ἄσπαρτα
2462 1703 2550 1757 καὶ
2636 1705 2890 1781 ἀνήροτα,
2967 1706 3103 1785 Εἶτα
3179 1706 3388 1785 συῤῥέον
3464 1708 3523 1763 τὸ
3587 1705 3768 1774 πλῆθος

370 1824 383 1831 -
423 1810 667 1857 manere
696 1790 1109 1871 imperfectum
1135 1805 1343 1850 eorum
1366 1772 1501 1868 quae
1532 1789 1816 1869 praedicta
1839 1789 2061 1852 fuerant

2155 1772 2309 1860 ὁρῶν.
2334 1794 2361 1847 ὁ
2410 1792 2559 1866 ὠμὸς
2592 1772 2798 1859 ἐκεῖνος
2830 1795 2919 1851 καὶ
2967 1772 3342 1876 ἄσπλαγχνος,
3388 1794 3488 1851 ἔδει
3520 1796 3612 1872 γὰρ
3655 1772 3769 1851 ἀτέ-

422 1901 456 1945 a
484 1880 822 1963 Spiridone)
856 1887 915 1942 et
942 1896 1041 1941 res
1069 1895 1281 1940 omnes
1315 1877 1477 1939 illius
1531 1895 1753 1940 secure
1786 1879 2072 1942 ambabus

422 1970 664 2034 haurire
694 1966 992 2043 manibus,
1025 1977 1086 2029 et
1113 1984 1250 2028 eum
1276 1985 1533 2049 quoque,
1570 1967 1677 2048 qui
1718 1968 1847 2030 heri
1879 1969 2072 2031 fuerat

425 2060 699 2142 supplex,
734 2076 855 2121 una
905 2068 1041 2119 eum
1080 2055 1312 2137 reliquo
1356 2056 1578 2137 populo
1621 2057 1885 2133 abunde,
1917 2059 2073 2121 sicut

425 2150 703 2230 diximus,
735 2146 850 2210 frui
874 2147 947 2208 iis
980 2164 1113 2227 quae
1156 2145 1456 2226 jacebant,
1493 2147 1748 2226 perinde
1778 2166 1847 2210 ac
1878 2148 1934 2209 ei
1963 2167 2071 2211 sua

422 2247 634 2321 sponte
654 2238 797 2300 dare
828 2234 1447 2315 volens,liberalisque
1469 2253 1602 2297 esse
1633 2246 1693 2297 et
1724 2237 2065 2315 munificus,

420 2330 521 2412 qui
567 2327 1018 2391 sordidissimus
1064 2334 1194 2388 erat
1233 2333 1293 2386 et
1344 2325 1752 2405 parcissimus.
1816 2326 2071 2407 jubebat

419 2436 555 2481 eum
586 2417 661 2480 ad
694 2416 1027 2479 satietatem
1058 2414 1334 2495 accipere
1383 2433 1452 2477 ex
1503 2415 1577 2476 iis
1626 2433 1757 2496 quae
1795 2416 2064 2479 aderant.

418 2507 526 2570 Ille
554 2516 752 2570 autem
803 2504 944 2568 satis
993 2504 1115 2566 risa
1169 2507 1299 2585 ejus
1343 2504 1638 2580 vecordia,
1700 2504 1943 2567 domum
1980 2521 2069 2572 est

417 2614 719 2672 reversus,
763 2596 886 2659 Deo
917 2592 1243 2673 praecipue,
1278 2590 1499 2653 deinde
1526 2592 1721 2654 etiam
1762 2593 2065 2674 Spiridoni

416 2686 478 2749 id
501 2694 744 2766 accepto
773 2683 999 2746 ferens.
1032 2680 1132 2744 Sic
1161 2680 1389 2742 sciebat
1432 2679 1752 2761 Spiridon,
1807 2701 1926 2745 non
1960 2702 2064 2746 so-

417 2776 539 2838 lum
574 2782 816 2856 propter
847 2770 1087 2845 multos,
1120 2768 1228 2831 sed
1262 2769 1438 2832 etiam
1470 2779 1715 2851 prepter
1746 2790 2063 2846 unum,su-

418 2882 637 2947 pernos
659 2879 817 2944 saape
833 2861 1069 2943 aperire
1088 2858 1280 2922 fontes
1307 2876 1321 2919 :
1343 2866 1404 2921 et
1428 2860 1605 2922 simul
1628 2860 1868 2941 quidem
1903 2881 2057 2943 prai-

420 2954 622 3018 dicere
657 2960 917 3032 tempus,
942 2968 1058 3031 quo
1080 2949 1195 3011 hoc
1224 2957 1384 3012 esset
1408 2949 1704 3012 futurum:
1742 2950 1919 3013 simul
1949 2971 2057 3016 au-

2154 1879 2341 1938 λεστον
2403 1880 2547 1938 οὐδὲν
2604 1895 2786 1957 μεῖναι
2846 1890 2953 1940 τῶν
3015 1885 3309 1962 Σπυρίδωνι
3365 1885 3768 1965 προλεχθέντων,

2155 1972 2240 2027 καὶ
2295 1972 2361 2029 τὰ
2409 1973 2568 2029 αὐτοῦ
2611 1973 2786 2029 πάντα
2845 1975 2983 2032 κατὰ
3027 1973 3235 2041 πολλὴν
3265 1974 3443 2031 ἄδειαν
3471 1974 3768 2055 ἀμφοτέραις

2152 2060 2469 2127 ἀντλοῦντας
2505 2080 2521 2095 ⁸
2578 2064 2651 2126 ὡς
2701 2060 2760 2118 δὲ
2812 2065 2899 2120 καὶ
2954 2066 3045 2121 τὸν
3090 2066 3217 2144 χθὲς
3267 2065 3470 2138 ἱκέτην,
3540 2063 3626 2120 ἕνα
3688 2070 3767 2120 τοῦ

2152 2149 2384 2220 πλήθους
2465 2152 2775 2229 γενόμενον,
2854 2155 2941 2210 καὶ
3034 2155 3215 2228 αὒτὸν,
3310 2154 3485 2230 ὥσπερ
3560 2151 3763 2231 ἔφημεν,

2151 2239 2389 2319 ἀφθόνως
2434 2240 2771 2298 ἀπολαύοντα
2829 2244 2936 2299 τῶν
2990 2242 3381 2324 προκειμένων,
3439 2242 3611 2319 ὥσπερ
3648 2241 3765 2298 κατᾶ

2151 2328 2373 2404 γνώμην
2455 2330 2597 2403 αὐτῷ
2669 2329 2952 2409 δωρεῖσθαι
3033 2333 3385 2409 βουλόμενος,
3451 2333 3536 2389 καὶ
3588 2332 3762 2387 κοινώ-

2151 2418 2294 2483 νικός
2324 2440 2403 2483 τις
2465 2420 2608 2476 εἶναι
2651 2423 2738 2476 καὶ
2775 2419 3145 2499 μεγαλόδωρος
3208 2424 3231 2478 5
3291 2421 3406 2479 λίαν
3437 2419 3677 2501 φειδωλός
3714 2439 3763 2474 τι

2149 2508 2238 2562 καὶ
2291 2506 2675 2582 ἀκοινώτητος,
2736 2510 2944 2567 ἐκέλευε
2998 2514 3106 2566 τῶν
3173 2512 3454 2589 παρόντων
3508 2511 3575 2573 εἰς
3627 2510 3762 2584 κόρον

2149 2593 2315 2661 ἀδεῶς
2369 2595 2684 2670 λαμϐάνειν.
2747 2599 2806 2657 Ὀ
2852 2599 2930 2673 δὲ,
2993 2606 3093 2667 τῆς
3145 2600 3332 2667 ἀνοίας
3386 2602 3574 2663 ἱκατῶς
3624 2598 3761 2653 αὒτὸν

2147 2682 2584 2766 διαμυκτηρίσας,
2646 2687 2831 2745 οἴκαδε
2888 2691 3177 2770 ἀνεχωρει,
3256 2692 3378 2766 Θεῷ
3451 2687 3762 2767 προηγουμέ-

2146 2796 2273 2850 νως,
2337 2775 2518 2833 ἔπειτα
2572 2775 2627 2833 δὲ
2679 2779 2767 2835 καὶ
2838 2779 3127 2858 Σπυρίδωνι
3192 2781 3297 2847 τὴν
3353 2780 3510 2860 χάριν
3560 2778 3755 2852 ἐπιγρα-

2143 2865 2395 2944 (ρόμενος.
2441 2865 2622 2931 Οὕτως
2687 2867 2810 2947 ᾔδει
2872 2868 3141 2947 Σπυρίδων
3201 2871 3262 2926 οὔ
3310 2873 3472 2946 μόνον
3518 2866 3592 2923 διὰ
3638 2862 3755 2921 πολ·

2142 2951 2289 3034 λοὺς,
2351 2954 2489 3013 ἀλλὰ
2553 2958 2640 3014 καὶ
2693 2955 2761 3013 δι’
2818 2957 2911 3014 ἕνα
2953 2966 3077 3036 γοῦν
3135 2958 3404 3021 πολλάκις
3460 2958 3547 3021 τὰς
3589 2954 3758 3009 ἄνωθεν

420 3051 539 3107 tem
591 3041 953 3124 pauperibus
1011 3057 1248 3121 quoque
1305 3039 1612 3120 prodesse,
1668 3050 1728 3103 et
1770 3043 2059 3121 castigare

2146 3043 2368 3122 ἀνοίγειν
2423 3048 2629 3124 πηγὰς,
2675 3048 2763 3104 καὶ
2808 3048 2940 3122 ἐμοῦ
2985 3049 3084 3123 μὲν
3136 3046 3253 3105 καθ’
3321 3049 3379 3105 ὅν
3435 3048 3573 3105 ἔσται
3628 3049 3764 3100 τοῦτο

418 3133 653 3197 divites.
687 3130 830 3193 Nam
855 3129 964 3193 etsi
998 3146 1208 3210 parcus
1238 3128 1340 3190 ille
1379 3129 1566 3190 nihilo
1605 3130 1816 3192 melior
1845 3133 2049 3209 evasit,

2146 3135 2320 3212 καιρὸν
2362 3148 2648 3214 προειπεῖν
2692 3139 2826 3211 ὁμοῦ
2882 3137 3056 3195 δὲκαὶ
3088 3140 3331 3205 πένητας
3362 3136 3645 3216 ὠφελῆσαι,
3690 3132 3765 3186 καὶ

418 3231 482 3284 ut
522 3223 649 3303 jam
703 3220 972 3283 dicetur:
1028 3217 1231 3280 multis
1256 3225 1454 3280 tamen
1484 3218 1783 3281 similibus
1811 3220 1920 3281 fuit
1950 3240 2054 3283 oc-

2146 3222 2419 3288 πλουσίους
2476 3225 2907 3305 παιδαγωγῆσαι,
2974 3230 3031 3283 Εἰ
3073 3229 3177 3306 γὰρ
3219 3231 3312 3286 καὶ
3369 3226 3514 3287 οωὲν
3553 3221 3761 3300 μᾶλλον,

416 3312 599 3385 casio,
633 3320 698 3373 ut
723 3309 1211 3372 emendarentur.
1240 3309 1379 3371 Haec
1400 3308 1532 3388 quis
1561 3326 1632 3371 ex
1663 3311 2055 3390 prmsentibus

2146 3314 2210 3375 ὣς
2247 3311 2344 3380 ἤδη
2378 3311 2725 3393 λεχθήσεται,
2764 3318 2791 3371 6
2822 3315 3077 3395 φειδωλὸς
3130 3318 3344 3382 ἐκεῖνος
3389 3314 3611 3379 κατέστη
3637 3332 3762 3391 χρη·

418 3420 535 3464 non
559 3401 819 3463 libenter
851 3398 1084 3462 audiit?
1129 3397 1273 3469 Quis
1302 3408 1497 3459 autem
1538 3415 1673 3459 cum
1705 3399 2048 3481 audivisset,

415 3509 537 3554 non
566 3491 676 3553 fuit
728 3490 843 3552 alia
894 3506 1133 3571 quoque
1181 3487 1464 3549 audiendi
1501 3487 1748 3563 avidior,
1785 3497 1843 3550 et
1894 3490 2055 3570 cupit

417 3581 597 3657 scire,
630 3582 899 3662 quisnam
943 3590 1074 3640 erat
1113 3577 1263 3639 adeo
1295 3578 1545 3657 ignavus
1571 3585 1672 3639 aut
1700 3577 1959 3655 invidus,
1994 3587 2057 3643 ut

414 3670 715 3735 sitientem
748 3669 1006 3732 animam
1039 3666 1137 3731 tali
1167 3666 1428 3747 privaret
1455 3668 1740 3731 alimento
1762 3674 1791 3730 ‘I

490 3938 620 4003 VII.
656 3939 817 4004 Alius
848 3945 1043 4000 autem
1075 3936 1494 4019 agricola,viro
1514 3946 1720 4001 sancto
1742 3937 2048 4000 familiaris

408 4047 542 4093 cum
572 4030 727 4090 fame
774 4027 940 4089 valde
991 4038 1390 4109 premeretur,
1424 4026 1569 4088 abiit
1625 4028 1677 4088 is
1707 4047 1944 4107 quoque
1974 4029 2047 4090 ad

406 4119 650 4200 inopem
716 4117 885 4179 illum
943 4116 1211 4193 divitem,
1287 4117 1482 4179 adhuc
1556 4118 1876 4178 habentem
1934 4117 2049 4178 alia

409 4209 596 4272 multa
648 4208 862 4270 horrea
899 4206 1073 4288 plena
1136 4206 1461 4287 frumento,
1506 4206 1852 4267 existimans
1883 4207 2045 4267 illam

410 4301 670 4379 priorem
698 4316 834 4361 eum
856 4298 1102 4358 omnino
1142 4297 1463 4375 castigasse
1484 4295 1905 4356 calamitatem.
1942 4294 2049 4358 Vi-

410 4405 510 4448 sus
540 4394 630 4448 est
657 4393 859 4448 autem
912 4385 1016 4446 ille
1056 4385 1420 4445 frumentum
1452 4383 1692 4463 quidem
1728 4384 2046 4462 amisisse;

2135 3404 2285 3482 πὸς,
2316 3402 2409 3458 ἀλ)
2423 3403 2438 3425 ’
2468 3403 2555 3460 οὖν
2587 3426 2648 3482 γε
2672 3405 2777 3463 τῶν
2801 3408 2996 3480 έμοίων
3029 3406 3255 3471 πολλοῖς
3292 3408 3474 3485 γέγονε
3504 3405 3626 3482 πρὸς
3657 3402 3765 3477 βελ-

2136 3492 2316 3548 τίωσιν
2345 3492 2584 3572 ἀφορμή.
2617 3502 2790 3551 Ταῦτα
2837 3497 2915 3561 τίς
2976 3495 3143 3562 ἡδέως
3198 3498 3297 3554 οὐκ
3325 3496 3512 3563 ἤκουσε
3541 3492 3643 3549 τῶν
3669 3511 3763 3546 πα·

2137 3580 2333 3659 ρόντων
2371 3601 2387 3656 ;
2419 3585 2506 3646 Τίς
2563 3581 2618 3640 δὲ
2676 3586 2764 3641 καὶ
2821 3585 3053 3649 ἀκούσας
3095 3588 3218 3665 οὖχὶ
3248 3586 3497 3661 καὶπρὸς
3549 3583 3613 3637 τὰ
3641 3576 3762 3634 ἄλλα

2138 3668 2454 3751 λιχνοτέραν
2512 3672 2643 3752 ἔσχε
2693 3675 2791 3741 τὴν
2849 3674 3041 3751 ἀκοὴν,
3090 3678 3177 3731 καὶ
3208 3679 3403 3740 μαθεῖν
3433 3673 3761 3744 ἐπεζήτησεν,

2139 3760 2488 3832 ἐπιζητοῦντα
2543 3762 2620 3839 δέ,
2680 3764 2759 3828 τίς
2812 3766 3035 3842 ὀκνηρός
3093 3764 3258 3827 οὕτως
3321 3765 3354 3832 ἢ
3408 3762 3669 3842 φθονερὸς,
3698 3757 3764 3818 ὡς

2131 3853 2315 3930 ψυχὴν
2343 3860 2605 3909 πεινῶσαν
2648 3859 2845 3933 τρυφῆς
2869 3855 3120 3921 τοιαύτης
3151 3854 3482 3933 ἀποστερεῖν
3530 3870 3546 3927 ;

2212 3940 2291 4001 Ζ’.
2351 3936 2561 4006 ’Ἄλλος
2606 3945 2777 4001 τοίνυν
2831 3945 3067 4022 γεωργὸς
3126 3943 3287 4016 ἀνὴρ,
3361 3948 3466 3998 τῶν
3549 3934 3770 4003 συνήθων

2131 4028 2205 4086 ὢν
2267 4030 2345 4103 τῴ
2392 4032 2543 4107 ὁσίῳ,
2604 4035 2693 4089 καὶ
2753 4034 2827 4095 εἷς
2886 4034 3021 4109 ἀγαν
3081 4040 3156 4107 τῷ
3217 4031 3368 4108 λιμῷ
3449 4026 3764 4102 πιεζόμενος,

2131 4118 2293 4195 ἆπῂει
2338 4124 2426 4177 καί
2483 4124 2633 4187 οὗτος
2691 4125 2823 4200 πρὸς
2893 4124 3046 4181 αὐτὸν
3108 4123 3322 4178 ἐκεῖνον
3382 4123 3474 4177 τὸν
3532 4114 3769 4193 πενιχρὸν

2131 4208 2408 4281 πλούσιον,
2466 4210 2672 4275 πολλὰς
2733 4212 2808 4269 ἔτι
2859 4213 2948 4271 καὶ
3020 4210 3189 4275 ἄλλας
3246 4212 3521 4281 ἀποθήκας
3581 4206 3769 4285 ἔχοντα

2133 4299 2260 4373 σίτῳ
2317 4300 2694 4379 βαρυνομένας,
2761 4300 3041 4360 ὑπολαϐὼν
3128 4301 3370 4381 πάντως,
3456 4300 3526 4361 ὡς
3586 4296 3763 4352 ἱκανῶς

2132 4389 2289 4448 αὐτὸν
2358 4391 2393 4457 ἡ
2463 4392 2689 4471 προτέρα
2746 4390 3178 4470 παιδαγωγήσειε
3248 4390 3516 4469 συμγορά.
3593 4384 3767 4471 Ἐᾡκξὲι

409 4476 711 4558 parcitatis
730 4482 960 4549 vero,et
982 4491 1114 4553 quae
1134 4472 1195 4533 in
1219 4472 1403 4533 divite
1435 4473 1649 4548 inerat,
1683 4474 2049 4537 crudelitatis

2146 4473 2189 4533 δὲ
2246 4478 2398 4541 οὗτος
2443 4466 2532 4535 τὸν
2562 4466 2660 4556 μέν
2695 4494 2850 4538 σῖτον
2896 4466 3206 4554 ἀποϐαλὼν,
3268 4466 3382 4537 τοῦ*
3428 4466 3675 4558 τειδωλοῧ
3717 4466 3767 4523 δὲ

410 4562 562 4625 nihil
609 4564 851 4624 omnino
900 4561 1232 4643 dimisisse,
1288 4579 1482 4641 neque
1541 4562 1783 4623 omnino
1851 4565 2049 4644 seipso

2146 4567 2222 4622 καὶ
2275 4571 2375 4634 τῆς
2428 4571 2546 4643 περὶ
2605 4570 2697 4626 τὸν
2753 4568 2983 4634 πλησίον
3059 4568 3345 4644 ὠμότητος
3402 4570 3465 4624 τὸ
3533 4561 3765 4639 παράπαν

409 4654 669 4715 evasisse
724 4651 958 4728 melior,
1015 4651 1127 4713 etsi
1200 4651 1587 4731 polliceretur
1659 4669 1725 4713 se
1781 4658 2053 4733 tempore

2146 4652 2283 4714 αὒδὲν
2343 4655 2753 4732 ἀποϐεϐληκὼς,
2801 4657 2917 4714 οὔτε
2965 4659 3072 4733 μὴν
3131 4658 3269 4722 ὅλως
3322 4657 3551 4732 ἀμείνων
3593 4648 3766 4707 ἑαυτοῦ

410 4745 610 4805 aestivo
627 4741 685 4803 id
701 4741 860 4822 quod
883 4743 1082 4804 datum
1119 4740 1350 4821 fuisset,
1375 4740 1752 4802 redditurum
1778 4759 1913 4803 cum
1944 4761 2050 4805 ac-

2146 4747 2444 4827 γενόμενος,
2490 4750 2662 4804 καίτοι
2709 4749 2796 4805 καὶ
2851 4750 2925 4812 εὶς
2981 4748 3123 4827 ὤραν
3205 4744 3632 4827 ὑπισχνουμένου
3688 4742 3767 4794 τοῦ

407 4832 707 4908 cessione,
731 4831 836 4894 sed
892 4832 997 4893 ille
1035 4830 1275 4894 dicebat
1301 4830 1361 4891 id
1395 4829 1555 4909 quod
1591 4830 1833 4909 dicitur,
1879 4850 2047 4914 spem

407 4941 657 5006 pascere
681 4922 1035 5002 insipientes
1059 4922 1179 4985 :Tu
1197 4930 1417 4991 autem.
1442 4920 1660 5000 inquit,
1679 4920 1907 4999 absque
1938 4942 2045 5004 pe-

410 5015 587 5077 cunia
618 5031 736 5075 non
768 5029 1015 5091 granum
1070 5030 1279 5089 unum,
1327 5011 1449 5073 imo
1498 5027 1573 5071 ne
1603 5010 1781 5071 unius
1812 5012 2053 5092 quidem

409 5104 578 5184 grani
608 5102 883 5167 umbram
934 5102 1219 5182 accipies.
1255 5100 1400 5163 Cum
1451 5098 1652 5180 itaque
1686 5100 1782 5161 hic
1813 5119 2055 5182 quoque

409 5210 520 5274 pau
530 5212 637 5275 per
647 5194 1052 5273 desperasset,
1087 5193 1351 5254 imitatur
1367 5190 1899 5271 praecedentem,et
1917 5200 2052 5252 tan-

410 5299 586 5360 quam
607 5284 679 5344 ad
702 5300 1080 5344 communem
1108 5282 1449 5344 thesaurum
1483 5280 1748 5359 confugit
1777 5279 2052 5361 Spirido-

411 5386 575 5445 nem,
605 5380 665 5432 et
711 5372 767 5432 ei
798 5376 1103 5432 renuntiat
1160 5390 1291 5450 quae
1349 5377 1510 5430 esset
1540 5387 1769 5450 passus,
1821 5380 1879 5432 et
1926 5391 2057 5451 quae

411 5456 653 5520 divitem
700 5477 938 5540 rogans,
970 5459 1045 5520 ab
1096 5478 1166 5521 eo
1215 5458 1523 5520 audiisset.
1562 5458 1667 5519 llle
1692 5468 1884 5520 autem
1919 5479 2053 5522 eum

411 5552 552 5611 tunc
576 5547 815 5631 quidem
848 5566 981 5611 cum
1034 5546 1176 5612 satis
1221 5555 1384 5613 esset
1413 5545 1776 5632 consolatus,
1808 5549 2053 5615 domum

2132 4835 2361 4903 πένητος
2418 4838 2553 4909 μετὰ
2621 4839 2930 4916 προσθήκης
3004 4840 3065 4894 τό
3131 4835 3463 4903 καταϐληθὲν
3533 4828 3761 4888 ἀντιδοῦ-

2135 4949 2242 5002 ναι,
2276 4925 2395 4982 ἀλλ’
2426 4926 2656 5008 ἐκεῖνος,
2712 4935 2868 4984 τοῦτο
2911 4925 2976 4995 δὴ
3033 4928 3087 4984 τὸ
3136 4936 3229 4986 τού
3269 4926 3458 5006 λόγου,
3502 4923 3594 4985 τὰς
3623 4916 3764 4976 ἐλπί-

2136 5014 2228 5081 δας
2286 5016 2437 5095 ἔλεγε
2495 5019 2617 5082 τοὺς
2673 5018 2903 5098 ἄφρονας
2964 5018 3196 5095 βόσκειν.
3230 5018 3305 5072 Σὺ
3335 5014 3413 5089 δέ,
3450 5014 3597 5087 φησὶ,
3630 5029 3767 5089 χρη·

2138 5108 2320 5183 μάτων
2376 5106 2497 5163 ἄνευ
2551 5106 2667 5164 οὒδὲ
2697 5109 2893 5165 κόκκου
2938 5106 2999 5164 ἂν
3059 5109 3176 5173 ἑνὸς
3231 5104 3350 5163 οὐδὲ
3407 5109 3558 5166 σκιᾶς
3616 5100 3766 5158 αὖτοῦ

2137 5194 2484 5272 μεταλάϐοις,
2519 5196 2808 5275 Ἀπογνοὺς
2838 5200 2926 5255 οὖν
2968 5199 3055 5254 καὶ
3099 5199 3127 5253 6
3170 5195 3341 5262 πένης
3383 5194 3559 5265 οὗτος,
3591 5197 3771 5275 μιμεῖ-

2138 5308 2225 5342 ται
2282 5288 2371 5343 τὸν
2426 5285 2783 5364 προλαϐόντα,
2830 5289 2921 5344 καὶ
2958 5287 3138 5365 ὥσπερ
3182 5288 3254 5351 εἰς
3311 5286 3494 5341 κοινὸν
3521 5273 3769 5365 θησαυρὸν

2137 5376 2229 5432 τὸν
2287 5374 2593 5455 Σπυρίδωνα
2654 5377 2972 5457 καταφεύγει
3044 5373 3373 5454 ἀπαγγέλλει
3430 5394 3485 5429 τε
3548 5369 3632 5457 καί
3681 5363 3769 5457 ξέοι

2138 5467 2293 5525 πάθοι
2327 5470 2412 5524 καὶ
2442 5467 2474 5521 ἃ
2503 5473 2597 5523 τοῦ
2628 5465 2878 5523 πλουσίου
2907 5465 3154 5543 δεόμενος
3196 5464 3561 5534 ἐπακούσειεν,
3608 5454 3665 5514 Ὀ
3694 5450 3765 5532 δέ,

2136 5557 2257 5614 τότε
2304 5556 2402 5635 μέν
2451 5558 2647 5623 ἱκανῶς
2707 5558 3114 5638 ψυχαγωγήσας
3177 5555 3357 5630 αὐτὸν,
3417 5547 3599 5610 οἴκαδε
3664 5562 3766 5602 πα-
