4028 6138
180 265 296 329 4‘25

1518 273 1706 340 VITA
1750 274 1812 336 S.
1861 273 2340 340 SPYRIDONIS.

3500 277 3624 354 426

200 401 487 484 ραπέμιτεὶ.
526 406 607 464 Οὒ
662 409 790 482 μὴν
856 409 987 490 ἄχρι
1030 409 1201 485 λογων
1259 411 1434 476 ἷστησι
1478 411 1576 476 τὴν
1619 414 1886 488 ψυχαγω-

1977 407 2235 470 dimittit.
2267 406 2473 489 Neque
2494 415 2690 471 tamen
2726 407 2926 473 verbis
2956 417 3132 475 tenus
3154 413 3310 479 sistit
3341 418 3624 480 consola-

210 497 345 573 γία),
403 492 544 549 ἀλλὰ
607 497 715 564 τῆς
779 499 1043 565 επιούσης
1103 500 1129 553 6
1173 496 1342 573 μέγας
1400 498 1678 577 ἀρχιερεὺς
1735 499 1889 560 αὐτὸς

216 584 443 657 ἐκεῖνος,
505 587 645 662 πρὸς
723 588 824 642 τὸν
915 587 1119 653 πένητα
1183 587 1482 664 ἀφικντται,
1560 587 1784 665 χρυσοῦν
1840 609 1890 642 τι

227 673 370 738 εἶδος
427 673 846 752 ἒπιφεοέἰμενος,
895 680 988 734 οὐκ
1047 677 1316 754 εὐάγωγον
1372 677 1468 742 τὴν
1526 676 1714 753 ὁλκὴν,
1761 675 1891 754 ὅπερ

223 766 274 820 τί
321 786 380 821 τε
410 765 497 843 ἦν,
534 768 624 820 καὶ
679 764 827 833 ὅθεν,
863 765 951 820 καὶ
993 762 1138 826 ὅπως
1195 763 1409 842 εὕρηται
1461 770 1537 836 τῷ
1566 766 1722 842 ἁγίῳ,
1757 765 1891 839 μετὰ

226 856 414 932 μικρὸν
443 857 472 909 6
529 853 694 932 λόγος
726 853 984 920 δηλώσει,
1033 854 1173 917 Τέως
1204 851 1249 908 δ’
1307 854 1396 910 οὖν
1448 856 1475 910 6
1508 854 1675 928 μέγας
1737 856 1891 910 τοῦτο

234 941 496 1018 Σπορίὲων
557 955 684 1007 ταῖς
741 945 896 1022 χερσὶ
952 949 1042 1000 τοῦ
1105 942 1332 1009 πένητος
1375 940 1649 1021 ἐμϐαλὼν,
1713 942 1891 1014 Δέξαι,

241 1031 372 1109 ἔφη
423 1031 501 1086 καὶ
570 1031 652 1103 τῷ
710 1029 950 1101 πλουσίῳ
1003 1032 1064 1087 τὸ
1136 1030 1428 1110 προσφιλὲς
1499 1035 1640 1103 αὐτῷ
1714 1052 1892 1108 παρα-

247 1121 397 1198 σχὼν
446 1121 510 1182 εἰς
570 1119 882 1198 ἑνέρχυρον,
917 1121 982 1175 τά
1032 1141 1114 1176 σοι
1168 1120 1414 1198 χρήσιμά
1468 1142 1526 1176 τε
1585 1122 1671 1174 καὶ
1729 1121 1895 1195 ἀναγ-

238 1223 366 1264 καῖα
435 1207 562 1285 παρ’
629 1207 791 1264 αὐτοῦ
881 1206 1137 1282 λάμϐανε.
1213 1208 1391 1275 ’Ἥσθη
1483 1218 1636 1267 τοῦτο
1721 1205 1898 1264 λαϐὼν

233 1301 260 1353 '3
316 1297 507 1371 πέιης,
543 1299 630 1353 καὶ
689 1300 819 1373 πρὸς
849 1299 940 1352 τὸν
973 1296 1222 1354 πλούσιον
1265 1299 1301 1372 ᾗ
1351 1297 1526 1354 ποδῶν
1585 1299 1766 1376 εἶχεν,
1801 1297 1895 1352 ἐκ-

226 1387 403 1459 θᾷμως
464 1386 692 1465 ἐχώρει,
755 1387 880 1441 εἶτα
951 1385 1071 1442 ἰδὼν
1128 1386 1332 1449 ἐκεῖνος
1377 1389 1438 1442 τὸ
1496 1386 1549 1443 ἐν
1607 1388 1812 1466 χερσὶν,
1869 1388 1896 1441 6

227 1479 327 1554 πρὸ
405 1483 602 1554 μικροῦ
665 1475 896 1553 σκληρός
971 1498 1028 1531 τε
1084 1478 1172 1532 καὶ
1236 1476 1603 1549 ἀδυσώπητος,
1653 1482 1747 1532 καὶ
1831 1476 1895 1531 τὰ

230 1573 339 1621 ὦτα
395 1568 532 1643 πρὸς
599 1563 779 1631 δέησιν
851 1565 1294 1644 ἐκκεκωφημένος
1326 1607 1342 1638 ,
1409 1565 1553 1628 εὐθὺς
1624 1565 1729 1622 ἀπὸ
1785 1567 1895 1622 τῶν

229 1653 516 1732 ὀφθαλμῶν
594 1676 918 1728 καμπτεται,
995 1655 1086 1710 κα¹ἰ
1143 1654 1267 1722 ἡδὺς
1309 1657 1537 1732 ’γίνεται
1611 1655 1693 1709 καὶ
1765 1653 1892 1732 φιλ-

1973 497 2194 558 tionem
2224 517 2238 557 :
2291 498 2396 559 sed
2428 499 2702 579 sequenti
2733 500 2832 562 die
2888 519 3140 580 magnus
3171 505 3435 583 pontifex
3469 508 3625 568 venit

1972 585 2102 664 ipse
2129 586 2201 646 ad
2234 603 2578 667 pauperem.
2612 606 2853 651 auream
2885 591 3203 671 quamdam
3235 611 3438 655 secum
3471 596 3619 657 atl'e-

1972 692 2114 736 rens
2145 675 2405 756 speciem
2457 695 2575 738 non
2634 677 2778 739 levis
2827 679 3135 760 ponderis,
3169 699 3305 759 qua;
3352 700 3623 764 quamam

1974 772 2132 824 esset
2177 773 2234 824 et
2283 764 2463 845 unde,
2499 774 2558 828 et
2587 767 2883 846 quomodo
2915 769 3151 831 inventa
3200 772 3342 832 sita
3391 781 3620 846 sancto,

1976 852 2300 915 declarabit
2331 855 2505 932 paulo
2538 864 2667 935 post
2694 856 2904 918 oratio.
2930 857 3076 919 Cum
3112 869 3252 921 tunc
3279 869 3475 923 autem
3498 879 3624 923 ma-

1976 959 2125 1019 gnus
2149 940 2429 1022 Spiridon
2443 960 2573 1005 eam
2599 944 2983 1007 immississet
3003 953 3063 1008 in
3089 965 3298 1010 manus
3321 952 3619 1030 pauperis:

1977 1031 2221 1110 Accipe,
2258 1031 2474 1113 inquit,
2509 1045 2570 1094 et
2612 1052 2744 1095 cum
2777 1033 2940 1096 divitl
2988 1043 3214 1114 gratum
3249 1037 3363 1101 hoc
3411 1041 3626 1118 pignus

1979 1119 2335 1202 praebueris,
2375 1139 2505 1201 quae
2535 1121 2642 1184 tibi
2683 1131 2822 1184 sunt
2851 1126 3187 1187 necessaria
3240 1127 3315 1188 ad
3349 1128 3625 1190 usum'ab

1981 1227 2052 1269 eo
2081 1210 2309 1289 accipe.
2344 1209 2467 1272 Hoc
2487 1229 2622 1272 cum
2653 1212 2984 1292 accepisset
3005 1215 3490 1294 pauper,la:tatus
3512 1227 3621 1298 est,

1982 1304 2041 1358 et
2089 1306 2309 1374 quanta
2339 1298 2594 1361 maxima
2646 1300 2836 1379 potuit
2863 1301 3166 1364 celeritate
3215 1305 3522 1367 contendit
3550 1307 3625 1368 ad

1982 1385 2247 1447 divitem.
2305 1388 2532 1450 Deinde
2563 1406 2697 1450 cum
2725 1389 2971 1452 vidisset
2999 1390 3102 1453 ille
3130 1392 3188 1453 id
3220 1392 3378 1473 quod
3407 1403 3532 1457 erat
3563 1394 3628 1455 in

1980 1475 2381 1557 manibus,qui
2403 1478 2577 1558 paulo
2599 1487 2736 1539 ante
2759 1487 2890 1541 erat
2911 1479 3097 1541 durus
3129 1489 3188 1542 et
3216 1481 3624 1558 inexorabilis,

1978 1572 2036 1625 et
2065 1565 2235 1642 cujus
2264 1583 2438 1628 aures
2461 1564 2533 1627 ad
2557 1583 2763 1646 preces
2786 1565 3466 1649 obsurduerant,'statim
3491 1572 3628 1632 ﬂec-

1979 1653 2120 1714 titur
2144 1653 2217 1714 ab
2250 1655 2461 1729 oculis,
2497 1655 2810 1732 evaditque
2834 1657 3137 1736 jucundus
3193 1667 3253 1720 et
3280 1658 3574 1738 benignus
3609 1683 3624 1731 ;

233 1745 527 1815 ἅνθρωπος.
597 1744 824 1802 Κάκεϊνο
880 1741 1084 1815 λαϐὼν,
1156 1742 1291 1800 οὕτω
1363 1753 1455 1802 τοῦ
1515 1744 1658 1802 σίτου
1730 1742 1887 1818 81¢:-

1980 1761 2237 1824 cumque
2270 1744 2330 1806 id
2360 1746 2719 1826 accepisset,
2749 1764 2885 1808 eum
2920 1755 3039 1808 tam
3058 1750 3301 1828 copioso
3333 1750 3629 1813 frumento

234 1831 334 1896 λσῦς
396 1831 775 1913 μεταδίδωσιν,
809 1836 880 1896 ὡς
938 1835 1026 1888 καὶ
1080 1833 1179 1898 τὴν
1233 1833 1396 1889 οἰκίαν
1455 1835 1612 1890 αὐτοῦ
1669 1837 1893 1909 πληρῶ-

1981 1833 2314 1913 imperitur,
2381 1842 2448 1896 ut
2501 1842 2559 1896 et
2608 1835 2850 1897 domum
2902 1853 3069 1898 suam
3110 1838 3414 1918 impleret,
3445 1848 3506 1900 et
3554 1839 3628 1902 ad

234 1941 363 1994 σαι,
440 1924 532 1977 καὶ
595 1923 726 1999 πρὸς
795 1922 1115 1995 σπερμάτων
1185 1919 1488 1986 καταϐολὴν
1561 1919 1658 1983 αἶς
1734 1919 1893 1997 εἶχεν

1977 1921 2315 2001 dejicienda
2344 1924 2576 1986 semina
2605 1923 2666 1984 in
2696 1925 2770 1986 iis
2799 1943 2951 2006 quos
2995 1925 3269 2003 habebat,
3302 1928 3484 2007 agris,
3519 1928 3628 1989 da-

237 2013 474 2089 ἀρούραις
533 2013 596 2067 τὸ
666 2009 810 2066 δοθὲν
870 2009 1112 2085 ἀρκέσαι,
1162 2008 1299 2066 οῧτω
1357 2031 1415 2064 τε
1477 2009 1752 2086 πολύχουν
1805 2009 1892 2067 τὸν

1978 2021 2104 2072 tum
2129 2010 2451 2074 sufﬁceret.
2485 2011 2653 2083 Quod
2680 2022 2876 2074 autem
2905 2014 3204 2093 dejectum
3239 2016 3432 2078 fuerat
3465 2018 3630 2077 fruc-

239 2099 633 2167 καταϐληθέντα
687 2101 948 2176 γενέσθαι,
1009 2102 1232 2178 καρπὸν,
1295 2100 1430 2156 ὥστε
1489 2101 1576 2155 καὶ
1621 2100 1683 2154 τὸ
1734 2097 1892 2176 χρέος

1979 2109 2102 2159 tum
2139 2100 2422 2179 produxit
2449 2110 2564 2161 tam
2600 2101 3016 2184 multiplicem,
3042 2112 3106 2166 ut
3136 2113 3191 2165 et
3227 2106 3281 2166 ei
3307 2106 3404 2185 qui
3437 2105 3628 2166 dede-

231 2192 607 2265 ἀπομετρῆσαι
661 2196 740 2263 τῷ
787 2188 1061 2263 δεδωκότι,
1093 2191 1184 2245 τὸν
1243 2191 1313 2254 εἰς
1367 2188 1620 2267 ἐνέχυρόν
1662 2209 1719 2243 τε
1752 2209 1892 2266 χρυ-

1977 2196 2066 2249 rat
2096 2187 2359 2250 debitum
2385 2189 2808 2264 reddiderit,et
2835 2209 3046 2253 aurum
3072 2193 3126 2253 ei
3149 2196 3352 2255 datum
3387 2193 3627 2274 pignori

233 2283 316 2336 σὺν
375 2280 585 2336 ἐκεῖθεν
647 2278 960 2351 ἀναλαϐεῖν,
1016 2279 1107 2335 καὶ
1161 2279 1237 2339 τῶ
1293 2278 1426 2356 ἁγίῳ
1487 2277 1629 2340 αὖθις
1690 2277 1891 2353 εὔγνω-

1977 2280 2291 2358 receperit,
2355 2285 2417 2340 et
2469 2277 2544 2338 ad
2606 2287 2874 2342 sanctum
2946 2299 3155 2344 rursus
3205 2292 3372 2360 grato
3427 2285 3630 2345 animo

1872 2406 1877 2411 -
1977 2367 2267 2427 retulerit.

309 2450 395 2518 ΕΓ.
469 2452 620 2514 Ἀλλ’
683 2461 710 2514 6
767 2459 862 2533 μὲν
894 2458 1083 2533 πένης,
1118 2459 1216 2525 τῆν
1264 2456 1483 2536 ὀφειλὴν
1540 2456 1704 2521 οὕτως
1758 2456 1890 2532 βού-

2057 2453 2208 2516 VlIl.
2242 2453 2360 2517 Sed
2380 2455 2468 2516 sic
2488 2454 2732 2532 quidem
2764 2473 2996 2536 pauper
3023 2457 3285 2521 debitum
3317 2481 3332 2536 ;
3368 2459 3486 2521 vult
3515 2479 3629 2523 au-

231 2548 376 2604 λεται
437 2546 491 2602 δὲ
561 2550 649 2604 καὶ
711 2551 738 2604 6
797 2547 958 2624 λόγος
994 2550 1054 2604 τὸ
1098 2549 1287 2603 ἑαυτοῦ
1327 2546 1485 2625 χρέος
1541 2542 1889 2622 καταϐαλεῖν,

1977 2551 2094 2604 tem
2144 2545 2336 2605 oratio
2389 2561 2625 2624 quoque
2673 2543 2732 2604 id
2763 2545 2924 2624 quod
2974 2545 3153 2609 debet
3211 2548 3538 2627 exsolvere,
3571 2559 3632 2610 et

238 2642 314 2693 ui
369 2643 635 2714 γνωρίσας
672 2639 699 2694 ὃ
744 2638 1126 2715 ἐπηγγείλατο,
1160 2638 1209 2692 τί
1250 2658 1308 2692 τε
1354 2640 1382 2691 6
1439 2657 1637 2715 χρυσος
1697 2656 1892 2712 προτε-

1978 2634 2297 2694 ostendere
2349 2633 2408 2695 id
2473 2631 2630 2713 quod
2673 2642 2802 2695 erat
2851 2634 3132 2714 pollicita,
3165 2637 3446 2717 quidnam
3506 2647 3636 2700 erat

238 2750 315 2802 ρον
360 2729 454 2797 ἦν,
489 2729 581 2783 καὶ
623 2726 743 2783 ὅθεν
793 2727 1074 2794 εἴληπται.
1137 2723 1454 2782 Ἀπολαϐών
1510 2727 1610 2803 γὰρ
1655 2723 1682 2779 ὅ
1742 2722 1892 2786 ὅσιος

1979 2721 2143 2802 prius
2192 2739 2429 2797 aurum,
2478 2729 2538 2782 et
2587 2721 2888 2784 undenam
2943 2723 3052 2786 fuit
3108 2735 3432 2805 sumptum.
3485 2726 3631 2790 Cum

238 2819 288 2872 εἴ)
341 2815 514 2890 δοθὲν,
578 2824 765 2893 Δεῦρο,
824 2816 1013 2894 φησὶν,
1062 2815 1279 2894 ἁδελφὲ,
1330 2817 1460 2892 πρὸς
1517 2816 1608 2870 τὸν
1661 2815 1887 2880 πένητα,

1977 2813 2134 2872 enim
2187 2813 2518 2891 recepisset
2549 2820 2789 2873 sanctus
2817 2810 2877 2872 id
2939 2813 3094 2892 quod
3125 2813 3330 2876 datum
3383 2815 3578 2878 fuerat
3613 2834 3628 2878 :

239 2910 324 2959 καὶ
389 2902 676 2980 ἀποδῶμεν
754 2911 910 2980 κοινῇ
964 2912 1040 2975 τῷ
1109 2903 1493 2983 φιλανθρώπως
1550 2903 1677 2958 αἶ)τὸ
1744 2902 1892 2980 χρή-

1977 2899 2306 2975 Adesdum,
2340 2918 2375 2960 o
2407 2900 2612 2979 frater,
2643 2899 2723 2959 ait
2755 2901 3027 2979 pauperi,
3067 2909 3128 2963 et
3155 2903 3499 2977 reddamus,
3533 2910 3630 2966 in-

250 3015 408 3053 σαντι.
460 2993 640 3059 Οὕτως
696 2993 822 3074 ἔφη,
877 2995 964 3050 καὶ
1022 2991 1198 3050 λαϐὼν
1257 2993 1437 3068 αὒτὸν,
1475 2989 1590 3068 ἄγει
1644 2992 1784 3067 παρὰ
1841 3011 1893 3052 τι

1977 2987 2126 3064 quit,
2180 2988 2571 3049 communiter
2621 2987 2700 3060 ei,
2735 2987 2838 3066 qui
2892 2987 3154 3068 benigne
3206 2992 3630 3058 commodavit.

247 3083 452 3156 κηπίον,
504 3083 636 3160 ὅπερ
699 3084 768 3151 ἧν
819 3085 896 3158 τῷ
949 3082 1166 3160 μεγάλῳ
1213 3095 1428 3158 μικροῖς
1479 3079 1736 3158 λαχάνοις

1979 3076 2077 3139 Sic
2100 3075 2313 3181 inquit,
2335 3085 2393 3138 et
2421 3094 2558 3175 cum
2583 3077 3104 3181 eumaccepisset,
3131 3077 3296 3181 ducit
3320 3081 3394 3142 ad
3415 3099 3632 3163 quem-

241 3172 436 3228 ἀσιτίαν
507 3175 1004 3249 παραμυθούμενον,
1078 3174 1176 3230 Καὶ
1243 3172 1370 3234 στὰς
1448 3171 1576 3247 παρ’
1633 3170 1758 3226 αὐτὸ
1828 3165 1892 3235 δὴ

1977 3166 2111 3226 dam
2133 3165 2393 3243 hortum,
2419 3164 2523 3245 qui
2546 3164 2744 3243 magni
2768 3165 3026 3227 inediam
3051 3166 3404 3247 quibusdam
3437 3170 3635 3250 parvis

239 3264 295 3316 τὸ
350 3264 624 3340 θγριγκίον
679 3264 768 3319 καὶ
812 3263 1082 3337 ἁψάμενος
1141 3269 1231 3318 τοῦ
1288 3262 1552 3341 φραγμοῦ,
1584 3261 1651 3316 τᾶ
1680 3256 1893 3333 ὄμματά

1977 3253 2288 3317 recreabat
2309 3253 2723 3326 oleribus.Qui
2740 3272 2878 3317 cum
2899 3254 3106 3337 inipso
3128 3275 3308 3336 agere
3335 3258 3634 3321 constitis-

237 3371 289 3406 τε
346 3349 528 3427 διάρας
582 3353 710 3430 πρὸς
770 3351 1010 3430 οὐρανὸν,
1062 3349 1217 3429 Κύριέ
1274 3372 1373 3422 μου
1429 3349 1606 3416 Ἰησοῦ
1676 3347 1889 3423 Χριστέ,

1979 3353 2091 3426 set,
2119 3362 2186 3406 ac
2224 3363 2428 3425 sepem
2460 3343 2775 3425 attigisset,
2808 3343 2868 3404 in
2902 3345 3118 3408 coelum
3147 3346 3394 3410 sublatis
3415 3349 3626 3411 oculis:

240 3441 307 3503 εἱς
359 3440 598 3509 ἐπήκοον
649 3447 739 3497 τοῦ
774 3442 1108 3515 παρεστῶτος
1160 3443 1302 3513 αὐτῷ
1350 3437 1616 3518 ἐξεφώνει,
1653 3440 1680 3493 6
1724 3435 1893 3492 πᾶντα

1979 3434 2229 3496 Domine
2259 3433 2339 3494 mi
2365 3433 2507 3496 Jesu
2540 3434 2801 3509 Christe,
2838 3434 3052 3496 effatus
3083 3442 3192 3509 est,
3228 3455 3298 3498 eo
3327 3437 3631 3513 audiente,

241 3536 399 3585 ποιῶν
474 3532 562 3584 καὶ
635 3531 1039 3603 μετασκευᾶζων
1111 3529 1258 3604 μόνῳ
1328 3533 1405 3600 τῷ
1476 3527 1800 3602 βούλεσθαι,
1862 3527 1888 3580 6

1977 3525 2077 3600 qui
2131 3523 2354 3594 aderat,
2415 3523 2516 3604 qui
2577 3523 2705 3585 sola
2758 3523 3056 3584 voluntate
3108 3526 3311 3586 omnia
3350 3544 3520 3588 creas
3577 3537 3637 3588 et

245 3619 322 3674 ἐπὶ
386 3621 652 3681 Μωϋσέως
697 3619 796 3685 τὴν
855 3617 1039 3695 ῥάϐδον
1103 3620 1177 3682 εἰς
1237 3616 1355 3696 ὅφιν
1415 3614 1495 3673 ἔπ’
1561 3615 1679 3690 ὄψει
1738 3616 1888 3690 βασι-

1977 3621 2353 3683 transmutas,
2389 3613 2493 3688 qui
2534 3612 2856 3689 aliquando
2910 3613 3057 3674 Mosi
3116 3612 3364 3694 virgam,
3397 3615 3634 3675 vidente

243 3706 370 3769 λέως
452 3708 716 3782 Αἰγύπτου
799 3705 1138 3782 μεταϐαλὼν,
1219 3707 1375 3768 αὒτὸς
1448 3706 1535 3762 καὶ
1611 3704 1753 3760 τουτὶ
1829 3705 1889 3758 τὸ

1977 3720 2113 3781 rege
2164 3701 2420 3781 Egypti,
2455 3702 2516 3763 in
2547 3709 2886 3780 serpentem
2928 3701 3297 3776 convertisti,
3333 3703 3463 3782 ipse
3519 3703 3634 3764 hoc

245 3797 459 3874 χρυσίον
503 3795 682 3874 ὥσπερ
737 3796 796 3852 ἐκ
856 3797 993 3867 ζώου
1054 3796 1308 3874 πρότερον
1365 3796 1438 3860 είς
1494 3794 1695 3860 ταύτην
1751 3813 1886 3866 μετ-

1977 3810 2214 3871 quoque
2258 3808 2494 3871 aurum,
2527 3790 2829 3867 quomodo
2882 3807 2950 3851 ex
3002 3790 3303 3853 animante
3357 3791 3522 3871 prius
3572 3791 3636 3853 in

246 3884 426 3948 ἑϐαλες
473 3886 571 3951 τὴν
615 3886 846 3961 μορφὴν,
877 3884 1016 3942 οὕτω
1061 3887 1147 3941 καὶ
1190 3891 1275 3941 νῦν
1334 3886 1515 3940 νεῦσον
1547 3885 1617 3944 εἷς
1667 3884 1737 3947 εἰς
1771 3882 1798 3936 ὃ
1839 3879 1891 3945 ἐξ

1977 3857 2132 3942 liam;
2178 3880 2418 3942 mutasti
2463 3857 2740 3954 formam,
2775 3878 2856 3940 ita
2907 3896 3067 3941 nunc
3125 3857 3373 3960 quoque
3409 3898 3632 3956 annue,

245 3976 416 4054 ἆρχῆς
478 3973 620 4037 εἶδος
680 3974 1024 4052 ἀναδραμεῖν,
1074 3973 1217 4040 ὅπως
1278 3976 1362 4030 καὶ
1422 3976 1572 4036 οὗτος
1621 3972 1716 4040 τὴν
1775 3971 1893 4041 περὶ

1977 3978 2038 4030 ut
2056 3977 2384 4030 revertatur
2404 3969 2464 4030 in
2489 3987 2620 4030 eam
2645 3949 2921 4042 formam,
2949 3967 3009 4028 in
3032 3949 3294 4047 qua-erat
3312 3967 3387 4031 ab
3410 3949 3580 4030 initio
3617 3949 3633 4032 Ξ

243 4067 385 4132 ἡμᾶς
445 4075 538 4123 σοῦ
595 4065 735 4140 μάθῃ
792 4063 1131 4138 κηδεμονίαν,
1189 4065 1283 4121 καί
1342 4064 1650 4141 πράγμασιν
1710 4061 1892 4123 αὐτοῖς

1977 4067 2038 4119 ιιι
2081 4059 2176 4120 hic
2205 4076 2441 4138 quoque
2471 4057 2620 4119 sciat
2670 4075 2844 4138 quam
2879 4064 2940 4117 tu
2972 4057 3160 4118 nostri
3190 4074 3392 4119 curam
3439 4075 3634 4137 geras,

245 4157 302 4210 τὸ
360 4153 414 4209 έν
442 4160 512 4229 τῇ
552 4155 665 4226 θείᾳ
708 4159 888 4233 Γραφῇ
945 4153 1192 4234 διδαχθῇ,
1227 4155 1306 4210 ὃτι
1369 4156 1544 4209 Πάντα
1602 4151 1700 4207 ὅσα
1757 4149 1888 4217 ἠθέ-

1977 4155 2036 4209 et
2051 4147 2230 4209 rebus
2249 4148 2396 4228 ipsis
2418 4147 2608 4210 discat
2631 4147 2689 4208 id
2720 4146 2877 4228 quod
2903 4154 2994 4208 est
3011 4149 3072 4208 in
3093 4145 3292 4209 divina
3307 4146 3636 4228 Scriptura,

489 4215 512 4229 .-
643 4215 654 4226 .
749 4215 758 4232 .
828 4215 887 4233 ...
1064 4215 1102 4234 η
1784 4215 1790 4217 ι

246 4244 404 4309 λησεν
464 4247 491 4298 ὁ
524 4244 707 4321 Κύριος
760 4245 1032 4310 εποίησεν.
1067 4252 1242 4302 Ταῦτα
1295 4241 1604 4320 εὐξαμένου,
1634 4241 1711 4305 τίς
1744 4237 1891 4296 εἴποι

1977 4239 2131 4318 quod
2178 4215 2558 4318 Quaecunque
2593 4238 2711 4299 vult
2736 4215 2919 4298 .Deus
2952 4235 3093 4297 fecit
3150 4237 3352 4298 omnia
3381 4215 3459 4297 3..
3493 4215 3638 4299 Cum

246 4334 347 4388 τῶν
375 4339 483 4388 σῶν
511 4334 838 4404 θαυμασίων,
879 4334 1144 4412 Δέσποτα,
1178 4333 1278 4400 τὴν
1331 4327 1628 4409 ὒπερϐολὴν
1664 4350 1680 4406 ς
1715 4327 1892 4408 ’Ὄφις

1978 4328 2058 4388 ita
2105 4336 2264 4389 esset
2297 4336 2573 4404 precatus
2623 4326 2814 4406 (Quis,
2854 4345 2888 4386 o
2921 4323 3196 4399 Domine,
3231 4325 3450 4386 dixerit
3506 4341 3639 4386 ma-

249 4424 274 4476 δ
338 4423 538 4501 χρυσός
597 4421 685 4501 ἦν,
721 4421 892 4478 πνέων
949 4425 1032 4479 καὶ
1093 4421 1292 4499 ἕρπων,
1325 4422 1413 4476 καὶ
1455 4421 1576 4498 περὶ
1631 4421 1693 4475 τὸ
1742 4422 1892 4495 θριγ-

1979 4417 2347 4495 gnitudinem
2399 4415 2824 4477 miraculorum
2878 4415 3191 4492 tuorum?)
3257 4430 3468 4475 aurum
3515 4427 3646 4480 erat

247 4513 357 4567 κίον
423 4511 735 4586 κινούμενός
805 4533 861 4567 τε
934 4514 1020 4569 καὶ
1093 4510 1459 4586 ἑλισσόμενος,
1533 4507 1623 4588 ἀφ’
1699 4507 1759 4564 οὗ
1836 4505 1893 4575 δὴ

1981 4487 2256 4586 serpens,
2285 4511 2518 4586 spirans
2551 4513 2610 4568 et
2641 4522 2884 4586 repens,
2919 4510 2976 4564 et
3008 4487 3400 4583 circa'sepem
3433 4520 3642 4564 move.-

254 4601 341 4654 καὶ
367 4603 424 4656 τὸ
477 4607 686 4678 πρῶτον
744 4602 897 4678 χερσὶ
955 4608 1047 4658 τοῦ
1106 4602 1254 4679 ἁγίου
1304 4599 1520 4674 ληφθεὶς
1578 4597 1783 4654 ἐκεῖνον
1831 4595 1893 4664 δη

1983 4594 2153 4657 batur
2176 4607 2235 4656 et
2258 4596 2606 4657 volvebatur
2631 4616 2644 4653 :
2686 4611 2756 4657 ex
2778 4611 2898 4674 qua
2929 4591 3184 4673 primum
3210 4599 3480 4674 sumptus
3497 4610 3647 4654 san-

256 4668 552 4768 παραὸόξως
629 4668 936 4764 μετῶλλαξε
1020 4691 1110 4746 τὸν
1153 4668 1433 4769 ’χρυσόνς
1510 4696 1670 4745 Τοῦτο
1756 4687 1893 4761 παρὰ

1984 4686 2060 4746 cti
2123 4684 2425 4765 manibus,
2461 4668 2892 4745 admirabiliter
2929 4668 3198 4744 mutatus
3247 4668 3364 4743 fuit:
3384 4682 3445 4743 in
3496 4681 3646 4744 illud

250 4747 420 4835 πᾶσαν
493 4747 698 4835 ἔννοιαν
751 4778 1086 4856 ἀνθρωπίνην
1157 4747 1480 4857 ὅΜγεωργὸς
1547 4776 1893 4852 θεασάμενος,

1982 4792 2216 4838 aurum.
2251 4773 2376 4837 Hoc
2405 4747 2540 4836 cum
2561 4780 2779 4854 praeter
2810 4789 3050 4834 omnem
3074 4772 3396 4833 humanam
3431 4771 3652 4848 cogita-

249 4870 334 4924 καὶ
378 4871 561 4948 τρόμῳ
620 4868 955 4947 κατάσχετος
1004 4870 1262 4948 γεγονὼς,
1297 4869 1476 4924 πίπτει
1535 4887 1590 4922 τε
1641 4865 1726 4922 ἐπ’
1778 4866 1893 4941 ὄψιν

1986 4864 2212 4928 tionem
2271 4864 2606 4944 aspexisset
2653 4861 2935 4941 agricola,
2993 4868 3255 4922 tremore
3308 4866 3646 4938 correptus,

249 4959 318 5021 εἷς
391 4963 518 5035 γῆν,
582 4956 677 5014 καί
747 4959 1072 5016 καταπάττει
1142 4959 1288 5016 κόνιν
1359 4956 1442 5012 ἐπὶ
1499 4959 1595 5023 τῆς
1667 4953 1893 5033 κεφαλὴς

1988 4972 2209 5033 pronus
2227 4955 2383 5015 cadit
2401 4953 2460 5047 in
2481 4953 2784 5030 faciem,et
2804 4948 2984 5047 capiti
3027 4948 3289 5029 aspergit
3312 4948 3646 5047 pulverem,

249 5034 442 5124 δάκρυᾶ
498 5066 558 5100 τε
603 5051 708 5100 τῶν
768 5046 1058 5125 ὀφθαλμῶν
1117 5047 1307 5125 ἀφιεὶς,
1361 5045 1447 5100 καὶ
1503 5041 1714 5108 ἀνάξιον
1771 5044 1893 5100 ἐαο·

1985 5044 2277 5123 lacrymas
2331 5041 2609 5105 emittens
2664 5058 2738 5102 ex
2798 5038 3009 5113 oculis,
3058 5047 3116 5099 et
3183 5056 3247 5098 se
3296 5054 3429 5099 esse
3476 5034 3649 5125 indi-

248 5138 336 5192 τὸν
394 5137 542 5192 εἶναι
596 5133 769 5212 λέγων
822 5139 881 5194 οὔ
937 5124 1192 5204 τοιαύτης
1249 5135 1410 5212 μόνον
1449 5132 1648 5210 δωρεᾶς
1699 5153 1756 5190 τε
1814 5140 1893 5191 κα⁴

1986 5151 2166 5210 gnum
2212 5149 2330 5192 non
2363 5130 2555 5224 solum
2590 5131 2689 5192 tali
2723 5129 2879 5224 dono
2905 5139 2974 5224 et
3021 5126 3228 5224 gratia,
3262 5125 3368 5188 sed
3401 5124 3492 5224 vel
3525 5124 3652 5186 solo

250 5227 494 5305 χάριτος,
530 5222 670 5282 ἀλλὰ
721 5225 807 5280 καὶ
838 5227 958 5290 θέας
1010 5226 1209 5304 μόνης,
1242 5223 1450 5314 μαλλον
1509 5219 1563 5278 δὲ
1590 5225 1679 5314 καὶ
1708 5223 1893 5314 Δἀκού-

1988 5221 2350 5302 spectaculo,
2385 5218 2505 5281 imo
2555 5235 2693 5280 vero
2736 5217 3064 5284 auditione.
3121 5217 3651 5314 Verumenimvero

250 5291 491 5388 σματοςί
539 5311 690 5381 Πλὴν
732 5310 870 5371 ἀλλὰ
911 5291 1095 5372 τοῦτον
1295 5291 1334 5369 ⁷ὁ
1377 5309 1523 5374 ὅσιος
1582 5308 1893 5392 διανίστησι,

1988 5291 2124 5372 eum
2149 5291 2393 5392 quidem
2426 5314 2664 5371 sanctus
2687 5308 2883 5388 erigit,
2912 5316 2972 5371 et
2997 5308 3053 5371 ei
3082 5307 3347 5405 animum
3385 5301 3565 5405 simul
3593 5315 3660 5369 et

249 5405 332 5463 καὶ
389 5403 577 5484 ψυχὴν
627 5405 775 5476 αὒτῷ
817 5401 930 5480 ἅμα
957 5405 1044 5462 καὶ
1100 5409 1258 5480 σῶμα
1299 5400 1572 5480 ῥώννυσιν,
1633 5403 1661 5458 ὁ
1700 5399 1817 5482 ὄφις
1849 5399 1893 5458 δὲ

1987 5418 2206 5483 corpus
2255 5399 2628 5464 corroborat.
2689 5401 2952 5482 Serpens
3009 5406 3210 5464 autem
3255 5395 3494 5460 interim
3546 5408 3658 5476 per

234 2368 406 2443 μόνως
436 2382 841 2446 προσενεγκεῖν.

327 5565 360 5614 9
386 5564 546 5629 Psal.
580 5580 826 5645 cxxxrv,
860 5567 918 5628 6.

490 5686 761 5752 ΡΑτιιοι..
807 5688 921 5750 Gs.
969 5687 1174 5752 CXVI.
3175 5688 3246 5752 14
