4006 6146
408 281 523 347 427

1706 275 1986 338 MENSIS
2029 274 2458 337 DECEMBER.

3667 265 3776 334 428

406 432 606 494 sepem
663 413 977 481 transiens,
1011 409 1191 472 subiit
1239 426 1548 470 cavernam
1583 427 1754 488 quam
1802 407 2038 469 habebal

2138 411 2191 464 ὲν
2246 409 2479 480 τοσούτῳ
2547 416 2638 464 τοῦ
2693 415 2936 487 φραγμοῦ
2994 404 3358 484 διεξελιχθεὶς,
3420 405 3512 460 τὸν
3576 402 3775 482 φωλεὸν

401 504 476 566 ab
507 503 700 564 initio.
730 499 1348 562 Μίτειευίυιηόιιπιὶηο
1363 499 1522 560 nulla
1542 498 1882 577 opushabet
1909 516 2050 558 ora-

407 592 568 654 tione
625 592 697 652 ad
759 589 1330 670 amplificationem;
1393 608 1460 649 ex
1505 589 1633 667 ipso
1692 587 1846 648 enim
1909 587 2052 648 satis

403 679 763 755 ostenditur,
786 680 958 760 quale
989 681 1068 739 sit
1101 702 1116 755 ς
1153 687 1211 740 et
1240 687 1366 740 arte
1397 678 1641 739 omnino
1674 697 1790 738 non
1825 676 2051 751 indiget

401 775 634 842 natura,
669 788 800 849 qua:
830 766 1129 848 propriam
1165 767 1342 828 habet
1371 768 1911 847 exsuperationem.
1940 765 2010 826 Di
2029 800 2049 812 -

402 867 571 920 catur
587 869 786 920 autem
816 857 874 919 id
899 875 1136 938 quoque
1159 858 1312 937 quod
1346 864 1748 936 consequitur,
1777 854 1932 934 quod
1965 870 2053 922 est

403 955 716 1026 cognatum
743 946 1127 1027 prioribus,et
1153 948 1419 1026 ejusdem
1443 946 1644 1025 gratiae
1666 954 1723 1005 et
1747 944 2047 1025 potentiae.

482 1035 586 1100 IX.
644 1036 832 1118 Alius,
869 1036 969 1112 qui
1005 1044 1129 1097 erat
1158 1037 1286 1118 ipse
1317 1054 1554 1116 quoque
1591 1043 1795 1095 sancto
1824 1033 2051 1095 amicus

407 1126 559 1206 (erat
611 1135 803 1187 autem
837 1125 1069 1186 virtutis
1119 1126 1440 1197 studiosus,
1478 1132 1534 1185 et
1564 1124 1699 1185 ideo
1749 1120 2051 1202 improbos

400 1216 673 1277 homines
705 1224 966 1276 moverat
1012 1215 1082 1277 ad
1136 1215 1441 1293 invidiam,
1479 1222 1536 1276 et
1565 1214 1896 1293 aliquorum
1927 1213 2045 1272 cri-

399 1305 624 1366 minum
641 1308 1026 1366 accusabatur
1040 1323 1144 1384 per
1159 1302 2050 1382 calumniam),comprehensus

395 1411 429 1454 a
475 1393 723 1472 praeside
752 1392 1026 1468 civitatis,
1061 1393 1378 1470 conjicitur
1409 1393 1468 1453 in
1505 1411 1806 1452 carcerem
1843 1410 1854 1452 :
1903 1409 2046 1466 pro—

395 1482 554 1543 tinus
609 1501 746 1545 vero
795 1482 1110 1543 damnatur
1137 1482 1369 1564 capitis.
1423 1481 1568 1545 Cum
1616 1489 1810 1542 autem
1867 1499 2050 1560 prope

397 1580 554 1632 esset
595 1571 724 1633 dies
756 1572 1134 1652 praestitutus,
1174 1573 1454 1651 praevenit
1504 1582 1762 1650 sanctus,
1794 1572 1889 1650 qui
1937 1571 2048 1631 hoc

397 1660 791 1738 praesciverat,
822 1670 878 1721 et
901 1662 1136 1721 festinat
1167 1661 1427 1722 liberare
1451 1663 1704 1722 amicum
1739 1679 1771 1720 a
1801 1661 2042 1721 calami-

2135 497 2291 555 ὑπέδυ
2359 500 2448 554 τὸν
2525 496 2577 562 ἐξ
2646 497 2847 576 ἀρχῆς.
2919 496 3133 558 Πάντως
3202 491 3412 558 οῦδενὸς
3481 489 3651 549 δεῖται
3719 495 3777 548 τὸ

2132 591 2305 660 θαῦμα
2376 588 2535 664 λόγου
2604 589 2733 664 πρὸς
2796 585 3031 652 αὔξησιν
3100 583 3360 641 δείκνυται
3417 583 3516 661 γὰρ
3569 584 3778 640 αὐτόθεν

2134 680 2345 734 ὁποῖον·
2407 675 2501 731 καῖ
2559 675 2759 755 τέχνης
2814 674 2950 734 ὅλως
2996 676 3030 741 ἡ
3077 675 3228 754 φύσις
3261 670 3528 743 ἀνενδεὴς,
3588 673 3779 729 οἰκείαν

2135 765 2335 844 ἔχουσα
2392 767 2489 831 τὴν
2547 763 2867 840 ὑπερϐολὴν,
2932 765 3178 842 Λεγέσθω
3235 762 3289 818 δὲ
3347 764 3433 818 καὶ
3505 763 3565 817 τὸ
3597 761 3780 839 ἐφεξῆς

2136 855 2384 932 συγγενὲς
2439 853 2496 910 ὅν
2531 868 2647 920 τοῖς
2699 852 3045 930 προλαϐοῦτι,
3079 856 3165 910 καὶ
3215 856 3312 920 τῆς
3344 855 3505 918 αὐτῆς
3561 850 3778 914 ἐκείνοις

2135 944 2358 1024 χάριτος
2388 945 2472 1000 καὶ
2503 941 2773 1017 δυνάμεως
2784 989 2795 1002 .

2216 1017 2278 1088 6'
2337 1017 2552 1112 "Etspoc
2627 1031 2923 1110 προσφιλὴς
2975 1034 3071 1107 μὲν
3127 1033 3212 1087 καὶ
3273 1031 3428 1095 αὐτὸς
3485 1035 3561 1104 τῷ
3616 1028 3774 1104 ὁσίῳ,

2134 1120 2328 1196 ἀρετὴν
2378 1119 2431 1176 δὲ
2490 1123 2710 1195 μετιὼν,
2774 1124 2862 1178 καί
2917 1123 3084 1198 ταύτῃ
3145 1119 3409 1198 πονηρούς
3469 1140 3526 1174 τε
3589 1116 3777 1190 ἄνδρας

2134 1209 2184 1274 ἐς
2244 1211 2432 1290 φθόνον
2490 1212 2810 1282 κεκινηκὼς,
2875 1213 2962 1267 καὶ
3017 1233 3176 1267 τινων
3227 1207 3584 1286 ἐγκλημάτων
3642 1209 3778 1263 ὑπο-

2132 1299 2303 1354 πένων
2363 1301 2732 1378 συκοφαντίαν,
2763 1300 2863 1355 ὑπό
2921 1300 3016 1356 τοῦ
3074 1301 3169 1368 τῆς
3201 1299 3460 1378 ἐπαρχίας
3516 1296 3777 1377 ἄρχοντος

2131 1391 2406 1466 συσχεθεὶς
2471 1390 2537 1464 τῇ
2568 1391 2746 1461 εἰρκτῆ
2808 1387 3169 1466 παραδίδοται,
3205 1388 3328 1445 ὅσον
3375 1386 3428 1443 δὲ
3487 1385 3654 1465 οὔπω,
3691 1387 3778 1443 καὶ

2129 1478 2336 1550 θανάτῳ
2365 1475 2792 1548 καταδικάζεται.
2833 1471 2922 1542 (Ως
2957 1478 3046 1535 οὖν
3083 1478 3112 1545 ἦ
3143 1479 3292 1556 κυρία
3330 1477 3484 1555 ἐγγὺς
3514 1474 3601 1549 ἧν,
3635 1476 3778 1554 φθά-

2131 1586 2205 1620 νει
2264 1565 2318 1621 δέ
2376 1571 2463 1623 καὶ
2534 1574 2684 1624 τοῦτο
2757 1568 3013 1645 προγνοὺς
3079 1571 3106 1624 6
3181 1567 3355 1647 ἅγιος,
3413 1561 3620 1621 σπεύδει
3677 1563 3780 1620 λῦ-

2130 1676 2216 1710 σαι
2291 1662 2367 1729 τῷ
2421 1654 2556 1734 φίλῳ
2603 1660 2703 1723 τὴν
2757 1657 3051 1735 συμφοράν,
3115 1645 3212 1714 Ἠν
3241 1654 3297 1712 δὲ
3340 1645 3474 1711 τότε
3502 1658 3780 1733 χειμῶνος

393 1755 529 1809 tate.
568 1750 710 1810 Erat
737 1768 875 1810 vero
906 1761 1048 1810 tunc
1073 1751 1263 1811 hiems
1288 1750 1835 1823 vehementissima,
1864 1759 1920 1809 et
1946 1750 2038 1828 qui

2129 1745 2190 1798 τὸ
2251 1744 2780 1818 ἀκμαιότατον,’κο.ἰ
2840 1748 2867 1799 ὁ
2923 1745 3229 1824 παραῤῥέων
3280 1742 3566 1825 χείμαρρος
3625 1740 3780 1799 ὕδασι

391 1838 826 1917 praeterfluebat
874 1847 1126 1911 torrens,
1159 1858 1294 1900 cum
1355 1840 1527 1901 valde
1588 1839 1960 1917 inundasset,
1991 1846 2048 1899 et

391 1944 425 1986 ο
470 1927 590 1986 suis
622 1937 778 1988 esset
807 1927 1031 1990 effusus
1075 1927 1388 2002 liroitibus,
1426 1929 1481 1989 ei
1515 1929 1681 1990 valde
1733 1926 1955 1988 fluebat
1984 1928 2045 1989 in

389 2016 691 2095 transitu,
767 2035 960 2097 neque
1045 2026 1277 2098 poterat
1366 2017 1611 2079 omnino
1698 2017 2041 2080 transmitti.

387 2101 496 2164 Ille
565 2113 761 2167 autem
825 2105 1028 2166 Jesum
1076 2105 1256 2179 Nave,
1304 2114 1362 2167 et
1419 2125 1551 2184 qum
1621 2106 1722 2167 ille
1795 2105 2042 2180 fecerat,

392 2203 596 2254 mente
651 2212 915 2274 versans,
948 2203 1006 2256 et
1064 2214 1217 2256 arca;
1281 2197 1590 2257 transitum
1645 2205 1954 2276 reputans,
1989 2202 2046 2256 et

387 2281 641 2344 credens
669 2284 946 2345 eumdem
997 2301 1151 2363 esse,
1187 2285 1338 2346 sicut
1391 2295 1536 2355 erat,
1573 2283 1784 2359 Deum,
1831 2292 1889 2345 et
1933 2302 2042 2364 pe-

388 2369 562 2433 rinde
583 2381 760 2452 atque
786 2389 957 2434 servo
989 2382 1164 2433 utens
1192 2383 1471 2437 torrente:
1501 2372 1621 2446 Sta,
1652 2373 2042 2454 inquit,com-

391 2465 586 2521 munis
641 2461 756 2522 hoc
815 2461 919 2522 tibi
971 2463 1223 2540 imperat
1274 2463 1585 2542 Dominus,
1621 2471 1678 2523 et
1728 2481 1834 2541 ego
1878 2471 2040 2523 tran-

388 2547 540 2617 sibo.
576 2549 665 2611 vir
713 2559 908 2613 autem
955 2551 1309 2632 servabitur,
1347 2571 1452 2632 pro
1484 2572 1599 2630 quo
1653 2569 2041 2630 preperamus

388 2645 449 2700 et
499 2641 708 2702 multas
758 2643 883 2704 Deo
916 2658 1122 2719 preces
1165 2641 1448 2708 fudimus.
1479 2642 1540 2703 Si
1589 2641 1756 2720 dixit,
1793 2651 1849 2701 et
1881 2641 2038 2718 quod

385 2726 607 2788 dictum
638 2727 850 2800 fuerat,
883 2727 1153 2806 protinus
1198 2729 1261 2788 tit
1288 2746 1532 2808 compos
1561 2730 1759 2802 ﬂuvio,
1797 2738 1855 2789 et
1882 2729 2040 2791 sistit

2131 1831 2527 1910 πλημμυρησας
2606 1833 2749 1908 μάλα
2805 1832 3055 1908 πολλοῖς,
3119 1837 3205 1892 καὶ
3262 1840 3370 1891 τῶν
3437 1830 3576 1890 ἰδίων
3635 1829 3777 1907 ὅρων

2127 1921 2460 2001 ὑπερχυθεὶς,
2521 1921 2744 2002 σφοδρὸς
2804 1926 2946 1997 αὐτῷ
3008 1926 3143 1981 κατὰ
3199 1927 3268 1988 τὴ
3327 1920 3551 2000 πάροδον
3610 1919 3772 1999 ἔῤῥει,

2125 2012 2212 2067 καὶ
2245 2010 2448 2087 οὖδαμὴ
2479 2011 2587 2068 οὔδ’
2645 2012 2784 2077 ὅλως
2843 2011 3088 2078 διαϐατὸς
3119 2014 3206 2082 ἦν,
3276 2004 3331 2070 Ὀ
3363 2011 3418 2068 δέ
3447 2011 3657 2077 Ἰησοῦ-δ
3722 2032 3777 2066 τε

2126 2101 2215 2157 τὸν
2277 2107 2369 2158 τοῦ
2428 2104 2573 2170 Ναυῆ
2632 2103 2817 2158 καὶτὰ
2875 2102 3074 2161 ἐκείνου
3102 2104 3155 2160 ἐν
3215 2111 3286 2178 νῴ
3343 2101 3635 2179 τιθέμενος,
3669 2101 3776 2167 τὴν

2128 2187 2362 2250 διάϐασίν
2431 2211 2489 2245 τε
2553 2195 2650 2258 τῆς
2705 2189 2931 2249 κιϐωτου
3003 2191 3364 2271 λογιζόμενος,
3425 2193 3516 2248 τὸν
3585 2192 3771 2263 αὐτὸν,

2127 2278 2306 2357 ὥσπερ
2363 2279 2462 2336 καὶ
2532 2279 2622 2359 ἦν,
2669 2283 3032 2343 πεπιστευκὼς
3091 2282 3233 2338 εἶναι
3291 2283 3444 2359 Θεὸν,
3497 2281 3585 2336 καὶ
3639 2282 3773 2354 τρό-

2129 2390 2225 2424 πον
2286 2369 2488 2424 οἰκέτου
2547 2377 2622 2440 τῷ
2698 2369 2976 2448 χειμάῤῥῳ
3031 2371 3330 2450 χρώμενος,
3393 2372 3576 2446 Στῆθι,
3636 2367 3768 2448 ἔφη,

2126 2459 2153 2511 6
2218 2457 2394 2518 κοινός
2455 2479 2536 2514 σοι
2597 2457 2868 2515 ἐπιτάττει
2938 2463 3242 2538 Δεσπότης,
3300 2463 3388 2516 καὶ
3445 2456 3769 2531 διαϐήσομαι

2123 2545 2220 2619 μὲν
2269 2545 2400 2623 ἐγὼ,
2431 2549 2729 2616 σωθήσεται
2763 2546 2815 2603 δὲ
2849 2551 2876 2603 6
2908 2549 3062 2627 ἀνὴρ,
3095 2551 3225 2628 ὑπὲρ
3283 2548 3341 2605 οὗ
3369 2545 3662 2619 σπεύδομεν
3709 2568 3767 2602 τε

2119 2635 2206 2690 καὶ
2265 2634 2437 2690 πολλὰ
2467 2642 2558 2693 τοῦ
2609 2643 2738 2693 Θεοῦ
2789 2635 3099 2712 ἐδεήθημεν.
3164 2637 3342 2702 Οὕτως
3401 2635 3525 2714 ἔφη,
3561 2637 3646 2692 καὶ
3704 2637 3766 2691 τὸ

2120 2723 2276 2799 ῥηθὲν
2346 2729 2684 2804 παραχρῆμα
2756 2724 2889 2792 πέδη
2966 2735 3042 2798 τῷ
3097 2734 3323 2802 ποταμῷ
3394 2728 3611 2802 γίνεται,
3675 2727 3766 2780 καὶ

387 2815 678 2877 fluentum
706 2837 722 2893 ;
757 2815 916 2877 cedit
951 2834 1084 2877 vero
1118 2816 1206 2876 via
1235 2835 1353 2877 non
1387 2817 1576 2878 solum
1601 2817 2034 2897 Spiridoni,sed

2125 2819 2208 2868 τοῦ
2263 2812 2521 2888 ῥεύματος
2564 2814 2803 2876 ἵσταται.
2864 2821 3193 2897 Παραχωρεϊ
3253 2814 3307 2871 δὲ
3358 2818 3417 2874 οῦ
3471 2810 3761 2887 Σπυρίδωνι

385 2903 519 2965 aliis
571 2907 746 2966 etiam
779 2904 1126 2967 viatoribus.
1187 2908 1273 2968 De
1326 2915 1540 2968 caetero
1582 2907 1730 2968 nihil
1780 2907 2036 2986 amplius

2125 2905 2213 2967 τῆς
2265 2900 2387 2958 ὁδοῦ
2439 2905 2624 2976 μόνον,
2680 2903 2815 2961 ἀλλὰ
2858 2906 2946 2960 καί
3003 2918 3120 2969 τοῖς
3175 2902 3358 2968 ἄλλοις
3416 2901 3630 2975 ὁδίταις,
3664 2903 3759 2958 οὗ·

380 2991 502 3054 illis
537 2994 756 3055 malum
790 2995 1049 3057 occurrit
1079 3002 1139 3056 et
1167 2995 1441 3057 dubium.
1479 2999 1646 3069 Quod
1689 3015 1828 3075 ergo
1860 2996 1932 3058 ab
1964 3015 2034 3058 eo

2125 2991 2229 3047 κέτι
2287 2993 2382 3048 τοῦ
2436 2991 2628 3049 λοιποῦ
2684 2994 2917 3061 ποιηρόν
2963 3015 3012 3048 τι
3071 2995 3380 3069 συνάντημα
3409 2992 3615 3054 ἐκεῖνος
3672 2991 3762 3046 καὶ

376 3089 598 3150 factum
634 3093 721 3145 est
747 3084 1132 3159 transeundo,
1159 3104 1274 3146 non
1301 3085 1408 3147 fuit
1431 3086 1627 3147 minus
1660 3085 2030 3152 admirabile.

2125 3079 2313 3158 Ξιπορον
2363 3079 2458 3139 ὤν.
2494 3083 2565 3138 Τὸ
2615 3082 2712 3154 μὲν
2744 3083 2830 3138 οὖν
2886 3081 3168 3162 πάρεργον,
3203 3083 3346 3142 οὐδὲν
3404 3083 3562 3150 ἧττον
3619 3079 3766 3154 αῦτῷ

381 3191 556 3252 quam
607 3173 664 3234 id
712 3174 864 3253 quod
895 3173 1233 3236 instituerat
1277 3176 1517 3237 facere:
1573 3195 1641 3236 ex
1674 3177 1787 3236 hoc
1830 3184 2030 3237 autem

2125 3177 2206 3226 τοῦ
2259 3169 2411 3249 ἔργου
2467 3173 2767 3246 θαυμαστὸν
2828 3171 3131 3249 εἴργασται,
3194 3173 3288 3231 Ἐκ
3341 3173 3526 3230 τούτου
3553 3169 3609 3227 δὲ
3667 3171 3769 3226 κᾶ-

367 3251 518 3322 illud
575 3251 811 3343 quoque
840 3263 1071 3324 facilius
1125 3273 1181 3324 et
1214 3265 1428 3326 melius
1466 3265 1815 3343 perfectum.
1883 3263 2028 3325 Nam

2125 3271 2263 3315 κεῖνο
2323 3260 2637 3336 κατώρθωτο
2697 3258 2922 3336 μᾶλλον.
2990 3251 3078 3328 c(2;
3138 3264 3237 3340 γὰρ
3295 3265 3341 3320 οἱ
3400 3282 3607 3336 συμπορ
3661 3263 3769 3319 υό-

375 3369 510 3412 cum
569 3351 671 3429 qui
729 3371 860 3414 cum
935 3371 1006 3413 eo
1058 3353 1462 3433 ambulabant,
1525 3353 1812 3414 vidissent
1871 3354 2024 3432 quod

366 3440 579 3502 factum
642 3442 852 3515 fuerat,
916 3460 1048 3504 eum
1113 3451 1550 3521 praecurrentes
1607 3452 1666 3504 et
1719 3443 2024 3504 venientes

366 3536 802 3612 quamprimum
826 3531 882 3592 in
898 3531 1218 3613 civitatem,
1247 3533 1393 3594 fiunt
1421 3533 1687 3612 praeclari
1720 3550 2022 3611 praecones

367 3620 500 3700 ejus
522 3621 678 3697 quod
699 3622 914 3683 factum
939 3622 1129 3683 fuerat
1159 3642 1174 3698 ;
1204 3633 1258 3684 et
1294 3642 1516 3703 praeses
1544 3623 1754 3703 partim
1779 3621 2016 3702 quidem

364 3709 752 3791 stupefactus,
785 3710 996 3792 partim
1048 3727 1246 3772 autem
1310 3712 1522 3773 timore
1575 3722 1907 3791 correptus,
1945 3729 2019 3772 ne

363 3798 553 3860 virum
602 3802 700 3880 qui
736 3800 866 3860 talia
900 3809 1098 3880 posset
1150 3811 1501 3863 cerneretur
1555 3801 1882 3862 offendere.
1920 3819 2016 3861 re-

365 3900 541 3967 pente
559 3889 692 3969 ejus
723 3891 977 3950 amicum
995 3891 1220 3952 relaxat
1239 3910 1270 3952 e
1307 3891 1791 3966 vinculis,eteum
1815 3898 2018 3952 sanet.)

362 3978 628 4056 largitur.
685 3981 738 4041 ls
768 3989 962 4040 autem
997 3998 1066 4039 eo
1118 3989 1361 4059 accepto
1408 3991 1502 4042 est
1554 3998 1847 4052 reversus,
1883 3999 2015 4040 cum

361 4085 430 4128 ex
455 4085 569 4128 una
587 4085 764 4128 causa
788 4068 901 4128 duo
928 4068 1226 4131 eﬂ‘ecisset
1257 4092 1268 4132 :
1305 4088 1519 4151 nempe
1551 4071 1753 4131 fluenti
1775 4069 2013 4148 quidem

2114 3368 2262 3420 μενοι
2321 3351 2382 3404 τὸ
2431 3351 2649 3427 γεγονὸς
2707 3350 3009 3430 ἐθεάσαντο,
3057 3352 3214 3410 αῦτοῦ
3256 3375 3312 3408 τε
3366 3349 3768 3429 προδραμόντες

2113 3438 2196 3491 καὶ
2267 3437 2366 3503 τὴν
2435 3440 2588 3492 πόλιν
2654 3441 2727 3500 ὡς
2801 3439 2971 3518 τοίχος
3043 3439 3461 3515 καταλαϐόντες,
3521 3437 3766 3513 λαμπροὶ

2104 3528 2331 3602 κήρυκες
2377 3534 2468 3583 τοῦ
2501 3525 2833 3592 τελεσθέντος
2887 3530 3251 3590 καθίστανται.
3306 3531 3401 3588 Καὶ
3460 3533 3487 3585 6
3544 3528 3764 3608 ἅρχων,

2104 3622 2256 3672 τοῦτο
2314 3616 2409 3690 μὲν
2461 3615 2781 3693 ἐκπλαγεὶς,
2814 3623 2968 3674 τοῦτο
3015 3616 3066 3673 δὲ
3119 3620 3206 3674 καὶ
3234 3619 3336 3676 δέει
3394 3616 3764 3696 καταληφθεὶς

2103 3705 2180 3778 μὴ
2266 3712 2486 3762 τοιαῦτα
2593 3707 2862 3780 δυναμένῳ
2947 3706 3091 3786 ἀνδρὶ
3174 3710 3502 3785 προσκρύσας
3591 3708 3760 3784 ὀφθῇ,

2103 3792 2278 3860 ἁνίησί
2333 3816 2391 3850 τε
2449 3800 2786 3874 παραχρῆμα
2842 3797 2934 3852 τὸν
2993 3796 3145 3876 φίλον
3186 3802 3328 3871 αὐτῷ
3386 3805 3489 3854 τῶν
3543 3795 3762 3870 δεσμῶν

2101 3883 2197 3940 καΐ
2254 3891 2330 3958 τῷ
2377 3885 2512 3961 ἁγίῳ
2571 3892 2755 3941 τοῦτον
2814 3888 3112 3964 χαρίζεται,
3164 3886 3221 3944 Ὀ
3281 3886 3334 3943 δὲ
3382 3885 3556 3942 λαϐὼν
3609 3885 3761 3942 ἐπα-

2103 3974 2241 4048 νῄει,
2317 3974 2377 4029 ἐκ
2443 3980 2567 4047 μιᾶς
2616 3975 2783 4038 αἰτίας
2828 3973 2917 4030 δύο
2961 3975 3431 4053 κατειργασμένος,
3465 3977 3552 4031 καὶ
3607 3976 3760 4045 στή-

2101 4078 2217 4126 σας·
2296 4069 2370 4136 τῷ
2429 4061 2705 4143 χειμάρρῳ
2776 4064 2873 4137 μὲν
2943 4065 3040 4132 τὴν
3109 4066 3295 4144 φορὰν,
3361 4070 3436 4139 τῷ
3491 4064 3759 4140 ἀνθρώπῳ

356 4155 744 4235 repressisset
783 4157 1089 4235 impetum,
1125 4158 1428 4218 hominem
1452 4150 1602 4218 vero
1661 4157 1917 4233 benigne
1949 4159 2012 4218 li-

2125 4153 2152 4206 ὲ
2238 4153 2614 4230 φιλανθρώπως
2673 4153 2806 4211 πάνυ
2864 4153 2961 4220 τὴν
3033 4156 3325 4231 συμφοράν,
3391 4154 3752 4232 Προφητείας,

356 4243 624 4308 borasset
654 4265 688 4307 a
717 4246 1077 4309 calamizate.
1108 4249 1306 4326 Atque
1347 4247 1502 4327 quod
1535 4247 1605 4308 ad
1642 4249 2010 4327 prophetiam

2125 4242 2194 4296 ιὲν
2254 4249 2341 4297 οῦν
2392 4242 2426 4309 ἢ
2484 4244 2927 4321 θαυματουργίας,
2989 4243 3024 4311 ἢ
3081 4245 3208 4322 πρὸς
3268 4245 3386 4308 τοὺς
3446 4245 3498 4301 ἐν
3543 4250 3758 4321 σῦμφο-

355 4335 596 4411 quidem
655 4335 889 4415 attinet,
936 4346 1037 4396 aut
1097 4335 1403 4409 miracula,
1456 4345 1554 4396 aut
1611 4336 1672 4396 in
1731 4336 2010 4397 (erumnis

2128 4344 2214 4396 αῖς
2283 4332 2605 4405 συμπαθείας
2664 4330 2809 4390 οῦδὲν
2867 4334 3028 4408 οἶμαι
3099 4339 3203 4389 τῶν
3262 4333 3560 4414 )εχθέντων
3631 4354 3752 4400 ση-

355 4423 965 4498 commiserationem,
1002 4424 1147 4485 nihil
1198 4424 1459 4486 arbitror
1517 4442 1649 4487 esse
1702 4427 1893 4506 majus
1936 4427 2038 4506 iis,

2125 4422 2257 4476 μείων
2291 4421 2474 4496 μεῖζόν
2504 4423 2670 4482 ἐστιν.

353 4530 484 4592 quae
512 4513 673 4574 dicta
706 4523 863 4574 sunt.
949 4488 964 4498 ’
1792 4488 1814 4506 ⁷
2031 4488 2073 4539 D

432 4603 510 4665 X.
562 4600 759 4665 Oratio
787 4610 984 4664 autem
1037 4603 1232 4665 adhuc
1262 4604 1517 4686 amplius
1571 4606 1642 4667 iis
1671 4625 1804 4687 quae
1847 4606 2002 4668 dicta

2169 4599 2208 4657 l’
2275 4599 2331 4659 Ὀ
2376 4601 2430 4657 δὲ
2468 4601 2627 4681 λόγος
2671 4603 2759 4658 καὶ
2821 4603 2980 4660 πλέον
3024 4625 3081 4660 τι
3141 4611 3247 4662 τῶν
3277 4604 3569 4684 εἰρημένων
3621 4601 3746 4660 δει-

349 4701 488 4753 sunt
517 4701 714 4772 parata
771 4701 859 4754 est
891 4693 1235 4773 ostendere,
1266 4697 1421 4775 quod
1468 4706 1697 4776 spectat
1727 4697 1800 4757 ad
1861 4714 2000 4775 pro-

2125 4691 2258 4747 νύειν
2305 4691 2515 4757 ἕτοιμος
2564 4693 2645 4771 εἰφ
2687 4693 3010 4770 προφητείαν
3053 4693 3188 4767 ὅμου
3246 4695 3334 4750 καὶ
3385 4693 3745 4769 συμπάθειαν·

349 4781 607 4862 pbetiam
659 4782 836 4844 simul
877 4793 939 4844 et
995 4785 1632 4848 commiserationem:
1691 4785 1846 4866 quod
1902 4787 2000 4847 in-

2125 4783 2146 4836 ὺ
2203 4781 2461 4859 ἁμαρτίας
2506 4781 2785 4859 ἀνθρώσων
2846 4783 2983 4862 φημί
3040 4781 3100 4837 ἐκ
3158 4790 3251 4839 τοῦ
3298 4783 3523 4862 ἀφανοῦς
3580 4785 3742 4860 ὁρᾷ-θ,

344 4891 518 4953 quam
584 4881 825 4952 peccata
883 4874 1192 4935 hominum
1253 4875 1478 4936 videret
1536 4894 1602 4936 ex
1664 4877 1880 4942 oculto.
1947 4884 2005 4936 et

2125 4871 2173 4925 αὶ
2248 4872 2436 4934 ταύτας
2506 4871 2732 4950 ἀφιέναι,
2795 4872 3016 4948 γνώμης
3089 4893 3144 4928 τε
3217 4871 3576 4950 φιλανθρωπίᾳ
3648 4875 3744 4930 καὶ

345 4979 416 5024 ea
444 4964 799 5038 remitteret,
833 4964 1016 5024 animi
1053 4963 1412 5042 benignitate
1470 4973 1528 5026 et
1563 4965 1767 5042 gratiae
1808 4965 2000 5026 abun-

2125 4962 2308 5035 ‘épttoq
2383 4959 2648 5035 δαψιλείᾳ·
2720 4969 3002 5041 πανταχοῦ
3082 4968 3188 5019 τῶν
3273 4961 3461 5018 ἑαῦτοῦ
3539 4961 3742 5039 τρόπον

341 5051 564 5116 dantia.
616 5052 848 5132 Ubique
879 5071 1018 5113 suos
1074 5072 1270 5114 mores
1299 5055 1573 5116 servabat
1627 5073 1871 5132 magnus
1900 5055 2000 5116 ille

2125 5071 2262 5128 ισπερ
2322 5049 2572 5116 ἀκίνητόν
2624 5072 2739 5106 τινα
2799 5051 2960 5124 νόμον
3018 5054 3044 5107 6
3093 5051 3261 5128 μέγας
3320 5050 3618 5130 φυλάττων,
3652 5049 3742 5106 λι-

338 5143 646 5219 Spiridon,
680 5143 1090 5204 delectabatur
1123 5144 1379 5206 maxime
1435 5144 1718 5206 tenuitate
1753 5154 1810 5206 et
1868 5146 1994 5206 fru—

2125 5140 2265 5206 ότητι
2325 5139 2556 5213 μάλιστα
2614 5140 2818 5218 χαίρων
2861 5141 3073 5214 ἧν,ἅτε
3132 5141 3195 5207 δὴ
3253 5141 3341 5196 τὸν
3378 5143 3563 5197 ἑαυτοῦ
3621 5151 3738 5196 Δε-

337 5233 594 5312 galitate,
653 5241 718 5294 ut
767 5233 866 5311 qui
921 5234 1094 5294 vellet
1143 5252 1314 5294 suum
1371 5233 1592 5295 imitari
1649 5233 1990 5300 Dominum.

2125 5231 2285 5296 πότην
2347 5230 2628 5303 μιμεῖσθαι
2687 5228 3030 5304 βουλόμενος.
3072 5228 3200 5288 Οὔτε
3246 5231 3347 5308 γὰρ
3399 5229 3555 5304 ’ίππῳ
3599 5231 3737 5306 πρὸς

337 5322 541 5402 Neque
557 5328 711 5383 enim
735 5340 886 5401 equo
921 5321 1201 5382 utebatur
1231 5324 1775 5403 iteringrediendo,
1800 5343 1994 5404 neque

2125 5341 2169 5382 ις
2229 5317 2523 5397 ὁδοιπορίας
2579 5318 2804 5397 ἐχρῆτο,
2865 5319 2978 5375 οὔτε
3037 5321 3144 5393 μὴν
3212 5319 3273 5375 τό
3335 5320 3465 5396 πρὸς
3523 5320 3736 5383 πάντας

335 5431 402 5476 se
423 5409 765 5472 removebat
791 5409 866 5472 ab
891 5413 1156 5472 omnium
1183 5431 1458 5474 sermone
1488 5423 1546 5474 et
1567 5415 1990 5491 congressione

2125 5409 2397 5483 νομίλητόν
2466 5429 2523 5465 τε
2581 5411 2668 5464 καὶ
2737 5407 2959 5484 ἄμικτον
3030 5407 3094 5479 δή
3167 5431 3216 5464 τι
3289 5410 3485 5482 σεμνὸν
3551 5410 3738 5482 ἐαυτῷ

330 5509 610 5581 tanquam
671 5501 771 5580 qui
803 5519 874 5560 ex
927 5519 996 5561 eo
1050 5499 1238 5564 videri
1293 5503 1469 5562 vellet
1506 5505 1738 5582 gravior
1787 5513 1845 5564 et
1886 5522 1986 5564 se-

2125 5511 2456 5576 εριεποιεττο.
2507 5499 2656 5556 Ἐπεὶ
2711 5497 2835 5576 γοῦν
2881 5497 3011 5577 ἔφθη
3066 5499 3196 5554 ποτὲ
3252 5499 3514 5561 συντόνως
3576 5496 3733 5553 ὁδοι-

327 5589 545 5655 verior.
583 5589 728 5650 Cum
753 5607 895 5668 ergo
917 5589 1236 5669 aliquando
1267 5591 1651 5653 vehementer
1679 5591 1983 5655 ambulas-

2125 5590 2313 5666 ›ρήσας
2386 5588 2475 5643 καὶ
2530 5583 2648 5643 ὁδοῦ
2719 5587 2881 5663 μήκει
2952 5587 3074 5650 τοὸς
3133 5583 3301 5650 πόδας
3371 5585 3724 5660 πεπονηκὼς,

325 5692 434 5761 set,
459 5687 516 5745 et
547 5675 848 5757 defatigati
881 5679 1311 5761 esssentpedes
1337 5680 1572 5742 itineris
1593 5681 1980 5760 longitudine,

2163 5678 2266 5739 τινί
2322 5698 2378 5736 τε
2437 5682 2543 5734 τῶν
2611 5675 2774 5762 φίλων
2833 5673 2927 5732 καῖ
2984 5680 3081 5745 τῆς
3138 5679 3295 5736 αὐτοῦ
3351 5675 3582 5754 ποίμνης
3643 5682 3729 5756 τῷ
