4028 6138
159 293 268 359 ιίὶθ

1466 292 1655 356 νΙΤΑ
1700 291 1762 355 8.
1810 292 2280 356 SPYRIDONIS.

3442 278 3564 363 430

164 432 413 512 θρέμματι
439 426 822 511 ξενιζόμενος,
858 432 1046 509 αὐτὸς,
1097 430 1191 488 οἷα
1241 439 1335 490 τοῦ
1387 429 1586 508 ἆγαθοῦ
1627 427 1825 504 ποιμέ-

1918 435 2021 489 eta
2055 427 2315 504 quodam
2350 446 2599 491 suorum
2653 430 3074 509 amicorum,et
3102 430 3256 494 bona
3290 433 3383 495 sui
3417 452 3562 512 gre-

173 545 257 588 νος
310 525 497 599 ἀγαθὸν
565 515 881 601 πρόϐατον,
947 522 1032 577 καὶ
1087 522 1216 597 πρὸς
1284 521 1376 576 τὸν
1449 520 1648 576 ἑκείνου
1718 519 1829 595 βίον

171 614 347 688 ὥσπερ
404 612 473 674 εἰς
550 608 862 667 κάλλιστον
948 611 1247 689 ἀρχέτυπον
1325 609 1558 687 ἀφορῶν,
1620 610 1681 664 τὸ
1738 610 1830 664 τοῦ

171 700 503 773 διᾶιτηιάλον,
548 696 763 773 μᾶλλον
809 697 868 754 δὲ
913 701 972 755 τὸ
1028 698 1120 756 τοῦ
1169 697 1437 755 Δεσπότου
1494 701 1577 755 οιαὶ
1621 699 1831 775 πρώτου

169 790 483 849 διδασκάλου
552 795 815 866 Χριστοῦ,
881 786 1078 847 ἐδείκνυ
1151 787 1388 865 μέτριον.
1467 784 1651 844 Λαϐὼν
1728 788 1829 865 γὰρ

168 880 307 959 ὕδωρ
362 881 450 936 καὶ
509 885 588 952 τῷ
646 883 871 955 νιπτῆρι
916 879 1115 954 βαλὼν,
1162 878 1373 951 ἕτοιμος
1433 876 1498 944 ἦν
1556 883 1634 951 τῷ
1696 876 1828 953 ἁγίῳ

178 972 305 1035 τοὺς
350 967 508 1033 πόδας
562 968 974 1044 ἐκθεραπεῖηαι,
1035 968 1093 1025 Οἱ
1151 987 1212 1045 γε
1282 967 1391 1042 μὴν
1434 966 1489 1022 ἐν
1550 967 1828 1043 γειτόνων,

185 1062 311 1117 Επεὶ
361 1063 445 1115 τον
492 1057 644 1134 ἅγιον
713 1055 945 1132 ᾔσθοντο
1033 1056 1384 1133 παρελθόντα,
1448 1056 1687 1113 συνέθεον
1744 1056 1831 1110 καὶ

204 1149 363 1221 αὐτοὶ,
423 1149 497 1203 καί
538 1145 689 1203 ὠδὶν
747 1150 912 1213 ἧττον
967 1142 1243 1203 ὲϐούλοντο
1299 1158 1417 1210 τοῖς
1447 1150 1602 1202 ποσὶν
1633 1145 1832 1202 ἐκείνου

190 1245 344 1293 τοῦτο
389 1248 586 1314 ποιεῖν,
645 1236 736 1291 καὶ
778 1237 851 1299 ὡς
897 1235 1271 1313 περιμάχητόν
1321 1255 1371 1290 τι
1402 1234 1527 1312 παρ’
1557 1235 1739 1297 αὺτοῖς
1770 1234 1830 1288 τὸ

183 1332 403 1403 πρᾶγμα
444 1326 669 1397 ἐτίθουν,
716 1326 811 1379 καὶ
870 1325 970 1390 τῆς
1015 1322 1255 1400 εὐλογίας
1302 1319 1669 1401 ἀμφισϐητουν
1728 1320 1829 1377 ἆλ-

184 1414 393 1484 hilo“.

260 1592 365 1651 Μ’.
423 1593 517 1651 Ἐν
579 1596 765 1656 αὐτοῖς
821 1592 910 1649 οὖν
974 1594 1060 1650 καὶ
1120 1594 1253 1671 γυνή
1316 1615 1394 1654 τις
1453 1592 1573 1655 τοὺς
1617 1587 1828 1652 πλείους

180 1682 700 1761 παραγαωνιζομὲνη
773 1680 950 1751 πολλή
1035 1704 1113 1746 τις
1185 1682 1274 1760 ἦν,
1363 1689 1514 1738 τοῦτο
1597 1677 1829 1754 μάλιστα

1910 516 2001 595 gis
2037 517 2268 593 pecude
2299 518 2561 596 hospitio
2587 526 2749 579 esset
2772 526 3081 598 exceptus,
3109 522 3243 598 ipse
3273 528 3562 601 tanquam

1910 606 2035 666 ovis
2068 606 2207 669 boni
2234 609 2516 681 Pastoris,
2545 616 2603 669 et
2634 608 2737 688 qui
2769 609 2842 670 ad
2876 609 3036 671 illius
3065 612 3245 672 vitam
3279 619 3561 692 tanquam

1912 694 2384 773 pulcherrimum
2435 698 2738 778 exemplar
2770 697 3134 775 intueretur,
3169 700 3440 779 magistri
3471 701 3562 762 vel

1912 782 2103 862 potius
2135 785 2373 847 Domini
2404 794 2463 847 et
2509 787 2681 866 primi
2718 788 2991 868 magistri
3023 788 3271 870 Christi,
3305 791 3568 861 ostendit

1912 871 2411 935 moderationem.
2448 874 2595 938 Nam
2655 894 2790 937 cum
2848 876 3186 955 accepisset
3233 897 3476 958 aquam,
3507 889 3566 943 et

1914 977 2042 1021 eam
2074 960 2135 1022 in
2168 960 2471 1023 lavacrum
2501 963 2873 1045 immisisset,
2911 974 3153 1045 paratus
3187 977 3315 1029 erat
3355 976 3564 1030 sancto

1914 1048 2110 1110 lavare
2142 1052 2469 1130 pedes.Qui
2492 1062 2687 1116 autem
2715 1065 2887 1116 erant
2907 1055 2968 1115 in
2994 1056 3233 1132 vicinia,
3260 1075 3394 1119 cum
3418 1075 3562 1120 sen-

1913 1138 2135 1201 sissent
2161 1148 2434 1202 sanctum
2481 1142 2833 1219 accessisse,
2868 1145 2983 1224 ipsi
3032 1164 3273 1226 quoque
3304 1164 3563 1209 concur-

1914 1237 2121 1289 rerunt
2143 1237 2201 1290 et
2225 1229 2503 1292 volebant
2532 1232 2720 1294 nihilo
2751 1234 2952 1295 secius
2985 1235 3096 1296 hoc
3134 1235 3329 1315 ipsum
3362 1235 3564 1299 facere

1915 1316 2074 1378 illius
2106 1318 2392 1397 pedibus:
2427 1339 2679 1403 eamque
2701 1340 2827 1384 rem
2853 1322 3150 1387 ducebant
3182 1324 3560 1404 hujusmodi,

1915 1414 1980 1466 ut
2012 1407 2085 1468 de
2114 1426 2185 1469 ea
2214 1427 2278 1470 re
2309 1419 2472 1473 esset
2498 1411 2656 1473 inter
2684 1430 2786 1473 eos
2833 1412 3288 1488 decertandum,
3319 1421 3379 1476 et
3406 1414 3563 1477 inter

1914 1514 1979 1558 se
2011 1498 2457 1562 contendebant
2487 1502 2564 1562 de
2594 1500 3042 1564 benedictione.

1994 1587 2097 1649 XI.
2131 1585 2294 1648 Inter
2316 1606 2420 1651 eos
2436 1597 2635 1651 autem
2662 1598 2792 1651 erat
2813 1592 2990 1652 etiam
3013 1591 3286 1672 quaedam
3320 1593 3555 1673 mulier,

1914 1693 2045 1755 quae
2072 1677 2415 1757 complures
2436 1678 2498 1739 in
2530 1680 2642 1741 hoc
2673 1680 3004 1742 certamine
3034 1681 3355 1762 superabat
3383 1699 3561 1760 urge-

179 1772 359 1851 δρᾶσαι
404 1770 703 1848 βιαζομένῃ
735 1788 751 1803 ·
803 1775 868 1837 ἦν
920 1768 974 1825 δὲ
1006 1771 1138 1837 αὕτη
1167 1778 1403 1849 σαρκικῷ
1434 1770 1585 1849 ἔρωτι
1630 1768 1829 1824 ἁλοῦσα

1918 1764 2152 1844 batque,
2191 1777 2251 1828 et
2281 1767 2394 1829 hoc
2428 1769 2684 1830 maxime
2744 1768 2975 1831 volebat
3036 1770 3259 1834 facere.
3308 1772 3392 1833 Ea
3421 1788 3559 1833 vero

177 1864 250 1936 μὴ
306 1863 413 1939 πρὸ
464 1860 694 1931 πολλοῦ,
748 1863 831 1916 καὶ
884 1857 1083 1935 ἥττων,
1131 1859 1336 1935 οἵμοιί
1414 1857 1675 1936 γενομένη
1730 1857 1826 1923 τῆς

176 1951 433 2029 ἁμαρτίας
470 1965 485 1979 ⁸
538 1951 696 2013 nam
755 1947 809 2004 δὲ
869 1950 942 2012 εἰς
1017 1947 1230 2027 καρδίαν
1287 1946 1449 2013 ὅντως
1520 1951 1678 2023 ὁρῶν,
1739 1948 1826 2002 καὶ

173 2042 263 2096 οἷα
293 2042 363 2096 τὰ
420 2039 638 2105 ἐκείνης
688 2038 747 2094 εὗ
803 2038 1179 2112 ἐπιστάμενος,
1209 2036 1382 2116 ἡρέμα
1413 2037 1509 2113 μὲν
1540 2037 1600 2092 τὸ
1627 2034 1827 2111 ἥμερον

174 2130 343 2186 iubeo
403 2130 498 2184 καὶ
563 2126 661 2194 ἡδὺ
720 2127 854 2202 αὗτῇ
908 2128 1192 2205 πρόσωπον
1248 2126 1590 2206 ἀποστρέφει,
1651 2123 1826 2201 ἡρέμα

173 2217 221 2274 ἴε
250 2220 339 2275 καὶ
384 2218 526 2294 πρὸς
559 2216 752 2289 αὐτὴν,
786 2223 873 2283 Μή
904 2238 1004 2290 μου
1051 2216 1261 2288 ἇίπτου,·
1286 2220 1437 2293 φησὶ,
1470 2216 1619 2292 γύναι
1656 2234 1667 2248 ·
1705 2211 1828 2291 οὗχ’

171 2312 233 2372 ὡς
269 2306 331 2361 ἄν
377 2330 466 2368 τις
528 2305 681 2362 εἴποι
742 2306 928 2361 ἑαυτὸν
989 2306 1366 2380 ἂποσεμνύνωι
1412 2305 1448 2371 ἢ
1496 2306 1557 2360 τὸ
1618 2303 1828 2380 γύναιον

176 2398 583 2471 μυσαττόμενος
637 2393 778 2474 (πῶς
863 2396 963 2472 γὰρ
1020 2394 1265 2468 μαθητὴς
1321 2393 1393 2451 ὢν
1457 2393 1679 2471 ἐκείνου,
1741 2394 1831 2447 τοῦ

176 2490 255 2542 καὶ
321 2486 589 2547 τελώναις
669 2486 756 2540 καὶ
844 2484 1085 2561 πόρναις,
1146 2486 1232 2540 καὶ
1288 2482 1631 2562 ἀμαρτωλοτς
1698 2502 1827 2537 συν-

181 2577 439 2637 εσθίοντος
479 2573 553 2653 ε),
608 2571 729 2628 ἀλλ’
790 2572 1054 2650 ἐντρέπων
1112 2573 1300 2653 αὐτὴν,
1347 2574 1438 2629 καί
1496 2574 1568 2634 εἰς
1629 2569 1829 2627 ἔννοιαν

183 2662 463 2738 ἐμϐάλλων
523 2667 624 2731 τῆς
711 2669 950 2739 πονηρᾶς
1009 2660 1267 2740 πράξεως,
1329 2664 1414 2719 διαὶ
1467 2661 1636 2728 ἠπίως
1694 2658 1831 2716 οὕτω

184 2758 304 2830 προς
349 2755 645 2829 μετάνοιαν
679 2751 1087 2826 ἐκκαλούμενος,
1141 2752 1171 2807 ὃ
1224 2750 1289 2819 δη
1347 2756 1436 2807 καὶ
1490 2750 1653 2827 πέρας
1702 2750 1830 2827 εἶχε

192 2847 271 2899 καὶ
322 2844 463 2899 κατὰ
524 2844 730 2898 σκοπὸν
793 2845 935 2914 αὐτῷ
990 2840 1249 2908 διηνύετο.
1312 2845 1407 2905 Ὠς
1483 2840 1583 2917 γὰρ
1638 2841 1673 2907 ἡ
1734 2840 1830 2913 μὲν

199 2931 464 2990 ἓιετεξνετο
521 2934 614 2988 καὶ
686 2932 766 2988 ἔτι
852 2929 1034 3003 δρᾶσαι
1092 2933 1153 2987 τὸ
1223 2928 1664 3004 σπουδαζόμενον,
1744 2928 1829 2982 καὶ

207 3022 398 3089 πολλὴν
452 3025 640 3099 εἰσῆγε
686 3022 787 3077 τὶν
832 3020 1097 3093 ἔνστασιν,
1128 3023 1156 3077 ὁ
1186 3019 1239 3076 δὲ
1282 3021 1370 3076 καὶ
1424 3018 1630 3093 μᾶλλον
1672 3015 1831 3083 αὐτῆς

1912 1850 2100 1916 fuerat
2138 1855 2292 1916 haud
2327 1855 2408 1918 ita
2438 1858 2671 1937 pridem
2703 1866 2874 1939 capta
2931 1861 3156 1922 carnali
3209 1878 3438 1939 amore,
3500 1866 3563 1921 et

1912 1942 2243 2022 victa,proh
2276 1945 2449 2007 dolor
2476 1948 2490 2005 !
2521 1967 2555 2007 a
2579 1955 2844 2026 peccato.
2881 1950 3012 2027 Ipse
3037 1957 3235 2011 autem
3261 1965 3469 2011 revera
3495 1947 3559 2009 in

1910 2050 2013 2092 cor
2040 2033 2414 2108 intuens,-et
2445 2044 2506 2098 ut
2536 2037 2639 2116 qui
2681 2037 2885 2113 sciret,
2921 2037 3428 2117 quemadmodum
3461 2054 3559 2098 res

1911 2122 2042 2199 ejus
2073 2139 2137 2182 se
2162 2123 2432 2198 haberet,
2468 2126 2690 2187 sensim
2743 2125 2982 2205 quidem
3035 2132 3246 2189 avertit
3276 2144 3556 2189 mansue-

1911 2218 2032 2270 tum
2066 2210 2228 2272 illam
2286 2221 2345 2274 et
2394 2232 2634 2275 suavem
2669 2234 2836 2277 suam
2867 2216 3122 2289 faciem;
3157 2216 3381 2278 sensim
3414 2234 3558 2278 vero

1913 2299 2231 2381 eiquoque
2252 2301 2399 2364 dicit
2429 2321 2443 2365 :
2478 2304 2564 2364 Ne
2599 2321 2694 2365 me
2723 2311 2950 2382 tangas,
3010 2305 3268 2382 mulier;
3316 2323 3458 2379 non,
3496 2311 3563 2367 ut

1914 2388 2134 2450 dixerit
2175 2390 2497 2471 quispiam,
2557 2391 2671 2455 sibi
2724 2393 2965 2473 placens
3011 2402 3071 2453 et
3119 2411 3185 2455 se
3245 2393 3560 2473 magniﬁce

1912 2479 2430 2560 circumspiciens,
2484 2490 2585 2544 aut
2633 2482 2952 2544 mulierem
3003 2481 3355 2544 abominans
3385 2492 3560 2563 (quo-

1912 2569 2088 2630 modo
2120 2572 2308 2649 enim,
2351 2572 2453 2651 qui
2485 2579 2618 2634 erat
2664 2571 2826 2633 illius
2855 2570 3183 2652 discipulus
3211 2571 3311 2651 qui
3344 2589 3558 2634 vesce-

1912 2658 2085 2721 batur
2113 2680 2245 2721 cum
2300 2661 2658 2742 publicanis,
2705 2662 3130 2725 meretricibus
3189 2672 3247 2724 et
3277 2670 3557 2743 peccato-

1911 2747 2156 2827 ribus?)
2188 2749 2293 2812 sed
2342 2768 2471 2811 eam
2532 2752 2760 2831 pudore
2806 2750 3096 2825 afﬁciens,
3147 2758 3214 2811 et
3242 2758 3472 2830 turpem
3504 2752 3559 2813 ei

1916 2838 2205 2899 actionem
2248 2857 2536 2902 revocans
2580 2842 2639 2901 in
2669 2841 3043 2915 memoriam,
3079 2847 3138 2902 et
3157 2840 3243 2902 sic
3274 2860 3402 2903 eam
3433 2841 3560 2921 pla-

1916 2927 2050 2988 cide
2068 2945 2284 2989 vocans
2304 2928 2376 2990 ad
2417 2929 2833 3009 paenitentiam
2863 2952 2877 2992 :
2907 2931 3064 3011 quod
3089 2930 3332 3011 quidem
3365 2939 3458 2992 est
3483 2930 3561 2993 ab

1917 3033 1986 3077 eo
2010 3017 2362 3096 perfectum,
2396 3027 2455 3080 et
2487 3038 2731 3099 scopum
2763 3030 2853 3083 est
2874 3028 3211 3082 assecutus.
3233 3020 3363 3092 Quo
3382 3019 3558 3087 enim

199 3113 431 3168 ιαθίκετο
508 3111 979 3188 πληκτικώτερον,
1070 3109 1200 3187 ὅπερ
1292 3108 1469 3175 ἐγείνη
1560 3106 1828 3185 πέπραχε,

360 3207 377 3214 -
479 3200 529 3214 .-
640 3202 654 3214 .
856 3204 864 3214 .
993 3196 1034 3214 κ.
1176 3200 1188 3214 .
1289 3198 1365 3214 ..
1479 3202 1506 3212 η
1603 3195 1619 3214 κ
1800 3195 1827 3214 τ

1919 3105 2018 3166 illa
2058 3108 2262 3207 .magis
2320 3108 2723 3214 contendebat
2777 3109 3024 3214 facere",
3046 3108 3205 3188 quod
3261 3106 3562 3208 studebat,

191 3207 415 3280 φανερῶς
477 3200 703 3266 ἐξειπὼν
737 3243 754 3257 .

188 3291 278 3357 τῆς
330 3292 709 3364 ἒπιτιμήσεως
748 3290 848 3357 τὴν
906 3288 1088 3369 ψυχὴν
1149 3286 1442 3366 πληγεῖσα,
1501 3284 1834 3361 ἐκπλαγεῖσα

191 3379 241 3435 δὲ
294 3381 375 3436 ὅτι
433 3381 522 3439 καὶ
578 3384 707 3457 πρὸς
757 3379 880 3443 τοὺς
945 3381 1044 3446 τῆς
1104 3382 1289 3457 ψυχῆς
1348 3377 1595 3438 ἀθεάτους
1641 3372 1831 3448 ἔϐλεψε

194 3470 482 3543 μώλωπας,
541 3466 692 3525 ὕῖασι
731 3470 832 3544 μὲν
879 3470 972 3525 οὑκ
1011 3467 1112 3543 ἔτι,
1159 3466 1373 3543 δάκρυσι
1404 3463 1457 3521 δὲ
1501 3469 1619 3529 τους
1667 3461 1830 3527 πόδας

194 3559 553 3637 ἁποιαθαίρει,
612 3560 700 3614 καὶ
757 3554 1007 3636 συντριϐῇ
1076 3554 1286 3635 καρδίας
1373 3551 1696 3632 ἀπαγγέλλει
1772 3554 1834 3608 τὸ

196 3647 589 3726 πεπραγμένον.
634 3647 693 3703 Τί
757 3649 896 3719 οὗν;
944 3648 979 3714 ἡ
1038 3647 1136 3722 μὲν
1193 3647 1321 3722 πρὸς
1384 3647 1540 3703 αὐτὸν
1601 3644 1666 3698 τὰ
1735 3643 1833 3709 τῆς

198 3740 411 3815 πόρνης,
462 3740 492 3793 ὁ
536 3735 594 3792 δὲ
653 3738 719 3792 τὰ
780 3747 875 3794 τοῦ
938 3736 1208 3792 Δεσπόῑου
1263 3731 1834 3812 παρῤησιαστικώτατα

200 3830 318 3903 πρὸς
377 3826 573 3899 αὐτὴν,
610 3848 638 3881 ιι
674 3828 889 3904 Θάρσει,
950 3826 1194 3903 θύγατερ,
1244 3826 1423 3903 φησὶν,
1456 3820 1717 3902 ἀφέωνταί
1750 3840 1830 3875 σοι

198 3920 242 3973 αἱ
271 3917 523 3994 ἁμαρτίαι
584 3937 699 3975 σου.
741 3937 765 3972 ι
804 3917 902 3973 Καὶ
960 3917 1105 3978 αὖθις
1140 3930 1153 3943 ’
1216 3932 1245 3972 (
1277 3911 1373 3969 ἰδε
1403 3913 1548 3989 υγίὴς
1583 3910 1828 3989 γέγονας,

199 4007 384 4082 μηκέτι
416 4006 711 4084 ἁμάρτανε,
748 4028 777 4061 ι
811 4005 922 4079 ἃμα
952 4006 1038 4061 καὶ
1066 4004 1162 4072 τὴν
1207 4002 1360 4059 νόσον
1403 4002 1539 4058 κατὰ
1570 4001 1688 4062 τώς
1733 4020 1830 4054 σο-

198 4098 314 4175 ροὺς
373 4100 485 4151 τῶν
530 4096 724 4173 ἰατρῶν
780 4094 1003 4169 ἰώμενος
1078 4096 1162 4149 καὶ
1220 4094 1282 4149 τὸ
1340 4093 1418 4167 μὴ
1474 4103 1592 4153 τοῖς
1648 4088 1830 4151 αὐτοῖς

195 4186 346 4242 πάλιν
413 4197 728 4261 περιπεσεῖν
786 4184 1243 4263 προμηθούμενος.
1337 4180 1485 4239 Οὕτω
1563 4180 1661 4254 μὲν
1745 4177 1832 4233 οὖν

194 4274 365 4340 ἐκείνη
430 4273 724 4351 χαρποῧται
781 4275 847 4330 τὰ
898 4278 994 4340 τῆς
1049 4273 1241 4335 ἰάσεως
1300 4269 1561 4327 κάλλιστά
1633 4289 1691 4324 τε
1748 4274 1835 4329 καὶ

194 4360 606 4441 ὠφελιμώτατα,
665 4362 739 4426 ὠς
798 4362 877 4435 μὴ
937 4361 1099 4437 μόνον
1131 4360 1265 4437 αὒτῇ
1292 4362 1392 4427 τὴν
1420 4359 1596 4437 ὑγείαν
1627 4356 1835 4430 ἀμετά-

194 4448 387 4516 ϐλητον
446 4463 655 4529 μεῖναι,
717 4449 858 4507 ἀλλὰ
900 4454 985 4506 καὶ
1044 4463 1161 4512 τοῖς
1206 4448 1389 4511 ἄλλοις
1448 4445 1832 4525 διηγουμένῳ,

195 4540 437 4620 (im-iw
470 4538 693 4605 πολλοῖς
721 4542 853 4619 πρὸς
882 4541 1146 4619 σωτηρίαν
1177 4540 1422 4619 ὀφθῆναι,

280 4716 385 4776 ιβ’.
435 4718 595 4776 Ἐπεὶ
641 4717 696 4775 δὲ
724 4719 817 4775 τὸν
850 4719 947 4793 μὲν
995 4718 1107 4794 βίον
1151 4719 1305 4774 ἱκανὰ
1351 4723 1714 4796 τεκμηριῶσαι
1770 4717 1837 4773 τὰ

196 4810 456 4887 θαύματα,
518 4807 603 4866 δεῖ
658 4807 711 4864 δὲ
767 4808 1018 4885 γνωρίσαι
1083 4808 1202 4870 οἶος
1259 4808 1324 4875 ἧν
1378 4810 1521 4882 αὖτῷ
1577 4809 1664 4863 οιαὶ
1720 4808 1837 4885 περὶ

194 4900 287 4967 τὴν
349 4900 526 4955 πίστιν
580 4901 607 4954 ὁ
664 4895 852 4976 ζῆλος,
905 4898 965 4953 τὸ
1021 4900 1365 4975 προκείμενον
1421 4909 1660 4976 γνωριεῖ.
1708 4896 1837 4954 ’Ὅτε

194 4988 471 5063 Ῥωμαίων
554 4986 696 5065 ἦρχε
769 4986 868 5060 μὲν
954 4995 1352 5052 Κωνσταντϊνος
1431 4989 1458 5043 ὁ
1517 4995 1681 5063 μέγας
1752 4986 1837 5041 καὶ

191 5085 396 5156 πρῶτος
453 5076 507 5133 ἐν
550 5075 828 5153 βασιλεῦσι
882 5077 1219 5154 Χριστιανὸς,
1279 5076 1503 5133 ὑπάτευε
1574 5074 1627 5131 δὲ
1690 5081 1836 5131 Παυ-

189 5167 338 5229 λῖνος
399 5168 491 5223 καὶ
544 5165 833 5229 Ἰουλιανός
869 5182 883 5198 ’
939 5165 1044 5221 ἀπὸ
1092 5164 1146 5221 δὲ
1199 5168 1295 5232 τῆς
1349 5162 1689 5244 Ἀλεξάνδρου
1746 5171 1840 5220 τοῦ

186 5258 459 5314 ⁴ὴλίππου
500 5254 804 5333 βασιλείας,
861 5252 1011 5311 ’ἐκτον
1076 5256 1164 5312 καὶ
1218 5258 1532 5333 τριακοστὸν
1584 5256 1672 5311 καὶ
1711 5252 1834 5319 ἐξα-

185 5349 465 5406 κοσιοστὸν
520 5346 714 5415 ἠνύετο
758 5346 876 5408 ἔτος
913 5361 929 5380 ⁸
990 5344 1050 5400 τό
1094 5366 1151 5402 τε
1205 5342 1269 5413 δὴ
1315 5347 1402 5402 καὶ
1446 5347 1480 5413 ἡ
1536 5344 1589 5401 ὲν
1648 5343 1837 5417 Νικαίᾳ

185 5437 514 5519 περιώνυμος
574 5441 682 5495 τῶν
740 5433 907 5514 ἁγίων
968 5433 1215 5513 Πατέρων
1274 5434 1543 5511 ἠθροίζετο
1597 5432 1832 5511 σύνοδος,

260 5602 295 5653 3
324 5600 464 5665 an.
513 5614 621 5678 vn,
656 5597 767 5660 4⁸7.
858 5593 888 5646 ι
911 5592 1083 5664 Joan.
1117 5616 1175 5682 ν,
1204 5596 1307 5662 44.

808 3204 926 3256 τότε
985 3196 1050 3266 δὴ
1106 3200 1194 3255 καὶ
1248 3198 1383 3264 αὕτη
1440 3202 1517 3269 τῷ
1559 3195 1656 3270 μὲν
1690 3195 1831 3274 σοφῷ

1919 3194 2222 3275 magisque
2254 3196 2501 3274 urgebat
2543 3206 2601 3259 et
2632 3197 2918 3277 instabat,
2962 3198 3066 3259 ille
3097 3215 3171 3259 eo
3198 3198 3399 3261 acrius
3429 3215 3562 3259 eam

1918 3285 2127 3362 tetigit,
2161 3293 2364 3365 aperte
2400 3286 2610 3349 dicens
2640 3285 2723 3362 id,
2758 3288 2915 3367 quod
2946 3286 3049 3348 illa
3090 3287 3338 3349 fecerat.
3394 3285 3564 3349 Tunc

1915 3372 2042 3453 ipsa
2071 3374 2328 3454 sapienti
2373 3377 2616 3456 quidem
2668 3376 3139 3458 reprehensione
3167 3377 3367 3439 animo
3410 3394 3566 3438 sau-

1916 3462 2090 3536 ciata,
2143 3463 2554 3544 obstupefacta
2610 3475 2832 3544 autem,
2870 3465 3023 3545 quod
3058 3465 3160 3545 qui
3190 3464 3302 3526 sub
3353 3463 3563 3526 oculos

1918 3569 2036 3612 non
2061 3552 2375 3627 cadebant,
2409 3554 2623 3615 animm
2656 3555 2864 3616 livores
2896 3554 3246 3633 aspexisset,
3282 3572 3401 3614 non
3433 3570 3566 3614 am-

1919 3641 2073 3719 plius
2101 3640 2342 3720 quidem
2373 3644 2561 3722 aquis,
2601 3644 2879 3724 lacrymis
2908 3652 3112 3704 autem
3141 3641 3322 3721 pedes
3353 3658 3564 3701 emun-

1918 3730 2035 3801 dat,
2073 3737 2131 3790 et
2178 3731 2434 3791 contrito
2498 3733 2679 3793 corde
2738 3732 3006 3794 enuntiat
3058 3732 3112 3792 id
3149 3729 3309 3807 quod
3341 3729 3562 3790 factum

1917 3818 2126 3880 fuerat.
2161 3818 2313 3891 Quid
2365 3819 2555 3899 ergo?
2607 3822 2707 3883 illa
2737 3821 2979 3900 quidem
3012 3820 3064 3879 ei
3097 3836 3167 3881 ea
3196 3837 3329 3898 quae
3360 3836 3561 3880 mere-

1917 3907 2032 3969 trix
2060 3928 2075 3984 ;
2107 3907 2237 3988 ipse
2268 3917 2467 3969 autem
2498 3927 2568 3969 ea
2597 3927 2729 3988 quae
2774 3908 3084 3984 Dominus,
3120 3906 3175 3968 ei
3205 3906 3348 3969 dicit
3376 3906 3564 3969 liber-

1914 3997 2066 4057 rime
2100 4019 2115 4056 :
2151 4020 2173 4054 α
2212 3998 2482 4071 Conﬁde,
2517 3998 2634 4058 ﬁlia
2667 4018 2681 4059 :
2716 3996 2962 4058 dimissa
3010 4006 3149 4059 sunt
3181 3995 3288 4057 tibi
3321 4002 3567 4076 peccata

1917 4094 2014 4147 tua
2032 4088 2087 4150 5.
2127 4110 2150 4145 »
2184 4087 2252 4146 Ει
2289 4106 2523 4149 rursus:
2561 4110 2590 4145 ι
2612 4087 2767 4150 Ecce
2800 4104 2945 4148 sana
2968 4086 3118 4148 facta
3137 4103 3203 4147 es
3233 4105 3251 4161 ;
3277 4085 3398 4148 noli
3426 4102 3564 4147 am-

1918 4176 2071 4257 plius
2104 4196 2350 4257 peccare
2374 4179 2432 4240 4:
2463 4202 2484 4235 υ
2516 4178 2691 4239 simul
2736 4186 2793 4238 et
2822 4176 3097 4238 morbum
3132 4193 3374 4251 curans,
3409 4177 3565 4237 sicut

1916 4268 2217 4346 sapientes
2238 4267 2544 4348 medici,et
2575 4266 2897 4348 providens
2922 4284 2998 4327 ne
3022 4283 3231 4327 rursus
3261 4267 3318 4326 in
3350 4263 3562 4328 eadem

1916 4356 2159 4418 incidat.
2212 4358 2406 4438 Atque
2456 4356 2542 4418 sic
2586 4357 2687 4419 illa
2717 4356 2962 4438 quidem
2993 4355 3362 4418 curationem
3395 4371 3566 4417 asse-

1919 4448 2120 4527 quitur
2142 4447 2542 4525 pulcherrime
2573 4456 2631 4508 et
2668 4447 3004 4520 utilissime,
3041 4454 3105 4507 ut
3131 4463 3250 4506 non
3280 4442 3473 4506 solum
3508 4442 3568 4506 ei

1918 4543 2078 4598 esset
2106 4536 2324 4597 sanitas
2356 4537 2768 4612 immutabilis,
2790 4536 2896 4600 sed
2920 4536 3097 4597 etiam
3125 4533 3262 4598 aliis
3288 4550 3564 4611 narrans,

1921 4625 2121 4687 multis
2149 4635 2309 4687 esset
2338 4626 2570 4689 occasio
2603 4625 3044 4705 consequendre
3073 4624 3304 4688 salutis.

1998 4715 2128 4777 XII.
2164 4714 2451 4787 Quoniam
2500 4724 2699 4778 autem
2734 4735 2802 4777 ex
2851 4714 3159 4777 miraculis
3187 4712 3430 4795 quidem
3462 4731 3568 4776 su-

1922 4804 2102 4866 mitur
2123 4805 2198 4866 de
2217 4805 2336 4866 vita
2383 4806 2747 4885 conjectura,
2784 4812 3013 4885 oportet
3041 4821 3181 4864 vero
3231 4802 3570 4878 declarare,

1920 4894 2111 4975 qualis
2142 4902 2303 4955 esset
2331 4893 2385 4955 ei
2417 4894 2579 4955 zelus
2615 4895 2775 4956 circa
2801 4892 3003 4968 ﬁdem,
3039 4893 3151 4952 hoc
3183 4891 3476 4953 indicabit
3503 4891 3567 4953 id

1922 4984 2078 5065 quod
2103 4992 2193 5045 est
2222 4984 2614 5064 propositum.
2651 4983 2897 5055 Quando
2919 4979 3211 5042 Romanis
3240 4978 3573 5060 imperabat

1924 5091 2175 5152 magnus
2202 5074 2304 5133 ille
2336 5071 2783 5147 Constantinus,
2816 5077 2877 5132 et
2909 5069 3141 5149 primus
3175 5068 3336 5130 inter
3366 5068 3569 5147 impe-

1920 5172 2150 5225 ratores
2182 5158 2572 5233 Christianus,
2636 5159 2841 5221 consul
2890 5166 3088 5218 autem
3121 5163 3247 5217 erat
3280 5155 3569 5219 Paulinus

1923 5261 1980 5316 et
2007 5251 2273 5315 Julianus
2304 5267 2318 5311 :
2355 5267 2389 5309 a
2418 5266 2603 5327 regno
2632 5267 2778 5310 vero
2819 5245 3141 5309 Alexandri
3174 5242 3434 5325 Philippi
3461 5243 3573 5306 ﬁlii

1918 5340 2208 5423 agebatur
2237 5336 2708 5403 sexcentesimus
2739 5336 3078 5399 tricesimus
3136 5341 3426 5423 etsextus
3457 5352 3568 5396 an-

1922 5422 2432 5511 nus,tuncNicaeae
2442 5425 2923 5510 congregatafuit
2944 5422 3195 5503 insignis
3206 5422 3307 5487 illa
3323 5424 3569 5489 Patrum
