4006 6146
396 297 505 381 431
1702 302 1985 369 MENSIS
2030 298 2458 368 DECEMBER.
3651 292 3768 365 432

387 449 676 531 synodus,
713 442 1002 507 utArium
1036 441 1281 531 quidem
1336 440 1730 522 deponerent,
1780 441 1882 522 qui
1910 459 2038 503 rem

2139 438 2201 516 αρ’
2264 443 2309 513 ᾧ
2354 436 2596 495 καθελεῖν
2643 438 2740 513 μὲν
2797 438 2890 493 τὸν
2941 436 3190 517 ’Ἀρειον,
3251 437 3447 513 κτίσμα
3500 438 3593 493 τὸν
3652 437 3771 493 Υίὸν

391 524 652 600 creatam
679 533 865 614 impie
880 530 1477 594 nominabatFilium:
1494 530 1893 595 decernerent
1908 550 2043 593 vero

2139 526 2391 591 Βυσσεϐῶς
2453 528 2807 602 ὀνομάζοντα,
2867 524 3182 604 δογματίσαι
3232 524 3288 582 δὲ
3343 533 3420 600 τῷ
3476 527 3641 602 Πατρὶ
3681 526 3773 581 τὸν

390 625 605 689 Filium
641 613 780 685 esse
807 621 1079 702 ejusdem
1138 622 1416 682 essentize
1464 638 1597 681 cum
1636 623 1829 683 Patre.
1862 621 2046 683 Erant

2139 620 2249 674 Γίὺν
2306 618 2586 692 όμοοὺσιον
2622 635 2636 650 ⁸
2685 620 2823 684 ἦσαν
2877 613 2932 672 δὲ
2981 623 3089 672 τῶν
3124 616 3222 691 μὲν
3274 621 3373 683 τῆς
3425 613 3772 694 βλασφημίας

393 722 590 778 autem
622 732 694 775 ex
718 712 795 774 iis
809 711 1194 809 quidem,qui
1219 711 1353 809 ejus
1379 709 1856 809 suﬂragahantur
1877 711 2041 809 blas-

2139 710 2268 780 ιῦτῷ
2327 705 2722 785 συναιρομὲνων
2779 707 2826 762 οἱ
2872 710 3068 781 πρῶτοι
3126 705 3359 780 μάλιστα
3420 704 3515 761 καὶ
3571 704 3772 770 ἐπιση-

2185 799 2194 809 .
2437 800 2498 809 _.
2556 792 2603 809 ,ιι
2777 794 2790 809 .
2874 804 2915 809 --
3096 793 3118 809 ς
3153 794 3165 809 .
3344 794 3423 809 --,
3716 794 3729 809 ι

395 802 674 887 phemite,
713 801 888 881 primi
919 807 978 861 et
1019 799 1277 861 maxime
1309 799 1577 887 insignes
1605 798 1896 862 Eusebius
1929 800 2041 863 Ni-

2139 799 2347 853 idtatov.
2437 792 2684 858 Εὐσέϐιος
2768 794 2796 851 ὀ
2874 793 3252 874 Νικομηδείας,
3344 794 3510 874 Μάρις
3566 815 3625 851 τε
3682 794 3775 849 σὺν

394 880 803 967 ὶοωθάίεομει
834 908 969 952 cum
1014 888 1119 950 illo
1142 888 1315 950 Maris
1349 896 1408 949 et
1440 886 1759 967 Theognis.
1790 907 2041 970 quorum

2139 885 2314 957 ἐκείνῳ
2357 885 2446 941 καὶ
2507 883 2745 963 Θέογνις,
2810 889 2885 939 ῶν
2945 884 2973 939 ὁ
3031 887 3130 959 μὲν
3189 893 3433 958 Νικαίας,
3488 883 3655 962 Μάρις
3691 880 3771 962 δὲ,

393 981 495 1044 hic
524 979 767 1062 quidem
813 981 1050 1053 Nicaea,
1102 976 1276 1039 Maris
1321 984 1517 1038 autem
1568 985 1697 1039 erat
1724 978 2046 1059 episc0pus

2139 971 2472 1042 Χαλκηδόνος
2514 973 2806 1036 ὲπίσκοπος
2850 973 2940 1041 ἦν.
2998 974 3154 1030 Οὗτοι
3209 971 3415 1052 Ἀρείου
3469 977 3569 1040 τῆς
3640 971 3776 1029 λύσ-

393 1061 929 1134 Chalcedonensis.
989 1069 1112 1143 lsti,
1173 1066 1314 1129 Ario
1367 1067 1522 1128 duce
1581 1066 1743 1129 illius
1772 1071 2041 1143 insaniae,

2139 1085 2229 1130 της
2300 1061 2697 1144 ἀφηγουμένου,
2774 1064 2866 1119 τὸν
2937 1069 3026 1119 τοῦ
3104 1069 3236 1120 Θεοῦ
3296 1063 3414 1118 rte.»
3470 1063 3560 1118 καὶ
3617 1063 3776 1141 Θεὸν,

395 1159 503 1224 Dei
534 1159 750 1222 Filium
785 1170 847 1221 et
897 1156 1087 1220 Deum
1136 1164 1400 1218 creatum
1426 1173 1557 1218 esse
1595 1157 1653 1236 (o
1683 1156 2045 1235 insaniam!)

2139 1154 2367 1232 ιιτιστὸν,
2427 1151 2471 1209 ὣ
2524 1150 2762 1227 μανίαςί
2813 1153 2876 1208 τὰ
2933 1153 3144 1231 πονηρά
3185 1151 3453 1228 κτίσματα
3496 1149 3782 1230 ἰδογμάτι-

398 1247 659 1331 improbi
689 1256 748 1310 et
778 1245 1056 1310 scelerati
1086 1246 1362 1306 homines
1385 1244 2043 1310 decernebant.Eormn

2139 1250 2240 1312 ζον.
2288 1245 2406 1298 Τῶν
2454 1262 2516 1318 γε
2559 1263 2666 1314 μην
2708 1241 2838 1319 ὑπὲρ
2897 1240 2990 1309 τῆς
3060 1238 3326 1305 εὐσεϐείας
3390 1240 3781 1319 διαγωνιζομὲο

401 1329 628 1420 autem,
687 1337 789 1419 qui
839 1354 945 1418 pro
1003 1336 1219 1416 pietate
1263 1335 1649 1398 decertabant
1716 1337 2041 1418 principes,

2139 1353 2234 1387 νων
2287 1333 2335 1386 οἱ
2379 1332 2685 1410 πρόμαχοι,
2742 1335 2817 1386 ων
2861 1333 2947 1388 καὶ
2997 1329 3152 1408 λόγος
3208 1331 3320 1406 ἅμα
3363 1332 3452 1387 καὶ
3492 1330 3628 1411 βίος,
3672 1336 3785 1388 τῶν

403 1419 657 1509 quorum
693 1434 752 1487 et
782 1425 1053 1487 doctrina
1082 1423 1261 1486 simul
1294 1432 1352 1486 et
1382 1425 1495 1485 vita
1517 1435 1644 1487 erat
1678 1427 2043 1507 praestantis-

2139 1419 2309 1480 ἴλλων
2351 1419 2745 1500 διαφορώτατος
2807 1422 2898 1495 ἦν,
2958 1420 3094 1488 ἦσαν
3147 1422 3311 1478 οὗτοι.
3369 1420 3452 1477 ”Ο
3505 1441 3563 1476 τε
3607 1420 3782 1498 μέγας

401 1507 578 1592 sima,
611 1524 780 1579 erant
802 1515 864 1577 hi
899 1534 914 1576 :
963 1531 1211 1591 magnus
1233 1514 1391 1574 inter
1413 1525 1650 1577 sanctos
1680 1516 2041 1589 Alexander,

2139 1510 2183 1566 Ei
2242 1509 2413 1587 ἁγίοις
2473 1507 2839 1588 Ἀλέξανδρος,
2912 1507 3261 1590 πρεσϐύτερος
3334 1509 3431 1585 μὲν
3499 1509 3596 1582 ὥν,
3658 1508 3781 1583 ἄρτι

402 1605 504 1687 qui
535 1614 662 1667 erat
693 1605 1022 1685 presbyter,
1051 1613 1190 1664 tunc
1223 1621 1361 1699 vero
1391 1604 1577 1666 vicem
1610 1604 1858 1685 gerebat
1889 1606 2043 1699 beati

2139 1595 2183 1653 δὲ
2228 1599 2317 1654 τὸν
2360 1604 2450 1656 τοῦ
2501 1598 2759 1676 μακαρίου
2789 1598 3169 1677 Μητροφανους
3211 1599 3374 1657 τόπον
3414 1597 3655 1679 ἐπέχων,
3701 1598 3781 1663 ὡς

401 1686 564 1757 illius
596 1694 1027 1775 Metrophanis,
1052 1703 1115 1754 ut
1143 1692 1245 1773 qui
1278 1693 1407 1773 ipse
1439 1712 1555 1755 non
1585 1696 1821 1757 adesset
1846 1713 1862 1770 ;
1886 1697 2043 1777 quod

2139 1686 2191 1777 ἓν
2235 1686 2393 1777 αὐτοῦ
2449 1691 2527 1763 μὴ
2594 1688 2874 1777 παρόντος,
2920 1686 3041 1744 ἀλλ’
3086 1688 3254 1746 αἰτίαν
3290 1688 3394 1777 Δ’τῆς
3437 1687 3782 1777 ἀπολείψεως

404 1783 479 1845 ab
510 1791 670 1845 esset
699 1790 1115 1857 autem,causa
1144 1794 1272 1843 erat
1306 1782 1568 1844 morbus:
1593 1793 1651 1845 et
1679 1775 2045 1846 clarissimus

2139 1775 2287 1833 νόσον
2330 1775 2578 1857 ἔχοντος,
2629 1777 2718 1833 καὶ
2769 1775 3081 1842 Ἀθανάσιος
3144 1780 3172 1834 ὁ
3213 1775 3402 1852 πολὺς,
3447 1775 3595 1834 οὔπω
3654 1775 3784 1832 τότε

401 1873 507 1940 ille
559 1872 946 1947 Athanasius,
1003 1872 1105 1952 qui
1164 1872 1427 1934 nondum
1495 1874 1847 1936 sacerdotali
1906 1874 2049 1937 sede

2139 1866 2220 1921 τὸν
2274 1867 2536 1945 ἱερατικὸν
2593 1866 2775 1940 θρόνον
2831 1867 3232 1942 ἀποσεμνύνων,
3291 1866 3429 1923 ἀλλὰ
3484 1873 3553 1943 τῇ
3610 1864 3785 1923 Ἀλε-

402 1966 530 2021 erat
555 1959 1007 2032 decoratus,sed
1034 1959 1092 2020 in
1116 1958 1386 2021 Ecclesia
1409 1959 1812 2022 Alexandrina
1835 1978 2049 2023 munus

2139 1952 2388 2033 Ξανδρέων
2445 1952 2765 2022 Ἐκκλησίας
2826 1956 2923 2022 τὴν
2990 1966 3083 2015 τοῦ
3155 1954 3397 2015 διακόνου
3450 1956 3595 2021 τάξιν
3634 1955 3787 2012 ἀπο-

404 2047 608 2111 obibat
633 2047 896 2111 diaconi.
920 2047 1216 2122 Quocirca
1236 2068 1354 2110 non
1379 2067 1557 2129 parva
1587 2050 1645 2110 in
1680 2069 1783 2112 eos
1810 2050 2050 2130 irrepsit

2139 2042 2354 2122 πληρῶν
2387 2061 2401 2075 ⁸
2480 2042 2560 2100 διὸ
2616 2046 2705 2100 καὶ
2752 2048 2939 2124 φθόνος
3015 2043 3130 2102 κατ’
3214 2045 3387 2103 αὐτῶν
3472 2045 3531 2101 οὒ
3587 2046 3784 2122 μικρὸς

402 2137 648 2217 invidia,
683 2137 841 2219 quod
871 2156 1006 2201 cum
1042 2138 1306 2200 nondum
1355 2138 1642 2218 dignitate
1674 2148 2045 2221 praestarent,

2139 2134 2409 2213 ὅφεϊρπεν,
2481 2132 2564 2189 ὅτι
2654 2135 2823 2209 μήπω
2898 2131 3238 2213 διαφέροντες
3308 2134 3595 2214 ἀξιώμασι,
3641 2132 3786 2191 πολὺ

400 2224 465 2289 in
493 2227 725 2290 ratione
757 2227 897 2289 ﬁdei
926 2227 1075 2290 alios
1097 2236 1478 2308 superarent.
1513 2228 1654 2291 Erat
1681 2237 1879 2292 autem
1911 2249 2045 2292 cum

2139 2226 2248 2301 περὶ
2310 2224 2400 2279 τὸν
2455 2221 2614 2301 λόγόν
2670 2223 2766 2289 τῆς
2811 2223 3039 2286 πίστεως
3099 2227 3205 2280 τῶν
3266 2222 3444 2281 ἄλλων
3501 2223 3780 2304 ἐκράτουν,

403 2316 492 2378 eis
521 2335 762 2399 quoque
811 2334 1063 2396 magnus
1112 2303 1213 2403 ille
1254 2316 1560 2397 Spiridon,
1607 2320 1785 2399 cujus
1833 2319 1947 2380 vita
1991 2328 2050 2382 et

2139 2303 2228 2368 Ἦν
2261 2309 2315 2367 δὲ
2345 2309 2445 2390 ἄρα
2489 2315 2582 2369 σὺν
2613 2312 2820 2374 τούτοις
2848 2313 2938 2369 καὶ
2996 2312 3263 2392 Σπυρίδων
3310 2316 3337 2369 ὁ
3374 2303 3573 2392 μέγας,
3616 2315 3780 2390 οὗπερ

404 2422 538 2485 qua
558 2423 692 2468 cum
719 2423 791 2468 eo
823 2404 1127 2468 habitabat
1154 2399 1371 2483 gratia,
1399 2416 1525 2470 erat
1557 2407 1761 2469 utilior
1781 2408 1854 2469 ad
1903 2427 2045 2489 per-

2139 2401 2159 2456 ὃ
2213 2400 2323 2476 βίος
2384 2399 2611 2475 μᾶλλον,
2671 2402 2758 2489 καὶ
2813 2403 2848 2469 ἡ
2910 2409 3220 2460 συνοικοῦσα
3300 2403 3463 2483 χάρις
3518 2402 3779 2477 ἀνύσιμος

403 2495 802 2571 suadendum,
835 2514 1011 2576 quam
1036 2495 1254 2575 linguae
1284 2496 1561 2573 aliorum,
1595 2506 1655 2558 et
1678 2496 2049 2560 inevitabiles

404 2601 565 2647 ansas
608 2584 1111 2667 syllogismorum,
1142 2585 1589 2665 splendidisque
1638 2597 1699 2646 et
1748 2586 2049 2666 elegantes

403 2672 637 2756 periodi
668 2675 1026 2735 orationum.

486 2759 792 2825 Xlll.Cum
827 2770 1023 2824 autem
1057 2762 1154 2824 hic
1183 2761 1418 2824 adesset
1457 2761 1578 2833 (hic
1610 2763 1768 2825 enim
1795 2764 1919 2843 jam
1953 2783 2050 2829 res

408 2857 501 2912 est
521 2849 1005 2932 jucundissima),
1031 2853 1361 2914 intererant
1390 2862 1591 2914 autem
1617 2853 1841 2933 synodo
1873 2853 2047 2916 etiam

408 2937 772 3019 philosophi,
805 2958 938 3001 cum
970 2939 1055 3003 ita
1086 2942 1386 3003 videretur
1437 2941 1807 3022 imperatori,
1844 2943 1946 3023 qui
1976 2943 2050 3006 ab

409 3025 776 3089 ambulando
806 3046 873 3090 se
922 3030 1250 3110 jactabant,
1308 3041 1366 3092 et
1416 3031 1647 3093 animos
1728 3033 2052 3095 seducente

411 3116 739 3198 sophistica
794 3128 920 3181 arte
977 3129 1146 3184 erant
1199 3139 1432 3183 summe
1495 3121 1736 3183 eruditi.
1798 3122 2047 3195 Quidam

410 3187 889 3270 verounusinter
901 3227 1002 3271 eos
1021 3211 1241 3291 primas
1256 3218 1453 3290 partes
1470 3211 1779 3272 tenebatin
1794 3187 2046 3291 agendo,
2068 3187 2109 3238 ο

410 3295 513 3376 qui
542 3295 800 3358 habebat
825 3299 1234 3377 persuadendi
1263 3299 1378 3359 vim
1413 3300 1960 3379 inexpugnabilem,
1987 3310 2048 3365 et

412 3385 584 3464 cujus
614 3384 956 3465 eloquentia
979 3387 1198 3467 linguis
1230 3388 1644 3450 celebrabatur
1675 3391 1961 3451 omnium.
1998 3390 2052 3453 Is

411 3492 766 3553 congressus
820 3495 953 3539 cum
1013 3479 1332 3557 episcopis,
1389 3478 1625 3540 fortiter
1695 3479 2054 3543 defendebat

407 3564 717 3641 Ariom,et
736 3566 906 3628 valde
930 3566 1609 3649 resistebat,suscipiens
1635 3570 1763 3649 ejus
1792 3572 2051 3651 patroci-

410 3657 605 3736 nium,
639 3655 792 3717 adeo
827 3665 888 3717 ut
921 3675 1192 3736 magnam
1231 3667 1457 3739 partem
1494 3659 1697 3740 populi
1728 3661 2054 3725 attraheret

409 3742 484 3805 ad
512 3743 1180 3820 audiendum,aventem
1212 3749 1517 3821 scire,utri
1551 3767 1620 3810 ex
1645 3750 2054 3813 contradicen-

411 3833 569 3895 tibus
627 3834 806 3898 l'uturi
857 3845 1056 3898 essent
1112 3838 1473 3918 superiores.
1532 3836 1689 3901 Nihil
1721 3839 1896 3918 igitur
1928 3848 2056 3902 erat

409 3922 559 3984 adeo
592 3923 789 3987 solutu
818 3924 1247 4007 difﬁcile,quod
1282 3947 1401 3988 non
1432 3927 1536 3990 ille
1567 3929 1854 3991 redderet
1881 3929 2054 3992 facile

412 4009 667 4073 solubile
693 4030 799 4075 sua
826 4012 1070 4078 dicendi
1100 4017 1271 4097 copia
1294 4026 1348 4078 ct
1368 4016 1825 4080 l’acultate.Cum
1850 4029 2051 4079 autem

411 4116 572 4180 sape
603 4101 664 4161 in
691 4109 919 4164 arctum
967 4113 1283 4183 cogeretur
1330 4107 1664 4186 responsio,
1698 4106 1884 4169 instar
1938 4125 2053 4169 an-

410 4189 608 4268 guilla).
638 4189 1003 4266 elabebatur,
1036 4195 1209 4257 furtis
1239 4195 1643 4276 persuasionis
1676 4206 1735 4260 et
1767 4195 1921 4258 escis
1950 4216 2052 4258 so-

411 4277 705 4359 phisticis.
740 4282 880 4344 Erat
913 4301 1053 4363 ergo
1084 4285 1346 4346 veritatis
1398 4294 1456 4346 et
1506 4286 1650 4346 artis
1702 4286 2050 4368 contentio;

408 4368 531 4430 illis
561 4369 932 4453 quidem,qui
965 4392 1162 4435 veram
1196 4373 1511 4435 tuebantur
1558 4374 1873 4449 rationem,
1909 4395 2052 4438 sen-

410 4458 615 4519 tentiis
646 4478 765 4521 non
796 4462 1112 4524 artiliciose
1140 4469 1199 4524 et
1226 4461 1444 4524 callide
1474 4464 1813 4542 excogitatis
1842 4467 2051 4545 sophi-

2130 2490 2205 2552 εἷς
2265 2491 2432 2547 πειθὼ
2467 2488 2503 2559 ἢ
2547 2490 2653 2547 τῶν
2697 2488 2873 2548 ἄλλων
2920 2491 2973 2548 αἱ
3019 2490 3284 2570 γλῶσσαι,
3329 2495 3417 2549 καὶ
3445 2492 3554 2550 τῶν
3581 2490 3777 2550 συλλοο

2130 2584 2338 2657 γισμῶν
2382 2580 2433 2635 αἱ
2488 2577 2709 2660 ἄφυκτοι
2755 2578 2934 2661 λαϐαὶ,
2970 2582 3055 2639 οιαὶ
3104 2584 3156 2638 αἱ
3198 2588 3305 2640 τῶν
3339 2581 3514 2661 λόγων
3567 2583 3779 2658 κομψαὶ

2132 2666 2381 2747 περίοδοι,

2212 2755 2323 2820 ll".
2358 2750 2450 2822 Ὠς
2495 2756 2547 2814 δὲ
2609 2761 2698 2817 καὶ
2754 2761 2890 2818 οὕτω
2926 2766 3103 2840 παρῆν
3137 2759 3379 2841 (ἐνταῦθα
3409 2762 3510 2839 γὰρ
3551 2759 3652 2828 ἤδη
3685 2762 3777 2817 καὶ

2130 2847 2193 2902 τὸ
2246 2853 2340 2905 τοῦ
2393 2847 2705 2926 πράγματος
2748 2848 3012 2928 ἥδιστον),
3074 2851 3321 2929 παρῆσαν
3373 2848 3427 2906 δὲ
3483 2852 3567 2907 καὶ
3608 2848 3771 2930 φιλό-

2132 2957 2286 3016 σοφοι
2331 2937 2398 3006 τῇ
2454 2936 2678 3013 συνόδῳ,
2733 2947 2809 3015 τῷ
2860 2940 3077 3017 βασιλεῖ
3116 2947 3271 2997 τοῦτο
3324 2938 3531 3014 δοκοῦν,
3562 2942 3772 3015 κόμπον

2132 3029 2550 3102 περιπατητικὸν
2607 3030 2931 3109 αὒχουντες,
2981 3030 3067 3087 καὶ
3129 3031 3448 3110 σοφιστικὴν
3502 3035 3775 3110 ψυχαγω-

2132 3114 2250 3191 γίαν
2304 3113 2478 3195 ἄκρως
2552 3117 2984 3194 πεπαιδευμένοι,
3048 3123 3144 3183 Εἷς
3215 3118 3271 3175 δέ
3339 3141 3420 3184 τις
3478 3119 3534 3176 ἐν
3591 3118 3779 3181 αὺτοῖς

2136 3206 2327 3282 ἡγεῖτο
2370 3212 2461 3262 τοῦ
2510 3205 2693 3285 λόγου,
2727 3208 2946 3290 ἄμαχον
2988 3214 3061 3274 είς
3103 3211 3269 3267 πειθὼ
3326 3207 3544 3284 δύναμιν
3602 3208 3779 3288 ἔχων,

2134 3296 2223 3352 καὶ
2279 3292 2364 3350 8ιά
2425 3296 2604 3364 πάσης
2663 3296 2906 3374 γλώττης
2969 3300 3067 3366 τὴν
3110 3297 3434 3378 εὖγλωττὶαν
3489 3296 3777 3375 ᾁδόμενος.

2136 3383 2299 3449 Οὗτος
2355 3397 2474 3449 τοῖς
2536 3385 2847 3453 ἐπισκόποις
2905 3388 3188 3465 συμμίξας,
3272 3388 3507 3469 ἰσχυρῶς
3588 3387 3785 3468 Ἀρείῳ

2134 3473 2379 3548 συνέστη,
2427 3479 2514 3532 καὶ
2576 3474 2693 3532 λίαν
2762 3477 2985 3559 ἀντεῖχε
3049 3485 3377 3558 συνηγορῶν,
3439 3482 3511 3542 ὡς
3573 3480 3659 3535 καὶ
3722 3480 3786 3535 τὸ

2134 3562 2269 3619 πολὺ
2311 3574 2404 3623 τοῦ
2461 3564 2696 3636 πλήθους
2752 3568 2825 3631 εἷς
2882 3567 3134 3644 ἀκρόασιν
3177 3568 3587 3643 ἐπισπάσασθαι,
3650 3567 3786 3646 γλι-

2134 3652 2398 3731 χομένους
2442 3658 2656 3735 μαθεῖν,
2716 3658 2929 3736 πότεροι
2972 3662 3077 3713 τῶν
3141 3657 3527 3735 ἀντιλεγόντων
3583 3665 3787 3715 νικῶν-

2134 3763 2219 3807 τες
2263 3741 2489 3800 ἔσονται.
2541 3743 2668 3804 Οὒδὲ
2722 3747 2819 3823 γὰρ
2877 3748 2945 3812 ἧν
2974 3746 3115 3804 οὕτω
3160 3749 3291 3823 πρὸς
3351 3746 3588 3804 ὲπίλυσιν
3645 3745 3787 3804 δυση-

2138 3832 2322 3913 χερὲς,
2352 3832 2381 3888 ὅ
2417 3836 2496 3909 μὴ
2528 3833 2740 3891 εὔλυτον
2786 3835 2991 3902 ἐκεῖνος
3049 3836 3208 3894 ἐτίθει
3272 3843 3339 3914 τῇ
3385 3840 3516 3916 πρὸς
3559 3838 3620 3893 τὸ
3681 3836 3786 3894 λέ-

2136 3943 2249 4000 γειν
2305 3924 2598 4000 περιουσίᾳ.
2664 3926 2761 3983 Καὶ
2834 3927 2906 3991 εἷς
2982 3928 3165 3984 στενὸν
3223 3925 3279 3983 δὲ
3352 3925 3608 3993 πολλάκις
3678 3928 3788 3997 τῆς

2135 4009 2425 4090 ἀπολογίας
2483 4015 2624 4087 αὖτῷ
2682 4016 3041 4095 καταστάσης,
3099 4013 3249 4082 δίκην
3293 4014 3549 4096 ἐγχέλυος
3590 4013 3786 4072 διωλί-

2137 4103 2312 4158 σθαινε
2370 4105 2580 4169 πειθοῦς
2640 4103 2911 4179 κλέμμασι
2968 4107 3055 4162 καὶ
3116 4118 3448 4185 σοφιστικοῖς
3506 4102 3787 4179 δελεαμα-

2138 4211 2241 4248 σιν.
2288 4185 2385 4248 Ἦν
2442 4192 2531 4248 οὖν
2574 4191 2822 4261 ἀληθείας
2861 4194 2950 4251 καί
3007 4194 3209 4275 τέχνης
3260 4192 3481 4270 ἅμιλλα,
3541 4200 3645 4250 τῶν
3677 4196 3786 4269 μὲν

2134 4278 2341 4347 τάληθῆ
2426 4279 2846 4362 φιλολογούντων
2879 4331 2895 4357 ,
2986 4286 3247 4357 νοήμασιν
3345 4282 3788 4363 ἀρᾳδιουργήτοις

2135 4367 2440 4445 βαλλόντων
2482 4373 2571 4426 τὸν
2608 4373 2886 4452 σοφιστὴν,
2937 4382 3030 4432 τοῦ
3072 4371 3127 4428 δὲ
3169 4374 3404 4453 καθάπερ
3451 4371 3592 4429 ὅπλα
3639 4394 3789 4451 προσ

2135 4455 2465 4534 ϐαλλομένου
2517 4462 2578 4516 τὸ
2638 4460 2878 4518 ποικίλον
2935 4462 3028 4519 τοῧ
3084 4461 3263 4542 λόγου,
3330 4462 3425 4519 καί
3482 4460 3791 4541 παραλογι-

409 4552 562 4636 stam
586 4546 963 4625 ferientibus;
994 4551 1108 4612 hoc
1138 4558 1361 4627 autem,
1391 4561 1665 4633 tanquam
1697 4555 2050 4636 arma,obji-

2139 4550 2314 4605 στικὸν
2357 4552 2443 4606 καὶ
2501 4552 2857 4631 κακότεχνον,
2916 4551 3010 4608 καί
3066 4554 3240 4626 τούτῳ
3289 4551 3493 4628 μᾶλλον
3535 4551 3789 4628 οἰομένου

411 4635 610 4699 ciente
630 4636 973 4700 varietatem
1007 4640 1714 4724 orationis,tallacemque
1749 4651 1805 4705 et
1836 4635 2058 4708 subdo-

410 4724 529 4787 lam
560 4726 1110 4807 ratiocinationem,
1144 4740 1203 4794 et
1246 4750 1317 4794 ea
1361 4750 1426 4795 se
1486 4732 1674 4812 magis
1724 4731 2053 4797 arbitrante

408 4832 587 4896 posse
614 4816 879 4880 vincere.
1452 4830 1469 4846 '

488 4903 635 4971 XIV.
670 4906 788 4971 Sed
845 4925 922 4971 ne
966 4908 1208 4972 dicendi
1261 4908 1556 4972 facultatis
1586 4919 1745 4974 esset
1779 4911 2050 4988 victoria,

405 5012 608 5058 rerum
643 4996 864 5060 Christi
894 5008 953 5061 et
979 5000 1262 5075 veritatis,
1319 5001 1453 5063 aliis
1483 5000 1623 5063 viris
1668 5001 1858 5063 doctis
1892 5021 2047 5083 prte-

403 5085 717 5163 termissis,
744 5105 815 5149 ea
834 5088 942 5150 fuit
965 5088 1302 5170 Spiridonis
1334 5091 1443 5152 viri
1466 5089 1888 5172 simplicis,qui
1912 5110 2045 5154 cum

400 5175 554 5238 nihil
585 5176 746 5239 aliud
781 5182 963 5240 sciret
1005 5179 1120 5240 nisi
1173 5180 1500 5261 Christum,
1536 5198 1793 5261 eumque
1844 5181 2044 5243 cruci-

401 5264 606 5339 ﬁxum,
643 5265 801 5328 sicut
856 5266 937 5329 ait
995 5268 1315 5331 Paulus5:
1369 5288 1506 5332 cum
1565 5269 1811 5331 vidisset
1844 5270 2045 5351 philo-

398 5354 656 5433 sophum
689 5373 755 5417 se
799 5355 1127 5434 jactantem
1174 5357 1661 5438 sophismatibus,
1695 5369 1753 5420 et
1784 5360 2044 5439 linguam

400 5441 752 5505 maledicam
785 5453 1122 5508 moventem
1161 5454 1371 5509 contra
1400 5446 1724 5531 Christum,
1755 5455 1816 5510 et
1845 5458 2046 5513 nostra

475 5611 561 5676 51
590 5610 727 5677 Cor.
761 5629 824 5697 η,
855 5616 922 5685 2.

2138 4651 2355 4716 κρατεῖν
2366 4686 2379 4702 ,

2219 4906 2331 4967 ΙΔ¹.
2383 4905 2533 4966 Ἀλλ’
2594 4909 2685 4967 ἵνα
2743 4913 2818 4987 μή
2862 4913 2966 4968 τῶν
3015 4909 3188 4991 λόγων
3220 4912 3279 4969 τὸ
3309 4916 3457 4984 νικᾷν
3490 4911 3606 4984 εἴη,
3641 4910 3789 4969 ἀλλά

2136 4999 2364 5073 Χριστοῦ
2444 5000 2561 5075 καὶ,
2602 5001 2701 5066 τῆς
2777 5000 3047 5083 ἀληθείας,
3126 5002 3245 5066 τοὺς
3329 5000 3505 5065 ἄλλως
3564 5000 3786 5079 λογίους

2130 5085 2494 5165 παραδραμὸν,
2555 5088 2882 5169 Σπυρίδωνος
2938 5100 3093 5150 τοῦτο
3152 5099 3246 5149 τοῦ
3316 5090 3488 5149 ἁπλοῦ
3546 5092 3785 5172 γίνεται,

2128 5177 2202 5238 ὡς
2251 5173 2395 5234 οὒδὲν
2440 5177 2571 5239 ἄλλο
2613 5201 2663 5237 τι
2719 5179 2882 5237 πλέον
2934 5179 3081 5248 εἰδὼς
3136 5180 3216 5239 ὅτι
3248 5182 3326 5258 μὴ
3382 5182 3631 5261 Χριστὸν,
3679 5181 3783 5238 καί

2126 5272 2311 5323 τοῦτον
2358 5265 2777 5351 ἐσταυρωμένον,
2840 5271 2914 5336 ὣς
2983 5292 3146 5351 φησιν
3209 5270 3438 5337 Παῦλος.
3499 5272 3595 5336 Ὠς
3655 5268 3781 5326 εἶδε

2124 5358 2218 5413 τὸν
2275 5355 2562 5436 φιλόσοφον
2614 5373 2732 5423 τοῖς
2794 5362 3083 5440 σοφίσμασι
3147 5361 3554 5439 βρενθυόμενον,
3614 5358 3787 5441 φιλο-

2126 5444 2366 5526 λοίδορόψ
2426 5469 2483 5505 τε
2521 5447 2769 5528 γλῶσσαν
2823 5458 3069 5509 κινοῦντα
3109 5452 3248 5509 κατὰ
3291 5457 3542 5530 Χριστοῦ,
3576 5450 3663 5507 καὶ
3713 5448 3791 5507 τὰ
