4006 6146
204 301 315 370 433

1469 308 1656 376 VITA
1697 313 1756 377 S.
1815 309 2196 380 SPYRIDON
2204 306 2291 371 IS.

3452 301 3570 373 434

202 443 430 520 ἡμέτερα
502 438 847 524 διαχλευάζειι
910 444 1259 524 πειρώμενον,
1311 446 1614 524 προσελθὼν
1682 450 1835 509 ἐκεῖ-

1939 452 2231 509 :onantem
2264 438 2655 517 subsanuare,
2694 435 2989 505 accedens
3031 437 3220 522 petiit,
3249 444 3316 503 ut
3343 438 3456 504 sibi
3490 442 3571 505 li-

206 558 309 610 νος,
354 535 544 611 ᾐτεῖτο
596 533 784 611 μικρόν
837 556 886 592 τι
918 535 1011 592 καὶ
1042 539 1184 611 ατ)τῷ
1235 540 1366 616 πρὸς
1398 536 1586 616 λόγους
1640 539 1841 599 ἐλθεῖν.

208 627 262 685 Οἱ
317 622 371 681 δε
426 630 519 680 τοῦ
577 622 766 702 μέρους
825 629 924 691 τῆς
978 625 1263 701 εὐσεϐείας,
1326 629 1386 683 τὸ
1456 627 1655 688 ἁπλοῦν
1703 634 1845 703 αὗτῷ

208 716 290 772 καὶ
315 715 584 794 ἀρχαϊκὸν
635 711 948 785 συνειδότες,
984 717 1113 792 πρὸς
1163 716 1240 773 ἔτι
1272 714 1327 773 δὲ
1356 718 1442 774 καὶ
1485 719 1548 775 τὸ
1577 724 1674 787 τῆς
1725 720 1844 777 Ἐλ.

212 803 427 872 ληνικῆς
504 799 744 867 παιδείας
812 806 1052 882 καθαρῶς
1121 804 1398 883 ἄγευστον,
1467 806 1700 866 ἐκώλυον
1770 810 1842 873 εἷς

217 893 366 969 μέσον
432 891 608 949 ἐλθεῖν
663 895 749 951 καὶ
804 900 882 967 τῷ
936 901 1161 971 σοφιστῇ
1219 894 1535 972 συμϐαλεῖν,
1604 900 1705 956 Τὸν
1761 896 1837 971 δὲ,

225 982 376 1057 μηδὲν
426 983 644 1047 ἐκείνοις
705 981 977 1040 πεισθέντα
1020 982 1133 1060 ᾔδει
1176 986 1277 1064 γὰρ
1332 986 1380 1042 τί
1424 990 1521 1062 μέν
1574 988 1603 1054 ἦ
1647 987 1844 1045 ἄνωθεν

234 1073 393 1151 copia,
421 1074 466 1129 τί
503 1069 556 1128 δὲ
587 1076 622 1139 ἠ
662 1072 965 1151 ἀνθρωπινὴ
1014 1076 1104 1130 καὶ
1146 1077 1548 1154 καταργουμένη
1601 1076 1835 1153 δύναται,

237 1161 509 1239 προσελθεῖν
581 1169 660 1235 τῷ
702 1161 865 1239 ἀνδρὶ,
908 1165 1003 1222 καὶ
1047 1166 1229 1244 qain
1277 1166 1331 1223 ἐν
1396 1168 1617 1243 ὀνόματι
1663 1166 1838 1234 Ἰησοῦ

226 1258 447 1329 Χριστοῦ,
504 1254 550 1308 ὦ
620 1251 901 1333 φιλόσοφε,
969 1256 1240 1336 πρόσσχες
1298 1254 1414 1334 ἄρτι
1471 1258 1559 1314 καὶ
1601 1256 1656 1314 ἐν
1724 1258 1839 1333 ἐμοὶ

219 1343 301 1396 τὸν
360 1348 501 1414 νοῦν,
547 1343 635 1397 καὶ
693 1342 725 1397 ἃ
774 1342 1033 1418 βοόλομαι
1104 1344 1300 1421 λέγειν,
1364 1347 1517 1413 αὐτὸς
1589 1344 1835 1407 ἄκουσον.

220 1435 311 1488 Τοῦ
348 1427 400 1484 δὲ
440 1430 712 1509 φήσαντος
758 1431 831 1493 ὡς
879 1432 951 1487 Σὺ
1003 1432 1100 1507 μέν
1153 1432 1322 1507 λέξον,
1358 1433 1465 1512 ἐγὼ
1506 1433 1561 1491 δὲ
1617 1436 1848 1492 ἀκούσο-

217 1540 326 1592 μαι.
370 1523 467 1582 Εἷς
520 1518 654 1593 ἔστι,
692 1518 961 1599 Σπυρίδων
1020 1521 1146 1601 ἔφη,
1195 1525 1350 1602 Θεὸς,
1386 1525 1604 1600 οὒρανοῦ
1650 1546 1708 1581 τε
1764 1526 1851 1581 καὶ

213 1609 305 1683 γῆς
360 1609 446 1664 καὶ
498 1613 603 1664 τῶν
660 1604 837 1664 ἄλλων
875 1609 1090 1666 πάντων
1130 1618 1235 1668 τῶν
1295 1612 1348 1669 ἐν
1393 1612 1542 1688 μέσῳ
1598 1612 1851 1692 δημιουρ-

1929 543 2090 598 ceret
2120 548 2438 615 parumper
2468 548 2601 592 cum
2636 546 2706 592 eo
2738 528 3141 610 colloqui.Qui
3170 541 3371 593 autem
3404 539 3574 597 erant

1930 623 2270 688 earumdem
2331 620 2607 700 partium,
2642 638 2777 682 cum
2829 621 3053 682 scirent
3096 638 3272 702 quam
3327 628 3488 684 esset
3516 621 3575 685 ei

1927 713 2177 795 simplex
2207 719 2269 773 et
2296 710 2494 791 prisca
2519 711 2796 790 pieta3,et
2832 716 3119 789 praeterea
3148 711 3309 788 quod
3329 710 3574 776 Gracc-

1926 823 2056 865 rum
2072 801 2405 864 doctrinam
2423 817 2497 861 ne
2510 800 2758 862 summis
2782 799 3026 877 quidem
3050 799 3233 862 labris
3253 808 3569 882 gustasset,

1927 891 2323 973 prohibebant
2350 909 2424 952 ne
2457 889 2684 951 veniret
2725 890 2788 951 in
2822 890 3113 963 medium,
3147 898 3205 952 et
3234 891 3575 972 congrede-

1924 991 2089 1044 retur
2110 999 2244 1044 cum
2278 979 2564 1059 sophista.
2598 980 2654 1042 Is
2669 996 2807 1041 vero
2840 979 2912 1041 ab
2931 978 3022 1041 eis
3049 979 3294 1042 minime
3324 998 3574 1061 persua-

1924 1091 2025 1133 sus
2053 1070 2309 1150 (sciebat
2351 1077 2507 1131 enim
2537 1069 2677 1149 quid
2710 1086 2971 1148 superna
3015 1069 3255 1150 quidem
3290 1079 3448 1131 esset
3477 1088 3577 1132 sa-

1925 1161 2170 1241 pientia,
2203 1158 2345 1238 quid
2375 1166 2570 1219 autem
2595 1157 2869 1220 humanas
2901 1158 3083 1234 vires,
3118 1166 3176 1221 et
3205 1177 3337 1239 quae
3365 1159 3577 1223 inanes

1923 1250 2256 1312 redduntur
2311 1257 2372 1309 et
2424 1246 2790 1327 abolentur),
2825 1247 2898 1309 ad
2934 1246 3124 1310 virum
3177 1254 3460 1323 accessit,
3516 1257 3576 1312 et

1929 1338 2114 1401 dixit:
2143 1338 2206 1399 In
2230 1339 2475 1399 nomine
2510 1335 2650 1398 Jesu
2674 1336 2921 1412 Christi,
2958 1357 2990 1397 ο
3023 1336 3400 1417 philosophe,
3427 1337 3577 1400 mihi

1925 1429 2048 1509 jam
2073 1447 2311 1509 quoque
2340 1426 2603 1488 animum
2637 1425 2881 1499 adhibe,
2902 1427 3111 1489 etaudi
3135 1426 3262 1508 ipse
3285 1447 3417 1508 quae
3447 1428 3576 1490 volo

1932 1518 2160 1581 dicere.
2194 1516 2340 1580 Cum
2394 1516 2445 1577 is
2492 1524 2688 1577 autem
2724 1515 2979 1578 dixisset
3012 1538 3023 1575 :
3060 1514 3148 1577 Tu
3179 1518 3419 1597 quidem
3452 1518 3572 1592 dic,

1933 1626 2042 1688 ego
2072 1626 2211 1670 vero
2243 1605 2505 1671 audiam.
2540 1605 2706 1669 Unus
2729 1613 2817 1667 est
2839 1607 3019 1682 Deus,
3056 1606 3248 1686 inquit
3268 1605 3573 1687 Spiridon,

211 1694 318 1773 γός.
379 1702 569 1773 Οὗτος,
629 1698 657 1753 ὁ
698 1698 785 1753 καὶ
845 1698 938 1759 τὰς
984 1703 1249 1779 οὐρανίους
1315 1700 1557 1777 δυνάμεις
1599 1724 1849 1782 παραγα-

1939 1697 2065 1760 cceli
2090 1705 2148 1759 et
2176 1706 2348 1758 terra:
2370 1704 2427 1758 et
2449 1695 2702 1757 aliorum
2726 1694 2996 1757 omnium
3021 1695 3574 1776 quaeintercedunt,

208 1787 332 1864 γὼν,
376 1793 527 1845 οὗτος
590 1788 619 1842 ὁ
663 1786 723 1843 ἐκ
775 1792 879 1865 γῆς
940 1790 1030 1845 τὸν
1075 1786 1347 1869 ἄνθρωπον
1416 1789 1711 1855 διαπλάσας
1762 1794 1846 1850 καὶ

1939 1787 2155 1868 opifex.
2188 1789 2244 1850 Is
2273 1794 2384 1865 est,
2421 1786 2524 1866 qui
2580 1785 2850 1848 caelestes
2897 1785 3175 1866 produxit
3204 1785 3490 1868 virtutes;
3525 1788 3576 1849 is

209 1876 369 1934 πάντα
402 1877 561 1950 -ἱιμοῦ
603 1878 767 1953 ὁραταί
810 1898 866 1933 τε
908 1879 998 1934 καὶ
1040 1879 1234 1957 ἆόροτα
1299 1884 1671 1957 παραστήσας,
1718 1883 1847 1940 τού-

211 1986 295 2021 του
347 1972 424 2039 τῷ
482 1964 640 2044 Λόγῳ
684 1987 742 2022 τε
786 1968 872 2023 καὶ
914 1967 990 2040 τῷ
1034 1968 1327 2044 Πνεόματι,
1371 1973 1628 2052 παρήχθη
1676 1973 1773 2045 μὲν
1818 1974 1845 2028 ὃ

204 2056 431 2133 οόρανὸς,
479 2056 736 2135 παρήχθη
804 2054 860 2112 δέ
928 2058 1025 2135 γῆ,
1072 2058 1306 2139 ἁνεχέθη
1370 2060 1636 2138 θάλασσα,
1684 2061 1843 2128 ἐτάθη

207 2145 317 2224 ἀὴρ,
386 2144 590 2224 ἐτέχθη
662 2151 796 2219 ζῶα,
871 2144 1140 2225 ἅνθρωπος
1207 2146 1522 2230 διεπλάσθη,
1580 2150 1642 2207 τὸ
1710 2151 1848 2227 μέγα

209 2235 336 2290 τουτὶ
417 2240 561 2305 ζῶον
630 2237 716 2292 καὶ
809 2238 1113 2309 θαυμαστὸν
1183 2234 1605 2318 δημιούργημα,
1680 2238 1852 2295 πάντα

208 2322 407 2400 γέγονε,
458 2323 702 2402 ἀστέρες,
764 2327 1060 2404 φωστῆρες,
1116 2326 1311 2405 ἡμέρα,
1372 2326 1481 2402 νὺξ,
1541 2329 1608 2385 τὰ
1664 2327 1851 2407 λοιπὰ,

1930 1887 2041 1951 est,
2067 1876 2167 1957 qui
2201 1894 2234 1936 e
2264 1884 2422 1937 terra
2454 1874 2728 1937 formavit
2759 1875 3091 1951 hominem,
3126 1883 3185 1937 et
3200 1876 3400 1938 omnia
3427 1894 3577 1939 con-

1931 1967 2120 2028 stituit
2149 1973 2266 2027 tam
2325 1983 2459 2046 quae
2515 1966 2627 2026 sub
2653 1975 2958 2046 aspectum
2994 1964 3214 2027 cadunt
3239 1983 3415 2045 quam
3446 1984 3580 2047 quas

1931 2074 2050 2116 non
2083 2060 2324 2118 cadunt.
2364 2052 2552 2133 Hujus
2602 2055 2802 2115 Verbo
2848 2061 2911 2117 et
2959 2055 3189 2135 Spiritu
3220 2053 3578 2135 productum

1932 2145 2172 2224 quidem
2197 2151 2287 2205 est
2316 2144 2537 2205 caelum
2565 2164 2578 2206 :
2608 2143 2900 2222 producta
2923 2152 3015 2205 est
3034 2153 3232 2207 autem
3259 2154 3438 2225 terra,
3465 2143 3582 2206 dif-

1936 2233 2131 2295 fusum
2165 2241 2253 2294 est
2304 2250 2487 2311 mare,
2522 2240 2807 2294 extensus
2859 2241 2948 2295 est
2976 2251 3102 2309 aer,
3135 2243 3419 2313 generata
3443 2240 3583 2296 sunt

1937 2322 2239 2398 animalia,
2275 2322 2452 2384 homo
2485 2320 2770 2383 formatus
2799 2332 3197 2398 est,magnum
3228 2323 3341 2385 hoc
3361 2323 3581 2386 animal

209 2413 398 2471 πάντα.
461 2422 656 2472 Τοῦτον
715 2413 803 2471 οὖν
872 2416 964 2470 τὸν
1007 2415 1175 2493 Λόγον
1242 2423 1373 2474 Θεοῦ
1440 2419 1605 2494 ἡμεῖς
1664 2416 1851 2481 εἰδότες

1941 2421 1998 2474 et
2056 2428 2209 2490 opus
2265 2409 2667 2472 admirabile:
2714 2410 2913 2472 omnia
2972 2411 3123 2472 facta
3179 2420 3340 2482 sunt,
3397 2421 3577 2488 astra,

218 2500 322 2554 rte.»
377 2500 477 2557 καὶ
527 2502 679 2575 Θεὸν,
742 2500 802 2558 ἐκ
872 2502 1135 2580 Παρθένου
1195 2501 1263 2562 δι’
1332 2508 1478 2581 ἡμᾶς
1535 2507 1851 2581 πιστεύομεν

1940 2501 2275 2575 luminaria,
2309 2500 2462 2574 dies,
2500 2518 2637 2572 nox,
2674 2499 2911 2576 reliqua
2969 2499 3194 2561 omnia.
3252 2499 3379 2562 Hoc
3440 2518 3581 2581 ergo

214 2594 550 2668 γεγεννῆσθαι
608 2592 697 2648 καὶ
750 2594 1131 2670 ἐσταυρῶσθαι,
1191 2599 1288 2653 κα³ι
1350 2595 1523 2675 τέλος,
1581 2598 1848 2676 τεθάφθαν

1940 2589 2198 2653 Verbum
2232 2589 2340 2652 Dei
2391 2606 2502 2650 nos
2551 2589 2814 2651 scientes
2867 2607 3003 2652 esse
3030 2589 3245 2652 Filium
3278 2597 3337 2651 et
3366 2588 3583 2672 Deum,

216 2680 327 2736 εἶτα
384 2681 485 2736 καὶ
551 2680 872 2763 ἀναστάντα,
929 2682 1027 2740 καὶ
1100 2686 1243 2760 ἡμᾶς
1316 2688 1708 2766 συνεγεῐραντα,
1765 2688 1851 2742 καὶ

1939 2699 2008 2743 ex
2056 2679 2302 2757 Virgine
2364 2686 2609 2758 prepter
2658 2698 2765 2740 nos
2812 2680 3120 2741 credimus
3168 2696 3302 2741 esse
3351 2691 3580 2752 natum,

218 2768 460 2848 ἄοθαρτον
505 2772 642 2847 ἡμῖν
700 2773 788 2828 καὶ
830 2770 1004 2828 ἀΐδιον
1063 2775 1451 2855 παρεσχηκότα
1498 2778 1663 2847 ζωήν.
1725 2783 1851 2833 Τοῦ-

1939 2778 1997 2832 et
2026 2769 2467 2843 cruciﬁxum,et
2496 2768 2684 2830 fuisse
2716 2776 3015 2847 postremo
3039 2768 3586 2849 sepultum,deinde

220 2860 294 2915 τάν
339 2883 521 2939 φαμεν
579 2862 663 2917 οιαὶ
722 2864 868 2924 αὖθις
927 2862 1240 2939 ἐψεύσεσθαι
1296 2865 1514 2920 πάντων
1542 2867 1727 2942 κριτὴν
1770 2866 1851 2921 καὶ

1943 2860 2117 2922 etiam
2151 2859 2574 2920 resurrexisse.
2611 2855 2844 2920 Deinde
2892 2876 3025 2919 cum
3073 2856 3495 2932 resurrexerit,
3529 2865 3591 2921 et

225 2954 313 3005 τῶν
364 2950 644 3027 ἡμετέρων
697 2957 784 3007 καὶ
843 2951 1011 3028 ἔργων
1066 2954 1153 3009 καὶ
1216 2951 1417 3031 λόγων,
1449 2955 1537 3011 καὶ
1584 2952 1851 3031 λογισμῶν

1944 2968 2052 3011 nos
2085 2947 2265 3010 simul
2297 2948 2507 3009 fecerit
2533 2964 2875 3025 resurgere,
2931 2955 2990 3009 et
3035 2946 3110 3009 ab
3159 2948 3403 3008 interitu
3433 2945 3585 3010 alie-

236 3023 636 3117 ἀπαραλόγιστον
695 3023 973 3118 λογιστηψ
1024 3043 1209 3098 τοῦτον
1279 3023 1564 3116 ϐμοούσιον
1616 3023 1692 3116 τῶ
1743 3023 1851 3098 ’Πα-

1943 3056 2076 3099 nam
2111 3045 2170 3099 et
2216 3046 2498 3099 aeternam
2534 3023 2914 3098 nobisivitam
2947 3035 3288 3118 praebuerit,
3325 3055 3458 3099 eum
3491 3036 3586 3100 di-

225 3131 324 3204 τρὶ,
386 3139 573 3187 τοῦτον
630 3129 928 3207 σύνθρονον,
989 3136 1173 3188 τοῦτον
1233 3132 1515 3208 ὁμότιμον.
1577 3137 1685 3191 Οὔκ
1757 3130 1851 3209 ἄρα

1940 3126 2133 3189 cimus
2163 3126 2339 3187 etiam
2372 3143 2579 3188 rursus
2634 3135 2942 3188 venturum
2990 3126 3257 3205 iudicem
3290 3127 3584 3202 omnium,

223 3218 294 3272 ui
321 3218 377 3273 σὺ
408 3225 604 3298 ταῦτα,
635 3216 681 3273 ὦ
709 3217 994 3300 φιλόσοφε,
1027 3218 1178 3277 δοκεῖ
1206 3239 1228 3292 ,°

1939 3223 2399 3296 nostrorumque
2481 3214 2826 3295 factorum,
2886 3233 3230 3277 sermonum
3298 3225 3356 3277 et
3418 3217 3586 3295 cogi-

216 3305 506 3369 tationum
560 3305 969 3387 incorruptum
1003 3317 1061 3370 et
1092 3308 1192 3390 qui
1225 3309 1346 3371 falli
1381 3309 1627 3371 minime
1658 3313 1874 3391 potest,
1903 3304 2163 3385 judicem
2196 3326 2209 3367 :
2263 3322 2397 3365 eum
2430 3321 2562 3366 esse
2615 3303 2883 3383 ejusdem
2917 3324 3055 3366 cum
3083 3304 3252 3367 Patre
3283 3305 3582 3373 essentia,

214 3403 266 3455 et
291 3395 475 3457 simul
529 3396 862 3471 consido-re,
900 3414 1032 3459 esse
1079 3398 1135 3459 ei
1164 3399 1395 3462 honore
1424 3399 1738 3480 aequalem.
1771 3396 1899 3459 Non
1930 3394 2057 3455 haec
2086 3411 2326 3474 quoque
2356 3393 2434 3454 ita
2464 3393 2567 3454 tibi
2605 3411 2738 3455 esse
2770 3394 3074 3472 videntur,
3108 3414 3142 3456 ο
3178 3393 3530 3475 philosophe
3559 3391 3588 3449 ?

279 3485 379 3546 lE'.
441 3484 510 3544 ’0
560 3486 658 3559 μέν
712 3484 892 3564 ἤρεςο’
947 3490 977 3544 ὁ
1006 3485 1061 3544 δέ
1117 3488 1302 3566 ὥσπερ
1358 3489 1524 3557 αὐτὴν
1569 3488 1712 3568 ἔχων
1769 3489 1856 3544 καὶ

208 3578 298 3653 πρὸ
350 3584 447 3634 τοῦ
508 3576 715 3656 ψυχὴν,
783 3577 842 3633 οὔ
898 3574 953 3633 δὲ
1013 3578 1110 3644 τὴν
1165 3579 1326 3646 αὖτὴν
1383 3580 1469 3635 καὶ
1541 3578 1704 3658 φρένα
1761 3577 1856 3633 καὶ

208 3665 470 3744 γλῶτταν,
534 3663 673 3722 οὕτω
724 3661 912 3743 ῥαίδίως
970 3666 1369 3737 ἀντιτιθεμένην
1422 3670 1509 3723 καὶ
1566 3667 1853 3746 ἀντερίζου-

207 3777 314 3827 σαν,
346 3756 577 3833 ἐπλήγη
609 3755 708 3829 μέν
753 3776 855 3822 την
884 3755 1075 3829 ἀκοὴν,
1107 3753 1375 3835 ἐξεπλάγη
1421 3756 1476 3813 δέ
1504 3758 1603 3821 τὴν
1646 3756 1851 3835 ψυχὴν,

204 3847 292 3912 τὴν
341 3847 540 3926 φωνὴν
595 3839 819 3910 ἐσϐέσθη
877 3848 969 3900 καὶ
1045 3843 1434 3915 ἆποσιωπήσας
1492 3845 1575 3925 ἐφ’
1644 3847 1849 3924 ἱκανὸν,

208 3932 343 3993 οὐδέν
392 3933 580 4009 ἕτερον
636 3931 769 4012 ἔσχε
835 3931 1147 4012 φθέγξασθαι
1201 3935 1236 4002 ἦ
1299 3933 1382 3991 ὅτι
1452 3942 1615 3991 ταῦτα
1688 3932 1853 3997 οὕτως

207 4022 589 4098 ἕψειν’ὃοκεϊ.
648 4020 709 4080 Ὀ
765 4019 821 4078 δέ
860 4021 1031 4101 ἅγιος,
1086 4021 1235 4096 ’Ἄγε
1277 4031 1389 4102 οὖν,
1424 4023 1553 4102 ἔφη,
1606 4024 1720 4081 ἐπεὶ
1769 4025 1856 4079 καὶ

208 4114 360 4171 ταῦτά
404 4134 506 4188 μοι
550 4108 959 4189 συνομολογεῐς,
992 4109 1129 4184 μηδέ
1178 4125 1294 4174 τοῖς
1354 4113 1524 4192 ἔργοις
1582 4111 1857 4191 διαφωνῶν

210 4201 310 4258 ἔσο*
373 4200 507 4259 ἀλλ’
553 4198 702 4263 εἰδὼς
761 4201 838 4264 τίς
889 4222 946 4257 τε
1006 4204 1033 4258 ὁ
1085 4203 1239 4275 Θεὸς,
1294 4204 1379 4259 ιιαὶ
1431 4204 1492 4259 τὸ
1546 4209 1650 4258 πᾶν
1705 4210 1861 4259 τοῦτο

209 4293 523 4360 πεποιηκὼς
568 4289 799 4353 ἀναστὰς
863 4298 931 4366 τῇ
990 4290 1280 4363 Ἐκκλησία
1336 4291 1615 4371 πρόσελθε,
1665 4296 1749 4349 καὶ
1799 4297 1860 4350 τὸ

211 4396 434 4455 σημεῖον
512 4384 613 4448 τῆς
699 4378 968 4458 ὁρθοδόἐου
1035 4380 1270 4455 λάμϐανε
1352 4383 1604 4443 πὶστεως.
1688 4389 1861 4439 Ταῦτα

2019 3482 2258 3546 XV.Ille
2289 3480 2529 3562 quidem
2563 3481 2973 3563 interrogavit;
2998 3483 3391 3563 philosophus
3422 3501 3587 3547 vero,

1940 3574 2128 3655 utqui
2153 3590 2273 3634 non
2312 3571 2584 3633 eamdem
2638 3590 2812 3652 quam
2839 3578 2999 3652 prius
3022 3571 3269 3634 haberet
3299 3571 3590 3649 animam,

1939 3683 2051 3726 nec
2083 3661 2354 3725 eamdem
2393 3670 2653 3723 mentem
2699 3669 2761 3721 et
2789 3661 3072 3740 linguam,
3109 3679 3242 3740 quae
3272 3669 3385 3720 tam
3418 3659 3591 3722 facile

1940 3758 2269 3834 opponeret
2299 3758 2358 3811 et
2388 3750 3050 3823 contenderet,auribus
3080 3748 3322 3829 quidem
3357 3747 3467 3810 fuit
3496 3758 3587 3810 at-

1944 3842 2187 3913 tonitus,
2222 3838 2422 3900 animo
2448 3855 2589 3900 vero
2638 3836 3125 3918 obstupefactus;
3168 3838 3221 3900 ei
3253 3846 3450 3899 autem
3481 3857 3590 3901 vox

1944 3943 2036 3993 est
2095 3931 2424 3991 exstincta:
2480 3935 2539 3987 et
2586 3945 2722 3989 cum
2766 3926 3113 4007 aliquandiu
3177 3927 3586 4002 conticuisset,

1944 4018 2088 4082 nihil
2142 4018 2307 4080 aliud
2360 4015 2566 4079 habuit
2619 4015 2775 4097 quod
2807 4016 3220 4096 responderet,
3257 4014 3372 4078 nisi
3408 4034 3421 4079 :
3454 4015 3592 4080 Haec

1944 4127 2183 4190 quoque
2239 4108 2322 4169 ita
2385 4106 2530 4168 mihi
2574 4123 2639 4166 se
2697 4105 2922 4167 habere
2976 4106 3274 4168 videntur.
3336 4102 3593 4169 Sanctus

1943 4208 2143 4261 autem
2185 4219 2196 4259 :
2230 4196 2356 4275 Age
2387 4212 2551 4272 ergo,
2579 4194 2792 4274 inquit,
2815 4194 3094 4275 quoniam
3116 4196 3241 4256 haec
3266 4204 3325 4256 tu
3358 4212 3591 4258 mecum

1944 4287 2391 4361 conﬁteris,nec
2408 4283 2579 4346 factis
2602 4283 2748 4365 velis
2763 4283 3238 4365 discrepare,sed
3262 4302 3398 4345 cum
3412 4285 3587 4359 scias,

1947 4378 2080 4459 quis
2136 4376 2214 4438 sit
2261 4374 2443 4447 Deus,
2495 4382 2554 4435 et
2611 4361 2742 4453 quis
2800 4373 2912 4434 hoc
2956 4361 3169 4434 iecerit
3218 4373 3590 4456 universum,

212 4471 382 4542 ἐπειδὴ
442 4470 675 4540 ἤκουσεν
734 4471 762 4526 ὀ
819 4470 1132 4551 φιλόσοφος,
1194 4470 1454 4547 μετέϐαλε
1527 4472 1623 4549 μέν
1675 4472 1851 4529 αὐτίκα

1943 4485 2120 4546 surge
2153 4472 2211 4526 et
2239 4464 2457 4526 accede
2507 4464 2577 4524 ad
2636 4460 2988 4539 Ecclesiam,
3024 4471 3084 4524 et
3113 4463 3319 4543 accipe
3349 4463 3588 4542 signum

214 4563 330 4634 πρὸς
388 4556 594 4637 ἀκριϐῆ
650 4556 975 4639 θεοσέϐειαν,
1037 4559 1372 4641 ἐπιστραφεὶς
1429 4558 1484 4617 δέ
1539 4561 1669 4638 πρός
1737 4560 1857 4622 τοὺς

219 4653 440 4723 μαθητὰς
505 4649 745 4713 καὶτοὺς
777 4646 969 4714 ἄλλους
1023 4655 1128 4705 τῶν
1180 4649 1485 4728 λεγομένων
1538 4651 1857 4724 ἀκροαστὰς,

215 4741 375 4819 Μέχρι
440 4739 570 4817 μέν,
630 4737 756 4817 ἔφη,
803 4738 849 4794 ὦ
906 4736 1114 4817 ἄνδρες,
1169 4739 1222 4796 ἐν
1261 4739 1443 4818 λόγοις
1494 4740 1558 4808 ἧν
1605 4741 1633 4795 ὀ
1688 4740 1856 4818 ἀγὼν,

112 4832 117 4837 ”
210 4830 464 4910 ἀντεῖχον
526 4834 596 4905 τῇ
646 4848 816 4907 τεχνῃ
870 4826 1044 4905 κάγώ·
1111 4826 1267 4896 ἤνίκα
1310 4827 1364 4885 δέ
1419 4829 1567 4906 λόγοι
1621 4829 1720 4903 μὲν
1768 4827 1863 4884 οὐκ

208 4918 306 4992 ἔτι,
352 4921 471 4976 θεία
503 4916 561 4974 δὲ
616 4915 835 4993 δύναμις
896 4917 1161 4980 ἀντίθετος
1221 4918 1311 4998 ἦν,
1345 4919 1433 4975 καὶ
1466 4917 1690 4997 ἄῤῥητὸν
1745 4937 1864 4972 τινα

208 5008 297 5066 καὶ
328 5007 636 5086 ἀπόρῤητον
695 5006 749 5063 ἐν
798 5004 1061 5074 ἁπλότητι
1110 5008 1363 5085 ῥημάτων
1420 5006 1715 5072 ἐπεδείξατο
1764 5006 1862 5073 τὴν

207 5100 384 5179 ἰσχὺν,
419 5100 487 5154 τὸ
531 5117 589 5153 τε
641 5093 708 5164 δὴ
756 5097 859 5164 τὴν
915 5095 1079 5164 ἧτταν
1123 5097 1220 5155 οὔκ
1266 5098 1682 5178 ἐπαισχύνομαι,
1727 5094 1864 5152 ἀλλὰ

206 5191 289 5245 καὶ
347 5188 570 5263 ἐμαυτῷ
628 5187 719 5243 καὶ
775 5199 894 5251 τοῖς
948 5186 1131 5250 ἄλλοις
1183 5187 1351 5256 ἡδέως
1418 5186 1862 5263 συμϐουλεύσαιμι

211 5278 291 5359 ἂν,
325 5279 378 5334 εἴ
430 5299 515 5341 τις
561 5277 640 5350 μὴ
693 5282 944 5355 τῆοσυϋτον
987 5278 1191 5351 σκαιὸς,
1225 5278 1260 5345 ἢ
1305 5278 1423 5357 περὶ
1478 5279 1577 5343 τὴν
1613 5275 1864 5345 ἀλήθειαν

207 5372 525 5447 καιουργεῖν
591 5365 784 5423 ἐθέλων
838 5370 1113 5425 πιστεῦσαι
1188 5373 1420 5443 Χριστῷ,
1479 5366 1574 5424 καὶ
1629 5366 1706 5441 τῷ
1777 5363 1866 5441 γέ-

210 5479 351 5534 ροντι
425 5457 647 5533 ἕψεσθαι
716 5456 909 5532 τούτῳ,
970 5456 1004 5524 ἤ
1064 5456 1163 5532 μὲν
1234 5456 1448 5535 γλῶττα
1491 5454 1703 5517 πάντως
1766 5456 1863 5510 ἁν-

212 5549 449 5624 θρώπου,
482 5552 527 5605 οἱ
586 5545 641 5603 δέ
687 5544 838 5624 λόγοι
897 5553 1054 5627 Θεοῦ,
1089 5547 1261 5613 πόσην
1319 5544 1496 5603 οἴεσθε
1544 5552 1698 5602 τοῦτο
1746 5543 1865 5605 τοῖς

1940 4567 2117 4619 rectae
2147 4554 2307 4616 ﬁdei.
2342 4556 2482 4616 Haec
2528 4560 2834 4633 postquam
2886 4552 3112 4615 audivit
3162 4553 3583 4633 philosophus,

1943 4653 2130 4707 status
2150 4643 2394 4724 quidem
2431 4651 2690 4703 mutatus
2722 4642 2828 4702 fuit
2857 4643 2928 4704 ad
2972 4651 3307 4703 accuratam
3344 4659 3591 4722 ac-per-

1946 4736 2157 4798 tectam
2188 4729 2908 4811 religionem.Conversus
2940 4741 3136 4792 autem
3163 4732 3232 4793 ad
3269 4731 3595 4809 discipulos

1947 4834 2006 4887 et
2034 4824 2186 4886 alios
2216 4822 2521 4882 auditores
2545 4837 2757 4881 eorum
2795 4837 2921 4899 quae
2958 4820 3353 4882 dicebantur:
3389 4819 3591 4891 Quan-

1946 4916 2049 4977 diu
2079 4913 2346 4990 quidem,
2383 4911 2595 4991 inquit,
2626 4929 2659 4971 ο
2721 4908 2852 4988 viri,
2907 4916 3193 4970 certatum
3227 4916 3318 4970 est
3369 4908 3590 4985 verbis,

1949 5023 2056 5082 ego
2088 5019 2323 5083 quoque
2353 5010 2480 5061 arte
2508 4998 2723 5060 restiti.
2748 4998 2992 5070 Quando
3026 5016 3164 5059 vero
3195 5016 3314 5058 non
3340 4995 3595 5078 amplius

1947 5093 2193 5169 quidem
2226 5088 2434 5160 verba,
2467 5087 2571 5149 sed
2601 5085 2808 5148 divina
2856 5088 3042 5148 virtus
3068 5085 3180 5148 fuit
3206 5092 3497 5166 opposita,
3535 5094 3596 5147 et

1946 5184 2004 5243 in
2039 5179 2353 5241 verborum
2402 5175 2782 5254 simplicitate
2832 5192 3109 5235 arcanam
3162 5172 3478 5256 quamdam
3534 5189 3597 5237 et

1948 5267 2312 5332 ineﬂ‘abilem
2346 5265 2607 5326 ostendit
2637 5263 2940 5335 virtutem,
2969 5272 3107 5325 tunc
3141 5281 3234 5324 me
3266 5281 3383 5323 non
3411 5262 3598 5342 pudet

1947 5379 2079 5421 esse
2101 5353 2504 5425 victum.Quin
2527 5352 2705 5414 etiam
2733 5361 2791 5413 et
2811 5352 2957 5413 mihi
2976 5352 3112 5431 ipsi,
3147 5362 3206 5413 et
3233 5351 3364 5412 aliis
3389 5350 3590 5415 liben-

1950 5460 2039 5513 ter
2063 5443 2547 5524 consuluerim,si
2572 5462 2689 5504 non
2713 5442 2789 5503 sit
2813 5442 3027 5521 aliquis
3060 5442 3234 5503 nimis
3262 5441 3504 5504 sinister
3533 5448 3597 5505 et

1952 5552 2293 5621 perversus,
2324 5543 2424 5596 aut
2456 5533 2553 5613 qui
2585 5552 2651 5595 se
2694 5535 2753 5593 in
2806 5532 3109 5593 veritatem
3146 5530 3283 5594 velit
3316 5530 3596 5613 improbe

217 5638 310 5713 μέν
368 5638 747 5715 ἆρειανὲζουσιν
780 5634 1064 5717 αἰσχύνην,
1099 5649 1217 5702 τοῖς
1271 5633 1543 5695 εὐσεϐοῦσι
1600 5632 1653 5693 δέ
1709 5634 1851 5709 τιμὴ·

1951 5632 2255 5711 gerere,ut
2276 5623 2481 5686 credat
2505 5622 2831 5704 Christo,et
2858 5621 3013 5684 hunc
3033 5638 3238 5684 senem
3271 5629 3551 5703 sequatur
3579 5637 3594 5682 :
