4028 6138
513 308 629 377 435

1816 304 1978 377 ΜΕΝ
1986 311 2096 376 SlS
2138 310 2564 376 DECEMBER.

3743 310 3850 379 436

508 446 605 507 cui
629 441 832 523 lingua
860 436 1103 523 quidem
1127 438 1373 505 omnino
1403 450 1496 506 est
1523 442 1806 518 hominis,
1832 443 2013 505 verba
2040 463 2151 506 au-

2236 446 2348 522 ἇίμα
2379 451 2733 515 περιποιῆσαι
2786 447 2877 504 καὶ
2904 444 3104 518 ἡδονήν
3140 468 3155 523 ς
3191 444 3259 506 Οἵ
3292 468 3350 525 γε
3391 454 3634 507 τοσοῦτον
3674 451 3719 508 οἱ
3766 452 3855 526 μὲν

506 542 629 597 tem
688 546 826 594 sunt
895 532 1028 596 Dei.
1103 532 1395 605 Quantum
1478 532 1698 613 putatis
1752 535 1863 595 hoc
1922 533 2159 596 Arianis

504 622 749 705 quidem
775 621 1061 696 dedecus,
1100 621 1211 701 piis
1240 631 1437 684 autem
1473 622 1764 684 honorem
1798 623 2071 684 attulisse
2103 634 2160 684 et

500 710 897 792 voluptatem?
921 711 1013 773 Illi
1040 720 1233 773 autem
1268 711 1436 774 fuere
1463 712 1748 793 superati,
1783 732 1918 774 cum
1952 731 2159 773 omnes

504 801 631 864 fere
651 801 893 881 quidem
927 809 1106 863 recta;
1139 802 1366 863 assensi
1405 812 1607 863 essent
1655 803 1968 863 sententiae
2008 823 2020 860 :
2057 820 2157 862 sex

2240 536 2560 614 ἐκράτησαν,
2593 539 2639 593 οἱ
2696 535 2750 592 δὲ
2806 536 3117 604 ἡττήθησαν
3172 539 3269 610 ὡς,
3316 546 3499 615 μικροῦ
3541 539 3743 596 πάντων
3792 546 3855 619 τῇ

2242 626 2368 702 ὀρθῇ
2413 625 2782 705 προσθεμένων
2840 624 2987 701 δόξῃ,
3021 626 3075 692 ἓξ
3107 628 3302 702 μόνους
3352 633 3428 701 τῷ
3477 628 3658 705 Ἀρείῳ
3710 653 3854 707 περι-

2242 715 2540 797 λειφθῆναι,
2606 715 2789 794 μερίδα
2854 717 3059 793 φαύλην
3113 717 3209 772 καί
3266 718 3541 797 μοχθηρὰν
3593 718 3854 792 ἐσομένους

2241 813 2332 863 τοῦ
2388 808 2587 883 πατρὸς
2632 812 2726 862 τοῦ
2770 804 2992 880 ψεύδους
3052 805 3139 861 καὶ
3172 814 3265 865 τοῦ
3317 805 3367 871 ἒξ
3398 808 3570 885 ἀρχῆς
3614 808 3855 867 ἀσπόνδου

2241 900 2342 961 τῆς
2398 894 2647 961 ἀληθείας
2694 895 2908 973 ἐχθροῦ,
2948 894 3100 951 Οὕτω
3161 903 3394 973 φανερῶς
3440 901 3543 951 τῶν
3579 896 3856 963 κακοδόξων

2244 984 2664 1064 ἐληλεγμένων,
2733 984 3059 1062 ὑπέστρεφον
3131 988 3175 1040 oi
3254 984 3550 1059 ἐπίσκοποι,
3622 984 3853 1061 ἡδόμενοι

2243 1074 2340 1149 μὲν
2410 1080 2478 1149 τῇ
2537 1076 2677 1150 νίκῃ,
2739 1072 3164 1149 ἐκπληττόμενοι
3229 1073 3285 1130 δὲ
3339 1082 3414 1148 τῷ
3482 1076 3727 1150 θαύματι,
3775 1079 3852 1133 xii

502 908 645 954 vero
674 891 786 952 soli
818 891 1014 953 relicti
1067 901 1265 953 essent
1310 892 1476 966 Ario,
1535 892 1717 953 futuri
1757 892 1909 951 mala
1942 909 2078 971 pars
2104 893 2162 949 et

505 979 780 1061 improba
810 982 994 1061 patris
1029 980 1322 1047 mendacii
1356 994 1414 1043 et
1445 982 1518 1042 ab
1550 981 1716 1043 initio
1765 980 2159 1060 implacatuis

503 1070 729 1131 inimici
751 1069 1186 1133 veritatis.Tam
1210 1080 1415 1151 aperte
1442 1071 1761 1132 confutatis
1794 1070 1868 1130 iis
1900 1087 2155 1146 quorum

502 1158 660 1220 mala
702 1169 831 1221 erat
870 1161 1072 1241 opinio
1133 1160 1355 1222 reversi
1409 1168 1546 1221 sunt
1577 1160 1864 1241 episcopi,
1914 1159 2151 1219 victoria

2242 1165 2370 1219 Θεὸν
2442 1161 2743 1233 δοξάζοντες
2816 1164 2903 1219 ἐπ’
2974 1165 3179 1244 ἀμφοῖν
3236 1165 3466 1236 τούτοιν,
3526 1166 3615 1226 οῖς
3679 1188 3732 1221 τε
3796 1168 3854 1222 τὰ

503 1248 745 1328 quidem
778 1248 1218 1323 lzeti,miraculo
1252 1258 1447 1312 autem
1473 1249 1889 1330 obstupefacti,
1929 1258 1991 1310 et
2012 1266 2151 1328 pro-

2239 1251 2503 1331 παράδοξα
2575 1256 2878 1332 ἐθεασαντο,
2944 1255 3031 1309 καὶ
3099 1258 3183 1319 οἷς
3252 1259 3349 1321 τῆς
3419 1254 3624 1333 Ἀρείου
3683 1257 3852 1329 μανίας

501 1347 638 1421 pter
668 1339 799 1401 haec
847 1338 1023 1399 ambo
1056 1338 1241 1401 Deum
1296 1339 1631 1411 laudantes,
1667 1357 1882 1419 nempe
1914 1339 2069 1418 quod
2097 1341 2151 1399 et

2238 1342 2621 1420 περιεγένοντν·
2684 1345 2827 1400 καὶὸ
2875 1350 3081 1421 κρατῶν
3131 1342 3185 1399 δὲ
3230 1346 3386 1407 αὐτὸς
3419 1342 3539 1409 ὅλος
3581 1344 3632 1400 ἐν
3661 1344 3852 1413 ἐκπλή-

501 1430 873 1508 aspexissent
893 1428 1293 1511 admirabilia,
1321 1442 1381 1490 et
1408 1448 1540 1510 quae
1570 1438 1742 1489 erant
1777 1436 1992 1506 praeter
2024 1428 2151 1508 opi-

2235 1430 2307 1496 ξει
2368 1438 2445 1507 τῷ
2499 1433 2723 1507 θαύματι
2776 1434 3035 1509 γεγονὼς,
3098 1434 3242 1513 πάσῃ
3294 1455 3351 1489 τε
3403 1440 3535 1509 τιμῇ
3587 1436 3671 1489 τὸν
3713 1432 3852 1509 ἄνδρα

499 1517 767 1597 nionem,
803 1525 862 1579 et
910 1519 1068 1599 quod
1121 1520 1404 1582 vicissent
1452 1518 1576 1582 Arii
1610 1518 1925 1578 insaniam.
1966 1519 2151 1580 Porro

2235 1528 2383 1596 τιμᾷ,
2429 1524 2520 1578 καὶ
2564 1522 2701 1577 ἵλεω
2748 1520 2814 1577 δι’
2859 1523 3017 1580 αὑτοῦ
3069 1525 3159 1580 τὸν
3210 1525 3340 1579 Θεὸν
3389 1521 3538 1603 ἔχειν
3587 1522 3850 1589 ἐξαιτησά-

497 1616 695 1669 autem
727 1607 857 1686 ipse
906 1627 1145 1688 quoque
1197 1608 1524 1689 imperator
1584 1607 1874 1669 miraculo
1906 1608 2151 1667 omnino

2237 1634 2415 1687 μενος,
2448 1609 2630 1669 οἴκαδε
2657 1613 3023 1690 παραπέμπει.

498 1696 1353 1780 obstupefactus,Spiridonem
1385 1696 1549 1759 omni
1573 1697 1803 1757 honore
1834 1695 2151 1776 prosequi-
2901 1724 2907 1729 -

500 1797 618 1860 tur,
692 1794 750 1848 et
797 1805 932 1850 cum
995 1787 1352 1867 postulasset
1407 1796 1469 1847 ut
1544 1804 1651 1867 per
1711 1788 1905 1866 ipsum
1965 1785 2213 1875 DeumB

496 1876 746 1939 haberet
771 1875 1112 1956 propitium,
1148 1894 1283 1938 eum
1319 1876 1561 1938 domum
1595 1875 1863 1937 dimittit.

574 1964 723 2027 XVI.
755 1966 999 2027 Interim
1029 1984 1167 2028 vero
1202 1966 1340 2026 dum
1368 1966 1493 2026 haec
1537 1967 1927 2044 agitarentur,
1965 1965 2149 2024 mori-

2320 1958 2419 2033 ις’
2483 1958 2573 2018 Ἐν
2646 1960 2754 2034 ὅσῳ
2823 1969 2987 2020 ταῦτα
3065 1957 3296 2039 ἐτρίϐετο
3369 1962 3581 2031 θνήσκει
3638 1963 3730 2035 μὲν
3782 1968 3847 2034 τῷ

501 2062 598 2115 tur
624 2054 866 2136 quidem
902 2063 1106 2117 sancto
1159 2056 1301 2136 ﬁlia,
1358 2073 1491 2135 quae
1547 2063 1682 2115 nata
1729 2054 1784 2114 ei
1834 2055 2025 2115 fuerat
2082 2071 2150 2114 ex

494 2142 834 2205 honorabili
852 2143 1153 2223 conjugio;
1176 2155 1232 2205 et
1250 2146 1487 2206 ﬂorenti
1507 2152 1677 2205 aetate
1704 2144 1879 2223 longe
1912 2143 2149 2224 specio-

498 2232 717 2295 siorem
745 2233 1071 2295 ostendens
1111 2234 1587 2313 temperantiam,
1623 2233 1957 2313 permansit
1985 2235 2149 2311 virgo

495 2329 618 2384 toto
652 2331 943 2403 tempore,
982 2340 1080 2384 res
1134 2341 1265 2404 quae
1310 2340 1460 2403 puro
1494 2341 1715 2403 sponso
1765 2322 1945 2400 digna
1974 2331 2060 2382 cst
2091 2333 2150 2382 et

493 2410 766 2474 thalamis
791 2411 1461 2475 caelestibusl’teversus
1478 2421 1674 2476 autem
1703 2430 1949 2490 magnus
1973 2410 2152 2488 Spiri-

492 2502 634 2582 don,
665 2520 799 2563 cum
834 2519 964 2564 eam
995 2501 1077 2563 ita
1099 2501 1335 2563 tulisset
1363 2502 1787 2579 calamitatem,
1824 2510 1885 2561 ut
1920 2518 2023 2580 par
2057 2508 2147 2561 est

489 2590 676 2651 virum
705 2591 880 2652 talem
913 2612 925 2652 :
954 2590 1027 2651 ad
1052 2608 1188 2652 eum
1213 2590 1486 2670 vero,qui
1513 2590 1687 2670 paulo
1719 2597 1853 2649 ante
1881 2589 2143 2648 advene-

2234 2051 2361 2121 ὁσίῳ
2408 2049 2620 2114 ἐξάπινα
2676 2053 2710 2118 ἡ
2767 2050 3020 2127 θυγάτηρ·
3074 2049 3194 2117 ἥτις
3238 2050 3382 2122 αὒτῷ
3434 2050 3493 2105 ὲκ
3545 2052 3712 2125 τιμίου
3761 2072 3844 2127 γε-

2236 2138 2433 2213 νομένη
2487 2146 2580 2197 τοῦ
2632 2139 2835 2217 γάμω,
2884 2138 2980 2195 καί
3026 2143 3125 2205 τῆς
3184 2160 3243 2215 γε
3295 2136 3411 2195 καθ’
3465 2138 3602 2210 ὢραν
3653 2138 3843 2207 ἡλικίας

2232 2230 2372 2306 παρὰ
2473 2226 2608 2285 πολὺ
2690 2230 2751 2284 τὸ
2834 2234 3040 2306 σῶφρον
3123 2228 3443 2305 ὡραιότερον
3526 2228 3837 2306 ἐπειξαιαένη,

2232 2317 2483 2382 παρθένος
2531 2318 2621 2374 τὸν
2671 2316 2794 2374 ὅλον
2850 2316 3072 2393 διήγαγε
3119 2316 3343 2395 χρόνον,
3388 2324 3577 2395 χρῆμα
3627 2319 3698 2391 τῷ
3749 2339 3837 2372 κα-

2229 2410 2370 2483 θαρῷ
2445 2408 2648 2485 νυμφίῳ
2724 2408 2809 2462 καὶ
2865 2411 2971 2461 τῶν
3047 2404 3306 2478 ονῦρανίων
3365 2407 3613 2479 θαλάμων
3692 2406 3833 2472 ἄξιον·

2230 2494 2499 2573 Σπυρίδων
2542 2495 2598 2551 δὲ
2650 2499 2677 2552 ὁ
2723 2495 2890 2572 μέγας
2939 2494 3261 2573 ἐπανελθὼν,
3310 2496 3397 2551 καὶ
3447 2496 3545 2562 τὴν
3598 2499 3838 2575 συμφορὰν

2227 2586 2457 2661 ἓνεγκὼν
2529 2585 2706 2663 ὥσπερ
2762 2583 2861 2661 ἄρα
2930 2586 3022 2640 τὸν
3095 2590 3336 2639 τοιοῦτον
3403 2586 3539 2647 είκος
3605 2586 3835 2663 ἐνεγκεῖν,

2229 2671 2351 2729 ἐπεὶ
2397 2676 2536 2748 αὐτῷ
2592 2671 2708 2749 ἄρτι
2766 2670 3200 2746 ἐπιδεδημηκότι,
3279 2676 3416 2750 γυνή
3475 2696 3552 2738 τις
3607 2674 3834 2753 προσῆλθε

489 2679 969 2757 rat,accessisset
998 2678 1269 2758 quietiam
1296 2678 1722 2747 mulier,tristis
1745 2677 2066 2738 admodum
2089 2685 2147 2737 et

487 2768 717 2831 deﬂens
746 2766 1360 2846 miserabiliter,quod
1390 2767 1543 2846 apud
1576 2766 1757 2828 ﬁliam
1794 2766 1922 2845 ejus
1951 2766 2145 2827 adhuc

486 2856 868 2937 superstitem
888 2864 1303 2917 ornamentum
1330 2855 1623 2932 quoddam
1662 2874 1906 2917 aureum
1948 2856 2136 2935 depo-

488 2943 731 3022 suisset,
767 2962 1023 3025 cumque
1055 2944 1157 3005 illa
1194 2945 1376 3006 celeri
1412 2954 1602 3007 morte
1633 2954 1926 3026 praerepta
1958 2953 2135 3020 esset,

2235 2942 2502 3021 παρὲθετο,
2575 2944 2824 3010 κάκείνης
2889 2942 3064 3009 ὀξεῖαν
3135 2942 3273 2999 οὕτω
3337 2946 3436 3011 τὴν
3505 2953 3592 3001 τοῦ
3639 2946 3825 3000 θανάτου

486 3032 643 3115 quod
666 3034 794 3113 ejus
819 3034 958 3096 ﬁdei
982 3033 1272 3096 creditum
1302 3034 1516 3109 fuerat,
1540 3035 1693 3115 apud
1720 3053 1847 3096 eam
1877 3034 2135 3096 mansis-

2235 3034 2393 3108 τομήν
2436 3033 2746 3108 δεξαμένης,
2808 3036 2869 3091 τὸ
2928 3032 3187 3091 πιστευθὲν
3247 3035 3377 3113 παρ’
3440 3038 3570 3112 αὒτῇ
3627 3035 3826 3109 ἔμεινεν,

485 3132 602 3197 set,
637 3123 747 3185 fuit
777 3124 888 3184 hoc
922 3132 1127 3185 sancto
1158 3142 1315 3185 cura:
1337 3124 1565 3203 (quidni
1599 3126 1777 3185 enim.
1816 3143 1951 3185 cum
1981 3132 2139 3185 esset

2235 3122 2452 3196 εμέλησε
2505 3130 2582 3198 τῷ
2613 3125 2764 3197 ὁσίῳ,
2795 3125 2881 3180 καὶ
2939 3127 3054 3187 πῶς
3087 3125 3184 3202 γὰρ
3236 3122 3300 3181 οὗ
3340 3144 3357 3201 ;
3413 3126 3619 3191 τοιαῦτη
3676 3122 3831 3203 ἔχοντι

483 3195 682 3275 animo
718 3221 837 3276 tam
874 3212 1132 3292 benigno
1152 3215 1229 3288 ?),
1265 3223 1320 3275 et
1344 3195 1469 3275 nisi
1501 3218 1919 3277 restitueretur
1948 3216 2134 3293 depo-

2235 3195 2587 3291 ριλᾶνθρωπον
2630 3195 2976 3293 τὴννψυχὴθ,
3041 3195 3126 3270 καὶ
3158 3195 3364 3293 ’ὥσπερ
3416 3217 3458 3271 εἰ
3520 3216 3591 3282 μὴ
3644 3195 3833 3269 ἀνασω-

485 3301 686 3375 situm,
716 3302 996 3365 violatum
1036 3304 1135 3384 jus
1184 3321 1316 3365 esse
1362 3304 1672 3383 judicabat
1723 3311 1780 3366 et
1811 3304 1864 3365 ei
1895 3304 2138 3384 putabat

2235 3302 2331 3367 )είη
2384 3306 2452 3376 τῇ
2503 3302 2986 3379 παρακαταθεμένῃ
3045 3304 3105 3359 τὸ
3163 3300 3329 3383 ἴδιον,
3365 3303 3607 3383 ἐσφάλθαι
3648 3304 3749 3380 περὶ
3784 3303 3835 3356 τὸ

482 3391 613 3454 ﬁeri
636 3392 940 3471 injuriam.
966 3393 1112 3456 Cum
1146 3411 1285 3472 ergo
1335 3403 1512 3454 totam
1538 3412 1703 3455 suam
1731 3394 1970 3455 domum
1998 3392 2132 3453 dili-

2235 3388 2418 3446 Ξίκαιον
2489 3392 2713 3469 κρίνοντι
2771 3393 2859 3448 καὶ
2915 3390 3120 3448 ἀδικεῖν
3176 3394 3238 3449 τὸ
3298 3393 3461 3471 μέρος
3516 3394 3670 3459 a’n'hv
3736 3392 3835 3447 οἷο-

473 3490 683 3564 genter
714 3490 1030 3556 scrutatus,
1088 3500 1381 3559 nusquam
1428 3484 1512 3564 id,
1545 3483 1705 3564 quod
1731 3482 2135 3563 quaerebatur,

2235 3479 2385 3552 ιένῳ.
2464 3472 2555 3542 Ὠς
2622 3480 2709 3537 οὖν
2770 3482 2979 3539 ἅπαντα
3038 3483 3129 3538 τὸν
3195 3483 3367 3550 αὖτῆς
3425 3487 3571 3540 οἷκον
3634 3481 3835 3558 ἀκριϐῶς

477 3572 770 3655 potuisset
800 3571 1093 3642 invenire,
1114 3571 1400 3651 quidnam
1436 3574 1591 3647 ﬁt,ct
1621 3591 1937 3653 quemnam
1970 3573 2141 3633 aﬁ'ert

2235 3568 2656 3651 Βιαψηλαφήσας,
2693 3568 2923 3645 οὐδαμοῦ
2966 3573 3026 3627 τὸ
3081 3574 3412 3646 ζητούμενον
3456 3578 3607 3654 εἶχεν
3656 3574 3831 3640 εὑρεῖν,

477 3661 697 3723 exitum
737 3660 1046 3741 multiplex
1082 3659 1190 3723 Dei
1223 3661 1563 3742 sapientia?
1596 3662 1840 3723 Accedit
1872 3662 1943 3721 ad
1973 3662 2136 3721 locu-

2235 3660 2269 3714 ιί
2298 3661 2519 3737 γίνεται,
2555 3663 2642 3717 καὶ
2684 3674 2843 3718 ποῖον
2877 3662 2907 3728 ἦ
2937 3660 3266 3737 πολύτροπος
3302 3671 3398 3720 τοῦ
3448 3671 3575 3720 Θεοῦ
3605 3661 3748 3740 σοφία
3777 3660 3827 3714 τὸ

474 3750 784 3825 lum,sicut
811 3768 977 3813 meus
997 3750 1268 3814 Christus
1290 3752 1460 3831 prius
1484 3752 1554 3813 ad
1589 3751 1904 3825 Lazarum,
1940 3759 2002 3811 ut
2033 3750 2135 3826 qui

2235 3749 2382 3827 τέρας
2439 3750 2677 3828 ἐπάγει;
2725 3751 2972 3829 Πρόσεισι
3022 3756 3088 3827 τῇ
3147 3758 3311 3832 σορῷ,
3359 3754 3586 3831 καθάπερ
3641 3755 3668 3807 ὁ
3718 3750 3829 3823 ἐμὸς

477 3839 721 3902 omnino
755 3849 918 3902 esset
942 3841 1072 3919 ejus
1103 3840 1457 3921 discipulus,
1508 3848 1586 3917 et,
1625 3841 1815 3921 quoad
1848 3842 1978 3920 ejus
2009 3840 2137 3901 ﬁeri

2235 3847 2449 3916 Χριστος
2524 3840 2608 3897 ἐπὶ
2668 3840 2888 3918 Λαζᾶρῳ
2945 3841 3006 3896 τὸ
3069 3842 3349 3919 πρότερον,
3410 3844 3588 3901 τούτου
3642 3841 3831 3899 πάντως

477 3936 700 4010 posset,
754 3947 852 3991 res
912 3930 1073 3992 illius
1103 3930 1466 3995 imitaretur.
1521 3931 1682 3992 Multi
1740 3939 1937 3992 autem
2000 3948 2133 3990 eum

2235 3929 2314 3984 ιαί
2374 3930 2529 3992 αὒτὸς
2578 3930 2822 4005 μαθητὴς
2883 3929 2980 4009 ὢν,
3026 3931 3114 3986 καὶ
3157 3932 3232 3994 ὡς
3292 3932 3400 3988 οἷόν
3451 3953 3508 3988 τε
3556 3933 3617 3987 τὰ
3658 3930 3831 3985 ἐκείνου

476 4017 879 4098 sequebantur
937 4036 1007 4080 ex
1062 4020 1160 4096 iis,
1217 4020 1321 4100 qui
1381 4039 1513 4083 cum
1574 4020 1675 4082 illo
1721 4022 2133 4081 versabantur.

2235 4024 2568 4094 ιιμούμενος,
2628 4019 2848 4076 εἵποντο
2919 4017 2973 4075 δὲ
3045 4022 3186 4094 αὐτῷ
3257 4022 3345 4077 καὶ
3428 4028 3531 4077 τῶν
3598 4020 3832 4075 συνόντων

476 4106 708 4169 Deinde
739 4108 990 4188 perinde
1020 4126 1088 4171 ac
1114 4109 1166 4170 si
1199 4129 1314 4171 non
1349 4110 1409 4170 in
1441 4109 1742 4190 sepulcro,
1772 4110 1874 4172 sed
1908 4108 1967 4169 in
2003 4110 2134 4169 tha-

2235 4106 2427 4170 πολλοί.
2494 4107 2609 4165 Εἶθ’
2663 4108 2843 4177 ὥσπερ
2903 4110 2996 4165 οὒκ
3036 4111 3092 4166 ἓν
3150 4109 3321 4189 τάφῳ,
3377 4108 3497 4166 ἀλλ’
3541 4108 3593 4165 ἐν
3628 4106 3826 4177 θαλάμῳ

473 4195 631 4258 lamo
663 4195 858 4259 adhuc
891 4206 1049 4260 esset
1080 4199 1226 4273 viva,
1283 4200 1651 4260 conveniens
1683 4199 1889 4271 ﬁliam,
1928 4216 1994 4258 ea
2029 4216 2133 4258 suo

2235 4202 2282 4270 τῇ
2363 4200 2581 4275 θυγατρὶ
2645 4197 2719 4253 ἔτι
2791 4201 2934 4275 ζώσῃ
3009 4201 3435 4279 περιτυγχάνων,
3489 4201 3612 4277 πρὸς
3679 4196 3825 4269 ὄνομα

476 4286 723 4348 nomine
753 4296 981 4361 vocata,
1017 4287 1299 4349 omnibus
1330 4289 1431 4369 qui
1461 4306 1595 4348 cum
1644 4307 1714 4349 eo
1749 4287 1997 4349 aderant
2023 4305 2129 4347 au-

2235 4285 2441 4349 ιαλέσας
2506 4288 2575 4352 εἰς
2618 4287 2781 4350 ἀκοὰς
2838 4287 3073 4367 πάντων,
3108 4301 3165 4344 οἷ
3206 4287 3400 4368 ἔτυχον
3456 4289 3591 4362 αὖτῷ
3642 4305 3823 4360 συμπα·

474 4374 780 4438 dienlibus
808 4398 821 4434 :
850 4376 1024 4453 Filia,
1060 4379 1260 4451 Irene,
1294 4376 1508 4457 inquit,
1537 4376 1638 4436 ubi
1691 4384 1779 4437 est
1806 4394 2129 4436 ornamen-

2247 4374 2419 4447 ὄντες,
2467 4376 2684 4448 Τέκνον,
2739 4377 2918 4451 εἶπεν,
2955 4378 3176 4456 Εἰρήνη,
3222 4378 3325 4434 ποῦ
3377 4380 3435 4433 τὸ
3491 4393 3824 4457 παρακατατε-

472 4471 623 4545 tum,
653 4465 811 4544 quod
862 4465 1019 4546 apud
1062 4475 1119 4526 te
1149 4464 1259 4525 fuit
1303 4463 1637 4544 depositum
1666 4464 1690 4525 Υ
1717 4465 1824 4525 Illa
1856 4474 2129 4544 tanquam

2235 4465 2298 4518 μέν
2329 4486 2409 4520 σοι
2460 4487 2613 4522 τουτο
2654 4464 2719 4534 δὴ
2769 4467 3038 4545 κόσμιον,
3092 4466 3156 4523 Ἠ
3206 4465 3259 4523 δὲ
3322 4467 3507 4528 εὐθέως
3536 4467 3753 4541 καθάπερ
3779 4459 3822 4523 ἐξ

480 4568 553 4614 ει
578 4533 739 4613 molli
772 4533 975 4632 aliquo
1015 4571 1223 4615 somno
1249 4533 1682 4633 eXpergefacta,
1716 4554 1890 4615 simul
1923 4533 2130 4615 sanum

2235 4552 2373 4610 ἱπνου
2455 4557 2595 4617 τινος
2674 4555 2916 4631 μαλακοῦ
2997 4553 3484 4634 διαγρηγορήσασα,
3562 4556 3641 4611 καὶ
3715 4554 3821 4627 ὃγιᾶ

473 4659 717 4703 servans
749 4650 807 4704 et
834 4642 1105 4723 Spiritum
1145 4651 1203 4704 et
1232 4662 1460 4706 vocem:
1494 4642 1750 4705 Domine
1783 4644 1888 4724 mi,
1915 4644 2127 4720 inquit,

2235 4645 2452 4713 τώζουσα
2493 4646 2581 4700 καὶ
2632 4645 2732 4711 τὴν
2783 4645 2949 4713 πνοὴν
3007 4645 3118 4719 ἅμα
3166 4647 3254 4702 καὶ
3311 4652 3409 4711 τὴν
3451 4646 3631 4724 φανὴν,
3685 4638 3819 4714 Κύριέ

472 4730 534 4792 in
567 4732 677 4793 hac
732 4739 899 4812 parte
938 4733 1156 4794 domus
1190 4733 1300 4795 fuit
1330 4752 1363 4794 a
1391 4752 1483 4795 me
1514 4734 1847 4814 repositum
1883 4751 2127 4795 aureum

2235 4754 2335 4805 mu,
2373 4737 2522 4813 φησὶ,
2557 4735 2697 4806 παρὰ
2727 4733 2857 4808 τῷδε
2891 4742 2965 4808 τῷ
3017 4734 3165 4813 μέρει
3194 4745 3285 4795 τοῦ
3328 4734 3478 4792 οἴκου
3513 4735 3568 4789 τὸ
3610 4734 3819 4811 χρυσοόν

473 4820 618 4882 illud
675 4830 1118 4885 ornamentum.
1175 4822 1397 4885 invasit
1443 4833 1575 4904 post
1608 4824 1733 4884 haec
1767 4833 1976 4903 stupor
1999 4842 2125 4898 eos,

2242 4834 2385 4878 γε’(νο
2445 4823 2699 4890 κατετέθη
2744 4847 2833 4899 μοι
2865 4823 3109 4899 κόσμιον.
3170 4822 3473 4889 ’Ἒκπληξις
3515 4822 3596 4878 ἐπὶ
3632 4820 3821 4878 τούτοις
3895 4815 3905 4827 ’

472 4910 574 4991 qui
606 4909 879 4974 aderant.
940 4910 1169 4973 Deinde
1222 4911 1574 4974 miraculum
1632 4912 1807 4974 etiam
1861 4912 2129 4993 sequitur

2239 4909 2471 4986 λάμϐανε
2528 4913 2649 4974 τοὺς
2693 4914 2980 4991 παρόντας.
3041 4914 3184 4993 βῖτα
3232 4914 3325 4969 καί
3356 4912 3523 4987 θαῦμά
3571 4932 3618 4966 τι
3663 4907 3819 4981 ἕτερον

471 4988 629 5061 aliud
655 5000 1008 5062 miraculum
1044 5021 1057 5063 :
1084 5019 1219 5062 nam
1249 5001 1499 5082 perinde
1520 5021 1588 5064 ac
1613 5003 1662 5064 si
1688 5002 1787 5064 ille
1810 4988 1968 5064 esset
1997 5001 2129 5063 vitae

2237 5000 2554 5068 πηκολούθει
2613 5008 2691 5076 τῷ
2731 4988 2979 5077 θαύματι,
3039 4988 3241 5081 Ὥσπερ
3298 5004 3396 5081 γὰρ
3451 5002 3646 5061 ἐκεῖνος
3692 5002 3816 5082 ζωῆς

472 5095 533 5150 et
562 5088 769 5150 mortis
817 5088 1121 5171 dominus,
1156 5098 1213 5153 et
1250 5080 1379 5153 hoc
1412 5092 1567 5153 dono
1600 5111 1633 5153 a
1680 5092 1913 5154 Christo
1946 5111 2124 5171 quem

2241 5112 2262 5146 ε
2318 5093 2404 5147 καὶ
2460 5093 2686 5150 θανάτου
2758 5093 2935 5170 κύριος
3009 5092 3105 5173 ὢν,
3179 5096 3265 5149 καὶ
3335 5092 3497 5168 ταύτῃ
3566 5102 3687 5164 προς
3740 5080 3817 5137 τοῦ

469 5176 850 5239 desiderabat
882 5179 1236 5256 honoratus,
1274 5181 1375 5261 qui
1401 5182 1472 5243 ad
1509 5181 1691 5245 breve
1716 5191 1948 5263 tempus
1981 5199 2123 5260 pro-

2235 5180 2532 5255 εοθουμένου
2604 5189 2829 5259 Χριστοῦ
2912 5188 2980 5259 τῇ
3057 5171 3225 5260 δῴρεᾷ
3276 5182 3535 5258 τιμηθεὶς,
3594 5180 3619 5233 ὁ
3693 5171 3813 5229 κατὰ

474 5271 607 5345 pter
635 5285 805 5329 usum
842 5285 971 5329 eam
1034 5269 1445 5347 viviﬁcaverat,
1476 5272 1649 5350 jubet
1679 5261 1886 5333 rursus
1920 5276 2068 5331 mori
2105 5289 2117 5332 :

2235 5271 2391 5349 χρείαν
2448 5272 2533 5327 Eni
2581 5272 2755 5351 βραχὺ
2803 5272 3046 5351 ζωώσας,
3090 5275 3334 5342 θνήσκειν
3391 5269 3593 5327 ἐκέλευε
3645 5261 3807 5351 πάλιν,

469 5352 674 5415 Dormi
722 5355 797 5417 de
840 5365 1078 5432 caetero,
1126 5357 1341 5439 inquit,
1376 5348 1519 5435 ﬁlia,
1559 5362 1753 5422 donec
1788 5360 2123 5420 communis

2235 5348 2313 5434 αἱ,
2394 5357 2638 5433 Κάθευδε,
2689 5348 2921 5439 τέκνον,
2982 5348 3197 5440 ἕιρασκε,
3257 5362 3317 5415 τὸ
3373 5358 3575 5427 λοιπὸν,
3634 5352 3724 5414 ἕως
3784 5348 3809 5400 δ

472 5440 760 5505 Dominus
785 5452 843 5507 te
864 5464 997 5507 cum
1018 5446 1299 5509 omnibus
1320 5451 1722 5511 communiter
1754 5451 2115 5512 excitaverit.

2238 5451 2371 5507 οινὸς
2453 5448 2730 5515 Δεσπότης
2803 5450 2936 5523 μετὰ
2992 5450 3207 5506 πάντων
3268 5454 3454 5509 κοινῶς
3508 5446 3672 5521 ἐγερεῖ
3731 5456 3802 5491 σε·

470 5527 606 5617 Ipse
636 5539 831 5593 autem
850 5551 987 5594 cum
1012 5534 1363 5596 accessisset
1384 5536 1456 5597 ad
1493 5536 1655 5598 illam
1692 5538 1829 5599 ﬁliae
1858 5538 2115 5599 domun-

2235 5540 2366 5602 n’itbc
2399 5536 2453 5594 δὲ
2526 5537 2651 5617 παρ’
2702 5538 2908 5595 ἐκεῖνον
2964 5535 3029 5605 δὴ
3097 5541 3187 5595 τὸν
3241 5537 3462 5593 οἰκίσκον
3515 5533 3604 5600 τῆς
3655 5532 3803 5601 θυγα-

472 5616 777 5699 culam,et,
814 5629 875 5683 ut
902 5622 1131 5685 dixerat
1160 5623 1726 5699 ﬁlia,ornamentum
1764 5628 2110 5703 invenisset,

2235 5630 2317 5707 ρὸς
2375 5627 2709 5708 ἀφικὸκενος,
2765 5630 2850 5686 καὶ
2899 5627 3056 5709 ἦπερ,
3121 5628 3220 5711 ἔφη
3278 5629 3339 5683 τὸ
3396 5624 3606 5698 κόσμιον
3657 5618 3796 5695 εὓρη-

2229 2768 2533 2841 περιπαθῶς
2605 2765 2807 2844 ἔχουσα
2889 2764 2978 2820 καὶ
3059 2761 3380 2839 ὀδυρομένη,
3456 2765 3563 2821 ἀνθ’
3630 2768 3696 2821 ὧν
3767 2764 3830 2818 ἔτι

2231 2853 2388 2910 αῧτοῦ
2459 2861 2529 2930 τῇ
2599 2856 2809 2930 θυγατρὶ
2893 2875 3145 2930 περιουσῃ
3209 2854 3437 2927 κόσμιόν
3520 2878 3567 2912 τι
3632 2860 3827 2933 χρυσοῦν
