4006 6146
259 214 393 287 2137

1550 220 1737 285 VITA
1780 220 1842 284 S.
1894 220 2275 286 SPYRIDON
2282 220 2369 284 IS.

3525 218 3643 289 438

259 357 380 422 πώς
465 379 522 414 τε
602 358 698 414 καῖ
779 353 1120 430 ἀνελόμενος,
1193 354 1474 437 ἐγχειρίζει
1564 363 1631 434 τῇ
1686 358 1892 435 γυναικὶ

2004 362 2062 417 et
2090 355 2446 427 sustulisset,
2481 352 2541 416 id
2567 350 2746 416 tradit
2773 350 3036 426 mulieri,
3068 349 3155 415 sic
3185 358 3243 415 et
3270 368 3497 433 augens
3531 355 3640 418 mi-

259 446 494 515 αὗξησιν
538 446 674 503 ὤτω
743 448 830 504 καὶ
889 447 1147 504 πίστωσιν
1194 450 1273 520 τῷ
1329 448 1553 522 θαύματι
1598 447 1914 525 παρασχών.

263 539 370 595 Καὶ
420 536 587 593 ταῦτα
619 537 717 612 μὲν
745 539 800 592 ἓν
830 542 897 613 τῇ
928 538 1098 611 νήσῳ.

344 625 455 686 ΙΖ’.
529 624 646 683 ’Ἰνα
701 624 756 681 δὲ
843 623 978 700 μηδὲ
1045 623 1353 706 Ἀντιόχεια
1433 625 1526 694 τῆς
1583 622 1915 696 Σπυρίδωνος

265 715 467 793 ἀρετῆς
526 736 583 770 τε
632 716 719 772 καὶ
772 716 999 794 χάριτος
1060 714 1279 780 ἀθέατος
1336 718 1373 792 ᾗ
1431 712 1558 789 μηδ’
1617 714 1913 791 ἁμάρτορος

269 807 358 861 καὶ
415 810 571 862 τοῦτο
615 803 856 861 τελεῖται
900 802 1205 884 παραδόξως
1251 803 1372 861 ὅσον
1429 805 1516 862 καὶ
1574 807 1913 877 θαυμαστῶς.

278 896 354 952 τὸ
404 892 459 950 δὲ
495 893 666 967 ὅπως,
730 895 758 949 ὁ
817 892 976 971 λόγος
1029 891 1131 961 ἤδη
1180 891 1431 961 δηλώσει.
1480 893 1787 951 Ἀπολείπει
1819 893 1917 967 μὲν

289 983 406 1055 ἄρτι
464 993 853 1048 Κωνσταντϊνος
895 985 923 1040 ὁ
975 983 1145 1060 μέγας
1203 986 1341 1059 μετά
1370 1005 1430 1062 γε
1461 991 1557 1055 τῆς
1589 983 1791 1062 ἀρχῆς,
1828 983 1914 1038 καὶ

290 1073 379 1127 τὸν
443 1072 546 1146 βίον
580 1087 594 1100 ⁸
659 1069 978 1149 διαιροῦνται
1040 1071 1095 1127 δὲ
1152 1073 1349 1139 ταύτην
1407 1074 1453 1129 οἱ
1510 1073 1695 1128 τούτου
1752 1074 1909 1135 υἱεῖς.

280 1162 372 1217 Καὶ
418 1160 781 1225 Κωνστάντιος
826 1162 946 1236 μὲν,
980 1162 1079 1228 τῆς
1112 1159 1285 1236 Ἐῴας
1326 1161 1513 1240 ἄρχειν
1569 1161 1777 1241 λαχὼν,
1840 1162 1912 1225 εἰς

270 1248 365 1315 τὴν
422 1248 665 1328 μεγάλην
723 1255 824 1318 τῆς
872 1250 1066 1318 Κοίλης
1099 1254 1288 1328 Συρίας
1330 1251 1511 1320 πόλιν,
1567 1252 1666 1317 τὴν
1698 1252 1911 1307 Ἀντιό-

2001 446 2294 526 raculum,
2327 455 2389 506 et
2412 446 2543 525 ejus
2574 444 2862 525 majorem
2917 442 3095 505 ﬁdem
3131 441 3378 507 faciens.
3412 441 3485 505 Et
3512 443 3637 508 haec

2001 535 2244 615 quidem
2278 536 2338 597 In
2369 533 2586 596 insula.

2079 623 2252 688 XVII.
2282 621 2572 688 Utautem
2602 623 2916 688 Antiochia
2944 639 3184 705 quoque
3215 631 3413 704 posset
3433 623 3636 687 videre

2001 713 2337 792 Spiridonis
2367 713 2642 774 virtutem
2666 720 2724 774 et
2749 711 3020 791 gratiam,
3055 720 3114 773 et
3143 709 3219 774 de
3251 730 3321 774 ea
3350 712 3507 775 l'erre
3539 727 3632 775 te-

2000 802 2371 883 stimonium,
2404 803 2517 864 hoc
2569 820 2808 884 quoque
2840 802 2905 862 fit
2952 801 3121 864 valde
3171 800 3544 877 mirabiliter,
3578 811 3638 864 et

1998 900 2204 955 contra
2234 892 2599 972 opinionem.
2637 890 2945 964 Quomodo
2994 908 3158 972 vero,
3183 893 3308 971 jam
3360 889 3639 955 ostendet

2000 983 2214 1044 oratio.
2240 986 2448 1064 Nuper
2476 981 2718 1062 quidem
2753 1000 3006 1061 magnus
3033 980 3636 1055 Constantinus,reli-

1997 1072 2390 1153 ctoimperio,
2427 1090 2460 1133 e
2491 1072 2636 1133 vivis
2677 1079 3014 1134 excesserat
3042 1089 3057 1146 ;
3084 1070 3142 1131 id
3168 1078 3362 1132 autem
3399 1070 3508 1133 filii
3537 1070 3635 1132 di-

1995 1162 2276 1225 viserant.
2306 1160 2375 1222 Et
2405 1162 2831 1225 Constantinus
2862 1161 3130 1238 quidem,
3166 1159 3261 1221 cui
3292 1158 3445 1224 forte
3473 1158 3633 1222 obti—

1994 1259 2253 1331 gerat,ut
2277 1259 2505 1313 teneret
2526 1251 2846 1331 imperium
2869 1249 2936 1313 0:
2955 1250 3221 1325 ientis,in
3246 1267 3457 1329 magna
3488 1247 3637 1311 urbe

269 1360 373 1417 χου
414 1341 578 1419 φημὶ,
624 1336 901 1417 διατρίϐων
962 1340 1051 1409 ἧν·
1086 1341 1237 1406 νόσος
1279 1338 1333 1396 δὲ
1397 1341 1540 1415 αὐτῷ
1594 1340 1898 1409 ἐπισιιήπτει

1998 1338 2359 1421 leesyriae,
2408 1358 2626 1421 nempe
2676 1339 3022 1413 Antiochia,
3068 1339 3433 1403 versabatur.
3485 1338 3633 1403 Eum

266 1426 411 1501 μάλα
453 1424 625 1502 δεινὴ,
685 1430 878 1507 ἰατρῶν
935 1428 1140 1510 τέχνην
1191 1432 1279 1487 καὶ
1335 1442 1530 1510 χεῖρας
1590 1427 1898 1507 ἐλέγχουσα⁴

1998 1434 2197 1492 autem
2223 1430 2419 1511 gravis
2443 1429 2687 1492 morbus
2709 1429 2952 1503 invadit,
2974 1428 3075 1510 qui
3110 1428 3473 1490 medicorum
3508 1447 3636 1490 ma-

263 1515 441 1593 Ταύτῃ
484 1538 569 1573 τοι
625 1518 714 1574 καὶ
755 1523 862 1574 τῶν
904 1516 1088 1575 ἄλλων
1135 1520 1351 1575 πάντων
1400 1518 1686 1598 ἀπογνοὺς,
1743 1515 1898 1574 ἐδεϊτι

1998 1537 2110 1580 nus
2142 1528 2199 1580 et
2227 1528 2413 1580 artem
2446 1519 2829 1599 reprobabat.
2864 1518 2984 1581 Hac
3034 1517 3108 1579 de
3157 1534 3336 1579 causa
3378 1516 3630 1579 aliorum

262 1605 425 1678 μόνου
481 1612 578 1679 τοῦ
620 1607 707 1662 καὶ
736 1607 918 1685 ψυχὰς
978 1603 1177 1672 εἰδότος
1233 1609 1322 1663 καὶ
1382 1606 1605 1683 σώματα
1654 1608 1898 1685 θεραπεύ·

1997 1608 2262 1669 omnium
2295 1625 2400 1688 spe
2431 1607 2682 1688 abjecta,
2720 1627 2854 1671 eum
2907 1607 3257 1689 precabatur
3283 1607 3501 1686 solum,
3533 1604 3638 1683 qui

260 1713 353 1750 ειν.
421 1693 819 1773 Συντόνῶτερον
850 1692 905 1751 δὲ
959 1695 1228 1776 χρωμένῳ
1256 1703 1325 1773 τῇ
1368 1703 1667 1776 προσευχῇ,
1726 1698 1898 1752 νυκτὸι

1998 1706 2189 1777 potest
2210 1714 2419 1760 curare
2446 1699 2678 1759 animas
2698 1707 2757 1759 et
2786 1714 3056 1778 corpora.
3088 1699 3230 1757 Cum
3249 1714 3385 1758 vero
3419 1713 3632 1776 preca-

259 1782 539 1858 ἐφίσταται
594 1784 738 1861 ὄψις,
803 1784 1029 1863 ἄγγελος
1086 1785 1437 1843 ὑποδεικνύων
1501 1788 1643 1860 αὐτῷ
1699 1784 1898 1842 πολλῶι

1998 1786 2159 1848 tione
2190 1794 2465 1848 uteretur
2486 1786 2801 1860 intensius,
2829 1794 3009 1848 noctu
3030 1789 3089 1848 in
3112 1784 3337 1848 visione
3366 1784 3421 1847 ei
3443 1802 3630 1865 appa-

258 1873 423 1950 ἁγίων
483 1873 792 1930 ἐπισκόπων
850 1876 1041 1953 χορόν.
1105 1877 1207 1940 Οἷς
1279 1875 1306 1931 ὃ
1367 1874 1613 1951 βασιλεὺς
1668 1876 1898 1936 ἀτενίσαι

1994 1886 2087 1939 ret
2114 1876 2717 1956 angelus,ostendens
2737 1876 2792 1938 ei
2823 1877 3069 1938 chorum
3100 1884 3437 1937 sanctorum
3469 1873 3629 1936 mul-

257 1964 311 2017 ἐν
371 1961 564 2036 μέσοις
623 1963 828 2038 αὗτοϊς,
891 1966 984 2041 ὁρᾷ
1050 1962 1139 2021 δύο
1194 1966 1342 2029 τινὰς
1415 1965 1725 2039 ἱσταμένους
1784 1967 1898 2021 Επι-

1995 1977 2187 2030 torum
2214 1968 2657 2048 epis-saporum.
2682 1968 2747 2029 In
2779 1988 2932 2049 quos
2961 1987 3093 2031 cum
3128 1970 3450 2048 imperator
3479 1966 3630 2028 deti-

258 2052 491 2113 σιιόπους
554 2051 651 2125 μὲν
705 2053 793 2109 καὶ
848 2054 1035 2117 αὖτοὺς
1067 2053 1333 2128 ἐοικότας,
1367 2063 1671 2133 προστάτας
1724 2051 1777 2110 δὲ
1804 2060 1910 2111 τῶν

254 2138 434 2195 ἄλλων
477 2141 578 2197 καί
612 2140 888 2220 ἀρχηγοὺς
952 2143 1095 2200 εῖναι
1139 2141 1445 2209 δοκοῦντας.
1498 2143 1722 2206 Τούτους
1767 2144 1910 2216 αὐτῷ

257 2231 284 2285 δ
338 2229 576 2308 ἄγγελος
650 2229 981 2307 παραδείξας,
1074 2231 1263 2308 μόνους
1351 2232 1532 2312 ἔλεγεν
1612 2236 1753 2289 εἶναι
1811 2230 1907 2298 τῆς

256 2321 413 2376 αὐτοῦ
479 2321 643 2377 νόσου
713 2321 1062 2400 θεραπευτάς,
1138 2321 1295 2381 Ἐπεὶ
1382 2320 1437 2378 δὲ
1517 2324 1607 2379 καὶ
1660 2324 1687 2377 ὁ
1747 2319 1907 2386 ὕπνος

258 2407 450 2476 ἐνῆκεν
512 2410 692 2483 αὐτὸν,
749 2408 1092 2469 διεσκοπεϊτο
1122 2412 1243 2492 μὲν,
1289 2413 1429 2478 τίνες
1472 2412 1535 2469 ἂν
1565 2414 1708 2470 οὗτοι
1767 2410 1903 2488 εἶεν,

289 2502 304 2521 ν
435 2499 485 2555 ἶκ
599 2496 646 2554 δα
742 2501 754 2515 ι
864 2498 888 2518 ν
1222 2499 1253 2525 ρ
1293 2499 1323 2557 λ
1549 2502 1579 2514 ~
1701 2502 1713 2518 ι
1842 2500 1871 2519 γ

258 2520 347 2557 ουκ
402 2520 426 2555 ε
470 2520 544 2578 λε
632 2519 653 2553 ε
707 2521 798 2556 τον
855 2520 1056 2578 ονειρον
1115 2522 1286 2575 συμοα
1326 2514 1431 2560 εῖν.
1496 2508 1614 2563 Πως
1657 2523 1782 2579 γαρ,
1833 2520 1907 2555 ων

259 2589 389 2662 μήτε
444 2587 643 2656 κλῆσις
689 2590 826 2663 μήτε
854 2590 1038 2665 πατρὶς
1070 2589 1253 2664 ἐκείνῳ
1297 2591 1561 2671 γνώριμος
1599 2611 1616 2671 ;
1678 2588 1903 2651 ’Ἄλλως

259 2698 310 2733 τε
356 2677 445 2734 καὶ
531 2677 748 2756 θατέρου
834 2679 1032 2735 τούτων
1103 2679 1356 2758 φανέντος
1438 2681 1536 2756 μὲν
1590 2683 1734 2753 αὐτῷ
1789 2678 1902 2734 κατ’

1991 2058 2176 2122 xisset
2200 2056 2498 2129 oculos,in
2529 2059 2724 2119 medio
2754 2057 2995 2138 quidem
3024 2076 3232 2119 eorum
3262 2055 3420 2119 videt
3441 2073 3626 2133 quos-

1992 2147 2126 2209 dam
2152 2146 2301 2208 duos
2323 2154 2571 2222 stantes,
2593 2147 2695 2227 qui
2724 2156 2893 2210 erant
2922 2147 3036 2225 ipsi
3066 2162 3303 2228 quoque
3329 2144 3631 2226 episcopis

1992 2236 2262 2298 similes:
2289 2235 2642 2298 videbantur
2656 2243 2853 2298 autem
2885 2254 3018 2298 esse
3038 2236 3223 2298 duces
3254 2242 3313 2296 et
3345 2235 3630 2316 praesides

1991 2325 2424 2389 aliorum.Cum
2444 2343 2548 2387 eos
2566 2325 2681 2407 ipsi
2700 2324 3511 2404 ostendissetangelus,solos
3527 2342 3628 2387 eos

1991 2433 2124 2477 esse
2148 2414 2532 2494 dicebatejus
2554 2414 2742 2476 morbi
2773 2423 3100 2477 curatores.
3138 2412 3284 2477 Cum
3318 2432 3454 2476 eum
3488 2431 3626 2475 vero

1989 2504 2592 2584 dimisissetsomnus,
2617 2503 3032 2566 considerabat
3050 2502 3563 2584 quidem,quinam
3589 2503 3627 2564 ii

1991 2604 2210 2657 essent:
2238 2612 2354 2656 non
2373 2601 2611 2674 poterat
2626 2601 2822 2655 autem
2839 2590 3132 2655 somnium
3148 2590 3629 2672 conjicere.Quo-

1993 2683 2169 2745 modo
2200 2683 2527 2756 enim,cum
2562 2700 2768 2743 eorum
2799 2700 2910 2744 nec
2940 2701 3180 2757 nomen,
3215 2699 3325 2743 nec
3358 2682 3542 2761 patria
3571 2680 3626 2741 ei

261 2766 571 2844 ἐπίσκοπον,
605 2766 752 2823 οὔπω
807 2768 862 2823 δὲ
918 2766 1039 2825 τότε
1096 2768 1388 2846 γενομένου
1429 2781 1551 2833 ταῖς
1608 2767 1898 2847 ἀληθείαις,

1986 2781 2142 2833 esset
2162 2770 2328 2833 nota?
2345 2771 2599 2834 maxime
2615 2789 2749 2833 cum
2768 2771 3135 2833 altereorum
3151 2770 3251 2852 qui
3271 2778 3629 2852 apparuerat

271 2853 386 2911 ἆλλᾶ
436 2858 505 2911 τὸ
562 2854 759 2930 μέλλον
816 2854 1047 2932 ἔσεσθαι,
1102 2859 1177 2922 ὡς
1240 2855 1343 2924 ἤδη
1400 2861 1602 2937 φθάσαν
1655 2857 1898 2935 γενέσθαι

1986 2869 2049 2921 ut
2069 2861 2680 2940 episcopus,nondum
2729 2877 2942 2922 revera
2964 2870 3088 2922 erat
3103 2860 3312 2923 factus:
3338 2859 3441 2921 sed
3468 2860 3624 2941 quod

278 2945 618 3021 παρεστηκός.
694 2946 831 3023 Πρὸς
903 2954 1069 3004 ταῦτα
1129 2948 1301 3007 τοίνυν
1381 2944 1793 3023 διαπορούμενος
1873 2948 1898 3001 ὁ

1986 2949 2244 3013 futurum
2280 2960 2426 3027 erat,
2463 2960 2739 3033 tanquam
2783 2951 2939 3032 quod
2988 2952 3104 3030 iam
3155 2951 3372 3013 factum
3406 2949 3624 3032 fuerat,

271 3034 477 3109 κρατῶν,
548 3035 637 3090 καὶ
691 3034 805 3109 ἅμα
850 3034 947 3111 μὲν
1004 3037 1311 3110 κινούμενος
1361 3035 1457 3091 καὶ
1503 3041 1571 3111 τῇ
1611 3035 1755 3110 ὄψει,
1788 3034 1898 3110 ἅμα

1986 3050 2360 3134 apparuerat.
2411 3040 2559 3102 Cum
2601 3050 2863 3134 propter
2902 3042 3036 3134 haec
3071 3057 3217 3134 ergo
3257 3046 3417 3134 esset
3444 3039 3624 3102 animi

261 3120 309 3177 δὲ
360 3125 443 3180 καὶ
490 3135 619 3185 ταῖς
671 3120 876 3186 ὀδύναις
920 3123 1376 3201 ὑποϐαλλόμενος,
1423 3126 1517 3181 οὐκ
1565 3136 1722 3203 εῖχεν
1765 3123 1793 3179 ὅ
1849 3146 1898 3180 τι

1986 3128 2201 3192 dubius
2233 3130 2582 3204 imperator,
2608 3139 2668 3191 et
2691 3120 2866 3191 simul
2899 3129 3138 3210 quidem
3168 3128 3392 3191 visione
3422 3148 3627 3192 move-

258 3213 335 3268 καὶ
390 3210 632 3292 δράσειε.
678 3213 756 3272 Τὸ
797 3212 851 3270 δὲ
895 3220 995 3281 τῆς
1039 3215 1269 3277 πίστεως
1312 3218 1489 3271 ἐκεῖνο
1544 3215 1735 3292 θερμὸν
1764 3212 1898 3269 κάλοι

1986 3228 2171 3298 retur,
2236 3219 2610 3281 cruciaretur
2668 3227 2865 3281 autem
2934 3218 3262 3290 doloribus,
3328 3216 3633 3280 nesciebat

253 3299 401 3359 λιστα
475 3303 712 3359 ὑπετίθει
771 3305 849 3378 μὴ
918 3305 982 3360 ἄν
1059 3304 1198 3363 οὕτω
1255 3304 1492 3380 ματαίως
1539 3305 1638 3372 τὴν
1718 3302 1897 3381 ὅρασιν

1986 3308 2261 3389 quidnam
2295 3314 2519 3388 ageret.
2556 3308 2778 3370 Fervor
2808 3325 2946 3370 vero
2997 3308 3134 3369 fidei
3192 3307 3358 3371 illum
3407 3307 3630 3387 optime

252 3391 534 3462 ἐπιστῆναι
570 3409 585 3424 ⁸
654 3393 770 3450 ὅθεν
826 3397 913 3453 καὶ
971 3396 1135 3453 πείθει
1187 3400 1471 3477 φρονῆσαι,
1525 3394 1801 3473 βασιλικόν
1847 3417 1897 3450 τι

1986 3397 2360 3472 admonebat,
2390 3417 2507 3459 non
2538 3397 2687 3459 adeo
2721 3406 2949 3460 temere
2978 3397 3141 3459 illam
3165 3395 3511 3478 apparuisse
3532 3396 3623 3457 vi-

250 3486 330 3541 καὶ
382 3494 667 3565 γενναῖον,
727 3486 812 3541 καὶ
882 3486 1012 3564 πρός
1072 3488 1133 3542 τὸ
1217 3496 1305 3545 νῦν
1367 3484 1496 3566 ἔχον
1568 3486 1750 3561 σοφίας
1807 3487 1898 3542 οὐκ

1986 3487 2238 3548 sionem.
2265 3486 2436 3549 Unde
2471 3487 2645 3548 etiam
2679 3487 2734 3549 ei
2761 3486 3170 3567 persuadet,ut
3194 3486 3543 3565 praeclarum
3570 3496 3628 3546 et

251 3571 488 3651 ἄμοιρον,
527 3574 660 3637 Τοὺς
719 3577 818 3653 γὰρ
868 3577 1183 3656 ἁπανταχοῦ
1239 3578 1337 3642 τῆς
1388 3567 1662 3651 Ῥωμαίων
1719 3575 1897 3655 ἀρχῆς

1986 3578 2348 3654 imperatore
2381 3575 2650 3653 dignum,
2690 3584 2749 3637 et
2790 3576 2852 3636 in
2903 3575 3220 3653 prmsentia
3249 3573 3492 3654 quidem
3524 3591 3624 3634 sa-

249 3661 596 3735 ἒπισκόπους,
654 3662 770 3721 ὅσοι
830 3665 942 3742 βίου
1001 3664 1344 3739 ἐπιμέλονται
1412 3665 1715 3746 φιλαρέτου,
1771 3665 1893 3722 ἐκέ-

1986 3665 2204 3746 pientia
2230 3662 2476 3726 minime
2501 3683 2773 3735 vacuum,
2807 3670 3048 3743 caperet
3067 3662 3406 3725 consilium.
3437 3662 3622 3735 Quot-

249 3750 359 3808 λευε
415 3750 767 3829 συνδραμεῖν,
856 3750 950 3825 ἵν’,
1046 3757 1180 3831 ὁμο»)
1249 3753 1626 3830 συνελθόντων,
1684 3756 1768 3811 καὶ
1845 3756 1891 3809 οἱ

247 3844 495 3921 φανέντες
530 3845 671 3917 αύτῷ
700 3840 787 3901 δύο
814 3844 1072 3924 γνώριμοι
1103 3849 1426 3905 κατασπῶσι.

317 4112 433 4177 ῐΗ’,
486 4113 785 4192 Γράμματα
848 4111 895 4168 δ’
952 4112 1014 4169 ἂν
1071 4114 1208 4169 κατὰ
1264 4120 1438 4170 πᾶσαν
1494 4112 1596 4178 τὴν
1654 4112 1888 4180 ὑποτελῆ

248 4203 527 4279 Ῥωμαίοις
585 4202 879 4278 ἐπέμπετο,
940 4204 1026 4259 καὶ
1101 4203 1221 4267 τοὺς
1277 4201 1599 4264 ἐπισκόπους
1685 4200 1886 4260 ἐκάλει.

254 4294 341 4348 Καὶ
402 4293 524 4349 ἐπεὶ
581 4294 686 4347 τῶν
743 4291 918 4347 ἄλλων
978 4291 1340 4370 ἀφικομένων,
1400 4288 1613 4364 οὐδεμία
1663 4289 1728 4357 ἦν
1783 4296 1888 4346 τῶν

253 4381 582 4457 ζητουμένων
640 4381 949 4459 ἐπίγνωσις,
1022 4380 1222 4457 πέμπει
1282 4382 1368 4437 καὶ
1426 4381 1554 4458 πρὸς
1618 4380 1716 4445 τὴν
1779 4390 1887 4436 Κυ-

254 4472 401 4545 πρίων
486 4475 676 4549 νῆσον,
761 4468 1065 4549 Σπυρίδωνα
1149 4472 1237 4527 καὶ
1319 4470 1416 4536 τὴν
1475 4468 1674 4527 ἐκείνου
1730 4469 1886 4548 χάριν

258 4558 732 4639 με·ακαλούμενος,
782 4561 809 4615 ὁ
879 4558 934 4614 δὲ
992 4558 1212 4638 προῄδει
1266 4558 1363 4634 μὲν
1427 4559 1597 4614 πάντα
1642 4557 1708 4613 τὰ
1754 4559 1889 4613 κατὰ

253 4648 331 4702 τὸν
392 4655 692 4727 κρατοῦντα
749 4656 825 4722 τῷ
908 4650 1192 4724 πνεύματι,
1284 4648 1519 4723 ἐσήμανε
1579 4649 1677 4725 γὰρ
1748 4647 1890 4721 αὒτῴ

251 4734 437 4795 ἕκαστα
483 4736 552 4793 δι’
599 4738 813 4815 ὀνείρων
854 4739 890 4805 ⁵η
934 4738 1091 4818 χάρις
1124 4756 1140 4775 '
1183 4738 1299 4795 ’eml
1342 4735 1395 4793 δὲ
1426 4736 1519 4793 καΐ
1552 4752 1599 4794 ot
1627 4735 1886 4814 βασιλέως

251 4824 389 4903 λόγοι
472 4827 905 4907 συνωμολόγουν,
970 4827 1065 4884 οὒκ
1149 4825 1460 4897 ἀϐουλήτως
1542 4829 1672 4904 πρὸς
1730 4828 1887 4884 αὺτὸν

251 4913 548 4998 ἀνατρέχει,
598 4917 928 4995 ἐπαγόμενος
987 4919 1073 4974 καὶ
1116 4918 1206 4974 τὸν
1262 4914 1446 4995 ἄνδρα,
1506 4920 1552 4990 ᾧ
1602 4917 1736 4972 κατὰ
1788 4916 1885 4981 τὴν

250 5011 502 5084 φανεῖσαν
544 5007 668 5081 ὄψιν
721 5007 1067 5085 συμπαρέστη
1111 5012 1189 5081 τῷ
1229 5004 1464 5083 βασιλεῖ,
1528 5008 1699 5079 τούτῳ
1758 5016 1886 5082 Τρι-

251 5095 459 5171 φύλλιος
517 5096 585 5165 ἦν
630 5097 821 5172 ὄνομα,
868 5095 1016 5153 οῧπω
1070 5098 1166 5173 μὲν
1224 5102 1320 5163 τῆς
1380 5097 1669 5174 ἱερωσύνης
1720 5093 1881 5163 ἠξιω-

251 5185 423 5260 μένον,
484 5183 680 5243 ἄνωθεν
733 5183 787 5242 δὲ
858 5189 946 5242 καὶ
1006 5189 1110 5265 πρὸ
1170 5187 1265 5254 τῆς
1315 5186 1646 5258 ἀνθρωπίνης
1706 5187 1884 5263 ψήφου

251 5274 338 5342 τὴν
383 5276 712 5355 χειροτονίαν
741 5275 1098 5357 ἀπειληφότα.
1145 5274 1322 5351 Εἷσῇει
1382 5282 1505 5352 γοῦν
1550 5276 1659 5349 ἃμα
1716 5274 1884 5347 τούτῳ

254 5364 514 5441 Σπυρίδων
560 5365 631 5429 εἰς
671 5365 736 5420 τᾶ
792 5364 1057 5441 βασίλεια,
1119 5363 1278 5427 λιτῶς
1350 5364 1485 5420 πάνυ
1525 5363 1621 5420 καὶ
1675 5362 1883 5442 ἀφελῶς

254 5448 696 5523 διεσκευασμένος.
742 5443 806 5510 Ἠ
870 5453 967 5528 μὲν
1028 5453 1128 5532 γὰρ
1174 5452 1326 5521 ἐσθὴς
1382 5451 1563 5516 δεινῶς
1623 5450 1839 5522 εὖτελής
1869 5471 1884 5487 ·

256 5536 432 5611 ῥάϐδον
487 5539 541 5597 δὲ

621 5543 818 5619 βα’ἱντ,ν
902 5545 1059 5627 εἶχεν
1136 5544 1171 5615 ἡ
1251 5541 1413 5621 δεξιὰ,
1474 5544 1560 5599 καὶ
1619 5542 1798 5621 τιάραν
1856 5544 1891 5611 ἦ

1978 3763 2120 3835 quot
2151 3758 2310 3815 enim
2360 3753 2627 3833 episcopi
2687 3770 2794 3833 per
2842 3752 3186 3814 universum
3218 3753 3621 3813 Romanorum

1975 3842 2291 3924 imperium
2319 3842 2454 3904 vitae
2477 3860 2545 3904 ex
2571 3844 2788 3905 virtute
2807 3840 3055 3922 agenda;
3083 3858 3283 3902 curam
3313 3840 3617 3920 gerebant,

1966 3931 2515 4013 jussitconvenire,
2549 3940 2613 3993 ut
2642 3950 2778 3994 cum
2825 3931 2997 3992 simul
3031 3932 3468 4003 convenissent,
3502 3931 3621 3994 duo

1972 4041 2229 4103 quoque,
2256 4022 2357 4102 qui
2388 4027 2440 4083 ei
2472 4033 2897 4103 apparuerant,
2928 4021 2983 4083 ei
3014 4020 3141 4081 noti
3173 4020 3517 4083 evaderent.

2055 4111 2261 4174 XVIII.
2290 4111 2486 4172 Missa;
2537 4118 2679 4172 sunt
2728 4128 2868 4189 ergo
2912 4110 3123 4171 littera;
3154 4127 3262 4190 per
3282 4111 3615 4173 universam

1976 4202 2447 4281 regionem,qu33
2468 4199 2711 4282 parebat
2731 4199 3035 4269 Komanis,
3069 4209 3132 4261 et
3169 4199 3455 4261 vocabant
3482 4201 3618 4280 epi-

1972 4309 2185 4371 scopos
2222 4313 2235 4353 :
2270 4300 2329 4352 et
2357 4289 2640 4371 quoniam
2672 4308 2806 4351 cum
2839 4288 2941 4351 alii
2969 4288 3362 4351 accessissent
3417 4289 3453 4349 ii
3515 4289 3616 4369 qui

1973 4381 2414 4456 quaerebantur,
2472 4397 2841 4460 nequaquam
2887 4386 3376 4459 agnoscerentur,
3441 4378 3616 4440 mittit

1975 4470 2149 4531 etiam
2180 4472 2240 4531 in
2272 4469 2526 4550 Cyprum
2561 4469 2840 4544 insulam,
2869 4487 3183 4531 accersens
3211 4466 3612 4548 Spiridonem,

1973 4568 2030 4619 et
2052 4559 2214 4620 illius
2236 4557 2505 4636 gratiam.
2544 4558 2649 4618 Ille
2679 4566 2874 4618 autem
2904 4557 3102 4618 omnia
3128 4556 3370 4637 quidem
3402 4555 3614 4634 Spiritu

1972 4647 2330 4728 praeviderat
2357 4648 2432 4708 de
2452 4653 2835 4725 imperatore.
2861 4645 2925 4707 In
2972 4647 3197 4707 somnis
3221 4646 3377 4707 enim
3403 4644 3457 4706 ei
3487 4647 3613 4705 sin-

1969 4737 2106 4816 gula
2167 4734 2536 4813 signiﬁcabat
2592 4735 2802 4811 gratia.
2839 4737 2981 4794 Cum
3036 4752 3172 4795 vero
3234 4733 3611 4813 imperatoris

1970 4844 2209 4905 quoque
2228 4825 2405 4886 verba
2422 4825 2473 4885 ei
2502 4823 2935 4897 consentirent,
2972 4841 3086 4883 non
3121 4823 3333 4883 invitus
3362 4821 3437 4883 ad
3471 4839 3605 4884 eum

1973 4915 2394 4993 proﬁciscitur,
2429 4914 2592 4972 illum
2622 4932 2858 4992 quoque
2887 4913 3078 4973 virum
3123 4929 3323 4970 secum
3356 4908 3600 4984 ducens,

1970 5004 2070 5083 qui
2102 5006 2161 5063 in
2190 5021 2282 5077 ea,
2312 5021 2442 5082 quae
2474 5000 2639 5081 prius
2670 5009 3044 5080 apparuerat,
3082 4998 3305 5060 visione
3335 5014 3467 5057 cum
3501 4997 3604 5058 illo

1969 5094 2239 5155 astiterat
2260 5091 2636 5170 imperatori.
2672 5091 2740 5150 Ei
2789 5107 3009 5152 nomen
3056 5095 3182 5150 erat
3209 5085 3596 5164 Triphyllius,

1968 5182 2068 5263 qui
2120 5182 2382 5241 nondum
2408 5179 2648 5260 quidem
2678 5187 2806 5239 erat
2838 5179 3087 5258 adeptus
3115 5175 3535 5263 sacerdotium,
3568 5194 3601 5237 a

1967 5261 2200 5349 superis
2225 5275 2768 5347 autem,antequam
2793 5267 3114 5346 eligeretur
3134 5265 3206 5326 ab
3231 5261 3595 5339 hominibus,

1970 5360 2158 5421 fuerat
2204 5359 2567 5435 designatus.
2600 5358 2746 5420 Cum
2797 5375 2867 5418 eo
2900 5373 3036 5432 ergo
3067 5353 3242 5415 simul
3273 5351 3600 5429 ingreditur

1974 5448 2248 5529 Spiridon
2274 5448 2332 5509 in
2361 5447 2605 5526 regiam,
2632 5446 2896 5509 tenuiter
2925 5443 3243 5506 admodum
3273 5451 3514 5504 ornatus
3542 5453 3600 5503 et

1977 5537 2505 5619 simpliciterNam
2521 5535 2697 5600 vestis
2709 5535 2950 5620 quidem
2965 5531 3424 5597 eratadmodum
3445 5530 3593 5613 vilis,
