4028 6138
455 273 576 342 439
1768 281 1932 348 ΜΕΝ
1937 283 2049 347 SIS
2089 285 2097 348 ὲ

2187 284 2517 350 CEMBER.
3688 287 3793 356 440

451 416 516 476 in
537 430 716 475 manu
737 420 937 475 autem
961 410 1222 476 habebat
1237 413 1458 493 virgam
1485 432 1553 478 ex
1576 416 1862 496 palma,et
1885 419 2093 481 tiaram

2187 417 2383 499 κεφαλή
2421 433 2437 449 ⁸
2493 418 2621 497 πρὸς
2679 417 2734 475 δὲ
2795 420 2884 476 καὶ
2939 415 3203 496 ἀγγείδιόν
3245 441 3294 475 τι
3344 427 3628 497 κεραμεοῦν
3658 420 3803 499 ἑξήρ-

453 500 722 579 gestabat
745 501 807 563 in
833 503 1352 583 capite.Praeterea
1377 522 1516 567 vero
1541 507 1843 567 vasculum
1867 526 2097 588 quoque

2187 529 2322 574 τητο
2378 513 2468 564 τοῦ
2511 507 2810 587 τραχήλου,
2855 506 3035 585 ὥσπερ
3078 508 3166 565 οὗν
3225 507 3336 572 ἔθος
3395 522 3512 573 τοῖς
3541 510 3636 577 τὴν
3664 511 3804 588 ἆγίαν

451 591 750 672 quoddam
779 592 960 654 ﬁctile
990 592 1045 654 ei
1075 592 1377 674 pendebat
1400 612 1470 656 ex
1502 595 1681 670 collo,
1717 603 1778 656 ut
1798 597 1926 676 qui,
1951 597 2097 658 sicut

2187 594 2339 653 πόλιν
2396 597 2651 675 οἰκοῦσιν,
2711 596 2886 653 ἔλαιον
2971 604 3062 653 τοῦ
3132 599 3278 654 θείου
3352 599 3574 676 σταυροῦ
3647 600 3806 680 φέρειν

452 698 586 742 mos
618 682 849 762 erat,iis
875 683 977 762 qui
998 690 1262 744 sanctam
1289 683 1635 747 habitabant
1664 685 2097 766 civitatem,sta‘

2187 684 2581 762 προῃρημένοις
2593 733 2606 748 ,

453 767 662 830 tuisset
691 768 846 831 ferre
875 769 1072 831 oleum
1103 780 1324 834 sanctae
1352 774 1571 836 crucis.

529 857 686 920 XIX.
720 859 1009 932 Quoniam
1041 869 1236 922 autem
1271 880 1390 924 non
1449 864 1588 925 satis
1619 871 1750 926 erat
1781 865 2092 939 tenuitate,

453 955 514 1008 et
541 965 574 1008 a
595 947 775 1010 rebus
793 949 1115 1029 superﬂuis
1144 951 1338 1013 aliena
1360 951 1761 1032 simplicitate,
1790 953 1893 1014 sed
1919 954 2095 1016 etiam

2187 951 2407 1029 εὐτελεῖ,
2465 950 2600 1008 ἀλλᾶ
2641 951 2730 1007 καὶ
2785 958 2850 1028 τῇ
2909 954 3040 1029 πρὸς
3101 955 3192 1019 τὰς
3240 953 3410 1033 ὕϐρεις
3442 956 3691 1029 ἐπιεικείᾳ
3729 959 3811 1014 τὸν

450 1035 514 1096 in
545 1037 806 1099 ferendis
839 1038 1077 1117 injuriis
1105 1039 1515 1102 moderatione
1543 1060 1716 1102 suum
1743 1042 1960 1103 imitari
1986 1043 2097 1104 Do-

2187 1040 2365 1098 ἓαυτοῦ
2411 1041 2688 1107 Δεσπότην
2719 1043 3080 1117 μιμήσασθαι,
3133 1045 3218 1106 εἷς
3249 1068 3328 1106 τις
3390 1045 3494 1102 τῶν
3547 1045 3600 1102 έν
3663 1048 3810 1122 βασι-

2258 867 2370 926 ιθι,
2435 863 2582 921 Ἐπεὶ
2633 861 2688 917 δὲ
2747 861 2848 919 ἔδει
2923 864 2998 938 μὴ
3049 869 3125 937 τῷ
3195 867 3458 941 ἀπερίττῳ
3517 869 3673 940 μόνον
3731 870 3811 926 καὶ

455 1124 957 1204 minum,quidam
987 1128 1049 1190 in
1081 1131 1407 1210 regia,ejus
1438 1130 1696 1194 irridens
1721 1133 2093 1207 tenuitatem,

453 1223 512 1275 et
539 1214 888 1278 indecorum
943 1235 1075 1279 esse
1113 1217 1436 1289 arbitrans,
1472 1238 1608 1280 eum
1644 1219 1879 1298 ingredi
1904 1220 1964 1281 in
1997 1239 2098 1282 re-

453 1303 607 1383 giam
638 1306 741 1386 qui
773 1307 851 1368 ita
883 1314 1042 1369 esset
1073 1308 1343 1383 vestitus,
1380 1308 1466 1369 illi
1498 1327 1682 1371 sacra;
1731 1310 1985 1372 maxillae
2015 1310 2104 1370 in.

452 1394 637 1456 cussit
663 1394 1006 1474 colaphum.
1039 1394 1288 1458 Fulmen
1319 1406 1514 1460 autem
1575 1417 1692 1460 non
1724 1399 1831 1460 fuit
1888 1418 1920 1460 e
1953 1398 2103 1461 caelo

456 1484 704 1546 missum
753 1484 813 1546 in
865 1503 1002 1546 eum
1033 1487 1132 1565 qui
1167 1496 1572 1568 percusserat,
1608 1489 1713 1550 sed
1749 1488 1804 1549 id
1859 1490 2103 1549 omnino

455 1590 664 1651 passus
697 1581 810 1648 est,
845 1574 950 1650 qui
995 1574 1126 1654 ipse
1182 1593 1422 1656 quoque
1453 1576 1514 1637 in
1565 1578 1764 1656 seipso
1809 1577 2010 1638 divine
2041 1576 2099 1638 id

454 1670 580 1744 erat
612 1680 844 1742 passus.
877 1662 982 1726 Ille
1012 1681 1150 1724 vero
1170 1674 1228 1742 (ο
1250 1683 1605 1744 generosum
1631 1665 1994 1738 animum,et
2023 1665 2098 1726 ad

455 1751 802 1846 patiendum
850 1751 1405 1846 ambitiosissimum
1430 1755 1468 1830 l)
1520 1756 1573 1816 ei
1609 1755 1708 1834 qui
1741 1754 2098 1846 ipsumqaiIi-
2126 1797 2162 1846 Β

455 1839 651 1902 ciebat
676 1839 1187 1921 injuria,praabuit
1208 1849 1266 1904 et
1283 1842 1878 1924 alteram,promptus
1897 1844 1968 1904 ad
1992 1847 2102 1906 Do-

453 1929 735 1991 minicam
772 1930 964 2009 legem
993 1931 1392 2012 implendam:
1421 1941 1502 2007 et,
1536 1951 1601 1994 se
1625 1942 1959 2014 promptum
1995 1952 2103 1995 ex-

454 2018 721 2080 hibendo
751 2018 824 2081 ad
852 2018 1220 2100 patiendum,
1255 2020 1498 2084 vincens
1529 2023 1688 2083 illam
1725 2023 1963 2083 nimiam
1997 2041 2102 2083 ce-

453 2108 749 2171 leritatem
784 2127 992 2170 manus
1025 2117 1082 2171 et
1108 2111 1693 2190 impudentiam.Hoc
1725 2111 1893 2173 illum
1933 2112 2098 2173 inso-

453 2198 675 2260 lentem
710 2206 770 2260 et
799 2197 1152 2280 injuriosum
1203 2199 1362 2280 cepit
1411 2201 1737 2276 hominem,
1799 2211 1857 2261 et
1890 2220 2100 2277 magno

457 2287 687 2368 pudore
733 2288 953 2363 atl‘ecit,
989 2295 1047 2350 et
1107 2289 1382 2364 maxime,
1417 2291 1573 2369 quod
1617 2299 1935 2370 acceperat
1966 2309 2100 2352 eum

457 2394 590 2439 esse
619 2377 986 2458 episcopum,
1021 2378 1118 2458 qui
1143 2378 1391 2441 affectus
1420 2380 1610 2441 fuerat
1652 2379 1896 2459 injuria.
1932 2379 2103 2442 Unde

455 2468 631 2529 etiam
660 2475 945 2543 mutatus,
968 2469 1032 2529 ﬁt
1060 2469 1114 2529 ei
1143 2470 1416 2551 supplex,
1443 2478 1504 2531 et
1531 2470 1678 2550 petit
1714 2469 1968 2549 veniam,
2004 2471 2100 2530 in-

459 2557 853 2620 considerata;
881 2558 1110 2638 lapsum
1169 2559 1432 2620 audaciae
1479 2577 1690 2620 curare
1737 2558 2107 2620 contendens

457 2648 658 2708 calore
719 2647 1100 2726 paenitentiae.
1163 2646 1269 2709 llle
1322 2655 1521 2707 autem
1553 2647 1872 2725 (didicerat
1915 2645 2101 2720 enim,

457 2735 790 2796 sicutferre
814 2735 1176 2813 injurias,ita
1195 2735 1396 2797 debita
1421 2739 1732 2796 remittere
1770 2756 1783 2794 :
1816 2735 1936 2794 imo
1967 2753 2103 2795 vero

456 2843 590 2886 cum
652 2823 756 2901 qui
811 2824 923 2903 ipsi
983 2825 1311 2886 molestiam
1367 2824 1665 2905 attulerat,
1725 2822 2100 2886 remunerari

455 2913 662 2991 bonis)
681 2912 880 2974 verbis
901 2912 1118 2994 quibus
1142 2913 1355 2994 potuit,
1387 2933 1524 2976 eum
1562 2910 1760 2976 aifecit
1782 2913 2096 2988 beneﬁcio,

458 3002 1132 3083 paterneconsulens,et
1145 3003 1455 3066 meliorem
1475 3004 1528 3066 ei
1545 3003 1803 3065 reddens
1818 3003 2096 3067 animam.

458 3090 585 3164 Quo
616 3090 832 3152 factum
866 3100 980 3172 est,
1007 3101 1070 3154 ut
1098 3094 1195 3173 qui
1227 3093 1383 3174 apud
1415 3093 1838 3175 imperatorem
1880 3094 2104 3172 primos

455 3181 713 3243 honores
730 3179 1099 3259 obtinebant,
1124 3201 1258 3244 eum
1283 3193 1628 3245 reverenter
1661 3200 2102 3262 prosequeren-

457 3282 578 3345 tur,
613 3279 692 3350 et,
726 3279 789 3332 ut
819 3289 926 3353 par
954 3281 1099 3352 erat,
1136 3273 1427 3334 ducerent
1453 3272 1526 3332 ad
1561 3272 2012 3352 imperatorem.

517 3359 1150 3424 XX.Nonsuntautem
1171 3361 2098 3442 praetermittenda,quaainterim

459 3458 948 3530 evenerunt,quae
972 3459 1110 3512 sunt
1130 3450 1326 3512 studio
1375 3451 1636 3529 digna,et
1689 3470 1820 3531 quae
1856 3461 2104 3532 possunt

455 3556 726 3616 magnam
757 3542 962 3600 aﬂerre
981 3543 1282 3601 utilitatem
1321 3545 1526 3601 animis
1567 3545 1836 3601 studiosis
1871 3545 2104 3614 sapien-

455 3628 1327 3700 tiae.Vidensillemugnussuum
1352 3629 1700 3700 discipulum
1719 3627 2100 3701 Triphyllium

455 3715 781 3796 perfectum
809 3715 940 3774 mox
962 3713 1313 3787 futurum,et
1330 3716 1383 3775 ei
1406 3713 1756 3787 similem,in
1787 3715 2103 3794 praesentia

2182 1131 2364 1203 λείοις,
2453 1137 2550 1198 τῆς
2634 1130 2896 1194 εὔτελείας
2977 1132 3132 1188 αὐτὸν
3186 1132 3603 1209 διαμυκτηρίζων
3634 1183 3649 1214 ,
3731 1137 3813 1193 καὶ

2183 1219 2418 1294 ἄκοσμον
2472 1221 2615 1276 εἶναι
2674 1221 2914 1295 οἰόμενος
2944 1222 3006 1276 τὸ
3048 1224 3118 1284 εἷς
3151 1222 3373 1298 βασιλέα
3403 1223 3570 1286 οὕτως
3627 1224 3813 1304 ἔχοντα

2185 1309 2424 1388 εἰσιέναι,
2484 1309 2772 1386 ῥαπίσματι
2825 1311 2923 1377 τὴν
2983 1312 3123 1390 ἱερὰν
3203 1313 3410 1378 εκείνην
3471 1311 3650 1368 ἔπαισε
3700 1337 3814 1370 σια-

2185 1401 2338 1475 γόνα,
2400 1398 2648 1465 Σκηπτός
2681 1396 2733 1453 δὲ
2765 1396 2961 1455 ἄνωθεν
2993 1404 3090 1458 οὒκ
3143 1399 3340 1465 ἐπῆλθε
3405 1402 3538 1456 κατά
3586 1407 3682 1469 τῆς
3732 1410 3814 1459 τοῦ

2187 1489 2472 1550 παίσαντος
2522 1486 2786 1566 κεφαλῆς,
2849 1487 2965 1544 ἀλλ’
3025 1491 3276 1568 ἠνείχετο
3361 1490 3596 1563 παντως,
3656 1495 3681 1548 ὁ
3735 1495 3814 1548 καὶ

2184 1575 2266 1654 ἐφ’
2324 1577 2512 1632 ἑαυτοῦ
2569 1584 2724 1633 τοῦτο
2753 1579 3054 1656 θεοπρεπῶς
3106 1579 3498 1658 ἀνασχόμενος.
3561 1579 3618 1637 ’0
3669 1580 3743 1660 δὲ,
3775 1583 3815 1645 ὢ

2182 1671 2280 1731 τῆς
2339 1666 2578 1742 γενναίας
2637 1665 2842 1733 ἐκείνης
2932 1668 3114 1746 ψυχῆς
3175 1668 3269 1723 καί
3339 1670 3470 1746 πρὸς
3524 1673 3582 1725 τὸ
3639 1675 3813 1728 παθεῖν

2185 1753 2648 1832 φιλοτιμοτείτηςί
2723 1756 3026 1834 παρεχώρει
3112 1757 3200 1812 καὶ
3287 1761 3383 1824 τῆς
3488 1758 3664 1833 ἑτέρας
3747 1768 3816 1833 τῷ

2185 1842 2426 1921 ὑϐριστῇ,
2487 1843 2777 1920 πληρωτὴς
2853 1844 2926 1901 ὢν
2997 1846 3252 1922 εὐτρεπὴς
3332 1857 3426 1906 τοῦ
3511 1856 3817 1906 Δεσποτικοῦ

2187 1935 2370 2008 νόμου,
2418 1935 2505 1989 καὶ
2549 1940 2706 1990 νικῶν
2751 1937 2818 2011 τῇ
2852 1936 2987 2011 πρὸς
3018 1937 3079 1991 τὸ
3123 1936 3358 2015 πάσχειν
3405 1938 3676 2012 ἑτοιμασίᾳ
3729 1942 3815 2006 τὴν

2185 2023 2440 2100 περιττὴν
2523 2023 2721 2080 ἐκείνου
2803 2021 3100 2103 ὀξυχειρίαν
3161 2026 3246 2080 καὶ
3308 2028 3628 2100 ἰταμότητα,
3699 2028 3815 2086 Εἶλε

2187 2118 2338 2168 τοῦτο
2380 2113 2470 2168 τὸν
2513 2110 2783 2191 ὑϐριστὴν,
2818 2117 2904 2169 καὶ
2952 2115 3184 2192 ἰσχυρῶς
3236 2112 3599 2189 ὲδυσώπησεν,
3657 2115 3814 2182 ἄλλως

2184 2222 2241 2256 τε
2313 2199 2366 2255 δὲ
2425 2203 2507 2256 καὶ
2580 2202 2641 2256 τὸ
2697 2205 2889 2276 μαθεῖν
2957 2205 3248 2258 ἐπίσκοπον
3324 2209 3465 2260 εἶναι
3531 2207 3617 2260 τὸν
3675 2204 3810 2283 ὑϐρι-

2185 2289 2392 2350 σθέντα.
2451 2289 2608 2347 ’Ὀθεν
2663 2288 2728 2358 δὴ
2789 2293 2876 2347 καὶ
2953 2290 3293 2366 μεταϐαλὼν,
3353 2294 3536 2360 ἱκέτης
3611 2300 3811 2372 γίνεται,

2187 2381 2279 2435 καὶ
2328 2377 2650 2456 συγγνώμην
2737 2382 2986 2454 αἰτεῖται,
3043 2380 3308 2454 ὀλίσθημα
3367 2384 3583 2458 θράσους
3638 2386 3810 2462 ἀπερι-

2192 2467 2420 2524 σκέπτου
2489 2469 2772 2544 θερμότητι
2844 2470 3125 2543 μετανοίας
3200 2475 3520 2547 θεραπεῦσαι
3593 2474 3810 2552 φιλονει-

2189 2559 2318 2618 κῶν,
2396 2557 2493 2614 Καὶ
2578 2555 2661 2635 ὅς,
2749 2559 3027 2631 μεμάθηκε
3109 2562 3209 2638 γὰρ
3268 2560 3454 2627 ὥσπερ
3512 2565 3600 2626 τὰς
3655 2560 3809 2641 ὕϐρεις

2188 2645 2382 2723 φέρειν,
2446 2645 2607 2709 οὕτως
2665 2646 2874 2725 ἀφιέναι
2917 2650 3004 2704 καὶ
3061 2649 3127 2704 τὰ
3168 2649 3483 2730 ὀφλήματα,
3531 2651 3718 2726 μᾶλλον
3761 2651 3806 2707 δὲ

2187 2735 2275 2790 καὶ
2333 2734 2550 2812 ἀγαθοῖς
2603 2735 2903 2810 ἀμείϐεσθαι
2963 2739 3054 2793 τὸν
3107 2737 3476 2814 λελυπηκότα,
3523 2739 3687 2818 λόγοις
3727 2741 3802 2802 οἷς

2183 2836 2340 2902 εἶχεν
2399 2825 2686 2901 εὐεργετεῖ,
2749 2832 3014 2901 πατρικῶς
3088 2830 3434 2907 παραινέσας,
3494 2833 3575 2885 καὶ
3635 2827 3799 2904 βελτίω

2184 2913 2283 2979 τὴν
2342 2911 2499 2968 αὐτοῦ
2560 2916 2744 2992 ψυχὴν
2785 2913 3003 2988 θέμενος
3039 2931 3052 2944 ⁶
3118 2916 3202 2995 ἀφ’
3251 2920 3318 2972 οὗ
3376 2917 3442 2985 δὴ
3492 2921 3575 2975 καὶ
3627 2921 3668 2973 οἱ
3717 2917 3798 2980 τὰς

2186 3001 2398 3078 πρώτας
2454 3005 2516 3058 ἔκ
2565 3001 2826 3079 βασιλέως
2871 3005 3032 3078 τιμὰς
3090 3005 3367 3084 φέροντες,
3417 3005 3482 3063 δι’
3527 3006 3684 3070 αἰδοῦς
3724 3009 3801 3063 τὸν

2187 3089 2341 3168 ἄνδρα
2394 3092 2724 3171 ποιούμενοι,
2761 3092 3105 3169 προέπεμπός
3138 3116 3194 3149 τε
3225 3097 3316 3152 καὶ
3379 3098 3450 3162 εἷς
3483 3096 3712 3172 βασιλέα,
3742 3099 3804 3158 ὡς

2186 3181 2453 3258 προσῆγον
2489 3182 2578 3260 ᾖν,
2621 3182 2865 3260 ἄγουσιν,

2270 3347 2354 3420 K'.
2388 3358 2458 3416 Οὐ
2490 3357 2686 3416 δίκαιον
2743 3359 2796 3416 δὲ
2849 3363 2935 3418 καὶ
2978 3362 3041 3417 τὰ
3085 3363 3278 3436 μεταξῦ
3344 3364 3640 3443 παρελθεῖν,
3677 3362 3808 3428 ἄξιο-

2182 3446 2482 3504 σπούδαστα
2555 3449 2702 3528 ὄντα,
2777 3451 2862 3506 καὶ
2945 3450 3082 3507 πολὺ
3145 3454 3204 3507 τὸ
3280 3453 3550 3532 ὠφέλιμον
3602 3453 3811 3510 ἐνθεῖναι

2186 3549 2306 3601 ταῖς
2337 3537 2644 3618 φιλοσόφοις
2677 3544 2884 3620 ψυχαῖς
2929 3538 3213 3614 δυνάμενα.
3251 3540 3421 3620 Ὀρτῦν
3457 3546 3483 3599 ὁ
3531 3542 3688 3619 μέγας
3732 3543 3810 3598 τὸν

2167 3627 2370 3683 ’ἑαυτοῦ
2413 3628 2675 3706 φοιτητὴν
2720 3627 3033 3708 Τριφύλλιον
3091 3629 3290 3686 τέλειον
3355 3633 3452 3706 μὲν
3510 3632 3628 3687 ὅσον
3681 3631 3810 3688 οὔπω

2183 3717 2270 3772 καὶ
2327 3716 2441 3772 κατ’
2506 3719 2659 3773 αὖτὸν
2705 3717 2979 3792 ἐσόμενον,
3047 3721 3106 3774 τὸ
3166 3718 3219 3773 δὲ
3279 3725 3368 3776 νῦν
3445 3720 3568 3801 ἔχον
3629 3720 3698 3777 ἔτι
3755 3719 3810 3774 τὰ

454 3825 596 3870 vero
621 3824 690 3869 ea
715 3823 848 3886 quae
877 3805 939 3867 in
975 3805 1196 3867 mundo
1221 3813 1360 3866 sunt
1397 3825 1627 3886 magna,
1654 3814 1712 3868 et
1743 3825 1848 3886 pro
1881 3805 2102 3887 quibus

457 3900 615 3957 multi
630 3912 754 3956 esse
775 3899 1823 3969 contendendomexistimant,magua
1843 3914 1968 3956 esse
1987 3899 2097 3955 exi-

2187 3896 2347 3970 μικρὰ
2407 3895 2548 3951 εἶναι
2580 3894 2935 3974 ὑπειληγότα,
2982 3896 3016 3950 ἅ
3072 3918 3130 3953 τε
3182 3897 3246 3964 δη
3303 3899 3422 3956 νέον
3471 3900 3569 3979 ἔτι,
3601 3900 3683 3955 καὶ
3723 3899 3810 3963 τὴν

454 3985 822 4056 stimantem,
859 3993 924 4044 ut
951 3986 1049 4062 qui
1075 3993 1234 4046 esset
1259 3984 1454 4046 adhuc
1477 3984 2097 4063 aatatejuvenis,etha-

2187 3982 2392 4050 ἡλικίαν
2457 3983 2654 4063 ἔχοντα
2713 3986 2840 4062 πρός
2888 3992 3045 4040 τοῦτο
3098 3989 3502 4068 συνᾶιρομένην,
3567 4011 3646 4043 και
3699 3991 3809 4042 θαυ-

455 4077 632 4137 beret
653 4080 880 4133 aetatem
903 4071 978 4132 ad
1001 4073 1113 4134 hoc
1137 4074 1615 4153 opitulantem,et
1639 4093 1706 4135 ea
1734 4073 1974 4153 quidem
2001 4074 2097 4134 ad-

2187 4073 2415 4146 μάζοντα
2479 4076 2574 4148 μὲν
2617 4074 2680 4128 τὰ
2726 4073 2776 4128 ἐν
2832 4073 3143 4154 βασιλείοις,
3204 4076 3429 4144 ἐσθῆτας
3491 4101 3623 4157 φημι
3679 4075 3804 4148 λαμ.-

464 4162 932 4238 mirantem,quae
946 4163 1186 4223 erantin
1205 4163 1391 4243 regia;
1414 4162 2097 4242 vestes,inquam,splcn-

2187 4162 2342 4237 πρὰς,
2404 4163 2487 4219 καῖ
2539 4170 2738 4241 χρυσοῦ
2797 4163 3178 4243 περιλάμψεις,
3216 4168 3301 4222 καὶ
3355 4170 3451 4246 πρὸ
3509 4189 3566 4244 γε
3614 4167 3806 4222 πάντων

459 4252 717 4332 didas,et
738 4251 866 4312 auri
898 4252 1242 4333 nitorem,et
1265 4263 1404 4314 ante
1430 4253 1628 4314 omnia
1648 4251 1888 4332 quidem
1908 4250 2097 4328 ipsum

2187 4252 2339 4306 αὐτὸν
2395 4253 2485 4306 τὸν
2535 4262 2846 4328 κρατοῦντα,
2882 4251 2963 4331 ἐφ’
2996 4253 3204 4328 ὑψηλοῦ
3248 4257 3345 4329 μὲν
3403 4257 3804 4335 προκαθήμενον,

457 4343 903 4419 imperatorem,
937 4341 1034 4422 qui
1070 4343 1130 4403 in
1165 4342 1403 4404 excelso
1437 4340 1678 4422 quidem
1715 4339 2097 4420 praesidebat,

2187 4338 2402 4417 φοϐερὸν
2460 4337 2510 4395 δέ
2570 4363 2685 4396 τινα
2740 4341 2830 4396 καί
2885 4341 3152 4420 περίδοξον
3193 4349 3270 4416 τῷ
3299 4347 3546 4424 σχήματι
3585 4343 3804 4419 καθορώ-

457 4428 935 4506 conspiciebatur
965 4448 1100 4492 vero
1131 4429 1437 4506 terribilis,
1474 4437 1532 4490 et
1574 4429 1774 4508 specie
1805 4427 2053 4507 insignis
2081 4448 2095 4504 ;

2187 4450 2341 4501 μενον
2371 4447 2387 4466 ⁸
2432 4431 2518 4484 επὶ
2574 4437 2703 4485 πᾶσι
2762 4430 2966 4494 τούτοις
3014 4433 3280 4512 μετέωρον
3327 4438 3493 4493 αὐτῶν
3537 4437 3667 4508 ὁρῶν
3721 4430 3804 4485 καί

458 4536 592 4581 cum
625 4525 866 4598 propter
912 4519 1039 4580 haec
1070 4518 1272 4579 omnia
1303 4517 1528 4580 videret
1550 4507 1685 4579 eum
1719 4526 1876 4579 stare
1905 4517 2096 4578 subli-

2187 4531 2294 4574 οἷον
2352 4517 2692 4598 ἐξεστηκότα,
2754 4521 2989 4598 καθάπερ
3069 4522 3208 4578 λύων
3281 4525 3422 4598 αὒτῴ
3487 4526 3572 4580 τὸν
3636 4523 3803 4593 ὕπνον,

460 4625 614 4669 mem
649 4613 708 4668 et
729 4613 1017 4681 erectum,
1047 4614 1105 4668 et
1125 4607 1292 4686 quasi
1315 4627 1349 4670 a
1372 4625 1436 4668 se
1460 4607 1894 4680 discessisse,ei
1922 4605 2097 4668 veluti

2187 4606 2271 4662 καί
2324 4605 2410 4671 οὕς
2469 4609 2629 4687 εἶχεν
2657 4609 2792 4684 ὕπαρ
2823 4611 3076 4688 ὀνείρους,
3109 4612 3378 4688 ἁψάμενος
3432 4621 3496 4689 τῇ
3547 4611 3684 4692 χειρί
3730 4610 3804 4666 καὶ

455 4713 730 4758 somnum
763 4695 1021 4770 solvens,
1077 4705 1135 4758 et
1181 4715 1311 4778 quae
1359 4717 1499 4759 vere
1552 4696 1809 4758 habebat
1841 4697 2094 4771 somnia,

2187 4694 2466 4768 διασείσας,
2500 4694 2647 4752 Ἀλλ’
2680 4697 2824 4771 ἐμοὶ,
2861 4697 2985 4773 ἔφη,
3046 4702 3349 4778 Τριφύλλιε⁷
3414 4705 3566 4758 αῇτδν
3616 4699 3806 4756 ἐκεῖνον

459 4803 638 4847 manu
697 4783 942 4864 palpans
987 4793 1045 4847 et
1101 4785 1458 4865 depellens:
1525 4784 1641 4847 Sed
1677 4785 1844 4858 mihi,
1883 4785 2093 4864 inquit,

2187 4782 2350 4847 δεῖξον
2399 4787 2490 4840 τὸν
2519 4784 2762 4860 βασιλέα.
2816 4786 2946 4845 Οὐδὲ
2995 4790 3093 4868 γὰρ
3152 4789 3293 4852 ὅστις
3353 4791 3501 4850 οὗτος
3551 4789 3660 4868 ἔχω
3702 4807 3803 4860 μα·-

2181 4877 2317 4934 θεϊν.
2379 4875 2476 4930 Καὶ
2532 4874 2687 4938 αύτὸς
2748 4877 2795 4930 τί
2873 4878 2899 4932 ὀ
2968 4879 3134 4956 μέγας
3194 4879 3448 4946 ἠϐούλετο
3491 4880 3565 4954 μὴ
3625 4876 3799 4936 συνείς.

2186 3804 2396 3882 μεγάλα
2451 3809 2542 3863 τοῦ
2583 3807 2695 3880 βίου
2738 3808 2824 3863 καὶ
2869 3821 2985 3870 τοῖς
3048 3808 3276 3872 πολλοῖς
3341 3812 3684 3890 περιμάχητα
3741 3809 3808 3882 μὴ

457 4873 768 4956 Triphylli,
829 4873 997 4935 illum
1060 4873 1252 4956 ipsum
1324 4875 1574 4936 ostende
1629 4875 2097 4952 imperatorem;

457 4980 651 5043 neque
686 4962 844 5024 enim
870 4981 1112 5040 possum
1156 4963 1332 5043 scire,
1367 4963 1642 5044 quisnam
1678 4962 1776 5026 sit.
1818 4961 1871 5022 Is
1901 4971 2097 5024 autem

456 5071 575 5114 non
595 5052 961 5131 intelligens,
988 5053 1131 5129 quid
1149 5071 1394 5131 magnus
1419 5051 1529 5115 sibi
1560 5052 1738 5114 vellet
1760 5051 2042 5132 Spiridon
2081 5070 2094 5114 :

453 5141 563 5202 Hic
586 5147 1104 5222 est,inquit,manu
1127 5144 1448 5206 ostendens
1467 5142 1912 5223 imperatorem:
1945 5141 2099 5213 Quid

455 5237 730 5306 estergo,
763 5231 953 5310 inquit
1009 5231 1314 5312 Spiridon,
1368 5233 1464 5295 hic
1494 5232 1633 5294 aliis
1659 5231 2091 5304 admirabilior,

456 5317 574 5376 nisi
620 5336 753 5380 eum
803 5320 982 5380 etiam
1040 5320 1262 5382 dixeris
1307 5322 1630 5400 justiorem
1664 5323 1739 5382 ob
1775 5321 1987 5383 fastum
2037 5330 2097 5383 et

451 5404 874 5482 splendorem?
902 5407 1031 5469 Non
1059 5426 1224 5489 aeque
1255 5429 1320 5472 ac
1357 5411 1550 5490 quivis
1606 5429 1830 5491 pauper
1863 5411 2096 5489 ignotus

451 5491 758 5568 morietur;
780 5494 1055 5556 similiter
1092 5514 1228 5557 vero
1277 5497 1598 5577 sepulturae
1631 5498 2007 5560 mandabitur
2039 5507 2095 5558 et

450 5578 737 5670 interibit,
766 5582 1039 5646 similiter
1060 5603 1296 5667 quoque
1330 5586 1573 5650 sistetur
1601 5597 1737 5650 aute
1771 5590 2090 5670 incorrup-

2182 4962 2369 5034 Οὗτος,
2415 4962 2540 5040 ἔφη,
2575 4969 2642 5039 τῇ
2698 4967 2840 5043 χειρὶ
2895 4965 3061 5032 δείξας
3132 4970 3222 5024 τὸν
3281 4968 3521 5045 βασιλέα.
3591 4969 3647 5025 Τί
3699 4964 3798 5032 οὖν,

2182 5055 2304 5107 εἷπε
2349 5052 2638 5128 Σπυρίδων,
2697 5056 3114 5130 θαυμαστότερος
3177 5057 3325 5120 οὗτος
3387 5064 3489 5113 τῶν
3544 5054 3730 5123 ἄλλων,
3762 5050 3800 5104 εί

2181 5140 2259 5215 μή
2305 5141 2389 5197 καὶ
2448 5139 2767 5218 δικαιότερον
2825 5145 2980 5201 αὐτὸν
3040 5146 3216 5211 εἴποις
3300 5147 3405 5203 ἀπὸ
3460 5153 3547 5201 τοῦ
3606 5143 3797 5216 κόμπου

2181 5232 2269 5286 καὶ
2325 5235 2421 5296 τῆς
2468 5233 2858 5309 περιφανείας,
2921 5235 3062 5314 Οὖχί
3119 5236 3315 5310 ὁμοίως
3373 5235 3467 5302 μὲν
3523 5234 3607 5288 καὶ
3656 5231 3795 5288 αὐτὸς

2181 5317 2375 5397 ἆγνῶτι
2434 5318 2621 5386 πένητι
2681 5325 2765 5376 καὶ
2815 5321 3144 5398 ἠμελημένῳ
3175 5323 3473 5394 τεθνήξεται
3514 5341 3528 5397 ;
3584 5320 3795 5394 Ὀμυίως

2179 5407 2231 5463 δὲ
2287 5409 2438 5489 τάφῳ
2496 5406 2921 5486 παραδοθήσεται
2982 5415 3069 5468 καὶ
3149 5417 3356 5491 φθορᾷ,
3433 5409 3795 5486 παραπλησίως

2178 5494 2230 5552 δὲ
2286 5504 2360 5571 τῷ
2415 5495 2688 5570 ἀδεκάστῳ
2745 5506 2898 5577 κριτῇ
2956 5502 3401 5578 παραστήσεταις
3454 5501 3510 5557 Τί
3537 5498 3598 5554 τα
3623 5497 3793 5574 ῥέοντι

2176 5589 2248 5650 ὡς
2322 5587 2526 5652 ἑστῶτα
2584 5593 2762 5664 τιμᾷς,
2847 5592 2935 5646 καὶ
3021 5593 3084 5645 τὰ
3142 5590 3306 5668 μηδὲν
3363 5590 3482 5646 ὄντα
3550 5588 3791 5661 θαύματος
