4006 6146
205 317 312 394 ιιι

1464 314 1652 382 VITA
1696 313 1756 380 S.
1805 311 2284 381 SPYRIDONIS.

3455 302 3577 379 442

209 460 385 532 ἂξιοις,
443 453 610 536 παρὸν
665 452 731 512 τὰ
777 450 911 510 Non
959 449 1164 528 μᾶλλον
1219 459 1405 524 ζητεῖν
1434 452 1524 508 καὶ
1550 448 1723 526 arata,
1755 450 1875 510 καὶλ

1969 466 2048 507 im
2073 446 2338 525 judicem
2366 445 2397 508 ?
2429 444 2546 509 Cur
2573 465 2706 529 quae
2731 449 2944 523 ﬂuunt,
2971 453 3249 530 tanquam
3280 467 3411 530 quae
3441 457 3581 511 sunt

211 552 297 616 τῖς
328 549 590 628 ἀφθάρτου
620 550 708 602 καὶ
738 544 974 621 οὖρανίου
1004 542 1158 608 δόξης
1190 544 1358 616 μόνης
1393 542 1536 618 ἒρᾷν,

1929 538 2186 611 stabilia,
2220 539 2478 599 honoras
2505 549 2601 615 ;et
2633 558 2763 614 quae
2795 540 2940 601 nihil
2977 549 3136 619 sunt,
3163 541 3347 601 hanes
3378 543 3436 600 in
3466 540 3579 602 ade

212 627 537 715 miratioue,
573 653 708 696 cum
743 633 881 694 licet
913 632 1109 712 potius
1144 649 1212 692 ea
1246 648 1378 709 quae
1405 637 1544 690 sunt
1573 627 1841 690 materiae
1866 627 2135 708 expertia
2165 635 2224 688 et
2253 635 2495 702 aeterna,
2526 646 2816 708 quaerere,
2854 637 2911 690 et
2933 629 3180 709 gloriam
3221 647 3421 690 amare
3452 647 3580 692 coe-

212 721 434 800 lestetn,
469 726 529 786 in
562 742 738 804 quam
771 741 889 783 non
927 722 1084 783 cadit
1117 721 1395 782 interitus
1423 717 1448 781 ?

290 817 416 879 ΚΜ.
472 816 564 875 Ἐν
622 819 668 888 ᾧ
720 811 776 869 δὲ
825 815 957 890 πρὸς
1007 814 1097 868 τὸν
1129 809 1445 889 Τριφύλλιον
1478 807 1628 885 ἔλεγε
1657 815 1846 879 ταῦτα,

222 906 526 986 δβασιλεὺς
580 903 633 969 ἐξ
691 903 933 960 ἀπόπτου
989 909 1081 960 τοῦ
1139 901 1379 978 βήματος
1439 896 1715 956 ἐπιϐάλλει
1774 903 1850 971 τῷ

229 1002 352 1072 cuiq:
398 997 515 1059 τοὺς
571 992 890 1067 ὀφθαλμούς·
963 993 1052 1048 καὶ
1121 996 1307 1070 πρῶτα
1383 989 1479 1064 μὲν
1565 991 1719 1048 αὐτὸν
1789 989 1850 1044 τὸ

239 1091 410 1165 exitu
435 1086 575 1152 καὶὴ
606 1081 846 1149 ἀναϐολὴ
895 1081 1187 1149 ἰπεσπᾶτο,
1243 1086 1314 1156 τῇ
1375 1079 1620 1154 ὁραθείη
1674 1083 1852 1158 μορφῇ

241 1174 511 1232 συνάδουσα·
579 1171 715 1230 οὕτω
773 1173 872 1249 γὰρ
929 1171 1097 1227 ἐδόκει
1147 1171 1238 1226 καὶ
1293 1169 1417 1245 ὄναρ
1449 1173 1592 1241 αὒτῴ
1622 1168 1850 1234 ἐπιστῆ-

234 1286 325 1341 ναι,
356 1265 435 1318 καὶ
465 1263 531 1330 ἦν
563 1262 735 1318 πάντα
765 1259 829 1327 δὴ
861 1261 925 1318 τὰ
981 1260 1134 1338 αὐτὰ,
1194 1260 1228 1326 ἡ
1285 1255 1495 1334 ῥάϐδος,
1528 1259 1563 1325 ἡ
1622 1258 1766 1334 παρὰ
1794 1258 1855 1312 τὸ

229 1351 564 1431 ἐξηρτημένον
629 1361 722 1411 τοῦ
791 1348 1067 1429 τραχήλου
1145 1354 1332 1409 σκεῦος
1405 1349 1494 1403 καὶ
1563 1349 1596 1414 ἦ
1664 1345 1853 1414 στολή.

230 1445 420 1501 Τούτων
512 1441 610 1516 μὲν
674 1441 760 1496 οὖν
831 1440 974 1500 εὐθὺς
1058 1440 1269 1495 αὒτοθεν
1340 1435 1566 1513 ἀνέγνω·
1645 1437 1737 1491 τὸν
1805 1434 1860 1490 δὲ

229 1530 523 1612 Τριφύλλιον
557 1531 650 1586 οὒκ
681 1529 838 1608 εἶχεν
894 1527 1039 1592 ὅπως
1099 1526 1320 1584 εἰκάσου
1386 1524 1502 1582 οὐδὲ
1562 1527 1662 1603 γὰρ
1694 1523 1860 1600 ἔμελ-

226 1621 308 1678 λεν
378 1623 521 1693 αὒτῷ
597 1619 1037 1697 περιεργάσασθαι
1103 1617 1202 1683 τὴν
1261 1614 1421 1672 ἰδέαν
1490 1615 1604 1672 ἐπεὶ
1676 1621 1861 1672 τοῦτον

226 1711 502 1768 ἐπίσκοπον
562 1711 666 1788 οὐχ
723 1707 882 1786 ἐώρα,
941 1707 1177 1784 καθάπερ
1235 1709 1280 1761 οἱ
1337 1704 1491 1762 ὕπνοι
1549 1704 1706 1762 αὐτὸν
1778 1702 1860 1760 διο

225 1802 504 1873 εσήμαινον
539 1821 551 1833 ·
617 1799 732 1855 ὅθεν
793 1796 887 1853 καί
946 1805 1040 1855 τοῦ
1103 1797 1287 1874 θρόνου
1360 1795 1699 1873 παραχρῆμα
1784 1792 1868 1850 διο

2011 806 2173 870 XXI.
2211 805 2354 870 Cum
2389 808 2516 868 haec
2546 815 2742 868 autem
2780 807 3009 869 diceret
3039 807 3583 890 Triphyllio,impe-

1931 906 2094 959 rator
2115 915 2185 957 ex
2217 897 2452 958 excelso
2484 896 2757 958 tribunali
2783 903 2841 958 in
2875 908 3142 958 sanctum
3175 900 3415 978 conjicit
3447 919 3590 963 ocu-

1934 986 2022 1047 los
2055 1004 2069 1048 :
2107 994 2160 1047 et
2198 985 2453 1065 primum
2513 987 2754 1065 quidem
2800 1005 2936 1049 eum
2973 987 3305 1049 attrahebat
3350 990 3587 1055 habitus

1934 1085 1993 1137 et
2037 1075 2315 1141 amictus.
2349 1077 2574 1149 formae,
2610 1095 2739 1155 quae
2793 1078 2915 1138 visa
2955 1079 3164 1151 fuerat,
3199 1081 3585 1143 conveniens.

1937 1165 2036 1228 Sic
2062 1166 2220 1227 enim
2252 1166 2406 1226 visus
2432 1166 2626 1228 fuerat
2647 1167 2701 1227 ei
2731 1167 2941 1228 adesse
2970 1168 3030 1228 in
3062 1169 3308 1236 somnis,
3329 1179 3389 1230 et
3419 1175 3588 1230 erant

1941 1256 2139 1316 omnia
2172 1255 2404 1329 eadem,
2441 1257 2625 1334 virga,
2655 1256 2828 1330 tiara,
2859 1275 2963 1319 vas
2993 1277 3024 1318 e
3055 1256 3208 1318 collo
3240 1258 3589 1337 dependens

1943 1355 2001 1408 et
2029 1348 2234 1407 vestis.
2273 1346 2420 1406 Eum
2455 1365 2597 1425 ergo
2629 1347 2824 1407 statim
2859 1348 3132 1424 cognovit
3163 1367 3231 1410 ex
3260 1348 3421 1422 alto;
3455 1347 3589 1410 Tri-

1945 1436 2228 1516 phyllium
2281 1445 2478 1496 autem
2534 1455 2651 1497 non
2701 1446 2936 1514 poterat
2991 1438 3340 1516 conjicere;
3393 1455 3591 1518 neque

1944 1526 2102 1586 enim
2135 1525 2378 1586 curabat
2406 1526 2536 1604 ejus
2556 1527 2798 1606 Specien
2824 1529 3056 1588 curiose
3077 1527 3406 1606 inquirere,
3433 1546 3589 1606 quo-

1945 1615 2100 1675 niam
2147 1633 2282 1675 eum
2330 1633 2448 1676 non
2480 1615 2715 1678 videbat
2742 1617 3113 1697 episcopum,
3147 1619 3298 1678 sicut
3328 1634 3592 1678 sommus

1945 1705 2000 1766 ei
2070 1704 2463 1781 signiﬁcabat.
2528 1705 2930 1776 Quamobrem
2991 1707 3189 1768 statim
3252 1723 3503 1786 surgens
3562 1723 3597 1766 θ

1949 1794 2115 1868 sede,
2150 1794 2304 1856 vadit
2333 1795 2402 1856 ad
2438 1812 2710 1872 magnum
2759 1795 3164 1876 Spiridonem.
3222 1796 3595 1858 Desiderium

224 1891 469 1968 αναστὰς,
505 1901 683 1968 χωρεῖ
707 1889 836 1964 πρὸς
864 1889 954 1943 τὸν
993 1887 1182 1962 μέγαν
1247 1885 1284 1951 ἦ
1345 1887 1443 1962 γὰρ
1499 1883 1741 1956 ’ἐπιθυμία
1770 1890 1866 1950 τῆς

1966 1883 2107 1945 enim
2128 1886 2553 1963 recuperandae
2581 1887 2847 1948 sanitatis
2870 1886 3117 1948 faciebat
3139 1905 3272 1948 eum
3307 1887 3420 1947 alia
3444 1905 3595 1948 con-

219 1979 559 2056 ἀναῤῥὼσεως
611 1984 719 2033 τῶν
773 1976 953 2033 ἄλλων
1011 1977 1177 2034 ἐποίει
1231 1987 1608 2055 καναφρονεϊν.
1643 1972 1862 2047 Ἀμέλει

1966 1990 2242 2034 emnere.
2268 1972 2663 2054 Splendorem
2680 1984 2847 2039 certe
2864 1977 3307 2052 imperatorium
3324 1985 3380 2037 et
3405 1979 3598 2055 impe-

220 2070 298 2124 καὶ
351 2067 634 2144 βασιλικόν
695 2065 878 2144 ὄγκον,
935 2068 1026 2123 καὶ
1082 2067 1144 2122 τὸ
1201 2067 1296 2132 τῆς
1362 2065 1540 2143 ἀρχῆς
1611 2063 1858 2140 μέγεθος,

1966 2063 2016 2124 'ii
2048 2065 2520 2142 magnitudinem
2542 2076 2905 2146 postponens
2937 2068 3148 2128 honori
3175 2066 3371 2146 magni
3397 2065 3600 2146 Spirio

221 2159 372 2237 μικρὰ
433 2160 525 2214 καὶ
584 2155 794 2230 δεύτερα
850 2161 948 2222 τῆς
1008 2158 1140 2234 πρὸς
1199 2159 1287 2210 τὸν
1340 2155 1509 2231 μέγαν
1562 2158 1722 2226 τιμῆς
1771 2152 1860 2208 θέ-

1966 2152 2142 2225 lonis,
2163 2153 2558 2214 seadmodum
2586 2157 2891 2218 humiliter
2909 2168 2967 2218 et
2989 2158 3220 2236 abjecte
3244 2157 3304 2218 in
3329 2176 3463 2220 eum
3487 2174 3595 2235 ge-

223 2270 393 2319 ιιενος,
455 2247 595 2303 πάνυ
643 2243 837 2310 ἀδόξως
901 2244 1042 2317 αὒτῴ
1098 2245 1185 2300 καὶ
1242 2249 1507 2306 ταπεινῶς
1569 2241 1863 2320 προσφέρε-

1966 2242 2048 2320 'it,
2078 2243 2404 2302 humilitate
2432 2252 2675 2322 captans
2708 2247 3181 2307 misericordiam
3201 2246 3598 2308 etostendens

221 2358 323 2415 ται,
386 2337 700 2413 θηρώμενος
771 2334 959 2390 οἶκτον
1037 2339 1106 2408 τῇ
1176 2331 1431 2403 εὒιελείᾳ,
1500 2332 1586 2388 καὶ
1664 2331 1865 2393 δεικνὺς

1966 2341 2234 2408 quantum
2288 2332 2518 2393 intersit
2552 2335 2710 2395 inter
2739 2353 2942 2412 regem
2980 2337 3078 2414 qui
3113 2345 3203 2397 est
3232 2337 3301 2396 ad
3338 2346 3594 2414 tempus,

222 2426 335 2483 ὅσον
365 2428 426 2481 τὸ
461 2426 624 2499 μέσον
676 2424 1019 2498 προσκαίρου,
1079 2422 1239 2500 φημὶ,
1305 2419 1567 2498 βασιλέως
1626 2422 1714 2476 καὶ
1770 2421 1870 2476 ἀνι-

1966 2437 2013 2481 et
2045 2439 2178 2482 eum
2204 2421 2305 2500 qui
2337 2422 2516 2482 servit
2546 2422 2688 2502 Regi
2725 2433 2969 2485 aeterno.
3010 2425 3114 2486 [lle
3146 2445 3284 2505 ergo
3315 2424 3598 2487 inclinato

229 2514 336 2592 δρὸς
397 2516 626 2571 Βασιλεῖ
697 2511 1030 2573 δουλεύοντος
1104 2512 1320 2582 αἰωνίῳ.
1397 2502 1711 2574 ’Υποκλίνας
1784 2510 1872 2567 οὖν

1966 2511 2151 2589 capite
2184 2511 2378 2590 placat
2407 2529 2541 2572 eum
2582 2513 2882 2593 lacrymis,
2918 2523 2975 2574 et
3012 2515 3140 2594 ejus
3193 2502 3427 2591 petebat
3458 2532 3600 2594 pre-

227 2605 399 2677 ἐκείνῳ
463 2604 566 2670 τὴν
621 2601 981 2680 κεφαλὴν,σὺν
1041 2601 1286 2677 δάκρυσιν
1343 2598 1572 2672 ἱλεοῦτο,
1637 2601 1728 2655 καὶ
1776 2599 1875 2666 τὴν

234 2695 390 2774 εὖχὴν
449 2694 628 2764 ἐζήτει
687 2693 786 2757 τὴν
844 2690 967 2767 παρ’
1030 2693 1208 2768 αὗτοῦ,
1259 2689 1492 2766 καθάπερ
1521 2711 1570 2744 τι
1602 2690 1879 2768 φάρμακον

236 2784 603 2864 ἰσχυρότατον,
677 2778 863 2858 ῥᾳδίως
935 2779 1076 2835 λύειν
1147 2777 1456 2852 δυνοίμενον.
1522 2781 1617 2842 Ὠς
1687 2781 1774 2836 οὖν
1845 2780 1880 2846 ἡ

241 2877 348 2952 χεὶρ
377 2874 587 2928 ἐκείνου
614 2875 712 2937 τῆς
742 2876 836 2926 τοῦ
894 2867 1157 2945 βασιλέως
1215 2865 1418 2934 ἥπτετο
1474 2867 1738 2946 κεφαλῆς,
1795 2869 1883 2924 καὶ

247 2966 280 3029 ἦ
323 2964 473 3024 νόσος
532 2959 870 3039 παραχρῆμα
934 2955 1302 3038 ἐφυγαδεύετο,
1379 2957 1465 3012 καὶ
1536 2959 1564 3013 ὁ
1634 2955 1881 3032 βασιλεὺς

253 3052 575 3128 ἀνερώτα-[πο.

317 3140 428 3202 KB',
469 3141 559 3203 Τίς
592 3138 654 3194 ἂν
688 3139 753 3195 τὰ
781 3138 865 3194 ἐπὶ
897 3138 1099 3198 τούτοις
1130 3141 1238 3192 τῶν
1268 3135 1543 3212 παρόντων
1593 3137 1681 3191 καὶ
1725 3138 1882 3191 αῦτοῦ

1962 2617 2084 2672 ces,
2117 2607 2394 2680 tanquam
2439 2601 2862 2663 validissimam
2896 2604 3138 2680 aliquod
3193 2603 3601 2664 medicamen-

1963 2696 2112 2767 tum,
2139 2689 2294 2768 quod
2323 2708 2561 2752 omnem
2590 2693 2916 2753 molestiam
2947 2702 3140 2773 potest
3159 2692 3327 2755 facile
3348 2694 3598 2755 solvere.

1965 2780 2282 2859 Postquam
2316 2797 2458 2857 ergo
2492 2799 2704 2841 manus
2736 2781 2895 2842 illius
2921 2783 3108 2860 tetigit
3134 2791 3308 2862 caput
3340 2782 3601 2863 impera-

1967 2869 2138 2941 toris,
2174 2870 2369 2930 statim
2400 2870 2631 2948 fugatus
2660 2882 2753 2933 est
2788 2872 3054 2948 morbus,
3090 2881 3148 2935 et
3175 2872 3469 2936 convaluit
3497 2873 3604 2933 im-

1965 2967 2227 3038 perator.

2042 3137 2224 3201 XXII.
2250 3137 2554 3219 Quisquae
2579 3150 2782 3223 postea
2805 3153 3123 3206 consecuta
3144 3151 3304 3225 sunt,
3320 3143 3605 3224 narrabit,

234 3229 481 3303 βασιλέως
504 3227 886 3305 ἐκδιηγήσαντο
911 3246 928 3306 ς
962 3225 1108 3289 ὅπως
1138 3224 1263 3294 παρ’
1287 3224 1421 3290 ὅλην
1452 3222 1516 3291 δὴ
1547 3224 1647 3291 τὴν
1680 3225 1875 3302 ἡμέραν

1966 3245 2172 3287 eorum
2205 3228 2308 3303 qui
2339 3222 2608 3305 aderant,
2632 3241 2692 3294 et
2721 3232 2912 3312 ipsius
2941 3222 3316 3313 imperatoris
3349 3222 3609 3294 laetitiam

232 3320 405 3390 ἑορτὴν
433 3320 599 3396 ἦγον,
630 3319 717 3374 καὶ
751 3327 935 3389 μικροῦ
986 3315 1262 3392 ἓσκίρτων,
1322 3315 1410 3370 καὶ
1467 3314 1713 3370 κάθεκτοι
1774 3311 1878 3372 οὔδ’

228 3407 356 3472 ὅλως
386 3407 481 3486 ὑφ’
515 3405 711 3474 ἡδονῆς
744 3405 1058 3483 ἐτύγχανον
1111 3405 1274 3478 μόνος
1324 3402 1594 3481 Σπυρίδων
1653 3404 1706 3460 ἐν
1764 3417 1883 3467 τοῖς

224 3498 470 3555 ἁπάντων
536 3495 774 3576 χείλεσιν
833 3496 1029 3556 ἔκειτο,
1084 3491 1356 3570 Σπυρίδων
1413 3493 1663 3550 ἐκαλεῖτο
1695 3495 1879 3568 μόνος,

227 3586 498 3664 Σπυρίδωρ
569 3587 794 3662 ἑωρᾶτο.
859 3582 1128 3660 Σπυρίδων
1186 3583 1250 3651 ἧν
1309 3589 1438 3640 πᾶσι
1487 3586 1548 3639 τὸ
1596 3581 1884 3654 σπουδαζό-

228 3663 402 3751 μενον.
462 3663 583 3752 Ἆρ’
642 3674 730 3731 οὖν
790 3675 850 3730 τὸ
907 3674 1004 3748 μὲν
1064 3678 1220 3747 σῶμα
1278 3679 1354 3746 τῷ
1396 3671 1608 3749 βασιλεῖ
1666 3673 1879 3751 ἒῤῥωτο⁹

229 3770 283 3823 τὸ
310 3766 366 3825 δὲ
394 3769 490 3824 καὶ
524 3766 620 3831 τὴν
672 3765 852 3842 ψυχὴν
909 3764 1065 3821 αὒτὸν
1113 3763 1276 3838 ὑγιῶς
1337 3761 1510 3842 ἔχειν,
1573 3764 1647 3827 ὡς
1697 3765 1884 3839 μικρὸν

232 3879 274 3914 τι
325 3858 416 3913 καὶ
478 3853 784 3932 παροπτέον
843 3857 919 3924 τῷ
949 3853 1112 3928 ἰατρῷ
1169 3849 1586 3930 παρεὸλὲπετο;
1647 3853 1734 3908 καὶ
1787 3860 1889 3911 ποῦ

234 3947 379 4003 τοὸτο
410 3947 520 4011 τῆς
570 3945 713 4020 ἱερᾶς
745 3942 942 4000 ἐκείνου
979 3939 1202 4020 ψυχῆςζ
1266 3939 1434 3997 Ἀλλὰ
1484 3944 1576 3998 καὶ
1631 3945 1800 4018 ταύτῃ
1828 3946 1888 4000 τὸ

233 4033 579 4101 κατάλληλον
663 4031 874 4096 πάντως
960 4031 1113 4086 ἐτίθει
1188 4030 1486 4108 φάρμακον·
1590 4036 1888 4106 μεμνῆσθαι

232 4127 321 4198 μὲν
377 4126 482 4191 τῆς
552 4122 851 4200 εὐεργεσίας
908 4123 1000 4178 τοῦ
1061 4128 1190 4179 Θεοῦ
1247 4119 1594 4199 παραινέσας,
1641 4123 1785 4178 εἶναι
1837 4122 1892 4178 δὲ

232 4217 310 4271 καὶ
367 4217 511 4292 πρὸς
579 4215 699 4275 τοὺς
755 4213 857 4266 ὑπὸ
915 4223 1102 4290 χεῖρα,
1165 4223 1284 4272 τοῖς
1346 4211 1597 4266 πταίουσι
1648 4211 1744 4285 μὲν
1797 4213 1890 4268 καῖ

230 4303 565 4370 λελυπηκόσι
636 4301 1072 4379 συγγνωμόνικὸν
1144 4321 1201 4356 τε
1277 4301 1365 4355 καὶ
1438 4298 1628 4380 ἵλεων,
1679 4315 1797 4367 τοῖς
1846 4301 1891 4357 δ’

234 4394 397 4458 Ξλλως
463 4394 690 4473 ἔχουσιν
757 4392 1088 4469 εὒεργετικὸν
1158 4390 1244 4446 καὶ
1317 4387 1634 4467 φιλόδωρον,
1671 4405 1792 4452 τοῖς
1837 4384 1892 4448 δὲ

1967 3316 2469 3397 quemadmodum
2494 3329 2614 3382 toto
2636 3323 2734 3383 die
2765 3324 2974 3385 festum
3004 3323 3277 3401 agebant,
3313 3331 3369 3383 et
3399 3339 3614 3402 prope-

1967 3405 2209 3466 modum
2236 3408 2613 3485 exsiliebant,
2642 3423 2700 3473 et
2737 3431 2933 3493 neque
2953 3431 3018 3473 se
3051 3432 3172 3494 pra:
3200 3413 3417 3492 gaudio
3439 3421 3612 3492 pote-

1965 3499 2470 3561 rautcontinere?
2498 3503 2678 3564 Solus
2711 3501 2988 3581 Spiridon
3021 3513 3146 3563 erat
3175 3503 3234 3563 in
3268 3501 3445 3565 labris
3475 3521 3610 3562 om-

1969 3584 2568 3664 nium,aspiciebatur
2596 3591 2875 3670 Spiridon
2905 3611 2920 3667 ;
2953 3600 3079 3653 erat
3107 3593 3190 3664 id,
3225 3591 3378 3671 quod
3411 3591 3610 3652 studio

1971 3687 2097 3736 erat
2127 3675 2433 3740 omnibus.
2469 3680 2818 3758 Imperatori
2850 3681 3048 3759 itaque
3077 3681 3179 3741 fuit
3211 3680 3452 3755 quidem
3477 3696 3612 3740 cor-

1972 3781 2082 3841 pus
2115 3763 2451 3826 restitutum
2485 3770 2716 3829 sanitati
2753 3790 2767 3849 ;
2802 3778 2866 3830 ut
2895 3778 3091 3830 autem
3126 3786 3270 3829 sana
3296 3777 3452 3828 esset
3483 3769 3612 3847 ejus

1971 3856 2485 3933 animamumquid
2514 3869 2826 3937 utparvum
2855 3867 2957 3920 eta
2986 3858 3216 3919 medico
3231 3866 3617 3919 contemnen-

1971 3942 2138 4022 dum,
2163 3943 2268 4002 fuit
2288 3944 2978 4024 despectum?Quomodo
3003 3967 3138 4009 vero
3163 3949 3274 4008 hoc
3296 3947 3504 4009 fuisset
3527 3946 3614 4008 di-

1974 4049 2152 4109 gnum
2169 4046 2543 4096 sacrosancta
2563 4037 2659 4098 illa
2670 4036 3020 4100 auima?Sed
3046 4038 3098 4098 ei
3113 4055 3358 4115 quoque
3372 4038 3614 4099 omnino

1975 4121 2338 4184 conveniens
2388 4126 2659 4188 adhibuit
2692 4127 3217 4207 medicamentum,
3256 4135 3318 4188 ut
3363 4127 3464 4208 qui
3495 4146 3626 4188 sua-

1977 4212 2119 4275 serit
2153 4212 2418 4290 quidem,
2451 4225 2512 4277 ut
2548 4215 2920 4277 meminisset
2952 4217 3054 4279 Dei
3085 4216 3359 4279 beneﬁcii
3388 4237 3402 4291 ;
3437 4219 3498 4278 in
3524 4235 3626 4278 eos

1975 4311 2200 4383 autem,
2229 4307 2327 4384 qui
2361 4304 2493 4384 ejus
2546 4305 2833 4385 parebant
2869 4308 3118 4386 imperio
3149 4306 3221 4366 iis
3251 4305 3492 4386 quidem
3527 4309 3627 4381 qui

1977 4395 2375 4467 offendebant,
2409 4407 2467 4456 et
2489 4395 2744 4476 aliquam
2769 4396 3101 4458 attulerant
3133 4396 3485 4467 molestiam,
3510 4396 3629 4457 cle—

231 4489 475 4540 καὶτῶν
554 4481 856 4558 ἀναγκαίων
940 4479 1313 4556 ἐστερημένοις
1399 4479 1636 4558 πατρὸς,
1710 4484 1875 4539 αὐτοτι

1978 4497 2239 4548 mentem
2273 4504 2338 4547 se
2367 4488 2657 4564 praeberet
2689 4494 2747 4547 et
2795 4485 3243 4546 misericordem
3276 4505 3292 4564 ;
3333 4485 3405 4546 iis
3459 4503 3624 4566 vero,

239 4575 313 4628 οιαὶ
339 4571 645 4647 κηδεμόνος
694 4568 837 4634 τάξιν
897 4568 1335 4645 ἀποπληροῦντα,
1399 4572 1487 4624 καὶ
1548 4581 1713 4648 χεῖρα
1763 4573 1875 4627 τοῦ·

1977 4576 2077 4654 qui
2121 4593 2293 4638 secus
2323 4594 2386 4636 se
2429 4583 2762 4654 gesserant,
2798 4574 3121 4654 benignum
3159 4584 3218 4636 et
3262 4575 3569 4636 liberalem
3607 4595 3625 4650 ;

242 4682 341 4726 τοις
439 4663 538 4719 καὶ
608 4658 898 4738 σπλάγχνα
985 4657 1466 4738 φιλανθρωπότατα
1538 4657 1868 4738 διανοίγοντα

1978 4665 2053 4726 iis
2084 4666 2431 4743 autem,‘qui
2460 4665 2668 4743 privati
2703 4673 2873 4724 erant
2904 4665 3083 4725 rebus
3111 4664 3494 4739 neceSSariis,
3529 4683 3628 4744 pa-

239 4750 379 4823 Ὃσφ
445 4753 557 4829 γὰρ
608 4750 716 4807 τῶν
782 4747 957 4804 ἄλλων
1035 4745 1318 4826 διαφέρεις,
1394 4749 1578 4825 φησὶν,
1650 4758 1875 4808 τοσοῦτοι

1984 4762 2088 4816 tris
2119 4767 2177 4817 et
2208 4753 2498 4814 curatoris
2552 4771 2766 4813 munus
2795 4753 3138 4824 obeuntem,
3179 4771 3537 4832 manumque
3569 4763 3628 4814 et

236 4842 373 4898 εἶναι
435 4862 502 4897 σε
558 4840 672 4920 χρὴ
735 4841 822 4895 καὶ
871 4838 974 4904 τὴν
1006 4837 1206 4914 ἀρετὴν
1235 4834 1596 4915 ὑψηλότερον.
1632 4837 1781 4896 Ἐπεὶ
1810 4843 1899 4897 τόν

235 4932 311 5005 μὴ
367 4930 521 4988 οὕτω
577 4929 709 5003 πρὸς
775 4929 890 4990 τοὺς
948 4925 1284 5004 ὑποχειρίους
1333 4925 1662 5000 διακείμενον
1719 4929 1902 5002 τύραν-

237 5043 319 5077 νον
382 5017 602 5094 μᾶλλον
661 5016 696 5084 ἦ
754 5015 979 5092 βασιλέα
1037 5013 1224 5071 καλεῖν
1282 5012 1474 5094 δεῖ,οὒ
1511 5021 1610 5082 τῆς
1669 5016 1898 5084 ἐξουσίας

237 5109 696 5187 μακαριζόμενον,
806 5105 940 5164 ἀλλὰ
1034 5110 1133 5172 τῆς
1204 5107 1494 5183 ὑπεροψίας
1581 5106 1762 5165 ἄθλνόν
1833 5130 1894 5187 γε

236 5201 568 5277 κρινόμενον
630 5197 718 5252 καὶ
779 5196 1118 5270 μισούμενον,
1185 5193 1305 5251 Ἐπὶ
1362 5200 1492 5250 πᾶσι
1539 5197 1605 5252 τὰ
1653 5200 1770 5276 περὶ
1799 5201 1898 5267 τὴν

236 5287 520 5346 εὖσέϐειαν
578 5282 809 5363 ἀκριϐῶς
868 5285 1018 5364 ἔχειν
1077 5283 1326 5362 παρῇνει,
1381 5286 1468 5340 καὶ
1526 5285 1693 5359 μηδὲν
1743 5291 1770 5344 ὃ
1820 5290 1897 5362 μὴ

233 5378 386 5436 δοκεῖ
457 5382 532 5451 τῇ
589 5382 682 5432 τοῦ
741 5382 871 5431 Θεοῦ
928 5372 1222 5446 Ἐκκλησία
1279 5372 1414 5449 μηδὲ
1462 5375 1635 5455 βραχὺ
1665 5375 1899 5457 παραδέ-

234 5473 462 5549 χεσθαι,
505 5465 600 5522 Καὶ
629 5463 790 5520 ταῦτα
820 5464 918 5538 μὲν
949 5466 976 5519 ὁ
1006 5464 1198 5540 μέγας.

1985 4845 2211 4905 viscera
2268 4843 2338 4903 iis
2370 4843 2796 4921 benignissime
2850 4843 3271 4920 aperientem:
3330 4841 3626 4912 Quantum

1982 4933 2166 5011 enim,
2219 4931 2433 5011 inquit,
2498 4942 2738 5010 praestas
2796 4936 3049 5008 caeteris,
3098 4938 3320 4990 tantum
3384 4939 3438 4989 te
3495 4947 3627 4990 esse

1982 5032 2215 5100 oportet
2254 5022 2469 5080 virtute
2500 5021 2910 5080 excelsiorem.
2940 5019 3047 5090 Qui
3082 5018 3243 5079 enim
3279 5036 3394 5078 non
3423 5017 3510 5078 sic
3537 5025 3629 5077 est

1977 5111 2220 5171 allectus
2261 5110 2319 5169 in
2350 5107 2673 5187 subjectos,
2711 5125 3020 5188 tyrannum
3073 5116 3304 5185 oportet
3336 5125 3466 5166 eum
3525 5125 3628 5184 po-

1980 5199 2093 5259 tius
2119 5217 2352 5272 vocare,
2383 5217 2555 5279 quam
2589 5199 3006 5279 imperatorem
3037 5220 3051 5266 ;
3090 5197 3188 5275 qui
3221 5215 3337 5255 non
3371 5204 3458 5256 est
3477 5213 3624 5256 ceu-

1983 5287 2204 5348 sendus
2235 5288 2440 5350 beatus
2476 5303 2716 5366 prepter
2747 5295 3120 5363 potestatem,
3147 5285 3250 5345 sed
3287 5285 3385 5364 qui
3420 5302 3626 5345 cense-

1987 5385 2085 5438 tur
2145 5378 2326 5439 miser
2379 5387 2436 5437 et
2485 5379 2618 5438 odio
2674 5377 2924 5437 habetur
2997 5382 3237 5455 propter
3283 5373 3624 5454 superbiam

1985 5465 2294 5528 Postremo
2349 5468 2697 5528 adhortatus
2729 5475 2838 5540 est,
2875 5475 2936 5526 ut
2985 5475 3260 5526 accurate
3311 5473 3541 5525 teneret
3569 5471 3628 5524 et

237 5555 592 5619 observaret
641 5570 711 5614 ea
737 5571 868 5634 qua
909 5557 1212 5630 pertinent
1263 5549 1334 5612 ad
1370 5550 1672 5632 pietatem,
1707 5563 1766 5617 et
1828 5574 1902 5619 ne
1931 5557 2222 5620 tantillum
2262 5557 2503 5640 quidem
2535 5557 2894 5631 admitteret,
2929 5554 3086 5638 qvod
3125 5573 3239 5616 non
3272 5554 3375 5619 Dei
3408 5553 3623 5641 proba-

238 5655 408 5710 retur
441 5642 758 5714 Eccles’iaa.
789 5641 862 5709 Et
883 5643 1012 5708 haec
1047 5643 1290 5725 quidem
1321 5659 1594 5722 magnus.
