4006 6146
364 264 499 342 ’443

1675 274 1968 341 MENSIS
2006 277 2437 347 DECEMBER'.

3632 266 3758 344 444

461 406 665 473 XXIII.
689 410 1017 491 Imperator
1046 415 1244 474 autem
1269 410 1471 474 volens
1488 427 1623 475 eum
1646 410 2025 475 remunerari

2190 414 2322 479 KP'.
2384 407 2442 476 Ὀ
2497 413 2553 474 δὲ
2611 413 2887 494 βασιλεὺς,
2949 408 3256 492 ἀμείϐεσθαι
3297 417 3484 472 τοῦτον
3538 411 3635 481 τῆς
3660 416 3751 472 θε-

380 507 630 582 prapter
659 508 963 582 acceptam
990 499 1063 562 ab
1095 518 1167 562 eo
1196 504 1591 575 curationem,
1626 502 1803 564 dabat
1829 500 1885 562 ei
1911 502 2023 562 vim

379 590 511 652 auri
540 590 1068 653 innumerabilem.
1090 589 1197 652 Ille
1223 609 1368 652 vero
1391 593 1446 653 ei
1477 592 1620 653 dixit
1642 591 1865 671 lepide:
1892 593 2024 655 Non

376 679 463 741 sic
497 679 831 760 oportebat,
859 699 893 740 o
922 680 1269 760 imperator.
1304 681 1441 743 odio
1475 681 1848 743 remunerari
1880 682 2027 742 ami-

379 768 601 831 citiam.
620 768 762 841 Quae
789 767 949 830 enim
968 787 1002 829 a
1026 787 1119 829 me
1153 779 1393 850 propter
1423 779 1481 831 te
1510 773 1664 832 facta
1693 780 1851 844 sunt,
1886 779 2026 833 sunt

374 876 583 921 revera
598 857 1122 933 amantis,domum
1139 861 1570 940 relinquere,et
1593 869 1814 921 tantum
1843 862 2027 922 maris

382 951 805 1021 transmittere,
833 958 890 1010 et
908 948 1124 1010 hiemis
1156 949 1313 1011 ferre
1342 950 1772 1020 difﬁcultatem,
1799 960 1858 1009 et
1877 967 2025 1010 ven»

380 1045 574 1098 torum
607 1039 665 1099 in
698 1056 849 1117 aqua
881 1037 1337 1100 immanitatum.
1381 1038 1492 1101 Pro
1521 1040 1733 1101 laurum
1768 1058 1907 1119 ergo
1937 1059 2029 1101 re-

376 1126 792 1190 muneratione
808 1145 1016 1188 aurum
1038 1129 1345 1209 arcipiam,
1368 1130 1520 1209 quod
1553 1138 1642 1190 est
1662 1129 1860 1190 omnis
1885 1128 2022 1190 mali

381 1235 578 1286 causa,
613 1223 672 1278 et
705 1217 880 1280 facile
916 1219 1111 1298 perdit
1138 1220 1425 1298 quidquid
1451 1238 1501 1279 e~
1523 1220 1784 1299 tjustum
1808 1218 1839 1278 ?
1870 1220 2025 1291 Quo-

386 1306 563 1368 modo
588 1324 705 1367 non
741 1308 1032 1387 meipsum
1073 1316 1275 1385 aperte
1299 1326 1663 1381 accusarem,
1692 1318 1751 1370 et
1777 1326 2025 1369 summae

2111 505 2330 582 ραπείας
2386 505 2731 583 βουλόμενος,
2794 512 2994 586 χρυσοῦ
3051 528 3102 562 τι
3161 509 3352 585 χρῆμα
3409 508 3504 563 οὐκ
3578 504 3752 583 εὺαρί-

2108 596 2310 668 θμητον
2385 594 2643 671 ἐπεδίδου,
2717 597 2809 653 τὸν
2880 594 2935 651 δὲ
3007 594 3300 675 χαριέντως
3384 595 3556 650 εἰπεῖν
3626 595 3756 671 πρὸς

2109 685 2287 742 αὐτόν’
2325 685 2655 766 (ὶῦχόῧτως
2713 684 2839 765 ἔδει,
2900 686 2945 742 ὧ
3000 682 3239 761 βασιλεῦ.
3302 684 3447 757 μίσει
3507 683 3604 750 τὴν
3664 704 3759 762 φι-

2108 771 2223 830 λίαν
2253 773 2583 844 ἀμείϐεσοαι·
2636 774 2670 832 ἃ
2704 777 2802 843 μὲν
2858 776 2956 854 γὰρ
3013 776 3130 849 ὲμοὶ
3184 773 3477 849 πέπρακται
3535 771 3617 829 διὰ
3674 773 3759 846 σέ,

2110 863 2385 942 φιλοῦντός
2445 865 2589 922 ἐστιν
2646 867 2915 944 ἀτεχνῶς,
2975 867 3033 921 τό
3088 885 3145 919 τε
3202 863 3302 930 τὴν
3352 862 3521 919 οἰκίαν
3560 861 3761 919 ἀπολι-

2112 966 2262 1033 πεῖν,
2293 955 2380 1010 καὶ
2412 962 2661 1013 τοσοῦτον
2717 952 3029 1011 διαπλεῦσαι
3082 951 3316 1030 πέλαγος
3378 952 3649 1031 χειμῶνός
3706 971 3765 1007 τε

2111 1046 2423 1120 δπενεγιεῖν
2507 1045 2879 1126 χαλεπότητα,
2972 1047 3056 1102 καὶ
3150 1043 3361 1118 ἀνέμων
3445 1044 3499 1099 ἐν
3581 1041 3766 1101 ὕδασιν

2113 1132 2432 1210 ἀγριότητα,
2505 1135 2716 1194 Τούτων
2787 1135 2875 1191 οὗν
2942 1137 3054 1213 ἐγὼ
3123 1136 3324 1215 χρυσὸν
3396 1136 3467 1200 εἰς
3526 1129 3765 1207 ἀμοιϐὴν

2106 1219 2482 1297 παραδεξομαι,
2556 1225 2648 1280 τὸν
2716 1223 2881 1281 κακοῦ
2938 1225 3134 1289 παντὸς
3196 1221 3394 1291 αἴτιον,
3459 1224 3547 1279 καὶ
3617 1219 3764 1277 ἅπαν

2106 1314 2310 1372 δίκαιον
2370 1316 2606 1394 εὐχερῶς
2666 1312 3114 1389 λυμαινόμενονς
3189 1314 3290 1372 Καὶ
3357 1314 3471 1376 πῶς
3532 1316 3627 1371 οὐκ
3700 1308 3764 1365 ἃν

382 1395 729 1458 damnarem
782 1396 1174 1477 improbitatis
1203 1404 1230 1460 ?
1259 1397 1397 1460 Haec
1448 1400 1545 1460 illo
1576 1401 1833 1460 dicente.
1874 1407 1933 1458 et
1961 1415 2026 1460 se

2114 1405 2234 1472 ε’ίην
2294 1403 2522 1480 ἑμαυτοῦ
2578 1401 2856 1478 προδήλως
2913 1410 3252 1481 κατηγορῶν,
3310 1403 3399 1458 καὶ
3455 1400 3764 1482 μοχθηρίαν

382 1486 533 1548 nihil
580 1494 988 1567 accepturum-
1019 1487 1370 1562 afﬁrmante,
1406 1488 1742 1563 violentius,
1776 1487 2027 1549 instabat

2115 1499 2259 1574 σαφῆ
2338 1493 2890 1570 καταψηφιζόμενος;
2976 1500 3148 1551 Ταῦτα
3233 1491 3431 1548 ἐκείνου
3515 1490 3766 1568 λέγοντος

379 1575 726 1650 imperator,
757 1584 820 1637 ut
851 1576 1040 1656 daret,
1068 1576 1328 1638 dedecus
1359 1577 1798 1655 quodammodo
1839 1576 2027 1638 existi-

2114 1587 2203 1643 καὶ
2286 1581 2479 1641 λαϐεῖν
2551 1582 2693 1639 οὺδὲν
2767 1580 3176 1657 διατεινομένου,
3265 1585 3293 1639 ὁ
3364 1579 3611 1658 βασιλεὺς
3691 1579 3776 1637 ἔτι

382 1673 635 1731 mans,ut
656 1666 753 1740 qui
776 1663 1067 1728 beneﬁcio
1082 1666 1885 1734 essetaffectus,beneﬁcium
1915 1684 2027 1726 non

2118 1673 2322 1749 μᾶλλον
2395 1675 2527 1750 πρὸς
2586 1673 2648 1729 τὸ
2706 1670 2880 1729 δοῦναι
2948 1673 3231 1729 καθίστατο
3287 1672 3603 1748 βιαιότερος,
3681 1671 3776 1726 αἰ·-

377 1763 906 1823 remuneraretur:
942 1755 1047 1817 sed
1081 1756 1326 1836 expulso
1359 1756 1568 1818 morbo
1600 1756 2027 1835 corpuris,vin-

2117 1772 2323 1844 σ’(ύνην
2355 1762 2534 1835 ὥσπερ
2592 1762 2888 1839 ἡγούμενος
2945 1762 3007 1819 τὸ
3063 1763 3118 1817 εὖ
3171 1761 3406 1817 παθόντα
3464 1760 3541 1835 μὴ
3592 1758 3773 1815 ἀντα-

380 1851 621 1905 ceretur
650 1848 709 1905 in
740 1843 925 1905 animi
955 1845 1274 1924 probitate.
1307 1847 1604 1919 Quocirca
1628 1851 1814 1926 magis
1847 1846 2029 1907 insta-

378 1931 502 2009 bat,
529 1942 591 1995 nt
619 1935 882 1996 vinceret
905 1936 991 1995 sic
1011 1936 1256 1997 aﬂectus
1278 1955 1438 2006 eum,
1470 1936 1574 2014 qui
1595 1936 1749 1997 vinci
1778 1953 1894 1996 non
1928 1953 2027 2015 po-

381 2030 557 2087 terat.
590 2022 660 2085 Et
703 2025 1020 2104 persuadet
1052 2024 1291 2105 quidem
1337 2026 1446 2104 illi,
1483 2033 1548 2086 ut
1597 2027 1874 2105 accipiat,
1910 2043 2026 2086 non

380 2121 598 2184 autem,
635 2123 697 2173 ut
726 2111 882 2194 quod
931 2114 1133 2174 datum
1167 2115 1353 2176 fuerat
1386 2115 1542 2195 apud
1597 2134 1732 2177 eum
1769 2126 2026 2179 maneat.

380 2200 525 2263 Cum
547 2207 704 2263 enim
727 2202 925 2264 valere
948 2203 1229 2281 jussisset
1259 2203 1707 2285 imperatorem,
1731 2205 2030 2267 distribuit

381 2289 581 2350 omnia
614 2290 687 2350 ίιε
716 2292 815 2371 qui
842 2291 1086 2354 erantin
1123 2291 1283 2369 regia
1311 2314 1323 2355 :
1369 2294 1567 2371 reipsa
1595 2293 1838 2374 docens,
1872 2315 2026 2371 quo-

380 2378 557 2440 modo
591 2391 857 2459 oporteat
888 2399 995 2461 eos
1035 2383 1276 2443 allectos
1310 2401 1441 2443 esse
1471 2385 1540 2443 ad
1589 2402 1732 2461 opes
1763 2394 1821 2444 et
1853 2405 2023 2462 pecu-

382 2485 532 2543 nias,
572 2468 625 2530 si
650 2470 831 2530 velint
855 2489 986 2531 esse
1017 2472 1220 2534 liberi.
1248 2472 1452 2548 Magna
1483 2473 1642 2532 enim
1675 2473 1745 2531 ad
1770 2491 1870 2534 eas
1900 2491 2005 2551 pro

383 2558 611 2639 pensio.
650 2569 709 2619 et
756 2558 935 2620 nimis
977 2560 1198 2619 vietum
1252 2579 1382 2619 esse
1429 2560 1501 2619 ab
1533 2578 1734 2619 earum
1790 2581 2029 2640 posses-

380 2646 569 2719 sione,
606 2646 746 2725 quid
783 2655 1093 2726 estaperte
1119 2649 1299 2727 aliud,
1336 2667 1513 2722 quam
1548 2649 1873 2710 voluntaria
1898 2668 2029 2710 ser-

381 2736 583 2797 vitus?
614 2735 737 2796 Iloc
771 2754 905 2796 cum
939 2736 1223 2796 audiisset
1254 2736 1600 2815 imperator,
1634 2736 1781 2798 dixit
1808 2757 1875 2799 se
1910 2758 2028 2799 non

381 2824 637 2903 amplius
667 2825 895 2904 mirari,
926 2825 971 2883 si
1001 2826 1092 2885 hic
1127 2827 1232 2899 vir,
1269 2827 1367 2905 qui
1402 2827 1481 2887 ita
1512 2827 1791 2901 vivit,tam
1824 2846 2033 2906 magna

2113 1855 2401 1929 μείψασθαι
2458 1852 2557 1918 τὴν
2621 1850 2943 1929 εὗεργεσίαν,
3015 1848 3153 1906 ἀλλά
3217 1849 3370 1906 νόσον
3428 1846 3775 1906 ἀπῶαλὸντα

2112 1945 2390 2014 σώματος,
2450 1943 2524 2005 εἷς
2578 1939 2971 2016 καλοκαγαθίαν
3018 1945 3204 2020 ψυχῆς
3258 1942 3573 2011 ἡττηθῆναι.
3607 1937 3775 1995 θοθεν

2110 2031 2436 2106 καὶμᾶλλον
2466 2030 2778 2107 προσέκειτο
2839 2030 3062 2096 νικῆσαί
3116 2050 3233 2085 πως
3280 2028 3423 2085 οὕτω
3451 2025 3617 2085 δοκῶν
3668 2029 3773 2085 τὸν

2112 2120 2400 2188 ἀήττητον,
2462 2121 2556 2178 Καὶ
2615 2120 2777 2175 πείθει
2837 2119 2935 2194 μὲν
2994 2118 3200 2174 ἐκεῖνον
3261 2114 3472 2197 λαϐεῖν,
3535 2116 3593 2173 οὗ
3653 2117 3774 2184 μὴν

2112 2210 2249 2266 ὥστε
2307 2211 2393 2266 καὶ
2443 2221 2623 2284 μεῖναι
2680 2204 2804 2281 παρ’
2862 2211 3004 2281 αὐτῷ
3048 2208 3109 2262 τὸ
3161 2203 3330 2267 δοθέν,
3386 2208 3484 2270 Ὣς
3537 2205 3637 2285 γὰρ
3689 2210 3771 2279 τῷ

2112 2298 2326 2376 βασιλεῖ
2411 2294 2799 2370 συνταξάμενος
2883 2296 3130 2375 ἐπανῄει,
3216 2294 3357 2351 ἅπαν
3440 2294 3569 2352 αὒτδ
3647 2306 3771 2360 τοῖς

2113 2388 2231 2466 περὶ
2291 2388 2357 2443 τὰ
2410 2385 2653 2463 βασίλεια
2717 2385 2975 2458 διανέμει,
3055 2384 3192 2463 ἔργῳ
3259 2382 3541 2455 διδάσκων,
3615 2381 3769 2449 ὅπως

2113 2477 2225 2555 χρὴ
2285 2477 2373 2531 καὶ
2434 2476 2620 2538 αὖτεὺς
2678 2488 2809 2550 προς
2864 2473 3090 2530 πλοῦτον
3154 2476 3243 2531 καὶ
3310 2474 3567 2553 χρήματα
3638 2470 3765 2530 δια-

2113 2568 2343 2642 κεῖσθαι,
2421 2563 2575 2635 εἴπερ
2660 2563 2757 2642 ἄρα
2826 2565 2887 2620 τὸ
2993 2563 3291 2643 ἐλευθέρους
3366 2562 3549 2627 αὖτοὺς
3622 2567 3768 2620 εἶναι

2114 2652 2457 2729 βουλομένοις
2487 2653 2647 2711 ἐστίν.
2714 2645 2775 2708 Ἠ
2827 2654 2926 2729 γὰρ
2978 2652 3153 2720 πολλὴ
3212 2654 3344 2730 πρὸς
3405 2658 3568 2709 ταῦτα
3622 2652 3769 2729 ῥοπὴ

2113 2744 2291 2799 una
2322 2741 2437 2798 λίαν
2494 2745 2743 2810 ἡττᾶσθαι
2808 2747 2903 2809 τῆς
2963 2745 3134 2800 αὐτῶν
3194 2743 3463 2821 κτήσεως,
3523 2740 3573 2796 τί
3636 2739 3762 2796 ἔτε-

2117 2855 2206 2911 ρον
2264 2832 2299 2899 ἢ
2357 2832 2529 2911 σαφὴς
2584 2828 2966 2903 ἒθολοδουλίας
3028 2829 3193 2889 Τοῦτο
3251 2831 3339 2887 καὶ
3398 2831 3484 2886 τὸν
3541 2826 3762 2905 βασιλέα

354 2911 557 2973 σίίιείειι
587 2911 895 2974 miracula.
932 2913 1182 2975 Tantum
1231 2915 1426 2995 itaque
1460 2917 1714 2978 fructum
1762 2918 2027 2998 percepit

2117 2921 2352 2995 μαθόντα
2409 2919 2604 2995 μηκέτι
2680 2920 2963 2993 θαυμάζειν
3039 2922 3236 2995 εἰπεῖν,
3298 2921 3343 2977 εἱ
3402 2918 3533 2998 ἀνὴρ
3588 2920 3762 2992 οὗτος,

380 3001 702 3081 imperator
728 3020 797 3064 ex
829 3002 1025 3065 Verbis
1056 3002 1409 3085 Spiridonis.
1445 3025 1635 3087 usque
1663 3007 1813 3068 adeo
1844 3016 1901 3067 et
1932 3005 2033 3067 be-

2116 3010 2253 3068 οῧτω
2310 3011 2481 3083 βιοὺς,
2541 3010 2628 3066 καὶ
2680 3009 2960 3083 θαυμάτων
3032 3008 3170 3066 οὕτω
3232 3007 3483 3087 μεγάλων
3545 3008 3770 3081 αὐτουρ-

382 3091 728 3168 nignitatem
781 3093 1009 3173 aspexit
1049 3103 1106 3156 et
1150 3095 1604 3167 humanitatem,
1641 3104 1704 3157 ut
1753 3095 2027 3157 omnibus

2114 3102 2207 3177 γὸς
2260 3098 2538 3157 δείκνυται.
2597 3098 2856 3156 Τοσοῦτον
2917 3104 3004 3154 οὖν
3065 3098 3313 3155 ἀπώνατο
3387 3103 3493 3154 τῶν
3563 3097 3772 3175 Σπυρί-

382 3181 623 3262 quidem
684 3182 1017 3260 egentibus,
1072 3191 1130 3246 et
1182 3184 1397 3253 viduis,
1445 3194 1504 3244 et
1552 3186 1864 3265 orphanis,
1915 3186 2032 3248 illis

384 3271 621 3351 quidem
652 3272 1019 3352 viduitatem,
1052 3272 1145 3333 his
1174 3291 1310 3333 vero
1343 3272 1681 3353 orbitatem,
1715 3274 1807 3335 bis
1830 3285 2028 3337 autem

382 3359 559 3421 etiam
593 3361 879 3442 inOpiam,
910 3380 1122 3441 magno
1154 3370 1212 3422 et
1236 3365 1470 3428 excelso
1492 3364 1693 3423 animo
1725 3374 2031 3425 recrearet

382 3457 440 3511 et
468 3459 845 3512 sustentaret.
902 3452 1081 3511 Porro
1113 3460 1310 3512 autem
1362 3452 1642 3512 omnibus
1666 3472 1902 3534 quoque
1928 3452 2030 3532 qui

379 3548 520 3601 sunt
568 3539 818 3619 partium
872 3540 1437 3615 ecclesiasticarum,
1474 3542 1908 3623 sacerdotibus,
1944 3543 2030 3604 in-

380 3649 579 3711 quam,
620 3639 677 3690 et
703 3629 992 3702 diaconis,
1028 3629 1255 3711 primus
1287 3631 1421 3708 lege
1450 3630 1721 3692 decernit
1752 3633 2030 3694 immuni-

379 3727 557 3782 tatem
596 3737 609 3781 :
641 3718 963 3781 absurdum
999 3737 1133 3780 esse
1157 3719 1455 3799 judicans,
1478 3738 1580 3782 eos
1609 3721 1708 3801 qui
1742 3722 1890 3801 Regi
1924 3722 2030 3782 im-

382 3809 615 3870 mortali
664 3809 927 3872 attributi
957 3818 1095 3870 sunt
1121 3813 1192 3871 ad
1247 3809 1669 3881 ministerium,
1704 3813 1825 3890 regi
1874 3830 2033 3872 mor-

378 3898 478 3963 tali
513 3899 745 3960 solvere
774 3899 1098 3976 vectigalia.
1137 3900 1214 3962 Et
1245 3899 1370 3960 haec
1395 3899 1634 3980 quidem
1655 3901 1733 3961 ita
1762 3920 1827 3962 se
1851 3900 2029 3963 liabe-

380 3987 542 4050 bant.

456 4076 655 4140 XXIV.
691 4076 829 4138 Vult
857 4086 1055 4140 autem
1091 4081 1282 4142 oratio
1313 4079 1489 4141 etiam
1528 4081 1778 4143 aliorum
1812 4080 2030 4141 memi-

378 4170 539 4229 nisse
567 4167 1157 4250 miraculorum,quaa
1182 4179 1320 4232 sunt
1346 4169 1696 4232 ornatalwto
1722 4170 1866 4231 flore
1888 4186 2030 4249 gra-

377 4258 800 4327 tiarum,etcum
822 4263 1069 4320 utilitate
1085 4278 1346 4334 magnam
1365 4261 2030 4332 spirantjucundttatetn.

376 4342 426 4408 E
443 4345 605 4420 regia
625 4354 865 4406 sanctus
891 4344 1500 4425 egrediens,hospitio
1523 4344 1820 4422 excipitur
1836 4364 1870 4406 a
1887 4364 2031 4426 quo-

2112 3190 2276 3252 δωνος
2338 3187 2513 3267 λόγων
2571 3190 2599 3244 ὁ
2670 3186 2941 3266 βασιλεύς,
3014 3188 3104 3244 καὶ
3172 3189 3303 3266 πρὸς
3376 3185 3779 3266 φιλανθρωπίαν

2113 3277 2304 3354 ἔϐλεψε
2360 3279 2448 3334 καὶ
2503 3277 2878 3357 χρηστότητα,
2938 3277 3075 3334 ὥστε
3130 3275 3404 3351 δεομένοις
3459 3282 3615 3350 πᾶσι,
3667 3279 3773 3333 καὶ

2112 3368 2336 3446 χήραις,
2368 3369 2456 3423 καὶ
2487 3368 2766 3446 ὀρφανοῖς,
2800 3379 2922 3429 ταῖς
2957 3366 3055 3441 μὲν
3084 3367 3183 3436 τήν
3231 3365 3478 3444 χηρείαν,
3534 3376 3651 3429 τοῖς
3717 3362 3774 3421 δὲ

2111 3458 2208 3525 τὴν
2238 3457 2508 3535 ὀρφανίαν,
2542 3469 2658 3520 τοῖς
2717 3454 2771 3510 δὲ
2838 3456 2927 3511 καὶ
2991 3455 3084 3522 τὴν
3142 3456 3389 3532 ἀπορίαν,
3447 3450 3773 3531 μεγαλοψύ-

2110 3569 2229 3626 χως
2260 3547 2756 3623 παραμυθήσασθαι,
2796 3545 2892 3603 Καὶ
2938 3550 3067 3601 πᾶσι
3124 3542 3177 3599 δὲ
3234 3555 3354 3607 τοῖς
3403 3544 3503 3609 τῆς
3554 3540 3773 3609 ἐκκλη-

2111 3636 2389 3703 σιαστιοιῆς
2423 3632 2656 3712 μερίδος,
2688 3634 2879 3710 ἱερεῦσί
2935 3655 2991 3689 τε
3045 3635 3130 3690 καὶ
3189 3632 3313 3689 ὅσον
3366 3632 3422 3688 ἐν
3473 3629 3772 3702 διακόνοις,

2111 3729 2317 3802 πρῶτος
2350 3727 2496 3786 οὗτος
2557 3726 2835 3795 νομοθετεῖ
2889 3723 2989 3788 τὴν
3041 3721 3305 3792 ἀτέλειαν,
3366 3715 3566 3776 ἄτοπον
3618 3721 3774 3776 εἶναι

2112 3815 2289 3891 κρίνάς
2348 3814 2465 3879 τοὺς
2522 3812 2762 3887 ἀθανάτῳ
2818 3809 3043 3867 Βασιλεῖ
3116 3811 3248 3889 πρὶς
3314 3809 3598 3888 δπηρεσίαν
3665 3828 3772 3866 κε-

2113 3902 2486 3983 ιληρωμένους
2543 3905 2741 3976 θνητῷ,
2801 3901 2992 3980 φόρους
3040 3897 3400 3961 κατατιθέναι.
3455 3898 3552 3956 Καὶ
3600 3904 3777 3956 ταῦτα

2116 3993 2211 4070 μὲν
2243 3992 2408 4057 οὕτως
2438 3992 2622 4070 ἔσχεν,

2200 4081 2329 4143 ΚΔ’.
2367 4079 2424 4140 Ὀ
2458 4079 2512 4137 δὲ
2543 4081 2701 4158 λόγος
2751 4077 2996 4155 βούλεται
3045 4078 3138 4134 καί
3195 4074 3371 4134 ἄλλων
3422 4076 3769 4150 ἐπιμνησθῆ..

2115 4194 2197 4229 ναι
2228 4174 2532 4247 θαυμάτων,
2595 4167 2794 4249 φαιδρῷ
2850 4175 2926 4242 τῷ
2982 4169 3086 4223 τῶν
3140 4166 3375 4246 χαρίτων
3425 4163 3565 4221 ἄνθει
3596 4184 3771 4223 κεκο-

2115 4262 2429 4340 σμημένων,
2495 4259 2579 4317 καὶ
2636 4256 2842 4325 πολλῆς
2901 4257 3167 4313 πνεόντων
3227 4255 3363 4329 μετᾶ
3417 4264 3510 4314 τοῦ
3571 4252 3771 4331 ὠφελί-

2117 4373 2218 4426 μου
2278 4351 2364 4407 καὶ
2418 4347 2639 4417 ἡδονῆς.
2676 4345 2859 4412 Ἐξιὼι
2888 4346 2989 4424 γὰρ
3021 4350 3128 4402 τῶν
3157 4342 3440 4421 βασιλείων
3500 4346 3529 4399 ὁ
3576 4342 3767 4422 ἅγιος,

377 4432 510 4493 dam
541 4434 756 4495 Christi
786 4444 1041 4496 amante.
1074 4436 1163 4495 Ad
1190 4453 1325 4495 eum
1350 4443 1547 4495 autem
1564 4434 1794 4495 accedit
1818 4433 2027 4498 mulier

2114 4438 2437 4506 ἐπιξενοῦται
2494 4444 2600 4494 τῶν
2653 4435 3012 4517 φιλοχριστων
3073 4435 3195 4507 τινὶ,
3253 4434 3499 4511 πρόσεισι
3555 4429 3611 4488 δὲ
3663 4435 3772 4490 0:3-

378 4521 655 4602 barbara,
692 4532 750 4583 et
800 4523 1016 4602 lingua:
1064 4526 1271 4587 Graece
1330 4524 1624 4603 imperita,
1681 4543 1812 4606 quae
1851 4544 2023 4586 suum

2114 4535 2189 4603 τῷ
2220 4529 2353 4607 γυνὴ
2400 4524 2685 4605 βάρϐαρος,
2716 4526 2803 4580 κάὶ
2851 4522 3101 4602 γλώσσης
3164 4520 3490 4588 Ἑλληνικῆς
3518 4520 3762 4595 ἀμαθὴς,

379 4611 564 4673 filium
599 4620 895 4673 mortuum
934 4613 1135 4677 ferens
1186 4613 1244 4675 in
1282 4614 1577 4684 manibus.
1613 4634 1746 4677 eum
1782 4615 2030 4695 deponit

378 4699 451 4762 ad
494 4704 683 4762 sancti
716 4703 898 4781 pedes
932 4724 949 4784 ς
999 4704 1140 4784 quin
1170 4704 1348 4766 etiam
1391 4704 1517 4784 ipsa
1546 4723 1791 4786 quoque
1842 4723 2029 4786 prona

381 4789 616 4859 cecidit,
650 4791 880 4855 deflens
933 4794 1372 4860 miserabiliter.
1407 4802 1465 4855 et
1514 4794 1584 4855 iis
1630 4794 1893 4875 quidem,
1929 4795 2027 4874 qui

376 4880 649 4956 aderant,
691 4900 761 4943 ea
807 4881 1038 4958 dicens,
1086 4902 1223 4964 quae
1278 4902 1396 4945 non
1450 4894 1723 4962 poterant
1775 4884 2026 4963 intelligi

381 4981 628 5055 propter
663 4971 1023 5049 barbariem,
1058 4973 1201 5035 solis
1245 4974 1596 5055 loquebatur
1626 4974 1918 5056 lacrymis,
1952 4973 2029 5035 si-

379 5063 667 5143 gniﬁcans
703 5080 767 5123 se
796 5063 942 5125 ﬂere
978 5075 1219 5144 propter
1250 5065 1459 5137 tilium,
1495 5073 1554 5124 et
1584 5072 1791 5143 petere
1822 5084 1855 5127 a
1886 5082 2027 5144 pon-

380 5154 564 5227 tiﬁce,
594 5160 658 5213 ut
706 5171 842 5213 eum
875 5154 1208 5216 suscitaret.
1253 5153 1353 5215 His
1384 5153 1677 5233 frangitur
1728 5158 1814 5214 vir
1843 5152 2027 5215 animi

381 5240 811 5311 misericordis,
848 5252 904 5303 et
933 5242 1163 5304 duabus
1197 5242 1382 5305 rebus
1413 5242 1826 5304 moderatione
1856 5241 2027 5304 scili—

384 5338 705 5404 cet,etcom
717 5331 1094 5393 miseratione
1109 5331 1376 5393 mulieris
1396 5330 2029 5405 distrahitur.Quando

384 5420 544 5481 enim
575 5419 648 5481 ad
679 5423 811 5499 ejus
841 5420 1109 5482 dolorem
1142 5429 1201 5483 et
1228 5420 1526 5483 viscerum
1561 5421 1838 5483 ardorem
1873 5421 2031 5501 aspin

384 5506 601 5577 ciebat,
621 5509 1070 5589 aggrediebatur
1093 5512 1467 5583 miraculum,
1487 5520 1546 5573 et
1575 5510 1930 5573 incitabatur
1959 5511 2031 5573 ad

387 5597 676 5662 orandum
698 5601 911 5681 Deum,
938 5609 1002 5665 ut
1024 5619 1173 5684 puer
1192 5600 1593 5666 revivisceret.
1624 5599 1868 5674 Quando
1897 5617 2034 5667 vero

2109 4618 2144 4687 ἤ
2199 4620 2288 4676 καὶ
2348 4618 2532 4696 νεκρὸν
2587 4617 2778 4681 ἑαυτης
2838 4615 2898 4670 τὸ
2956 4610 3161 4669 παιδίον
3193 4611 3250 4667 ἐν
3277 4614 3474 4691 χερσὶν
3503 4610 3766 4690 φέρουσα,

2108 4722 2226 4772 τοῖς
2298 4707 2421 4763 ποσὶ
2489 4711 2645 4762 τοῦτο
2716 4705 3032 4783 παρατίθησι
3100 4701 3269 4779 ἁγίουο
3344 4700 3430 4756 καὶ
3502 4698 3635 4767 αὖτὴ
3703 4699 3771 4760 δὲ

2108 4799 2220 4873 ἅμα
2280 4791 2796 4875 προακατεὸάλλετο,
2856 4791 3062 4871 οἰκτρόν
3118 4813 3170 4847 τι
3228 4790 3318 4846 καὶ
3372 4788 3558 4867 γοερὸν
3631 4788 3775 4844 ἆινα⁹

2109 4886 2386 4965 χλαίοδσα,
2446 4886 2538 4942 καὶ
2588 4885 2813 4941 ἀσύνετα
2886 4882 2985 4957 μὲν
3050 4893 3170 4945 τοῖς
3245 4884 3494 4958 παροῦσι,
3556 4875 3639 4932 διὰ
3711 4877 3777 4933 τὸ

2107 4973 2365 5057 βάρϐαρον
2422 4973 2672 5053 λέγουσα,
2729 4972 2911 5049 μόνοις
2974 4969 3030 5026 δὲ
3087 4982 3207 5033 τοῖς
3259 4965 3474 5046 δάκρυσι
3535 4969 3776 5057 ιρθεγγο-

2110 5052 2247 5141 μένη
2282 5052 2394 5121 νκαί
2453 5052 2534 5120 ὅτι
2597 5069 2692 5120 τοῦ
2746 5058 2934 5123 παιδὸς
2983 5060 3146 5139 χάριν
3195 5060 3224 5115 ὃ
3271 5060 3487 5136 θρῆνος,
3551 5052 3775 5120 ἔνδηλον

2108 5158 2431 5225 καθιστῶσα,
2474 5153 2557 5208 καὶ
2587 5153 2658 5217 ὡς
2705 5152 2935 5208 αἰτεῖται
2994 5146 3062 5216 δὴ
3125 5147 3268 5224 παρὰ
3325 5151 3416 5203 τοῦ
3476 5142 3774 5225 ἀρχιερέως

2109 5244 2208 5313 τὴν
2264 5239 2567 5300 ἀναϐίωσιν.
2632 5239 2951 5298 Ἐπικλᾰται
3007 5238 3217 5301 τούτοις
3290 5237 3318 5293 ὁ
3392 5232 3769 5310 συμπαθέστα-

2111 5355 2198 5397 τος
2257 5333 2353 5398 τὴν
2410 5331 2617 5412 ψυχὴν,
2679 5332 2765 5388 καί
2824 5327 3024 5393 διττοῖς
3083 5327 3385 5404 πράγμασι,
3447 5322 3761 5399 μετριότητι

2114 5424 2453 5503 φρονήματος
2523 5418 2727 5489 δηλαδὴ
2791 5421 2879 5475 καὶ
2922 5423 2989 5494 τῇ
3018 5419 3145 5494 πρὸς
3177 5416 3303 5503 τὴν,
3335 5424 3565 5503 γυναῖκα
3620 5431 3772 5503 ,συμ-

2116 5501 2324 5584 παθείᾳ,
2376 5511 2665 5588 μερίζεται.
2729 5508 2860 5567 Ὅτε
2915 5506 3038 5585 μὲν,
3099 5504 3200 5582 γάρ
3253 5502 3315 5560 τὸ
3374 5502 3539 5564 πάθος
3579 5501 3768 5588 αὐτῆς,

2117 5602 2206 5659 καὶ
2271 5602 2362 5657 τὸν
2416 5587 2527 5657 ⁸τῶν
2594 5595 2886 5678 σπλάχνων
2976 5595 3271 5672 ἀμπησμὺν
3315 5588 3583 5671 ἔϐλεψεν,
3668 5587 3765 5647 έπ-
