  <div class='ocr_page' id='page_1' title='image "/cluster/home/n/w/nwhite01/storage/ocr_20150623/116/mdp.39015008903554/230.png"; bbox 0 0 4028 6138; ppageno 0'>
   <div class='ocr_carea' id='block_1_1' title="bbox 253 274 1915 360">
    <p class='ocr_par' dir='ltr' id='par_1_1' title="bbox 253 285 1915 360">
     <span class='ocr_line' id='line_1_1' title="bbox 253 285 1915 360; baseline -0.006 0"><span class='ocrx_word' id='word_1_1' title='bbox 253 290 376 360; x_wconf 70' lang='grc'><strong>445</strong></span> <span class='ocrx_word' id='word_1_2' title='bbox 1519 290 1727 359; x_wconf 82' lang='lat' dir='ltr'>VITA</span> <span class='ocrx_word' id='word_1_3' title='bbox 1778 288 1838 352; x_wconf 91' lang='lat' dir='ltr'><strong>S.</strong></span> <span class='ocrx_word' id='word_1_4' title='bbox 1890 285 1915 350; x_wconf 79' lang='grc' dir='ltr'>Ε</span> 
     </span>
    </p>
   </div>
   <div class='ocr_carea' id='block_1_2' title="bbox 2002 274 3639 360">
    <p class='ocr_par' dir='ltr' id='par_1_2' title="bbox 2002 274 3639 353">
     <span class='ocr_line' id='line_1_2' title="bbox 2002 274 3639 353; baseline 0.001 -4"><span class='ocrx_word' id='word_1_5' title='bbox 2002 283 2369 349; x_wconf 75' lang='lat' dir='ltr'><strong>raIDONIS.</strong></span> <span class='ocrx_word' id='word_1_6' title='bbox 2564 343 2567 351; x_wconf 79' lang='lat'>,</span> <span class='ocrx_word' id='word_1_7' title='bbox 3517 274 3639 353; x_wconf 76' lang='grc'><strong>446</strong></span> 
     </span>
    </p>
   </div>
   <div class='ocr_carea' id='block_1_3' title="bbox 258 420 1915 512">
    <p class='ocr_par' dir='ltr' id='par_1_3' title="bbox 258 420 1910 510">
     <span class='ocr_line' id='line_1_3' title="bbox 258 420 1910 510; baseline -0.003 -23"><span class='ocrx_word' id='word_1_8' title='bbox 258 427 464 510; x_wconf 74' lang='grc' dir='ltr'>εχείρει</span> <span class='ocrx_word' id='word_1_9' title='bbox 529 433 611 503; x_wconf 76' lang='grc' dir='ltr'><strong>τῷ</strong></span> <span class='ocrx_word' id='word_1_10' title='bbox 664 420 930 506; x_wconf 77' lang='grc' dir='ltr'>θαύματι,</span> <span class='ocrx_word' id='word_1_11' title='bbox 1012 427 1099 487; x_wconf 75' lang='grc' dir='ltr'><strong>καὶ</strong></span> <span class='ocrx_word' id='word_1_12' title='bbox 1149 430 1320 508; x_wconf 76' lang='grc' dir='ltr'>ὃρμῆς</span> <span class='ocrx_word' id='word_1_13' title='bbox 1384 426 1599 499; x_wconf 65' lang='grc' dir='ltr'>ἥπτετο,</span> <span class='ocrx_word' id='word_1_14' title='bbox 1660 426 1910 494; x_wconf 77' lang='grc' dir='ltr'>δεηθῆναι</span> 
     </span>
    </p>
   </div>
   <div class='ocr_carea' id='block_1_4' title="bbox 2002 420 3632 512">
    <p class='ocr_par' dir='ltr' id='par_1_4' title="bbox 2002 424 3632 512">
     <span class='ocr_line' id='line_1_4' title="bbox 2002 424 3632 512; baseline 0.004 -27"><span class='ocrx_word' id='word_1_15' title='bbox 2002 442 2206 487; x_wconf 82' lang='lat' dir='ltr'><strong>rursus</strong></span> <span class='ocrx_word' id='word_1_16' title='bbox 2258 424 2600 491; x_wconf 77' lang='lat' dir='ltr'><strong>intuebatur</strong></span> <span class='ocrx_word' id='word_1_17' title='bbox 2646 428 2720 491; x_wconf 84' lang='lat' dir='ltr'><strong>ad</strong></span> <span class='ocrx_word' id='word_1_18' title='bbox 2784 425 3252 493; x_wconf 75' lang='lat' dir='ltr'><strong>maenitudinem</strong></span> <span class='ocrx_word' id='word_1_19' title='bbox 3308 427 3632 512; x_wconf 78' lang='lat' dir='ltr'><strong>petitionis,</strong></span> 
     </span>
    </p>
   </div>
   <div class='ocr_carea' id='block_1_5' title="bbox 265 517 1915 599">
    <p class='ocr_par' dir='ltr' id='par_1_5' title="bbox 265 517 1913 595">
     <span class='ocr_line' id='line_1_5' title="bbox 265 517 1913 595; baseline -0.002 -19"><span class='ocrx_word' id='word_1_20' title='bbox 265 526 400 577; x_wconf 81' lang='grc' dir='ltr'>Θεοῦ</span> <span class='ocrx_word' id='word_1_21' title='bbox 457 519 590 595; x_wconf 80' lang='grc' dir='ltr'>πρὸς</span> <span class='ocrx_word' id='word_1_22' title='bbox 632 519 736 585; x_wconf 70' lang='grc' dir='ltr'><strong>τὴν</strong></span> <span class='ocrx_word' id='word_1_23' title='bbox 786 526 883 576; x_wconf 91' lang='grc' dir='ltr'><strong>τοῦ</strong></span> <span class='ocrx_word' id='word_1_24' title='bbox 937 517 1119 582; x_wconf 78' lang='grc' dir='ltr'>παιδὸς</span> <span class='ocrx_word' id='word_1_25' title='bbox 1168 518 1450 577; x_wconf 84' lang='grc' dir='ltr'>ἀναϐίωσιν</span> <span class='ocrx_word' id='word_1_26' title='bbox 1487 536 1503 551; x_wconf 93' lang='grc'><strong>·</strong></span> <span class='ocrx_word' id='word_1_27' title='bbox 1533 522 1690 587; x_wconf 75' lang='grc' dir='ltr'>ἡνίκα</span> <span class='ocrx_word' id='word_1_28' title='bbox 1719 517 1773 574; x_wconf 79' lang='grc' dir='ltr'><strong>δὲ</strong></span> <span class='ocrx_word' id='word_1_29' title='bbox 1803 518 1913 574; x_wconf 83' lang='grc' dir='ltr'>πά-</span> 
     </span>
    </p>
   </div>
   <div class='ocr_carea' id='block_1_6' title="bbox 2002 517 3638 599">
    <p class='ocr_par' dir='ltr' id='par_1_6' title="bbox 2002 519 3638 599">
     <span class='ocr_line' id='line_1_6' title="bbox 2002 519 3638 599; baseline 0.003 -23"><span class='ocrx_word' id='word_1_30' title='bbox 2002 532 2135 576; x_wconf 89' lang='lat' dir='ltr'><strong>cum</strong></span> <span class='ocrx_word' id='word_1_31' title='bbox 2166 525 2323 579; x_wconf 84' lang='lat' dir='ltr'><strong>esset</strong></span> <span class='ocrx_word' id='word_1_32' title='bbox 2352 519 2656 580; x_wconf 66' lang='lat' dir='ltr'><strong>modestus</strong></span> <span class='ocrx_word' id='word_1_33' title='bbox 2675 538 2742 582; x_wconf 89' lang='lat' dir='ltr'><strong>ac</strong></span> <span class='ocrx_word' id='word_1_34' title='bbox 2778 520 3139 594; x_wconf 89' lang='lat' dir='ltr'><strong>moderatus,</strong></span> <span class='ocrx_word' id='word_1_35' title='bbox 3174 519 3474 596; x_wconf 87' lang='lat' dir='ltr'><strong>cordeque</strong></span> <span class='ocrx_word' id='word_1_36' title='bbox 3505 523 3638 599; x_wconf 81' lang='lat' dir='ltr'><strong>pius</strong></span> 
     </span>
    </p>
   </div>
   <div class='ocr_carea' id='block_1_7' title="bbox 260 607 1915 689">
    <p class='ocr_par' dir='ltr' id='par_1_7' title="bbox 260 607 1913 689">
     <span class='ocr_line' id='line_1_7' title="bbox 260 607 1913 689; baseline -0.002 -23"><span class='ocrx_word' id='word_1_37' title='bbox 260 610 350 667; x_wconf 84' lang='grc' dir='ltr'><strong>λιν</strong></span> <span class='ocrx_word' id='word_1_38' title='bbox 391 610 526 685; x_wconf 69' lang='grc' dir='ltr'>πρὸς</span> <span class='ocrx_word' id='word_1_39' title='bbox 569 610 634 664; x_wconf 76' lang='grc' dir='ltr'>τὸ</span> <span class='ocrx_word' id='word_1_40' title='bbox 680 607 908 685; x_wconf 82' lang='grc' dir='ltr'>μέγεθος</span> <span class='ocrx_word' id='word_1_41' title='bbox 964 607 1150 666; x_wconf 76' lang='grc' dir='ltr'>ἀπεϊδε</span> <span class='ocrx_word' id='word_1_42' title='bbox 1213 610 1310 678; x_wconf 72' lang='grc' dir='ltr'><strong>τῆς</strong></span> <span class='ocrx_word' id='word_1_43' title='bbox 1368 609 1660 689; x_wconf 78' lang='grc' dir='ltr'>ἀξιώσεως,</span> <span class='ocrx_word' id='word_1_44' title='bbox 1705 607 1913 684; x_wconf 80' lang='grc' dir='ltr'>μέτριος</span> 
     </span>
    </p>
   </div>
   <div class='ocr_carea' id='block_1_8' title="bbox 2002 607 3640 689">
    <p class='ocr_par' dir='ltr' id='par_1_8' title="bbox 2003 607 3640 689">
     <span class='ocr_line' id='line_1_8' title="bbox 2003 607 3640 689; baseline 0.001 -22"><span class='ocrx_word' id='word_1_45' title='bbox 2003 614 2061 667; x_wconf 89' lang='lat' dir='ltr'><strong>et</strong></span> <span class='ocrx_word' id='word_1_46' title='bbox 2080 616 2307 681; x_wconf 87' lang='lat' dir='ltr'><strong>cautus,</strong></span> <span class='ocrx_word' id='word_1_47' title='bbox 2359 608 2612 669; x_wconf 77' lang='lat' dir='ltr'><strong>cedebat</strong></span> <span class='ocrx_word' id='word_1_48' title='bbox 2659 618 2716 671; x_wconf 89' lang='lat' dir='ltr'><strong>et</strong></span> <span class='ocrx_word' id='word_1_49' title='bbox 2747 610 3143 679; x_wconf 79' lang='lat' dir='ltr'><strong>difl‘erebat,et</strong></span> <span class='ocrx_word' id='word_1_50' title='bbox 3173 627 3307 671; x_wconf 74' lang='lat' dir='ltr'><strong>esse</strong></span> <span class='ocrx_word' id='word_1_51' title='bbox 3329 607 3640 689; x_wconf 62' lang='lat' dir='ltr'><strong>judicabat</strong></span> 
     </span>
    </p>
   </div>
   <div class='ocr_carea' id='block_1_9' title="bbox 257 697 1914 780">
    <p class='ocr_par' dir='ltr' id='par_1_9' title="bbox 257 697 1914 780">
     <span class='ocr_line' id='line_1_9' title="bbox 257 697 1914 780; baseline -0.003 -23"><span class='ocrx_word' id='word_1_52' title='bbox 257 700 335 757; x_wconf 78' lang='grc' dir='ltr'>ὢν</span> <span class='ocrx_word' id='word_1_53' title='bbox 379 701 442 756; x_wconf 78' lang='grc' dir='ltr'>τὸ</span> <span class='ocrx_word' id='word_1_54' title='bbox 489 697 766 778; x_wconf 73' lang='grc' dir='ltr'>φρόνημα,</span> <span class='ocrx_word' id='word_1_55' title='bbox 812 697 912 754; x_wconf 64' lang='grc' dir='ltr'>καὶ</span> <span class='ocrx_word' id='word_1_56' title='bbox 963 700 1065 766; x_wconf 74' lang='grc' dir='ltr'><strong>τὴν</strong></span> <span class='ocrx_word' id='word_1_57' title='bbox 1116 697 1329 777; x_wconf 80' lang='grc' dir='ltr'>καρδίαν</span> <span class='ocrx_word' id='word_1_58' title='bbox 1371 705 1474 780; x_wconf 73' lang='grc' dir='ltr'>οὐχ</span> <span class='ocrx_word' id='word_1_59' title='bbox 1502 698 1696 767; x_wconf 76' lang='grc' dir='ltr'>ἥκιστα</span> <span class='ocrx_word' id='word_1_60' title='bbox 1751 697 1914 755; x_wconf 77' lang='grc' dir='ltr'>εὒλα-</span> 
     </span>
    </p>
   </div>
   <div class='ocr_carea' id='block_1_10' title="bbox 256 787 1915 868">
    <p class='ocr_par' dir='ltr' id='par_1_10' title="bbox 256 787 1915 868">
     <span class='ocr_line' id='line_1_10' title="bbox 256 787 1915 868; baseline -0.001 -24"><span class='ocrx_word' id='word_1_61' title='bbox 256 787 383 867; x_wconf 75' lang='grc' dir='ltr'>εὴς,</span> <span class='ocrx_word' id='word_1_62' title='bbox 429 787 709 868; x_wconf 75' lang='grc' dir='ltr'>ὑπεχώρει</span> <span class='ocrx_word' id='word_1_63' title='bbox 783 788 881 845; x_wconf 68' lang='grc' dir='ltr'><strong>καί</strong></span> <span class='ocrx_word' id='word_1_64' title='bbox 952 788 1294 861; x_wconf 77' lang='grc' dir='ltr'>ἀνεϐάλλετο,</span> <span class='ocrx_word' id='word_1_65' title='bbox 1358 790 1445 846; x_wconf 82' lang='grc' dir='ltr'><strong>καὶ</strong></span> <span class='ocrx_word' id='word_1_66' title='bbox 1501 791 1690 863; x_wconf 76' lang='grc' dir='ltr'>ἰταμὸν</span> <span class='ocrx_word' id='word_1_67' title='bbox 1746 788 1915 865; x_wconf 72' lang='grc' dir='ltr'>ἔκρινε</span> 
     </span>
    </p>
   </div>
   <div class='ocr_carea' id='block_1_11' title="bbox 258 878 1917 958">
    <p class='ocr_par' dir='ltr' id='par_1_11' title="bbox 258 878 1917 958">
     <span class='ocr_line' id='line_1_11' title="bbox 258 878 1917 958; baseline -0.003 -23"><span class='ocrx_word' id='word_1_68' title='bbox 258 882 323 935; x_wconf 71' lang='grc' dir='ltr'>τὸ</span> <span class='ocrx_word' id='word_1_69' title='bbox 374 879 705 958; x_wconf 69' lang='grc' dir='ltr'>ἱγχείρημα,</span> <span class='ocrx_word' id='word_1_70' title='bbox 773 878 878 934; x_wconf 77' lang='grc' dir='ltr'>Διά</span> <span class='ocrx_word' id='word_1_71' title='bbox 931 900 1011 934; x_wconf 90' lang='grc' dir='ltr'><strong>τοι</strong></span> <span class='ocrx_word' id='word_1_72' title='bbox 1069 886 1246 953; x_wconf 90' lang='grc' dir='ltr'>τοῦτο,</span> <span class='ocrx_word' id='word_1_73' title='bbox 1314 878 1607 955; x_wconf 78' lang='grc' dir='ltr'>σύμϐουλον</span> <span class='ocrx_word' id='word_1_74' title='bbox 1663 879 1754 935; x_wconf 77' lang='grc' dir='ltr'>ἕνα</span> <span class='ocrx_word' id='word_1_75' title='bbox 1811 882 1917 933; x_wconf 83' lang='grc' dir='ltr'>τῶν</span> 
     </span>
    </p>
   </div>
   <div class='ocr_carea' id='block_1_12' title="bbox 270 967 1918 1048">
    <p class='ocr_par' dir='ltr' id='par_1_12' title="bbox 270 967 1918 1048">
     <span class='ocr_line' id='line_1_12' title="bbox 270 967 1918 1048; baseline -0.001 -24"><span class='ocrx_word' id='word_1_76' title='bbox 270 969 385 1045; x_wconf 74' lang='grc' dir='ltr'>μεθ’</span> <span class='ocrx_word' id='word_1_77' title='bbox 471 969 662 1022; x_wconf 75' lang='grc' dir='ltr'>ἑαυτοῦ</span> <span class='ocrx_word' id='word_1_78' title='bbox 756 968 1028 1045; x_wconf 77' lang='grc' dir='ltr'>συμπαρα)</span> <span class='ocrx_word' id='word_1_79' title='bbox 1043 967 1196 1024; x_wconf 71' lang='grc' dir='ltr'>αόεῒν</span> <span class='ocrx_word' id='word_1_80' title='bbox 1279 968 1439 1047; x_wconf 80' lang='grc' dir='ltr'>ἔγνω.</span> <span class='ocrx_word' id='word_1_81' title='bbox 1534 967 1918 1048; x_wconf 75' lang='grc' dir='ltr'><strong>Ἀρτεμίδωρος</strong></span> 
     </span>
    </p>
   </div>
   <div class='ocr_carea' id='block_1_13' title="bbox 282 1056 1917 1136">
    <p class='ocr_par' dir='ltr' id='par_1_13' title="bbox 282 1056 1917 1136">
     <span class='ocr_line' id='line_1_13' title="bbox 282 1056 1917 1136; baseline -0.002 -20"><span class='ocrx_word' id='word_1_82' title='bbox 282 1058 429 1124; x_wconf 71' lang='grc' dir='ltr'>οὗτος</span> <span class='ocrx_word' id='word_1_83' title='bbox 467 1059 548 1136; x_wconf 76' lang='grc' dir='ltr'>ἦν,</span> <span class='ocrx_word' id='word_1_84' title='bbox 593 1056 651 1112; x_wconf 74' lang='grc' dir='ltr'>ἐν</span> <span class='ocrx_word' id='word_1_85' title='bbox 697 1056 964 1123; x_wconf 81' lang='grc' dir='ltr'><strong>διακόνοις</strong></span> <span class='ocrx_word' id='word_1_86' title='bbox 1021 1058 1137 1135; x_wconf 75' lang='grc' dir='ltr'>ἄρτι</span> <span class='ocrx_word' id='word_1_87' title='bbox 1195 1060 1385 1130; x_wconf 80' lang='grc' dir='ltr'><strong>τελῶν,</strong></span> <span class='ocrx_word' id='word_1_88' title='bbox 1433 1061 1589 1127; x_wconf 76' lang='grc' dir='ltr'>ἀνὴρ,</span> <span class='ocrx_word' id='word_1_89' title='bbox 1647 1060 1692 1134; x_wconf 82' lang='grc' dir='ltr'>ᾧ</span> <span class='ocrx_word' id='word_1_90' title='bbox 1744 1059 1917 1116; x_wconf 84' lang='grc' dir='ltr'>πάντα</span> 
     </span>
    </p>
   </div>
   <div class='ocr_carea' id='block_1_14' title="bbox 278 1148 1915 1226">
    <p class='ocr_par' dir='ltr' id='par_1_14' title="bbox 278 1148 1915 1226">
     <span class='ocr_line' id='line_1_14' title="bbox 278 1148 1915 1226; baseline 0.001 -24"><span class='ocrx_word' id='word_1_91' title='bbox 278 1150 379 1223; x_wconf 81' lang='grc' dir='ltr'>μὲν</span> <span class='ocrx_word' id='word_1_92' title='bbox 433 1150 736 1226; x_wconf 60' lang='grc' dir='ltr'>φιλοπόνως</span> <span class='ocrx_word' id='word_1_93' title='bbox 781 1148 851 1204; x_wconf 74' lang='grc' dir='ltr'><strong>τὰ</strong></span> <span class='ocrx_word' id='word_1_94' title='bbox 897 1152 994 1216; x_wconf 78' lang='grc' dir='ltr'><strong>τῆς</strong></span> <span class='ocrx_word' id='word_1_95' title='bbox 1038 1149 1234 1226; x_wconf 77' lang='grc' dir='ltr'>ἀρετῆς</span> <span class='ocrx_word' id='word_1_96' title='bbox 1275 1148 1505 1223; x_wconf 73' lang='grc' dir='ltr'>ἤσκητο,</span> <span class='ocrx_word' id='word_1_97' title='bbox 1539 1148 1593 1205; x_wconf 78' lang='grc' dir='ltr'>ἕν</span> <span class='ocrx_word' id='word_1_98' title='bbox 1623 1148 1755 1205; x_wconf 78' lang='grc' dir='ltr'>δέτι</span> <span class='ocrx_word' id='word_1_99' title='bbox 1786 1150 1915 1225; x_wconf 80' lang='grc' dir='ltr'>πρὸς</span> 
     </span>
    </p>
   </div>
   <div class='ocr_carea' id='block_1_15' title="bbox 270 1238 1913 1320">
    <p class='ocr_par' dir='ltr' id='par_1_15' title="bbox 270 1238 1913 1320">
     <span class='ocr_line' id='line_1_15' title="bbox 270 1238 1913 1320; baseline 0 -27"><span class='ocrx_word' id='word_1_100' title='bbox 270 1238 443 1301; x_wconf 74' lang='grc' dir='ltr'>πάσας</span> <span class='ocrx_word' id='word_1_101' title='bbox 500 1239 646 1311; x_wconf 75' lang='grc' dir='ltr'><strong>αῦτῷ</strong></span> <span class='ocrx_word' id='word_1_102' title='bbox 704 1239 992 1316; x_wconf 78' lang='grc' dir='ltr'>καθαπερεί</span> <span class='ocrx_word' id='word_1_103' title='bbox 1047 1260 1098 1295; x_wconf 90' lang='grc' dir='ltr'><strong>τι</strong></span> <span class='ocrx_word' id='word_1_104' title='bbox 1168 1246 1369 1320; x_wconf 82' lang='grc' dir='ltr'>χρῶμα</span> <span class='ocrx_word' id='word_1_105' title='bbox 1412 1241 1586 1296; x_wconf 80' lang='grc' dir='ltr'>κοινὸν</span> <span class='ocrx_word' id='word_1_106' title='bbox 1642 1238 1913 1314; x_wconf 78' lang='grc' dir='ltr'><strong>ἐκέκρατο,</strong></span> 
     </span>
    </p>
   </div>
   <div class='ocr_carea' id='block_1_16' title="bbox 266 1325 1914 1407">
    <p class='ocr_par' dir='ltr' id='par_1_16' title="bbox 266 1325 1914 1407">
     <span class='ocr_line' id='line_1_16' title="bbox 266 1325 1914 1407; baseline 0.003 -26"><span class='ocrx_word' id='word_1_107' title='bbox 266 1328 328 1382; x_wconf 76' lang='grc' dir='ltr'>τὸ</span> <span class='ocrx_word' id='word_1_108' title='bbox 396 1325 587 1399; x_wconf 82' lang='grc' dir='ltr'>μηδενὶ</span> <span class='ocrx_word' id='word_1_109' title='bbox 650 1326 814 1393; x_wconf 81' lang='grc' dir='ltr'>δῆλον</span> <span class='ocrx_word' id='word_1_110' title='bbox 897 1328 1157 1404; x_wconf 80' lang='grc' dir='ltr'>μηδαμῶς</span> <span class='ocrx_word' id='word_1_111' title='bbox 1232 1332 1584 1404; x_wconf 82' lang='grc' dir='ltr'>κατορθοῦντα</span> <span class='ocrx_word' id='word_1_112' title='bbox 1661 1329 1914 1407; x_wconf 85' lang='grc' dir='ltr'>γίνεσθαι.</span> 
     </span>
    </p>
   </div>
   <div class='ocr_carea' id='block_1_17' title="bbox 268 1416 1917 1496">
    <p class='ocr_par' dir='ltr' id='par_1_17' title="bbox 268 1416 1917 1496">
     <span class='ocr_line' id='line_1_17' title="bbox 268 1416 1917 1496; baseline 0 -23"><span class='ocrx_word' id='word_1_113' title='bbox 268 1423 464 1473; x_wconf 81' lang='grc' dir='ltr'>Τοῦτον</span> <span class='ocrx_word' id='word_1_114' title='bbox 510 1417 602 1471; x_wconf 79' lang='grc' dir='ltr'>οὖν</span> <span class='ocrx_word' id='word_1_115' title='bbox 644 1419 673 1473; x_wconf 97' lang='lat'><strong>6</strong></span> <span class='ocrx_word' id='word_1_116' title='bbox 704 1416 848 1478; x_wconf 80' lang='grc' dir='ltr'>ὅσιος</span> <span class='ocrx_word' id='word_1_117' title='bbox 880 1416 1038 1495; x_wconf 73' lang='grc' dir='ltr'>ἤρετο</span> <span class='ocrx_word' id='word_1_118' title='bbox 1076 1420 1186 1496; x_wconf 81' lang='grc' dir='ltr'>περὶ</span> <span class='ocrx_word' id='word_1_119' title='bbox 1246 1425 1339 1476; x_wconf 88' lang='grc' dir='ltr'><strong>τοῦ</strong></span> <span class='ocrx_word' id='word_1_120' title='bbox 1381 1421 1432 1475; x_wconf 90' lang='grc' dir='ltr'><strong>τί</strong></span> <span class='ocrx_word' id='word_1_121' title='bbox 1488 1417 1687 1488; x_wconf 82' lang='grc' dir='ltr'>δήποτε</span> <span class='ocrx_word' id='word_1_122' title='bbox 1750 1440 1917 1483; x_wconf 79' lang='grc' dir='ltr'>ποιη-</span> 
     </span>
    </p>
   </div>
   <div class='ocr_carea' id='block_1_18' title="bbox 266 1504 1919 1587">
    <p class='ocr_par' dir='ltr' id='par_1_18' title="bbox 266 1504 1919 1587">
     <span class='ocr_line' id='line_1_18' title="bbox 266 1504 1919 1587; baseline 0 -26"><span class='ocrx_word' id='word_1_123' title='bbox 266 1504 388 1561; x_wconf 76' lang='grc' dir='ltr'>τέον</span> <span class='ocrx_word' id='word_1_124' title='bbox 430 1507 650 1570; x_wconf 72' lang='grc' dir='ltr'>αὒτοϊς.</span> <span class='ocrx_word' id='word_1_125' title='bbox 709 1509 809 1564; x_wconf 80' lang='grc' dir='ltr'><strong>Καὶ</strong></span> <span class='ocrx_word' id='word_1_126' title='bbox 864 1506 923 1571; x_wconf 80' lang='grc' dir='ltr'><strong>ὅς</strong></span> <span class='ocrx_word' id='word_1_127' title='bbox 977 1509 1109 1584; x_wconf 79' lang='grc' dir='ltr'>πρὸς</span> <span class='ocrx_word' id='word_1_128' title='bbox 1187 1511 1367 1587; x_wconf 67' lang='grc' dir='ltr'>αὐτὸν,</span> <span class='ocrx_word' id='word_1_129' title='bbox 1425 1509 1455 1564; x_wconf 77' lang='grc' dir='ltr'>ὃ</span> <span class='ocrx_word' id='word_1_130' title='bbox 1512 1509 1758 1565; x_wconf 70' lang='grc' dir='ltr'>κάκεῖνον</span> <span class='ocrx_word' id='word_1_131' title='bbox 1817 1504 1919 1562; x_wconf 78' lang='grc' dir='ltr'>ἔδει</span> 
     </span>
    </p>
   </div>
   <div class='ocr_carea' id='block_1_19' title="bbox 262 1594 1915 1676">
    <p class='ocr_par' dir='ltr' id='par_1_19' title="bbox 262 1594 1915 1676">
     <span class='ocr_line' id='line_1_19' title="bbox 262 1594 1915 1676; baseline -0.001 -25"><span class='ocrx_word' id='word_1_132' title='bbox 262 1594 486 1659; x_wconf 68' lang='grc' dir='ltr'>πάντως</span> <span class='ocrx_word' id='word_1_133' title='bbox 538 1598 737 1675; x_wconf 71' lang='grc' dir='ltr'>εἰπεῖν,</span> <span class='ocrx_word' id='word_1_134' title='bbox 800 1596 893 1652; x_wconf 69' lang='grc' dir='ltr'><strong>.ιαῖ</strong></span> <span class='ocrx_word' id='word_1_135' title='bbox 956 1596 1140 1653; x_wconf 78' lang='grc' dir='ltr'>τοῦτον</span> <span class='ocrx_word' id='word_1_136' title='bbox 1184 1597 1430 1665; x_wconf 82' lang='grc' dir='ltr'>ἀκοῦσαι,</span> <span class='ocrx_word' id='word_1_137' title='bbox 1464 1599 1524 1656; x_wconf 87' lang='grc' dir='ltr'>Τί</span> <span class='ocrx_word' id='word_1_138' title='bbox 1553 1598 1676 1675; x_wconf 81' lang='grc' dir='ltr'>γὰρ,</span> <span class='ocrx_word' id='word_1_139' title='bbox 1733 1596 1915 1676; x_wconf 78' lang='grc' dir='ltr'>φησὶν,</span> 
     </span>
    </p>
   </div>
   <div class='ocr_carea' id='block_1_20' title="bbox 262 1683 1918 1764">
    <p class='ocr_par' dir='ltr' id='par_1_20' title="bbox 262 1683 1918 1764">
     <span class='ocr_line' id='line_1_20' title="bbox 262 1683 1918 1764; baseline 0.001 -26"><span class='ocrx_word' id='word_1_140' title='bbox 262 1686 310 1738; x_wconf 78' lang='grc' dir='ltr'>ὦ</span> <span class='ocrx_word' id='word_1_141' title='bbox 351 1684 552 1764; x_wconf 65' lang='grc' dir='ltr'>Πάτερ,</span> <span class='ocrx_word' id='word_1_142' title='bbox 583 1687 672 1742; x_wconf 81' lang='grc' dir='ltr'>καὶ</span> <span class='ocrx_word' id='word_1_143' title='bbox 701 1684 853 1763; x_wconf 71' lang='grc' dir='ltr'>ἤρου.</span> <span class='ocrx_word' id='word_1_144' title='bbox 912 1687 971 1744; x_wconf 87' lang='grc' dir='ltr'>Τί</span> <span class='ocrx_word' id='word_1_145' title='bbox 1014 1683 1068 1740; x_wconf 77' lang='grc' dir='ltr'><strong>δὲ</strong></span> <span class='ocrx_word' id='word_1_146' title='bbox 1120 1684 1253 1743; x_wconf 79' lang='grc' dir='ltr'>ἄλλο</span> <span class='ocrx_word' id='word_1_147' title='bbox 1286 1686 1539 1753; x_wconf 77' lang='grc' dir='ltr'>ποιητέον</span> <span class='ocrx_word' id='word_1_148' title='bbox 1572 1688 1658 1742; x_wconf 84' lang='grc' dir='ltr'><strong>καὶ</strong></span> <span class='ocrx_word' id='word_1_149' title='bbox 1688 1684 1918 1759; x_wconf 86' lang='grc' dir='ltr'>μάλιστα</span> 
     </span>
    </p>
   </div>
   <div class='ocr_carea' id='block_1_21' title="bbox 266 1759 1979 1855">
    <p class='ocr_par' dir='ltr' id='par_1_21' title="bbox 266 1759 1979 1855">
     <span class='ocr_line' id='line_1_21' title="bbox 266 1759 1979 1855; baseline 0.001 -27"><span class='ocrx_word' id='word_1_150' title='bbox 266 1775 347 1828; x_wconf 74' lang='grc' dir='ltr'><strong>σοὶ</strong></span> <span class='ocrx_word' id='word_1_151' title='bbox 375 1773 413 1840; x_wconf 78' lang='grc' dir='ltr'><strong>ἢ</strong></span> <span class='ocrx_word' id='word_1_152' title='bbox 446 1759 841 1845; x_wconf 45' lang='grc' dir='ltr'>τὸν-ζωοδότην</span> <span class='ocrx_word' id='word_1_153' title='bbox 898 1774 1217 1842; x_wconf 75' lang='grc' dir='ltr'>ἒπικλητὲον</span> <span class='ocrx_word' id='word_1_154' title='bbox 1276 1777 1521 1855; x_wconf 82' lang='grc' dir='ltr'>Χριστὸν,</span> <span class='ocrx_word' id='word_1_155' title='bbox 1560 1775 1617 1839; x_wconf 83' lang='grc' dir='ltr'><strong>ὅς</strong></span> <span class='ocrx_word' id='word_1_156' title='bbox 1665 1773 1769 1842; x_wconf 71' lang='grc' dir='ltr'><strong>ἤδη</strong></span> <span class='ocrx_word' id='word_1_157' title='bbox 1823 1773 1920 1830; x_wconf 77' lang='grc' dir='ltr'>καί</span> <span class='ocrx_word' id='word_1_158' title='bbox 1942 1759 1979 1809; x_wconf 70' lang='grc' dir='ltr'><strong>Β</strong></span> 
     </span>
    </p>
   </div>
   <div class='ocr_carea' id='block_1_22' title="bbox 265 1860 1913 1943">
    <p class='ocr_par' dir='ltr' id='par_1_22' title="bbox 265 1860 1913 1943">
     <span class='ocr_line' id='line_1_22' title="bbox 265 1860 1913 1943; baseline 0.001 -27"><span class='ocrx_word' id='word_1_159' title='bbox 265 1860 322 1916; x_wconf 76' lang='grc' dir='ltr'>ἐκ</span> <span class='ocrx_word' id='word_1_160' title='bbox 367 1861 588 1918; x_wconf 79' lang='grc' dir='ltr'>πολλῶν</span> <span class='ocrx_word' id='word_1_161' title='bbox 649 1862 812 1930; x_wconf 76' lang='grc' dir='ltr'>δῆλος</span> <span class='ocrx_word' id='word_1_162' title='bbox 872 1866 1055 1943; x_wconf 80' lang='grc' dir='ltr'>γέγονε</span> <span class='ocrx_word' id='word_1_163' title='bbox 1113 1872 1219 1920; x_wconf 81' lang='grc' dir='ltr'><strong>τῶν</strong></span> <span class='ocrx_word' id='word_1_164' title='bbox 1279 1867 1386 1923; x_wconf 78' lang='grc' dir='ltr'><strong>σῶν</strong></span> <span class='ocrx_word' id='word_1_165' title='bbox 1444 1864 1652 1922; x_wconf 80' lang='grc' dir='ltr'>ἀκούειν</span> <span class='ocrx_word' id='word_1_166' title='bbox 1716 1865 1913 1943; x_wconf 77' lang='grc' dir='ltr'>εῦχῶν,</span> 
     </span>
    </p>
   </div>
   <div class='ocr_carea' id='block_1_23' title="bbox 267 1950 1911 2032">
    <p class='ocr_par' dir='ltr' id='par_1_23' title="bbox 267 1950 1911 2032">
     <span class='ocr_line' id='line_1_23' title="bbox 267 1950 1911 2032; baseline 0.002 -26"><span class='ocrx_word' id='word_1_167' title='bbox 267 1950 441 2013; x_wconf 75' lang='grc' dir='ltr'>ἄλλως</span> <span class='ocrx_word' id='word_1_168' title='bbox 504 1973 563 2009; x_wconf 86' lang='grc' dir='ltr'><strong>τε</strong></span> <span class='ocrx_word' id='word_1_169' title='bbox 622 1950 677 2007; x_wconf 78' lang='grc' dir='ltr'><strong>δὲ</strong></span> <span class='ocrx_word' id='word_1_170' title='bbox 736 1955 822 2008; x_wconf 74' lang='grc' dir='ltr'><strong>καὶ</strong></span> <span class='ocrx_word' id='word_1_171' title='bbox 913 1954 956 2008; x_wconf 83' lang='grc' dir='ltr'>εἱ</span> <span class='ocrx_word' id='word_1_172' title='bbox 1022 1953 1267 2030; x_wconf 81' lang='grc' dir='ltr'>βασιλεὺς</span> <span class='ocrx_word' id='word_1_173' title='bbox 1325 1953 1410 2012; x_wconf 77' lang='grc' dir='ltr'><strong>διὰ</strong></span> <span class='ocrx_word' id='word_1_174' title='bbox 1465 1956 1559 2011; x_wconf 86' lang='grc' dir='ltr'><strong>σοῦ</strong></span> <span class='ocrx_word' id='word_1_175' title='bbox 1629 1953 1911 2032; x_wconf 82' lang='grc' dir='ltr'>σέσωσται,</span> 
     </span>
    </p>
   </div>
   <div class='ocr_carea' id='block_1_24' title="bbox 268 2039 1766 2121">
    <p class='ocr_par' dir='ltr' id='par_1_24' title="bbox 268 2039 1766 2121">
     <span class='ocr_line' id='line_1_24' title="bbox 268 2039 1766 2121; baseline 0.002 -25"><span class='ocrx_word' id='word_1_176' title='bbox 268 2039 495 2106; x_wconf 79' lang='grc' dir='ltr'>πένητες</span> <span class='ocrx_word' id='word_1_177' title='bbox 526 2040 698 2109; x_wconf 75' lang='grc' dir='ltr'>δήπου</span> <span class='ocrx_word' id='word_1_178' title='bbox 729 2041 824 2098; x_wconf 79' lang='grc' dir='ltr'>καῗ</span> <span class='ocrx_word' id='word_1_179' title='bbox 856 2039 1027 2107; x_wconf 75' lang='grc' dir='ltr'>ἄδοξοι</span> <span class='ocrx_word' id='word_1_180' title='bbox 1057 2043 1347 2121; x_wconf 83' lang='grc' dir='ltr'>παροπτέοι</span> <span class='ocrx_word' id='word_1_181' title='bbox 1381 2046 1713 2120; x_wconf 77' lang='grc' dir='ltr'>κριθήσονται</span> <span class='ocrx_word' id='word_1_182' title='bbox 1749 2065 1766 2116; x_wconf 87' lang='grc'><strong>;</strong></span> 
     </span>
    </p>
   </div>
   <div class='ocr_carea' id='block_1_25' title="bbox 351 2128 1915 2212">
    <p class='ocr_par' dir='ltr' id='par_1_25' title="bbox 351 2128 1915 2212">
     <span class='ocr_line' id='line_1_25' title="bbox 351 2128 1915 2212; baseline 0.004 -26"><span class='ocrx_word' id='word_1_183' title='bbox 351 2128 459 2186; x_wconf 65' lang='grc' dir='ltr'>κε’</span> <span class='ocrx_word' id='word_1_184' title='bbox 474 2177 488 2190; x_wconf 91' lang='grc'>.</span> <span class='ocrx_word' id='word_1_185' title='bbox 525 2131 763 2187; x_wconf 84' lang='grc' dir='ltr'>Πείθεται</span> <span class='ocrx_word' id='word_1_186' title='bbox 822 2137 892 2207; x_wconf 80' lang='grc' dir='ltr'><strong>τῇ</strong></span> <span class='ocrx_word' id='word_1_187' title='bbox 933 2131 1193 2208; x_wconf 72' lang='grc' dir='ltr'>καλλίστῃ</span> <span class='ocrx_word' id='word_1_188' title='bbox 1253 2133 1524 2211; x_wconf 78' lang='grc' dir='ltr'>συμϐουλῇ</span> <span class='ocrx_word' id='word_1_189' title='bbox 1552 2137 1580 2190; x_wconf 87' lang='lat'><strong>6</strong></span> <span class='ocrx_word' id='word_1_190' title='bbox 1610 2134 1915 2212; x_wconf 77' lang='grc' dir='ltr'>ἀρχιερεὺς,</span> 
     </span>
    </p>
   </div>
   <div class='ocr_carea' id='block_1_26' title="bbox 265 2218 1916 2301">
    <p class='ocr_par' dir='ltr' id='par_1_26' title="bbox 265 2218 1916 2301">
     <span class='ocr_line' id='line_1_26' title="bbox 265 2218 1916 2301; baseline 0.002 -27"><span class='ocrx_word' id='word_1_191' title='bbox 265 2219 354 2274; x_wconf 79' lang='grc' dir='ltr'>καὶ</span> <span class='ocrx_word' id='word_1_192' title='bbox 414 2219 589 2292; x_wconf 65' lang='grc' dir='ltr'>οἶκτον</span> <span class='ocrx_word' id='word_1_193' title='bbox 630 2218 1024 2299; x_wconf 82' lang='grc' dir='ltr'>διαθερμανθεὶς</span> <span class='ocrx_word' id='word_1_194' title='bbox 1096 2223 1197 2289; x_wconf 76' lang='grc' dir='ltr'>τὴν</span> <span class='ocrx_word' id='word_1_195' title='bbox 1253 2221 1490 2301; x_wconf 78' lang='grc' dir='ltr'>καρδίαν,</span> <span class='ocrx_word' id='word_1_196' title='bbox 1535 2223 1815 2284; x_wconf 77' lang='grc' dir='ltr'>ὁπόπλεώς</span> <span class='ocrx_word' id='word_1_197' title='bbox 1860 2244 1916 2278; x_wconf 88' lang='grc' dir='ltr'><strong>τε</strong></span> 
     </span>
    </p>
   </div>
   <div class='ocr_carea' id='block_1_27' title="bbox 261 2308 1916 2390">
    <p class='ocr_par' dir='ltr' id='par_1_27' title="bbox 261 2308 1916 2390">
     <span class='ocr_line' id='line_1_27' title="bbox 261 2308 1916 2390; baseline 0.004 -28"><span class='ocrx_word' id='word_1_198' title='bbox 261 2309 385 2371; x_wconf 72' lang='grc' dir='ltr'>τοὺς</span> <span class='ocrx_word' id='word_1_199' title='bbox 438 2308 743 2385; x_wconf 60' lang='grc' dir='ltr'>ὀφθαλμοὺς</span> <span class='ocrx_word' id='word_1_200' title='bbox 834 2308 1071 2387; x_wconf 77' lang='grc' dir='ltr'>δακρύων</span> <span class='ocrx_word' id='word_1_201' title='bbox 1158 2318 1466 2390; x_wconf 79' lang='grc' dir='ltr'>γενόμενος,</span> <span class='ocrx_word' id='word_1_202' title='bbox 1543 2312 1743 2376; x_wconf 80' lang='grc' dir='ltr'>κλιθεὶς</span> <span class='ocrx_word' id='word_1_203' title='bbox 1799 2325 1916 2377; x_wconf 80' lang='grc' dir='ltr'>τοῖς</span> 
     </span>
    </p>
   </div>
   <div class='ocr_carea' id='block_1_28' title="bbox 263 2397 1912 2481">
    <p class='ocr_par' dir='ltr' id='par_1_28' title="bbox 263 2397 1912 2481">
     <span class='ocr_line' id='line_1_28' title="bbox 263 2397 1912 2481; baseline 0.003 -30"><span class='ocrx_word' id='word_1_204' title='bbox 263 2397 487 2472; x_wconf 80' lang='grc' dir='ltr'>γόνασιν</span> <span class='ocrx_word' id='word_1_205' title='bbox 536 2398 623 2455; x_wconf 76' lang='grc' dir='ltr'><strong>ἐπὶ</strong></span> <span class='ocrx_word' id='word_1_206' title='bbox 694 2404 824 2477; x_wconf 75' lang='grc' dir='ltr'>γῆν,</span> <span class='ocrx_word' id='word_1_207' title='bbox 902 2402 988 2455; x_wconf 78' lang='grc' dir='ltr'><strong>καὶ</strong></span> <span class='ocrx_word' id='word_1_208' title='bbox 1062 2398 1332 2481; x_wconf 76' lang='grc' dir='ltr'>δάκρυσιν,</span> <span class='ocrx_word' id='word_1_209' title='bbox 1388 2401 1549 2468; x_wconf 70' lang='grc' dir='ltr'>αὑτὴν</span> <span class='ocrx_word' id='word_1_210' title='bbox 1618 2398 1912 2476; x_wconf 75' lang='grc' dir='ltr'>διαϐρὲξας,</span> 
     </span>
    </p>
   </div>
   <div class='ocr_carea' id='block_1_29' title="bbox 261 2485 1920 2569">
    <p class='ocr_par' dir='ltr' id='par_1_29' title="bbox 261 2485 1920 2569">
     <span class='ocr_line' id='line_1_29' title="bbox 261 2485 1920 2569; baseline 0.003 -28"><span class='ocrx_word' id='word_1_211' title='bbox 261 2485 364 2560; x_wconf 78' lang='grc' dir='ltr'><strong>βοᾷ</strong></span> <span class='ocrx_word' id='word_1_212' title='bbox 422 2487 560 2542; x_wconf 61' lang='grc' dir='ltr'>πάν)</span> <span class='ocrx_word' id='word_1_213' title='bbox 604 2490 796 2562; x_wconf 69' lang='grc' dir='ltr'>θεσμὸν</span> <span class='ocrx_word' id='word_1_214' title='bbox 826 2510 876 2544; x_wconf 90' lang='grc' dir='ltr'><strong>τι</strong></span> <span class='ocrx_word' id='word_1_215' title='bbox 920 2489 1007 2544; x_wconf 86' lang='grc' dir='ltr'><strong>καὶ</strong></span> <span class='ocrx_word' id='word_1_216' title='bbox 1062 2492 1342 2569; x_wconf 75' lang='grc' dir='ltr'>πεπονθὸς,</span> <span class='ocrx_word' id='word_1_217' title='bbox 1397 2495 1485 2547; x_wconf 81' lang='grc' dir='ltr'><strong>καὶ</strong></span> <span class='ocrx_word' id='word_1_218' title='bbox 1533 2498 1756 2566; x_wconf 81' lang='grc' dir='ltr'>Χριστοῦ</span> <span class='ocrx_word' id='word_1_219' title='bbox 1798 2488 1920 2546; x_wconf 82' lang='grc' dir='ltr'>δεῖ-</span> 
     </span>
    </p>
   </div>
   <div class='ocr_carea' id='block_1_30' title="bbox 264 2575 1921 2657">
    <p class='ocr_par' dir='ltr' id='par_1_30' title="bbox 264 2575 1921 2657">
     <span class='ocr_line' id='line_1_30' title="bbox 264 2575 1921 2657; baseline 0.005 -28"><span class='ocrx_word' id='word_1_220' title='bbox 264 2595 348 2629; x_wconf 86' lang='grc' dir='ltr'><strong>ται</strong></span> <span class='ocrx_word' id='word_1_221' title='bbox 410 2575 795 2655; x_wconf 69' lang='grc' dir='ltr'>φιλανθρώπως</span> <span class='ocrx_word' id='word_1_222' title='bbox 842 2585 934 2634; x_wconf 84' lang='grc' dir='ltr'><strong>τοῦ</strong></span> <span class='ocrx_word' id='word_1_223' title='bbox 980 2578 1202 2655; x_wconf 80' lang='grc' dir='ltr'>ἀγαθοῦ,</span> <span class='ocrx_word' id='word_1_224' title='bbox 1251 2580 1318 2647; x_wconf 78' lang='grc' dir='ltr'><strong>τῆ</strong></span> <span class='ocrx_word' id='word_1_225' title='bbox 1363 2579 1685 2657; x_wconf 77' lang='grc' dir='ltr'>ταλαιπώρῳ</span> <span class='ocrx_word' id='word_1_226' title='bbox 1714 2582 1921 2656; x_wconf 88' lang='grc' dir='ltr'>γυναικὶ</span> 
     </span>
    </p>
   </div>
   <div class='ocr_carea' id='block_1_31' title="bbox 264 2665 1920 2747">
    <p class='ocr_par' dir='ltr' id='par_1_31' title="bbox 264 2665 1920 2747">
     <span class='ocr_line' id='line_1_31' title="bbox 264 2665 1920 2747; baseline 0.002 -28"><span class='ocrx_word' id='word_1_227' title='bbox 264 2666 356 2719; x_wconf 79' lang='grc' dir='ltr'>τὸν</span> <span class='ocrx_word' id='word_1_228' title='bbox 411 2665 582 2723; x_wconf 77' lang='grc' dir='ltr'>παῖδα</span> <span class='ocrx_word' id='word_1_229' title='bbox 638 2674 875 2747; x_wconf 83' lang='grc' dir='ltr'>ζωῶσαι,</span> <span class='ocrx_word' id='word_1_230' title='bbox 924 2671 1011 2724; x_wconf 87' lang='grc' dir='ltr'><strong>καὶ</strong></span> <span class='ocrx_word' id='word_1_231' title='bbox 1067 2668 1272 2747; x_wconf 81' lang='grc' dir='ltr'>μητέρα</span> <span class='ocrx_word' id='word_1_232' title='bbox 1323 2668 1491 2735; x_wconf 76' lang='grc' dir='ltr'>δεῖξαι</span> <span class='ocrx_word' id='word_1_233' title='bbox 1522 2671 1657 2725; x_wconf 82' lang='grc' dir='ltr'><strong>κατά</strong></span> <span class='ocrx_word' id='word_1_234' title='bbox 1696 2672 1756 2725; x_wconf 81' lang='grc' dir='ltr'>τὸ</span> <span class='ocrx_word' id='word_1_235' title='bbox 1787 2669 1920 2745; x_wconf 78' lang='grc' dir='ltr'>ἱερὸν</span> 
     </span>
    </p>
   </div>
   <div class='ocr_carea' id='block_1_32' title="bbox 268 2751 1922 2836">
    <p class='ocr_par' dir='ltr' id='par_1_32' title="bbox 268 2751 1922 2836">
     <span class='ocr_line' id='line_1_32' title="bbox 268 2751 1922 2836; baseline 0.001 -26"><span class='ocrx_word' id='word_1_236' title='bbox 268 2751 473 2831; x_wconf 80' lang='grc' dir='ltr'>λόγιον,</span> <span class='ocrx_word' id='word_1_237' title='bbox 562 2757 649 2814; x_wconf 77' lang='grc' dir='ltr'>ἐπὶ</span> <span class='ocrx_word' id='word_1_238' title='bbox 726 2758 888 2814; x_wconf 82' lang='grc' dir='ltr'>τέκνα</span> <span class='ocrx_word' id='word_1_239' title='bbox 956 2758 1400 2836; x_wconf 65' lang='grc' dir='ltr'>εὖφραινομὲνην,</span> <span class='ocrx_word' id='word_1_240' title='bbox 1476 2758 1535 2816; x_wconf 89' lang='grc'>’0</span> <span class='ocrx_word' id='word_1_241' title='bbox 1615 2761 1782 2814; x_wconf 85' lang='grc' dir='ltr'>τοίνυν</span> <span class='ocrx_word' id='word_1_242' title='bbox 1856 2754 1922 2811; x_wconf 80' lang='grc' dir='ltr'>δι’</span> 
     </span>
    </p>
   </div>
   <div class='ocr_carea' id='block_1_33' title="bbox 269 2841 1923 2928">
    <p class='ocr_par' dir='ltr' id='par_1_33' title="bbox 269 2841 1923 2928">
     <span class='ocr_line' id='line_1_33' title="bbox 269 2841 1923 2928; baseline 0.005 -29"><span class='ocrx_word' id='word_1_243' title='bbox 269 2841 576 2903; x_wconf 78' lang='grc' dir='ltr'>Ἐλισσαίου</span> <span class='ocrx_word' id='word_1_244' title='bbox 634 2849 717 2902; x_wconf 68' lang='grc' dir='ltr'><strong>καὶ</strong></span> <span class='ocrx_word' id='word_1_245' title='bbox 767 2846 954 2903; x_wconf 86' lang='grc' dir='ltr'>Ἠλιοῦ</span> <span class='ocrx_word' id='word_1_246' title='bbox 996 2856 1071 2921; x_wconf 79' lang='grc' dir='ltr'>τῷ</span> <span class='ocrx_word' id='word_1_247' title='bbox 1115 2855 1212 2913; x_wconf 79' lang='grc' dir='ltr'>τῆς</span> <span class='ocrx_word' id='word_1_248' title='bbox 1266 2851 1563 2928; x_wconf 74' lang='grc' dir='ltr'>Σαραφθίας</span> <span class='ocrx_word' id='word_1_249' title='bbox 1623 2846 1772 2904; x_wconf 87' lang='grc' dir='ltr'>παιδί</span> <span class='ocrx_word' id='word_1_250' title='bbox 1836 2852 1923 2907; x_wconf 77' lang='grc' dir='ltr'><strong>καὶ</strong></span> 
     </span>
    </p>
   </div>
   <div class='ocr_carea' id='block_1_34' title="bbox 280 2935 1922 3017">
    <p class='ocr_par' dir='ltr' id='par_1_34' title="bbox 280 2935 1922 3017">
     <span class='ocr_line' id='line_1_34' title="bbox 280 2935 1922 3017; baseline 0.002 -27"><span class='ocrx_word' id='word_1_251' title='bbox 280 2939 371 3000; x_wconf 61' lang='grc' dir='ltr'>τῆς</span> <span class='ocrx_word' id='word_1_252' title='bbox 419 2935 788 3010; x_wconf 79' lang='grc' dir='ltr'>Σωμανίτιδος</span> <span class='ocrx_word' id='word_1_253' title='bbox 847 2938 1014 3004; x_wconf 78' lang='grc' dir='ltr'>πνοὴν</span> <span class='ocrx_word' id='word_1_254' title='bbox 1060 2937 1232 3000; x_wconf 70' lang='grc' dir='ltr'>ἐνθεῖς</span> <span class='ocrx_word' id='word_1_255' title='bbox 1288 2941 1375 2994; x_wconf 80' lang='grc' dir='ltr'><strong>καὶ</strong></span> <span class='ocrx_word' id='word_1_256' title='bbox 1432 2941 1492 2994; x_wconf 83' lang='grc' dir='ltr'>τὸ</span> <span class='ocrx_word' id='word_1_257' title='bbox 1535 2940 1630 3014; x_wconf 71' lang='grc' dir='ltr'><strong>ζῇν</strong></span> <span class='ocrx_word' id='word_1_258' title='bbox 1685 2937 1922 3017; x_wconf 79' lang='grc' dir='ltr'><strong>χαρισά⁶</strong></span> 
     </span>
    </p>
   </div>
   <div class='ocr_carea' id='block_1_35' title="bbox 288 3025 1923 3101">
    <p class='ocr_par' dir='ltr' id='par_1_35' title="bbox 288 3025 1923 3101">
     <span class='ocr_line' id='line_1_35' title="bbox 288 3025 1923 3101; baseline -0.001 -17"><span class='ocrx_word' id='word_1_259' title='bbox 288 3044 455 3097; x_wconf 73' lang='grc' dir='ltr'>μενος,</span> <span class='ocrx_word' id='word_1_260' title='bbox 509 3026 670 3087; x_wconf 73' lang='grc' dir='ltr'>αὐτὸς</span> <span class='ocrx_word' id='word_1_261' title='bbox 729 3025 893 3082; x_wconf 83' lang='grc' dir='ltr'>πάλιν</span> <span class='ocrx_word' id='word_1_262' title='bbox 950 3029 1036 3083; x_wconf 84' lang='grc' dir='ltr'><strong>καὶ</strong></span> <span class='ocrx_word' id='word_1_263' title='bbox 1095 3026 1424 3101; x_wconf 79' lang='grc' dir='ltr'>Σπυρίδωνος</span> <span class='ocrx_word' id='word_1_264' title='bbox 1479 3026 1661 3097; x_wconf 70' lang='grc' dir='ltr'>ἤκουε,</span> <span class='ocrx_word' id='word_1_265' title='bbox 1729 3027 1815 3082; x_wconf 87' lang='grc' dir='ltr'><strong>καὶ</strong></span> <span class='ocrx_word' id='word_1_266' title='bbox 1862 3028 1923 3082; x_wconf 82' lang='grc' dir='ltr'>τὸ</span> 
     </span>
    </p>
   </div>
   <div class='ocr_carea' id='block_1_36' title="bbox 2000 697 3640 776">
    <p class='ocr_par' dir='ltr' id='par_1_36' title="bbox 2000 697 3640 776">
     <span class='ocr_line' id='line_1_36' title="bbox 2000 697 3640 776; baseline 0.002 -20"><span class='ocrx_word' id='word_1_267' title='bbox 2000 704 2275 756; x_wconf 82' lang='lat' dir='ltr'><strong>conatum</strong></span> <span class='ocrx_word' id='word_1_268' title='bbox 2309 697 2736 776; x_wconf 84' lang='lat' dir='ltr'><strong>impudentem.</strong></span> <span class='ocrx_word' id='word_1_269' title='bbox 2769 699 3059 772; x_wconf 83' lang='lat' dir='ltr'><strong>Quocirca</strong></span> <span class='ocrx_word' id='word_1_270' title='bbox 3102 699 3303 761; x_wconf 81' lang='lat' dir='ltr'><strong>statuit</strong></span> <span class='ocrx_word' id='word_1_271' title='bbox 3348 697 3640 760; x_wconf 85' lang='lat' dir='ltr'><strong>adhibere</strong></span> 
     </span>
    </p>
   </div>
   <div class='ocr_carea' id='block_1_37' title="bbox 2001 785 3637 870">
    <p class='ocr_par' dir='ltr' id='par_1_37' title="bbox 2001 785 3637 870">
     <span class='ocr_line' id='line_1_37' title="bbox 2001 785 3637 870; baseline 0.001 -24"><span class='ocrx_word' id='word_1_272' title='bbox 2001 785 2061 846; x_wconf 89' lang='lat' dir='ltr'><strong>in</strong></span> <span class='ocrx_word' id='word_1_273' title='bbox 2092 786 2405 847; x_wconf 84' lang='lat' dir='ltr'><strong>consilium</strong></span> <span class='ocrx_word' id='word_1_274' title='bbox 2440 808 2621 850; x_wconf 89' lang='lat' dir='ltr'><strong>unum</strong></span> <span class='ocrx_word' id='word_1_275' title='bbox 2646 809 2713 852; x_wconf 83' lang='lat' dir='ltr'><strong>ex</strong></span> <span class='ocrx_word' id='word_1_276' title='bbox 2738 789 2942 870; x_wconf 84' lang='lat' dir='ltr'><strong>iis,qui</strong></span> <span class='ocrx_word' id='word_1_277' title='bbox 2976 797 3145 851; x_wconf 90' lang='lat' dir='ltr'><strong>erant</strong></span> <span class='ocrx_word' id='word_1_278' title='bbox 3174 807 3402 852; x_wconf 85' lang='lat' dir='ltr'><strong>secum.</strong></span> <span class='ocrx_word' id='word_1_279' title='bbox 3440 790 3494 851; x_wconf 88' lang='lat' dir='ltr'><strong>Is</strong></span> <span class='ocrx_word' id='word_1_280' title='bbox 3523 805 3637 849; x_wconf 87' lang='lat' dir='ltr'><strong>au-</strong></span> 
     </span>
    </p>
   </div>
   <div class='ocr_carea' id='block_1_38' title="bbox 2005 876 3639 959">
    <p class='ocr_par' dir='ltr' id='par_1_38' title="bbox 2005 876 3639 959">
     <span class='ocr_line' id='line_1_38' title="bbox 2005 876 3639 959; baseline 0.002 -25"><span class='ocrx_word' id='word_1_281' title='bbox 2005 882 2119 935; x_wconf 94' lang='lat' dir='ltr'><strong>tem</strong></span> <span class='ocrx_word' id='word_1_282' title='bbox 2153 884 2280 936; x_wconf 88' lang='lat' dir='ltr'><strong>erat</strong></span> <span class='ocrx_word' id='word_1_283' title='bbox 2301 878 2735 949; x_wconf 85' lang='lat' dir='ltr'><strong>Artemidorus,</strong></span> <span class='ocrx_word' id='word_1_284' title='bbox 2771 880 2869 959; x_wconf 87' lang='lat' dir='ltr'><strong>qui</strong></span> <span class='ocrx_word' id='word_1_285' title='bbox 2898 881 3017 953; x_wconf 85' lang='lat' dir='ltr'><strong>jam</strong></span> <span class='ocrx_word' id='word_1_286' title='bbox 3060 887 3186 940; x_wconf 90' lang='lat' dir='ltr'><strong>erat</strong></span> <span class='ocrx_word' id='word_1_287' title='bbox 3208 878 3516 952; x_wconf 86' lang='lat' dir='ltr'><strong>diaconus,</strong></span> <span class='ocrx_word' id='word_1_288' title='bbox 3550 876 3639 938; x_wconf 81' lang='lat' dir='ltr'><strong>vir</strong></span> 
     </span>
    </p>
   </div>
   <div class='ocr_carea' id='block_1_39' title="bbox 2001 963 3640 1049">
    <p class='ocr_par' dir='ltr' id='par_1_39' title="bbox 2001 963 3640 1049">
     <span class='ocr_line' id='line_1_39' title="bbox 2001 963 3640 1049; baseline 0.003 -25"><span class='ocrx_word' id='word_1_289' title='bbox 2001 963 2105 1039; x_wconf 86' lang='lat' dir='ltr'><strong>qui</strong></span> <span class='ocrx_word' id='word_1_290' title='bbox 2136 966 2335 1027; x_wconf 87' lang='lat' dir='ltr'><strong>omnia</strong></span> <span class='ocrx_word' id='word_1_291' title='bbox 2366 968 2602 1045; x_wconf 81' lang='lat' dir='ltr'><strong>quidem</strong></span> <span class='ocrx_word' id='word_1_292' title='bbox 2626 969 2944 1045; x_wconf 78' lang='lat' dir='ltr'><strong>diligenter</strong></span> <span class='ocrx_word' id='word_1_293' title='bbox 2973 980 3482 1049; x_wconf 74' lang='lat' dir='ltr'><strong>exercuerat,qu</strong></span> <span class='ocrx_word' id='word_1_294' title='bbox 3506 986 3640 1047; x_wconf 86' lang='lat' dir='ltr'><strong>per-</strong></span> 
     </span>
    </p>
   </div>
   <div class='ocr_carea' id='block_1_40' title="bbox 2000 1055 3636 1122">
    <p class='ocr_par' dir='ltr' id='par_1_40' title="bbox 2000 1055 3636 1122">
     <span class='ocr_line' id='line_1_40' title="bbox 2000 1055 3636 1122; baseline 0.002 -7"><span class='ocrx_word' id='word_1_295' title='bbox 2000 1056 2193 1115; x_wconf 79' lang='lat' dir='ltr'><strong>tinent</strong></span> <span class='ocrx_word' id='word_1_296' title='bbox 2222 1056 2291 1116; x_wconf 84' lang='lat' dir='ltr'><strong>ad</strong></span> <span class='ocrx_word' id='word_1_297' title='bbox 2339 1059 2640 1119; x_wconf 84' lang='lat' dir='ltr'><strong>virtutem.</strong></span> <span class='ocrx_word' id='word_1_298' title='bbox 2693 1058 2853 1122; x_wconf 87' lang='lat' dir='ltr'><strong>Unus</strong></span> <span class='ocrx_word' id='word_1_299' title='bbox 2902 1078 3042 1121; x_wconf 91' lang='lat' dir='ltr'><strong>vero</strong></span> <span class='ocrx_word' id='word_1_300' title='bbox 3087 1059 3262 1119; x_wconf 90' lang='lat' dir='ltr'><strong>veluti</strong></span> <span class='ocrx_word' id='word_1_301' title='bbox 3295 1055 3636 1119; x_wconf 86' lang='lat' dir='ltr'><strong>communis</strong></span> 
     </span>
    </p>
   </div>
   <div class='ocr_carea' id='block_1_41' title="bbox 2002 1144 3635 1228">
    <p class='ocr_par' dir='ltr' id='par_1_41' title="bbox 2002 1144 3635 1228">
     <span class='ocr_line' id='line_1_41' title="bbox 2002 1144 3635 1228; baseline 0.004 -26"><span class='ocrx_word' id='word_1_302' title='bbox 2002 1144 2241 1223; x_wconf 88' lang='lat' dir='ltr'><strong>quidam</strong></span> <span class='ocrx_word' id='word_1_303' title='bbox 2266 1147 2431 1206; x_wconf 85' lang='lat' dir='ltr'><strong>color</strong></span> <span class='ocrx_word' id='word_1_304' title='bbox 2451 1148 3451 1228; x_wconf 70' lang='lat' dir='ltr'><strong>eratcontemperatusomnibus,ut</strong></span> <span class='ocrx_word' id='word_1_305' title='bbox 3474 1152 3635 1209; x_wconf 87' lang='lat' dir='ltr'><strong>recte</strong></span> 
     </span>
    </p>
   </div>
   <div class='ocr_carea' id='block_1_42' title="bbox 2002 1236 3636 1315">
    <p class='ocr_par' dir='ltr' id='par_1_42' title="bbox 2002 1236 3636 1315">
     <span class='ocr_line' id='line_1_42' title="bbox 2002 1236 3636 1315; baseline 0.003 -21"><span class='ocrx_word' id='word_1_306' title='bbox 2002 1252 2234 1313; x_wconf 79' lang='lat' dir='ltr'><strong>gerens,</strong></span> <span class='ocrx_word' id='word_1_307' title='bbox 2269 1236 2414 1296; x_wconf 86' lang='lat' dir='ltr'><strong>nulli</strong></span> <span class='ocrx_word' id='word_1_308' title='bbox 2444 1246 2601 1300; x_wconf 88' lang='lat' dir='ltr'><strong>esset</strong></span> <span class='ocrx_word' id='word_1_309' title='bbox 2633 1239 2877 1300; x_wconf 87' lang='lat' dir='ltr'><strong>omnino</strong></span> <span class='ocrx_word' id='word_1_310' title='bbox 2918 1239 3288 1300; x_wconf 81' lang='lat' dir='ltr'><strong>manifestus.</strong></span> <span class='ocrx_word' id='word_1_311' title='bbox 3316 1242 3460 1300; x_wconf 87' lang='lat' dir='ltr'><strong>Eum</strong></span> <span class='ocrx_word' id='word_1_312' title='bbox 3495 1256 3636 1315; x_wconf 77' lang='lat' dir='ltr'><strong>ergo</strong></span> 
     </span>
    </p>
   </div>
   <div class='ocr_carea' id='block_1_43' title="bbox 2003 1325 3637 1404">
    <p class='ocr_par' dir='ltr' id='par_1_43' title="bbox 2003 1325 3637 1404">
     <span class='ocr_line' id='line_1_43' title="bbox 2003 1325 3637 1404; baseline 0.002 -19"><span class='ocrx_word' id='word_1_313' title='bbox 2003 1325 2221 1403; x_wconf 79' lang='lat' dir='ltr'><strong>rogavit</strong></span> <span class='ocrx_word' id='word_1_314' title='bbox 2258 1335 2521 1404; x_wconf 80' lang='lat' dir='ltr'><strong>sanctus,</strong></span> <span class='ocrx_word' id='word_1_315' title='bbox 2553 1327 2695 1403; x_wconf 89' lang='lat' dir='ltr'><strong>quid</strong></span> <span class='ocrx_word' id='word_1_316' title='bbox 2726 1327 2814 1389; x_wconf 89' lang='lat' dir='ltr'><strong>eis</strong></span> <span class='ocrx_word' id='word_1_317' title='bbox 2846 1338 3004 1389; x_wconf 86' lang='lat' dir='ltr'><strong>esset</strong></span> <span class='ocrx_word' id='word_1_318' title='bbox 3033 1326 3506 1389; x_wconf 69' lang='lat' dir='ltr'><strong>faciendumllle</strong></span> <span class='ocrx_word' id='word_1_319' title='bbox 3537 1344 3637 1388; x_wconf 89' lang='lat' dir='ltr'><strong>au-</strong></span> 
     </span>
    </p>
   </div>
   <div class='ocr_carea' id='block_1_44' title="bbox 2005 1414 3638 1497">
    <p class='ocr_par' dir='ltr' id='par_1_44' title="bbox 2005 1414 3638 1497">
     <span class='ocr_line' id='line_1_44' title="bbox 2005 1414 3638 1497; baseline 0.002 -22"><span class='ocrx_word' id='word_1_320' title='bbox 2005 1422 2125 1475; x_wconf 89' lang='lat' dir='ltr'><strong>tem</strong></span> <span class='ocrx_word' id='word_1_321' title='bbox 2149 1414 2322 1481; x_wconf 76' lang='lat' dir='ltr'><strong>dixit.</strong></span> <span class='ocrx_word' id='word_1_322' title='bbox 2345 1417 2499 1496; x_wconf 89' lang='lat' dir='ltr'><strong>quod</strong></span> <span class='ocrx_word' id='word_1_323' title='bbox 2526 1417 2691 1478; x_wconf 92' lang='lat' dir='ltr'><strong>illum</strong></span> <span class='ocrx_word' id='word_1_324' title='bbox 2716 1418 2958 1478; x_wconf 88' lang='lat' dir='ltr'><strong>omnino</strong></span> <span class='ocrx_word' id='word_1_325' title='bbox 2980 1417 3292 1497; x_wconf 81' lang='lat' dir='ltr'><strong>oportebat</strong></span> <span class='ocrx_word' id='word_1_326' title='bbox 3319 1416 3545 1489; x_wconf 88' lang='lat' dir='ltr'><strong>dicere,</strong></span> <span class='ocrx_word' id='word_1_327' title='bbox 3578 1423 3638 1478; x_wconf 84' lang='lat' dir='ltr'><strong>et</strong></span> 
     </span>
    </p>
   </div>
   <div class='ocr_carea' id='block_1_45' title="bbox 2004 1504 3634 1587">
    <p class='ocr_par' dir='ltr' id='par_1_45' title="bbox 2004 1504 3634 1587">
     <span class='ocr_line' id='line_1_45' title="bbox 2004 1504 3634 1587; baseline 0.001 -23"><span class='ocrx_word' id='word_1_328' title='bbox 2004 1504 2160 1564; x_wconf 90' lang='lat' dir='ltr'><strong>hunc</strong></span> <span class='ocrx_word' id='word_1_329' title='bbox 2180 1504 2387 1566; x_wconf 89' lang='lat' dir='ltr'><strong>audire</strong></span> <span class='ocrx_word' id='word_1_330' title='bbox 2414 1525 2429 1566; x_wconf 88' lang='lat'><strong>:</strong></span> <span class='ocrx_word' id='word_1_331' title='bbox 2454 1505 2604 1578; x_wconf 89' lang='lat' dir='ltr'><strong>Quid</strong></span> <span class='ocrx_word' id='word_1_332' title='bbox 2638 1508 2863 1577; x_wconf 85' lang='lat' dir='ltr'><strong>enim,o</strong></span> <span class='ocrx_word' id='word_1_333' title='bbox 2894 1507 3093 1577; x_wconf 88' lang='lat' dir='ltr'><strong>Pater,</strong></span> <span class='ocrx_word' id='word_1_334' title='bbox 3128 1506 3339 1587; x_wconf 84' lang='lat' dir='ltr'><strong>inquit,</strong></span> <span class='ocrx_word' id='word_1_335' title='bbox 3372 1508 3634 1568; x_wconf 89' lang='lat' dir='ltr'><strong>interro-</strong></span> 
     </span>
    </p>
   </div>
   <div class='ocr_carea' id='block_1_46' title="bbox 2001 1593 3635 1672">
    <p class='ocr_par' dir='ltr' id='par_1_46' title="bbox 2001 1593 3635 1672">
     <span class='ocr_line' id='line_1_46' title="bbox 2001 1593 3635 1672; baseline 0.001 -18"><span class='ocrx_word' id='word_1_336' title='bbox 2001 1593 2197 1672; x_wconf 81' lang='lat' dir='ltr'><strong>gasti?</strong></span> <span class='ocrx_word' id='word_1_337' title='bbox 2246 1595 2398 1666; x_wconf 87' lang='lat' dir='ltr'><strong>Quid</strong></span> <span class='ocrx_word' id='word_1_338' title='bbox 2458 1604 2547 1657; x_wconf 90' lang='lat' dir='ltr'><strong>est</strong></span> <span class='ocrx_word' id='word_1_339' title='bbox 2601 1605 2795 1658; x_wconf 85' lang='lat' dir='ltr'><strong>autem</strong></span> <span class='ocrx_word' id='word_1_340' title='bbox 2826 1597 2986 1660; x_wconf 87' lang='lat' dir='ltr'><strong>aliud</strong></span> <span class='ocrx_word' id='word_1_341' title='bbox 3034 1596 3398 1664; x_wconf 86' lang='lat' dir='ltr'><strong>faciendum.</strong></span> <span class='ocrx_word' id='word_1_342' title='bbox 3443 1603 3503 1657; x_wconf 88' lang='lat' dir='ltr'><strong>et</strong></span> <span class='ocrx_word' id='word_1_343' title='bbox 3532 1595 3635 1656; x_wconf 87' lang='lat' dir='ltr'><strong>tibi</strong></span> 
     </span>
    </p>
   </div>
   <div class='ocr_carea' id='block_1_47' title="bbox 2004 1684 3636 1758">
    <p class='ocr_par' dir='ltr' id='par_1_47' title="bbox 2004 1684 3636 1758">
     <span class='ocr_line' id='line_1_47' title="bbox 2004 1684 3636 1758; baseline 0.002 -15"><span class='ocrx_word' id='word_1_344' title='bbox 2004 1686 2279 1754; x_wconf 74' lang='lat' dir='ltr'><strong>maxime,</strong></span> <span class='ocrx_word' id='word_1_345' title='bbox 2334 1685 2447 1747; x_wconf 88' lang='lat' dir='ltr'><strong>nisi</strong></span> <span class='ocrx_word' id='word_1_346' title='bbox 2503 1687 2775 1749; x_wconf 89' lang='lat' dir='ltr'><strong>Christus</strong></span> <span class='ocrx_word' id='word_1_347' title='bbox 2838 1688 2974 1749; x_wconf 65' lang='lat' dir='ltr'><strong>vitae</strong></span> <span class='ocrx_word' id='word_1_348' title='bbox 3023 1687 3192 1747; x_wconf 89' lang='lat' dir='ltr'><strong>dator</strong></span> <span class='ocrx_word' id='word_1_349' title='bbox 3246 1684 3636 1758; x_wconf 78' lang='lat' dir='ltr'><strong>invocandus,</strong></span> 
     </span>
    </p>
   </div>
   <div class='ocr_carea' id='block_1_48' title="bbox 2001 1774 3638 1853">
    <p class='ocr_par' dir='ltr' id='par_1_48' title="bbox 2001 1774 3638 1853">
     <span class='ocr_line' id='line_1_48' title="bbox 2001 1774 3638 1853; baseline 0.002 -22"><span class='ocrx_word' id='word_1_350' title='bbox 2001 1791 2175 1853; x_wconf 84' lang='lat' dir='ltr'><strong>quem</strong></span> <span class='ocrx_word' id='word_1_351' title='bbox 2202 1774 2327 1852; x_wconf 89' lang='lat' dir='ltr'><strong>jam</strong></span> <span class='ocrx_word' id='word_1_352' title='bbox 2375 1777 2432 1836; x_wconf 92' lang='lat' dir='ltr'><strong>in</strong></span> <span class='ocrx_word' id='word_1_353' title='bbox 2486 1776 2688 1837; x_wconf 89' lang='lat' dir='ltr'><strong>multis</strong></span> <span class='ocrx_word' id='word_1_354' title='bbox 2738 1777 2846 1838; x_wconf 86' lang='lat' dir='ltr'><strong>fuit</strong></span> <span class='ocrx_word' id='word_1_355' title='bbox 2903 1776 3148 1838; x_wconf 87' lang='lat' dir='ltr'><strong>evidens</strong></span> <span class='ocrx_word' id='word_1_356' title='bbox 3196 1784 3328 1835; x_wconf 86' lang='lat' dir='ltr'><strong>tuas</strong></span> <span class='ocrx_word' id='word_1_357' title='bbox 3356 1774 3638 1836; x_wconf 82' lang='lat' dir='ltr'><strong>exaudire</strong></span> 
     </span>
    </p>
   </div>
   <div class='ocr_carea' id='block_1_49' title="bbox 2001 1863 3635 1945">
    <p class='ocr_par' dir='ltr' id='par_1_49' title="bbox 2001 1863 3635 1945">
     <span class='ocr_line' id='line_1_49' title="bbox 2001 1863 3635 1945; baseline 0.001 -22"><span class='ocrx_word' id='word_1_358' title='bbox 2001 1865 2342 1926; x_wconf 88' lang='lat' dir='ltr'><strong>orationes?</strong></span> <span class='ocrx_word' id='word_1_359' title='bbox 2394 1874 2451 1927; x_wconf 87' lang='lat' dir='ltr'><strong>et</strong></span> <span class='ocrx_word' id='word_1_360' title='bbox 2481 1865 2698 1943; x_wconf 89' lang='lat' dir='ltr'><strong>alioqui</strong></span> <span class='ocrx_word' id='word_1_361' title='bbox 2743 1866 2793 1928; x_wconf 89' lang='lat' dir='ltr'><strong>si</strong></span> <span class='ocrx_word' id='word_1_362' title='bbox 2825 1884 2931 1945; x_wconf 70' lang='lat' dir='ltr'><strong>per</strong></span> <span class='ocrx_word' id='word_1_363' title='bbox 2974 1875 3030 1928; x_wconf 92' lang='lat' dir='ltr'><strong>te</strong></span> <span class='ocrx_word' id='word_1_364' title='bbox 3064 1865 3260 1926; x_wconf 86' lang='lat' dir='ltr'><strong>salvus</strong></span> <span class='ocrx_word' id='word_1_365' title='bbox 3289 1863 3474 1925; x_wconf 84' lang='lat' dir='ltr'><strong>evasit</strong></span> <span class='ocrx_word' id='word_1_366' title='bbox 3516 1865 3635 1925; x_wconf 85' lang='lat' dir='ltr'><strong>im-</strong></span> 
     </span>
    </p>
   </div>
   <div class='ocr_carea' id='block_1_50' title="bbox 1999 1952 3638 2037">
    <p class='ocr_par' dir='ltr' id='par_1_50' title="bbox 1999 1952 3638 2037">
     <span class='ocr_line' id='line_1_50' title="bbox 1999 1952 3638 2037; baseline 0.001 -25"><span class='ocrx_word' id='word_1_367' title='bbox 1999 1959 2259 2031; x_wconf 88' lang='lat' dir='ltr'><strong>perator,</strong></span> <span class='ocrx_word' id='word_1_368' title='bbox 2311 1974 2604 2036; x_wconf 87' lang='lat' dir='ltr'><strong>pauperes</strong></span> <span class='ocrx_word' id='word_1_369' title='bbox 2664 1965 2723 2018; x_wconf 87' lang='lat' dir='ltr'><strong>et</strong></span> <span class='ocrx_word' id='word_1_370' title='bbox 2774 1956 3006 2036; x_wconf 86' lang='lat' dir='ltr'><strong>inglorii</strong></span> <span class='ocrx_word' id='word_1_371' title='bbox 3048 1952 3475 2037; x_wconf 71' lang='lat' dir='ltr'><strong>iudicabuntur</strong></span> <span class='ocrx_word' id='word_1_372' title='bbox 3505 1970 3638 2015; x_wconf 88' lang='lat' dir='ltr'><strong>esse</strong></span> 
     </span>
    </p>
   </div>
   <div class='ocr_carea' id='block_1_51' title="bbox 1999 2040 2420 2118">
    <p class='ocr_par' dir='ltr' id='par_1_51' title="bbox 1999 2040 2420 2118">
     <span class='ocr_line' id='line_1_51' title="bbox 1999 2040 2420 2118; baseline 0.014 -17"><span class='ocrx_word' id='word_1_373' title='bbox 1999 2040 2420 2118; x_wconf 80' lang='lat' dir='ltr'><strong>despiciendi?</strong></span> 
     </span>
    </p>
   </div>
   <div class='ocr_carea' id='block_1_52' title="bbox 2080 2131 3640 2215">
    <p class='ocr_par' dir='ltr' id='par_1_52' title="bbox 2080 2131 3640 2215">
     <span class='ocr_line' id='line_1_52' title="bbox 2080 2131 3640 2215; baseline 0 -22"><span class='ocrx_word' id='word_1_374' title='bbox 2080 2131 2263 2195; x_wconf 79' lang='lat' dir='ltr'><strong>XXV.</strong></span> <span class='ocrx_word' id='word_1_375' title='bbox 2303 2135 2714 2197; x_wconf 80' lang='lat' dir='ltr'><strong>Pulcherrima</strong></span> <span class='ocrx_word' id='word_1_376' title='bbox 2750 2136 3001 2198; x_wconf 90' lang='lat' dir='ltr'><strong>consilio</strong></span> <span class='ocrx_word' id='word_1_377' title='bbox 3055 2145 3215 2215; x_wconf 88' lang='lat' dir='ltr'><strong>paret</strong></span> <span class='ocrx_word' id='word_1_378' title='bbox 3245 2135 3546 2215; x_wconf 79' lang='lat' dir='ltr'><strong>pontifex;</strong></span> <span class='ocrx_word' id='word_1_379' title='bbox 3580 2137 3640 2194; x_wconf 82' lang='lat' dir='ltr'><strong>et</strong></span> 
     </span>
    </p>
   </div>
   <div class='ocr_carea' id='block_1_53' title="bbox 1996 2220 3641 2300">
    <p class='ocr_par' dir='ltr' id='par_1_53' title="bbox 1996 2220 3641 2300">
     <span class='ocr_line' id='line_1_53' title="bbox 1996 2220 3641 2300; baseline 0.004 -21"><span class='ocrx_word' id='word_1_380' title='bbox 1996 2220 2177 2281; x_wconf 89' lang='lat' dir='ltr'><strong>corde</strong></span> <span class='ocrx_word' id='word_1_381' title='bbox 2207 2241 2494 2286; x_wconf 85' lang='lat' dir='ltr'><strong>accensus</strong></span> <span class='ocrx_word' id='word_1_382' title='bbox 2519 2225 3014 2299; x_wconf 71' lang='lat' dir='ltr'><strong>misericorrlia,et</strong></span> <span class='ocrx_word' id='word_1_383' title='bbox 3042 2225 3245 2287; x_wconf 87' lang='lat' dir='ltr'><strong>oculos</strong></span> <span class='ocrx_word' id='word_1_384' title='bbox 3278 2224 3503 2285; x_wconf 79' lang='lat' dir='ltr'><strong>habens</strong></span> <span class='ocrx_word' id='word_1_385' title='bbox 3517 2222 3641 2300; x_wconf 86' lang='lat' dir='ltr'><strong>ple-</strong></span> 
     </span>
    </p>
   </div>
   <div class='ocr_carea' id='block_1_54' title="bbox 1998 2311 3637 2393">
    <p class='ocr_par' dir='ltr' id='par_1_54' title="bbox 1998 2311 3637 2393">
     <span class='ocr_line' id='line_1_54' title="bbox 1998 2311 3637 2393; baseline 0.002 -25"><span class='ocrx_word' id='word_1_386' title='bbox 1998 2326 2106 2370; x_wconf 90' lang='lat' dir='ltr'><strong>nos</strong></span> <span class='ocrx_word' id='word_1_387' title='bbox 2136 2312 2437 2392; x_wconf 83' lang='lat' dir='ltr'><strong>lacrymis,</strong></span> <span class='ocrx_word' id='word_1_388' title='bbox 2465 2315 2717 2393; x_wconf 81' lang='lat' dir='ltr'><strong>genibus</strong></span> <span class='ocrx_word' id='word_1_389' title='bbox 2744 2314 2803 2373; x_wconf 92' lang='lat' dir='ltr'><strong>in</strong></span> <span class='ocrx_word' id='word_1_390' title='bbox 2826 2324 3044 2375; x_wconf 85' lang='lat' dir='ltr'><strong>terram</strong></span> <span class='ocrx_word' id='word_1_391' title='bbox 3071 2316 3261 2391; x_wconf 81' lang='lat' dir='ltr'><strong>ﬂexis,</strong></span> <span class='ocrx_word' id='word_1_392' title='bbox 3301 2322 3358 2375; x_wconf 90' lang='lat' dir='ltr'><strong>et</strong></span> <span class='ocrx_word' id='word_1_393' title='bbox 3389 2332 3518 2374; x_wconf 86' lang='lat' dir='ltr'><strong>eam</strong></span> <span class='ocrx_word' id='word_1_394' title='bbox 3545 2311 3637 2372; x_wconf 88' lang='lat' dir='ltr'><strong>ri-</strong></span> 
     </span>
    </p>
   </div>
   <div class='ocr_carea' id='block_1_55' title="bbox 1998 2401 3631 2480">
    <p class='ocr_par' dir='ltr' id='par_1_55' title="bbox 1998 2401 3631 2480">
     <span class='ocr_line' id='line_1_55' title="bbox 1998 2401 3631 2480; baseline 0.003 -22"><span class='ocrx_word' id='word_1_395' title='bbox 1998 2417 2142 2475; x_wconf 78' lang='lat' dir='ltr'><strong>gans</strong></span> <span class='ocrx_word' id='word_1_396' title='bbox 2169 2401 2428 2480; x_wconf 82' lang='lat' dir='ltr'><strong>fletibus,</strong></span> <span class='ocrx_word' id='word_1_397' title='bbox 2474 2403 2755 2464; x_wconf 79' lang='lat' dir='ltr'><strong>ardenter</strong></span> <span class='ocrx_word' id='word_1_398' title='bbox 2778 2405 3096 2464; x_wconf 80' lang='lat' dir='ltr'><strong>admodum</strong></span> <span class='ocrx_word' id='word_1_399' title='bbox 3125 2404 3342 2463; x_wconf 75' lang='lat' dir='ltr'><strong>clamat</strong></span> <span class='ocrx_word' id='word_1_400' title='bbox 3365 2412 3422 2464; x_wconf 89' lang='lat' dir='ltr'><strong>et</strong></span> <span class='ocrx_word' id='word_1_401' title='bbox 3456 2404 3631 2463; x_wconf 87' lang='lat' dir='ltr'><strong>mise-</strong></span> 
     </span>
    </p>
   </div>
   <div class='ocr_carea' id='block_1_56' title="bbox 2003 2489 3638 2571">
    <p class='ocr_par' dir='ltr' id='par_1_56' title="bbox 2003 2489 3638 2571">
     <span class='ocr_line' id='line_1_56' title="bbox 2003 2489 3638 2571; baseline 0.001 -22"><span class='ocrx_word' id='word_1_402' title='bbox 2003 2489 2289 2558; x_wconf 84' lang='lat' dir='ltr'><strong>rabiliter,</strong></span> <span class='ocrx_word' id='word_1_403' title='bbox 2343 2503 2400 2553; x_wconf 90' lang='lat' dir='ltr'><strong>et</strong></span> <span class='ocrx_word' id='word_1_404' title='bbox 2447 2494 2668 2554; x_wconf 88' lang='lat' dir='ltr'><strong>bonum</strong></span> <span class='ocrx_word' id='word_1_405' title='bbox 2713 2492 3011 2557; x_wconf 76' lang='lat' dir='ltr'><strong>Christum</strong></span> <span class='ocrx_word' id='word_1_406' title='bbox 3068 2492 3323 2571; x_wconf 84' lang='lat' dir='ltr'><strong>benigne</strong></span> <span class='ocrx_word' id='word_1_407' title='bbox 3352 2499 3538 2565; x_wconf 77' lang='lat' dir='ltr'><strong>rogat,</strong></span> <span class='ocrx_word' id='word_1_408' title='bbox 3574 2499 3638 2551; x_wconf 89' lang='lat' dir='ltr'><strong>ut</strong></span> 
     </span>
    </p>
   </div>
   <div class='ocr_carea' id='block_1_57' title="bbox 2006 2579 3635 2655">
    <p class='ocr_par' dir='ltr' id='par_1_57' title="bbox 2006 2579 3635 2655">
     <span class='ocr_line' id='line_1_57' title="bbox 2006 2579 3635 2655; baseline 0.001 -17"><span class='ocrx_word' id='word_1_409' title='bbox 2006 2579 2242 2641; x_wconf 68' lang='lat' dir='ltr'><strong>miserae</strong></span> <span class='ocrx_word' id='word_1_410' title='bbox 2261 2580 2495 2642; x_wconf 82' lang='lat' dir='ltr'><strong>mulieri</strong></span> <span class='ocrx_word' id='word_1_411' title='bbox 2514 2581 2795 2644; x_wconf 82' lang='lat' dir='ltr'><strong>infantem</strong></span> <span class='ocrx_word' id='word_1_412' title='bbox 2829 2582 3181 2655; x_wconf 80' lang='lat' dir='ltr'><strong>vivificet,et</strong></span> <span class='ocrx_word' id='word_1_413' title='bbox 3208 2593 3456 2642; x_wconf 87' lang='lat' dir='ltr'><strong>matrem</strong></span> <span class='ocrx_word' id='word_1_414' title='bbox 3492 2579 3635 2641; x_wconf 90' lang='lat' dir='ltr'><strong>red-</strong></span> 
     </span>
    </p>
   </div>
   <div class='ocr_carea' id='block_1_58' title="bbox 2005 2668 3631 2752">
    <p class='ocr_par' dir='ltr' id='par_1_58' title="bbox 2005 2668 3631 2752">
     <span class='ocr_line' id='line_1_58' title="bbox 2005 2668 3631 2752; baseline 0.001 -26"><span class='ocrx_word' id='word_1_415' title='bbox 2005 2668 2127 2741; x_wconf 90' lang='lat' dir='ltr'><strong>dat,</strong></span> <span class='ocrx_word' id='word_1_416' title='bbox 2161 2673 2896 2752; x_wconf 67' lang='lat' dir='ltr'><strong>congruenterScripturaa</strong></span> <span class='ocrx_word' id='word_1_417' title='bbox 2913 2690 3119 2741; x_wconf 62' lang='lat' dir='ltr'><strong>sacrm,</strong></span> <span class='ocrx_word' id='word_1_418' title='bbox 3149 2678 3392 2751; x_wconf 85' lang='lat' dir='ltr'><strong>propter</strong></span> <span class='ocrx_word' id='word_1_419' title='bbox 3448 2669 3631 2729; x_wconf 84' lang='lat' dir='ltr'><strong>filium</strong></span> 
     </span>
    </p>
   </div>
   <div class='ocr_carea' id='block_1_59' title="bbox 2006 2757 3637 2840">
    <p class='ocr_par' dir='ltr' id='par_1_59' title="bbox 2006 2757 3637 2840">
     <span class='ocr_line' id='line_1_59' title="bbox 2006 2757 3637 2840; baseline 0.001 -22"><span class='ocrx_word' id='word_1_420' title='bbox 2006 2757 2297 2819; x_wconf 70' lang='lat' dir='ltr'><strong>laetantem</strong></span> <span class='ocrx_word' id='word_1_421' title='bbox 2325 2759 2376 2819; x_wconf 85' lang='grc' dir='ltr'><strong>ϐ.</strong></span> <span class='ocrx_word' id='word_1_422' title='bbox 2437 2761 2544 2831; x_wconf 88' lang='lat' dir='ltr'><strong>Qui</strong></span> <span class='ocrx_word' id='word_1_423' title='bbox 2596 2780 2734 2840; x_wconf 84' lang='lat' dir='ltr'><strong>ergo</strong></span> <span class='ocrx_word' id='word_1_424' title='bbox 2769 2780 2874 2838; x_wconf 86' lang='lat' dir='ltr'><strong>per</strong></span> <span class='ocrx_word' id='word_1_425' title='bbox 2905 2762 3183 2823; x_wconf 77' lang='lat' dir='ltr'><strong>Eliseeum</strong></span> <span class='ocrx_word' id='word_1_426' title='bbox 3218 2767 3276 2819; x_wconf 84' lang='lat' dir='ltr'><strong>et</strong></span> <span class='ocrx_word' id='word_1_427' title='bbox 3304 2758 3489 2819; x_wconf 86' lang='lat' dir='ltr'><strong>Eliam</strong></span> <span class='ocrx_word' id='word_1_428' title='bbox 3524 2761 3637 2819; x_wconf 81' lang='lat' dir='ltr'><strong>Sa-</strong></span> 
     </span>
    </p>
   </div>
   <div class='ocr_carea' id='block_1_60' title="bbox 2005 2849 3635 2927">
    <p class='ocr_par' dir='ltr' id='par_1_60' title="bbox 2005 2849 3635 2927">
     <span class='ocr_line' id='line_1_60' title="bbox 2005 2849 3635 2927; baseline 0.002 -21"><span class='ocrx_word' id='word_1_429' title='bbox 2005 2857 2267 2925; x_wconf 66' lang='lat' dir='ltr'><strong>reptenae</strong></span> <span class='ocrx_word' id='word_1_430' title='bbox 2296 2850 2418 2909; x_wconf 84' lang='lat' dir='ltr'><strong>ﬁlio</strong></span> <span class='ocrx_word' id='word_1_431' title='bbox 2451 2860 2507 2911; x_wconf 86' lang='lat' dir='ltr'><strong>et</strong></span> <span class='ocrx_word' id='word_1_432' title='bbox 2539 2850 2927 2913; x_wconf 89' lang='lat' dir='ltr'><strong>Sunamitidis</strong></span> <span class='ocrx_word' id='word_1_433' title='bbox 2974 2850 3219 2911; x_wconf 85' lang='lat' dir='ltr'><strong>immisit</strong></span> <span class='ocrx_word' id='word_1_434' title='bbox 3249 2849 3550 2927; x_wconf 87' lang='lat' dir='ltr'><strong>spiritum,</strong></span> <span class='ocrx_word' id='word_1_435' title='bbox 3576 2856 3635 2909; x_wconf 89' lang='lat' dir='ltr'><strong>et</strong></span> 
     </span>
    </p>
   </div>
   <div class='ocr_carea' id='block_1_61' title="bbox 2004 2935 3635 3019">
    <p class='ocr_par' dir='ltr' id='par_1_61' title="bbox 2004 2935 3635 3019">
     <span class='ocr_line' id='line_1_61' title="bbox 2004 2935 3635 3019; baseline 0.001 -25"><span class='ocrx_word' id='word_1_436' title='bbox 2004 2935 2180 2996; x_wconf 90' lang='lat' dir='ltr'><strong>vitam</strong></span> <span class='ocrx_word' id='word_1_437' title='bbox 2201 2947 2289 2998; x_wconf 89' lang='lat' dir='ltr'><strong>est</strong></span> <span class='ocrx_word' id='word_1_438' title='bbox 2310 2940 2552 3018; x_wconf 83' lang='lat' dir='ltr'><strong>largitus</strong></span> <span class='ocrx_word' id='word_1_439' title='bbox 2567 2941 2757 3019; x_wconf 83' lang='lat' dir='ltr'><strong>7,ipse</strong></span> <span class='ocrx_word' id='word_1_440' title='bbox 2770 2959 2975 3001; x_wconf 90' lang='lat' dir='ltr'><strong>rursus</strong></span> <span class='ocrx_word' id='word_1_441' title='bbox 2996 2940 3171 3000; x_wconf 90' lang='lat' dir='ltr'><strong>etiam</strong></span> <span class='ocrx_word' id='word_1_442' title='bbox 3206 2938 3428 3000; x_wconf 86' lang='lat' dir='ltr'><strong>audivit</strong></span> <span class='ocrx_word' id='word_1_443' title='bbox 3450 2938 3635 3017; x_wconf 88' lang='lat' dir='ltr'><strong>Spiri-</strong></span> 
     </span>
    </p>
   </div>
   <div class='ocr_carea' id='block_1_62' title="bbox 2006 3026 3639 3111">
    <p class='ocr_par' dir='ltr' id='par_1_62' title="bbox 2006 3026 3639 3111">
     <span class='ocr_line' id='line_1_62' title="bbox 2006 3026 3639 3111; baseline 0.002 -26"><span class='ocrx_word' id='word_1_444' title='bbox 2006 3026 2221 3086; x_wconf 85' lang='lat' dir='ltr'><strong>donem</strong></span> <span class='ocrx_word' id='word_1_445' title='bbox 2249 3046 2262 3090; x_wconf 89' lang='lat'>:</span> <span class='ocrx_word' id='word_1_446' title='bbox 2291 3037 2349 3089; x_wconf 91' lang='lat' dir='ltr'><strong>et</strong></span> <span class='ocrx_word' id='word_1_447' title='bbox 2380 3048 2527 3109; x_wconf 88' lang='lat' dir='ltr'><strong>puer</strong></span> <span class='ocrx_word' id='word_1_448' title='bbox 2555 3031 2653 3111; x_wconf 88' lang='lat' dir='ltr'><strong>qui</strong></span> <span class='ocrx_word' id='word_1_449' title='bbox 2681 3040 2949 3091; x_wconf 86' lang='lat' dir='ltr'><strong>mortuus</strong></span> <span class='ocrx_word' id='word_1_450' title='bbox 2973 3029 3235 3109; x_wconf 84' lang='lat' dir='ltr'><strong>jacebat,</strong></span> <span class='ocrx_word' id='word_1_451' title='bbox 3284 3035 3639 3105; x_wconf 81' lang='lat' dir='ltr'><strong>conspectus</strong></span> 
     </span>
    </p>
   </div>
   <div class='ocr_carea' id='block_1_63' title="bbox 282 3112 1915 3198">
    <p class='ocr_par' dir='ltr' id='par_1_63' title="bbox 282 3112 1915 3193">
     <span class='ocr_line' id='line_1_63' title="bbox 282 3112 1915 3193; baseline 0.006 -26"><span class='ocrx_word' id='word_1_452' title='bbox 282 3112 474 3169; x_wconf 73' lang='grc' dir='ltr'>παιδσῖον</span> <span class='ocrx_word' id='word_1_453' title='bbox 558 3117 749 3193; x_wconf 81' lang='grc' dir='ltr'>νεκρὸν</span> <span class='ocrx_word' id='word_1_454' title='bbox 820 3115 1061 3190; x_wconf 85' lang='grc' dir='ltr'>κείμενον</span> <span class='ocrx_word' id='word_1_455' title='bbox 1127 3117 1231 3188; x_wconf 79' lang='grc' dir='ltr'>ζῶν</span> <span class='ocrx_word' id='word_1_456' title='bbox 1314 3118 1515 3176; x_wconf 69' lang='grc' dir='ltr'>ἑωρᾶτο</span> <span class='ocrx_word' id='word_1_457' title='bbox 1602 3120 1915 3187; x_wconf 79' lang='grc' dir='ltr'>θαυμαστῶς</span> 
     </span>
    </p>
   </div>
   <div class='ocr_carea' id='block_1_64' title="bbox 2002 3112 3641 3198">
    <p class='ocr_par' dir='ltr' id='par_1_64' title="bbox 2002 3116 3641 3198">
     <span class='ocr_line' id='line_1_64' title="bbox 2002 3116 3641 3198; baseline 0.001 -22"><span class='ocrx_word' id='word_1_458' title='bbox 2002 3123 2092 3176; x_wconf 89' lang='lat' dir='ltr'><strong>est</strong></span> <span class='ocrx_word' id='word_1_459' title='bbox 2139 3117 2315 3178; x_wconf 87' lang='lat' dir='ltr'><strong>veluti</strong></span> <span class='ocrx_word' id='word_1_460' title='bbox 2350 3119 2589 3198; x_wconf 75' lang='lat' dir='ltr'><strong>plorans</strong></span> <span class='ocrx_word' id='word_1_461' title='bbox 2645 3127 2782 3179; x_wconf 89' lang='lat' dir='ltr'><strong>ante</strong></span> <span class='ocrx_word' id='word_1_462' title='bbox 2832 3119 3034 3180; x_wconf 89' lang='lat' dir='ltr'><strong>oculos</strong></span> <span class='ocrx_word' id='word_1_463' title='bbox 3085 3118 3311 3179; x_wconf 83' lang='lat' dir='ltr'><strong>matris.</strong></span> <span class='ocrx_word' id='word_1_464' title='bbox 3345 3116 3641 3197; x_wconf 83' lang='lat' dir='ltr'><strong>Lacrymis</strong></span> 
     </span>
    </p>
   </div>
   <div class='ocr_carea' id='block_1_65' title="bbox 275 3203 1915 3286">
    <p class='ocr_par' dir='ltr' id='par_1_65' title="bbox 275 3203 1915 3286">
     <span class='ocr_line' id='line_1_65' title="bbox 275 3203 1915 3286; baseline 0.002 -29"><span class='ocrx_word' id='word_1_465' title='bbox 275 3204 365 3259; x_wconf 81' lang='grc' dir='ltr'>καὶ</span> <span class='ocrx_word' id='word_1_466' title='bbox 420 3206 753 3278; x_wconf 72' lang='grc' dir='ltr'>κινούμενον,</span> <span class='ocrx_word' id='word_1_467' title='bbox 818 3203 916 3261; x_wconf 59' lang='grc' dir='ltr'><strong>καί</strong></span> <span class='ocrx_word' id='word_1_468' title='bbox 979 3221 1069 3263; x_wconf 76' lang='grc' dir='ltr'>οἶα</span> <span class='ocrx_word' id='word_1_469' title='bbox 1132 3218 1285 3285; x_wconf 77' lang='grc' dir='ltr'>παῖς,</span> <span class='ocrx_word' id='word_1_470' title='bbox 1345 3206 1399 3262; x_wconf 79' lang='grc' dir='ltr'>ἐν</span> <span class='ocrx_word' id='word_1_471' title='bbox 1444 3204 1740 3286; x_wconf 68' lang='grc' dir='ltr'>ὀφθαλμοῖς</span> <span class='ocrx_word' id='word_1_472' title='bbox 1801 3228 1915 3278; x_wconf 77' lang='grc' dir='ltr'>μη-</span> 
     </span>
    </p>
   </div>
   <div class='ocr_carea' id='block_1_66' title="bbox 280 3292 1914 3374">
    <p class='ocr_par' dir='ltr' id='par_1_66' title="bbox 280 3292 1914 3374">
     <span class='ocr_line' id='line_1_66' title="bbox 280 3292 1914 3374; baseline 0.001 -27"><span class='ocrx_word' id='word_1_473' title='bbox 280 3294 458 3369; x_wconf 71' lang='grc' dir='ltr'>τρῴοις</span> <span class='ocrx_word' id='word_1_474' title='bbox 545 3297 1086 3372; x_wconf 64' lang='grc' dir='ltr'>κλαυθμυριζόμενον.</span> <span class='ocrx_word' id='word_1_475' title='bbox 1202 3296 1453 3374; x_wconf 81' lang='grc' dir='ltr'>Δακρύων</span> <span class='ocrx_word' id='word_1_476' title='bbox 1554 3297 1638 3373; x_wconf 70' lang='grc' dir='ltr'><strong>ὑφ’</strong></span> <span class='ocrx_word' id='word_1_477' title='bbox 1722 3292 1914 3362; x_wconf 70' lang='grc' dir='ltr'>ἡδονῆς</span> 
     </span>
    </p>
   </div>
   <div class='ocr_carea' id='block_1_67' title="bbox 274 3380 1916 3462">
    <p class='ocr_par' dir='ltr' id='par_1_67' title="bbox 274 3380 1916 3462">
     <span class='ocr_line' id='line_1_67' title="bbox 274 3380 1916 3462; baseline 0.002 -26"><span class='ocrx_word' id='word_1_478' title='bbox 274 3380 546 3451; x_wconf 65' lang='grc' dir='ltr'>ἒπλήσθην</span> <span class='ocrx_word' id='word_1_479' title='bbox 618 3382 728 3461; x_wconf 78' lang='grc' dir='ltr'><strong>ἐγὼ</strong></span> <span class='ocrx_word' id='word_1_480' title='bbox 800 3386 862 3440; x_wconf 75' lang='grc' dir='ltr'><strong>τὰ</strong></span> <span class='ocrx_word' id='word_1_481' title='bbox 924 3382 1163 3458; x_wconf 75' lang='grc' dir='ltr'>ὄμματα,</span> <span class='ocrx_word' id='word_1_482' title='bbox 1218 3384 1355 3443; x_wconf 74' lang='grc' dir='ltr'>οὕτω</span> <span class='ocrx_word' id='word_1_483' title='bbox 1398 3385 1497 3462; x_wconf 74' lang='grc' dir='ltr'><strong>γάρ</strong></span> <span class='ocrx_word' id='word_1_484' title='bbox 1551 3407 1653 3458; x_wconf 90' lang='grc' dir='ltr'><strong>μου</strong></span> <span class='ocrx_word' id='word_1_485' title='bbox 1710 3383 1916 3451; x_wconf 81' lang='grc' dir='ltr'>διέθηκε</span> 
     </span>
    </p>
   </div>
   <div class='ocr_carea' id='block_1_68' title="bbox 277 3471 1913 3551">
    <p class='ocr_par' dir='ltr' id='par_1_68' title="bbox 277 3471 1913 3551">
     <span class='ocr_line' id='line_1_68' title="bbox 277 3471 1913 3551; baseline 0.003 -25"><span class='ocrx_word' id='word_1_486' title='bbox 277 3472 335 3526; x_wconf 75' lang='grc' dir='ltr'>τὸ</span> <span class='ocrx_word' id='word_1_487' title='bbox 411 3471 816 3551; x_wconf 71' lang='grc' dir='ltr'>λεχθησόμενον</span> <span class='ocrx_word' id='word_1_488' title='bbox 894 3473 991 3541; x_wconf 79' lang='grc' dir='ltr'>τὴν</span> <span class='ocrx_word' id='word_1_489' title='bbox 1075 3476 1260 3550; x_wconf 65' lang='grc' dir='ltr'>ψυχὴν</span> <span class='ocrx_word' id='word_1_490' title='bbox 1339 3476 1411 3537; x_wconf 84' lang='grc' dir='ltr'>εἷς</span> <span class='ocrx_word' id='word_1_491' title='bbox 1482 3476 1600 3529; x_wconf 83' lang='grc' dir='ltr'>νοῦν</span> <span class='ocrx_word' id='word_1_492' title='bbox 1659 3473 1913 3548; x_wconf 83' lang='grc' dir='ltr'>ἐμπεσόν.</span> 
     </span>
    </p>
   </div>
   <div class='ocr_carea' id='block_1_69' title="bbox 279 3554 1917 3642">
    <p class='ocr_par' dir='ltr' id='par_1_69' title="bbox 279 3554 1917 3642">
     <span class='ocr_line' id='line_1_69' title="bbox 279 3554 1917 3642; baseline 0.001 -26"><span class='ocrx_word' id='word_1_493' title='bbox 279 3557 542 3617; x_wconf 82' lang='grc' dir='ltr'>’Δκούοιτε</span> <span class='ocrx_word' id='word_1_494' title='bbox 610 3560 667 3618; x_wconf 80' lang='grc' dir='ltr'><strong>δὲ</strong></span> <span class='ocrx_word' id='word_1_495' title='bbox 727 3564 813 3619; x_wconf 82' lang='grc' dir='ltr'><strong>καὶ</strong></span> <span class='ocrx_word' id='word_1_496' title='bbox 891 3565 1067 3634; x_wconf 77' lang='grc' dir='ltr'>ὑμεῖς.</span> <span class='ocrx_word' id='word_1_497' title='bbox 1134 3554 1227 3624; x_wconf 75' lang='grc' dir='ltr'>Ὦς</span> <span class='ocrx_word' id='word_1_498' title='bbox 1294 3564 1395 3641; x_wconf 85' lang='grc' dir='ltr'><strong>γὰρ</strong></span> <span class='ocrx_word' id='word_1_499' title='bbox 1463 3565 1525 3619; x_wconf 76' lang='grc' dir='ltr'>τὸ</span> <span class='ocrx_word' id='word_1_500' title='bbox 1580 3562 1828 3642; x_wconf 76' lang='grc' dir='ltr'>φίλτατον</span> <span class='ocrx_word' id='word_1_501' title='bbox 1883 3565 1917 3630; x_wconf 76' lang='grc' dir='ltr'>ἡ</span> 
     </span>
    </p>
   </div>
   <div class='ocr_carea' id='block_1_70' title="bbox 286 3649 1915 3731">
    <p class='ocr_par' dir='ltr' id='par_1_70' title="bbox 286 3649 1915 3731">
     <span class='ocr_line' id='line_1_70' title="bbox 286 3649 1915 3731; baseline 0.002 -27"><span class='ocrx_word' id='word_1_502' title='bbox 286 3651 453 3727; x_wconf 80' lang='grc' dir='ltr'>μήτηρ</span> <span class='ocrx_word' id='word_1_503' title='bbox 490 3656 597 3722; x_wconf 81' lang='grc' dir='ltr'><strong>ζῶν</strong></span> <span class='ocrx_word' id='word_1_504' title='bbox 647 3649 917 3725; x_wconf 66' lang='grc' dir='ltr'>ἐθεάσατο,</span> <span class='ocrx_word' id='word_1_505' title='bbox 976 3653 1021 3709; x_wconf 84' lang='grc' dir='ltr'><strong>ὣ</strong></span> <span class='ocrx_word' id='word_1_506' title='bbox 1050 3653 1154 3709; x_wconf 77' lang='grc' dir='ltr'><strong>τῶν</strong></span> <span class='ocrx_word' id='word_1_507' title='bbox 1199 3660 1305 3710; x_wconf 83' lang='grc' dir='ltr'><strong>σῶν</strong></span> <span class='ocrx_word' id='word_1_508' title='bbox 1360 3653 1657 3728; x_wconf 78' lang='grc' dir='ltr'>κριμάτων,</span> <span class='ocrx_word' id='word_1_509' title='bbox 1703 3653 1915 3731; x_wconf 76' lang='grc' dir='ltr'>Χριστέ,</span> 
     </span>
    </p>
   </div>
   <div class='ocr_carea' id='block_1_71' title="bbox 285 3737 1918 3819">
    <p class='ocr_par' dir='ltr' id='par_1_71' title="bbox 285 3737 1918 3819">
     <span class='ocr_line' id='line_1_71' title="bbox 285 3737 1918 3819; baseline 0.003 -27"><span class='ocrx_word' id='word_1_510' title='bbox 285 3744 381 3793; x_wconf 81' lang='grc' dir='ltr'><strong>τῶν</strong></span> <span class='ocrx_word' id='word_1_511' title='bbox 434 3737 717 3817; x_wconf 70' lang='grc' dir='ltr'>ἆῤῥήτωνί</span> <span class='ocrx_word' id='word_1_512' title='bbox 785 3742 883 3808; x_wconf 78' lang='grc' dir='ltr'>τὴν</span> <span class='ocrx_word' id='word_1_513' title='bbox 939 3741 1235 3818; x_wconf 75' lang='grc' dir='ltr'>ὑπερϐολὴν</span> <span class='ocrx_word' id='word_1_514' title='bbox 1294 3741 1389 3797; x_wconf 72' lang='grc' dir='ltr'><strong>οὒκ</strong></span> <span class='ocrx_word' id='word_1_515' title='bbox 1464 3742 1751 3819; x_wconf 72' lang='grc' dir='ltr'>ἐνεγκοῦσα</span> <span class='ocrx_word' id='word_1_516' title='bbox 1819 3744 1918 3807; x_wconf 73' lang='grc' dir='ltr'>τῆς</span> 
     </span>
    </p>
   </div>
   <div class='ocr_carea' id='block_1_72' title="bbox 286 3824 1917 3909">
    <p class='ocr_par' dir='ltr' id='par_1_72' title="bbox 286 3824 1917 3909">
     <span class='ocr_line' id='line_1_72' title="bbox 286 3824 1917 3909; baseline 0.002 -26"><span class='ocrx_word' id='word_1_517' title='bbox 286 3824 491 3909; x_wconf 66' lang='grc' dir='ltr'>ἣδονῆς,</span> <span class='ocrx_word' id='word_1_518' title='bbox 540 3831 681 3906; x_wconf 82' lang='grc' dir='ltr'>παρὰ</span> <span class='ocrx_word' id='word_1_519' title='bbox 739 3836 805 3906; x_wconf 75' lang='grc' dir='ltr'>τῇ</span> <span class='ocrx_word' id='word_1_520' title='bbox 852 3837 924 3909; x_wconf 80' lang='grc' dir='ltr'><strong>γῇ</strong></span> <span class='ocrx_word' id='word_1_521' title='bbox 968 3838 1203 3888; x_wconf 79' lang='grc' dir='ltr'>πεσοῦσα</span> <span class='ocrx_word' id='word_1_522' title='bbox 1232 3830 1635 3908; x_wconf 70' lang='grc' dir='ltr'>διαπεφώνηκεν</span> <span class='ocrx_word' id='word_1_523' title='bbox 1697 3829 1917 3895; x_wconf 79' lang='grc' dir='ltr'>’Ἔδειξε</span> 
     </span>
    </p>
   </div>
   <div class='ocr_carea' id='block_1_73' title="bbox 289 3918 1911 4000">
    <p class='ocr_par' dir='ltr' id='par_1_73' title="bbox 289 3918 1911 4000">
     <span class='ocr_line' id='line_1_73' title="bbox 289 3918 1911 4000; baseline 0.002 -30"><span class='ocrx_word' id='word_1_524' title='bbox 289 3918 343 3972; x_wconf 76' lang='grc' dir='ltr'>τὸ</span> <span class='ocrx_word' id='word_1_525' title='bbox 393 3920 655 3999; x_wconf 66' lang='grc' dir='ltr'>πραχθὲν,</span> <span class='ocrx_word' id='word_1_526' title='bbox 701 3919 782 3975; x_wconf 85' lang='grc' dir='ltr'><strong>ὅτι</strong></span> <span class='ocrx_word' id='word_1_527' title='bbox 841 3922 902 3975; x_wconf 84' lang='grc' dir='ltr'>τὸ</span> <span class='ocrx_word' id='word_1_528' title='bbox 959 3919 1126 3996; x_wconf 80' lang='grc' dir='ltr'>μηδὲν</span> <span class='ocrx_word' id='word_1_529' title='bbox 1187 3920 1320 3999; x_wconf 70' lang='grc' dir='ltr'>ἄγαν</span> <span class='ocrx_word' id='word_1_530' title='bbox 1369 3919 1611 4000; x_wconf 75' lang='grc' dir='ltr'>ἀτεχνῶς</span> <span class='ocrx_word' id='word_1_531' title='bbox 1683 3920 1911 3993; x_wconf 75' lang='grc' dir='ltr'>ἄριστον.</span> 
     </span>
    </p>
   </div>
   <div class='ocr_carea' id='block_1_74' title="bbox 289 4001 1912 4086">
    <p class='ocr_par' dir='ltr' id='par_1_74' title="bbox 289 4001 1912 4086">
     <span class='ocr_line' id='line_1_74' title="bbox 289 4001 1912 4086; baseline 0.001 -24"><span class='ocrx_word' id='word_1_532' title='bbox 289 4001 409 4063; x_wconf 77' lang='grc' dir='ltr'>Ἰδοὺ</span> <span class='ocrx_word' id='word_1_533' title='bbox 462 4010 563 4086; x_wconf 82' lang='grc' dir='ltr'><strong>γὰρ</strong></span> <span class='ocrx_word' id='word_1_534' title='bbox 634 4011 694 4067; x_wconf 79' lang='grc' dir='ltr'><strong>οῦ</strong></span> <span class='ocrx_word' id='word_1_535' title='bbox 762 4011 1050 4085; x_wconf 81' lang='grc' dir='ltr'>θανάσιμον</span> <span class='ocrx_word' id='word_1_536' title='bbox 1111 4009 1281 4077; x_wconf 81' lang='grc' dir='ltr'>λύπης</span> <span class='ocrx_word' id='word_1_537' title='bbox 1352 4012 1511 4084; x_wconf 87' lang='grc' dir='ltr'>μόνον</span> <span class='ocrx_word' id='word_1_538' title='bbox 1593 4007 1912 4086; x_wconf 67' lang='grc' dir='ltr'>ὑπερϐολὴν,</span> 
     </span>
    </p>
   </div>
   <div class='ocr_carea' id='block_1_75' title="bbox 285 4092 1913 4177">
    <p class='ocr_par' dir='ltr' id='par_1_75' title="bbox 285 4092 1913 4177">
     <span class='ocr_line' id='line_1_75' title="bbox 285 4092 1913 4177; baseline 0.003 -28"><span class='ocrx_word' id='word_1_539' title='bbox 285 4092 408 4152; x_wconf 78' lang='grc' dir='ltr'>ἀλλὰ</span> <span class='ocrx_word' id='word_1_540' title='bbox 490 4099 577 4153; x_wconf 81' lang='grc' dir='ltr'><strong>καὶ</strong></span> <span class='ocrx_word' id='word_1_541' title='bbox 658 4105 832 4177; x_wconf 82' lang='grc' dir='ltr'>χαρᾶς</span> <span class='ocrx_word' id='word_1_542' title='bbox 918 4099 1155 4177; x_wconf 80' lang='grc' dir='ltr'>ἔγνωμεν</span> <span class='ocrx_word' id='word_1_543' title='bbox 1239 4099 1515 4176; x_wconf 86' lang='grc' dir='ltr'>ἀμετρίαν.</span> <span class='ocrx_word' id='word_1_544' title='bbox 1613 4100 1913 4155; x_wconf 69' lang='grc' dir='ltr'>Πεπόιθατε</span> 
     </span>
    </p>
   </div>
   <div class='ocr_carea' id='block_1_76' title="bbox 283 4185 1913 4267">
    <p class='ocr_par' dir='ltr' id='par_1_76' title="bbox 283 4185 1913 4267">
     <span class='ocr_line' id='line_1_76' title="bbox 283 4185 1913 4267; baseline 0.002 -28"><span class='ocrx_word' id='word_1_545' title='bbox 283 4185 361 4239; x_wconf 73' lang='grc' dir='ltr'><strong>καὶ</strong></span> <span class='ocrx_word' id='word_1_546' title='bbox 410 4186 568 4259; x_wconf 71' lang='grc' dir='ltr'>ὑμεῖς</span> <span class='ocrx_word' id='word_1_547' title='bbox 626 4188 725 4253; x_wconf 78' lang='grc' dir='ltr'><strong>τὴν</strong></span> <span class='ocrx_word' id='word_1_548' title='bbox 779 4189 986 4267; x_wconf 74' lang='grc' dir='ltr'>ψυχὴν,</span> <span class='ocrx_word' id='word_1_549' title='bbox 1045 4188 1192 4262; x_wconf 71' lang='grc' dir='ltr'>οῖδα,</span> <span class='ocrx_word' id='word_1_550' title='bbox 1249 4188 1301 4253; x_wconf 73' lang='grc' dir='ltr'><strong>ἒξ</strong></span> <span class='ocrx_word' id='word_1_551' title='bbox 1372 4187 1565 4257; x_wconf 77' lang='grc' dir='ltr'>ἡδονῆς</span> <span class='ocrx_word' id='word_1_552' title='bbox 1610 4190 1682 4250; x_wconf 80' lang='grc' dir='ltr'>εἷς</span> <span class='ocrx_word' id='word_1_553' title='bbox 1741 4188 1913 4257; x_wconf 82' lang='grc' dir='ltr'>λύπην</span> 
     </span>
    </p>
   </div>
   <div class='ocr_carea' id='block_1_77' title="bbox 278 4275 1910 4355">
    <p class='ocr_par' dir='ltr' id='par_1_77' title="bbox 278 4275 1910 4355">
     <span class='ocr_line' id='line_1_77' title="bbox 278 4275 1910 4355; baseline 0.001 -24"><span class='ocrx_word' id='word_1_554' title='bbox 278 4275 683 4349; x_wconf 78' lang='grc' dir='ltr'>μεταπεσόντες.</span> <span class='ocrx_word' id='word_1_555' title='bbox 767 4278 927 4333; x_wconf 81' lang='grc' dir='ltr'>Φύσει</span> <span class='ocrx_word' id='word_1_556' title='bbox 998 4280 1097 4355; x_wconf 81' lang='grc' dir='ltr'><strong>γὰρ</strong></span> <span class='ocrx_word' id='word_1_557' title='bbox 1166 4277 1462 4355; x_wconf 80' lang='grc' dir='ltr'>ἀνθρώποις</span> <span class='ocrx_word' id='word_1_558' title='bbox 1520 4281 1581 4334; x_wconf 85' lang='grc' dir='ltr'>τὸ</span> <span class='ocrx_word' id='word_1_559' title='bbox 1645 4277 1910 4352; x_wconf 76' lang='grc' dir='ltr'>συμπαθὲς</span> 
     </span>
    </p>
   </div>
   <div class='ocr_carea' id='block_1_78' title="bbox 277 4364 1909 4446">
    <p class='ocr_par' dir='ltr' id='par_1_78' title="bbox 277 4364 1909 4446">
     <span class='ocr_line' id='line_1_78' title="bbox 277 4364 1909 4446; baseline 0.002 -26"><span class='ocrx_word' id='word_1_560' title='bbox 277 4367 359 4420; x_wconf 77' lang='grc' dir='ltr'>καὶ</span> <span class='ocrx_word' id='word_1_561' title='bbox 410 4364 781 4444; x_wconf 64' lang='grc' dir='ltr'>φιλάνθρωπον</span> <span class='ocrx_word' id='word_1_562' title='bbox 810 4380 824 4395; x_wconf 92' lang='grc'><strong>·</strong></span> <span class='ocrx_word' id='word_1_563' title='bbox 885 4364 1003 4421; x_wconf 82' lang='grc' dir='ltr'>ἀλλ’</span> <span class='ocrx_word' id='word_1_564' title='bbox 1061 4366 1216 4444; x_wconf 81' lang='grc' dir='ltr'>ἐγγὺς</span> <span class='ocrx_word' id='word_1_565' title='bbox 1277 4369 1305 4422; x_wconf 87' lang='lat'><strong>6</strong></span> <span class='ocrx_word' id='word_1_566' title='bbox 1362 4371 1530 4444; x_wconf 79' lang='grc' dir='ltr'>μέγας</span> <span class='ocrx_word' id='word_1_567' title='bbox 1583 4368 1656 4432; x_wconf 79' lang='grc' dir='ltr'>εἷς</span> <span class='ocrx_word' id='word_1_568' title='bbox 1737 4367 1909 4446; x_wconf 83' lang='grc' dir='ltr'>χαράν</span> 
     </span>
    </p>
   </div>
   <div class='ocr_carea' id='block_1_79' title="bbox 2002 3205 3636 3287">
    <p class='ocr_par' dir='ltr' id='par_1_79' title="bbox 2002 3205 3636 3287">
     <span class='ocr_line' id='line_1_79' title="bbox 2002 3205 3636 3287; baseline 0.001 -22"><span class='ocrx_word' id='word_1_569' title='bbox 2002 3205 2144 3265; x_wconf 92' lang='lat' dir='ltr'><strong>mihi</strong></span> <span class='ocrx_word' id='word_1_570' title='bbox 2169 3215 2305 3267; x_wconf 88' lang='lat' dir='ltr'><strong>sunt</strong></span> <span class='ocrx_word' id='word_1_571' title='bbox 2326 3208 2529 3268; x_wconf 81' lang='lat' dir='ltr'><strong>suffusi</strong></span> <span class='ocrx_word' id='word_1_572' title='bbox 2561 3209 2718 3270; x_wconf 91' lang='lat' dir='ltr'><strong>oculi</strong></span> <span class='ocrx_word' id='word_1_573' title='bbox 2745 3227 2865 3287; x_wconf 65' lang='lat' dir='ltr'><strong>prae</strong></span> <span class='ocrx_word' id='word_1_574' title='bbox 2885 3206 3227 3285; x_wconf 76' lang='lat' dir='ltr'><strong>gaudio.Sic</strong></span> <span class='ocrx_word' id='word_1_575' title='bbox 3251 3206 3409 3267; x_wconf 90' lang='lat' dir='ltr'><strong>enim</strong></span> <span class='ocrx_word' id='word_1_576' title='bbox 3439 3225 3636 3269; x_wconf 86' lang='lat' dir='ltr'><strong>meum</strong></span> 
     </span>
    </p>
   </div>
   <div class='ocr_carea' id='block_1_80' title="bbox 1998 3295 3638 3380">
    <p class='ocr_par' dir='ltr' id='par_1_80' title="bbox 1998 3295 3638 3380">
     <span class='ocr_line' id='line_1_80' title="bbox 1998 3295 3638 3380; baseline 0.002 -25"><span class='ocrx_word' id='word_1_577' title='bbox 1998 3295 2483 3357; x_wconf 69' lang='lat' dir='ltr'><strong>alfecitanimum</strong></span> <span class='ocrx_word' id='word_1_578' title='bbox 2543 3299 2624 3372; x_wconf 81' lang='lat' dir='ltr'><strong>id,</strong></span> <span class='ocrx_word' id='word_1_579' title='bbox 2672 3299 2827 3380; x_wconf 82' lang='lat' dir='ltr'><strong>quod</strong></span> <span class='ocrx_word' id='word_1_580' title='bbox 2892 3298 3146 3366; x_wconf 78' lang='lat' dir='ltr'><strong>dicetur,</strong></span> <span class='ocrx_word' id='word_1_581' title='bbox 3178 3305 3515 3358; x_wconf 87' lang='lat' dir='ltr'><strong>revocatum</strong></span> <span class='ocrx_word' id='word_1_582' title='bbox 3576 3297 3638 3358; x_wconf 92' lang='lat' dir='ltr'><strong>in</strong></span> 
     </span>
    </p>
   </div>
   <div class='ocr_carea' id='block_1_81' title="bbox 2001 3386 3637 3467">
    <p class='ocr_par' dir='ltr' id='par_1_81' title="bbox 2001 3386 3637 3467">
     <span class='ocr_line' id='line_1_81' title="bbox 2001 3386 3637 3467; baseline 0.001 -23"><span class='ocrx_word' id='word_1_583' title='bbox 2001 3386 2371 3445; x_wconf 87' lang='lat' dir='ltr'><strong>memoriam.</strong></span> <span class='ocrx_word' id='word_1_584' title='bbox 2413 3388 2528 3447; x_wconf 89' lang='lat' dir='ltr'><strong>Vos</strong></span> <span class='ocrx_word' id='word_1_585' title='bbox 2560 3408 2794 3467; x_wconf 88' lang='lat' dir='ltr'><strong>quoque</strong></span> <span class='ocrx_word' id='word_1_586' title='bbox 2827 3388 2882 3447; x_wconf 89' lang='lat' dir='ltr'><strong>id</strong></span> <span class='ocrx_word' id='word_1_587' title='bbox 2923 3387 3147 3448; x_wconf 88' lang='lat' dir='ltr'><strong>audite.</strong></span> <span class='ocrx_word' id='word_1_588' title='bbox 3187 3388 3331 3448; x_wconf 89' lang='lat' dir='ltr'><strong>Cum</strong></span> <span class='ocrx_word' id='word_1_589' title='bbox 3367 3387 3525 3447; x_wconf 90' lang='lat' dir='ltr'><strong>enim</strong></span> <span class='ocrx_word' id='word_1_590' title='bbox 3552 3391 3637 3446; x_wconf 83' lang='lat' dir='ltr'><strong>vi-</strong></span> 
     </span>
    </p>
   </div>
   <div class='ocr_carea' id='block_1_82' title="bbox 2000 3474 3634 3554">
    <p class='ocr_par' dir='ltr' id='par_1_82' title="bbox 2000 3474 3634 3554">
     <span class='ocr_line' id='line_1_82' title="bbox 2000 3474 3634 3554; baseline 0.002 -22"><span class='ocrx_word' id='word_1_591' title='bbox 2000 3493 2131 3533; x_wconf 90' lang='lat' dir='ltr'><strong>vum</strong></span> <span class='ocrx_word' id='word_1_592' title='bbox 2158 3474 2507 3535; x_wconf 83' lang='lat' dir='ltr'><strong>viditmater</strong></span> <span class='ocrx_word' id='word_1_593' title='bbox 2538 3496 2707 3536; x_wconf 91' lang='lat' dir='ltr'><strong>suum</strong></span> <span class='ocrx_word' id='word_1_594' title='bbox 2742 3476 3154 3536; x_wconf 84' lang='lat' dir='ltr'><strong>charissimum</strong></span> <span class='ocrx_word' id='word_1_595' title='bbox 3191 3481 3242 3544; x_wconf 87' lang='lat'><strong>(0</strong></span> <span class='ocrx_word' id='word_1_596' title='bbox 3271 3493 3488 3535; x_wconf 86' lang='lat' dir='ltr'><strong>arcana</strong></span> <span class='ocrx_word' id='word_1_597' title='bbox 3516 3482 3634 3554; x_wconf 89' lang='lat' dir='ltr'><strong>tua,</strong></span> 
     </span>
    </p>
   </div>
   <div class='ocr_carea' id='block_1_83' title="bbox 2000 3563 3635 3644">
    <p class='ocr_par' dir='ltr' id='par_1_83' title="bbox 2000 3563 3635 3644">
     <span class='ocr_line' id='line_1_83' title="bbox 2000 3563 3635 3644; baseline -0.001 -19"><span class='ocrx_word' id='word_1_598' title='bbox 2000 3582 2036 3624; x_wconf 93' lang='lat' dir='ltr'><strong>o</strong></span> <span class='ocrx_word' id='word_1_599' title='bbox 2060 3563 2601 3644; x_wconf 70' lang='lat' dir='ltr'><strong>Christe,judlriai,</strong></span> <span class='ocrx_word' id='word_1_600' title='bbox 2628 3565 2869 3627; x_wconf 88' lang='lat' dir='ltr'><strong>nimiam</strong></span> <span class='ocrx_word' id='word_1_601' title='bbox 2901 3584 3015 3623; x_wconf 90' lang='lat' dir='ltr'><strong>non</strong></span> <span class='ocrx_word' id='word_1_602' title='bbox 3041 3565 3234 3625; x_wconf 84' lang='lat' dir='ltr'><strong>ferens</strong></span> <span class='ocrx_word' id='word_1_603' title='bbox 3268 3563 3550 3629; x_wconf 71' lang='lat' dir='ltr'><strong>laetitiam.</strong></span> <span class='ocrx_word' id='word_1_604' title='bbox 3578 3566 3635 3624; x_wconf 89' lang='lat' dir='ltr'><strong>in</strong></span> 
     </span>
    </p>
   </div>
   <div class='ocr_carea' id='block_1_84' title="bbox 2002 3651 3632 3732">
    <p class='ocr_par' dir='ltr' id='par_1_84' title="bbox 2002 3651 3632 3732">
     <span class='ocr_line' id='line_1_84' title="bbox 2002 3651 3632 3732; baseline 0 -20"><span class='ocrx_word' id='word_1_605' title='bbox 2002 3662 2221 3713; x_wconf 87' lang='lat' dir='ltr'><strong>terram</strong></span> <span class='ocrx_word' id='word_1_606' title='bbox 2255 3653 2476 3713; x_wconf 81' lang='lat' dir='ltr'><strong>cadens</strong></span> <span class='ocrx_word' id='word_1_607' title='bbox 2498 3655 2834 3732; x_wconf 82' lang='lat' dir='ltr'><strong>exspiravit.</strong></span> <span class='ocrx_word' id='word_1_608' title='bbox 2860 3652 3206 3715; x_wconf 78' lang='lat' dir='ltr'><strong>Ostenditid</strong></span> <span class='ocrx_word' id='word_1_609' title='bbox 3236 3651 3391 3731; x_wconf 88' lang='lat' dir='ltr'><strong>quod</strong></span> <span class='ocrx_word' id='word_1_610' title='bbox 3418 3653 3632 3712; x_wconf 85' lang='lat' dir='ltr'><strong>factum</strong></span> 
     </span>
    </p>
   </div>
   <div class='ocr_carea' id='block_1_85' title="bbox 2004 3740 3631 3821">
    <p class='ocr_par' dir='ltr' id='par_1_85' title="bbox 2004 3740 3631 3821">
     <span class='ocr_line' id='line_1_85' title="bbox 2004 3740 3631 3821; baseline 0 -20"><span class='ocrx_word' id='word_1_611' title='bbox 2004 3753 2112 3815; x_wconf 90' lang='lat' dir='ltr'><strong>est,</strong></span> <span class='ocrx_word' id='word_1_612' title='bbox 2149 3740 2289 3800; x_wconf 87' lang='lat' dir='ltr'><strong>nihil</strong></span> <span class='ocrx_word' id='word_1_613' title='bbox 2322 3743 2519 3813; x_wconf 89' lang='lat' dir='ltr'><strong>nimis,</strong></span> <span class='ocrx_word' id='word_1_614' title='bbox 2547 3762 2679 3804; x_wconf 56' lang='lat' dir='ltr'><strong>esse</strong></span> <span class='ocrx_word' id='word_1_615' title='bbox 2732 3745 2903 3820; x_wconf 86' lang='lat' dir='ltr'><strong>longe</strong></span> <span class='ocrx_word' id='word_1_616' title='bbox 2951 3748 3260 3821; x_wconf 85' lang='lat' dir='ltr'><strong>optimum.</strong></span> <span class='ocrx_word' id='word_1_617' title='bbox 3290 3740 3445 3802; x_wconf 85' lang='lat' dir='ltr'><strong>Ecce</strong></span> <span class='ocrx_word' id='word_1_618' title='bbox 3475 3742 3631 3802; x_wconf 89' lang='lat' dir='ltr'><strong>enim</strong></span> 
     </span>
    </p>
   </div>
   <div class='ocr_carea' id='block_1_86' title="bbox 2002 3830 3631 3911">
    <p class='ocr_par' dir='ltr' id='par_1_86' title="bbox 2002 3830 3631 3911">
     <span class='ocr_line' id='line_1_86' title="bbox 2002 3830 3631 3911; baseline 0 -20"><span class='ocrx_word' id='word_1_619' title='bbox 2002 3850 2119 3891; x_wconf 77' lang='lat' dir='ltr'><strong>non</strong></span> <span class='ocrx_word' id='word_1_620' title='bbox 2148 3831 2450 3891; x_wconf 53' lang='lat' dir='ltr'><strong>mortalem</strong></span> <span class='ocrx_word' id='word_1_621' title='bbox 2472 3832 2660 3892; x_wconf 84' lang='lat' dir='ltr'><strong>solum</strong></span> <span class='ocrx_word' id='word_1_622' title='bbox 2688 3851 2819 3893; x_wconf 84' lang='lat' dir='ltr'><strong>esse</strong></span> <span class='ocrx_word' id='word_1_623' title='bbox 2842 3832 3065 3893; x_wconf 90' lang='lat' dir='ltr'><strong>doloris</strong></span> <span class='ocrx_word' id='word_1_624' title='bbox 3092 3830 3631 3911; x_wconf 87' lang='lat' dir='ltr'><strong>exsuperationem,</strong></span> 
     </span>
    </p>
   </div>
   <div class='ocr_carea' id='block_1_87' title="bbox 2000 3920 3637 3997">
    <p class='ocr_par' dir='ltr' id='par_1_87' title="bbox 2000 3920 3637 3997">
     <span class='ocr_line' id='line_1_87' title="bbox 2000 3920 3637 3997; baseline 0.001 -16"><span class='ocrx_word' id='word_1_625' title='bbox 2000 3921 2102 3981; x_wconf 89' lang='lat' dir='ltr'><strong>sed</strong></span> <span class='ocrx_word' id='word_1_626' title='bbox 2127 3921 2305 3981; x_wconf 89' lang='lat' dir='ltr'><strong>etiam</strong></span> <span class='ocrx_word' id='word_1_627' title='bbox 2359 3921 2553 3997; x_wconf 81' lang='lat' dir='ltr'><strong>gaudii</strong></span> <span class='ocrx_word' id='word_1_628' title='bbox 2588 3922 2856 3982; x_wconf 87' lang='lat' dir='ltr'><strong>novimus</strong></span> <span class='ocrx_word' id='word_1_629' title='bbox 2905 3920 3486 3985; x_wconf 88' lang='lat' dir='ltr'><strong>immnderatiouem.</strong></span> <span class='ocrx_word' id='word_1_630' title='bbox 3518 3920 3637 3983; x_wconf 88' lang='lat' dir='ltr'><strong>Vos</strong></span> 
     </span>
    </p>
   </div>
   <div class='ocr_carea' id='block_1_88' title="bbox 2000 4009 3633 4091">
    <p class='ocr_par' dir='ltr' id='par_1_88' title="bbox 2000 4009 3633 4091">
     <span class='ocr_line' id='line_1_88' title="bbox 2000 4009 3633 4091; baseline 0.001 -21"><span class='ocrx_word' id='word_1_631' title='bbox 2000 4028 2263 4091; x_wconf 89' lang='lat' dir='ltr'><strong>quoque,</strong></span> <span class='ocrx_word' id='word_1_632' title='bbox 2293 4020 2381 4070; x_wconf 87' lang='lat' dir='ltr'><strong>sat</strong></span> <span class='ocrx_word' id='word_1_633' title='bbox 2432 4016 2580 4083; x_wconf 88' lang='lat' dir='ltr'><strong>scio,</strong></span> <span class='ocrx_word' id='word_1_634' title='bbox 2633 4011 2828 4072; x_wconf 78' lang='lat' dir='ltr'><strong>affecti</strong></span> <span class='ocrx_word' id='word_1_635' title='bbox 2877 4011 3021 4071; x_wconf 88' lang='lat' dir='ltr'><strong>estis</strong></span> <span class='ocrx_word' id='word_1_636' title='bbox 3062 4010 3285 4089; x_wconf 90' lang='lat' dir='ltr'><strong>animo,</strong></span> <span class='ocrx_word' id='word_1_637' title='bbox 3328 4029 3397 4071; x_wconf 87' lang='lat' dir='ltr'><strong>ex</strong></span> <span class='ocrx_word' id='word_1_638' title='bbox 3431 4009 3633 4072; x_wconf 63' lang='lat' dir='ltr'><strong>laetitia</strong></span> 
     </span>
    </p>
   </div>
   <div class='ocr_carea' id='block_1_89' title="bbox 2001 4099 3631 4162">
    <p class='ocr_par' dir='ltr' id='par_1_89' title="bbox 2001 4099 3631 4162">
     <span class='ocr_line' id='line_1_89' title="bbox 2001 4099 3631 4162; baseline 0 -2"><span class='ocrx_word' id='word_1_639' title='bbox 2001 4100 2206 4160; x_wconf 68' lang='lat' dir='ltr'><strong>mutiti</strong></span> <span class='ocrx_word' id='word_1_640' title='bbox 2239 4100 2298 4162; x_wconf 89' lang='lat' dir='ltr'><strong>in</strong></span> <span class='ocrx_word' id='word_1_641' title='bbox 2325 4099 2773 4162; x_wconf 87' lang='lat' dir='ltr'><strong>dolorem.Sunt</strong></span> <span class='ocrx_word' id='word_1_642' title='bbox 2796 4099 2953 4160; x_wconf 91' lang='lat' dir='ltr'><strong>enim</strong></span> <span class='ocrx_word' id='word_1_643' title='bbox 2982 4099 3256 4161; x_wconf 64' lang='lat' dir='ltr'><strong>homines</strong></span> <span class='ocrx_word' id='word_1_644' title='bbox 3283 4108 3491 4161; x_wconf 89' lang='lat' dir='ltr'><strong>natura</strong></span> <span class='ocrx_word' id='word_1_645' title='bbox 3516 4099 3631 4160; x_wconf 93' lang='lat' dir='ltr'><strong>mi-</strong></span> 
     </span>
    </p>
   </div>
   <div class='ocr_carea' id='block_1_90' title="bbox 1998 4188 3633 4270">
    <p class='ocr_par' dir='ltr' id='par_1_90' title="bbox 1998 4188 3633 4270">
     <span class='ocr_line' id='line_1_90' title="bbox 1998 4188 3633 4270; baseline 0.001 -21"><span class='ocrx_word' id='word_1_646' title='bbox 1998 4188 2355 4254; x_wconf 80' lang='lat' dir='ltr'><strong>sericordes.</strong></span> <span class='ocrx_word' id='word_1_647' title='bbox 2390 4189 2491 4251; x_wconf 92' lang='lat' dir='ltr'><strong>sed</strong></span> <span class='ocrx_word' id='word_1_648' title='bbox 2531 4208 2715 4270; x_wconf 89' lang='lat' dir='ltr'><strong>prope</strong></span> <span class='ocrx_word' id='word_1_649' title='bbox 2745 4190 2910 4251; x_wconf 85' lang='lat' dir='ltr'><strong>adest</strong></span> <span class='ocrx_word' id='word_1_650' title='bbox 2940 4208 3187 4268; x_wconf 88' lang='lat' dir='ltr'><strong>magnus</strong></span> <span class='ocrx_word' id='word_1_651' title='bbox 3218 4188 3633 4269; x_wconf 84' lang='lat' dir='ltr'><strong>Spiridon,qui</strong></span> 
     </span>
    </p>
   </div>
   <div class='ocr_carea' id='block_1_91' title="bbox 1998 4277 3631 4356">
    <p class='ocr_par' dir='ltr' id='par_1_91' title="bbox 1998 4277 3631 4356">
     <span class='ocr_line' id='line_1_91' title="bbox 1998 4277 3631 4356; baseline 0.002 -20"><span class='ocrx_word' id='word_1_652' title='bbox 1998 4287 2249 4339; x_wconf 84' lang='lat' dir='ltr'><strong>vestram</strong></span> <span class='ocrx_word' id='word_1_653' title='bbox 2284 4279 2582 4340; x_wconf 88' lang='lat' dir='ltr'><strong>tristitiam</strong></span> <span class='ocrx_word' id='word_1_654' title='bbox 2644 4279 2892 4339; x_wconf 91' lang='lat' dir='ltr'><strong>mutabit</strong></span> <span class='ocrx_word' id='word_1_655' title='bbox 2943 4279 3002 4339; x_wconf 88' lang='lat' dir='ltr'><strong>in</strong></span> <span class='ocrx_word' id='word_1_656' title='bbox 3052 4279 3350 4356; x_wconf 81' lang='lat' dir='ltr'><strong>gaudium.</strong></span> <span class='ocrx_word' id='word_1_657' title='bbox 3405 4277 3631 4339; x_wconf 84' lang='lat' dir='ltr'><strong>Rursus</strong></span> 
     </span>
    </p>
   </div>
   <div class='ocr_carea' id='block_1_92' title="bbox 1998 4368 3633 4446">
    <p class='ocr_par' dir='ltr' id='par_1_92' title="bbox 1998 4368 3633 4446">
     <span class='ocr_line' id='line_1_92' title="bbox 1998 4368 3633 4446; baseline 0.003 -19"><span class='ocrx_word' id='word_1_658' title='bbox 1998 4368 2155 4428; x_wconf 88' lang='lat' dir='ltr'><strong>enim</strong></span> <span class='ocrx_word' id='word_1_659' title='bbox 2185 4386 2409 4429; x_wconf 86' lang='lat' dir='ltr'><strong>morem</strong></span> <span class='ocrx_word' id='word_1_660' title='bbox 2442 4369 2594 4446; x_wconf 83' lang='lat' dir='ltr'><strong>gerit</strong></span> <span class='ocrx_word' id='word_1_661' title='bbox 2616 4368 3019 4442; x_wconf 82' lang='lat' dir='ltr'><strong>Artemidoro,</strong></span> <span class='ocrx_word' id='word_1_662' title='bbox 3072 4377 3130 4428; x_wconf 89' lang='lat' dir='ltr'><strong>et</strong></span> <span class='ocrx_word' id='word_1_663' title='bbox 3168 4368 3237 4428; x_wconf 92' lang='lat' dir='ltr'><strong>ad</strong></span> <span class='ocrx_word' id='word_1_664' title='bbox 3274 4368 3386 4428; x_wconf 83' lang='lat' dir='ltr'><strong>hoc</strong></span> <span class='ocrx_word' id='word_1_665' title='bbox 3426 4374 3492 4427; x_wconf 92' lang='lat' dir='ltr'><strong>ut</strong></span> <span class='ocrx_word' id='word_1_666' title='bbox 3532 4368 3633 4432; x_wconf 86' lang='lat' dir='ltr'><strong>det</strong></span> 
     </span>
    </p>
   </div>
   <div class='ocr_carea' id='block_1_93' title="bbox 276 4452 1915 4535">
    <p class='ocr_par' dir='ltr' id='par_1_93' title="bbox 276 4452 1913 4535">
     <span class='ocr_line' id='line_1_93' title="bbox 276 4452 1913 4535; baseline 0.001 -26"><span class='ocrx_word' id='word_1_667' title='bbox 276 4452 399 4527; x_wconf 72' lang='grc' dir='ltr'>ὑμῖν</span> <span class='ocrx_word' id='word_1_668' title='bbox 438 4452 763 4526; x_wconf 76' lang='grc' dir='ltr'>μεταϐαλεῖν</span> <span class='ocrx_word' id='word_1_669' title='bbox 819 4456 917 4523; x_wconf 75' lang='grc' dir='ltr'>τὴν</span> <span class='ocrx_word' id='word_1_670' title='bbox 974 4458 1293 4535; x_wconf 71' lang='grc' dir='ltr'>κατήφειαν,</span> <span class='ocrx_word' id='word_1_671' title='bbox 1357 4457 1593 4512; x_wconf 86' lang='grc' dir='ltr'>Πείθεται</span> <span class='ocrx_word' id='word_1_672' title='bbox 1670 4457 1769 4534; x_wconf 78' lang='grc' dir='ltr'>γὰρ</span> <span class='ocrx_word' id='word_1_673' title='bbox 1827 4458 1913 4512; x_wconf 81' lang='grc' dir='ltr'>γαὶ</span> 
     </span>
    </p>
   </div>
   <div class='ocr_carea' id='block_1_94' title="bbox 2002 4452 3631 4535">
    <p class='ocr_par' dir='ltr' id='par_1_94' title="bbox 2002 4455 3631 4531">
     <span class='ocr_line' id='line_1_94' title="bbox 2002 4455 3631 4531; baseline 0.001 -13"><span class='ocrx_word' id='word_1_674' title='bbox 2002 4467 2245 4518; x_wconf 88' lang='lat' dir='ltr'><strong>matrem</strong></span> <span class='ocrx_word' id='word_1_675' title='bbox 2282 4458 2421 4531; x_wconf 85' lang='lat' dir='ltr'><strong>filio,</strong></span> <span class='ocrx_word' id='word_1_676' title='bbox 2463 4460 2549 4519; x_wconf 91' lang='lat' dir='ltr'><strong>vir</strong></span> <span class='ocrx_word' id='word_1_677' title='bbox 2588 4459 2895 4521; x_wconf 90' lang='lat' dir='ltr'><strong>modestus</strong></span> <span class='ocrx_word' id='word_1_678' title='bbox 2927 4457 3245 4520; x_wconf 87' lang='lat' dir='ltr'><strong>inducitur.</strong></span> <span class='ocrx_word' id='word_1_679' title='bbox 3279 4455 3367 4518; x_wconf 87' lang='lat' dir='ltr'><strong>Ad</strong></span> <span class='ocrx_word' id='word_1_680' title='bbox 3417 4456 3631 4519; x_wconf 71' lang='lat' dir='ltr'><strong>uelum</strong></span> 
     </span>
    </p>
   </div>
   <div class='ocr_carea' id='block_1_95' title="bbox 282 4541 1915 4623">
    <p class='ocr_par' dir='ltr' id='par_1_95' title="bbox 282 4541 1915 4623">
     <span class='ocr_line' id='line_1_95' title="bbox 282 4541 1915 4623; baseline 0.004 -28"><span class='ocrx_word' id='word_1_681' title='bbox 282 4544 418 4606; x_wconf 62' lang='grc' dir='ltr'>αὖθις</span> <span class='ocrx_word' id='word_1_682' title='bbox 455 4541 828 4623; x_wconf 82' lang='grc' dir='ltr'>Ἀρτεμιδώρῳ</span> <span class='ocrx_word' id='word_1_683' title='bbox 885 4546 972 4600; x_wconf 86' lang='grc' dir='ltr'><strong>καὶ</strong></span> <span class='ocrx_word' id='word_1_684' title='bbox 1024 4547 1154 4623; x_wconf 85' lang='grc' dir='ltr'>πρὸς</span> <span class='ocrx_word' id='word_1_685' title='bbox 1203 4547 1265 4602; x_wconf 83' lang='grc' dir='ltr'>τὸ</span> <span class='ocrx_word' id='word_1_686' title='bbox 1294 4544 1470 4602; x_wconf 87' lang='grc' dir='ltr'>δοῦναι</span> <span class='ocrx_word' id='word_1_687' title='bbox 1500 4547 1586 4603; x_wconf 79' lang='grc' dir='ltr'>καὶ</span> <span class='ocrx_word' id='word_1_688' title='bbox 1641 4553 1716 4618; x_wconf 85' lang='grc' dir='ltr'>τῷ</span> <span class='ocrx_word' id='word_1_689' title='bbox 1770 4544 1915 4602; x_wconf 84' lang='grc' dir='ltr'>παιδὶ</span> 
     </span>
    </p>
   </div>
   <div class='ocr_carea' id='block_1_96' title="bbox 289 4630 1917 4714">
    <p class='ocr_par' dir='ltr' id='par_1_96' title="bbox 289 4630 1917 4714">
     <span class='ocr_line' id='line_1_96' title="bbox 289 4630 1917 4714; baseline 0.003 -29"><span class='ocrx_word' id='word_1_690' title='bbox 289 4630 384 4698; x_wconf 67' lang='grc' dir='ltr'><strong>τήν</strong></span> <span class='ocrx_word' id='word_1_691' title='bbox 412 4634 633 4713; x_wconf 79' lang='grc' dir='ltr'>μητέρα,</span> <span class='ocrx_word' id='word_1_692' title='bbox 697 4637 726 4690; x_wconf 86' lang='grc' dir='ltr'><strong>ὁ</strong></span> <span class='ocrx_word' id='word_1_693' title='bbox 784 4635 1114 4714; x_wconf 68' lang='grc' dir='ltr'>μετριόφρων</span> <span class='ocrx_word' id='word_1_694' title='bbox 1176 4634 1478 4714; x_wconf 80' lang='grc' dir='ltr'>ἐφέλκεται,</span> <span class='ocrx_word' id='word_1_695' title='bbox 1536 4637 1669 4711; x_wconf 79' lang='grc' dir='ltr'>Πρὸς</span> <span class='ocrx_word' id='word_1_696' title='bbox 1700 4637 1917 4712; x_wconf 72' lang='grc' dir='ltr'>οὖρανὸν</span> 
     </span>
    </p>
   </div>
   <div class='ocr_carea' id='block_1_97' title="bbox 281 4721 1918 4804">
    <p class='ocr_par' dir='ltr' id='par_1_97' title="bbox 281 4721 1918 4804">
     <span class='ocr_line' id='line_1_97' title="bbox 281 4721 1918 4804; baseline 0.002 -28"><span class='ocrx_word' id='word_1_697' title='bbox 281 4723 369 4777; x_wconf 80' lang='grc' dir='ltr'>οὖν</span> <span class='ocrx_word' id='word_1_698' title='bbox 412 4721 611 4780; x_wconf 79' lang='grc' dir='ltr'>ἀπιδὼν</span> <span class='ocrx_word' id='word_1_699' title='bbox 668 4725 757 4781; x_wconf 81' lang='grc' dir='ltr'><strong>καὶ</strong></span> <span class='ocrx_word' id='word_1_700' title='bbox 812 4726 904 4780; x_wconf 86' lang='grc' dir='ltr'>τὸν</span> <span class='ocrx_word' id='word_1_701' title='bbox 965 4728 1019 4780; x_wconf 75' lang='grc' dir='ltr'>ἒν</span> <span class='ocrx_word' id='word_1_702' title='bbox 1074 4724 1260 4788; x_wconf 73' lang='grc' dir='ltr'>αὐτοῖς</span> <span class='ocrx_word' id='word_1_703' title='bbox 1332 4732 1680 4782; x_wconf 78' lang='grc' dir='ltr'>κατοικοῦντα</span> <span class='ocrx_word' id='word_1_704' title='bbox 1735 4725 1918 4804; x_wconf 75' lang='grc' dir='ltr'>Κύριον</span> 
     </span>
    </p>
   </div>
   <div class='ocr_carea' id='block_1_98' title="bbox 278 4811 1916 4895">
    <p class='ocr_par' dir='ltr' id='par_1_98' title="bbox 278 4811 1916 4895">
     <span class='ocr_line' id='line_1_98' title="bbox 278 4811 1916 4895; baseline 0.002 -28"><span class='ocrx_word' id='word_1_705' title='bbox 278 4824 348 4875; x_wconf 71' lang='grc' dir='ltr'><strong>εις</strong></span> <span class='ocrx_word' id='word_1_706' title='bbox 379 4811 591 4892; x_wconf 78' lang='grc' dir='ltr'>καρδίαν</span> <span class='ocrx_word' id='word_1_707' title='bbox 648 4811 826 4870; x_wconf 79' lang='grc' dir='ltr'>λαϐὼν</span> <span class='ocrx_word' id='word_1_708' title='bbox 875 4813 1076 4872; x_wconf 75' lang='grc' dir='ltr'>ἐκείνου</span> <span class='ocrx_word' id='word_1_709' title='bbox 1133 4836 1191 4871; x_wconf 89' lang='grc' dir='ltr'><strong>τε</strong></span> <span class='ocrx_word' id='word_1_710' title='bbox 1236 4812 1466 4895; x_wconf 79' lang='grc' dir='ltr'>δεηθεὶς,</span> <span class='ocrx_word' id='word_1_711' title='bbox 1520 4822 1611 4871; x_wconf 90' lang='grc' dir='ltr'><strong>τοῦ</strong></span> <span class='ocrx_word' id='word_1_712' title='bbox 1646 4828 1765 4879; x_wconf 75' lang='grc' dir='ltr'>τοῖς</span> <span class='ocrx_word' id='word_1_713' title='bbox 1825 4837 1916 4871; x_wconf 88' lang='grc' dir='ltr'>νε-</span> 
     </span>
    </p>
   </div>
   <div class='ocr_carea' id='block_1_99' title="bbox 274 4902 1918 4981">
    <p class='ocr_par' dir='ltr' id='par_1_99' title="bbox 274 4902 1918 4981">
     <span class='ocr_line' id='line_1_99' title="bbox 274 4902 1918 4981; baseline 0.001 -24"><span class='ocrx_word' id='word_1_714' title='bbox 274 4915 426 4980; x_wconf 76' lang='grc' dir='ltr'>κροῖς</span> <span class='ocrx_word' id='word_1_715' title='bbox 504 4902 650 4973; x_wconf 78' lang='grc' dir='ltr'>ζωὴν</span> <span class='ocrx_word' id='word_1_716' title='bbox 706 4902 1054 4977; x_wconf 79' lang='grc' dir='ltr'>ἐμπνέοντος,</span> <span class='ocrx_word' id='word_1_717' title='bbox 1121 4905 1214 4961; x_wconf 82' lang='grc' dir='ltr'><strong>καί</strong></span> <span class='ocrx_word' id='word_1_718' title='bbox 1281 4911 1359 4978; x_wconf 83' lang='grc' dir='ltr'>τῷ</span> <span class='ocrx_word' id='word_1_719' title='bbox 1414 4903 1712 4981; x_wconf 68' lang='grc' dir='ltr'>βουλήματι</span> <span class='ocrx_word' id='word_1_720' title='bbox 1770 4906 1918 4979; x_wconf 85' lang='grc' dir='ltr'>μόνῳ</span> 
     </span>
    </p>
   </div>
   <div class='ocr_carea' id='block_1_100' title="bbox 272 4990 1914 5071">
    <p class='ocr_par' dir='ltr' id='par_1_100' title="bbox 272 4990 1914 5071">
     <span class='ocr_line' id='line_1_100' title="bbox 272 4990 1914 5071; baseline 0.002 -23"><span class='ocrx_word' id='word_1_721' title='bbox 272 4991 448 5048; x_wconf 71' lang='grc' dir='ltr'>πάντα</span> <span class='ocrx_word' id='word_1_722' title='bbox 527 4994 943 5066; x_wconf 83' lang='grc' dir='ltr'>μεταποιοῦντος</span> <span class='ocrx_word' id='word_1_723' title='bbox 1024 4994 1110 5050; x_wconf 81' lang='grc' dir='ltr'><strong>καὶ</strong></span> <span class='ocrx_word' id='word_1_724' title='bbox 1165 4990 1616 5065; x_wconf 79' lang='grc' dir='ltr'>μεταϐάλλοντος,</span> <span class='ocrx_word' id='word_1_725' title='bbox 1677 4999 1745 5071; x_wconf 82' lang='grc' dir='ltr'><strong>τῇ</strong></span> <span class='ocrx_word' id='word_1_726' title='bbox 1797 5016 1914 5051; x_wconf 89' lang='grc' dir='ltr'>κει-</span> 
     </span>
    </p>
   </div>
   <div class='ocr_carea' id='block_1_101' title="bbox 271 5077 1911 5161">
    <p class='ocr_par' dir='ltr' id='par_1_101' title="bbox 271 5077 1911 5161">
     <span class='ocr_line' id='line_1_101' title="bbox 271 5077 1911 5161; baseline 0.001 -23"><span class='ocrx_word' id='word_1_727' title='bbox 271 5078 432 5157; x_wconf 75' lang='grc' dir='ltr'>μένῃ,</span> <span class='ocrx_word' id='word_1_728' title='bbox 497 5077 805 5155; x_wconf 75' lang='grc' dir='ltr'>Ἀνάστηθι,</span> <span class='ocrx_word' id='word_1_729' title='bbox 860 5082 1027 5161; x_wconf 80' lang='grc' dir='ltr'>λέγει,</span> <span class='ocrx_word' id='word_1_730' title='bbox 1068 5083 1163 5140; x_wconf 72' lang='grc' dir='ltr'>καὶ</span> <span class='ocrx_word' id='word_1_731' title='bbox 1215 5083 1367 5151; x_wconf 82' lang='grc' dir='ltr'>στῆθι</span> <span class='ocrx_word' id='word_1_732' title='bbox 1426 5082 1511 5139; x_wconf 71' lang='grc' dir='ltr'><strong>ἐπὶ</strong></span> <span class='ocrx_word' id='word_1_733' title='bbox 1570 5084 1689 5143; x_wconf 73' lang='grc' dir='ltr'>τοὺς</span> <span class='ocrx_word' id='word_1_734' title='bbox 1747 5083 1911 5146; x_wconf 81' lang='grc' dir='ltr'>πόδας</span> 
     </span>
    </p>
   </div>
   <div class='ocr_carea' id='block_1_102' title="bbox 271 5168 1910 5252">
    <p class='ocr_par' dir='ltr' id='par_1_102' title="bbox 271 5168 1910 5252">
     <span class='ocr_line' id='line_1_102' title="bbox 271 5168 1910 5252; baseline 0.002 -26"><span class='ocrx_word' id='word_1_735' title='bbox 271 5190 386 5234; x_wconf 78' lang='grc' dir='ltr'>σου,</span> <span class='ocrx_word' id='word_1_736' title='bbox 446 5168 513 5227; x_wconf 86' lang='grc' dir='ltr'><strong><em>Ἥ</em></strong></span> <span class='ocrx_word' id='word_1_737' title='bbox 570 5168 627 5226; x_wconf 76' lang='grc' dir='ltr'><strong>δὲ</strong></span> <span class='ocrx_word' id='word_1_738' title='bbox 699 5177 1061 5252; x_wconf 78' lang='grc' dir='ltr'>παραχρῆμα,</span> <span class='ocrx_word' id='word_1_739' title='bbox 1120 5174 1357 5250; x_wconf 79' lang='grc' dir='ltr'>καθάπερ</span> <span class='ocrx_word' id='word_1_740' title='bbox 1412 5171 1560 5246; x_wconf 77' lang='grc' dir='ltr'>ὕπνῳ</span> <span class='ocrx_word' id='word_1_741' title='bbox 1602 5172 1805 5245; x_wconf 80' lang='grc' dir='ltr'>μᾶλλον</span> <span class='ocrx_word' id='word_1_742' title='bbox 1874 5174 1910 5243; x_wconf 66' lang='grc' dir='ltr'>ἢ</span> 
     </span>
    </p>
   </div>
   <div class='ocr_carea' id='block_1_103' title="bbox 266 5260 1907 5340">
    <p class='ocr_par' dir='ltr' id='par_1_103' title="bbox 266 5260 1907 5340">
     <span class='ocr_line' id='line_1_103' title="bbox 266 5260 1907 5340; baseline 0.001 -23"><span class='ocrx_word' id='word_1_743' title='bbox 266 5260 471 5335; x_wconf 72' lang='grc' dir='ltr'>θανάτῳ</span> <span class='ocrx_word' id='word_1_744' title='bbox 500 5261 915 5339; x_wconf 77' lang='grc' dir='ltr'>κατισχημὲνη,</span> <span class='ocrx_word' id='word_1_745' title='bbox 968 5261 1165 5329; x_wconf 82' lang='grc' dir='ltr'>ἀνέστη</span> <span class='ocrx_word' id='word_1_746' title='bbox 1194 5284 1252 5319; x_wconf 91' lang='grc' dir='ltr'><strong>τε</strong></span> <span class='ocrx_word' id='word_1_747' title='bbox 1298 5263 1386 5319; x_wconf 87' lang='grc' dir='ltr'><strong>καὶ</strong></span> <span class='ocrx_word' id='word_1_748' title='bbox 1445 5261 1682 5340; x_wconf 83' lang='grc' dir='ltr'>παρέστη</span> <span class='ocrx_word' id='word_1_749' title='bbox 1741 5263 1907 5339; x_wconf 76' lang='grc' dir='ltr'>αύτῷ,</span> 
     </span>
    </p>
   </div>
   <div class='ocr_carea' id='block_1_104' title="bbox 268 5347 1910 5430">
    <p class='ocr_par' dir='ltr' id='par_1_104' title="bbox 268 5347 1910 5430">
     <span class='ocr_line' id='line_1_104' title="bbox 268 5347 1910 5430; baseline 0.001 -24"><span class='ocrx_word' id='word_1_750' title='bbox 268 5350 350 5406; x_wconf 81' lang='grc' dir='ltr'><strong>καὶ</strong></span> <span class='ocrx_word' id='word_1_751' title='bbox 418 5352 479 5407; x_wconf 83' lang='grc' dir='ltr'>τὸ</span> <span class='ocrx_word' id='word_1_752' title='bbox 535 5347 749 5406; x_wconf 79' lang='grc' dir='ltr'>παιδίον</span> <span class='ocrx_word' id='word_1_753' title='bbox 802 5348 889 5407; x_wconf 79' lang='grc' dir='ltr'>ἐπὶ</span> <span class='ocrx_word' id='word_1_754' title='bbox 946 5356 1051 5406; x_wconf 80' lang='grc' dir='ltr'><strong>τῶν</strong></span> <span class='ocrx_word' id='word_1_755' title='bbox 1107 5350 1357 5428; x_wconf 77' lang='grc' dir='ltr'>ἀγκαλῶν</span> <span class='ocrx_word' id='word_1_756' title='bbox 1415 5350 1634 5430; x_wconf 77' lang='grc' dir='ltr'>εἴληφε,</span> <span class='ocrx_word' id='word_1_757' title='bbox 1693 5352 1910 5409; x_wconf 65' lang='grc' dir='ltr'>κάκεῖνο</span> 
     </span>
    </p>
   </div>
   <div class='ocr_carea' id='block_1_105' title="bbox 1998 4545 3626 4628">
    <p class='ocr_par' dir='ltr' id='par_1_105' title="bbox 1998 4545 3626 4628">
     <span class='ocr_line' id='line_1_105' title="bbox 1998 4545 3626 4628; baseline 0 -19"><span class='ocrx_word' id='word_1_758' title='bbox 1998 4565 2140 4627; x_wconf 83' lang='lat' dir='ltr'><strong>ergo</strong></span> <span class='ocrx_word' id='word_1_759' title='bbox 2197 4547 2461 4622; x_wconf 89' lang='lat' dir='ltr'><strong>intuens,</strong></span> <span class='ocrx_word' id='word_1_760' title='bbox 2503 4557 2561 4609; x_wconf 91' lang='lat' dir='ltr'><strong>et</strong></span> <span class='ocrx_word' id='word_1_761' title='bbox 2615 4548 2956 4621; x_wconf 90' lang='lat' dir='ltr'><strong>Dominum,</strong></span> <span class='ocrx_word' id='word_1_762' title='bbox 3011 4548 3110 4628; x_wconf 87' lang='lat' dir='ltr'><strong>qui</strong></span> <span class='ocrx_word' id='word_1_763' title='bbox 3156 4547 3216 4607; x_wconf 90' lang='lat' dir='ltr'><strong>in</strong></span> <span class='ocrx_word' id='word_1_764' title='bbox 3264 4545 3351 4607; x_wconf 87' lang='lat' dir='ltr'><strong>eis</strong></span> <span class='ocrx_word' id='word_1_765' title='bbox 3382 4545 3626 4618; x_wconf 84' lang='lat' dir='ltr'><strong>habitat,</strong></span> 
     </span>
    </p>
   </div>
   <div class='ocr_carea' id='block_1_106' title="bbox 1999 4637 3633 4719">
    <p class='ocr_par' dir='ltr' id='par_1_106' title="bbox 1999 4637 3633 4719">
     <span class='ocr_line' id='line_1_106' title="bbox 1999 4637 3633 4719; baseline 0.001 -22"><span class='ocrx_word' id='word_1_766' title='bbox 1999 4645 2197 4699; x_wconf 88' lang='lat' dir='ltr'><strong>mente</strong></span> <span class='ocrx_word' id='word_1_767' title='bbox 2228 4640 2473 4717; x_wconf 79' lang='lat' dir='ltr'><strong>agitans,</strong></span> <span class='ocrx_word' id='word_1_768' title='bbox 2508 4639 2673 4700; x_wconf 92' lang='lat' dir='ltr'><strong>illum</strong></span> <span class='ocrx_word' id='word_1_769' title='bbox 2710 4647 3003 4719; x_wconf 79' lang='lat' dir='ltr'><strong>precatus,</strong></span> <span class='ocrx_word' id='word_1_770' title='bbox 3032 4640 3133 4714; x_wconf 89' lang='lat' dir='ltr'><strong>qui</strong></span> <span class='ocrx_word' id='word_1_771' title='bbox 3166 4639 3341 4698; x_wconf 88' lang='lat' dir='ltr'><strong>vitam</strong></span> <span class='ocrx_word' id='word_1_772' title='bbox 3388 4637 3633 4715; x_wconf 85' lang='lat' dir='ltr'><strong>inspirat</strong></span> 
     </span>
    </p>
   </div>
   <div class='ocr_carea' id='block_1_107' title="bbox 2001 4728 3634 4800">
    <p class='ocr_par' dir='ltr' id='par_1_107' title="bbox 2001 4728 3634 4800">
     <span class='ocr_line' id='line_1_107' title="bbox 2001 4728 3634 4800; baseline 0 -13"><span class='ocrx_word' id='word_1_773' title='bbox 2001 4729 2271 4800; x_wconf 89' lang='lat' dir='ltr'><strong>mortuis,</strong></span> <span class='ocrx_word' id='word_1_774' title='bbox 2307 4738 2361 4789; x_wconf 91' lang='lat' dir='ltr'><strong>et</strong></span> <span class='ocrx_word' id='word_1_775' title='bbox 2421 4728 2546 4790; x_wconf 86' lang='lat' dir='ltr'><strong>sola</strong></span> <span class='ocrx_word' id='word_1_776' title='bbox 2590 4730 2892 4790; x_wconf 72' lang='lat' dir='ltr'><strong>voluntate</strong></span> <span class='ocrx_word' id='word_1_777' title='bbox 2939 4728 3138 4789; x_wconf 89' lang='lat' dir='ltr'><strong>omnia</strong></span> <span class='ocrx_word' id='word_1_778' title='bbox 3185 4734 3536 4788; x_wconf 88' lang='lat' dir='ltr'><strong>transmutat</strong></span> <span class='ocrx_word' id='word_1_779' title='bbox 3564 4744 3634 4787; x_wconf 82' lang='lat' dir='ltr'><strong>ac</strong></span> 
     </span>
    </p>
   </div>
   <div class='ocr_carea' id='block_1_108' title="bbox 2001 4814 3632 4900">
    <p class='ocr_par' dir='ltr' id='par_1_108' title="bbox 2001 4814 3632 4900">
     <span class='ocr_line' id='line_1_108' title="bbox 2001 4814 3632 4900; baseline 0.001 -25"><span class='ocrx_word' id='word_1_780' title='bbox 2001 4818 2404 4898; x_wconf 77' lang='lat' dir='ltr'><strong>transformat,</strong></span> <span class='ocrx_word' id='word_1_781' title='bbox 2437 4818 2583 4879; x_wconf 91' lang='lat' dir='ltr'><strong>dicit</strong></span> <span class='ocrx_word' id='word_1_782' title='bbox 2624 4819 2681 4879; x_wconf 85' lang='lat' dir='ltr'><strong>ei</strong></span> <span class='ocrx_word' id='word_1_783' title='bbox 2723 4837 2854 4900; x_wconf 66' lang='lat' dir='ltr'><strong>quae</strong></span> <span class='ocrx_word' id='word_1_784' title='bbox 2876 4817 3157 4898; x_wconf 79' lang='lat' dir='ltr'><strong>jacebat:</strong></span> <span class='ocrx_word' id='word_1_785' title='bbox 3207 4814 3418 4893; x_wconf 80' lang='lat' dir='ltr'><strong>Surge,</strong></span> <span class='ocrx_word' id='word_1_786' title='bbox 3452 4824 3509 4876; x_wconf 91' lang='lat' dir='ltr'><strong>et</strong></span> <span class='ocrx_word' id='word_1_787' title='bbox 3543 4824 3632 4877; x_wconf 84' lang='lat' dir='ltr'><strong>sta</strong></span> 
     </span>
    </p>
   </div>
   <div class='ocr_carea' id='block_1_109' title="bbox 1998 4908 3629 4987">
    <p class='ocr_par' dir='ltr' id='par_1_109' title="bbox 1998 4908 3629 4987">
     <span class='ocr_line' id='line_1_109' title="bbox 1998 4908 3629 4987; baseline -0.002 -19"><span class='ocrx_word' id='word_1_788' title='bbox 1998 4925 2177 4987; x_wconf 86' lang='lat' dir='ltr'><strong>supra</strong></span> <span class='ocrx_word' id='word_1_789' title='bbox 2213 4908 2395 4986; x_wconf 87' lang='lat' dir='ltr'><strong>pedes</strong></span> <span class='ocrx_word' id='word_1_790' title='bbox 2450 4916 2606 4970; x_wconf 91' lang='lat' dir='ltr'><strong>tuos.</strong></span> <span class='ocrx_word' id='word_1_791' title='bbox 2657 4908 2762 4970; x_wconf 86' lang='lat' dir='ltr'><strong>Illa</strong></span> <span class='ocrx_word' id='word_1_792' title='bbox 2807 4916 3002 4968; x_wconf 90' lang='lat' dir='ltr'><strong>autem</strong></span> <span class='ocrx_word' id='word_1_793' title='bbox 3058 4916 3325 4983; x_wconf 87' lang='lat' dir='ltr'><strong>repente,</strong></span> <span class='ocrx_word' id='word_1_794' title='bbox 3362 4913 3629 4983; x_wconf 89' lang='lat' dir='ltr'><strong>utquam</strong></span> 
     </span>
    </p>
   </div>
   <div class='ocr_carea' id='block_1_110' title="bbox 1998 4992 3634 5077">
    <p class='ocr_par' dir='ltr' id='par_1_110' title="bbox 1998 4992 3634 5077">
     <span class='ocr_line' id='line_1_110' title="bbox 1998 4992 3634 5077; baseline -0.002 -21"><span class='ocrx_word' id='word_1_795' title='bbox 1998 5014 2244 5057; x_wconf 87' lang='lat' dir='ltr'><strong>somnus</strong></span> <span class='ocrx_word' id='word_1_796' title='bbox 2277 4996 2490 5075; x_wconf 88' lang='lat' dir='ltr'><strong>potius,</strong></span> <span class='ocrx_word' id='word_1_797' title='bbox 2523 5014 2697 5077; x_wconf 89' lang='lat' dir='ltr'><strong>quam</strong></span> <span class='ocrx_word' id='word_1_798' title='bbox 2734 5013 2914 5069; x_wconf 89' lang='lat' dir='ltr'><strong>mors,</strong></span> <span class='ocrx_word' id='word_1_799' title='bbox 2940 5002 3337 5073; x_wconf 83' lang='lat' dir='ltr'><strong>oppresserat,</strong></span> <span class='ocrx_word' id='word_1_800' title='bbox 3379 4992 3634 5052; x_wconf 86' lang='lat' dir='ltr'><strong>surrexit</strong></span> 
     </span>
    </p>
   </div>
   <div class='ocr_carea' id='block_1_111' title="bbox 1995 5081 3626 5161">
    <p class='ocr_par' dir='ltr' id='par_1_111' title="bbox 1995 5081 3626 5161">
     <span class='ocr_line' id='line_1_111' title="bbox 1995 5081 3626 5161; baseline -0.002 -15"><span class='ocrx_word' id='word_1_801' title='bbox 1995 5092 2055 5146; x_wconf 88' lang='lat' dir='ltr'><strong>et</strong></span> <span class='ocrx_word' id='word_1_802' title='bbox 2076 5086 2128 5145; x_wconf 89' lang='lat' dir='ltr'><strong>ei</strong></span> <span class='ocrx_word' id='word_1_803' title='bbox 2153 5085 2355 5156; x_wconf 87' lang='lat' dir='ltr'><strong>astitit,</strong></span> <span class='ocrx_word' id='word_1_804' title='bbox 2383 5092 2442 5147; x_wconf 91' lang='lat' dir='ltr'><strong>et</strong></span> <span class='ocrx_word' id='word_1_805' title='bbox 2469 5085 2757 5146; x_wconf 85' lang='lat' dir='ltr'><strong>infantem</strong></span> <span class='ocrx_word' id='word_1_806' title='bbox 2790 5085 2850 5146; x_wconf 89' lang='lat' dir='ltr'><strong>in</strong></span> <span class='ocrx_word' id='word_1_807' title='bbox 2885 5085 3042 5145; x_wconf 91' lang='lat' dir='ltr'><strong>ulnis</strong></span> <span class='ocrx_word' id='word_1_808' title='bbox 3071 5081 3437 5161; x_wconf 81' lang='lat' dir='ltr'><strong>accepitJlle</strong></span> <span class='ocrx_word' id='word_1_809' title='bbox 3467 5099 3626 5157; x_wconf 88' lang='lat' dir='ltr'><strong>vero,</strong></span> 
     </span>
    </p>
   </div>
   <div class='ocr_carea' id='block_1_112' title="bbox 1994 5170 3625 5255">
    <p class='ocr_par' dir='ltr' id='par_1_112' title="bbox 1994 5170 3625 5255">
     <span class='ocr_line' id='line_1_112' title="bbox 1994 5170 3625 5255; baseline -0.002 -22"><span class='ocrx_word' id='word_1_810' title='bbox 1994 5173 2358 5248; x_wconf 84' lang='lat' dir='ltr'><strong>utdiximus,</strong></span> <span class='ocrx_word' id='word_1_811' title='bbox 2395 5182 2522 5235; x_wconf 87' lang='lat' dir='ltr'><strong>erat</strong></span> <span class='ocrx_word' id='word_1_812' title='bbox 2552 5174 2738 5255; x_wconf 82' lang='lat' dir='ltr'><strong>vivus,</strong></span> <span class='ocrx_word' id='word_1_813' title='bbox 2782 5183 2842 5235; x_wconf 85' lang='lat' dir='ltr'><strong>et</strong></span> <span class='ocrx_word' id='word_1_814' title='bbox 2871 5175 2928 5233; x_wconf 91' lang='lat' dir='ltr'><strong>in</strong></span> <span class='ocrx_word' id='word_1_815' title='bbox 2960 5172 3116 5233; x_wconf 91' lang='lat' dir='ltr'><strong>ulnis</strong></span> <span class='ocrx_word' id='word_1_816' title='bbox 3149 5170 3433 5232; x_wconf 88' lang='lat' dir='ltr'><strong>maternis</strong></span> <span class='ocrx_word' id='word_1_817' title='bbox 3462 5176 3625 5232; x_wconf 82' lang='lat' dir='ltr'><strong>exsi-</strong></span> 
     </span>
    </p>
   </div>
   <div class='ocr_carea' id='block_1_113' title="bbox 1993 5261 3622 5343">
    <p class='ocr_par' dir='ltr' id='par_1_113' title="bbox 1993 5261 3622 5343">
     <span class='ocr_line' id='line_1_113' title="bbox 1993 5261 3622 5343; baseline -0.002 -20"><span class='ocrx_word' id='word_1_818' title='bbox 1993 5261 2340 5324; x_wconf 75' lang='lat' dir='ltr'><strong>liebat.Ha3c</strong></span> <span class='ocrx_word' id='word_1_819' title='bbox 2365 5263 2464 5324; x_wconf 91' lang='lat' dir='ltr'><strong>ille</strong></span> <span class='ocrx_word' id='word_1_820' title='bbox 2481 5263 2718 5343; x_wconf 80' lang='lat' dir='ltr'><strong>quidem</strong></span> <span class='ocrx_word' id='word_1_821' title='bbox 2745 5280 3013 5343; x_wconf 81' lang='lat' dir='ltr'><strong>magnus,</strong></span> <span class='ocrx_word' id='word_1_822' title='bbox 3036 5270 3278 5342; x_wconf 88' lang='lat' dir='ltr'><strong>propter</strong></span> <span class='ocrx_word' id='word_1_823' title='bbox 3308 5261 3622 5339; x_wconf 84' lang='lat' dir='ltr'><strong>insignem,</strong></span> 
     </span>
    </p>
   </div>
   <div class='ocr_carea' id='block_1_114' title="bbox 1993 5350 3621 5429">
    <p class='ocr_par' dir='ltr' id='par_1_114' title="bbox 1993 5350 3621 5429">
     <span class='ocr_line' id='line_1_114' title="bbox 1993 5350 3621 5429; baseline -0.002 -15"><span class='ocrx_word' id='word_1_824' title='bbox 1993 5360 2057 5414; x_wconf 90' lang='lat' dir='ltr'><strong>ut</strong></span> <span class='ocrx_word' id='word_1_825' title='bbox 2088 5351 2230 5423; x_wconf 83' lang='lat' dir='ltr'><strong>dixi,</strong></span> <span class='ocrx_word' id='word_1_826' title='bbox 2288 5351 2759 5416; x_wconf 88' lang='lat' dir='ltr'><strong>moderationem</strong></span> <span class='ocrx_word' id='word_1_827' title='bbox 2806 5351 3046 5414; x_wconf 87' lang='lat' dir='ltr'><strong>nolebat</strong></span> <span class='ocrx_word' id='word_1_828' title='bbox 3075 5350 3272 5411; x_wconf 77' lang='lat' dir='ltr'><strong>efferri</strong></span> <span class='ocrx_word' id='word_1_829' title='bbox 3300 5350 3359 5410; x_wconf 89' lang='lat' dir='ltr'><strong>in</strong></span> <span class='ocrx_word' id='word_1_830' title='bbox 3390 5350 3621 5429; x_wconf 89' lang='lat' dir='ltr'><strong>vulgus,</strong></span> 
     </span>
    </p>
   </div>
   <div class='ocr_carea' id='block_1_115' title="bbox 264 5437 1915 5525">
    <p class='ocr_par' dir='ltr' id='par_1_115' title="bbox 264 5437 1908 5523">
     <span class='ocr_line' id='line_1_115' title="bbox 264 5437 1908 5523; baseline 0.003 -30"><span class='ocrx_word' id='word_1_831' title='bbox 264 5440 365 5510; x_wconf 77' lang='grc' dir='ltr'>ζῶν</span> <span class='ocrx_word' id='word_1_832' title='bbox 427 5439 517 5521; x_wconf 79' lang='grc' dir='ltr'>ἦν,</span> <span class='ocrx_word' id='word_1_833' title='bbox 582 5438 771 5523; x_wconf 65' lang='grc' dir='ltr'>ὧσπερ</span> <span class='ocrx_word' id='word_1_834' title='bbox 832 5437 1069 5519; x_wconf 76' lang='grc' dir='ltr'>εἴρηται,</span> <span class='ocrx_word' id='word_1_835' title='bbox 1131 5441 1217 5496; x_wconf 80' lang='grc' dir='ltr'><strong>καὶ</strong></span> <span class='ocrx_word' id='word_1_836' title='bbox 1272 5453 1397 5504; x_wconf 79' lang='grc' dir='ltr'>ταῖς</span> <span class='ocrx_word' id='word_1_837' title='bbox 1445 5454 1735 5520; x_wconf 82' lang='grc' dir='ltr'>μητρικατς</span> <span class='ocrx_word' id='word_1_838' title='bbox 1767 5441 1908 5499; x_wconf 78' lang='grc' dir='ltr'><strong>ὠλέ-</strong></span> 
     </span>
    </p>
   </div>
   <div class='ocr_carea' id='block_1_116' title="bbox 2002 5437 3628 5525">
    <p class='ocr_par' dir='ltr' id='par_1_116' title="bbox 2002 5439 3628 5525">
     <span class='ocr_line' id='line_1_116' title="bbox 2002 5439 3628 5525; baseline 0 -20"><span class='ocrx_word' id='word_1_839' title='bbox 2002 5441 2364 5505; x_wconf 72' lang='lat' dir='ltr'><strong>Artemidoro</strong></span> <span class='ocrx_word' id='word_1_840' title='bbox 2395 5450 2650 5518; x_wconf 81' lang='lat' dir='ltr'><strong>certe,et</strong></span> <span class='ocrx_word' id='word_1_841' title='bbox 2667 5442 2900 5505; x_wconf 89' lang='lat' dir='ltr'><strong>mulieri</strong></span> <span class='ocrx_word' id='word_1_842' title='bbox 2927 5460 3032 5525; x_wconf 86' lang='lat' dir='ltr'><strong>per</strong></span> <span class='ocrx_word' id='word_1_843' title='bbox 3056 5439 3429 5516; x_wconf 85' lang='lat' dir='ltr'><strong>eum,indicit</strong></span> <span class='ocrx_word' id='word_1_844' title='bbox 3450 5440 3628 5505; x_wconf 83' lang='lat' dir='ltr'><strong>silen-</strong></span> 
     </span>
    </p>
   </div>
   <div class='ocr_carea' id='block_1_117' title="bbox 331 5611 2410 5701">
    <p class='ocr_par' dir='ltr' id='par_1_117' title="bbox 331 5611 2410 5701">
     <span class='ocr_line' id='line_1_117' title="bbox 331 5611 2410 5701; baseline -0.002 -18"><span class='ocrx_word' id='word_1_845' title='bbox 331 5614 547 5697; x_wconf 64' lang='lat' dir='ltr'><strong>OPsal,</strong></span> <span class='ocrx_word' id='word_1_846' title='bbox 582 5629 738 5697; x_wconf 80' lang='lat' dir='ltr'><strong>cm,</strong></span> <span class='ocrx_word' id='word_1_847' title='bbox 766 5612 831 5677; x_wconf 86' lang='lat'><strong>9.</strong></span> <span class='ocrx_word' id='word_1_848' title='bbox 917 5614 947 5665; x_wconf 82' lang='lat'><strong>7</strong></span> <span class='ocrx_word' id='word_1_849' title='bbox 978 5611 1059 5677; x_wconf 86' lang='lat' dir='ltr'>III</span> <span class='ocrx_word' id='word_1_850' title='bbox 1088 5613 1235 5696; x_wconf 70' lang='lat' dir='ltr'><strong>Reg.</strong></span> <span class='ocrx_word' id='word_1_851' title='bbox 1266 5631 1410 5694; x_wconf 84' lang='lat' dir='ltr'><strong>xvu,</strong></span> <span class='ocrx_word' id='word_1_852' title='bbox 1447 5616 1479 5677; x_wconf 74' lang='grc'><strong>1</strong></span> <span class='ocrx_word' id='word_1_853' title='bbox 1511 5633 1679 5698; x_wconf 88' lang='lat' dir='ltr'><strong>seqq.</strong></span> <span class='ocrx_word' id='word_1_854' title='bbox 1720 5634 1735 5694; x_wconf 88' lang='lat'>;</span> <span class='ocrx_word' id='word_1_855' title='bbox 1770 5615 1846 5681; x_wconf 84' lang='lat' dir='ltr'><strong>IV</strong></span> <span class='ocrx_word' id='word_1_856' title='bbox 1874 5616 2022 5701; x_wconf 76' lang='lat' dir='ltr'><strong>Reg.</strong></span> <span class='ocrx_word' id='word_1_857' title='bbox 2055 5635 2138 5698; x_wconf 82' lang='lat' dir='ltr'><strong>Iv,</strong></span> <span class='ocrx_word' id='word_1_858' title='bbox 2174 5618 2202 5682; x_wconf 85' lang='grc'><strong>1</strong></span> <span class='ocrx_word' id='word_1_859' title='bbox 2240 5635 2410 5701; x_wconf 87' lang='lat' dir='ltr'><strong>seqq.</strong></span> 
     </span>
    </p>
   </div>
  </div>
