4028 6138
439 276 558 348 447

1742 276 2027 343 MENSIS
2081 277 2512 347 DECEMBER.

3679 284 3787 355 448

438 411 736 478 tium.Sed
756 411 1172 479 Artemidorum
1196 420 1327 493 post
1345 410 1474 494 ejus
1509 418 1755 475 mortem
1782 410 2074 476 nefarium

2175 433 2276 476 ut:
2324 413 2726 493 παρασκιρτὼν.
2791 416 2964 473 Ταῦτα
3024 417 3053 472 6
3111 414 3210 491 μὲν
3251 413 3415 496 μέγας
3454 415 3538 475 διά
3581 440 3790 496 μετριο-

442 523 576 566 esse
599 505 905 585 judicans,
938 506 1210 567 fraudare
1243 504 1396 565 viros
1421 504 1549 581 pios
1573 512 1685 564 tam
1715 504 1963 581 pulchra
1985 523 2089 564 au-

443 594 695 673 ditione,
728 596 848 656 imo
882 615 1017 657 vero
1045 604 1160 657 tam
1190 612 1400 673 magno
1431 593 1737 665 miraculo,
1766 593 1821 653 id
1869 594 2083 674 aperit,

444 692 505 835 ﬁt
531 686 714 747 tradit
743 687 987 748 auribus
1017 685 1305 747 ﬁdelium.
1329 684 1396 745 Et
1427 684 1826 765 htec'quidem
1860 685 1945 747 sic
1976 687 2085 747 ha-

486 782 613 838 ent.

486 792 613 837 ent.

2173 505 2407 576 παθείας,
2495 504 2674 582 ὥσπερ
2761 502 2921 584 ἔφην,
2987 505 3284 585 ὑπερϐολὴν
3354 508 3608 588 ἀνέκφορα
3684 524 3793 575 τοῖς
3857 538 3860 542 λ

2170 594 2396 658 πολλοῖς
2477 593 2734 664 ἠϐούλετο
2815 609 3025 669 μεῖναι.
3083 596 3305 671 Ἀμέλει
3390 601 3475 654 καὶ
3553 599 3795 679 Ἀρτεμι-

2172 684 2322 761 δώρῳ
2385 685 2594 752 πολλὴν
2659 687 2892 759 σιωπὴν,
2953 688 3042 744 καὶ
3100 685 3167 744 δι’
3224 687 3422 746 ἐκείνου
3483 693 3551 765 τῇ
3606 691 3799 768 γυναικὶ

2171 774 2492 840 ἐντέλλεται,
2558 775 2705 833 Ἀλλ’
2767 780 2795 833 6
2851 775 3237 855 Ἀρτεμιδωρος
3303 779 3435 847 μετά
3496 780 3592 847 τὴν
3651 778 3799 836 αὖτοῦ

443 865 696 936 τελευτὴν
767 870 828 926 οὗ
880 869 1059 942 κρίνας
1133 868 1279 924 ὅσιον
1351 863 1595 937 ἄκουσμα
1673 863 1808 921 οὕτω
1882 863 2105 939 καλλὸν,
2165 865 2336 939 μᾶλον
2408 864 2461 921 δὲ
2531 869 2725 946 θαῦμα,
2786 872 3057 942 ζημιῶσαι
3115 868 3235 933 τοὺς
3299 866 3588 947 φιλοθέους,
3646 867 3800 936 δῆλον

446 957 570 1012 αὐτὸ
600 971 775 1024 ποιεῖ,
806 957 900 1014 καί
936 957 1133 1013 πιστῶν
1165 954 1358 1015 ἀκοαῖς
1391 952 1735 1032 παραδίδωσι,
1775 956 1869 1012 Καὶ
1899 961 2060 1012 ταῦτα
2090 954 2186 1030 μὲν
2218 955 2409 1017 οὕτως.

523 1045 1053 1126 XXVI.Postquam
1080 1058 1278 1106 autem
1303 1063 1552 1124 magnus
1572 1044 1852 1109 Spirldon
1879 1044 2089 1106 Antio-

442 1136 580 1198 chia
624 1154 898 1198 reversus
956 1146 1045 1197 est
1090 1138 1147 1196 in
1202 1135 1482 1215 Cyprum,
1522 1135 1811 1214 quispiam
1849 1133 1920 1199 ad
1953 1151 2089 1194 eum

441 1227 970 1300 accedens,volens
1001 1244 1204 1287 emere
1227 1243 1435 1298 capras
1460 1226 1673 1304 gregis.
1689 1242 1939 1284 numero
1958 1242 2095 1285 cen-

443 1323 592 1391 tum,
619 1317 823 1396 jussus
843 1334 877 1377 a
899 1323 1106 1378 sancto
1132 1315 1295 1394 prius
1331 1316 1582 1391 pretium
1607 1312 2089 1392 s-alvere,deinde

442 1405 877 1485 accipere,ipse
908 1423 1040 1466 cum
1072 1403 1390 1482 nonaginta
1419 1410 1477 1465 et
1508 1420 1716 1464 novem
1751 1404 1942 1465 solum
1968 1404 2086 1466 sol--

446 1495 623 1557 visset
655 1495 932 1576 pretium,
960 1494 1135 1556 unius
1164 1492 1431 1572 retinuit,
1467 1492 1723 1563 lucrum,
1757 1502 1818 1553 ut
1839 1492 2085 1567 dicitur,

445 1585 661 1647 melius
694 1585 991 1647 dedecore
1045 1583 1392 1645 existimans
1425 1602 1439 1643 :
1494 1591 1592 1643 aut
1623 1582 1802 1643 etiam
1834 1582 2089 1661 opinans

443 1675 889 1748 fore,utlateret
912 1673 1071 1736 illius
1090 1674 1199 1735 sim
1210 1671 1851 1751 plicitatem,remotam
1870 1670 1944 1733 ab
1966 1690 2090 1732 om-

444 1764 607 1825 nium
641 1765 1013 1841 negotiorum
1063 1760 1490 1824 sollicitudine.
1543 1761 1691 1823 Cum
1740 1779 1882 1838 ergo
1912 1761 2087 1823 ambo

2258 1044 2403 1121 κζ’.
2440 1047 2595 1105 Ἐπεὶ
2641 1045 2694 1102 δὲ
2739 1048 2826 1104 καὶ
2870 1046 2922 1113 ἐξ
2983 1047 3315 1127 Ἀντιοχείας
3344 1050 3372 1105 6
3405 1049 3570 1124 μέγας
3603 1048 3794 1116 ἐπανῆ-

2173 1158 2262 1192 κεν
2319 1138 2391 1198 εἰς
2440 1139 2670 1215 Κύπρον,
2715 1139 3022 1213 προσελθὼν
3067 1138 3210 1209 αὗτῷ
3267 1160 3371 1217 τις,
3431 1139 3597 1216 αἶγας
3645 1138 3796 1215 πρία-

2172 1229 2288 1283 σθαι
2348 1230 2444 1292 τῆς
2504 1226 2734 1299 ποίμνης
2778 1226 3123 1302 βουλόμενος,
3183 1228 3271 1282 τὸν
3328 1226 3548 1301 ἀριθμὸν
3594 1229 3795 1303 ἑκατὸν,

2170 1315 2482 1393 ἐπιτραπεὶς
2575 1318 2706 1392 πρὸς
2795 1316 2889 1373 τοῦ
2971 1316 3119 1375 ὁσίου
3185 1322 3284 1383 τὴν
3340 1317 3505 1391 τιμὴν
3564 1319 3797 1395 πρότερον

2169 1405 2503 1485 καταθέσθαι,
2551 1406 2676 1462 εἶτα
2720 1403 2926 1475 λαϐεῖν,
2985 1408 3138 1469 αὒτὸς
3188 1411 3296 1461 τῶν
3332 1408 3482 1463 ἐννέα
3511 1407 3669 1481 μόνον
3720 1407 3801 1466 καὶ

2170 1493 2487 1563 ἐνενήκοντα
2544 1497 2811 1573 καταθεὶς,
2871 1501 2969 1563 τῆς
3032 1502 3157 1571 μιᾶς
3214 1497 3548 1574 ὑπεκράτησε
3607 1495 3797 1578 κέρδος,

2170 1585 2427 1662 αἰσχύνης
2458 1583 2671 1659 ἄμεινον
2722 1587 2907 1659 εἰπὼν,
2950 1586 3009 1641 τὸ
3040 1584 3133 1641 τοῦ
3176 1584 3364 1663 λόγου,
3397 1585 3433 1654 ἢ
3471 1590 3566 1643 καῖ
3627 1586 3798 1656 λήσειν

2170 1675 2409 1747 οἰόμενος
2454 1672 2507 1729 ἐν
2550 1674 2720 1747 τούτῳ
2770 1675 2833 1731 τὸ
2890 1673 3154 1732 ἁπλοϊκὸν
3225 1674 3426 1732 ἐκείνου
3474 1677 3562 1732 καὶ
3618 1675 3798 1754 κομιδῇ

2171 1760 2471 1840 ἄπραγμον.
2504 1763 2656 1821 Ἐπεὶ
2687 1767 2797 1843 οὖν,
2831 1762 2966 1820 εἴσω
2994 1769 3096 1831 τῆς
3155 1761 3387 1842 μάνδρας
3445 1764 3604 1841 ἄμφω
3643 1766 3796 1844 γεγό-

445 1852 691 1917 fuissent
721 1855 880 1916 intra
914 1852 1244 1927 mandram,
1284 1850 1385 1912 ille
1411 1850 1648 1931 quidem
1674 1851 2085 1930 jussit,quan-

2175 1871 2343 1929 νασιν,
2388 1853 2416 1907 6
2455 1852 2553 1924 μὲν
2599 1851 2862 1926 ἐκέλευεν,
2920 1850 3045 1909 ὅσον
3106 1851 3171 1920 δὴ
3203 1855 3290 1909 καὶ
3338 1852 3587 1911 κατέθετο
3619 1855 3793 1933 τιμὰν,

447 1951 568 2003 tum
596 1945 852 2007 solverat
873 1943 1244 2023 pretium,tot
1271 1959 1480 2021 capras
1505 1940 1800 2018 accipere.
1838 1940 1945 2001 Ille
1976 1959 2083 2001 au-

447 2038 566 2093 tem
600 2052 676 2094 ne
705 2034 791 2095 sic
814 2032 1054 2113 quidem
1088 2031 1450 2111 intelligens,
1475 2040 1715 2092 centum
1748 2028 2023 2109 exngebat
2053 2047 2087 2092 θ

449 2122 717 2185 mandra.
752 2123 881 2186 Una
942 2140 1075 2184 vero
1107 2139 1173 2183 ex
1204 2121 1420 2199 capris,
1481 2130 1755 2200 tanquam
1791 2120 1939 2181 bone
1974 2139 2085 2180 an-

451 2210 609 2287 cilla,
645 2232 778 2274 cum
802 2214 1086 2274 sensisset
1114 2230 1178 2272 se
1212 2230 1326 2270 non
1361 2210 1539 2270 fuisse
1577 2210 1877 2271 venditum
1911 2228 1942 2271 a
1973 2208 2084 2271 do-

450 2303 760 2378 mino,cit-)
791 2320 996 2363 rursus
1022 2312 1115 2362 est
1136 2318 1396 2378 reversa,
1425 2307 1483 2360 et
1504 2300 1764 2378 perrexit
1792 2299 1865 2360 ad
1913 2318 2085 2359 man-

445 2392 637 2456 dram.
672 2393 781 2457 llle
819 2402 1013 2454 autem
1060 2409 1265 2452 rursus
1291 2389 1551 2452 abduxit.
1606 2398 1668 2451 et
1702 2407 1805 2465 per
1836 2390 1950 2450 vim
1982 2408 2084 2453 re-

443 2484 620 2547 traxit
652 2482 1125 2562 impudens.Hoc
1156 2480 1248 2541 bis
1285 2479 1408 2557 jam
1444 2478 1535 2538 vel
1567 2487 1655 2540 ter
1685 2478 1899 2540 factum
1932 2490 2080 2555 erat,

443 2573 599 2652 quod
633 2583 724 2635 est
759 2571 1117 2648 mirabile,et
1144 2588 1322 2648 capra
1354 2568 1589 2641 quidem
1626 2569 2034 2629 revertebatur
2065 2588 2078 2630 :

443 2663 548 2726 ille
574 2680 712 2724 vero
742 2660 1083 2723 retrahebat
1108 2678 1284 2720 manu
1308 2657 1566 2719 violenta
1590 2667 1647 2717 et
1675 2658 1899 2717 animo.
1935 2657 2087 2729 Quid

444 2770 587 2829 ergo
609 2758 636 2814 ?
666 2770 800 2812 cum
831 2752 916 2810 sic
949 2748 1094 2809 nihil
1129 2747 1464 2827 proﬁceret,
1492 2765 1620 2806 eam
1671 2747 1849 2808 humo
1880 2746 2089 2809 subla-

444 2848 589 2913 tam,
632 2848 693 2900 et
722 2838 991 2900 humeris
1024 2835 1742 2916 impositam,abtlucebat.
1770 2837 1869 2897 llla
1891 2846 2090 2898 autem

449 2929 705 2990 maxima
729 2936 785 2989 et
804 2926 1135 3006 asperrima
1155 2944 1293 2987 voce
1319 2924 1603 3005 clamans,
1637 2936 1695 2987 et
1725 2944 1863 2988 eum
1887 2927 2090 2987 corni-

448 3017 562 3079 bus
592 3018 910 3081 ferienset
932 3018 990 3077 in
1017 3017 1177 3078 illius
1196 3024 1372 3094 caput
1394 3014 1754 3095 impingens,
1779 3016 1894 3076 vim
1927 3016 2092 3076 illius

449 3114 654 3186 aperte
680 3106 1059 3187 praedicabat.
1097 3114 1153 3167 et
1173 3104 1332 3165 avari
1371 3104 1631 3165 hominis
1650 3104 2091 3184 quodammodo

2169 1942 2424 2004 τοσαύτας
2490 1939 2698 2016 λαϐεῖν,
2751 1943 2779 1998 ὀ
2833 1940 2888 1997 δὲ
2945 1940 3077 2016 μηδὲ
3144 1941 3314 2004 οὕτως
3373 1945 3566 2023 συνεὶς,
3621 1945 3796 2002 ἑκατὸν

2168 2036 2266 2096 τῆς
2334 2028 2562 2108 μάνδρας
2608 2030 2911 2099 ἐξήλαυνεν.
2974 2032 3077 2087 Μία
3148 2041 3272 2108 γοῦν
3337 2036 3439 2088 τῶν
3505 2033 3664 2109 αἶγῶν
3709 2032 3795 2090 οἷα

2167 2120 2455 2198 θεράπαινα
2516 2123 2714 2199 ἀγαθὴ,
2770 2120 3056 2190 αἰσθομένη
3133 2121 3209 2178 ὅτι
3260 2122 3343 2197 μὴ
3386 2121 3608 2179 ἀπέδοτο
3649 2122 3792 2189 αὐτὴν

2172 2211 2197 2266 ὀ
2252 2208 2538 2277 δεσπότης,
2592 2209 2750 2276 ὀξέως
2827 2211 3045 2286 ἐπανῂει
3115 2210 3302 2292 πάλιν,
3365 2213 3453 2269 καὶ
3512 2213 3640 2288 πρὸς
3704 2212 3791 2278 τὴν

2169 2298 2396 2376 μάνδραν
2439 2298 2655 2378 ἐχώρει.
2717 2299 2778 2357 Ὀ
2823 2296 2876 2354 δὲ
2919 2300 3061 2364 αὖθις
3106 2299 3310 2379 ἀπῆγε,
3366 2303 3453 2358 καὶ
3509 2303 3635 2377 πρὸς
3687 2301 3791 2375 βίαν

2168 2388 2349 2445 εἷλκεν
2380 2390 2408 2444 ὁ
2438 2386 2654 2454 ἀναιδὴς
2690 2405 2704 2423 ⁸
2769 2388 3014 2467 ἐπράχθη
3068 2389 3225 2446 τοῦτο
3255 2387 3334 2455 δὶς
3375 2388 3478 2457 ἤδη
3508 2392 3592 2447 καὶ
3618 2391 3717 2465 τρὶς
3738 2390 3791 2444 τὸ

2165 2477 2480 2550 θαυμάσιον.
2532 2478 2627 2535 Καὶ
2678 2480 2712 2545 ἡ
2764 2478 2861 2550 μὲν
2892 2476 2980 2542 αῗξ
3035 2477 3252 2555 ἐπανῄει
3291 2494 3306 2509 ⁸
3359 2481 3387 2536 ὀ
3428 2477 3482 2535 δὲ
3539 2477 3788 2535 ἀνθεῖλκεν

2169 2566 2383 2644 ὀργώσῃ
2412 2568 2499 2623 καὶ
2558 2568 2707 2646 χειρί
2763 2567 2851 2623 καὶ
2910 2571 3088 2646 ψυχῇ,
3138 2569 3197 2626 Τί
3248 2570 3394 2644 οὖν,
3441 2568 3602 2644 μηδὲν
3656 2567 3787 2632 οὗτος

2171 2656 2362 2729 ἀνύων,
2424 2656 2738 2735 ἀφαρπάσας
2794 2657 2957 2724 eam
3016 2659 3258 2736 χαμόθεν
3334 2661 3421 2716 καὶ
3475 2660 3592 2725 τοῖς
3638 2657 3786 2732 ὤμοις

2174 2747 2377 2810 ἀναθεὶς
2421 2746 2630 2823 ἀπῆγεν
2665 2766 2681 2782 ο
2737 2748 2773 2813 ⁵η
2825 2745 2902 2826 δὲ,
2958 2749 3047 2803 καὶ
3075 2747 3240 2811 οὕτως
3274 2749 3419 2826 μέγα
3467 2771 3514 2804 τι
3570 2750 3645 2806 καὶ
3671 2768 3783 2822 τρα-

2176 2834 2408 2915 χύτατον
2454 2833 2726 2910 ἐμϐοώσα,
2790 2836 2883 2893 καί
2923 2849 3049 2901 .τοϊς
3098 2836 3317 2909 κέρασιν
3360 2840 3517 2897 αὐτὸν
3569 2837 3774 2914 παίουσα,

2176 2927 2261 2982 καὶ
2317 2928 2447 2997 πρὸς
2501 2927 2599 2994 τὴν
2656 2925 2895 3007 κεφαλὴν
2955 2926 3153 2983 ἐκείνου
3224 2925 3653 3007 διακυριττομένη
3698 2924 3780 2990 τὴν

2175 3014 2290 3090 βίαν
2346 3014 2597 3093 ἐκήρυττε
2656 3021 2918 3095 φανερῶς,
2981 3017 3066 3073 καὶ
3122 3017 3210 3072 τὸν
3272 3015 3596 3082 πλεονέκτην
3633 3014 3785 3091 ὥσπερ

2175 3104 2491 3177 ἐτιμωρεῖτο
2542 3109 2642 3171 τῆς
2674 3104 2905 3181 ἀδικίας,
2941 3104 3079 3161 ὣστε
3137 3106 3224 3163 καὶ
3281 3107 3405 3170 τοὺς
3448 3107 3694 3182 παρόντας
3742 3102 3787 3159 ἐν

448 3197 731 3276 puniebat
757 3197 1062 3275 injuriam:
1086 3195 1234 3257 adeo
1259 3203 1321 3255 ut
1343 3193 1443 3269 qui
1462 3193 1956 3265 atlerant,fuerint
1980 3194 2087 3256 hac

2175 3193 2425 3262 ἐκπλήξει
2470 3197 2529 3251 τὸ
2574 3203 2795 3274 πρᾶγμα
2827 3199 3095 3252 ποιεῖσθαι
3139 3196 3237 3263 τὴν
3295 3197 3464 3253 αἰτίαν
3515 3195 3603 3253 οὒκ
3646 3193 3791 3273 ἕχον-

444 3303 514 3347 re
540 3285 964 3365 obstupefacti,
996 3302 1233 3346 causam
1289 3302 1405 3343 non
1470 3283 1734 3344 valentes
1765 3283 2085 3364 conjicere.

446 3373 897 3452 Magnusautem
914 3373 1192 3454 Spiridon
1209 3374 1416 3434 nolens
1432 3391 1566 3434 eum
1592 3382 1795 3451 aperte
1814 3391 2087 3450 arguere,

446 3464 669 3526 sensim
705 3463 850 3525 dixit
872 3464 1059 3544 οἱ.ᾳυί
1085 3462 1335 3524 faciebat
1366 3462 1685 3543 injuriam:
1720 3460 2091 3539 Vije,ﬁli,ne

445 3573 565 3616 non
600 3553 815 3617 frustra
844 3555 971 3616 haec
1018 3553 1191 3615 faciat
1233 3552 1479 3626 animal,
1513 3560 1574 3612 et
1607 3570 1723 3613 non
1754 3556 1882 3611 sine
1913 3569 2093 3612 causa

441 3662 597 3721 aegre
620 3646 771 3707 ferat
793 3663 857 3706 se
880 3642 1231 3705 abducl.se>d
1248 3641 1403 3722 quod
1425 3642 1576 3703 forte
1591 3640 1943 3721 imprudens
1957 3642 2090 3720 ejus

444 3752 564 3796 non
585 3733 809 3796 solvisti
829 3730 1216 3815 pretium.Sic
1241 3730 1345 3791 ille
1371 3729 1628 3809 piscator
1647 3730 1846 3791 animo
1864 3733 2092 3792 saucia-

446 3831 540 3886 tus
569 3823 629 3884 id
663 3824 798 3884 tulit
828 3842 843 3883 :
898 3832 960 3884 et
998 3840 1132 3883 cum
1186 3838 1427 3881 sensum
1462 3820 1615 3898 ejus,
1651 3820 1808 3887 quod
1840 3818 2086 3893 fecerat,

440 3911 792 3993 accepisset,
824 3912 885 3973 id
930 3920 987 3973 et
1034 3910 1349 3973 confessus
1380 3918 1493 3989 est,
1528 3921 1587 3971 et
1617 3910 1751 3989 ejus
1778 3909 1945 3989 petiit
1975 3927 2087 3971 ve-

444 4000 870 4063 niam.Deinde
891 4000 1063 4062 etiam
1085 4018 1220 4060 cum
1244 4015 1349 4079 pro
1373 4017 1489 4060 una
1512 3999 1782 4060 solvisset
1810 3998 2085 4077 pretium,

444 4107 517 4151 ea
544 4107 665 4150 non
693 4089 954 4169 amplius
984 4087 1276 4150 clamabat
1305 4096 1363 4148 et
1412 4087 1751 4163 resistebat,
1779 4087 1885 4148 sed
1919 4087 2091 4148 tacite

442 4177 591 4241 alias
617 4177 1001 4260 Sequebatur.
1034 4177 1106 4238 Ει
1135 4177 1231 4238 hic
1261 4176 1507 4258 quidem
1537 4178 1646 4239 sic.

524 4267 768 4332 XXVII.
802 4268 974 4331 Alius
1005 4277 1199 4328 autem
1237 4285 1250 4328 :
1284 4267 1389 4328 sed
1425 4267 1536 4327 hoc
1559 4266 1752 4328 dicam
1784 4264 2085 4344 superius.

445 4355 511 4419 In
534 4359 731 4420 insula
749 4367 837 4421 est
859 4357 1096 4439 quidam
1123 4356 1287 4418 vicus
1314 4355 1418 4431 qui
1440 4354 1658 4416 dicitur
1681 4354 2087 4433 Erythramon

2174 3305 2267 3345 τας
2312 3283 2629 3358 συμϐαλεῖν,
2685 3287 2785 3344 Τὸν
2843 3282 2897 3340 δὲ
2957 3284 3126 3362 μέγαν
3199 3287 3260 3342 οὗ
3325 3290 3554 3365 φανερῶς
3607 3281 3791 3359 ἐλέγξαι

2173 3372 2515 3449 βουλόμενον,
2550 3373 2723 3450 ἡρέμα
2783 3375 2913 3452 πρὸς
2961 3359 3052 3430 τὸν
3082 3359 3394 3455 ἀδικοῦντα,
3423 3359 3572 3452 Ὅρα,
3602 3371 3788 3445 τέκνον,

2174 3466 2370 3536 εἰπεῖν,
2420 3464 2496 3536 μή
2541 3484 2670 3518 ποτε
2702 3462 2762 3518 οὒ
2807 3464 2984 3535 μάτην
3025 3469 3188 3520 ταῦτα
3222 3465 3283 3520 τὸ
3328 3472 3485 3540 ζῶον,
3540 3461 3651 3521 οὕτε
3695 3460 3792 3534 μὴν

2173 3551 2382 3628 ἀλόγως
2431 3554 2651 3632 ἄχθεται
2698 3558 2766 3629 τῇ
2810 3553 3098 3631 ἀπαγωγῇ,
3146 3550 3269 3609 ἀλλ’
3303 3554 3383 3611 ὅτι
3415 3558 3491 3628 μὴ
3523 3553 3604 3609 καὶ
3646 3549 3790 3615 αδτῆς

2173 3637 2345 3697 λαθὼν
2428 3642 2526 3710 τὴν
2614 3643 2776 3717 τιμὴν
2889 3641 3234 3718 προκατέθου,
3353 3643 3527 3706 Οὕτως
3608 3640 3790 3700 ἐκεῖνος

2172 3730 2347 3792 ἀλιεὺς
2384 3730 2631 3809 πληγεὶς,
2694 3738 2811 3788 νοῦν
2855 3732 3069 3809 ἤνεγκε,
3131 3735 3217 3788 καὶ
3273 3735 3354 3798 εἷς
3409 3733 3643 3799 αἴσθησιν
3708 3728 3789 3786 ἰλ-

2171 3822 2275 3876 θὼν
2325 3822 2482 3896 οὗπερ
2527 3820 2760 3899 ἔδρασεν,
2820 3820 2946 3878 αὒτό
3008 3843 3061 3878 τε
3122 3820 3468 3900 διωμολόγει,
3535 3821 3619 3879 καὶ
3673 3841 3792 3897 συγ·

2172 3909 2394 3985 γνώμην
2438 3910 2648 3988 ᾕτεϊτο,
2694 3909 2878 3968 ἔπειτα
2921 3912 3009 3969 καὶ
3051 3912 3151 3978 τὴν
3213 3911 3347 3988 ὑπὲρ
3401 3914 3496 3979 τῆς
3541 3916 3660 3983 μιᾶς
3712 3928 3791 3965 τι·

2174 3999 2281 4071 μὴν
2342 3999 2719 4079 καταθέμενος,
2786 4004 2882 4058 οὒκ
2937 4000 3014 4058 ἔτι
3064 4002 3275 4076 βοῶσαν
3346 4000 3473 4079 εἶχε
3524 4000 3607 4055 καὶ
3658 3998 3795 4055 ἀντι-

2172 4085 2471 4164 ϐαίνουσαν,
2506 4089 2625 4144 ἀλλ’
2667 4089 2891 4170 Δἡσύχως
2924 4103 3043 4155 ταῖς
3076 4089 3262 4154 ἄλλαις
3297 4089 3678 4164 συνεπομένην,
3709 4086 3793 4145 Καὶ

2174 4175 2324 4236 οὗτος
2369 4179 2467 4252 μὲν
2498 4177 2690 4244 οὕτως.

2260 4257 2381 4326 ΚΖ’.
2444 4268 2677 4347 ’Έτερος
2735 4266 2813 4343 δὲ,
2865 4266 2987 4325 ἀλλ’
3032 4268 3231 4328 ἄνωθεν
3259 4276 3415 4328 τοῦτο
3445 4270 3567 4347 ἐρῶ.
3600 4265 3684 4323 Ἐν

2173 4357 2320 4430 νήσῳ
2376 4358 2536 4424 κώμη
2581 4360 2658 4421 τίς
2720 4357 2866 4414 ἐστιν
2917 4355 3136 4435 Ἐρυθρά
3164 4357 3468 4433 καλουμένη
3528 4366 3793 4415 Κωνσταν-

444 4447 653 4528 procul
682 4466 716 4509 a
747 4446 1060 4527 metropoli
1088 4443 1586 4508 Constantia.Non
1609 4446 1794 4505 distat
1822 4445 1981 4506 enim
2015 4443 2087 4505 ab

2175 4450 2284 4512 τίας
2343 4446 2513 4518 δήπου
2570 4454 2669 4516 τῆς
2731 4448 3118 4526 μητροπόλεως
3170 4451 3231 4506 οὒ
3287 4449 3515 4526 μακράν.
3573 4443 3792 4506 Σταδίοις

440 4519 506 4599 ea
540 4539 843 4611 plusquam
875 4519 1106 4610 tri-ginta
1144 4540 1345 4593 studia.
1392 4537 1512 4594 Huc
1531 4554 1664 4595 cum
1690 4540 1938 4597 venisset
1966 4554 2087 4596 ma-

2175 4539 2269 4617 γάρ
2313 4539 2506 4619 ἀπέχει
2538 4542 2597 4598 o’J
2654 4537 2817 4596 πλέον
2873 4539 3175 4615 τριάκοντα.
3210 4539 3464 4598 Ἐνταῦθα
3509 4534 3634 4593 γατά
3685 4551 3791 4589 τινα

440 4643 592 4706 gnus
621 4623 924 4705 Spiridon,
963 4630 1207 4703 propter
1261 4623 1519 4703 aliquem
1553 4642 1722 4686 usum
1758 4625 2090 4703 ingreditur

446 4714 736 4792 templum
769 4713 955 4793 gratia
980 4713 1264 4775 orationis
1294 4725 1389 4785 get
1415 4713 1580 4791 jubet
1609 4713 1845 4776 cuidam
1878 4717 2085 4777 diaco-

443 4824 521 4869 no
554 4825 623 4867 ex
658 4803 730 4866 iis
758 4822 856 4884 qui
890 4811 1062 4866 erant
1084 4803 1142 4864 in
1168 4820 1238 4864 eo
1273 4802 1431 4875 loco,
1467 4814 1527 4864 ut
1562 4804 1800 4865 brevem
1830 4804 2084 4885 aliquam

439 4913 669 4958 sacram
735 4902 1048 4974 perageret
1106 4895 1531 4974 precationem.
1587 4893 1695 4956 Via
1737 4895 1918 4959 enim.
1955 4915 2088 4979 qum

438 4988 633 5047 fuerat
663 4985 856 5062 longa,
891 4993 1019 5046 erat
1047 4983 1341 5058 defessus,
1376 4996 1434 5045 et
1476 4985 1733 5047 maxime
1761 5004 1893 5047 cum
1927 4996 2085 5049 esset

441 5085 681 5156 tempus
710 5075 1000 5144 aestivum,
1039 5081 1098 5135 et
1120 5074 1176 5136 ei
1205 5082 1386 5136 aestus
1412 5093 1658 5152 magnus
1684 5088 1824 5137 tunc
1846 5076 2086 5140 afferret

443 5164 723 5222 laborem.
757 5164 858 5220 Itle
888 5176 1079 5220 autem
1111 5173 1232 5221 erat
1261 5164 1567 5222 admodum
1602 5167 1819 5230 tardus,
1860 5177 1914 5222 et
1943 5181 2085 5224 con-

446 5251 595 5309 sulto
610 5265 810 5321 preces
824 5268 849 5305 θ
862 5252 1123 5309 mbitiose
1141 5252 1838 5320 producebet.inan~m,ut
1854 5253 2092 5310 videtur.

2172 4628 2356 4707 χρείαν
2433 4630 2462 4684 ὀ
2540 4628 2706 4706 μέγας
2789 4630 3154 4708 πεφοιτηκὼς,
3243 4628 3435 4685 εἴσεισι
3518 4627 3602 4683 τὸν
3679 4622 3791 4678 ναὸν

2170 4722 2479 4798 προσευχῆς
2530 4719 2717 4799 χάριν,
2763 4719 2984 4774 καὶτῶν
3042 4717 3349 4799 ἐπιχωρίων
3408 4714 3629 4786 διακόνῳ
3673 4710 3787 4782 τινὶ,

2169 4806 2421 4881 ἐπίτομον
2472 4807 2649 4865 θέσθαι
2728 4809 2824 4875 τὴν
2907 4806 3203 4885 ἱερολογίαν
3286 4806 3518 4868 ἐκέλευσε
3573 4808 3648 4878 Τῇ
3699 4800 3788 4878 γὰρ

2169 4894 2272 4967 ὁδῳ
2321 4895 2498 4974 πολλῇ
2525 4897 2658 4974 olim
2710 4898 3032 4965 πεπονηκὼς
3083 4898 3175 4965 ἦν,
3209 4905 3295 4954 καί
3352 4897 3578 4973 μάλιστα
3605 4889 3791 4969 θερείκς

2167 4986 2326 5053 οὕτης
2381 4992 2480 5053 τῆς
2549 4987 2713 5065 ὥρας,
2769 4989 2860 5045 καί
2908 4995 3000 5044 τοῦ
3058 4988 3330 5051 καύσωνος
3390 4988 3451 5043 τὸ
3508 5005 3565 5040 τε
3638 4976 3788 5037 πολὺν

2167 5077 2308 5151 αὒτῷ
2363 5078 2455 5133 τὸν
2520 5078 2758 5140 κάματον
2845 5074 3194 5149 ἐμϐαλόντος.
3281 5075 3343 5134 Ὀ
3420 5072 3475 5130 δὲ
3535 5067 3789 5151 σχολαίως

2179 5165 2383 5241 μᾶλλοο
2427 5164 2649 5245 ἐχρῆτο,
2706 5168 2793 5224 καὶ
2848 5166 3009 5246 ἐκὼν,
3057 5166 3329 5244 παρέτεινε
3384 5162 3663 5245 φιλοτίμως
3710 5153 3791 5211 δό-

2178 5254 2294 5330 ξαν,
2350 5259 2424 5318 ὡς
2480 5257 2680 5328 ἔοικεν,
2739 5256 2799 5313 ἐκ
2850 5255 3000 5314 τοῦδε
3056 5257 3156 5323 τὴν
3212 5255 3438 5326 ματαίαν
3479 5250 3788 5327 θηρώμενος.

445 5348 518 5391 ex
539 5336 646 5392 hoc
670 5336 777 5390 sibi
801 5342 1040 5404 captans
1064 5335 1522 5404 gloriam.Torve
1546 5337 1735 5406 itaque
1764 5353 1890 5395 sum
1920 5338 2087 5395 intul<

2180 5350 2346 5423 Δριμὺ
2375 5346 2466 5403 οὖν
2497 5349 2522 5402 6
2553 5346 2701 5427 φύσει
2738 5346 3033 5420 πρᾳότατος
3078 5344 3351 5420 ἐμϐλέψας
3406 5344 3564 5419 αὐτῷ,
3598 5335 3788 5427 Σιώπξι

447 5430 563 5488 tus.
596 5423 692 5501 qui
726 5431 853 5483 erat
871 5421 1095 5503 alioqui
1119 5431 1324 5483 natura
1351 5422 2087 5506 lenissimus,increpundo

2175 5435 2484 5503 πληοιτικώς
2543 5419 2670 5516 ἕξρη,
2722 5419 2830 5492 καὶν
2861 5438 2946 5507 ὃς,
3005 5419 3239 5512 καθάπερ
3307 5434 3407 5489 τινὶ
3462 5419 3789 5509 γλωττοπὲδῃ

448 5516 595 5606 dixit
627 5539 640 5578 :
675 5517 852 5581 Tace.
886 5520 994 5583 Ille
1029 5537 1170 5581 vero
1227 5519 1477 5599 perinde
1518 5540 1587 5584 ac
1645 5522 1862 5603 linguae
1892 5525 2087 5606 aliquo

2175 5526 2233 5581 τὸ
2275 5524 2448 5603 λέγειν
2507 5513 2828 5604 ἀφαιρεθεὶς,
2883 5524 3143 5606 ἄφθογγος
3206 5524 3295 5598 ἦν,
3344 5523 3435 5578 τὸν
3489 5518 3658 5606 εἰρμον
3703 5513 3790 5575 τῆς

447 5604 676 5673 vinctus
706 5608 1092 5692 compede,et
1122 5626 1398 5673 sermone
1417 5602 1834 5692 privatus,erat
1867 5602 2087 5692 mutus,

2175 5602 2502 5692 ὗπᾳδομένης
2560 5602 2729 5697 saxa;
2786 5602 2942 5691 αὐτῷ
2993 5602 3055 5673 τό
3108 5635 3164 5672 τε
3223 5614 3555 5693 παραχρῆμα
3609 5602 3783 5661 διακο-
