4006 6146
279 294 406 367 449

1560 282 1748 360 VITA
1796 294 1853 357 S.
1902 284 2380 358 SPYRIDONIS.

3530 284 3653 363 450.

280 438 423 503 πείς.
477 435 647 495 Ἀλλᾶ
689 441 784 492 τοῦ
841 434 989 492 ὁσίου
1049 434 1137 491 τὸν
1193 430 1444 490 ἐλλεῖπον
1502 430 1929 510 ἀναπληρώσειν-

2024 435 2263 511 repente
2282 428 2610 511 interrupta
2636 426 2796 490 serie
2824 427 3126 502 orationis,
3152 444 3283 509 qum
3311 434 3452 490 tunc
3481 428 3555 491 ab
3583 448 3654 493 eo
3680 455 3695 465 ν

280 526 400 600 τος,
445 525 769 606 προσπίπτει
815 523 951 600 μετὰ
1004 523 1157 587 τέλος
1219 520 1472 594 ἐλεεινὸς,
1528 523 1556 577 6
1601 523 1701 600 πρὸ
1745 528 1931 601 μικροῦ

281 615 409 697 παρ’
465 618 643 689 ἐαυτῷ
701 613 935 693 ὑψηλὸς,
995 611 1201 693 ἄφωνος
1255 614 1283 668 6
1340 614 1593 691 πρότερον
1648 610 1930 678 πληθύνων

283 706 339 763 ἐν
398 706 600 785 ῥήμασι
658 704 747 761 καὶ
804 703 883 777 μὴ
940 703 1164 780 εὖκαίρῳ
1237 699 1476 780 διατριϐῇ
1528 702 1754 782 χαίρων.
1815 706 1930 758 Τῶν

284 794 337 853 δὲ
375 797 480 863 τὴν
533 795 728 870 κώμην
789 794 1070 851 οἰκούντων
1125 792 1247 854 τοὺς
1306 791 1570 871 παρόντας
1629 791 1725 866 μὲν
1774 788 1932 871 φόϐος

287 884 454 961 εἰσῄει
483 903 499 917 ⁸
551 884 676 947 τοὺς
720 881 775 938 δὲ
832 881 1128 949 ἀπόνταςὴ
1181 881 1338 959 φήμη
1384 880 1692 960 συντρέχειν
1734 880 1927 946 ἐποίει,

298 974 397 1032 Καὶ
463 970 680 1030 πολλῶν
751 971 895 1032 εὐθὺς
952 967 1295 1048 συρρεόντων,
1365 968 1477 1043 ἅμα
1535 968 1631 1044 μὲν
1690 968 1745 1027 ἐν
1800 971 1929 1027 θαύ-

303 1084 432 1138 ματι
470 1068 556 1119 τοῦ
613 1059 877 1138 μεγάλου,
932 1058 1047 1132 ἅμα
1098 1058 1153 1115 δὲ
1209 1057 1304 1115 καῖ
1348 1064 1439 1115 τοῦ
1482 1059 1741 1123 παθόντος
1772 1059 1927 1132 ἐλέῳ,

302 1153 388 1209 καὶ
443 1150 669 1226 μάλιστα
736 1155 843 1206 τῶν
908 1154 1173 1226 συγγενῶν
1231 1148 1387 1207 αὖτοῦ
1447 1148 1534 1204 καὶ
1573 1149 1803 1229 οἰκείων,
1860 1148 1935 1205 ὧν

294 1241 477 1298 αύτίκα
528 1242 618 1297 καὶ
688 1238 950 1314 δεομένων
995 1243 1096 1305 τῆς
1148 1236 1386 1315 γενναίας
1446 1236 1651 1305 ἐκείνης
1722 1243 1932 1318 ψυχῆς,

292 1335 594 1410 συγγνῶναι
640 1335 718 1403 τῷ
776 1328 876 1396 τὴν
924 1328 1157 1408 ἀφωνίαν
1207 1329 1592 1405 κατακριθέντι,
1646 1330 1733 1384 καὶ
1790 1328 1933 1385 ὐπα-

292 1433 465 1477 νεῖναι
524 1424 667 1494 αὖτῷ
713 1421 805 1476 τὸν
860 1415 1077 1493 δεσμὸν,
1138 1416 1233 1492 ὅρα
1290 1417 1338 1474 τί
1394 1429 1543 1473 ποιεῖ
1608 1419 1636 1471 6
1693 1416 1933 1491 ἐμμελὴς

291 1510 499 1572 ἐκεῖνος
573 1514 660 1565 καὶ
707 1506 824 1564 λίαν
893 1508 992 1568 τὴν
1050 1508 1243 1585 ἀρετὴν
1314 1506 1659 1584 εύλίρμοστος.
1707 1511 1786 1581 Τῇ
1836 1508 1935 1584 γὰρ

292 1596 474 1669 δεήσει
523 1599 625 1675 μὲν
658 1595 1021 1665 ἐπικλώμενος
1060 1615 1073 1628 ·
1121 1603 1198 1670 τῷ
1241 1594 1296 1651 δὲ
1342 1595 1575 1659 παιδείας
1626 1595 1702 1651 ἔτι
1732 1593 1934 1652 δεῖσθαι

290 1690 385 1745 τὸν
439 1686 680 1745 διάκονον
723 1685 1103 1762 ἀνθελκόμενος
1152 1687 1321 1765 (ἐώρα
1362 1686 1461 1764 γὰρ
1520 1687 1605 1741 καὶ
1663 1694 1817 1742 τοῦτο
1852 1682 1936 1741 διὰ

2013 518 2478 581 canebatur.8ed
2512 535 2645 578 cum
2679 525 2918 579 sanctus
2940 518 2996 578 id
3024 518 3181 598 quod
3213 519 3439 592 deerat,
3460 515 3658 579 adim-

2018 609 2258 689 plesset,
2307 606 2561 689 procidit
2588 606 2660 667 ad
2721 607 2850 687 ejus
2918 607 3107 688 pedes
3140 605 3518 682 miserabilis,
3558 607 3661 689 qui

2017 697 2192 780 paulo
2213 706 2350 759 ante
2370 697 2522 777 apud
2549 714 2614 758 se
2643 707 2771 758 erat
2800 698 3092 772 excelsus,
3137 705 3353 775 mutus,
3389 697 3491 778 qni
3520 715 3658 760 ver-

2016 788 2108 849 bis
2136 798 2305 849 antea
2334 785 2763 864 abundabat,et
2793 805 2963 848 mora
2993 787 3405 849 delectabatur
3431 787 3658 850 intem-

2016 877 2358 957 pestiva.Ex
2393 877 2466 937 iis
2499 877 2768 957 veroqui
2800 876 2992 939 vicum
3027 878 3062 938 h
3105 876 3509 954 bitabant,eos
3530 878 3658 959 qui-

2014 967 2174 1040 dem,
2205 973 2302 1047 qui
2338 966 2604 1039 aderant,
2643 966 2852 1027 invasit
2882 975 3112 1037 metus;
3144 985 3247 1027 eos
3279 976 3502 1039 autem,
3561 972 3662 1047 qui

2015 1055 2281 1129 aberant,
2313 1057 2468 1118 fama
2496 1055 2635 1116 fecit
2664 1073 3048 1135 concurrere;
3075 1065 3134 1119 et
3153 1055 3352 1117 multis
3376 1055 3658 1118 continuo

2017 1146 2478 1218 conﬂuentibus,
2513 1155 2636 1206 tum
2672 1147 2849 1207 motis
2879 1146 3068 1207 sancti
3103 1145 3658 1219 admiratione,tum

2020 1237 2190 1297 etiam
2220 1238 2346 1316 ejus
2379 1237 2477 1316 qui
2510 1253 2718 1315 passus
2748 1234 2962 1309 fuerat,
2999 1234 3429 1313 misericordia,
3457 1243 3515 1296 et
3539 1252 3661 1296 ma-

2016 1326 2175 1387 xime
2206 1327 2336 1406 ejus
2388 1325 2651 1402 cognatis
2694 1339 2746 1384 ei
2787 1323 3167 1397 necessariis,
3200 1323 3301 1404 qui
3336 1324 3513 1385 etiam
3544 1343 3653 1404 ge-

2022 1433 2295 1476 nerosam
2332 1415 2488 1475 illam
2523 1413 2809 1488 rogabant
2838 1413 3266 1493 animam,utei
3300 1414 3657 1492 ignosceret,

2019 1505 2118 1585 qui
2148 1504 2459 1565 damnatus
2491 1501 2680 1564 fuerat
2711 1511 2771 1563 ut
2808 1511 2963 1565 esset
2998 1512 3215 1572 mutus,
3251 1511 3310 1563 et
3338 1502 3392 1564 ei
3423 1503 3657 1566 relaxa-

2020 1604 2109 1655 ret
2144 1592 2467 1667 \inculum,
2500 1590 2634 1653 vide
2672 1591 2813 1673 quid
2843 1591 2983 1652 facit
3007 1591 3220 1652 virille
3248 1598 3421 1667 aptus
3448 1592 3660 1653 virtute

2020 1692 2079 1744 et
2108 1683 2435 1744 concinnus
2466 1699 2479 1744 :
2542 1700 2678 1742 cum
2710 1680 2991 1762 precibus
3020 1679 3262 1761 quidem
3292 1681 3661 1756 ﬂecteretur,

291 1784 388 1835 τώ
445 1778 802 1853 Πνεύματος),
853 1778 1049 1855 μερίζει
1093 1776 1192 1843 τὴν
1250 1775 1517 1851 ἐπιτιμίαν
1575 1774 1817 1847 ἆστειως,
1850 1776 1937 1831 καὶ

2024 1774 2175 1853 quod
2202 1771 2582 1851 castigatione
2604 1780 2802 1833 autem
2823 1771 3020 1831 adhuc
3043 1779 3248 1848 egeret
3269 1772 3552 1833 diaconus
3572 1789 3666 1833 re-

290 1870 528 1948 χρῆσθαι
581 1867 678 1942 μὲν
726 1867 794 1942 τῇ
849 1866 1065 1944 γλώττῃ
1112 1868 1242 1945 πρὸς
1300 1866 1470 1922 πάντα
1513 1863 1673 1942 λόγον
1704 1863 1931 1940 ἀνίησιν,

290 1956 354 2013 οὗ
414 1957 522 2032 μὴν
584 1955 721 2021 ὅλως
771 1955 1095 2036 ἐλευθερίως,
1150 1952 1257 2012 οὔδ’
1315 1954 1410 2012 οἵα
1452 1954 1708 2031 πρότερον
1758 1955 1931 2028 λαμυ-

291 2047 508 2124 ρωτάτῃ
558 2048 648 2103 καὶ
704 2044 867 2123 ὠδινῇ
939 2058 1238 2126 συγχωρεῖ,
1332 2044 1472 2100 ἀλλὰ
1544 2044 1791 2121 ναρκίύσῃ
1848 2046 1935 2101 καὶ

292 2136 555 2217 νωχελεϊ,
613 2138 701 2193 καὶ
757 2137 920 2213 μικρά
1002 2158 1123 2195 τινα
1197 2137 1620 2213 προσπταιούσῃ,
1674 2134 1934 2191 παιδεύων

291 2228 491 2304 μηκέτι
541 2225 680 2304 μέγα
734 2238 945 2306 φρονεῖν
1001 2226 1087 2282 ἐπὶ
1173 2223 1407 2305 γλώττῃ,
1492 2225 1616 2301 μηδ’
1691 2221 1937 2302 ἐπιϐρενο

290 2319 502 2374 θύεσθαι
560 2315 815 2393 ῥήμασιν,
873 2316 1034 2373 ὁπότε
1078 2313 1216 2392 μηδὲ
1288 2318 1469 2382 αὐτοῖς
1529 2317 1804 2396 πράγμασι
1861 2318 1939 2386 τῷ

294 2403 565 2480 σπουδαίῳ
587 2405 773 2468 καλόν.

380 2674 528 2737 κη’.
593 2672 755 2739 Τέλος
815 2672 1073 2731 ἐπιθεῖναι
1138 2680 1217 2749 τῷ
1272 2673 1415 2753 λόγῳ
1473 2681 1562 2732 νῦν
1619 2673 1938 2753 ἐϐουλόμην,

296 2767 385 2821 κιὶ
440 2764 719 2842 ἀγαπῆσαι
773 2764 869 2832 τὴν
943 2764 1175 2839 σιωπὴν,
1233 2760 1324 2820 ἅτε
1387 2764 1464 2839 μὴ
1540 2767 1639 2832 τὴν
1700 2764 1939 2843 γλῶτταν

296 2853 444 2935 ἔχων
498 2854 729 2928 θαύμασι
800 2853 1059 2919 τοιούτοις
1135 2852 1558 2929 συνυψουμένην,
1616 2851 1770 2910 Ἀλλ’
1830 2845 1944 2908 ἐπεὶ

302 2945 390 3000 καὶ
443 2944 599 3005 αὐτὸς
644 2941 814 3000 ὠδίνω
868 2945 967 3010 τὴ)
1013 2942 1262 3022 ἐξήγησιν
1306 2949 1376 3019 τῇ
1424 2944 1553 3022 πρὸς
1611 2944 1704 2998 τὸν
1774 2941 1943 3018 μέγαν

310 3032 522 3112 στοργῆ,
555 3033 643 3089 καὶ
683 3032 844 3108 ὑμᾶς,
878 3032 1024 3091 οὖδέν
1080 3033 1242 3101 ἦττον
1300 3032 1407 3112 δρῶ
1467 3033 1770 3112 κεχηνότας
1810 3032 1939 3110 πρὸς

2022 1863 2357 1924 traheretur
2382 1863 2539 1941 (nam
2559 1863 2668 1922 hoc
2686 1880 2923 1941 quoque
2939 1860 3177 1922 videbat
3198 1878 3304 1940 per
3326 1860 3659 1941 Spiritum);

2020 1970 2251 2032 poenam
2284 1952 2432 2013 scite
2467 1952 2806 2032 partitur,et
2838 1951 3126 2031 permittit
3155 1948 3422 2029 quidem,
3449 1958 3513 2012 ut
3539 1950 3657 2011 lin-

2017 2060 2129 2121 gua
2163 2051 2355 2102 utatur
2386 2041 2457 2100 ad
2490 2059 2726 2101 omnem
2761 2056 3124 2112 sermonem,
3162 2057 3281 2099 non
3312 2047 3510 2100 tamen
3539 2057 3666 2100 om-

2020 2133 2159 2190 nino
2190 2131 2539 2201 libere,.nec
2568 2138 2633 2191 ut
2664 2129 2826 2209 prius
2858 2129 3016 2189 clara
3049 2137 3108 2188 et
3137 2145 3376 2201 canora,
3402 2128 3505 2190 sed
3552 2129 3665 2192 he-

2020 2219 2156 2281 bete
2186 2231 2244 2280 et
2276 2220 2448 2280 imbe.
2472 2220 2592 2291 illa,
2630 2228 2685 2280 et
2739 2237 2946 2299 parum
3000 2219 3327 2297 cespitante
3356 2230 3417 2279 et
3448 2216 3664 2280 balbu-

2012 2310 2225 2383 tiente,
2262 2311 2568 2389 erudiens,
2600 2327 2675 2369 ne
2705 2308 2963 2387 amplius
2988 2316 3230 2387 propter
3258 2306 3518 2384 linguam
3543 2308 3660 2370 sibi

2025 2399 2308 2479 placeret,
2349 2417 2457 2460 nec
2488 2417 2554 2460 se
2600 2397 2675 2460 de
2731 2397 2930 2458 verbis
2967 2399 3242 2477 jactaret,
3277 2414 3411 2457 cum
3446 2415 3557 2458 nec
3586 2396 3664 2457 de

2024 2490 2207 2552 rebus
2239 2488 2480 2569 quidem
2514 2488 2660 2569 ipsis
2709 2505 2774 2549 se
2795 2488 3043 2568 jactare,
3074 2486 3200 2548 viro
3234 2486 3389 2548 bono
3439 2484 3515 2546 sit
3545 2486 3661 2547 ho-

2024 2589 2284 2645 nestum.

2104 2669 2287 2735 ΧΧν,
2324 2671 2606 2733 Volebam
2639 2689 2796 2733 nunc
2831 2669 3145 2751 imponere
3175 2670 3350 2730 tinem
3382 2667 3658 2746 orationi,

2027 2773 2084 2820 et
2114 2761 2390 2841 amplecti
2418 2761 2821 2834 silentium,ut
2845 2759 2944 2841 qui
2964 2777 3076 2821 nec
3094 2759 3342 2819 habeam
3373 2758 3661 2837 linguam,

2025 2869 2156 2930 quas
2185 2870 2318 2912 cum
2353 2851 2532 2913 tantis
2566 2850 2751 2930 possit
2774 2848 2976 2912 extolli
3011 2847 3332 2910 miraculis.
3361 2846 3477 2909 Sed
3508 2866 3663 2927 quo-

2025 2940 2179 3000 niam
2202 2950 2259 3002 et
2282 2940 2407 3021 ipse
2433 2949 2675 3020 propter
2704 2958 2896 3002 meam
2919 2940 2980 3000 in
2998 2939 3160 3000 hunc
3181 2950 3450 2999 sanctum
3474 2937 3665 2999 bene-

2023 3028 2336 3091 viilentiam
2365 3031 2630 3111 parturio
2663 3030 3119 3111 expositionem,
3147 3036 3207 3094 et
3230 3048 3331 3093 vos
3360 3028 3532 3091 video
3564 3029 3662 3089 ni-

302 3123 402 3189 τὴν
440 3121 715 3200 ἀκρόασιν,
749 3124 836 3180 καὶ
891 3121 1044 3202 ἕτερα
1101 3122 1261 3179 πάλιν
1306 3125 1408 3178 τῶν
1436 3123 1718 3195 θαυμάτων
1767 3143 1937 3198 προσ-

2026 3118 2346 3181 hilominus
2377 3139 2480 3181 ore
2498 3119 2700 3182 hiante
2728 3120 2799 3181 ad
2831 3119 3190 3181 audiendum
3223 3116 3666 3198 attentos,adji-

293 3214 463 3284 θήσω,
507 3212 721 3289 βέλτιον
778 3214 1122 3290 ἡγησάμενος
1183 3211 1328 3275 ὅπως
1386 3210 1447 3269 ἂν
1500 3211 1617 3291 ἔχω
1670 3209 1942 3285 δυνάμεως

290 3305 456 3361 ταῦτα
507 3300 815 3376 διεξελθεῖν,
862 3302 898 3370 ἢ
967 3302 1105 3360 οὕτω
1163 3303 1484 3360 καταλιπεῖν
1540 3304 1936 3378 ἀμνημόνευτα,

288 3391 503 3460 πολλὴν
582 3392 710 3467 ὑμῖν
799 3391 1064 3468 δυνάμενα
1142 3394 1240 3461 τὴν
1308 3391 1569 3472 ὠφέλειαν
1654 3391 1934 3472 παρέχειν.

291 3482 475 3558 Eis-ﬁsi
521 3482 651 3540 ποτὲ
714 3483 836 3539 ναόν
902 3504 1018 3540 τινα
1075 3487 1173 3550 τῆς
1236 3485 1394 3542 αὐτοῦ
1455 3480 1663 3546 πόλεως
1720 3484 1748 3537 6
1798 3485 1940 3546 θεῖος

217 3571 249 3655 γ’
296 3571 450 3637 οὗτος
511 3571 666 3650 ἀνὴρ,
711 3572 805 3635 τὰς
868 3572 1136 3651 ἑσπερίους
1192 3571 1354 3652 ᾠδὰς,
1419 3573 1492 3635 ὡς
1525 3570 1663 3645 ἔθος,
1700 3571 1942 3627 ἐπιτελέ-

300 3685 434 3726 σων,
497 3661 648 3721 Οὕτω
700 3660 754 3718 δέ
797 3685 911 3728 πως
969 3663 1305 3742 συνενεχθὲν,
1352 3662 1447 3719 οὒκ
1490 3662 1553 3730 ἦν
1597 3660 1761 3742 ὄχλος
1815 3663 1946 3739 πρὸς

296 3756 393 3811 τὸν
436 3753 585 3815 ναόν.
647 3754 795 3809 Ἐπεὶ
847 3754 935 3808 οὖν
978 3750 1142 3815 οὗδεὶς
1178 3757 1354 3829 παρῆν
1399 3750 1575 3828 ἕτερος
1626 3751 1671 3805 εἰ
1713 3750 1790 3825 μὴ
1826 3748 1947 3806 ὅσον

299 3843 358 3899 ἐν
406 3843 693 3920 νεωκόροις
750 3841 837 3897 καὶ
893 3839 1254 3920 λειτουργοῖς,
1291 3839 1493 3896 κελεύει
1552 3839 1770 3897 πλείονα
1800 3839 1861 3896 τό
1891 3859 1946 3894 τε

300 3941 411 3990 τῶν
440 3931 678 4002 συνήθων
733 3930 931 4001 ἀνάψαι
962 3931 1028 3987 τὰ
1085 3931 1258 4011 φῶτα,
1303 3934 1391 3988 καὶ
1434 3932 1591 3995 αὒτὸς
1657 3930 1753 4005 μὲν
1810 3952 1946 3986 κατ-

295 4023 516 4099 αντικρὺ
624 4029 716 4082 τοῦ
789 4019 1161 4099 θυσιαστηρίου
1234 4017 1449 4099 φαιδρὸς
1547 4021 1760 4095 ἵστατο,
1850 4020 1948 4085 τὴν

292 4114 544 4169 εἷωθῠϊαν
599 4108 811 4188 εἰρήνην
843 4113 1120 4190 ἐπιφωνὼν
1159 4131 1173 4146 ·
1222 4109 1333 4167 ἐπεὶ
1377 4108 1432 4166 δὲ
1491 4110 1577 4167 καὶ
1630 4113 1689 4165 τὸ
1744 4108 1946 4178 πλῆθος

291 4203 392 4260 οὐκ
461 4201 559 4280 ἦν,
622 4201 696 4261 ὡς
760 4198 943 4273 εἴωθε,
1024 4200 1123 4268 τὴν
1205 4201 1484 4274 ἀπόκρισιν
1555 4201 1940 4274 ποιησόμενον,

289 4293 446 4371 φωνή
491 4312 571 4351 τις
634 4286 828 4346 ἄνωθεν
889 4288 1103 4346 πολλῶν
1180 4290 1431 4371 ἀκούεται
1490 4288 1780 4368 μυριάδων,
1846 4290 1944 4347 Καὶ

288 4388 368 4455 τῷ
424 4381 689 4453 Πνεύματί
746 4401 862 4453 σου,
922 4381 1363 4459 ὕποφωνούντων,
1422 4370 1484 4435 Ἠ
1529 4378 1583 4434 δὲ
1642 4380 1792 4456 φωνὴ
1835 4377 1939 4453 ἒμ-

291 4472 488 4545 μουσός
539 4491 622 4534 τις
674 4472 761 4526 καὶ
802 4471 1135 4546 ἐναρμόνιος,
1172 4471 1257 4526 καὶ
1310 4468 1447 4527 πολὺ
1476 4472 1537 4526 τὸ
1569 4467 1938 4546 παραλλάττον

294 4559 520 4639 ἔχουσα,
582 4558 792 4629 ἢῶστε
835 4563 923 4617 καὶ
976 4560 1310 4637 ἀνθρωπίνην
1353 4559 1670 4630 εἰκάζεσθαι,
1737 4549 1829 4619 (Ως
1885 4555 1939 4613 δὲ
1965 4544 2001 4595 ε’

302 4652 390 4705 καὶ
445 4652 473 4704 ὁ
519 4648 757 4711 διάκονος
815 4650 917 4717 την
969 4649 1135 4729 εὒχην
1192 4647 1453 4729 ἐπετέλει,
1486 4648 1633 4728 φόϐῳ
1675 4647 1944 4727 κατάσχεο

297 4760 389 4803 τος
441 4739 699 4818 γεγονὼς,
758 4737 949 4806 ἤκουσε
1005 4737 1164 4795 πάλιν
1207 4739 1281 4817 (ὢ
1337 4739 1600 4814 θαύματος
1626 4737 1679 4817 ί)
1717 4739 1802 4811 τὸ,
1847 4736 1944 4795 Κύ-

298 4851 397 4910 ριε,
482 4828 710 4896 ἐλέησον
741 4876 757 4909 ,
843 4828 1133 4892 θεσπεσίως
1220 4827 1389 4892 οὕτως
1480 4828 1940 4907 ὑποφωνούμενον,

301 4920 400 4977 Καὶ
455 4917 577 4973 ἐπεὶ
614 4919 651 4985 ἡ
693 4918 796 4994 βοὴ
855 4915 988 4985 αὕτη
1049 4916 1241 4984 ἑαυτὴν
1301 4918 1389 4973 καὶ
1443 4929 1562 4981 τοῖς
1622 4914 1720 4980 ἔξω
1776 4914 1944 4986 δήλην

2025 3208 2177 3270 ciam
2203 3227 2413 3271 rursus
2449 3209 2563 3271 alia
2589 3209 2906 3271 miracula:
2937 3208 3148 3271 melius
3179 3227 3310 3271 esse
3335 3210 3668 3282 ducens,ea

2024 3299 2322 3379 quomodo
2355 3307 2565 3380 potero
2610 3300 2910 3380 persequi,
2945 3316 3142 3379 quam,
3179 3298 3228 3359 si
3259 3316 3328 3361 ea
3359 3297 3667 3359 memoria

2027 3408 2142 3450 non
2175 3388 2665 3463 mandavem,vos
2687 3389 2784 3451 illa
2812 3389 3085 3451 traudare
3120 3389 3389 3452 utilitate.
3424 3386 3665 3466 Ingres-

2023 3495 2123 3540 sus
2144 3484 2275 3541 erat
2291 3478 2605 3561 aliquando
2632 3479 2927 3559 quoddam
2957 3479 3242 3559 templum
3267 3495 3388 3538 sua;
3415 3476 3669 3538 civitatis

2029 3568 2126 3629 hic
2157 3570 2247 3628 vir
2278 3570 2533 3635 divmus.
2580 3569 2653 3629 de
2714 3588 2876 3630 more
2936 3569 3274 3649 vespertina
3320 3574 3668 3647 peracturus

2029 3659 2276 3719 cantica.
2311 3657 2394 3719 Ita
2426 3666 2621 3720 autem
2647 3660 3066 3731 contigeranut
3093 3658 3342 3735 populus
3365 3673 3482 3715 non
3511 3663 3668 3716 esset

2030 3746 2087 3806 in
2122 3747 2364 3827 templo.
2389 3747 2532 3810 Cum
2557 3767 2694 3827 ergo
2720 3749 2917 3808 nullus
2942 3754 3099 3807 esset
3121 3747 3291 3818 alius,
3320 3744 3435 3804 nisi
3467 3743 3667 3804 aeditui

2032 3842 2255 3897 tantum
2286 3847 2344 3897 et
2377 3837 2653 3916 ministri,
2681 3836 2851 3915 jubet
2881 3836 3053 3897 solito
3102 3837 3269 3915 plura
3295 3833 3540 3895 accendi
3571 3832 3668 3893 lu-

2033 3926 2210 4006 mina;
2240 3936 2295 3987 et
2320 3927 2443 4007 ipse
2467 3927 2706 4006 quidem
2738 3928 2899 3987 laetus
2931 3925 3118 3986 stabat
3148 3944 3217 3985 ex
3251 3924 3497 3985 adverso
3527 3939 3669 3996 aras,

2033 4033 2235 4095 pacem
2267 4015 2602 4076 acelamans
2632 4014 3153 4077 consuetamllum
3186 4021 3383 4075 autem
3419 4031 3537 4073 non
3558 4026 3669 4073 ‘es-

2030 4115 2142 4181 set,
2177 4115 2236 4164 ut
2266 4106 2513 4171 solebat.
2566 4104 2814 4184 populus
2846 4122 3268 4185 reslionsurus,
3295 4101 3532 4164 auditur
3563 4101 3674 4163 de-

2026 4211 2209 4275 super
2228 4213 2336 4256 vox
2360 4195 2630 4272 quaedam
2655 4194 2969 4256 multarum
2994 4194 3321 4276 myriadum
3349 4191 3677 4254 acclaman-

2029 4285 2171 4344 tium
2201 4302 2214 4346 ε
2244 4284 2313 4345 Et
2343 4303 2475 4345 cum
2512 4283 2736 4364 Spiritu
2771 4295 2893 4346 tuo.
2932 4283 3069 4346 Erat
3092 4302 3229 4345 vero
3263 4301 3368 4343 vox
3402 4281 3671 4361 quaedam

2029 4373 2320 4435 modulata
2375 4386 2431 4435 et
2492 4392 2833 4441 numerosa,
2868 4384 2924 4435 et
2952 4393 3080 4454 quae
3113 4383 3242 4434 erat
3273 4370 3667 4452 praestantior,

2024 4482 2198 4545 quam
2234 4474 2297 4524 ut
2320 4466 2578 4526 humana
2604 4484 2733 4525 esse
2765 4465 3190 4545 conjiceretur.
3216 4462 3531 4542 Postquam
3562 4478 3676 4521 au-

2029 4562 2146 4615 tem
2178 4572 2386 4634 preces
2413 4555 2637 4637 peregit
2664 4553 3194 4619 diaconustimore
3211 4560 3520 4632 correptus
3538 4568 3675 4611 rur-

2028 4661 2126 4704 sus
2157 4643 2378 4705 audivit
2413 4646 2472 4724 (ο
2507 4644 2855 4705 miraculum
2883 4645 2956 4724 υτ
2984 4643 3159 4725 Kyrie
3181 4640 3678 4715 eleeison,divine

2027 4733 2442 4795 acclamatum.
2475 4731 2620 4794 Nam
2671 4734 3012 4813 priusquam
3054 4740 3249 4814 portas
3283 4730 3677 4810 ingrederenc

2029 4833 2147 4898 tur,
2180 4841 2353 4884 aures
2383 4841 2525 4885 voce
2577 4824 3079 4905 percutiebantur.
3128 4821 3276 4883 Cum
3333 4830 3529 4881 autem
3573 4819 3674 4879 in-

2027 4913 2214 4992 gressi
2248 4925 2466 4986 essent,
2504 4915 2728 4974 nullum
2780 4914 3032 4991 amplius
3086 4912 3429 4983 audiebant,
3481 4927 3676 4990 neque

298 5007 492 5079 ἐιτοίει,
553 5005 794 5063 συνεθέον
852 5007 1072 5082 πάντες,
1105 5003 1395 5070 δεδοικότες
1443 5007 1575 5081 ὁμοῦ
1621 5007 1707 5062 καὶ
1735 5005 1937 5081 θαυμαί-

2030 5004 2214 5064 ullum
2248 5003 2546 5080 videbant,
2582 5013 2793 5081 prater
2816 5002 3067 5080 justum,
3105 5010 3165 5061 et
3223 5017 3443 5079 paucos
3484 5015 3552 5058 ex
3599 4998 3675 5059 iis

298 5104 505 5169 ζοντες,
552 5098 641 5153 καὶ
700 5098 818 5175 πρὶν
863 5108 962 5170 μὲν
997 5096 1133 5153 εἴσω
1190 5097 1358 5173 θυρῶν
1401 5095 1667 5172 γενέσθαι,
1730 5094 1937 5163 πέπλη·

2033 5095 2134 5173 qui
2164 5090 2219 5152 ei
2251 5090 2661 5151 ministrabant
2694 5112 2708 5149 :
2742 5093 2843 5170 qui
2880 5089 2993 5169 ipsi
3024 5107 3263 5168 quoque
3292 5086 3574 5149 dicebant
3609 5104 3675 5149 se

298 5208 396 5244 κτο
457 5186 643 5249 αὖτοῐς
698 5186 733 5253 ἡ
790 5184 930 5252 ἀκοὴ
990 5191 1052 5262 τῇ
1099 5185 1202 5262 βοῇ
1233 5203 1250 5221 ο
1285 5183 1398 5241 ἐπεὶ
1430 5182 1484 5239 δὲ
1513 5189 1603 5241 καὶ
1633 5182 1769 5240 εἴσω
1799 5185 1928 5263 γεγό

2037 5181 2337 5243 neminem
2369 5180 2613 5260 quidem
2648 5180 2959 5259 hucusque
2999 5180 3224 5258 videre,
3280 5176 3490 5239 audire
3538 5194 3676 5238 vero

300 5298 478 5356 νασιν,
542 5274 637 5332 οὐκ
691 5273 768 5330 ἔτι
824 5272 1033 5338 οὐδενὸς
1101 5273 1297 5342 ἤκουον
1354 5270 1462 5331 οὔδ’
1512 5272 1691 5353 ἐώρων
1749 5272 1930 5331 οὐδένα

2042 5271 2377 5333 emittentes
2408 5287 2610 5329 vocem
2644 5268 2856 5329 lellltB
2879 5266 3312 5329 exsultationis.

301 5363 381 5421 ὅτι
434 5387 514 5441 μη
543 5366 635 5421 τὸν
690 5361 913 5438 δίκαιον,
950 5366 1037 5421 καὶ
1069 5362 1274 5442 ὀλίγους
1317 5363 1448 5444 τῶν,
1481 5360 1571 5419 ὑπ’
1628 5363 1806 5439 αὐτὸν,
1843 5363 1962 5444 οἵγε
2008 5366 2095 5421 καὶ
2150 5359 2302 5418 αὒτοΐ
2363 5357 2598 5439 ἔφασκον
2642 5357 2846 5436 μηδένα
2905 5358 3002 5436 μὲν
3062 5356 3192 5438 ἄχρι
3254 5356 3346 5413 καί
3380 5362 3467 5414 νῦν
3526 5358 3671 5436 όρᾷν,

302 5454 485 5535 φωνὴν
512 5451 569 5510 δὲ
599 5453 942 5532 προϊεμένων
988 5453 1202 5511 ἀκούειν
1229 5453 1372 5517 θείας
1409 5452 1802 5532 ἀγαλλιάσεως.

387 5542 523 5604 ΚΘ’.
580 5541 709 5601 Οὐδὲ
768 5552 923 5602 τοῦτο
982 5544 1097 5623 χρὲ⁸
1155 5548 1453 5618 σιωπῆσαι,
1511 5545 1598 5600 καὶ
1655 5542 1735 5600 ὅτι
1779 5566 1937 5623 προσ-

2119 5537 2335 5604 ΧΧΙΧ.
2367 5540 2491 5603 Nec
2515 5541 2628 5604 hoc
2653 5557 2889 5621 quoque
2918 5544 3010 5599 est
3038 5536 3276 5599 silentio
3316 5537 3677 5619 praetermit-

307 5637 436 5703 ἧκον
488 5635 683 5711 εἰπεῖν,
768 5632 1092 5699 ἀκούσαντες
1149 5632 1382 5693 εἴσεσθε.
1442 5631 1578 5690 Ποτὲ
1638 5633 1736 5713 γὰρ
1794 5633 1937 5693 πάλιε

2042 5631 2310 5705 tendum,
2347 5641 2408 5692 et
2435 5633 2596 5710 quod
2624 5630 2682 5693 id
2716 5629 2918 5693 dicere
2948 5628 3282 5711 conveniat,
3316 5628 3517 5691 scietis
3538 5643 3675 5691 cum
