4006 6146
280 272 389 338 451

1482 224 1495 237 ’
1582 263 1864 329 MENSIS
1907 260 2335 327 DECEMBER.

3528 256 3646 325 452

262 401 648 470 audiveritis.
683 399 824 462 Nam
875 418 1010 461 cum
1037 396 1443 477 vespertinum
1477 396 1768 457 canticum
1799 394 1905 457 ali-

1993 401 2092 463 τῆς
2136 399 2417 477 ἑσπερινῆς
2462 399 2604 472 mare
2647 395 2913 470 μεσούσης
2959 390 3123 471 ᾠδῆς,
3185 396 3247 453 τὸ
3306 404 3397 453 τοῦ
3445 393 3645 475 λύχνου

281 492 517 575 quando
538 499 694 553 esset
713 490 1059 569 perductum
1108 470 1180 548 ad
1216 470 1500 563 mediu'm,
1519 486 1641 564 jam
1675 486 1914 565 quidem

277 585 538 647 lucernae
566 579 885 642 deﬁciebat
937 579 1159 649 oleum,
1192 575 1353 636 aliud
1384 587 1580 635 aulem
1637 593 1755 636 non
1784 592 1916 636 esse

279 683 421 735 tunc
449 670 800 747 contigerat,
836 684 1039 745 parum
1071 682 1208 725 vero
1233 666 1461 730 aberat.
1497 663 1644 743 quin
1673 663 1917 725 lucerna

277 757 885 839 exstinguereturJlle
902 766 1100 817 autem
1132 773 1259 831 angi
1288 756 1458 814 batur
1478 753 1700 827 animo,
1727 763 1788 813 ut
1814 760 1913 833 qui

276 849 895 927 nolletimperl'ectum
929 845 1270 924 relinquere
1295 844 1686 905 ministerium
1719 842 1912 905 Proti-

277 958 392 1001 nus
419 949 619 1000 autem
655 937 862 996 virtute
891 935 1148 1014 quadam
1193 951 1323 1013 quia
1364 952 1483 994 non
1534 932 1914 994 cadebatsub

277 1029 504 1108 oculos,
539 1027 784 1088 lucerna
813 1025 1052 1103 quidem
1085 1033 1270 1084 scatet
1291 1023 1914 1102 oleo,superfuuditur

274 1135 413 1179 vero
435 1118 631 1176 oleum
656 1116 841 1175 instar
870 1112 1074 1193 fontis,
1108 1123 1166 1172 et
1197 1132 1330 1173 cum
1358 1131 1491 1172 vasa
1522 1111 1915 1191 sulijetissent

275 1204 885 1286 mditui,excipirbant
912 1203 967 1261 id
1001 1203 1159 1282 quod
1184 1201 1503 1265 defluebat.
1538 1201 1681 1262 Tam
1714 1204 1915 1282 copio-

274 1314 399 1358 sam
432 1295 689 1355 habebat
721 1292 820 1353 ille
863 1310 1109 1370 magnus
1158 1292 1269 1352 vim
1304 1292 1588 1353 scatentis
1619 1291 1823 1369 gratiae
1852 1290 1913 1352 in

274 1385 623 1459 anima,nun
646 1383 842 1443 minus
866 1399 1039 1461 quam
1070 1382 1213 1442 illud
1239 1382 1463 1442 sensile
1493 1382 1689 1441 oleum
1725 1383 1781 1441 in
1814 1381 1907 1440 lu-

273 1477 679 1553 cerna.Atque
696 1470 855 1551 quod
884 1489 953 1530 ea
971 1470 1374 1551 quidem,qu:e
1406 1480 1570 1532 erant
1595 1471 1651 1529 in
1676 1469 1916 1550 profun—

273 1564 349 1625 do
379 1561 826 1632 animavidere
858 1569 1087 1639 poterat
1107 1561 1237 1620 sine
1262 1560 1715 1640 impedimento,
1754 1562 1915 1639 prius

265 1653 393 1733 jam
412 1651 979 1726 declaravitoratio;
1019 1648 1345 1710 declarabit
1379 1659 1574 1710 autem
1613 1667 1908 1728 nuncque.

353 1739 540 1803 XXX.
575 1738 676 1800 Est
705 1739 912 1800 civitas
935 1739 993 1798 in
1027 1737 1213 1819 Cypro
1236 1740 1502 1828 ejusdem
1526 1738 1910 1812 nominis,cu-
1938 1779 1976 1828 Β

263 1831 365 1911 jus
393 1828 618 1911 Cyrene
647 1829 707 1889 in
738 1827 938 1908 Lybia.
995 1831 1087 1889 Ad
1143 1847 1273 1903 eam
1307 1847 1376 1888 ex
1406 1827 1910 1905 Trimtnythunte,

271 1939 405 1982 cum
430 1938 570 1981 usus
587 1920 666 1981 ita
692 1918 1154 1995 vocaret,abibat
1180 1936 1429 1995 magnus
1450 1916 1913 1995 Spiridon.Eum

269 2019 468 2073 autem
510 2008 874 2088 sequebatur
918 2006 1281 2088 Triphytlius
1304 2007 1911 2087 quoquedtscipulus,

270 2103 503 2175 qutjatn
524 2101 992 2164 Callintcensium
1041 2104 1286 2157 civitatis
1311 2104 1393 2172 (ut
1425 2116 1602 2157 visum
1638 2101 1825 2157 fuerat
1856 2115 1913 2157 in

273 2190 514 2256 somnis)
538 2188 716 2244 iactus
735 2193 857 2242 erat
874 2189 1128 2242 antistes.
1157 2185 1296 2242 Cum
1324 2199 1454 2242 vero
1480 2200 1661 2241 Visum
1681 2195 1829 2241 esset
1861 2186 1912 2240 ei

274 2288 477 2331 ventre
506 2288 612 2350 per
634 2269 842 2331 urbem
881 2268 1131 2349 Cythera
1154 2276 1214 2330 et
1248 2278 1531 2343 montem,
1566 2267 1666 2349 qui
1698 2268 1913 2328 dicitur

266 2363 849 2443 Pentadactylus,ubi
867 2364 981 2424 fuit
1002 2363 1060 2423 in
1084 2363 1348 2440 loco,qui
1381 2363 1598 2422 dicitur
1628 2364 1909 2441 Patymne

262 2459 377 2534 (est
409 2464 608 2515 autem
657 2456 710 2514 is
756 2453 920 2513 lucus
967 2459 1156 2513 bonus
1188 2464 1248 2514 et
1277 2469 1576 2525 amoenus,
1613 2468 1671 2511 et
1709 2453 1907 2513 multis

262 2545 444 2605 rebus
465 2541 751 2623 jucundis
785 2542 1083 2619 afﬂuens),
1117 2538 1472 2619 Triphyllius
1502 2559 1571 2599 eo
1602 2540 1732 2599 loco
1791 2541 1901 2602 de-

262 2634 535 2706 lectatus,
570 2631 872 2694 desiderat
902 2649 1027 2709 ipse
1062 2648 1299 2709 quoque
1330 2630 1455 2687 fieri
1486 2628 1764 2690 dominus
1788 2630 1902 2691 ali-

263 2724 434 2803 cujus
462 2721 585 2801 agri
617 2728 676 2781 in
706 2719 1074 2798 Patymna,et
1106 2737 1240 2778 eum
1274 2735 1395 2777 sua:
1417 2735 1771 2779 consecrare
1796 2717 1903 2781 Ec.

263 2812 481 2874 clesite.
514 2809 652 2871 Hinc
697 2808 1148 2885 magnifacrebat
1177 2805 1562 2887 Triphyllius,
1596 2816 1655 2869 et
1707 2809 1904 2870 animo

260 2901 697 2979 versabat,quaa
715 2915 909 2977 neque
928 2895 1286 2974 effugiebant
1315 2907 1702 2977 cunSpevtum
1726 2898 1907 2960 inter-

260 3007 473 3051 norutn
510 2987 816 3050 oculorum
840 2987 1197 3066 Spirtdunis;
1217 2986 1324 3048 sed
1346 2993 1405 3047 et
1425 2986 1525 3048 ille
1562 2988 1810 3067 pulchre
1829 2988 1903 3048 vi-

2001 487 2100 561 μὲν
2130 487 2307 546 ἔλαιον
2365 487 2602 554 ἐξέλιπεν
2641 486 2771 564 ἤδη,
2802 485 2979 564 ἕτερον
3036 484 3090 541 δὲ
3151 485 3289 542 οὕτω
3332 485 3523 564 τυχὸν,
3583 489 3647 543 οὗ

1999 583 2196 655 παρῆν.
2244 581 2314 636 Τὸ
2356 600 2416 657 γε
2473 579 2583 652 μὴν
2627 574 2952 651 θρυαλλίδιον
2995 575 3150 651 ἐγγὺς
3186 576 3252 643 ἧν
3309 572 3639 641 ἀποσϐῆναι,

2003 657 2060 722 Ὀ
2090 665 2143 722 δὲ
2192 667 2405 742 ἠθύμει,
2449 667 2616 734 ἀτελῆ
2676 667 2776 732 τὴν
2833 665 3163 742 λειτουργίαν
3213 664 3540 743 παραλιπεῖν
3584 668 3645 723 οὗ

1998 755 2340 831 βουλόμενος.
2405 758 2597 814 Αὔτίκα
2657 756 2745 812 οὗν
2805 755 3016 827 ἀοράτῳ
3060 752 3277 828 δυνάμει
3333 752 3644 832 ὑπερϐλύζει

1998 846 2095 920 μὲν
2128 848 2154 902 δ
2183 845 2376 926 λύχνος
2407 845 2588 907 ἐλαίῳ.
2644 836 2993 924 ’Υπερχεϊται
3043 842 3099 899 δὲ
3149 845 3209 900 τὸ
3271 842 3447 901 ἔλαιον
3477 867 3644 920 κρου-

1997 933 2178 1015 νηδὸν,
2238 939 2326 993 καὶ
2366 937 2529 1003 σκεύη
2584 936 2860 998 ὃποθέντες
2899 936 2944 990 οἱ
3004 932 3284 1012 νεωκόροι,
3318 936 3377 990 τὸ
3438 933 3645 1012 καταβ-

1995 1025 2110 1103 ῥέον
2162 1025 2432 1105 ἐδέχοντο.
2482 1024 2634 1082 Οῧτω
2684 1023 2938 1098 δαψιλοῦς
2992 1026 3019 1079 ὁ
3081 1023 3252 1100 μέγας
3308 1022 3500 1103 ἐτρύφα
3545 1028 3647 1090 τῆς

1996 1117 2240 1194 χάριτος,
2298 1112 2723 1191 ὑπερϐλυζούσης
2780 1111 2926 1169 οὗδέν
2975 1113 3138 1181 ἦττον
3191 1117 3257 1189 ἦν
3323 1117 3390 1188 τῇ
3445 1112 3648 1169 ἐκείνου

1999 1209 2154 1283 ψυχῇ
2184 1204 2219 1271 ἢ
2253 1210 2327 1277 τῷ
2357 1203 2540 1282 λύχνῳ
2568 1204 2703 1281 φημὶ
2734 1204 2794 1257 τὸ
2837 1203 3084 1268 αἰσθητὸν
3130 1200 3331 1263 ἔλαιον,
3370 1200 3501 1259 ’Ὅτι
3545 1202 3643 1276 μὲν

1997 1293 2085 1348 οὖν
2114 1294 2201 1348 καὶ
2231 1295 2296 1348 τά
2324 1294 2378 1348 ἐν
2406 1298 2484 1365 τῷ
2530 1294 2674 1369 βάθει
2734 1291 2831 1358 τῆς
2895 1291 3079 1371 ψδχῆς
3140 1291 3428 1353 ἀκωλύτως
3488 1294 3647 1371 εἶχεν

1997 1384 2144 1459 ὁρᾷν,
2206 1382 2337 1462 ἔφθη
2385 1382 2472 1438 καὶ
2530 1383 2785 1458 πρότερον
2845 1383 2872 1437 ὁ
2916 1380 3072 1459 λόγος
3130 1378 3404 1453 δηλώσας,
3435 1379 3523 1437 ὅτε
3555 1383 3651 1438 καὶ

1996 1473 2166 1548 πόρνη
2219 1485 2334 1535 τοῖς
2396 1471 2646 1551 ἐλέγχοις
2710 1467 3011 1527 ἑϐελτιοῦτο
3049 1488 3061 1499 ·
3147 1468 3377 1537 δηλώσει
3438 1467 3491 1525 δὲ
3554 1472 3646 1526 καὶ

1996 1583 2061 1616 τα
2107 1584 2193 1617 νυν
2206 1611 2215 1619 .

2078 1730 2161 1798 Λ’.
2218 1738 2370 1798 ’Ἐστι
2436 1740 2589 1805 πόλις
2646 1741 2699 1797 ἐν
2760 1742 2952 1818 Κύπρῳ
3021 1740 3303 1814 ὁμώνυμος
3362 1740 3416 1796 ἐν
3472 1738 3641 1817 Λιϐύῃ

2002 1831 2234 1907 Κυρήνη.
2304 1832 2439 1905 Πρὸς
2498 1831 2698 1895 ταύτην
2753 1832 2815 1885 ἐκ
2899 1820 3290 1907 Τριμιθούντων
3348 1831 3375 1886 ὁ
3440 1828 3637 1907 μέγας,

1996 1918 2170 1975 ἐκάλει
2216 1921 2314 1997 γὰρ
2358 1921 2513 1999 χρεία
2561 1942 2666 1991 τις,
2699 1919 2885 1994 ἀπῂει,
2922 1919 3216 1986 Ἐπόμενος
3268 1917 3322 1974 δὲ
3361 1918 3503 1993 αὒτῷ
3553 1920 3644 1976 καὶ

1996 2008 2305 2089 Τριφύλλιος
2361 2012 2389 2065 ὁ
2452 2010 2710 2088 φοιτητὴς
2770 2008 2858 2082 ἦν,
2892 2006 2994 2075 ἤδη
3026 2012 3125 2076 τῆς
3162 2015 3269 2064 τῶν
3307 2007 3641 2075 Καλλινικη-

1999 2099 2132 2155 σέων
2175 2099 2383 2162 πόλεως
2428 2101 2564 2155 κατὰ
2618 2100 2707 2155 τὸν
2767 2098 2965 2173 ὄνειρον
3007 2099 3103 2164 τὴν
3158 2095 3433 2175 προεδρίαν
3477 2098 3639 2155 ἀπει-

1993 2186 2202 2269 ληφώς.
2267 2188 2431 2254 Δόξας
2489 2188 2575 2244 οὖν
2625 2187 2707 2244 διά
2764 2210 2819 2243 τε
2875 2187 3148 2256 Κυθερείας
3184 2189 3417 2260 πόλεως,
3450 2186 3534 2243 δια
3579 2209 3638 2243 τε

1994 2277 2419 2334 Πενταδακτύλου
2503 2281 2596 2334 τοῦ
2677 2278 2828 2355 ὅρους
2915 2276 3112 2349 ἐλθεῖν,
3173 2276 3285 2332 ἐπεὶ
3345 2278 3482 2334 κατά
3538 2278 3638 2345 τὴν

1989 2366 2284 2444 λεγομένην
2372 2368 2653 2444 Παρύμνην
2737 2364 2977 2444 ἐγένοντο
3066 2367 3269 2445 (χῶρος
3354 2365 3409 2421 δὲ
3487 2367 3640 2432 οὗτος

1990 2460 2185 2533 ἀγαθὸς
2241 2462 2328 2512 καὶ⁵
2377 2458 2619 2534 τερπνὸς,
2666 2458 2752 2511 καὶ
2799 2456 3025 2518 πολλοῖς
3083 2462 3188 2510 τῶν
3232 2453 3402 2522 ἡδέων
3461 2458 3635 2512 κατά-
3690 2528 3699 2536 _

1987 2546 2207 2623 κομος),
2243 2549 2269 2601 ὸ
2312 2545 2645 2625 Τριφύλλιος,
2682 2555 2759 2621 τῷ
2790 2549 2938 2618 τόπῳ
2995 2546 3192 2624 ἡσθεὶς,
3255 2545 3347 2620 ἐρᾷ
3403 2548 3488 2601 καὶ
3536 2548 3635 2602 αὖ·

1987 2637 2076 2695 τὸς
2133 2637 2272 2700 τινὸς
2314 2637 2370 2690 ἒν
2432 2636 2682 2712 ιῐαρύμνῃ
2757 2635 3022 2702 δεσπότης
3103 2636 3366 2712 γενέσθαι,
3427 2637 3514 2691 καὶ
3568 2641 3636 2711 τῇ

1985 2725 2103 2780 κατ’
2163 2725 2318 2781 αὒτὸν
2376 2724 2634 2798 ἐκκλησίᾳ
2676 2737 2861 2785 τοῦτον
2910 2724 3329 2803 ἀφοσιώσασθαι,
3388 2734 3557 2783 Ταῦτα
3604 2727 3633 2781 ὁ

1987 2813 2297 2892 Τριφύλλιος
2342 2819 2459 2892 περὶ
2518 2814 2720 2871 πολλοῦ
2802 2837 2859 2871 τε
2937 2819 3084 2892 εἶχε,
3148 2815 3240 2870 καί
3304 2815 3438 2871 κατά
3505 2836 3625 2870 νουν

1988 2901 2254 2985 ἔστρεφεν,
2303 2908 2364 2964 οὔ
2419 2904 2515 2979 μὲν
2560 2907 2751 2961 ἀθέατα
2782 2904 2921 2968 ὅλως
2954 2917 3072 2967 τοϊς
3129 2901 3273 2959 ἔνδον
3332 2909 3424 2960 τοῦ
3478 2910 3625 2963 Σπο-

1988 2990 2201 3071 ρίδωνος
2261 2994 2556 3074 ὀφθαλμοῖς
2591 3011 2606 3026 ’
2666 2994 2801 3051 ἀλλά
2859 2996 2949 3050 καὶ
2993 2991 3137 3050 εἶδεν
3189 2993 3396 3058 ἐκεῖνος
3428 2991 3630 3067 καλῶς,

262 3078 437 3159 dit,et
468 3078 695 3158 placide
717 3076 1484 3157 reprehenditdiscipulum
1512 3078 1596 3137 :0
1631 3097 1901 3154 cumam,

1996 3080 2083 3139 καὶ
2142 3084 2232 3138 τὸν
2285 3084 2529 3157 μαθητὴν
2590 3084 2772 3161 πρᾴως
2826 3081 3068 3160 ἤλεγξεν,
3123 3078 3186 3138 Ὦ
3243 3083 3293 3139 τί
3351 3104 3502 3160 ποτε,
3537 3082 3633 3138 λέ-

263 3169 494 3241 dicens,
528 3186 564 3228 o
611 3165 921 3247 Triphylii,
959 3171 1080 3228 btet:
1132 3185 1280 3227 vana
1332 3175 1390 3227 et
1422 3168 1634 3228 insana
1665 3170 1905 3232 assidue

262 3267 464 3319 mente
488 3274 683 3318 versas
702 3255 732 3314 ‘I
750 3274 922 3331 agros
944 3255 1195 3335 cupiens
1227 3267 1285 3316 et
1317 3256 1679 3336 vineas,qure
1695 3276 1904 3320 revera

261 3348 501 3428 quidem
521 3358 660 3407 sunt
682 3345 903 3406 nullius
930 3346 1105 3425 pretii
1131 3363 1148 3421 ;
1175 3345 1365 3405 solum
1385 3356 1578 3406 autem
1605 3347 1898 3423 videntur,

260 3446 318 3496 et
357 3436 601 3498 nomine
630 3436 989 3497 demulcent.
1029 3433 1333 3495 Habemus
1367 3437 1804 3515 possessionem
1842 3438 1898 3499 in

259 3527 448 3596 caelis,
479 3544 612 3603 quae
642 3544 759 3586 non
791 3535 985 3605 potest
1029 3525 1183 3586 aufei
1199 3525 1250 3584 ri
1282 3545 1295 3583 :
1333 3524 1624 3585 habemus
1655 3528 1898 3587 domum

259 3634 379 3676 non
412 3616 801 3676 manufactam
833 3618 883 3673 8.
936 3613 1038 3675 [lla
1074 3632 1458 3695 persequere,
1495 3616 1609 3674 illi»
1641 3618 1728 3676 vel
1764 3626 1900 3679 ante

259 3714 495 3786 tempus
515 3724 620 3785 spe
638 3707 859 3781 fruere,
893 3723 1024 3785 quae
1041 3723 1158 3765 non
1185 3717 1429 3783 possunt
1457 3707 1530 3765 ab
1555 3705 1669 3765 alio
1702 3717 1900 3768 trans-

259 3793 404 3856 ferri
431 3795 504 3856 ad
534 3794 806 3873 alterum,
843 3798 947 3857 sed
980 3796 1081 3875 qui
1113 3812 1318 3855 eorum
1352 3797 1537 3855 semel
1577 3795 1753 3856 fuerit
1781 3796 1895 3858 do-

259 3887 481 3965 minus,
514 3895 714 3945 manet
746 3885 973 3947 habens
1022 3884 1453 3959 haereditatem,
1491 3903 1620 3964 quae
1654 3886 1898 3949 minime

255 3974 546 4035 aufertur.
578 3976 719 4036 Htec
751 3993 885 4036 cum
917 3973 1177 4034 audiisse
1226 3972 1608 4055 Triphyllius,
1651 3993 1768 4035 non
1803 3985 1896 4037 te-

259 4079 425 4123 mere
453 4063 658 4137 audiit,
687 4064 792 4125 sed
819 4065 1031 4125 melior
1051 4065 1234 4125 evasit
1255 4082 1478 4144 animo,
1507 4075 1563 4125 et
1584 4082 1653 4125 ea
1684 4065 1895 4125 celavit

255 4151 318 4212 in
350 4152 549 4214 cordis
579 4154 1004 4231 penetralibus,
1057 4166 1115 4214 et
1157 4154 1381 4229 rogavit
1411 4166 1705 4224 sanctum,
1746 4164 1807 4215 ut
1837 4155 1893 4214 ei

256 4240 623 4320 ignosceret;
659 4250 717 4303 et
740 4258 946 4322 postea
963 4244 1136 4305 vitam
1158 4252 1278 4321 egit
1300 4252 1632 4304 accuratam
1666 4255 1719 4304 et
1751 4262 1889 4323 per-

255 4330 492 4405 fectam,
523 4330 671 4393 adeo
703 4342 764 4393 ut
793 4332 965 4395 fieret
989 4351 1088 4394 vas
1121 4331 1435 4393 electionis
1463 4332 1708 4407 Christi,
1744 4334 1894 4396 sicut

258 4420 473 4481 Paulus
498 4422 550 4493 υ,
585 4431 643 4483 et
668 4421 1125 4484 innumerabilia
1147 4421 1301 4481 dona
1334 4430 1409 4481 sit
1436 4433 1761 4483 assecutus.
1796 4421 1895 4485 Sic

258 4527 506 4588 magnus
522 4510 803 4589 Spiridon
816 4510 964 4572 alios
975 4511 1219 4587 quidem
1246 4510 1583 4589 corrigebat
1604 4512 1892 4591 volentes,

254 4599 403 4659 alios
433 4599 605 4660 etiam
645 4599 860 4661 invitos
887 4621 903 4678 ;
934 4600 1007 4660 iis
1064 4610 1289 4675 autem,
1325 4600 1426 4681 qui
1458 4605 1894 4666 correctionem

254 4688 535 4751 nolebant
558 4689 1096 4765 admittere,malus
1120 4689 1431 4753 eveniebat
1455 4695 1669 4757 exitus:
1695 4697 1896 4774 cujus-

254 4778 414 4840 modi
445 4797 541 4841 εει
562 4780 675 4842 hoc
696 4780 851 4860 quod
885 4780 1177 4861 sequitur.

333 4867 803 4942 XXXl.Quidam
826 4881 1001 4932 nauta
1024 4880 1112 4932 est
1130 4870 1402 4951 ejusdem
1427 4873 1695 4949 civitatis,
1725 4874 1895 4954 cujus

252 4968 513 5036 sanctus,
546 4978 680 5022 cum
715 4978 963 5040 peregre
992 4960 1204 5023 fuisset
1239 4962 1635 5042 profectus,et
1661 4973 1894 5044 tempus

252 5050 502 5112 duorum
516 5068 806 5111 annorum
820 5052 1293 5132 consumpsisset
1314 5052 1373 5112 in
1394 5056 1893 5133 peregrinatione,

251 5156 527 5202 reversus
557 5148 682 5217 est;
712 5150 771 5203 et
797 5160 933 5203 cum
963 5142 1036 5204 ad
1056 5145 1302 5204 charam
1321 5142 1601 5205 rediisset
1624 5145 1897 5225 patriam,

253 5227 496 5290 domum
527 5246 694 5289 suam
738 5227 963 5291 invenit
1010 5229 1361 5293 inimicam:
1415 5243 1623 5312 aperte
1653 5234 1808 5294 enim
1842 5239 1896 5296 ei

253 5314 443 5377 fuerat
471 5316 803 5379 adulterata
827 5318 1064 5380 mulier.
1085 5319 1235 5380 Nam
1270 5330 1328 5382 et
1351 5330 1549 5383 certus
1579 5328 1706 5383 erat
1736 5324 1899 5385 testis

256 5411 452 5468 tumor
482 5405 723 5483 uteri,et
746 5407 1031 5489 fetus,qui
1056 5407 1120 5470 in
1148 5425 1220 5472 eo
1250 5410 1725 5489 gestabaturJlle
1755 5431 1895 5496 ergo

336 5632 370 5686 8
398 5630 450 5699 II
479 5632 616 5698 Cor.
648 5651 709 5713 v,
743 5640 801 5696 t.
888 5636 921 5689 9
948 5636 1081 5699 Act.
1115 5650 1195 5710 ix,
1233 5632 1333 5697 15.

1984 3194 2117 3249 γων,
2174 3171 2476 3250 Τριφύλλιε,
2540 3174 2605 3229 τὰ
2660 3176 2787 3232 κενὰ
2814 3176 2962 3231 ταυτὶ
2991 3176 3088 3229 καὶ
3140 3172 3339 3246 μάταια
3395 3173 3633 3252 στρέφων

1984 3260 2039 3316 ὲν
2087 3258 2271 3340 καρδίᾳ
2334 3260 2624 3341 διατελεῖς,
2685 3262 2862 3339 ἀγρῶν
2920 3264 3008 3319 καὶ
3077 3260 3408 3336 ἀμπελώνων
3468 3261 3631 3340 ἐρῶν,

1985 3349 2094 3406 ἔστι
2133 3350 2231 3425 μὲν
2283 3353 2411 3429 πρὸς
2457 3350 2709 3412 ἀλήθειαν
2764 3349 2993 3417 οὖδενός,
3051 3347 3260 3407 δοκοῦσι
3326 3348 3380 3406 δὲ
3444 3349 3631 3426 μόνον,

1983 3443 2070 3497 καὶ
2125 3440 2365 3518 θέλγουσι
2422 3449 2499 3515 τῷ
2557 3443 2778 3515 ὀνοματι
2817 3460 2833 3517 ;
2879 3438 3141 3519 ’Ἔχομεν
3174 3444 3362 3509 κτῆσιν
3393 3441 3447 3496 ἐν
3480 3440 3635 3518 οὖρα-

1982 3543 2095 3593 νοϊς
2154 3531 2494 3609 ἀναφαίρετον
2535 3549 2548 3563 ·
2605 3529 2805 3609 ἔχομεν
2876 3531 3074 3585 οἰκείαν
3147 3528 3569 3608 ἀχειροποίητον
3611 3548 3630 3566 ο

1982 3619 2194 3675 ἐκείνων
2254 3617 2384 3699 ἔχου
2416 3638 2432 3656 ο
2492 3619 2705 3675 ἐκείνων
2764 3619 2852 3674 καὶ
2895 3620 2996 3694 πρὸ
3050 3622 3146 3685 τῆς
3208 3616 3348 3694 ὥρας
3394 3618 3630 3676 ἀπόλαυε

1987 3722 2105 3770 ταῖς
2150 3707 2376 3789 ἐλπίσιν,
2439 3709 2512 3765 ὧν
2559 3708 2654 3765 οὒκ
2704 3707 2811 3764 ἔστι
2873 3708 3150 3782 μετάθεσις
3209 3708 3282 3770 είς
3345 3706 3522 3786 ἕτερον
3577 3709 3633 3775 ἐξ

1981 3798 2182 3878 ἐτέρου,
2236 3797 2353 3853 ἀλλ’
2413 3798 2469 3863 ὅς
2516 3797 2578 3853 ἂν
2632 3794 2769 3863 ἅπαξ
2813 3797 2985 3854 αὐτῶν
3029 3798 3164 3877 ὀφθῇ
3206 3796 3404 3877 κύριος,
3457 3797 3628 3873 μένει,

1978 3890 2176 3967 κλῆρον
2230 3887 2374 3965 ἔχων
2431 3885 2674 3962 οὐδαμῶς
2751 3889 3151 3967 ἀφαιρούμενον.
3241 3894 3417 3945 Ταῦτα
3468 3888 3628 3944 ἀκού-

1979 4000 2145 4033 σαντα
2202 3980 2290 4035 τὸν
2336 3976 2676 4057 Τριφύλλιον,
2710 3978 2788 4052 μὴ
2833 3975 3017 4037 ἁπλῶς
3058 3976 3303 4045 ἀκοῦσαι,
3356 3975 3494 4033 ἀλλὰ
3541 3979 3634 4034 καὶ

1979 4066 2325 4143 βελτιωθῆναι
2409 4068 2508 4133 τὴν
2585 4065 2829 4145 γνώμην,
2911 4068 3000 4123 καὶ
3083 4063 3295 4144 καρδίας
3353 4068 3485 4124 αὒτά
3528 4088 3630 4124 τα-

1977 4160 2142 4231 μείοις
2172 4156 2457 4234 ἐγκρύψαι,
2503 4154 2753 4224 δεηθῆναι
2810 4178 2867 4212 τε
2936 4163 3022 4213 τοῦ
3083 4156 3255 4235 ἁγίου,
3310 4155 3629 4233 συγγνώμης

1973 4259 2187 4325 τυχεῖν,
2244 4248 2331 4302 καὶ
2417 4252 2477 4301 τὸ
2563 4247 2699 4321 μετά
2757 4252 2920 4303 ταῦτα
2977 4248 3106 4324 πρὸς
3167 4242 3431 4324 ἀκρίϐειαν
3486 4248 3602 4322 ζῇν,

1976 4336 2112 4392 ὥστε
2169 4338 2266 4392 καί
2323 4342 2507 4400 σκεῦος
2571 4335 2798 4413 ἐκλογῆς
2856 4335 3121 4415 γενέσθαι,
3197 4336 3332 4391 κατά
3387 4335 3622 4411 Παῦλον,

1984 4432 2229 4505 Χριστοῦ,
2304 4427 2397 4481 καί
2461 4427 2659 4502 μυρίων
2714 4423 3002 4494 ἀξιωθῆναι
3074 4430 3183 4481 τῶν
3248 4426 3622 4505 χαρισμάτων.

1980 4514 2158 4578 Οὕτως
2190 4522 2216 4570 ὸ
2246 4514 2411 4593 μέγας
2455 4516 2540 4579 οὒς
2586 4514 2684 4589 μὲν
2728 4514 2974 4595 ἐκόντας,
3008 4522 3097 4579 οὓς
3153 4512 3206 4570 δὲ
3266 4517 3352 4570 καὶ
3404 4514 3628 4579 ἄκοντας

1978 4602 2357 4683 ἐπαιδαγώγει,
2390 4610 2477 4662 καὶ
2529 4605 2651 4669 τοῖς
2698 4605 2775 4681 μὴ
2819 4604 3163 4681 βουλομένοις
3224 4602 3465 4670 δέξασθαι
3525 4606 3627 4672 την

1981 4692 2364 4772 παιδαγωγίαν,
2425 4694 2484 4751 οὒ
2541 4694 2705 4751 καλὸν
2750 4694 2963 4764 ἀπήντα
3020 4694 3078 4751 τὸ
3138 4694 3290 4759 τέλος
3326 4713 3338 4727 ⁸
3390 4694 3511 4751 οἷον
3572 4691 3628 4751 δὲ

1977 4785 2066 4841 καὶ
2096 4790 2271 4845 τοῦτο.

2060 4872 2196 4932 AA'.
2232 4873 2631 4953 Θαλαττουργός
2662 4896 2740 4939 τις
2772 4879 2871 4942 τῆς
2904 4878 3068 4942 αὐτῆς
3113 4881 3190 4948 τῷ
3241 4874 3375 4951 ἁγίῳ
3419 4872 3628 4939 πόλεως

1976 4960 2254 5036 ἀπόδημος
2303 4966 2560 5042 γεγονὼς,
2622 4965 2711 5021 καὶ
2766 4965 2963 5043 χρόνον
3016 4970 3083 5040 τῇ
3128 4960 3409 5038 ἀποδημίᾳ
3442 4963 3626 5040 τρίψας

1981 5056 2201 5133 σσχνὸν,
2256 5052 2343 5109 δύο
2384 5052 2523 5111 ὅλων
2568 5053 2699 5110 ἐτῶν
2757 5054 3046 5128 ἐπανῆκεν,
3105 5056 3194 5110 καὶ
3251 5050 3471 5130 πατρίδα
3528 5054 3627 5119 τὴν

1980 5142 2138 5221 φίλην
2192 5140 2501 5217 ἀπολαϐὼν,
2550 5143 2649 5209 τὴν
2706 5144 2877 5201 οἰκίαν
2932 5143 3049 5222 εὗρε
3092 5140 3291 5218 κομιδῆ
3337 5141 3623 5216 πολεμίαν.

1983 5232 2318 5311 Μεμοίχευτο
2376 5233 2475 5311 γὰρ
2539 5234 2680 5306 αὒτῷ
2741 5234 2776 5301 ἡ
2835 5256 2970 5311 γυντ,
3026 5233 3288 5311 φανερῶς,
3341 5228 3489 5289 Ἐπεὶ
3541 5232 3631 5287 καὶ

1980 5322 2178 5401 μάρτυς
2238 5323 2304 5390 ἧν
2361 5319 2619 5397 ἀψευδὴς,
2666 5321 2694 5377 ὅ
2739 5344 2797 5378 τε
2856 5322 2954 5390 τῆς
3014 5322 3243 5400 γαστρός
3299 5320 3482 5400 ὄγκος,
3541 5322 3630 5378 καὶ

1977 5413 2039 5468 τὸ
2096 5410 2517 5493 κυοφοροόμενον
2567 5409 2818 5493 ἔμϐρυον.
2883 5416 3083 5492 Μικροῦ
3139 5409 3235 5484 μὲν
3289 5408 3379 5468 οὖν
3420 5408 3629 5473 ἐκεῖνος
