4006 6146
242 269 364 342 453

1525 266 1709 337 VITA
1753 267 1815 331 S.
1861 265 2245 333 SPYRIDON
2247 267 2338 330 IS.

3494 280 3610 344 454

242 413 391 477 εὐθὺς
445 412 534 468 καὶ
591 409 655 466 τὸ
704 408 920 487 γύναιον
978 407 1042 463 ἃν
1091 404 1416 486 διεχρήσὰτο
1446 421 1458 436 ⁸
1513 405 1719 468 Μεστὸς
1761 405 1886 485 γάρ,

1979 421 2182 486 parum
2215 400 2404 463 adfuit
2431 401 2575 482 quin
2625 416 2866 464 uxorem
2920 402 3329 468 interﬁceret:
3389 409 3608 477 Plenus

241 502 399 583 φησὶ,
457 499 625 572 ζήλου
666 499 829 574 θυμὸς
873 494 1057 576 ἀνδρὸς
1099 496 1287 563 αὐτῆς.
1321 494 1490 560 Μόλις
1535 493 1592 550 δὲ
1648 506 1740 555 τοῦ
1793 499 1889 554 θυ-

243 598 351 665 μοῦ
407 588 697 667 γενόμενος
775 585 1063 663 ἐγκρατὴς,
1141 586 1226 640 καὶ
1313 583 1734 658 διασκεψάμενος
1814 585 1890 647 ὡς

244 678 364 736 οὔτε
418 689 686 734 συνοικεῖν
731 674 865 751 αὐτῇ
893 681 983 732 τοῦ
1027 671 1214 730 λοιποῦ
1253 670 1418 729 καλὸν
1447 670 1567 728 οὔτε
1596 671 1705 745 μὴν
1735 674 1887 728 am-

242 781 360 847 ρετν
390 786 406 801 ⁶
452 768 515 823 τὸ
573 765 673 839 μὲν
724 765 823 842 γὰρ
875 763 1080 829 ἐκείνης
1140 760 1406 840 ἀπώλεια,
1458 763 1519 816 τὸ
1587 758 1643 816 δὲ
1690 759 1888 825 ὄνειδος

241 859 387 930 αὖτῷ
427 854 514 911 διὰ
543 855 681 933 βίου,
721 854 807 909 οιαὶ
836 850 1050 931 καρδίας
1080 850 1229 918 τῆξις
1288 850 1452 929 πέρας
1509 853 1602 909 οὐκ
1660 849 1886 929 ἔχουσα,

243 946 441 1012 ταύτην
491 952 587 1017 μὲν
658 940 995 1016 καταλείπει,
1058 942 1189 1020 πρὸς
1248 937 1309 995 δὲ.
1363 939 1455 995 τὸν
1510 937 1662 1017 ἅγιον
1705 939 1889 997 αὐτίκα

252 1040 426 1114 φοιτᾷ.
484 1032 578 1092 Καὶ
632 1030 807 1088 πάντα
863 1032 1000 1088 κατὰ
1058 1029 1219 1108 μέρος
1275 1027 1551 1108 διασαφεῖ,
1597 1027 1696 1095 τὴν
1746 1028 1890 1085 ἄπο-

255 1121 465 1197 ὃημίαν,
518 1122 608 1178 τὸν
654 1121 874 1200 χρόνον,
932 1124 1031 1186 τὴν
1076 1121 1348 1199 μοιχείαν,
1408 1117 1495 1174 καὶ
1549 1118 1748 1184 ταύτης
1792 1119 1890 1185 τὴν

249 1211 656 1291 ἇπαράγραπτον
742 1209 849 1267 ἀπὸ
924 1213 1023 1276 τῆς
1101 1209 1325 1286 γαστρὸς
1386 1206 1695 1284 μαρτυρίαν.
1759 1210 1892 1262 Εἶτα

244 1301 299 1356 τί
336 1301 515 1375 πάθοι,
549 1305 665 1363 πῶς
693 1298 926 1377 ἒνέγκοι,
958 1297 1009 1353 τί
1046 1299 1163 1374 περὶ
1211 1294 1360 1354 τοῦδε
1395 1294 1665 1360 ποιήσειεν
1698 1294 1890 1373 ἐρωτᾷ,

244 1392 337 1447 καὶ
391 1388 472 1446 ὅτι
529 1387 778 1447 ἀπολύειν
837 1388 937 1463 μὲν
992 1388 1149 1450 αὐτὸς
1233 1386 1334 1452 τὴν
1396 1397 1624 1463 γονατκα
1680 1384 1891 1463 διέγνω,

246 1479 496 1551 βούλεται
548 1476 603 1534 δὲ
661 1480 874 1553 μαθεῖν,
908 1478 952 1532 εί
1004 1477 1094 1533 καὶ
1142 1475 1285 1548 αὐτῷ
1334 1480 1488 1531 τοῦτο
1535 1471 1797 1531 συνδοκεῖ.
1831 1473 1892 1530 Ὀ

246 1567 302 1624 δὲ
363 1568 571 1625 ἐκεῖνον
629 1567 727 1641 μὲν
770 1566 1020 1642 θαυμάζει
1067 1585 1125 1621 τε
1173 1564 1270 1632 τῆς
1300 1564 1546 1641 γνώμης,
1578 1565 1665 1619 καὶ
1696 1564 1892 1619 οἰκτεί-

250 1676 328 1734 ρει
374 1656 474 1724 τῆς
530 1661 823 1734 συμφορᾶς,
896 1653 991 1720 τὴν
1060 1664 1291 1731 γυναῖκα
1348 1649 1402 1706 δὲ
1453 1650 1888 1727 μεταστέλλεται,

1974 495 2159 568 enim,
2194 493 2500 573 inquit,ira
2530 498 2621 553 est
2650 492 2812 554 zelus
2838 492 2945 553 viri
2976 495 3107 573 ejus
3135 495 3365 560 t0.Cum
3387 500 3480 563 vix
3511 522 3611 565 au-

1972 592 2089 646 tem
2123 583 2272 673 iram
2296 580 2752 654 cohibuisset,et
2774 582 3393 668 considerasset,quod
3416 608 3612 673 neque

1972 684 2136 764 esset
2165 672 2222 734 ei
2254 671 2567 732 honestum
2591 689 2727 732 cum
2746 689 2822 764 ea
2841 673 3095 753 amplius
3120 671 3610 764 babitare,neque

1972 761 2192 823 bonum
2220 779 2351 821 eam
2386 761 2720 821 interficere
2741 760 2873 836 (hoc
2905 766 3258 827 enimtillius
3289 780 3449 831 esset
3477 760 3611 834 exi--

1969 850 2145 923 tium;
2180 849 2327 911 illud
2360 859 2880 939 vero,perpetuum
2904 859 2959 913 et
2982 853 3037 913 ei
3064 854 3122 914 in
3155 855 3269 917 vita
3301 860 3607 939 probrum,

1974 948 2032 1001 et
2062 939 2260 1000 cordis
2287 938 2606 1010 cruciatus,
2645 943 2743 1019 qui
2777 939 2957 1000 finem
2991 960 3107 1002 non
3142 944 3445 1028 haberet),
3479 938 3609 1014 eam

1974 1028 2213 1110 quidem
2268 1028 2591 1108 relinquit;
2658 1028 2924 1107 protinus
2970 1048 3106 1093 vero
3150 1035 3311 1096 venit
3365 1038 3437 1098 ad
3469 1058 3615 1102 san-

1975 1126 2230 1186 ctum,et
2257 1116 2456 1177 omnia
2478 1117 2775 1195 sigillatim
2801 1119 3013 1198 aperit,
3037 1124 3606 1204 peregrinatibnem,

1976 1216 2231 1298 tempus,
2264 1206 2646 1298 adulterium,
2681 1214 2741 1267 et
2781 1207 2960 1298 omni
3013 1212 3359 1290 exceptione
3422 1219 3612 1298 majus

1976 1297 2133 1388 uteri
2157 1296 2285 1388 ejus
2311 1296 2738 1388 testimonium.
2777 1297 3003 1359 Deinde
3033 1301 3172 1379 quid
3203 1313 3421 1381 ageret,
3458 1296 3615 1388 quo-

1979 1383 2386 1479 modoferret,
2411 1385 2559 1479 quid
2592 1385 2669 1479 de
2700 1385 2928 1479 hac__re_
2959 1393 3208 1452 sentiret
3237 1383 3612 1479 sciscitatur;

1979 1483 2037 1535 et
2061 1473 2205 1535 dicit
2235 1493 2298 1565 se
2329 1474 2500 1565 velle»
2519 1473 2756 1554 quidem
2788 1474 3091 1565 dimittere
3115 1473 3615 1565 uxorem,cupere

1977 1571 2170 1624 autem
2203 1561 2462 1642 scire,an
2491 1563 2602 1623 hoc
2630 1580 2869 1643 quoque
2890 1564 2946 1627 ei
2970 1565 3049 1626 ita
3075 1567 3363 1632 videatur.
3396 1561 3500 1635 Ille
3522 1594 3615 1637 ve—

1980 1670 2043 1712 ro
2069 1651 2228 1712 illius
2258 1652 2500 1732 quidem
2537 1661 2795 1713 mentem
2824 1654 3150 1717 admiratur
3176 1678 3192 1733 ;
3223 1659 3490 1739 deplorat
3518 1682 3618 1727 au—

246 1746 340 1803 καὶ
400 1746 462 1801 οὐ
516 1744 828 1801 πυνθάνεται
889 1742 1010 1818 μὲν,
1070 1740 1404 1819 παρέλκουσα
1461 1742 1561 1819 γὰρ
1619 1742 1655 1807 ἡ
1713 1749 1892 1801 πεῦσις

1982 1749 2099 1801 tem
2130 1748 2187 1801 et
2218 1741 2534 1802 miseratur
2564 1740 3000 1815 calamitatem;
3038 1734 3454 1812 accersit-vero
3478 1772 3611 1814 mu-

245 1837 339 1892 καὶ
392 1834 641 1913 περιττὴ,
684 1832 797 1888 ἐπεὶ
840 1831 916 1894 τίς
975 1830 1035 1888 ἂν
1082 1832 1172 1887 καὶ
1229 1831 1540 1908 πιστότερον
1589 1829 1897 1907 ἀπήγγελλε

244 1929 351 1992 τῆς
407 1923 633 2002 γαστρός
670 1944 686 1993 ς
720 1924 791 1986 ὡς
826 1919 990 1989 δήλου
1032 1917 1086 1976 δὲ
1139 1921 1234 1976 τοῦ
1273 1920 1588 1998 πράγματος
1634 1919 1806 1983 ὄντος.
1839 1926 1898 1976 Τί

245 2012 313 2084 δή
348 2033 497 2083 ποτε,
545 2011 712 2089 λέγει,
774 2014 1033 2083 παθοῦσα,
1094 2011 1289 2079 ἑαυτήν
1341 2030 1397 2064 τε
1428 2007 1595 2066 οὕτως
1626 2009 1897 2087 αἰσχύνειε

243 2103 335 2160 καὶ
384 2104 474 2158 τὸν
529 2099 713 2181 ἄνδρα,
763 2100 830 2157 Ἠ
880 2099 958 2179 δὲ,
1021 2100 1212 2172 ἰταμὸν
1241 2099 1341 2176 γὰρ
1369 2105 1447 2170 τῷ
1476 2096 1584 2153 ὄντι
1620 2099 1753 2174 γυνὴ
1809 2099 1897 2152 καὶ

244 2190 509 2270 προπετὲς
559 2194 657 2247 καὶ
701 2190 1078 2269 ἀναίσχυντον,
1131 2186 1295 2244 ὲπειδ⁹
1341 2186 1404 2242 ἂν
1447 2185 1584 2252 ἅπαξ
1632 2187 1895 2252 ἀπόθηται

243 2282 348 2350 τὴν
385 2279 529 2359 αἰδῶ,
575 2279 851 2355 ψεύδεσθαι
923 2276 1203 2356 διαρρήδην
1263 2275 1507 2350 οὐδαμῶς
1563 2274 1769 2351 ᾐδεῖτο,
1802 2278 1895 2331 καί

249 2367 443 2446 μηδειὶ
499 2366 647 2441 ἄλλῳ
697 2366 992 2435 πλησιάσαι
1047 2372 1282 2445 φανερῶς
1339 2363 1640 2426 διετείνετο,
1689 2372 1792 2422 Τοῦ
1838 2362 1892 2420 δὲ

247 2460 401 2537 ἁγίου
461 2465 553 2514 τὸ)
605 2463 705 2525 τῆς
782 2454 1084 2533 ἀποδημίας
1167 2458 1363 2535 χρόνον
1425 2454 1764 2532 ἐπειπόντος,
1823 2456 1895 2518 ὡς

247 2548 421 2626 ταύτῃ
479 2554 571 2605 τοῦ
653 2545 873 2623 ψεύδους
962 2545 1277 2625 ἐλέγχεσθαι
1352 2543 1659 2616 δυναμένου,
1722 2543 1896 2609 ἐκείνη

248 2637 371 2695 οὔδε
426 2638 592 2694 οὕτως
650 2638 785 2712 ὓφίει
848 2636 944 2705 τῆς
1001 2634 1286 2708 ἀναιδείας,
1368 2632 1486 2690 ἀλλ’
1553 2631 1779 2711 ἐθορύϐει
1837 2635 1900 2689 τὸ

251 2728 520 2808 κάθαρμα,
567 2730 654 2783 καὶ
700 2724 994 2805 ἀντιλέγειν
1051 2728 1086 2792 ἡ
1138 2724 1441 2798 πάντολμος
1492 2726 1766 2797 ἔπειρᾶτο,
1825 2725 1898 2786 ὡς

252 2820 378 2879 τοὺς
437 2815 749 2891 ἀκούοντας,
810 2820 905 2882 τῆς
990 2812 1279 2890 ἀπολογίας,
1364 2812 1498 2888 αὗτῇ
1554 2811 1898 2891 χαλεπαίνειν

258 2904 464 2978 μᾶλλον
514 2904 551 2972 ἢ
594 2904 691 2972 τῆς
737 2906 1012 2984 μοιχείας.
1048 2900 1165 2982 Ἐφ’
1210 2901 1333 2958 ὅτον
1363 2902 1486 2978 γὰρ,
1520 2901 1770 2974 ἔφασκεν,
1805 2902 1895 2957 ὲπί

263 2992 409 3058 ξένης
461 2995 529 3060 ἦν
581 2994 611 3049 ὁ
660 2991 814 3068 ἀνὴρ,
878 2992 963 3049 ἐπὶ
992 2999 1237 3048 τοσοῦτον
1266 2989 1332 3057 ἦν
1365 3012 1456 3064 μοι
1498 2990 1584 3045 καὶ
1615 2990 1677 3044 τὸ
1706 2989 1897 3070 βρέφος

1981 1830 2214 1903 lierem,
2244 1839 2302 1891 et
2329 1848 2443 1891 non
2476 1829 2804 1908 interrogat
2833 1832 3094 1913 quidem,
3123 1854 3262 1898 num
3293 1839 3347 1900 id
3378 1839 3617 1907 fecisset

1981 1919 2352 2009 (essetenim
2377 1936 2818 2009 supervacanea
2848 1921 3266 2003 interrogatio;
3292 1929 3425 2009 quis
3456 1934 3617 1993 enim

1981 2008 2038 2067 id
2074 2008 2285 2068 melius
2317 2008 2823 2087 renuntiet,quam
2858 2017 3228 2086 uterus,cum
3261 2008 3333 2077 sit
3370 2036 3467 2080 res
3499 2039 3630 2082 ma-

1982 2097 2211 2170 nifesta)
2247 2118 2261 2155 :
2296 2098 2398 2157 sed
2429 2115 2534 2157 cur
2558 2097 2644 2157 sic
2669 2098 2859 2157 virum
2884 2099 3179 2164 affecisset
3208 2107 3425 2182 probro
3448 2118 3504 2170 et
3526 2110 3630 2172 de-

1979 2185 2198 2247 decore
2220 2193 2248 2248 ?
2273 2184 2379 2247 Illa
2409 2195 2607 2248 autem
2635 2185 2748 2263 (est
2770 2188 2925 2247 enim
2954 2191 3170 2252 mulier
3191 2210 3287 2255 res
3312 2196 3626 2276 impudens

1979 2284 2037 2335 et
2059 2275 2401 2365 temeraria)
2420 2294 2552 2365 cum
2582 2276 2869 2365 pudorem
2896 2279 3081 2339 semel
3116 2275 3624 2365 exuisset,nequa-

1980 2381 2153 2442 quam
2191 2363 2434 2424 mentiri
2462 2372 2665 2442 aperte
2726 2364 3139 2439 erubescebat,
3176 2382 3235 2430 et
3283 2363 3627 2440 constanter

1980 2452 2342 2527 afﬁrmabat,
2376 2472 2444 2514 se
2474 2472 2607 2515 cum
2670 2454 2829 2515 nullo
2874 2454 2989 2515 a!io
3022 2475 3147 2518 rem
3182 2459 3479 2525 habuisse.
3516 2466 3619 2528 illo

1982 2560 2119 2603 vero
2142 2555 2349 2603 contra
2366 2553 2599 2622 tempus
2621 2542 2903 2605 afferente
2927 2545 3445 2635 absentizemtpote
3461 2557 3619 2635 quod

1987 2648 2090 2709 per
2110 2650 2238 2692 eam
2268 2641 2465 2710 posset
2488 2651 2537 2691 at
2555 2636 2652 2711 gui
2681 2633 3155 2716 tuendacium,ea
3180 2657 3251 2700 ne
3276 2641 3362 2701 sic
3384 2633 3624 2721 quidem

1985 2721 2303 2799 quidquam
2340 2722 2575 2782 remisit
2604 2723 3116 2802 deimpudentia:
3169 2730 3272 2789 sed
3299 2734 3623 2797 tumultua-

1987 2814 2158 2869 ttatur
2179 2810 2568 2883 exsecranda,
2605 2819 2664 2871 et
2692 2813 3102 2875 contradicere
3132 2817 3461 2882 conabatur
3494 2842 3626 2885 mu-

1985 2899 2097 2960 lier
2156 2899 2571 2973 audacissima,
2626 2901 2794 2992 adeo
2841 2909 2902 2960 ut
2958 2904 3059 2982 qui
3101 2906 3439 2983 audiebant,
3499 2914 3627 2992 ejus

1982 3004 2437 3066 responsnonem
2499 2989 2714 3068 azgrius
2771 2989 2993 3053 ferrent
3035 3012 3209 3073 quam
3241 2989 3622 3068 adulterium.

260 3081 319 3139 ἐν
374 3087 440 3158 τῇ
463 3083 668 3161 γιστρὶ,
703 3082 728 3125 ’ί
734 3079 779 3136 ν’
812 3084 944 3156 ὁμοῦ
970 3102 1029 3137 τε
1059 3080 1266 3145 ἐιεῖιος
1324 3084 1422 3163 τῆς
1473 3077 1752 3155 ἀλλοτρίας
1812 3080 1894 3134 καὶ

1985 3074 2277 3147 Quamdiu
2313 3079 2496 3156 enim,
2532 3078 2860 3159 aiebat,luit
2892 3083 3144 3143 maritus
3175 3103 3366 3163 meus,
3400 3092 3626 3154 tamdiu

253 3177 408 3228 τοῦτο
462 3158 561 3236 τῆς
599 3158 740 3245 tua;
797 3170 1040 3248 προέλθοι
1097 3171 1348 3247 γαστρὸς.
1397 3158 1490 3232 Ὠς
1521 3167 1611 3223 οὖν
1640 3167 1806 3224 ταῦτά
1835 3189 1891 3223 τε

1979 3165 2090 3226 fuit
2120 3165 2268 3227 mihi
2294 3166 2488 3228 infans
2515 3167 2575 3229 in
2606 3158 2796 3249 utero,
2821 3178 2882 3229 ut
2904 3170 3078 3233 simul
3103 3182 3160 3235 et
3182 3174 3283 3237 ille
3306 3158 3377 3239 ei
3403 3179 3596 3244 aliena

248 3262 339 3318 καὶ
397 3261 610 3335 μείζονα
664 3260 864 3316 τούτων
934 3262 1066 3337 πρὸς
1120 3261 1211 3315 τὸν
1283 3256 1452 3335 μέγαν
1513 3257 1891 3337 ἀπηναισχύν-

1979 3266 2034 3316 et
2060 3254 2154 3316 hic
2187 3274 2255 3316 ex
2285 3275 2416 3316 meo
2448 3264 2618 3318 utero
2654 3237 3095 3335 prodiret.Cum
3131 3263 3257 3326 hazc
3286 3237 3629 3332 etnh—i—swrtia1

244 3371 350 3424 τει,
414 3348 476 3406 οἳ)
507 3350 613 3422 μὴν
648 3346 784 3404 ἀλλὰ
835 3349 920 3405 διαὶ
949 3348 1187 3427 τάραχον
1216 3346 1338 3404 οἷον
1370 3367 1592 3403 κινουσα
1625 3350 1712 3402 καὶ
1760 3347 1892 3422 βοῆς

1979 3346 2104 3441 jora
2162 3363 2376 3441 magno
2440 3346 2819 3427 impudenter
2868 3350 3093 3413 diceret
3124 3353 3450 3439 Spiridoni,
3483 3361 3629 3441 quin

247 3437 574 3514 ἰμπιπλῶσα
625 3439 722 3504 τὴν
792 3437 971 3517 πόλιν,
1029 3438 1119 3494 καὶ
1174 3437 1249 3502 ὡς
1317 3435 1381 3491 ἅν
1439 3435 1757 3510 ἀδικουμένη
1831 3437 1894 3492 τὰ

1979 3434 2156 3495 etiam
2184 3435 2498 3499 tumultum
2533 3445 2839 3518 excitaret,
2896 3450 2955 3502 et
3004 3434 3624 3510 vociferatione'com-

246 3527 643 3609 χαλεπώτατα,
699 3528 821 3590 τοὺς
891 3527 1155 3604 παρόντας
1213 3527 1343 3602 πρὸς
1414 3523 1615 3599 ἄμυναν
1688 3547 1894 3603 συγκα-

1982 3525 2169 3601 pleret
2191 3524 2577 3593 civitatem.et
2604 3534 2879 3606 tanquam
2908 3533 3255 3607 gravissima
3287 3537 3498 3598 aﬂ‘ecla
3528 3539 3624 3598 in-

245 3616 439 3693 λοῦσα,
486 3618 514 3672 ό
545 3617 842 3694 πρᾳότατος
900 3616 1130 3689 ἐκεῖνος,
1194 3613 1309 3671 οὐδὲ
1362 3615 1527 3680 οότως
1582 3612 1894 3671 ὑποϐάλλων

1979 3612 2270 3691 juria,eos
2301 3614 2400 3692 qui
2432 3613 2950 3688 aderant,vocaret
2979 3622 3051 3680 ad
3085 3641 3259 3693 onem
3290 3625 3649 3702 ferendam,-

247 3708 413 3775 αὐτὴν
471 3713 539 3784 τῇ
589 3704 730 3781 δίκη,
791 3713 868 3775 τῷ
926 3702 1072 3785 φόϐῳ
1142 3703 1196 3759 δὲ
1252 3704 1445 3770 ταύτης
1504 3701 1707 3777 μαλλον
1764 3705 1894 3782 πρὸς

1982 3708 2071 3762 vir
2100 3701 2200 3761 ille
2231 3702 2582 3763 mitissimus
2610 3724 2683 3763 tte
2714 3706 2801 3766 sic
2820 3707 3060 3786 quidem
3088 3729 3218 3771 eam
3240 3715 3466 3791 judicio
3488 3701 3626 3778 sub-

248 3796 539 3872 μετάνοιαν
599 3794 995 3870 ἐπισπώμενος.
1060 3794 1114 3849 Εἰ
1162 3792 1283 3866 μὲν,
1358 3795 1404 3847 ὦ
1464 3794 1640 3872 γύναι,
1703 3793 1894 3871 φησίν,

1979 3791 2216 3885 jiciens,
2252 3792 2354 3885 se_d
2381 3809 2525 3885 eam
2550 3801 2709 3855 metu
2754 3796 2949 3885 potius
2989 3801 3295 3863 attrahens
3324 3806 3396 3866 ad
3429 3806 3626 3885 paeni-

250 3885 434 3961 ὥσπερ
493 3885 569 3947 εἷς
625 3882 867 3962 μεγάλην
951 3881 1233 3947 ἐξώκειλας
1299 3882 1578 3958 ἁμαρτίαν,
1642 3880 1781 3938 οὕτω
1836 3879 1894 3950 δὴ

1984 3881 2266 3941 tentiam:
2295 3878 2354 3942 Si
2388 3881 2696 3959 quidem,o
2729 3884 2964 3958 mulier,
3004 3887 3193 3968 inquit
3223 3892 3374 3954 sicut
3403 3878 3461 3955 in
3497 3913 3625 3957 ma.

248 3976 340 4032 καὶ
397 3972 644 4051 μεγάλην
696 3975 979 4050 εἰσήγαγες
1032 3972 1129 4039 τὴν
1184 3970 1487 4046 μετάνοιαν,
1535 3972 1680 4050 τάχα
1707 3971 1769 4027 ἂι
1812 3973 1894 4029 καῖ

1984 3988 2162 4061 gnum
2198 3970 2470 4051 prulapsa
2486 3988 2552 4032 es
2576 3974 2999 4051 peccatum,ita
3019 3980 3194 4039 etiam
3232 4000 3499 4061 magnam
3525 3986 3625 4047 in-

250 4063 432 4133 πολλή
493 4084 576 4120 σοι
634 4061 1006 4140 περιελείπετο
1062 4061 1325 4135 σωτηρίας
1384 4060 1555 4124 ἐλπίς.
1610 4059 1741 4117 Οὒδὲ
1796 4060 1894 4127 μία

1981 4060 2251 4154 όῳιὶεεθε
2283 4062 2720 4154 paenitentiam,
2755 4064 3008 4154 fortasse
3068 4067 3241 4131 etiam
3276 4059 3386 4149 tibi
3419 4093 3629 4154 magna

249 4155 355 4231 γὰρ
412 4151 580 4217 οὕτως
639 4153 897 4230 ἁμαρτίας
954 4150 1133 4230 ἰσχὺς,
1194 4171 1267 4213 ως
1325 4149 1405 4224 μὴ
1465 4154 1561 4217 τῆς
1619 4158 1711 4206 τοὺ
1769 4157 1894 4206 Θεοῦ

1979 4150 2428 4229 relinqueretur
2462 4169 2600 4231 spes
2622 4153 2910 4219 salutis.N
2919 4155 3036 4216 ulla
3057 4165 3148 4219 est
3170 4159 3329 4221 enim
3349 4142 3630 4225 tantavvis

254 4241 511 4309 ἡττᾶσθαι
598 4240 1014 4320 φιλανθρωπίας.
1073 4239 1224 4296 Ἐπεὶ
1280 4236 1336 4294 δὲ
1394 4244 1463 4315 τῇ
1523 4241 1743 4318 μοιχείᾳ
1800 4239 1894 4314 μὲν

1981 4239 2232 4319 peccati,
2268 4259 2397 4319 quae
2429 4260 2547 4301 non
2580 4260 2612 4301 a
2640 4242 2746 4304 Dei
2777 4253 3094 4322 superetur
3123 4248 3627 4324 clementia.Quo-

248 4332 351 4399 τὴν
377 4331 713 4411 ἀπόγνωσιν,
748 4337 815 4407 τῇ
845 4329 1147 4405 ἀπογνώσει
1176 4326 1231 4384 δὲ
1260 4329 1348 4383 καὶ
1375 4327 1474 4395 τὴν
1521 4327 1894 4407 ἀναισχυντίαν

1979 4328 2137 4388 niam
2159 4342 2366 4421 autem
2392 4330 2689 4392 adulterio
2717 4333 2958 4412 quidem
2988 4334 3630 4421 desperationem,des-

264 4422 328 4443 ’⁸⁵
899 4422 915 4441 κ
1016 4424 1042 4445 τ-
1159 4422 1173 4440 \
1241 4420 1252 4437 ν
1614 4420 1626 4441 r

251 4424 543 4500 ωοίνησας,
595 4422 797 4481 δίκαιον
855 4444 953 4496 μεν
1011 4446 1076 4490 ην
1119 4443 1186 4478 τα
1235 4421 1481 4500 επίχειρα
1538 4441 1736 4476 τουτων
1767 4420 1891 4477 ἐπι-

1984 4419 2290 4494 peratione
2319 4438 2456 4481 vero
2487 4421 2916 4501 impudentiam
2952 4426 3129 4487 etiam
3157 4419 3504 4507 parturiisti,
3527 4431 3630 4509 ju-

253 4519 451 4591 γνῶναι
509 4535 591 4594 σε,
653 4514 746 4572 καὶ
789 4510 961 4577 ὀξεῖαν
1004 4512 1299 4577 ὑποστῆναι
1343 4512 1442 4578 τὴν
1471 4509 1713 4575 κόλασιν,
1750 4509 1894 4577 Πλὴν

1982 4516 2136 4568 stum
2165 4509 2404 4599 quidem
2440 4519 2588 4582 erat,
2622 4520 2683 4572 ut
2727 4519 2786 4573 tu
2819 4512 3032 4577 horum
3065 4524 3307 4597 praemia
3336 4537 3630 4599 agnosce-

260 4601 400 4658 ἀλλὰ
426 4606 511 4660 καὶ
538 4603 613 4661 ’ἐτι
672 4601 858 4683 χώραν
918 4601 1282 4680 προτείνοντες
1315 4598 1624 4675 μετανοίας,
1656 4601 1897 4678 καθαρῶς

261 4698 427 4749 ταῦτα
466 4694 915 4773 προαγορεύομεν,
962 4695 1036 4755 ὡς
1081 4690 1176 4747 οὐκ
1233 4690 1295 4746 ἄν
1342 4691 1414 4754 εἷς
1470 4695 1580 4768 φῶς
1626 4710 1707 4745 σοι
1755 4692 1900 4746 τουτὶ

254 4783 320 4839 τὸ
376 4785 793 4863 κυοφορούμενον
823 4780 1027 4846 ἐξέλθοι
1056 4779 1211 4851 ποτὲ,
1243 4779 1343 4842 ἕως
1373 4779 1434 4833 ἄν
1494 4781 1572 4854 μη
1624 4779 1712 4835 καὶ
1766 4777 1900 4855 αὐτῇ

251 4872 316 4930 τὸ
358 4872 455 4939 τῆς
509 4872 759 4940 ἀληθείας
817 4871 1013 4951 φέγγος
1056 4871 1157 4927 ὑπὸ
1217 4870 1372 4946 βαθεῖ
1427 4871 1605 4926 σκότει
1641 4874 1735 4924 τοῦ
1764 4869 1899 4943 ψεύ-

252 4959 372 5026 δους
429 4961 652 5041 ἀπόσχῃ
711 4960 1022 5033 καλύπτειν,
1080 4958 1328 5037 κρύπτειν
1399 4957 1616 5034 οἰομένῃ
1691 4958 1779 5013 καὶ
1834 4958 1900 5012 τὰ

252 5049 502 5129 τυφλοῖς,
561 5050 590 5106 8
647 5072 795 5130 φασι,
882 5049 1247 5123 καθορώμενα.
1337 5048 1412 5106 Τᾶ
1467 5047 1682 5123 ῥήματα
1736 5054 1900 5104 ταῦτα

250 5141 543 5219 πράγματα
604 5136 671 5195 δι’
722 5139 905 5216 ὀλίγου
958 5145 1028 5208 τῆ
1097 5139 1305 5216 γυναικὶ
1354 5139 1579 5216 γίνεται,
1637 5138 1724 5194 καὶ
1794 5138 1896 5216 πρὸ

250 5235 352 5298 τῆς
408 5229 550 5305 ὥρας
580 5234 675 5285 τοῦ
716 5236 937 5287 τοκετοῦ
976 5225 1164 5293 ὠδῖνες
1196 5227 1360 5295 αὒτὴν
1410 5225 1645 5305 δριμεῖαι
1703 5224 1895 5284 διαλα-

246 5316 460 5401 ϐοῦσαι,
522 5317 680 5384 ὀξέως
740 5319 838 5395 μὲν
920 5318 1170 5398 ἔστρεφον
1243 5317 1344 5384 τὴν
1397 5315 1649 5397 γαστέρα,
1709 5317 1772 5372 τὸ
1840 5314 1895 5372 δὲ

248 5406 478 5489 ἔμϐρυον
533 5406 682 5467 οὐδὲν
738 5409 898 5476 ἧττον
969 5407 1114 5465 ἔνδον
1171 5409 1421 5488 ἒπετχον,
1481 5407 1569 5465 καὶ
1626 5408 1655 5464 ὃ
1714 5411 1895 5465 κακῶν

338 5614 392 5667 ιο
422 5612 595 5678 Prov.
632 5630 710 5695 γι,
747 5614 852 5684 14.

1982 4614 2101 4672 res,
2139 4604 2197 4657 et
2224 4597 2395 4659 velox
2423 4600 2658 4662 subires
2688 4602 3070 4682 supplicium.
3097 4597 3629 4672 Verumenimvero

1984 4685 2182 4747 adhuc
2206 4686 2313 4748 tibi
2339 4687 2676 4768 praebentes
2700 4689 2897 4752 locum
2934 4695 3439 4772 ptanitentiae,hoc
3471 4700 3632 4763 dilu-

1984 4776 2117 4838 cide
2149 4777 2549 4856 praedicimus,
2581 4781 2739 4842 hunc.
2773 4780 2957 4844 fetum
2992 4804 3110 4846 non
3142 4805 3276 4849 esse
3307 4789 3411 4850 tibi
3440 4789 3500 4851 in
3532 4790 3630 4854 lu-

1986 4868 2668 4960 cem__exituru_m,donec
2698 4872 2826 4953 ipsa
2861 4872 3053 4935 lucem
3077 4876 3337 4938 veritatis
3366 4878 3476 4940 sub
3496 4898 3633 4960 pro-

1982 4954 2181 5047 fundis
2215 4957 2507 5020 mendacii
2540 4961 2807 5021 tenebris
2834 4962 3034 5023 celare
3069 4964 3389 5047 destiteris,
3422 4954 3628 5029 eavvo-

1982 5043 2115 5106 lens
2148 5056 2370 5124 tegere,
2403 5065 2538 5128 quae
2565 5053 2653 5109 vel
2707 5049 2780 5110 ab
2814 5051 2964 5128 ipsis
3016 5053 3189 5114 caecis
3232 5043 3528 5132 videntur,
3567 5063 3630 5117 ut

1982 5135 2170 5223 aiunt.
2229 5138 2363 5197 Haec
2394 5135 2571 5197 verba
2623 5137 2695 5198 ad
2749 5157 2874 5199 rem
2912 5140 3084 5219 paulo
3119 5152 3248 5221 post
3276 5145 3631 5223 rediguntur

1981 5221 2241 5303 mulieri,
2271 5237 2333 5288 et.
2361 5234 2500 5285 ante
2532 5234 2770 5303 tempus
2801 5237 3001 5306 partus
3057 5248 3264 5308 graves
3294 5221 3433 5294 eam.
3458 5234 3628 5296 inva-

1978 5311 2190 5406 dentes
2214 5313 2954 5406 dolores,acriterquidem
2984 5324 3340 5400 torquebant
3368 5332 3626 5406 uterum,

1976 5402 2168 5465 fetum
2188 5411 2388 5467 autem
2423 5404 2612 5469 nihilo
2625 5407 2823 5470 secius
2843 5407 3003 5476 intus
3025 5411 3450 5493 retinebant;et
3467 5402 3628 5493 quod
