4028 6138
475 245 594 311 455

1784 243 2069 310 MENSIS
2107 246 2363 314 DECEM
2367 253 2538 318 BER.

3707 259 3812 328 456

479 389 567 442 est
596 378 884 440 malorum
919 375 1186 440 omnium
1217 383 1569 454 extremum,
1602 394 1734 442 cum
1759 396 1834 442 ne
1857 380 1944 442 sic
1973 378 2108 460 qui.

2200 381 2429 464 ἕσχατον
2492 387 2570 443 ὅτι
2632 387 2767 462 μηδὲ
2798 386 2934 445 οὕτω
2963 387 3278 463 πειθομένην
3322 389 3529 470 ὑφεῖναι
3560 393 3653 459 τῆς
3681 393 3808 452 ἀπο-

478 467 612 528 dem
643 467 970 547 quidquam
1004 467 1078 528 de
1113 486 1216 528 sua
1248 468 1578 531 remitteret
1601 469 1949 549 pervicacia,
1983 486 2112 529 eam

475 555 881 617 transmittunt
902 556 974 617 ad
1003 566 1255 619 mortem
1275 558 1941 621 maximemiserabilem
1975 557 2117 636 Ejus

475 644 825 706 calamitatis
884 646 1038 707 alius
1098 647 1340 726 quidem
1375 649 1784 716 misereretur,
1817 667 1924 726 ego
1975 667 2112 710 vero

475 734 644 794 mala;
670 736 907 809 mentis,
948 742 1005 796 et
1029 736 1124 796 cui
1151 755 1266 797 non
1294 737 1478 817 potuit
1500 737 1683 798 ullum
1715 736 1984 798 adhilieri
2010 756 2112 799 re-

474 823 1166 896 medium.Quamobrem
1189 823 1395 886 dicunt
1415 835 1681 888 sanctum
1715 845 1988 904 magnum
2013 827 2116 887 do-

471 912 598 973 lore
627 913 954 992 accepisse,
999 922 1059 976 et
1091 913 1378 994 lacrymas
1410 915 1680 976 emisisse
1711 934 1778 977 ex
1811 915 2019 994 oculis,
2055 924 2114 976 et

471 1001 766 1079 adjecisse
797 1021 811 1063 :
849 1001 980 1064 Non
1011 1004 1266 1083 amplius
1289 1004 1571 1084 judicabo
1623 1005 1779 1065 inter
1811 1005 2106 1082 homines,

472 1109 606 1150 cum
656 1101 770 1152 tam
797 1092 913 1154 cito
944 1111 1048 1154 eos
1081 1094 1318 1155 invadat
1351 1095 1575 1174 prolata
1605 1094 1923 1156 sententia.
1975 1093 2111 1156 Hinc

471 1198 601 1260 quae
619 1181 743 1240 visa
765 1190 823 1242 et
845 1183 1042 1243 audita
1072 1183 1329 1252 fuerant.
1357 1184 1682 1246 eﬁ‘ecerunt
1707 1192 1770 1243 ut
1795 1191 1950 1244 esset
1983 1203 2111 1244 ma-

475 1289 588 1348 gna
618 1271 678 1330 in
709 1280 976 1332 sanctum
1036 1273 1370 1334 reverentia
1405 1291 1417 1331 :
1475 1281 1532 1332 et
1563 1273 1701 1333 ideo
1736 1273 1828 1350 pie
1860 1281 1918 1334 et
1946 1280 2115 1334 caute

477 1377 609 1419 eum
642 1359 1049 1433 attendebant,
1079 1370 1136 1420 et
1166 1378 1299 1420 cum
1334 1359 1545 1421 timore
1575 1359 1647 1419 ad
1687 1377 1822 1420 eum
1855 1358 2114 1438 aspicie-

471 1447 798 1520 bant,sicut
818 1447 992 1509 etiam
1024 1448 1165 1509 olim
1187 1449 1259 1510 ad
1283 1448 1714 1530 apostolos,qui
1740 1451 1800 1508 in
1824 1448 2112 1509 Ananiam

468 1546 528 1600 et
555 1537 866 1616 Saphiram
902 1538 1077 1599 modo
1108 1539 1373 1600 fecerant
1405 1539 1756 1599 miraculum
1795 1538 1868 1600 11.

547 1624 787 1689 XXXII.
826 1627 938 1688 Sed
971 1629 1096 1690 haec
1128 1628 1371 1708 quidem
1403 1637 1493 1689 est
1525 1632 1780 1687 narratio
1824 1625 2113 1704 improbae

471 1727 532 1778 et
559 1721 824 1778 scelesta:
884 1716 1171 1778 mulieris.
1225 1716 1552 1795 Adjiciatur
1590 1728 1788 1776 autem
1848 1716 2105 1776 narratio
2133 1715 2168 1764 Β

467 1824 706 1886 quoque
735 1806 808 1866 de
838 1825 908 1866 ea
942 1824 1071 1885 qua;
1120 1817 1288 1867 recte
1346 1813 1406 1867 et
1464 1815 1523 1866 ut
1553 1813 1840 1884 oporteat,
1875 1805 2109 1866 amabat

467 1895 991 1958 maritumMulier
1024 1896 1291 1975 quadam
1326 1895 1564 1956 nomine
1589 1895 1948 1974 Sophronia,
1977 1913 2108 1974 quae

464 1983 729 2045 moribus
759 1993 885 2045 erat
916 1986 1218 2046 moderata
1243 1993 1301 2045 et
1329 1985 1444 2065 pia,
1483 2003 1602 2044 non
1636 1983 1890 2044 habebat
1923 1984 2104 2044 mari-

463 2073 722 2149 tum,qui
746 2074 1186 2152 essetejusdem
1215 2073 1384 2152 cujus
1411 2074 1535 2152 ipsa
1558 2074 1614 2132 in
1642 2073 2104 2153 ﬁdesententiaa,

463 2162 568 2224 sed
605 2162 702 2224 ille
734 2181 1001 2224 errorem
1036 2163 1277 2224 tenebat
1314 2162 1646 2241 gentilium.
1681 2159 1788 2222 Illa
1816 2179 1957 2221 vero
1991 2180 2107 2223 non

465 2251 894 2314 intermittebat
925 2253 997 2312 ad
1030 2271 1300 2313 sanctum
1331 2253 1648 2324 ventitare,
1675 2261 1732 2312 et
1767 2268 1901 2311 eum
1937 2253 2110 2312 vehe-

466 2350 700 2402 menter
725 2359 958 2417 rogare,
997 2347 1064 2402 ut
1112 2342 1383 2402 maritum
1437 2339 1722 2402 liberaret
1751 2339 1824 2400 ab
1857 2339 2106 2400 insania.

465 2431 581 2494 Sed
606 2449 717 2491 nec
746 2430 877 2508 ejus
894 2430 1141 2492 maritus
1164 2427 1866 2509 prohibebat,quominus
1889 2428 2115 2490 veniret

463 2519 536 2581 ad
565 2527 832 2580 sanctum
858 2535 870 2580 :
900 2518 1113 2599 partim
1146 2518 1483 2598 quidem,ut
1511 2518 1613 2597 qui
1645 2519 1948 2595 ignoraret
1974 2536 2113 2597 qua-

466 2627 603 2671 nam
639 2609 714 2670 de
763 2626 942 2668 causa
999 2607 1073 2668 ad
1134 2625 1272 2667 eum
1305 2606 1648 2684 accederet,
1699 2605 1911 2684 partim
1943 2623 2104 2680 vero,

464 2699 624 2776 quod
651 2697 805 2776 apud
831 2715 965 2757 eum
1003 2714 1241 2774 quoque
1269 2702 1510 2756 sanctus
1533 2701 1591 2756 in
1623 2711 1834 2773 magna
1863 2693 2109 2755 habere-

467 2797 563 2848 tur
577 2785 1085 2846 reverentia.Nam
1107 2784 1232 2864 ipse
1246 2784 1561 2862 quoquead
1581 2783 1742 2844 illum
1761 2782 2106 2859 ventitabat,

464 2885 523 2938 et
552 2893 620 2936 eo
650 2883 929 2949 tanquam
960 2873 1148 2935 amico
1185 2873 1564 2946 utebatur,et
1589 2873 1753 2936 illum
1789 2873 2106 2951 honorare,

2200 474 2362 546 νοίας,
2412 476 2625 550 ἐλεεινῷ
2678 478 2887 543 θανάτῳ
2961 479 3372 556 παραπέμπουσι
3425 482 3512 536 καὶ
3564 481 3808 555 οἰκτίστῳ.

2198 563 2402 632 Ταύτην
2449 565 2610 632 ἄλλος
2665 566 2763 642 μὲν
2805 567 2867 623 ἄν
2911 589 2989 630 τις
3049 573 3148 635 τῆς
3208 576 3477 648 συμφορᾶς
3534 570 3768 647 ᾤκτειρεν
3799 593 3810 608 ο

2198 650 2304 728 ἐγὼ
2360 651 2414 710 δὲ
2471 661 2569 723 τῆς
2624 654 2843 733 γνώμης
2887 661 2984 723 τῆς
3036 663 3272 734 πονηρᾶς
3323 661 3408 713 καὶ
3459 659 3810 735 ἀθεριπεύτου,

2196 742 2277 819 ἔφ’
2321 744 2367 816 ᾦ
2410 745 2493 801 καὶ
2553 746 2644 801 τὸν
2688 745 2862 823 ἅγιον,
2917 747 3063 825 φασὶ,
3118 748 3319 820 μᾶλλον
3377 750 3812 825 περιπαθήσαντα,

2195 827 2415 901 δάκρυόν
2458 856 2515 889 τε
2585 834 2798 913 ἀφεῖναι
2856 841 2963 890 τῶν
3020 837 3302 914 ὀφθαλμῶν
3370 839 3455 892 καὶ
3521 839 3810 918 προσθέντα,

2195 921 2302 977 Οὔκ
2341 922 2419 978 ἔτι
2462 929 2555 980 τοῦ
2615 923 2801 981 λοιποῦ

2195 1008 2359 1075 οὕτως
2413 1012 2570 1077 ὀξέως

2809 971 2825 1004 ,
2886 925 3070 1002 φάναι,
3132 925 3330 983 δικάσω
3367 928 3468 982 τινὶ
3522 927 3811 1003 ἀνθρώπων,

2658 1012 3263 1088 ἐπικαταλαμϐανούσης
3338 1018 3436 1078 τῆς
3494 1015 3810 1095 ἀποφάσεως.

2197 1107 2370 1158 Ταῦτα
2417 1100 2560 1165 ὃσοις
2619 1101 2778 1181 ὁρατά
2833 1124 2888 1158 τε
2943 1106 3030 1158 καὶ
3088 1104 3322 1160 ἀκουστὰ
3366 1104 3573 1181 γέγονε,
3632 1104 3818 1173 πολλὴν

2195 1190 2377 1254 αὐτοῖς
2430 1189 2586 1258 ἐνῆγε
2643 1192 2743 1259 τὴν
2825 1194 2957 1268 πρὸς
2999 1194 3091 1248 τὸν
3160 1193 3328 1270 μέγαν
3403 1191 3553 1271 αἰδῶ,
3611 1196 3693 1248 καὶ
3744 1192 3818 1248 διὰ

2204 1285 2350 1335 τοῦτο
2396 1279 2630 1342 εὐλαϐῶς
2688 1303 2746 1336 τε
2794 1295 3084 1361 προσεῖχον
3145 1283 3308 1357 αὐτῷ,
3363 1285 3450 1338 καὶ
3505 1280 3648 1361 φόϐῳ
3675 1304 3818 1360 προσ-

2199 1365 2444 1444 έϐλεπον,
2510 1373 2643 1426 καθὰ
2726 1373 2814 1428 καὶ
2899 1370 3064 1427 πάλέι
3122 1374 3241 1434 τοῖς
3298 1371 3646 1444 ἀποστόλοις,
3715 1370 3818 1451 ἄρτι

2197 1479 2252 1512 τε
2295 1462 2817 1540 θαυματουργηκόσι,
2882 1465 2945 1518 τὰ
3020 1464 3143 1539 περὶ
3219 1459 3466 1518 Ἀνανίαν
3536 1463 3620 1518 καὶ
3679 1469 3819 1519 Σαπ-

2195 1561 2409 1625 φετραν,

2274 1639 2404 1700 ΛΒ’.
2441 1638 2608 1696 Ἀλλᾶ
2635 1647 2789 1697 τοῦτο
2819 1641 2916 1714 μὲν
2968 1640 3201 1718 πονηρᾶς
3257 1641 3344 1695 καὶ
3402 1641 3600 1717 φαύλη-ς
3645 1661 3816 1717 γυναι-

2189 1732 2286 1782 καὶ
2348 1731 2410 1784 τὸ
2463 1725 2704 1805 διήγημα
2739 1745 2752 1758 ⁸
2817 1731 3110 1807 προκείσθω
3145 1728 3199 1784 δὲ
3242 1732 3329 1785 mi
3359 1734 3549 1796 καλῆς.
3589 1731 3715 1798 Γυνή
3745 1750 3814 1791 τις

2189 1814 2417 1890 τοῦνομα
2464 1821 2759 1899 Σωφρονία,
2807 1821 2895 1875 καὶ
2941 1821 3029 1874 τὸν
3087 1818 3284 1895 τρόπον
3328 1816 3384 1874 δὲ
3442 1819 3658 1897 σώφρων
3699 1817 3813 1874 οὖσα

2188 1907 2276 1960 καὶ
2309 1903 2550 1978 εὐσεϐὴς,
2617 1913 2713 1966 οὒκ
2760 1908 2890 1987 εἶχε
2919 1910 3010 1964 τὸν
3055 1906 3214 1984 ἄνδρα
3247 1910 3342 1964 καὶ
3372 1910 3487 1986 περὶ
3530 1909 3626 1974 τὴν
3653 1908 3809 1963 πίστιν

2190 1993 2463 2070 ὁμόδοξον,
2510 1996 2647 2052 ἀλλὰ
2690 1996 2897 2063 πλάνης
2942 1997 3005 2066 ἦν
3066 1996 3272 2059 ἐκεῖνος
3317 2001 3416 2062 τῆς
3470 2002 3571 2052 τῶν
3627 1995 3810 2065 Ἐλλή-

2191 2104 2293 2138 νων
2325 2085 2800 2157 μεταποιούμενος.
2847 2083 2912 2138 Ἠ
2972 2081 3028 2138 δὲ
3084 2084 3178 2139 οὐκ
3236 2084 3369 2138 ἀνίει
3419 2090 3494 2156 τῷ
3549 2085 3676 2160 ἁγίῳ
3701 2105 3809 2160 φοι-

2189 2177 2337 2227 τῶσα
2387 2174 2473 2228 καὶ
2529 2171 2754 2248 δεομένη
2827 2174 3033 2249 θερμῶς
3129 2178 3226 2238 τῆς
3287 2174 3476 2246 μανίας
3536 2170 3810 2235 ἀπαλλάξαι

2191 2261 2281 2316 τὸν
2339 2258 2517 2337 ἀνδρα,
2567 2261 2639 2318 Οὖ
2696 2261 2804 2336 μὴν
2858 2258 2976 2319 οὐδὲ
3033 2261 3061 2316 6
3116 2261 3318 2327 ταύτης
3372 2259 3502 2338 ἀνὴρ
3557 2259 3644 2325 ta‘;
3698 2261 3812 2336 πρὸς

2193 2350 2283 2404 τὸν
2338 2349 2490 2426 ἅγιον
2520 2349 2718 2427 ἆγίξεις
2748 2349 3007 2427 ἀπεῖργεν
3059 2351 3212 2426 αὐτῇ,
3267 2357 3423 2406 τοῦτο
3477 2351 3572 2425 μὲν
3623 2350 3704 2404 καὶ
3745 2349 3810 2408 ὡς

2194 2437 2410 2515 ἄγνοιαν
2444 2437 2610 2518 ἔχων,
2672 2441 2734 2496 οὐ
2780 2440 2943 2518 χάριν
2997 2443 3139 2512 αὐτῷ
3182 2437 3542 2516 παραϐάλλοι,
3600 2434 3812 2496 τοῦτοδὲ

2195 2533 2280 2583 καὶ
2311 2529 2384 2589 ὡς
2416 2529 2504 2583 τὸν
2545 2529 2715 2607 μέγαν
2768 2526 2851 2584 διὰ
2906 2526 3115 2596 πολλῆς
3145 2527 3279 2594 ὅσης
3319 2528 3484 2590 αἰδοῦς
3516 2528 3764 2603 τιθέμενος
3794 2540 3806 2556 '

2193 2617 2306 2672 ἐπεὶ
2363 2618 2449 2672 καὶ
2499 2621 2652 2682 αὐτὸς
2709 2624 2860 2680 οὗτος
2911 2615 3038 2696 παρ’
3097 2617 3309 2675 ἐκεῖνον
3361 2617 3559 2696 ἐφοίτα,
3615 2619 3692 2673 καὶ
3743 2617 3806 2676 ὡς

2193 2703 2328 2782 φίλῳ
2378 2706 2443 2760 τὰ
2497 2705 2672 2762 πολλὰ
2730 2706 2958 2786 ἐχρῆτο,
3007 2709 3097 2763 καὶ
3147 2707 3315 2782 τιμήν
3361 2705 3490 2765 ἰδίαν
3543 2705 3713 2781 ἡγεῖτο
3749 2704 3801 2758 τὸ

2194 2794 2399 2850 ἐκεῖνον
2456 2801 2616 2870 τιμᾷν
2649 2815 2662 2829 ·
2717 2795 2826 2850 ἔστι
2885 2794 2941 2850 δὲ
2991 2794 3079 2850 ὅτε
3130 2797 3218 2852 καὶ
3262 2797 3293 2852 6
3329 2797 3497 2875 μέγας
3527 2795 3635 2872 παρ’
3663 2793 3797 2848 αὐτὸν

2195 2883 2493 2947 ἀφικνεῖτο,
2580 2876 2672 2948 Ὠς
2753 2891 2841 2941 οῦν
2911 2883 3076 2948 οὕτως
3154 2884 3383 2957 ἐξένιζον
3434 2882 3670 2952 ἀλλήλους
3717 2881 3794 2935 καὶ

464 2961 769 3042 proprium
794 2979 964 3022 suum
989 2960 1241 3022 ducebat
1266 2963 1576 3024 honorem.
1595 2961 1888 3023 Praeterea
1911 2975 2108 3023 autem

2195 2970 2478 3043 ἒξενίζοντο
2567 2973 2976 3048 συνεστιώμενοι
3047 2995 3177 3030 ποτε
3232 2977 3328 3030 καὶ
3393 2971 3801 3047 συνδειπνοῦντες,

465 3069 713 3142 magnus
742 3068 980 3142 quoque
1011 3051 1289 3142 Spiridon
1328 3051 1420 3142 ad
1453 3071 1592 3112 eum
1627 3053 1927 3114 veniebat.
1963 3051 2106 3142 Cum

2195 3062 2222 3115 6
2287 3061 2437 3137 ἅγιος
2519 3064 2829 3141 εὒαφόρμως
2892 3065 2982 3118 τὸν
3064 3061 3326 3130 ’Ἕλληνα
3398 3063 3543 3142 φίλον
3609 3065 3805 3136 θηρᾶσαι

465 3159 607 3218 ergo
633 3141 719 3201 sic
751 3158 816 3201 se
836 3140 1088 3201 invicem
1123 3141 1380 3219 hospitio
1407 3146 1750 3220 acciperent
1780 3147 1840 3198 et
1868 3139 2110 3219 accipe-

462 3239 694 3304 rentur,
764 3228 1098 3290 convivium
1158 3229 1515 3309 quandoque
1573 3229 1752 3289 simul
1814 3229 2106 3302 ineuntes,

463 3326 704 3380 sanctus
733 3325 1062 3398 opportune
1118 3318 1322 3378 volens
1368 3328 1607 3397 captare
1651 3318 1904 3378 amicum
1937 3336 2108 3378 suum

465 3408 774 3487 gentilem,
798 3424 1145 3478 conversus,
1172 3406 1257 3466 eis
1285 3405 1841 3479 audientibus,dicit
1873 3406 2105 3467 cuidam

465 3515 538 3558 ex
567 3498 641 3557 iis
671 3498 771 3577 qui
801 3495 1256 3557 ministrabant:
1291 3495 1470 3577 Puer,
1496 3497 1706 3576 inquit,
1744 3514 1978 3575 parvus,
2009 3491 2109 3576 qui

465 3605 612 3648 mea:
646 3589 784 3646 ﬁdei
841 3586 953 3648 fuit
1015 3589 1392 3659 commissus,
1452 3598 1516 3648 ut
1544 3604 1780 3665 gregem
1816 3597 2105 3666 pasceret,

464 3677 1569 3756 graviorisomneoppressus,peduces
1591 3675 2106 3756 perdiderat.Curn

464 3786 598 3827 eum
623 3774 816 3826 autem
834 3765 1160 3826 dimisrsset
1174 3766 1769 3843 somnus,dili3enter
1787 3775 2102 3844 scrutatus,

461 3855 684 3916 invenit
705 3873 911 3916 omnes
924 3856 1098 3915 simul
1118 3854 1436 3917 absconsas
1451 3875 1508 3916 in
1529 3857 1776 3934 quadam
1798 3856 2102 3933 spelunca.

464 3946 813 4023 Priusquam
849 3961 985 4004 vero
1018 3962 1117 4004 eas
1145 3945 1494 4025 invenisset,
1515 3946 1585 4005 ad
1623 3963 1728 4004 nos
1761 3944 1917 4005 misit
1948 3964 2104 4006 nun-

464 4033 636 4104 tium,
673 4033 774 4111 qui
804 4034 1167 4110 signiﬁcaret
1218 4035 1374 4114 quod
1436 4043 1736 4096 evenerat.
1773 4034 1877 4095 Ille
1906 4045 2103 4096 autem

465 4133 740 4198 accessit,
775 4133 832 4182 et
862 4129 977 4181 stat
1010 4141 1113 4202 pro
1146 4123 1490 4186 foribus.Tu
1522 4142 1659 4184 vero
1694 4124 2015 4194 descende,
2050 4133 2108 4185 et

465 4213 520 4275 ei
556 4216 761 4273 nuntio
794 4213 1088 4290 signiﬁca,
1151 4232 1359 4273 omnes
1417 4231 1547 4275 esse
1579 4213 1874 4283 inventas,
1907 4223 1964 4273 et
1998 4232 2107 4275 nec

2193 3149 2534 3228 βουλόμενος,
2591 3154 2832 3231 στραφεὶς
2902 3154 2973 3215 εἷς
3057 3154 3295 3222 ἐπήκοον
3353 3156 3522 3212 αὐτῶν
3574 3171 3668 3206 τινι
3719 3151 3808 3201 τῶν

2191 3240 2617 3320 ὑπηρετούντων,
2659 3234 2718 3298 Ὀ
2761 3245 2893 3305 παῖς
2928 3243 2955 3297 6
2991 3241 3204 3320 μικρὰς,
3241 3239 3370 3322 ἔφη,
3422 3244 3449 3298 6
3491 3243 3549 3297 τὸ
3590 3239 3810 3312 ποίμνιον

2193 3329 2369 3403 νέμειν
2433 3352 2522 3402 μοι
2582 3334 2916 3404 πιστευθεὶς,
2951 3329 3096 3403 ὕπνῳ
3168 3332 3440 3409 βαθυτέρῳ
3490 3326 3810 3406 κατασχεθεὶς

2191 3417 2521 3475 ἀπολωλέκει
2579 3421 2646 3475 τὰ
2701 3422 2997 3498 θρέμματα,
3085 3427 3186 3477 Τοῦ
3263 3419 3430 3477 ὕπνου
3486 3419 3537 3475 δὲ
3621 3415 3813 3476 ἀνέντος

2193 3507 2348 3562 αυτὸν
2413 3507 2546 3564 πάνυ
2605 3507 2802 3588 σφόδρα
2883 3510 3193 3586 ἐρευνήσας,
3248 3516 3398 3588 εὗρεν
3471 3508 3524 3563 ἐν
3592 3503 3814 3574 σπηλαίῳ

2192 3599 2290 3651 τινὶ
2352 3600 2523 3652 πάντα
2578 3598 2712 3671 ὁμοῦ
2775 3600 3110 3674 κρυπτόμενα
3148 3619 3163 3634 ·
3237 3601 3425 3676 φθάνοι
3498 3595 3551 3652 δὲ
3611 3596 3719 3671 πρὶν
3783 3590 3814 3658 ἢ

2192 3696 2356 3744 ταῦτα
2413 3688 2608 3764 εὑρεῖν,
2657 3686 2886 3765 ἄγγελον
2939 3691 3011 3751 ὼς
3077 3687 3215 3759 ἡμᾶς
3277 3685 3619 3745 ἀποστέλλων
3671 3680 3812 3748 δῆλον

2191 3776 2251 3830 τὸ
2295 3771 2484 3850 συρϐαν
2517 3785 2898 3848 ποιησόμενον,
2940 3777 3035 3833 Καὶ
3093 3777 3172 3849 ὃς,
3226 3774 3331 3843 ἤδη
3387 3772 3812 3852 παραγενόμενος,

2191 3867 2292 3940 πρὸ
2347 3862 2453 3920 τῶν
2511 3864 2690 3921 πυλῶν
2749 3865 2985 3923 ἵσταται.
3047 3864 3215 3921 Ἀλλὰ
3246 3867 3311 3920 σὺ
3337 3864 3620 3941 κατελθὼν,
3651 3867 3693 3914 ὡ
3721 3857 3802 3914 οὖ-

2189 3976 2304 4034 τος,
2362 3961 2618 4031 γνώρισον
2653 3956 2795 4029 αὒτῷ
2917 3958 2995 4027 τῷ
3283 3954 3367 4012 δτι
3417 3952 3621 4032 εὕρηται
3667 3950 3806 4025 ἀκρι-

2188 4040 2293 4105 ϐῶς
2351 4043 2544 4117 πάντα,
2607 4045 2694 4098 καὶ
2752 4042 2868 4102 οὒδὲ
2926 4043 2980 4099 ἕν
3037 4042 3176 4100 ἐνδεϊ
3219 4051 3294 4118 τῷ
3353 4044 3600 4117 ποιμνίῳ,
3634 4039 3808 4094 Ἤκουο

2192 4154 2278 4188 σεν
2325 4133 2352 4187 ὁ
2408 4133 2684 4208 ὑπηρετῶν
2743 4141 2927 4207 ταῦτα,
2993 4135 3079 4189 καὶ
3137 4133 3380 4190 ἀπελθὼν
3438 4133 3567 4211 πρὸς
3632 4128 3805 4206 τάχος,

2189 4222 2266 4295 τῷ
2320 4224 2422 4299 πρὸ
2479 4223 2585 4278 τῶν
2633 4223 2814 4279 πυλῶν
2868 4221 3207 4301 διεσάφησεν.
3245 4225 3405 4280 Οὒπω
3436 4226 3531 4288 τῆς
3574 4218 3808 4295 τραπέζης

466 4322 644 4366 unam
667 4302 908 4383 quidem
931 4303 1140 4364 deesse
1155 4304 1590 4381 gregi.Audivit
1625 4303 1984 4379 minister,et
2009 4305 2107 4364 ab-

2194 4310 2456 4391 ἂρθείσης,
2521 4311 2696 4390 ἕτερος
2782 4315 2923 4377 αὖθις
3012 4311 3238 4390 ἅγγελος
3311 4311 3581 4374 παρελθὼν
3657 4304 3809 4391 πάντα

467 4396 593 4454 iens
627 4393 879 4452 maxima
914 4393 1238 4466 celeritate,
1274 4393 1326 4452 ei
1377 4392 1754 4471 signiﬁcavit,
1789 4393 1889 4470 qui
1919 4395 2110 4454 stabat

467 4505 572 4564 pro
606 4487 849 4544 foribus.
893 4485 1090 4544 Mensa
1122 4485 1384 4544 nondum
1440 4483 1690 4558 sublata,
1726 4485 1875 4544 alius
1901 4501 2108 4545 rursus

467 4573 713 4634 veniens
735 4575 1004 4652 nuntius,
1031 4573 1332 4634 renuntiat
1353 4577 1551 4634 omnia
1569 4575 1867 4646 similiter,
1895 4575 2105 4634 inven-

470 4671 557 4724 tas
587 4662 940 4742 peduces,et
968 4662 1187 4738 locum,
1221 4675 1279 4723 et
1314 4682 1387 4723 ne
1416 4680 1593 4722 unam
1621 4664 1864 4742 quidem
1898 4665 2108 4724 deesse

467 4750 887 4814 nuiuero.H:ec
909 4753 1066 4813 dicta
1090 4753 1163 4812 iis
1185 4770 1317 4831 quae
1345 4764 1584 4813 sanctus
1607 4754 2108 4825 dixerat,omnino

466 4844 902 4917 convenientia,
957 4860 1231 4920 magnum
1290 4851 1596 4922 stuporem
1632 4844 1973 4923 injecerunt
2023 4844 2108 4904 illi

462 4933 834 5005 idololatrite,
863 4943 919 4993 et
941 4947 1211 4994 sanctum
1238 4951 1342 5013 pro
1368 4936 1488 4996 Deo
1510 4933 1786 5009 habebat,
1813 4947 1871 4995 et
1892 4935 2107 4995 obser-

467 5026 637 5084 vabat
669 5040 682 5085 :
721 5041 780 5084 et
836 5023 1069 5086 volebat
1118 5025 1326 5084 eadem
1388 5021 1612 5104 facere,
1647 5043 1778 5103 quze
1808 5026 2110 5104 Lycaones

462 5114 785 5190 aliquando
818 5114 1112 5174 faciebant
1138 5112 1424 5174 Barnabze
1460 5122 1520 5175 et
1551 5114 1732 5175 Paulo
1779 5115 1851 5185 ιε,
1887 5131 2107 5194 nempe

465 5203 522 5264 ei
553 5219 758 5264 tauros
783 5207 1146 5282 sacriﬁcare,
1182 5213 1237 5264 et
1268 5204 1327 5264 in
1365 5203 1652 5264 vestibulo
1684 5221 1934 5264 coronas
1965 5223 2106 5264 sus-

466 5293 864 5371 pendereJlle
896 5311 1034 5353 vero
1067 5304 1221 5354 Sicut
1252 5293 1422 5369 illi,ei
1453 5296 1638 5354 dixit:
1674 5294 1805 5356 Non
1839 5312 1946 5375 ego
1976 5312 2108 5355 sum

463 5379 645 5456 Deus,
679 5383 785 5445 sed
810 5399 1020 5446 servus
1040 5381 1151 5445 Dei
1175 5385 1390 5463 potius,
1421 5385 1598 5446 homo
1619 5386 1722 5464 qui
1754 5402 1886 5447 sum
1918 5388 2110 5448 obno-

550 5575 600 5626 11
633 5573 770 5638 Act.
799 5593 856 5653 v,
891 5576 918 5638 1
957 5593 1124 5658 seqq.
1213 5574 1273 5626 43
1296 5575 1434 5641 Act.
1465 5591 1580 5641 XIV.

2191 4401 2387 4474 ὁμοίως
2446 4403 2740 4478 ἀπήγγειλε
2801 4403 2898 4469 τὴν
2959 4400 3156 4479 εὕρεσιν
3218 4405 3302 4460 καὶ
3371 4405 3459 4458 τὸν
3511 4401 3683 4474 τόπον,
3734 4390 3809 4448 καὶ

2191 4487 2269 4546 ὅτι
2331 4487 2496 4564 μηδὲν
2557 4477 2786 4546 ἐλλείπω
2855 4493 2882 4544 ὀ
2940 4477 3158 4569 ἀριθμὸς
3219 4492 3312 4559 ἧν.
3395 4496 3564 4549 Ταῦτα
3629 4477 3810 4554 συνῳδὰ

2347 4580 2358 4596 Ι
2573 4584 2596 4594 ~
2674 4580 2686 4600 θ
2743 4581 2753 4598 ο
2859 4581 2870 4598 ο
3311 4581 3323 4600 \
3423 4579 3442 4599 ἰ
3532 4579 3542 4602 t
3601 4574 3618 4590 ν
3720 4571 3738 4602 l

2190 4601 2496 4650 πα-οταπασι
2529 4601 2606 4649 τῳ
2664 4601 2798 4658 αγιῳ
2849 4583 3092 4657 ρηθεντα,
3158 4580 3366 4650 πολλην
3423 4597 3668 4642 εκπκηςιν
3718 4592 3807 4644 ιμ’

2191 4666 2422 4736 ϐέϐληκε
2478 4670 2555 4744 τῷ
2599 4668 2989 4747 εἰδωλολάτρῃ,
3051 4672 3139 4727 καὶ
3208 4675 3282 4733 ὡς
3349 4677 3464 4742 Θεῷ
3525 4666 3596 4740 τῷ
3645 4659 3809 4728 δικαίῳ

2193 4761 2477 4840 προσέχων
2522 4759 2610 4836 ἦν,
2645 4761 2818 4816 καὶτὰ
2861 4763 2990 4819 αὒτὰ
3021 4773 3202 4817 ποιεῖν
3231 4757 3509 4835 ἠῦούλετο,
3601 4751 3659 4821 δή
3689 4766 3805 4806 ποτε

2191 4851 2277 4904 καὶ
2334 4851 2592 4911 Λυκάονες
2653 4852 2784 4927 πρὸς
2836 4847 3106 4928 Βαρνάϐαν
3188 4854 3280 4906 καὶ
3343 4847 3543 4904 Παῦλον
3598 4840 3803 4904 ἐποίουν,

2189 4940 2330 4994 θύειν
2388 4941 2527 5012 αὐτῴ
2607 4940 2849 5018 ταύρους,
2924 4941 3011 4995 καὶ
3087 4947 3179 4996 τοῦ
3240 4939 3478 4999 πυλῶνος
3553 4933 3806 5005 στέμματι

2193 5028 2432 5108 ἐξαρτᾷν.
2495 5020 2554 5085 Ὀ
2613 5028 2690 5103 δὲ,
2737 5028 2915 5107 ὥσπερ
2973 5029 3242 5107 κάκεῖνοι,
3299 5030 3428 5105 πρὸς
3500 5025 3664 5082 αὒτὸν.
3713 5018 3806 5074 Οὔκ

2193 5117 2299 5194 ἐγὼ
2353 5119 2508 5196 Θεὸς,
2539 5119 2718 5192 εἶπεν,
2779 5118 2914 5175 ἀλλὰ
2970 5116 3152 5183 δοῦλος
3206 5125 3334 5174 Θεοῦ
3365 5114 3584 5187 μαλλον,
3618 5109 3803 5184 ἅνθρω-

2192 5206 2288 5270 πδς
2347 5209 2428 5263 σοὶ
2484 5209 2835 5282 ὁμοιοπαθής,
2873 5209 2944 5265 Τὸ
2989 5205 3043 5262 δὲ
3088 5209 3263 5272 καλῶς
3319 5204 3502 5262 εἰδέναι
3536 5204 3620 5258 τὸν
3663 5197 3807 5272 μόνον

2194 5297 2322 5352 Θεὸν
2370 5303 2522 5352 τοῦτο
2575 5320 2666 5371 μοι
2745 5298 2830 5354 καὶ
2913 5300 2975 5353 τὸ
3058 5297 3222 5354 ταῦτα
3291 5293 3475 5351 εἰδέναι
3536 5289 3805 5371 χαρίζεται.

2191 5384 2292 5444 ¹¹Ον
2347 5387 2390 5443 εἰ
2447 5389 2534 5444 καὶ
2590 5389 2651 5444 σὺ
2707 5388 2981 5457 Δεσπότην
3038 5386 3424 5468 ὁμολογήσεις,
3462 5381 3583 5459 εἴσῃ
3610 5377 3810 5435 πάντω>
