4028 6138
207 261 320 327 457

1498 254 1687 327 VITA
1729 259 1789 322 S.
1849 258 2335 327 SPYRIDONIS.

3494 234 3619 333 458

214 395 472 478 ἀκριϐεία,
522 397 652 454 οἷον
711 396 782 465 δή
850 394 973 476 παρ’
1034 395 1219 469 ἐκείνῳ
1271 396 1461 473 κράτος
1522 396 1739 475 ἄμαχον
1790 418 1858 454 κα

1960 396 2091 458 aius
2139 393 2390 467 eisdem,
2423 392 2640 475 quibus
2690 401 2775 475 tu,
2807 393 3247 457 affectionibus.
3273 395 3351 458 Ut
3405 404 3603 460 autem

218 488 395 569 ἰσχύς.
451 488 550 546 Καὶ
600 489 630 543 ὁ
702 487 805 561 μὶν
862 486 1009 551 ὅσιος
1062 492 1252 543 ταῦτα·
1311 487 1347 553 ἡ
1409 483 1462 541 δὲ
1532 484 1858 565 φιλόχριστα

1962 494 2125 548 recte
2148 484 2358 558 sciam,
2388 482 2634 561 largitur
2661 484 2734 560 is,
2765 500 2943 565 quem
2973 483 3027 545 si
3061 491 3120 545 tu
3144 503 3382 565 quoque
3413 488 3610 549 Domi-

218 578 377 636 πλέον
440 578 477 646 ἢ
514 574 803 654 φιλανδρος
852 575 946 632 τοῦ
988 573 1280 654 παραδόξου
1329 572 1511 633 τούτου
1566 574 1858 653 πράγματα

1964 593 2104 637 num
2138 573 2322 635 tueris
2336 572 2952 648 confessus,accnrate
2982 572 3225 635 omnino
3244 575 3610 655 scies,quam

212 669 309 725 οἶα
381 666 573 744 καιροῦ
659 668 1028 745 προσήγοντος
1090 662 1386 740 λαϐομένη,
1447 666 1533 720 καὶ
1606 666 1672 721 τὰ
1754 664 1878 742 παρ’

218 760 423 824 ἑαυτῆς
480 756 752 836 ἁρμοδίως
811 761 1253 834 προσενεγκοὼα,
1314 754 1478 810 πείθει
1549 754 1638 809 τὸν
1696 751 1875 833 ἄνδρα,

1962 664 2038 725 sit
2076 662 2235 743 apud
2267 661 2435 723 illum
2466 660 2941 741 inexpugnabilis
2987 662 3252 743 potentia
3288 670 3348 724 et
3375 670 3611 745 quantm

1961 753 2142 816 vires.
2176 750 2281 815 llla
2312 768 2450 813 vero
2499 748 2720 815 Christi
2752 751 2937 831 magis
2977 770 3205 828 amans,
3239 771 3418 831 quam
3468 752 3605 830 viri,

211 854 391 905 πᾶσαν
478 846 579 922 μέν
648 846 753 913 τὴν
824 845 1052 919 ματαίαν
1116 841 1460 918 ἐξομόσασθαι
1518 842 1749 924 πλάνην,
1794 866 1858 900 κα

1962 843 2072 904 hac
2116 859 2184 905 re
2215 850 2492 921 tanquam
2552 849 2885 922 opportuna
2911 842 3109 924 aliqua
3165 854 3400 924 arrepta
3427 862 3607 906 occa-

220 940 283 993 τὸ
338 937 460 1015 περὶ
511 936 582 992 τὰ
639 933 842 992 εἴδωλα
886 931 1041 999 σέϐας
1086 932 1489 1011 έκμυκτηρίσαι,
1550 936 1858 1008 μεταμαθετι

1959 931 2153 1007 sione,
2187 950 2256 995 ex
2279 949 2345 992 se
2373 948 2609 1012 quoque
2640 949 2709 994 ea
2732 931 3013 1009 aﬂ‘erens,
3046 951 3178 1014 qua:
3208 932 3264 995 ei
3290 933 3610 996 convenie-

226 1026 284 1083 at
356 1026 527 1091 καλῶς
589 1028 688 1094 τὴν
748 1023 1036 1099 εὖσὲὄειαν,
1083 1028 1173 1083 καὶ
1235 1026 1323 1080 τὸν
1387 1026 1609 1102 Κρισιδν
1656 1022 1873 1082 ἔνδύσα-

233 1121 348 1173 σθαι
378 1115 456 1172 διὰ
479 1123 573 1173 τοῦ
601 1116 995 1192 βαπτίσματος.

293 1385 427 1446 AI".
483 1388 542 1444 Ei
599 1388 661 1442 το
706 1383 825 1451 έξῆς
884 1382 1128 1461 διήγημα
1183 1390 1365 1452 σιωπῆ
1424 1382 1717 1461 κρύψομεν,
1750 1384 1864 1442 πῶς

216 1478 336 1555 οὔχὶ
404 1476 529 1541 τοὺς
574 1476 835 1554 ακροατὰς
892 1473 1148 1551 μεγίστης
1202 1472 1265 1529 ἂν
1322 1472 1581 1551 ὠςρελείας
1632 1470 1864 1527 ἀποστε-

214 1568 473 1643 ρήσομεν,
511 1564 745 1640 μάλιστα
800 1564 937 1637 μετά
992 1573 1087 1622 τοῦ
1141 1561 1411 1641 ὠφελίμου
1467 1563 1554 1618 καὶ
1612 1559 1752 1617 πολὺ
1806 1560 1866 1615 τὸ

216 1657 400 1735 χάριεν
494 1653 974 1732 συππαγομένου,
1076 1652 1323 1730 Λεγέσθω
1424 1660 1697 1729 τοιγαροῦν
1781 1659 1866 1706 καὶ

1960 1020 2127 1099 bant,
2159 1021 2371 1083 marito
2395 1020 2737 1101 persuadet,
2761 1029 2825 1083 ut
2855 1039 3097 1084 omnem
3124 1021 3365 1103 quidem
3388 1040 3604 1084 vanum

1955 1111 2187 1190 abjuret
2246 1128 2537 1189 errorem,
2574 1118 2631 1172 et
2680 1110 2903 1175 cultum
2957 1111 3205 1175 irrideat
3245 1112 3603 1175 simulacro-

1948 1219 2120 1264 rum:
2152 1208 2316 1263 recte
2344 1208 2546 1262 autem
2578 1200 2766 1263 discat
2794 1218 2993 1264 veram
3026 1201 3604 1283 pietatem,etChri-

1951 1299 2105 1353 stum
2137 1289 2345 1353 induat
2375 1307 2481 1371 per
2510 1290 2895 1372 baptismum.

2028 1378 2287 1444 XXXIII.
2322 1379 2383 1442 Si
2416 1398 2571 1461 eam,
2595 1399 2727 1462 quas
2756 1380 3045 1461 deinceps
3066 1386 3360 1462 sequitur,
3394 1399 3601 1445 narra-

1951 1468 2175 1532 tionem
2211 1470 2450 1532 silentio
2484 1470 2830 1546 texerimus,
2863 1471 3163 1552 quomodo
3194 1490 3313 1533 non
3351 1470 3602 1552 privabi-

1952 1577 2085 1621 mus
2133 1559 2436 1622 auditores
2473 1559 2729 1623 maxima
2759 1560 3035 1637 utilitate,
3071 1579 3204 1623 cum
3254 1559 3431 1623 simul
3462 1578 3601 1623 cum

1951 1648 2108 1723 utili,
2161 1648 2415 1711 multum
2466 1650 2645 1712 etiam
2705 1649 2943 1714 inducat
2996 1649 3449 1730 jucunditatis?
3492 1649 3601 1711 Di-

218 1746 362 1824 αύτδ,
396 1745 491 1802 καὶ
544 1744 707 1806 ἀκοὰς
763 1742 989 1799 έστιάτω
1045 1743 1141 1806 τὰς
1185 1740 1529 1821 φιλοκάλους.
1580 1741 1717 1796 Φασὶ
1778 1742 1858 1795 τὸν

1954 1748 2121 1800 catur
2151 1758 2295 1818 ergo
2331 1739 2455 1803 haec
2485 1758 2749 1821 quoque.
2772 1738 2995 1803 Ferunt
3017 1759 3292 1820 maguum
3326 1739 3597 1821 Spirido-

221 1855 390 1913 μεγαν
446 1835 588 1891 κατὰ
656 1831 791 1889 πολὺ
846 1835 908 1888 τὸ
964 1832 1175 1910 μέτριον
1231 1832 1327 1888 καῖ
1381 1834 1542 1909 τύφου
1604 1832 1858 1903 κεκαθαρ-

1954 1846 2114 1903 nem,
2151 1835 2323 1908 prout
2367 1834 2495 1891 erat
2525 1828 3003 1891 modestissimus
3032 1837 3090 1891 et
3144 1833 3221 1892 ab
3252 1827 3416 1890 omni
3442 1830 3596 1891 fastu

221 1926 401 2002 μένον,
463 1921 726 2003 θεοφιλῶς
784 1921 881 1997 μὲν
937 1926 1035 1989 τῆς
1094 1921 1390 1988 ἐπισκοπῆς
1450 1918 1690 2000 ἔχεσθαι,
1723 1916 1858 1976 ούδέπ

1955 1926 2013 1978 et
2061 1916 2344 1998 superbia
2390 1918 2645 1993 alienus,
2687 1917 2969 1998 praeclare
3019 1918 3261 1999 quidem
3306 1926 3366 1980 et
3418 1935 3597 1982 sense

220 2012 271 2069 δὲ
326 2014 518 2088 ἧττον,
552 2011 648 2069 xxi
692 2014 797 2067 τῶν
838 2011 1155 2090 θρεμμάτων
1214 2010 1645 2085 μεταποιεῖσθαι.
1708 2006 1858 2086 ’Λωρῖ

1952 2006 2360 2088 episcopatum
2408 2025 2580 2070 suum
2631 2007 3107 2083 administrasse,
3161 2007 3349 2070 nihilo
3404 2009 3601 2072 secius

219 2109 344 2180 γοῦν
423 2122 558 2158 ποτε
628 2107 736 2157 τῶν
806 2101 1007 2159 νυκτῶν
1086 2098 1334 2172 κλέπται,
1392 2111 1515 2160 ταῖς
1590 2095 1858 2154 επαύλεσιι

1950 2103 2147 2158 autem
2180 2097 2376 2159 ovium
2408 2115 2645 2178 quoque
2674 2115 2879 2160 curam
2908 2097 3190 2175 gessisse.
3240 2097 3604 2179 Intempesta

199 2189 544 2266 έπελθδντες,
630 2191 748 2248 τινὰ
824 2191 930 2246 τῶν
1007 2194 1163 2249 αὐτοῦ
1244 2188 1560 2267 θρεμμάτων
1639 2184 1862 2247 ἐσύλων.

200 2283 329 2346 θεὸς
383 2280 439 2336 δὲ
492 2283 520 2337 ὁ
570 2288 663 2337 τοῦ
716 2279 967 2355 ποιμένος
1025 2278 1409 2355 έπιμελόμειος
1459 2276 1573 2334 063‘:
1622 2282 1728 2332 τῶν
1774 2276 1863 2331 ὑπ’

200 2374 351 2445 αύτῷ
411 2370 846 2445 ποιμαινομένων
889 2368 1103 2442 ἠμέλει,
1164 2367 1313 2425 Ἀλλ’
1372 2371 1418 2425 οἱ
1468 2375 1638 2447 φῶρας
1695 2368 1859 2440 οὗτοι,

200 2460 429 2529 δεσμοῖς
492 2460 741 2539 ἀφύκτοις
797 2459 1032 2536 ἀοράτως
1086 2457 1527 2537 περιληφθέντας,
1588 2457 1681 2521 τὰς
1728 2468 1860 2534 χεῖ-

199 2572 292 2619 ρας
357 2547 621 2610 ἐδέδεντο.
714 2548 811 2605 Καὶ
882 2549 1187 2627 ἀναχωρεῖν
1258 2546 1369 2603 οὔδ’
1437 2546 1575 2607 ὅλως
1634 2544 1858 2603 ἂνίεντο.

198 2640 431 2718 Ὀρθρος
483 2636 589 2705 ἤδη
635 2641 835 2715 παρῆν,
868 2638 956 2693 καὶ
1009 2636 1164 2714 γνοὺς
1212 2638 1240 2693 ὁ
1291 2634 1456 2715 μέγας
1508 2638 1569 2692 τὸ
1617 2635 1858 2713 γεγονὸς,

196 2730 291 2792 τὰς
350 2741 556 2808 χεῖρας
615 2729 804 2790 αὐτοὺς
863 2725 1090 2805 ἔχοντας
1138 2726 1309 2782 ὀπίσω
1353 2723 1714 2803 περιηγμένας
1775 2724 1863 2780 καὶ

201 2817 490 2893 δεδεμένας
550 2814 697 2891 ἰδὼν,
734 2817 874 2896 εὐχῇ
931 2816 1030 2891 μὲν
1081 2815 1268 2879 αὐτοῖς
1297 2816 1387 2872 τὸν
1434 2813 1627 2889 δεσμὸν
1668 2813 1856 2886 ἀνῆκε,

208 2907 438 2964 πλεῖστα
496 2905 552 2963 δι
583 2907 932 2986 παραινέσας,
965 2905 1025 2961 ἐκ
1074 2902 1288 2962 δικαίών
1343 2905 1520 2962 πόνων
1572 2903 1637 2959 τὰ
1688 2902 1859 2991 ἀναγ-

216 3010 347 3053 aut:
414 2997 747 3075 πορίζεσθαι,
804 2997 891 3052 καὶ
953 2996 1099 3075 κριὸν
1176 2996 1362 3059 αὐτοῖς
1420 2992 1690 3072 ἐπορέγει,
1777 3001 1862 3048 ινα

213 3089 295 3159 μὴ
351 3089 520 3162 μάτην
589 3086 992 3164 ἧγρυπνηκότες
1060 3084 1180 3159 ἦτε,
1245 3083 1540 3165 χαριέντως
1608 3082 1860 3161 ἐπιφθεγ-

472 3143 486 3155 '
508 3143 837 3242 ﬂlijv‘ﬁnc‘t'
874 3180 961 3231 καί
979 3143 992 3150 ⁷
1012 3143 1145 3231 ἄλλο
1165 3143 1179 3159 1
1193 3143 1287 3248 at;
1311 3143 1860 3251 ῥηθέντι-ἀκολδὶθεῖίν
1880 3143 1921 3196 C

204 3267 481 3345 ὥρμηται,
546 3264 677 3339 παρ’
730 3262 875 3321 οὐδὲν
939 3265 1141 3321 ἱκείνου
1196 3264 1296 3323 τὴν
1352 3260 1544 3330 ἡδονὴν
1602 3260 1859 3317 ἒλαττού-

204 3379 383 3432 μενον.

282 3536 415 3597 AA'.
454 3536 852 3612 Τοιμιθούντιός
895 3558 975 3601 τις
1024 3535 1181 3613 ἀνὴρ,
1228 3534 1356 3602 νηὸς
1409 3534 1582 3612 κύριος
1628 3531 1726 3607 ὢν,
1773 3538 1860 3593 καὶ

216 3626 334 3700 πρός
407 3626 673 3705 ἐμπορίαν
744 3633 948 3705 χρυσοῦ
1004 3624 1231 3700 δεηθεὶς,
1296 3624 1535 3702 πρόσεισι
1594 3627 1670 3695 τῷ
1727 3622 1862 3700 ἁγίῳ

216 3716 329 3793 παρ’
387 3720 553 3775 abadd
586 3713 922 3791 ληψόμενος.
961 3716 1058 3773 Καὶ
1105 3714 1189 3794 ὃς,
1227 3714 1362 3789 μετᾶ
1409 3715 1515 3769 τῶν
1545 3710 1725 3769 ἄλλων
1772 3710 1858 3767 καὶ

217 3807 405 3873 ταύτης
460 3804 772 3882 πληρωτὴς,
806 3804 880 3863 ὢν
929 3809 1027 3873 τῆς
1073 3803 1317 3877 έντοὶῆς,
1351 3802 1386 3871 ἢ
1435 3823 1465 3861 σ
1498 3803 1598 3861 Τὸν
1639 3799 1858 3858 θέλοντα

219 3897 344 3973 παρὰ
399 3902 497 3952 σού
567 3892 919 3969 δανείσασθαι,
975 3894 1190 3974 φάσκει,
1260 3894 1339 3968 μὴ
1397 3892 1770 3972 ἀποστραφῇς,
1828 3912 1850 3947 s

222 3983 335 4063 ὅπερ
409 3985 556 4057 αύτῷ
623 3983 822 4061 προσῆν
906 3982 1108 4062 ὀλίγον,
1182 3985 1269 4040 καὶ
1347 3983 1498 4039 τοῦτο
1567 3981 1857 4063 ἀναγκαίας

220 4061 374 4153 χάριν
406 4079 507 4141 τῆς
540 4073 836 4142 ἐπισκοπῆς
886 4061 1097 4153 χρείας,
1132 4072 1413 4152 ἰγχειρίζει
1456 4070 1761 4150 προθύμως.
1799 4061 1856 4127 Ὀ

219 4161 284 4234 δὲ,
316 4173 474 4223 τοῦτο
534 4160 735 4237 λαϐὼν,
791 4162 887 4220 καῖ
942 4164 1034 4219 τὸν
1080 4160 1354 4222 ἀπόπλουν
1407 4159 1591 4227 δεξιῶς
1622 4160 1856 4236 θέμενος,

218 4252 321 4311 ἐπεὶ
368 4253 611 4320 ἐπανῆκε
663 4253 754 4310 σὺν
812 4251 1005 4332 κέρδει,
1047 4258 1292 4331 πρόσεισι
1348 4256 1426 4325 τῷ
1487 4250 1622 4328 ἀγίῳ
1688 4271 1858 4306 κατα-

213 4342 378 4408 θήσων
430 4345 493 4398 τὸ
552 4340 794 4420 ὄφλημα,
857 4344 945 4399 καὶ
1004 4343 1156 4406 αὐτὸς
1218 4339 1366 4398 οὐδὲν
1434 4340 1858 4419 περιεργασάμε-

215 4453 318 4511 νος,
349 4431 469 4488 οὔτε
532 4434 625 4488 τὸν
656 4432 897 4511 ἀριθμὸν,
930 4431 1111 4511 ὥσπερ
1154 4430 1292 4510 ἔθος,
1337 4443 1455 4494 τοϊς
1484 4427 1711 4493 πολλοῖς
1761 4427 1858 4485 λο-

217 4523 516 4598 γισάμενος,
574 4522 732 4578 αὐτὸν
815 4521 1024 4579 ἐκεῖνον
1106 4521 1403 4579 ἀναστάντα
1486 4517 1712 4599 κελεύει,
1798 4518 1853 4575 έν

216 4610 397 4683 huius
445 4610 759 4669 καταθέσθαι
808 4616 885 4684 τῷ
927 4611 1124 4687 σκεύει,
1159 4608 1211 4675 ἐξ
1254 4609 1313 4668 οὗ
1366 4608 1433 4677 δὴ
1478 4609 1566 4666 καὶ
1608 4610 1669 4665 τὸ
1712 4606 1852 4685 πρό-

222 4718 362 4779 τερον
414 4702 543 4761 αὐτὸ
597 4699 828 4780 εἰληφὼς
872 4700 961 4770 ἦν,
1019 4703 1117 4759 Καὶ
1156 4701 1277 4757 τότε
1336 4699 1436 4775 μὲν
1491 4699 1553 4757 τὰ
1610 4698 1852 4779 χρηστὸν

213 4792 300 4846 τοῦ
365 4788 645 4849 δανειστοῦ
706 4792 795 4849 καὶ
866 4791 1148 4870 ἄπραγμον
1208 4793 1235 4847 ί»
1293 4788 1523 4867 ἔμπορος
1580 4788 1851 4862 αἰδεσθείς,

212 4880 328 4947 ἣκει
385 4882 480 4937 τὸν
542 4882 773 4960 χρυσὸν,
833 4880 1011 4959 ὥσπερ
1067 4880 1167 4958 ἄρα
1220 4883 1319 4938 καὶ
1378 4877 1682 4955 ἐκελεύσθη,
1717 4899 1853 4935 κατ-

211 4969 370 5031 έθετο.
424 4973 500 5033 ὡς
557 4970 613 5026 δὲ
667 4973 758 5028 καὶ
814 4970 956 5034 αὖθις
1013 4970 1107 5038 τῆς
1166 4970 1352 5049 χρείας
1414 4969 1572 5026 αὐτὸν
1614 4968 1855 5046 ἐπειγού-

208 5081 321 5139 σης,
355 5058 500 5117 οὕτω
547 5060 647 5135 μὲν
701 5058 924 5135 έτοίμως
974 5056 1293 5134 ἐλάμϐανεν,
1324 5057 1464 5117 οὕτω
1491 5056 1546 5113 δί
1588 5058 1676 5115 καὶ
1723 5055 1853 5113 ἀδό-

209 5148 305 5215 λως
344 5149 501 5213 αὐτὸς
562 5150 883 5230 κατετίθετο,
935 5150 1021 5206 καὶ
1077 5150 1169 5205 τὸν
1226 5150 1423 5229 τρόπον
1477 5155 1663 5206 τοῦτον
1714 5145 1852 5205 πολ-

208 5242 350 5304 λάκις
437 5239 667 5320 ιγίνετο,
741 5239 903 5304 πάθος
985 5237 1271 5318 ὑποτρέχει
1355 5237 1694 5319 φιλαργυρίας
1764 5239 1853 5303 τὸν

208 5329 457 5411 ἔμπορον,
525 5331 617 5385 καὶ
697 5328 934 5393 ἀπίστως
1004 5330 1135 5407 πρὸς
1218 5329 1310 5386 τὸν
1381 5326 1696 5388 πιστευόντα
1766 5329 1855 5384 καὶ

204 5428 444 5500 πονηρῶς
515 5417 824 5501 διατίθεται,
888 5420 977 5477 καὶ
1049 5419 1149 5487 τὴν
1216 5418 1469 5489 ἀλήθειαν
1541 5416 1849 5499 διαφθείρει,

281 5585 336 5636 ιδ
366 5582 583 5647 Matth.
618 5599 678 5657 ν,
710 5581 815 5641 ιε.

532 5691 799 5754 Ρλτιιοι..
846 5690 960 5755 Gn.
1005 5688 1214 5765 CXVI.

1947 2202 2086 2247 vere
2133 2194 2311 2248 nocte
2340 2185 2637 2248 stabulum
2687 2186 2875 2248 adorti
2906 2187 3188 2264 latrones,
3223 2188 3601 2252 sull‘uraban-

1951 2276 2047 2335 tur
2075 2276 2360 2355 quasdam
2393 2294 2462 2337 ea
2497 2275 2628 2355 ejus
2669 2275 3020 2355 pecudibus.
3054 2278 3214 2340 Deus
3244 2285 3466 2353 autem,
3499 2277 3603 2361 qui

1947 2381 2149 2426 curam
2181 2364 2426 2443 gerebat
2459 2364 2732 2445 pastoris,
2758 2382 2835 2426 ne
2874 2383 3012 2426 oves
3040 2364 3283 2444 quidem
3313 2385 3461 2446 quas
3490 2386 3598 2448 pa-

1951 2453 2178 2528 scebat,
2206 2456 2485 2533 neglexit.
2521 2452 2637 2516 Sed
2660 2452 2826 2515 fures
2859 2453 2957 2516 isti
2984 2453 3447 2529 inevitabilibus,
3467 2475 3600 2537 quae

1946 2543 2057 2605 sub
2076 2555 2378 2625 aspectum
2397 2561 2519 2606 non
2536 2543 2851 2625 cadebant,
2878 2544 3130 2607 vinculis
3151 2546 3595 2627 comprehensi,

1948 2646 2007 2695 et
2037 2634 2251 2697 vinctis
2277 2644 2446 2697 erant
2480 2633 2777 2711 manibus,
2811 2642 2871 2697 et
2900 2652 3018 2696 non
3050 2642 3322 2715 poterant
3353 2637 3598 2699 omnino

1944 2724 2257 2789 recedere.
2274 2723 2405 2788 Jam
2430 2742 2603 2787 mane
2626 2725 2854 2804 aderat,
2877 2731 3086 2787 etcum
3100 2742 3346 2805 magnus
3365 2742 3598 2807 cogno-

1942 2819 2124 2877 visset
2171 2813 2481 2896 Spiridon,
2516 2814 2675 2895 quod
2727 2813 2944 2875 factum
3003 2813 3218 2889 fuerat,
3252 2814 3462 2877 videns
3512 2816 3599 2879 eis

1945 2921 2157 2966 manus
2189 2922 2343 2983 pone
2372 2903 2659 2965 adductas
2689 2913 2747 2966 et
2768 2904 3018 2981 vinctas,
3045 2902 3324 2984 precibus
3352 2905 3594 2984 quidem

1945 2993 2034 3055 eis
2061 2993 2344 3057 relaxavit
2369 2991 2669 3059 vinculum
2697 3013 2711 3054 :
2745 3011 2880 3054 cum
2915 2994 3239 3073 plurimum
3273 3001 3469 3056 autem
3491 3013 3597 3057 eos

1947 3081 2378 3156 admonuisset,
2408 3091 2471 3144 ut
2500 3099 2570 3144 es
2587 3082 2767 3161 justis
2794 3081 3099 3145 laboribus
3125 3093 3427 3164 pararent,
3463 3102 3598 3163 qua:

1944 3180 2112 3234 erant
2164 3170 2279 3268 sibi
2310 3172 2673 3268 necessaria,
2708 3172 2793 3232 eis
2836 3172 3014 3234 etiam
3049 3172 3277 3253 praebet
3320 3174 3597 3268 arietem,

1945 3262 2144 3342 lepide
2171 3261 2477 3324 elocutus:
2511 3260 2597 3324 Ne
2622 3262 2836 3325 frustra
2864 3262 3263 3340 vigilaveritis.
3298 3260 3593 3328 Caeterum

1942 3350 2105 3414 aliud
2145 3370 2385 3433 quoque
2433 3369 2501 3414 se
2549 3352 2745 3434 oll‘ert,
2807 3354 3011 3415 volens
3067 3355 3236 3435 sequi
3291 3354 3373 3432 id,
3433 3356 3591 3438 quod

1944 3442 2171 3504 dictum
2207 3450 2320 3519 est,
2355 3442 2515 3522 quod
2547 3441 2632 3503 illi
2667 3441 2814 3504 nihil
2845 3441 3006 3505 cedit
3026 3443 3424 3523 jucunditate.

2022 3528 2278 3594 XXXIV.
2304 3532 2408 3593 Vir
2437 3530 2677 3612 quidam
2708 3530 3290 3611 Trimmythuntinus
3314 3544 3444 3597 erat
3476 3553 3592 3598 na-

1941 3620 2031 3681 vis
2049 3621 2349 3701 dominus,
2380 3628 2438 3681 et
2464 3639 2601 3683 cum
2625 3637 2771 3683 auro
2794 3639 2944 3702 opus
2974 3620 3220 3683 haberet
3245 3623 3319 3683 ad
3353 3640 3589 3685 merca-

1944 3708 2398 3785 turam,accedit
2427 3708 2498 3770 ad
2534 3717 2835 3784 sanctum,
2867 3708 2942 3771 ab
2975 3727 3047 3772 eo
3078 3719 3452 3791 accepturus.
3483 3711 3591 3777 Ille

1940 3808 2136 3862 autem
2158 3800 2334 3877 hujus
2358 3816 2596 3879 quoque
2612 3798 3039 3879 praecepticum
3054 3799 3187 3862 aliis
3206 3802 3586 3883 adimpletor,

1942 3889 2099 3971 quod
2122 3889 2286 3952 dicit:
2320 3887 2636 3969 «Eum,qui
2658 3905 2692 3949 a
2711 3896 2767 3950 te
2780 3888 3030 3951 voluerit
3054 3902 3260 3953 mutuo
3284 3891 3585 3973 accipere,

1940 3999 2019 4042 ne
2047 3978 2337 4042 averseris
2369 3978 2451 4055 15,
2493 4001 2517 4037 ι
2553 3978 2611 4039 id
2647 3996 2898 4059 paucum
2930 3979 3088 4058 quod
3140 3979 3373 4063 habeat,
3406 3981 3591 4062 idque

1942 4077 2212 4151 paratum
2267 4076 2511 4150 propter
2539 4068 2943 4131 necessarium
2975 4087 3148 4131 usum
3188 4070 3585 4154 episcopatus,

1942 4160 2000 4222 ei
2046 4159 2287 4223 tradidit
2343 4166 2617 4240 prompto
2671 4165 2731 4221 et
2759 4157 2937 4221 alacri
2984 4160 3205 4222 animo.
3267 4159 3374 4224 Ille
3419 4181 3587 4245 vero,

1942 4249 2045 4326 qui
2097 4248 2154 4310 id
2187 4255 2521 4328 acceperat,
2554 4265 2687 4310 cum
2735 4248 2791 4309 ei
2823 4248 3009 4310 fausta
3064 4256 3124 4311 et
3149 4247 3287 4312 felix
3340 4267 3585 4313 succes-

1944 4339 2119 4401 sisset
2174 4337 2488 4417 navigatio,
2541 4345 2602 4399 et
2655 4356 2793 4400 cum
2846 4336 3019 4400 lucro
3071 4346 3230 4401 esset
3284 4356 3580 4418 reversus,

1943 4428 2177 4491 accedit
2198 4427 2270 4490 ad
2302 4434 2599 4509 sanctum,
2623 4426 2889 4490 debitum
2911 4428 3231 4494 soluturus.
3253 4428 3359 4493 Ille
3383 4442 3583 4496 autem

1942 4537 2061 4581 non
2110 4517 2351 4580 curiose
2397 4525 2716 4595 scrutatus,
2751 4536 2864 4582 nec
2920 4518 3122 4581 multis
3173 4520 3581 4604 ratiocinatus,

1925 4608 2102 4689 jubet
2130 4607 2297 4671 illum
2332 4608 2527 4688 ipsum
2580 4608 2688 4689 qui
2723 4608 3020 4685 attulerat,
3054 4626 3347 4690 reponere
3374 4613 3439 4676 in
3484 4614 3584 4677 illo

1935 4698 2066 4780 ipso
2089 4716 2250 4773 vase,
2265 4714 2338 4760 ex
2362 4696 2520 4778 quod
2548 4696 2609 4758 id
2635 4697 2804 4778 prius
2823 4709 3181 4780 sumpserat.
3197 4700 3268 4763 Et
3286 4710 3427 4765 tunc
3445 4704 3584 4784 qui-

1936 4790 2073 4852 dem
2105 4790 2236 4869 ejus
2266 4788 2373 4866 qui
2422 4793 2626 4850 mutuo
2658 4787 2923 4864 dederat,
2957 4790 3253 4853 reveritus
3294 4800 3590 4856 mercator

1936 4877 2286 4958 bonitatem,
2306 4886 2367 4940 et
2396 4896 2432 4939 ο
2462 4877 2835 4957 negotiorum
2867 4877 3269 4943 sollicitudine
3296 4886 3586 4945 remotio-

1936 4986 2101 5047 nem,
2153 4968 2274 5030 illic
2323 4984 2531 5029 aurum
2584 4967 2883 5048 deposuit,
2916 4966 3072 5030 sicut
3115 4969 3318 5049 jussus
3368 4970 3591 5049 fuerat.

1936 5061 2086 5122 Cum
2116 5066 2314 5120 autem
2346 5075 2459 5118 usu
2490 5073 2621 5118 eam
2651 5074 2862 5119 rursus
2902 5068 3173 5135 urgente.
3209 5059 3298 5121 sic
3341 5060 3583 5141 quidem

1938 5155 2211 5229 prompte
2259 5146 2582 5228 acciperet,
2616 5153 2676 5211 et
2721 5146 2809 5208 sic
2842 5144 2971 5228 ipse
3018 5163 3229 5210 rursus
3256 5150 3389 5211 sine
3446 5151 3585 5214 dolo

1934 5245 2281 5319 reponeret,
2314 5244 2374 5299 et
2420 5236 2532 5298 hoc
2564 5254 2722 5318 stupe
2764 5235 2956 5318 ﬁeret,
2989 5235 3147 5299 subit
3189 5249 3585 5323 mercatorem

1937 5325 2145 5389 vitium
2175 5325 2456 5402 avaritia,
2490 5324 2936 5408 intideliterque
2966 5333 3027 5389 et
3055 5327 3313 5409 maligne
3340 5347 3406 5393 se
3435 5331 3589 5411 gerit

1936 5420 1999 5482 in
2029 5436 2191 5495 eum,
2213 5416 2319 5495 qui
2350 5414 2653 5494 credebat,
2674 5423 2735 5479 et
2763 5415 2939 5480 violat
2968 5416 3280 5483 veritatem
3312 5439 3328 5482 :
3360 5428 3421 5484 et
3446 5437 3585 5485 eum

3119 5695 3195 5760 15
