  <div class='ocr_page' id='page_1' title='image "/cluster/home/n/w/nwhite01/storage/ocr_20150623/116/mdp.39015008903554/239.png"; bbox 0 0 4028 6138; ppageno 0'>
   <div class='ocr_carea' id='block_1_1' title="bbox 423 251 2073 338">
    <p class='ocr_par' dir='ltr' id='par_1_1' title="bbox 423 251 2073 338">
     <span class='ocr_line' id='line_1_1' title="bbox 423 251 2073 338; baseline -0.005 -2"><span class='ocrx_word' id='word_1_1' title='bbox 423 257 542 338; x_wconf 77' lang='grc'><strong>463</strong></span> <span class='ocrx_word' id='word_1_2' title='bbox 1734 251 2014 332; x_wconf 80' lang='lat' dir='ltr'><strong>MENSIS</strong></span> <span class='ocrx_word' id='word_1_3' title='bbox 2070 322 2073 328; x_wconf 84' lang='lat'><strong>.</strong></span> 
     </span>
    </p>
   </div>
   <div class='ocr_carea' id='block_1_2' title="bbox 2159 251 3791 338">
    <p class='ocr_par' dir='ltr' id='par_1_2' title="bbox 2159 255 3791 328">
     <span class='ocr_line' id='line_1_2' title="bbox 2159 255 3791 328; baseline -0.002 0"><span class='ocrx_word' id='word_1_4' title='bbox 2159 268 2210 328; x_wconf 76' lang='lat' dir='ltr'><strong>lC</strong></span> <span class='ocrx_word' id='word_1_5' title='bbox 2222 259 2497 328; x_wconf 80' lang='lat' dir='ltr'><strong>EMBER.</strong></span> <span class='ocrx_word' id='word_1_6' title='bbox 3682 255 3791 326; x_wconf 76' lang='grc'>464</span> 
     </span>
    </p>
   </div>
   <div class='ocr_carea' id='block_1_3' title="bbox 429 395 2073 486">
    <p class='ocr_par' dir='ltr' id='par_1_3' title="bbox 429 397 2073 486">
     <span class='ocr_line' id='line_1_3' title="bbox 429 397 2073 486; baseline -0.005 -15"><span class='ocrx_word' id='word_1_7' title='bbox 429 406 753 478; x_wconf 87' lang='lat' dir='ltr'><strong>nescimus,</strong></span> <span class='ocrx_word' id='word_1_8' title='bbox 789 401 1072 486; x_wconf 77' lang='lat' dir='ltr'><strong>quidnam</strong></span> <span class='ocrx_word' id='word_1_9' title='bbox 1098 397 1219 466; x_wconf 90' lang='lat' dir='ltr'><strong>Deo</strong></span> <span class='ocrx_word' id='word_1_10' title='bbox 1249 419 1356 484; x_wconf 91' lang='lat' dir='ltr'><strong>per</strong></span> <span class='ocrx_word' id='word_1_11' title='bbox 1379 400 1506 466; x_wconf 63' lang='lat' dir='ltr'><strong>haec</strong></span> <span class='ocrx_word' id='word_1_12' title='bbox 1534 401 1931 484; x_wconf 81' lang='lat' dir='ltr'><strong>signiﬁcante.</strong></span> <span class='ocrx_word' id='word_1_13' title='bbox 1970 398 2073 464; x_wconf 92' lang='lat' dir='ltr'><strong>llle</strong></span> 
     </span>
    </p>
   </div>
   <div class='ocr_carea' id='block_1_4' title="bbox 2159 395 3791 486">
    <p class='ocr_par' dir='ltr' id='par_1_4' title="bbox 2161 395 3791 482">
     <span class='ocr_line' id='line_1_4' title="bbox 2161 395 3791 482; baseline -0.001 -26"><span class='ocrx_word' id='word_1_14' title='bbox 2161 399 2360 482; x_wconf 83' lang='grc' dir='ltr'>λαιναι,</span> <span class='ocrx_word' id='word_1_15' title='bbox 2419 401 2503 457; x_wconf 77' lang='grc' dir='ltr'><strong>καί</strong></span> <span class='ocrx_word' id='word_1_16' title='bbox 2565 398 2755 456; x_wconf 68' lang='grc' dir='ltr'>λευκαί</span> <span class='ocrx_word' id='word_1_17' title='bbox 2802 400 3008 474; x_wconf 73' lang='grc' dir='ltr'>συναμα</span> <span class='ocrx_word' id='word_1_18' title='bbox 3068 396 3344 478; x_wconf 64' lang='grc' dir='ltr'>ἐπήνθουν,</span> <span class='ocrx_word' id='word_1_19' title='bbox 3393 399 3490 454; x_wconf 63' lang='grc' dir='ltr'><strong>οὐκ</strong></span> <span class='ocrx_word' id='word_1_20' title='bbox 3537 395 3661 454; x_wconf 76' lang='grc' dir='ltr'>οἶδα</span> <span class='ocrx_word' id='word_1_21' title='bbox 3703 397 3791 473; x_wconf 70' lang='grc' dir='ltr'>μὲν</span> 
     </span>
    </p>
   </div>
   <div class='ocr_carea' id='block_1_5' title="bbox 432 483 2073 571">
    <p class='ocr_par' dir='ltr' id='par_1_5' title="bbox 432 483 2073 571">
     <span class='ocr_line' id='line_1_5' title="bbox 432 483 2073 571; baseline -0.007 -11"><span class='ocrx_word' id='word_1_22' title='bbox 432 507 628 561; x_wconf 87' lang='lat' dir='ltr'><strong>autem</strong></span> <span class='ocrx_word' id='word_1_23' title='bbox 678 483 840 569; x_wconf 51' lang='lat' dir='ltr'><strong>cum,</strong></span> <span class='ocrx_word' id='word_1_24' title='bbox 899 501 964 555; x_wconf 91' lang='lat' dir='ltr'><strong>ut</strong></span> <span class='ocrx_word' id='word_1_25' title='bbox 1014 483 1267 565; x_wconf 72' lang='lat' dir='ltr'><strong>videtur,</strong></span> <span class='ocrx_word' id='word_1_26' title='bbox 1323 483 1740 571; x_wconf 76' lang='lat' dir='ltr'><strong>cognovisset:</strong></span> <span class='ocrx_word' id='word_1_27' title='bbox 1777 491 2010 562; x_wconf 78' lang='lat' dir='ltr'><strong>Sciatis,</strong></span> <span class='ocrx_word' id='word_1_28' title='bbox 2044 509 2073 548; x_wconf 88' lang='grc' dir='ltr'><strong>ο</strong></span> 
     </span>
    </p>
   </div>
   <div class='ocr_carea' id='block_1_6' title="bbox 2159 483 3792 571">
    <p class='ocr_par' dir='ltr' id='par_1_6' title="bbox 2161 483 3792 561">
     <span class='ocr_line' id='line_1_6' title="bbox 2161 483 3792 561; baseline -0.002 -16"><span class='ocrx_word' id='word_1_29' title='bbox 2161 490 2188 545; x_wconf 78' lang='lat'>3</span> <span class='ocrx_word' id='word_1_30' title='bbox 2220 511 2269 545; x_wconf 90' lang='grc' dir='ltr'><strong>τι</strong></span> <span class='ocrx_word' id='word_1_31' title='bbox 2317 492 2405 546; x_wconf 72' lang='grc' dir='ltr'>τοῦ</span> <span class='ocrx_word' id='word_1_32' title='bbox 2463 495 2596 546; x_wconf 82' lang='grc' dir='ltr'>Θεοῦ</span> <span class='ocrx_word' id='word_1_33' title='bbox 2653 487 2736 544; x_wconf 70' lang='grc' dir='ltr'><strong>διὰ</strong></span> <span class='ocrx_word' id='word_1_34' title='bbox 2793 489 2991 545; x_wconf 82' lang='grc' dir='ltr'>τούτων</span> <span class='ocrx_word' id='word_1_35' title='bbox 3041 487 3500 561; x_wconf 78' lang='grc' dir='ltr'>ὑποσημαίνοντος</span> <span class='ocrx_word' id='word_1_36' title='bbox 3531 502 3548 519; x_wconf 86' lang='grc'>⁹</span> <span class='ocrx_word' id='word_1_37' title='bbox 3596 483 3792 551; x_wconf 69' lang='grc' dir='ltr'>ἐκεῖνος</span> 
     </span>
    </p>
   </div>
   <div class='ocr_carea' id='block_1_7' title="bbox 433 575 2073 666">
    <p class='ocr_par' dir='ltr' id='par_1_7' title="bbox 433 581 2073 666">
     <span class='ocr_line' id='line_1_7' title="bbox 433 581 2073 666; baseline -0.005 -17"><span class='ocrx_word' id='word_1_38' title='bbox 433 587 633 666; x_wconf 84' lang='lat' dir='ltr'><strong>amici,</strong></span> <span class='ocrx_word' id='word_1_39' title='bbox 668 583 813 646; x_wconf 77' lang='lat' dir='ltr'><strong>dixit</strong></span> <span class='ocrx_word' id='word_1_40' title='bbox 843 581 1259 664; x_wconf 66' lang='lat' dir='ltr'><strong>praesentibus,</strong></span> <span class='ocrx_word' id='word_1_41' title='bbox 1299 582 1455 662; x_wconf 92' lang='lat' dir='ltr'><strong>quod</strong></span> <span class='ocrx_word' id='word_1_42' title='bbox 1510 601 1618 661; x_wconf 77' lang='lat' dir='ltr'><strong>ego</strong></span> <span class='ocrx_word' id='word_1_43' title='bbox 1662 581 1900 662; x_wconf 88' lang='lat' dir='ltr'><strong>quidem</strong></span> <span class='ocrx_word' id='word_1_44' title='bbox 1951 581 2073 661; x_wconf 87' lang='lat' dir='ltr'><strong>jam</strong></span> 
     </span>
    </p>
   </div>
   <div class='ocr_carea' id='block_1_8' title="bbox 2159 575 3797 666">
    <p class='ocr_par' dir='ltr' id='par_1_8' title="bbox 2161 575 3797 658">
     <span class='ocr_line' id='line_1_8' title="bbox 2161 575 3797 658; baseline 0.004 -22"><span class='ocrx_word' id='word_1_45' title='bbox 2161 577 2240 655; x_wconf 74' lang='grc' dir='ltr'>δὲ,</span> <span class='ocrx_word' id='word_1_46' title='bbox 2283 581 2355 642; x_wconf 79' lang='grc' dir='ltr'><strong>ὡς</strong></span> <span class='ocrx_word' id='word_1_47' title='bbox 2413 577 2577 652; x_wconf 78' lang='grc' dir='ltr'>ἔοικε,</span> <span class='ocrx_word' id='word_1_48' title='bbox 2624 578 2803 658; x_wconf 71' lang='grc' dir='ltr'>γνοὺς,</span> <span class='ocrx_word' id='word_1_49' title='bbox 2869 575 3047 652; x_wconf 84' lang='grc' dir='ltr'>’¹1στε,</span> <span class='ocrx_word' id='word_1_50' title='bbox 3094 575 3257 658; x_wconf 75' lang='grc' dir='ltr'>φίλοι,</span> <span class='ocrx_word' id='word_1_51' title='bbox 3291 576 3422 656; x_wconf 81' lang='grc' dir='ltr'>πρός</span> <span class='ocrx_word' id='word_1_52' title='bbox 3465 577 3586 640; x_wconf 64' lang='grc' dir='ltr'>τοὺς</span> <span class='ocrx_word' id='word_1_53' title='bbox 3612 579 3797 656; x_wconf 67' lang='grc' dir='ltr'>παρόν·</span> 
     </span>
    </p>
   </div>
   <div class='ocr_carea' id='block_1_9' title="bbox 431 669 2078 753">
    <p class='ocr_par' dir='ltr' id='par_1_9' title="bbox 431 669 2078 753">
     <span class='ocr_line' id='line_1_9' title="bbox 431 669 2078 753; baseline -0.006 -14"><span class='ocrx_word' id='word_1_54' title='bbox 431 676 658 739; x_wconf 84' lang='lat' dir='ltr'><strong>excedo</strong></span> <span class='ocrx_word' id='word_1_55' title='bbox 681 693 714 736; x_wconf 93' lang='lat' dir='ltr'><strong>e</strong></span> <span class='ocrx_word' id='word_1_56' title='bbox 740 689 1016 753; x_wconf 83' lang='lat' dir='ltr'><strong>corpore;</strong></span> <span class='ocrx_word' id='word_1_57' title='bbox 1046 689 1258 750; x_wconf 81' lang='lat' dir='ltr'><strong>magna</strong></span> <span class='ocrx_word' id='word_1_58' title='bbox 1279 689 1416 732; x_wconf 87' lang='lat' dir='ltr'><strong>vero</strong></span> <span class='ocrx_word' id='word_1_59' title='bbox 1437 669 1624 750; x_wconf 82' lang='lat' dir='ltr'><strong>gloria</strong></span> <span class='ocrx_word' id='word_1_60' title='bbox 1648 671 1932 732; x_wconf 80' lang='lat' dir='ltr'><strong>Dominus</strong></span> <span class='ocrx_word' id='word_1_61' title='bbox 1963 669 2078 730; x_wconf 89' lang='lat' dir='ltr'><strong>mei</strong></span> 
     </span>
    </p>
   </div>
   <div class='ocr_carea' id='block_1_10' title="bbox 433 759 2076 834">
    <p class='ocr_par' dir='ltr' id='par_1_10' title="bbox 433 759 2076 834">
     <span class='ocr_line' id='line_1_10' title="bbox 433 759 2076 834; baseline -0.007 -6"><span class='ocrx_word' id='word_1_62' title='bbox 433 782 715 828; x_wconf 81' lang='lat' dir='ltr'><strong>excessus</strong></span> <span class='ocrx_word' id='word_1_63' title='bbox 743 760 1140 826; x_wconf 84' lang='lat' dir='ltr'><strong>circumdabit</strong></span> <span class='ocrx_word' id='word_1_64' title='bbox 1170 760 1615 834; x_wconf 89' lang='lat' dir='ltr'><strong>memoriam,et</strong></span> <span class='ocrx_word' id='word_1_65' title='bbox 1647 759 1851 822; x_wconf 91' lang='lat' dir='ltr'><strong>multis</strong></span> <span class='ocrx_word' id='word_1_66' title='bbox 1881 759 2076 821; x_wconf 81' lang='lat' dir='ltr'><strong>homi-</strong></span> 
     </span>
    </p>
   </div>
   <div class='ocr_carea' id='block_1_11' title="bbox 432 849 2072 928">
    <p class='ocr_par' dir='ltr' id='par_1_11' title="bbox 432 849 2072 928">
     <span class='ocr_line' id='line_1_11' title="bbox 432 849 2072 928; baseline -0.004 -11"><span class='ocrx_word' id='word_1_67' title='bbox 432 855 612 917; x_wconf 88' lang='lat' dir='ltr'><strong>nibus</strong></span> <span class='ocrx_word' id='word_1_68' title='bbox 641 854 768 915; x_wconf 88' lang='lat' dir='ltr'><strong>dies</strong></span> <span class='ocrx_word' id='word_1_69' title='bbox 799 851 914 912; x_wconf 89' lang='lat' dir='ltr'><strong>mei</strong></span> <span class='ocrx_word' id='word_1_70' title='bbox 948 849 1229 911; x_wconf 84' lang='lat' dir='ltr'><strong>adventus</strong></span> <span class='ocrx_word' id='word_1_71' title='bbox 1271 850 1385 911; x_wconf 89' lang='lat' dir='ltr'><strong>erit</strong></span> <span class='ocrx_word' id='word_1_72' title='bbox 1441 849 1578 911; x_wconf 81' lang='lat' dir='ltr'><strong>festi</strong></span> <span class='ocrx_word' id='word_1_73' title='bbox 1607 856 2020 928; x_wconf 77' lang='lat' dir='ltr'><strong>argumentum</strong></span> <span class='ocrx_word' id='word_1_74' title='bbox 2059 867 2072 911; x_wconf 94' lang='lat'>:</span> 
     </span>
    </p>
   </div>
   <div class='ocr_carea' id='block_1_12' title="bbox 432 937 2072 1025">
    <p class='ocr_par' dir='ltr' id='par_1_12' title="bbox 432 937 2072 1025">
     <span class='ocr_line' id='line_1_12' title="bbox 432 937 2072 1025; baseline -0.004 -21"><span class='ocrx_word' id='word_1_75' title='bbox 432 944 613 1025; x_wconf 88' lang='lat' dir='ltr'><strong>idque</strong></span> <span class='ocrx_word' id='word_1_76' title='bbox 642 941 835 1002; x_wconf 89' lang='lat' dir='ltr'><strong>omnis</strong></span> <span class='ocrx_word' id='word_1_77' title='bbox 864 948 1003 1000; x_wconf 70' lang='lat' dir='ltr'><strong>aetas</strong></span> <span class='ocrx_word' id='word_1_78' title='bbox 1034 948 1276 1018; x_wconf 81' lang='lat' dir='ltr'><strong>peraget</strong></span> <span class='ocrx_word' id='word_1_79' title='bbox 1311 937 1626 1019; x_wconf 89' lang='lat' dir='ltr'><strong>splendide</strong></span> <span class='ocrx_word' id='word_1_80' title='bbox 1648 947 1707 1000; x_wconf 91' lang='lat' dir='ltr'><strong>et</strong></span> <span class='ocrx_word' id='word_1_81' title='bbox 1741 937 2072 1016; x_wconf 79' lang='lat' dir='ltr'><strong>magniﬁce,</strong></span> 
     </span>
    </p>
   </div>
   <div class='ocr_carea' id='block_1_13' title="bbox 433 1027 2077 1112">
    <p class='ocr_par' dir='ltr' id='par_1_13' title="bbox 433 1027 2077 1112">
     <span class='ocr_line' id='line_1_13' title="bbox 433 1027 2077 1112; baseline -0.002 -18"><span class='ocrx_word' id='word_1_82' title='bbox 433 1042 548 1095; x_wconf 87' lang='lat' dir='ltr'><strong>tam</strong></span> <span class='ocrx_word' id='word_1_83' title='bbox 575 1047 895 1112; x_wconf 85' lang='lat' dir='ltr'><strong>puerorum</strong></span> <span class='ocrx_word' id='word_1_84' title='bbox 923 1045 1096 1108; x_wconf 84' lang='lat' dir='ltr'><strong>quam</strong></span> <span class='ocrx_word' id='word_1_85' title='bbox 1120 1028 1404 1108; x_wconf 84' lang='lat' dir='ltr'><strong>juvenum</strong></span> <span class='ocrx_word' id='word_1_86' title='bbox 1431 1036 1488 1089; x_wconf 93' lang='lat' dir='ltr'><strong>et</strong></span> <span class='ocrx_word' id='word_1_87' title='bbox 1511 1046 1744 1090; x_wconf 91' lang='lat' dir='ltr'><strong>senum.</strong></span> <span class='ocrx_word' id='word_1_88' title='bbox 1781 1027 1924 1090; x_wconf 89' lang='lat' dir='ltr'><strong>Cum</strong></span> <span class='ocrx_word' id='word_1_89' title='bbox 1951 1028 2077 1090; x_wconf 63' lang='lat' dir='ltr'><strong>haec</strong></span> 
     </span>
    </p>
   </div>
   <div class='ocr_carea' id='block_1_14' title="bbox 433 1117 2073 1199">
    <p class='ocr_par' dir='ltr' id='par_1_14' title="bbox 433 1117 2073 1199">
     <span class='ocr_line' id='line_1_14' title="bbox 433 1117 2073 1199; baseline -0.004 -15"><span class='ocrx_word' id='word_1_90' title='bbox 433 1133 495 1184; x_wconf 87' lang='lat' dir='ltr'><strong>et</strong></span> <span class='ocrx_word' id='word_1_91' title='bbox 526 1119 706 1182; x_wconf 91' lang='lat' dir='ltr'><strong>multa</strong></span> <span class='ocrx_word' id='word_1_92' title='bbox 734 1117 847 1179; x_wconf 79' lang='lat' dir='ltr'><strong>alia</strong></span> <span class='ocrx_word' id='word_1_93' title='bbox 876 1117 1122 1178; x_wconf 79' lang='lat' dir='ltr'><strong>dixisset</strong></span> <span class='ocrx_word' id='word_1_94' title='bbox 1171 1126 1230 1179; x_wconf 89' lang='lat' dir='ltr'><strong>et</strong></span> <span class='ocrx_word' id='word_1_95' title='bbox 1278 1117 1675 1199; x_wconf 63' lang='lat' dir='ltr'><strong>praedixisset,</strong></span> <span class='ocrx_word' id='word_1_96' title='bbox 1713 1126 1770 1179; x_wconf 88' lang='lat' dir='ltr'><strong>et</strong></span> <span class='ocrx_word' id='word_1_97' title='bbox 1798 1117 1909 1178; x_wconf 84' lang='lat' dir='ltr'><strong>alia</strong></span> <span class='ocrx_word' id='word_1_98' title='bbox 1943 1137 2073 1197; x_wconf 68' lang='lat' dir='ltr'><strong>quas</strong></span> 
     </span>
    </p>
   </div>
   <div class='ocr_carea' id='block_1_15' title="bbox 433 1205 2072 1290">
    <p class='ocr_par' dir='ltr' id='par_1_15' title="bbox 433 1205 2072 1290">
     <span class='ocr_line' id='line_1_15' title="bbox 433 1205 2072 1290; baseline -0.002 -20"><span class='ocrx_word' id='word_1_99' title='bbox 433 1207 740 1290; x_wconf 87' lang='lat' dir='ltr'><strong>oportebat</strong></span> <span class='ocrx_word' id='word_1_100' title='bbox 769 1205 1198 1281; x_wconf 83' lang='lat' dir='ltr'><strong>admonuisset,</strong></span> <span class='ocrx_word' id='word_1_101' title='bbox 1233 1214 1293 1268; x_wconf 90' lang='lat' dir='ltr'><strong>et</strong></span> <span class='ocrx_word' id='word_1_102' title='bbox 1339 1207 1627 1288; x_wconf 85' lang='lat' dir='ltr'><strong>quidquid</strong></span> <span class='ocrx_word' id='word_1_103' title='bbox 1673 1215 1799 1268; x_wconf 91' lang='lat' dir='ltr'><strong>erat</strong></span> <span class='ocrx_word' id='word_1_104' title='bbox 1853 1207 2072 1267; x_wconf 89' lang='lat' dir='ltr'><strong>bonum</strong></span> 
     </span>
    </p>
   </div>
   <div class='ocr_carea' id='block_1_16' title="bbox 435 1294 2077 1376">
    <p class='ocr_par' dir='ltr' id='par_1_16' title="bbox 435 1294 2077 1376">
     <span class='ocr_line' id='line_1_16' title="bbox 435 1294 2077 1376; baseline -0.002 -17"><span class='ocrx_word' id='word_1_105' title='bbox 435 1308 493 1359; x_wconf 91' lang='lat' dir='ltr'><strong>et</strong></span> <span class='ocrx_word' id='word_1_106' title='bbox 521 1297 778 1359; x_wconf 90' lang='lat' dir='ltr'><strong>salutare</strong></span> <span class='ocrx_word' id='word_1_107' title='bbox 831 1294 987 1376; x_wconf 90' lang='lat' dir='ltr'><strong>apud</strong></span> <span class='ocrx_word' id='word_1_108' title='bbox 1038 1313 1140 1358; x_wconf 92' lang='lat' dir='ltr'><strong>eos</strong></span> <span class='ocrx_word' id='word_1_109' title='bbox 1197 1297 1302 1376; x_wconf 87' lang='lat' dir='ltr'><strong>qui</strong></span> <span class='ocrx_word' id='word_1_110' title='bbox 1361 1295 1633 1368; x_wconf 88' lang='lat' dir='ltr'><strong>aderant,</strong></span> <span class='ocrx_word' id='word_1_111' title='bbox 1667 1295 1958 1376; x_wconf 83' lang='lat' dir='ltr'><strong>oratione,</strong></span> <span class='ocrx_word' id='word_1_112' title='bbox 2013 1307 2077 1356; x_wconf 90' lang='lat' dir='ltr'><strong>ut</strong></span> 
     </span>
    </p>
   </div>
   <div class='ocr_carea' id='block_1_17' title="bbox 433 1386 2072 1468">
    <p class='ocr_par' dir='ltr' id='par_1_17' title="bbox 433 1386 2072 1468">
     <span class='ocr_line' id='line_1_17' title="bbox 433 1386 2072 1468; baseline -0.002 -18"><span class='ocrx_word' id='word_1_113' title='bbox 433 1388 621 1450; x_wconf 88' lang='lat' dir='ltr'><strong>semel</strong></span> <span class='ocrx_word' id='word_1_114' title='bbox 645 1387 862 1468; x_wconf 87' lang='lat' dir='ltr'><strong>dicam,</strong></span> <span class='ocrx_word' id='word_1_115' title='bbox 889 1394 1049 1448; x_wconf 83' lang='lat' dir='ltr'><strong>esset</strong></span> <span class='ocrx_word' id='word_1_116' title='bbox 1079 1398 1433 1467; x_wconf 85' lang='lat' dir='ltr'><strong>persecutus</strong></span> <span class='ocrx_word' id='word_1_117' title='bbox 1480 1396 1538 1449; x_wconf 90' lang='lat' dir='ltr'><strong>et</strong></span> <span class='ocrx_word' id='word_1_118' title='bbox 1569 1386 1823 1450; x_wconf 76' lang='lat' dir='ltr'><strong>maxime</strong></span> <span class='ocrx_word' id='word_1_119' title='bbox 1867 1387 1942 1449; x_wconf 89' lang='lat' dir='ltr'><strong>de</strong></span> <span class='ocrx_word' id='word_1_120' title='bbox 1969 1405 2072 1465; x_wconf 82' lang='lat' dir='ltr'><strong>ge-</strong></span> 
     </span>
    </p>
   </div>
   <div class='ocr_carea' id='block_1_18' title="bbox 431 1475 2078 1557">
    <p class='ocr_par' dir='ltr' id='par_1_18' title="bbox 431 1475 2078 1557">
     <span class='ocr_line' id='line_1_18' title="bbox 431 1475 2078 1557; baseline -0.001 -17"><span class='ocrx_word' id='word_1_121' title='bbox 431 1477 622 1540; x_wconf 82' lang='lat' dir='ltr'><strong>nerali</strong></span> <span class='ocrx_word' id='word_1_122' title='bbox 676 1486 735 1538; x_wconf 89' lang='lat' dir='ltr'><strong>et</strong></span> <span class='ocrx_word' id='word_1_123' title='bbox 777 1481 1041 1538; x_wconf 88' lang='lat' dir='ltr'><strong>omnium</strong></span> <span class='ocrx_word' id='word_1_124' title='bbox 1093 1475 1344 1538; x_wconf 91' lang='lat' dir='ltr'><strong>aliarum</strong></span> <span class='ocrx_word' id='word_1_125' title='bbox 1377 1477 1659 1538; x_wconf 91' lang='lat' dir='ltr'><strong>virtutum</strong></span> <span class='ocrx_word' id='word_1_126' title='bbox 1692 1477 1969 1557; x_wconf 84' lang='lat' dir='ltr'><strong>maxima,</strong></span> <span class='ocrx_word' id='word_1_127' title='bbox 2004 1476 2078 1538; x_wconf 90' lang='lat' dir='ltr'><strong>de</strong></span> 
     </span>
    </p>
   </div>
   <div class='ocr_carea' id='block_1_19' title="bbox 433 1564 2077 1647">
    <p class='ocr_par' dir='ltr' id='par_1_19' title="bbox 433 1564 2077 1647">
     <span class='ocr_line' id='line_1_19' title="bbox 433 1564 2077 1647; baseline -0.001 -19"><span class='ocrx_word' id='word_1_128' title='bbox 433 1568 744 1640; x_wconf 87' lang='lat' dir='ltr'><strong>charitate,</strong></span> <span class='ocrx_word' id='word_1_129' title='bbox 772 1564 1040 1647; x_wconf 88' lang='lat' dir='ltr'><strong>inquam,</strong></span> <span class='ocrx_word' id='word_1_130' title='bbox 1078 1565 1141 1627; x_wconf 90' lang='lat' dir='ltr'><strong>in</strong></span> <span class='ocrx_word' id='word_1_131' title='bbox 1172 1564 1353 1629; x_wconf 87' lang='lat' dir='ltr'><strong>Deum</strong></span> <span class='ocrx_word' id='word_1_132' title='bbox 1403 1575 1461 1628; x_wconf 93' lang='lat' dir='ltr'><strong>et</strong></span> <span class='ocrx_word' id='word_1_133' title='bbox 1512 1565 1846 1646; x_wconf 82' lang='lat' dir='ltr'><strong>proximum</strong></span> <span class='ocrx_word' id='word_1_134' title='bbox 1880 1565 2077 1628; x_wconf 82' lang='lat' dir='ltr'><strong>disse-</strong></span> 
     </span>
    </p>
   </div>
   <div class='ocr_carea' id='block_1_20' title="bbox 431 1653 2077 1735">
    <p class='ocr_par' dir='ltr' id='par_1_20' title="bbox 431 1653 2077 1735">
     <span class='ocr_line' id='line_1_20' title="bbox 431 1653 2077 1735; baseline -0.001 -17"><span class='ocrx_word' id='word_1_135' title='bbox 431 1656 673 1728; x_wconf 87' lang='lat' dir='ltr'><strong>ruisset,</strong></span> <span class='ocrx_word' id='word_1_136' title='bbox 699 1673 816 1716; x_wconf 91' lang='lat' dir='ltr'><strong>non</strong></span> <span class='ocrx_word' id='word_1_137' title='bbox 851 1653 1033 1715; x_wconf 92' lang='lat' dir='ltr'><strong>multo</strong></span> <span class='ocrx_word' id='word_1_138' title='bbox 1063 1664 1215 1735; x_wconf 85' lang='lat' dir='ltr'><strong>post,</strong></span> <span class='ocrx_word' id='word_1_139' title='bbox 1267 1664 1331 1716; x_wconf 90' lang='lat' dir='ltr'><strong>ut</strong></span> <span class='ocrx_word' id='word_1_140' title='bbox 1375 1655 1626 1735; x_wconf 75' lang='lat' dir='ltr'><strong>dixerat,</strong></span> <span class='ocrx_word' id='word_1_141' title='bbox 1661 1664 1881 1717; x_wconf 85' lang='lat' dir='ltr'><strong>castam</strong></span> <span class='ocrx_word' id='word_1_142' title='bbox 1922 1654 2077 1716; x_wconf 86' lang='lat' dir='ltr'><strong>illam</strong></span> 
     </span>
    </p>
   </div>
   <div class='ocr_carea' id='block_1_21' title="bbox 429 1741 2073 1824">
    <p class='ocr_par' dir='ltr' id='par_1_21' title="bbox 429 1742 2073 1824">
     <span class='ocr_line' id='line_1_21' title="bbox 429 1742 2073 1824; baseline -0.003 -17"><span class='ocrx_word' id='word_1_143' title='bbox 429 1754 489 1807; x_wconf 89' lang='lat' dir='ltr'><strong>et</strong></span> <span class='ocrx_word' id='word_1_144' title='bbox 517 1761 744 1806; x_wconf 86' lang='lat' dir='ltr'><strong>sacram</strong></span> <span class='ocrx_word' id='word_1_145' title='bbox 797 1742 994 1804; x_wconf 85' lang='lat' dir='ltr'><strong>emisit</strong></span> <span class='ocrx_word' id='word_1_146' title='bbox 1038 1743 1322 1822; x_wconf 87' lang='lat' dir='ltr'><strong>animam,</strong></span> <span class='ocrx_word' id='word_1_147' title='bbox 1358 1743 1417 1804; x_wconf 94' lang='lat' dir='ltr'><strong>in</strong></span> <span class='ocrx_word' id='word_1_148' title='bbox 1455 1743 1803 1823; x_wconf 83' lang='lat' dir='ltr'><strong>angelorum</strong></span> <span class='ocrx_word' id='word_1_149' title='bbox 1838 1743 2073 1824; x_wconf 85' lang='lat' dir='ltr'><strong>quidem</strong></span> 
     </span>
    </p>
   </div>
   <div class='ocr_carea' id='block_1_22' title="bbox 2159 1741 3202 1824">
    <p class='ocr_par' dir='ltr' id='par_1_22' title="bbox 2162 1741 3202 1822">
     <span class='ocr_line' id='line_1_22' title="bbox 2162 1741 3202 1822; baseline -0.003 -23"><span class='ocrx_word' id='word_1_150' title='bbox 2162 1744 2329 1822; x_wconf 79' lang='grc' dir='ltr'>ἁγνὴν</span> <span class='ocrx_word' id='word_1_151' title='bbox 2384 1745 2592 1812; x_wconf 62' lang='grc' dir='ltr'>εκείνην</span> <span class='ocrx_word' id='word_1_152' title='bbox 2658 1744 2743 1800; x_wconf 80' lang='grc' dir='ltr'>καὶ</span> <span class='ocrx_word' id='word_1_153' title='bbox 2818 1743 2959 1821; x_wconf 79' lang='grc' dir='ltr'>ἱερὰν</span> <span class='ocrx_word' id='word_1_154' title='bbox 3031 1741 3202 1821; x_wconf 76' lang='grc' dir='ltr'>ἆφῆκε</span> 
     </span>
    </p>
   </div>
   <div class='ocr_carea' id='block_1_23' title="bbox 433 1831 2076 1910">
    <p class='ocr_par' dir='ltr' id='par_1_23' title="bbox 433 1831 2076 1910">
     <span class='ocr_line' id='line_1_23' title="bbox 433 1831 2076 1910; baseline -0.002 -14"><span class='ocrx_word' id='word_1_155' title='bbox 433 1835 681 1896; x_wconf 89' lang='lat' dir='ltr'><strong>chorum</strong></span> <span class='ocrx_word' id='word_1_156' title='bbox 709 1833 923 1894; x_wconf 90' lang='lat' dir='ltr'><strong>merito</strong></span> <span class='ocrx_word' id='word_1_157' title='bbox 953 1831 1249 1894; x_wconf 89' lang='lat' dir='ltr'><strong>admissus</strong></span> <span class='ocrx_word' id='word_1_158' title='bbox 1282 1850 1296 1895; x_wconf 92' lang='lat'>:</span> <span class='ocrx_word' id='word_1_159' title='bbox 1355 1851 1551 1910; x_wconf 88' lang='lat' dir='ltr'><strong>neque</strong></span> <span class='ocrx_word' id='word_1_160' title='bbox 1604 1842 1801 1893; x_wconf 88' lang='lat' dir='ltr'><strong>tamen</strong></span> <span class='ocrx_word' id='word_1_161' title='bbox 1834 1831 2076 1893; x_wconf 92' lang='lat' dir='ltr'><strong>omnino</strong></span> 
     </span>
    </p>
   </div>
   <div class='ocr_carea' id='block_1_24' title="bbox 434 1920 2073 2002">
    <p class='ocr_par' dir='ltr' id='par_1_24' title="bbox 434 1920 2073 2002">
     <span class='ocr_line' id='line_1_24' title="bbox 434 1920 2073 2002; baseline -0.002 -17"><span class='ocrx_word' id='word_1_162' title='bbox 434 1921 749 1985; x_wconf 84' lang='lat' dir='ltr'><strong>discedens</strong></span> <span class='ocrx_word' id='word_1_163' title='bbox 773 1920 846 1983; x_wconf 87' lang='lat' dir='ltr'><strong>ab</strong></span> <span class='ocrx_word' id='word_1_164' title='bbox 878 1920 1247 1997; x_wconf 83' lang='lat' dir='ltr'><strong>hominibus,</strong></span> <span class='ocrx_word' id='word_1_165' title='bbox 1283 1922 1385 1984; x_wconf 91' lang='lat' dir='ltr'><strong>sed</strong></span> <span class='ocrx_word' id='word_1_166' title='bbox 1422 1940 1582 1983; x_wconf 91' lang='lat' dir='ltr'><strong>nunc</strong></span> <span class='ocrx_word' id='word_1_167' title='bbox 1613 1940 1853 2002; x_wconf 81' lang='lat' dir='ltr'><strong>quoque</strong></span> <span class='ocrx_word' id='word_1_168' title='bbox 1889 1921 2073 1984; x_wconf 82' lang='lat' dir='ltr'><strong>maxi-</strong></span> 
     </span>
    </p>
   </div>
   <div class='ocr_carea' id='block_1_25' title="bbox 433 2009 2071 2092">
    <p class='ocr_par' dir='ltr' id='par_1_25' title="bbox 433 2009 2071 2092">
     <span class='ocr_line' id='line_1_25' title="bbox 433 2009 2071 2092; baseline -0.001 -19"><span class='ocrx_word' id='word_1_169' title='bbox 433 2029 588 2073; x_wconf 86' lang='lat' dir='ltr'><strong>mam</strong></span> <span class='ocrx_word' id='word_1_170' title='bbox 607 2028 808 2073; x_wconf 88' lang='lat' dir='ltr'><strong>curam</strong></span> <span class='ocrx_word' id='word_1_171' title='bbox 831 2010 1314 2091; x_wconf 82' lang='lat' dir='ltr'><strong>gerens,quando</strong></span> <span class='ocrx_word' id='word_1_172' title='bbox 1334 2019 1391 2073; x_wconf 92' lang='lat' dir='ltr'><strong>et</strong></span> <span class='ocrx_word' id='word_1_173' title='bbox 1408 2009 1528 2072; x_wconf 88' lang='lat' dir='ltr'><strong>Deo</strong></span> <span class='ocrx_word' id='word_1_174' title='bbox 1553 2019 1642 2072; x_wconf 92' lang='lat' dir='ltr'><strong>est</strong></span> <span class='ocrx_word' id='word_1_175' title='bbox 1663 2010 2071 2092; x_wconf 78' lang='lat' dir='ltr'><strong>propinquior,</strong></span> 
     </span>
    </p>
   </div>
   <div class='ocr_carea' id='block_1_26' title="bbox 433 2099 2074 2179">
    <p class='ocr_par' dir='ltr' id='par_1_26' title="bbox 433 2099 2074 2179">
     <span class='ocr_line' id='line_1_26' title="bbox 433 2099 2074 2179; baseline -0.001 -17"><span class='ocrx_word' id='word_1_176' title='bbox 433 2109 494 2162; x_wconf 87' lang='lat' dir='ltr'><strong>et</strong></span> <span class='ocrx_word' id='word_1_177' title='bbox 523 2100 730 2179; x_wconf 89' lang='lat' dir='ltr'><strong>majori</strong></span> <span class='ocrx_word' id='word_1_178' title='bbox 763 2099 917 2179; x_wconf 89' lang='lat' dir='ltr'><strong>apud</strong></span> <span class='ocrx_word' id='word_1_179' title='bbox 942 2118 1076 2160; x_wconf 91' lang='lat' dir='ltr'><strong>eum</strong></span> <span class='ocrx_word' id='word_1_180' title='bbox 1103 2099 1315 2161; x_wconf 85' lang='lat' dir='ltr'><strong>tiducia</strong></span> <span class='ocrx_word' id='word_1_181' title='bbox 1339 2099 1524 2162; x_wconf 85' lang='lat' dir='ltr'><strong>utitur</strong></span> <span class='ocrx_word' id='word_1_182' title='bbox 1543 2109 1602 2162; x_wconf 89' lang='lat' dir='ltr'><strong>et</strong></span> <span class='ocrx_word' id='word_1_183' title='bbox 1632 2099 1926 2162; x_wconf 86' lang='lat' dir='ltr'><strong>libertate.</strong></span> <span class='ocrx_word' id='word_1_184' title='bbox 1967 2101 2074 2162; x_wconf 84' lang='lat' dir='ltr'><strong>At-</strong></span> 
     </span>
    </p>
   </div>
   <div class='ocr_carea' id='block_1_27' title="bbox 431 2188 2074 2271">
    <p class='ocr_par' dir='ltr' id='par_1_27' title="bbox 431 2188 2074 2271">
     <span class='ocr_line' id='line_1_27' title="bbox 431 2188 2074 2271; baseline -0.001 -20"><span class='ocrx_word' id='word_1_185' title='bbox 431 2208 546 2271; x_wconf 90' lang='lat' dir='ltr'><strong>que</strong></span> <span class='ocrx_word' id='word_1_186' title='bbox 576 2188 758 2251; x_wconf 83' lang='lat' dir='ltr'><strong>multa</strong></span> <span class='ocrx_word' id='word_1_187' title='bbox 781 2189 1024 2266; x_wconf 85' lang='lat' dir='ltr'><strong>quidem</strong></span> <span class='ocrx_word' id='word_1_188' title='bbox 1081 2197 1210 2268; x_wconf 91' lang='lat' dir='ltr'><strong>post</strong></span> <span class='ocrx_word' id='word_1_189' title='bbox 1267 2190 1395 2269; x_wconf 84' lang='lat' dir='ltr'><strong>ejus</strong></span> <span class='ocrx_word' id='word_1_190' title='bbox 1429 2190 1743 2252; x_wconf 89' lang='lat' dir='ltr'><strong>decessum</strong></span> <span class='ocrx_word' id='word_1_191' title='bbox 1804 2198 1862 2251; x_wconf 87' lang='lat' dir='ltr'><strong>et</strong></span> <span class='ocrx_word' id='word_1_192' title='bbox 1920 2190 2074 2251; x_wconf 84' lang='lat' dir='ltr'><strong>facta</strong></span> 
     </span>
    </p>
   </div>
   <div class='ocr_carea' id='block_1_28' title="bbox 433 2277 2076 2352">
    <p class='ocr_par' dir='ltr' id='par_1_28' title="bbox 433 2277 2076 2352">
     <span class='ocr_line' id='line_1_28' title="bbox 433 2277 2076 2352; baseline 0 -12"><span class='ocrx_word' id='word_1_193' title='bbox 433 2285 574 2340; x_wconf 87' lang='lat' dir='ltr'><strong>sunt</strong></span> <span class='ocrx_word' id='word_1_194' title='bbox 600 2277 673 2339; x_wconf 89' lang='lat' dir='ltr'><strong>ab</strong></span> <span class='ocrx_word' id='word_1_195' title='bbox 703 2277 826 2352; x_wconf 85' lang='lat' dir='ltr'><strong>illo,</strong></span> <span class='ocrx_word' id='word_1_196' title='bbox 888 2285 946 2338; x_wconf 91' lang='lat' dir='ltr'><strong>et</strong></span> <span class='ocrx_word' id='word_1_197' title='bbox 993 2278 1190 2339; x_wconf 87' lang='lat' dir='ltr'><strong>adhuc</strong></span> <span class='ocrx_word' id='word_1_198' title='bbox 1243 2278 1414 2342; x_wconf 79' lang='lat' dir='ltr'><strong>fiunt.</strong></span> <span class='ocrx_word' id='word_1_199' title='bbox 1475 2277 1594 2340; x_wconf 87' lang='lat' dir='ltr'><strong>Nos</strong></span> <span class='ocrx_word' id='word_1_200' title='bbox 1655 2286 1874 2351; x_wconf 89' lang='lat' dir='ltr'><strong>autem,</strong></span> <span class='ocrx_word' id='word_1_201' title='bbox 1913 2297 1987 2340; x_wconf 92' lang='lat' dir='ltr'><strong>ne</strong></span> <span class='ocrx_word' id='word_1_202' title='bbox 2018 2288 2076 2340; x_wconf 89' lang='lat' dir='ltr'><strong>et</strong></span> 
     </span>
    </p>
   </div>
   <div class='ocr_carea' id='block_1_29' title="bbox 434 2365 2072 2446">
    <p class='ocr_par' dir='ltr' id='par_1_29' title="bbox 434 2365 2072 2446">
     <span class='ocr_line' id='line_1_29' title="bbox 434 2365 2072 2446; baseline 0.001 -18"><span class='ocrx_word' id='word_1_203' title='bbox 434 2368 554 2428; x_wconf 85' lang='lat' dir='ltr'><strong>ﬁne</strong></span> <span class='ocrx_word' id='word_1_204' title='bbox 584 2366 714 2428; x_wconf 64' lang='lat' dir='ltr'><strong>vitae</strong></span> <span class='ocrx_word' id='word_1_205' title='bbox 759 2365 1031 2446; x_wconf 83' lang='lat' dir='ltr'><strong>protinus</strong></span> <span class='ocrx_word' id='word_1_206' title='bbox 1059 2367 1239 2428; x_wconf 87' lang='lat' dir='ltr'><strong>etiam</strong></span> <span class='ocrx_word' id='word_1_207' title='bbox 1271 2367 1838 2430; x_wconf 86' lang='lat' dir='ltr'><strong>circumscribamus</strong></span> <span class='ocrx_word' id='word_1_208' title='bbox 1891 2373 2072 2429; x_wconf 76' lang='lat' dir='ltr'><strong>mira-</strong></span> 
     </span>
    </p>
   </div>
   <div class='ocr_carea' id='block_1_30' title="bbox 431 2455 2077 2537">
    <p class='ocr_par' dir='ltr' id='par_1_30' title="bbox 431 2455 2077 2537">
     <span class='ocr_line' id='line_1_30' title="bbox 431 2455 2077 2537; baseline 0.001 -20"><span class='ocrx_word' id='word_1_209' title='bbox 431 2456 584 2530; x_wconf 88' lang='lat' dir='ltr'><strong>cula,</strong></span> <span class='ocrx_word' id='word_1_210' title='bbox 624 2473 821 2536; x_wconf 82' lang='lat' dir='ltr'><strong>neque</strong></span> <span class='ocrx_word' id='word_1_211' title='bbox 849 2473 1056 2516; x_wconf 89' lang='lat' dir='ltr'><strong>rursus</strong></span> <span class='ocrx_word' id='word_1_212' title='bbox 1085 2455 1472 2537; x_wconf 89' lang='lat' dir='ltr'><strong>scriptionem</strong></span> <span class='ocrx_word' id='word_1_213' title='bbox 1509 2457 1762 2518; x_wconf 89' lang='lat' dir='ltr'><strong>nimium</strong></span> <span class='ocrx_word' id='word_1_214' title='bbox 1800 2458 2077 2518; x_wconf 83' lang='lat' dir='ltr'><strong>extenda-</strong></span> 
     </span>
    </p>
   </div>
   <div class='ocr_carea' id='block_1_31' title="bbox 433 2545 2074 2621">
    <p class='ocr_par' dir='ltr' id='par_1_31' title="bbox 433 2545 2074 2621">
     <span class='ocr_line' id='line_1_31' title="bbox 433 2545 2074 2621; baseline -0.001 -14"><span class='ocrx_word' id='word_1_215' title='bbox 433 2564 586 2621; x_wconf 90' lang='lat' dir='ltr'><strong>mus,</strong></span> <span class='ocrx_word' id='word_1_216' title='bbox 624 2563 756 2607; x_wconf 90' lang='lat' dir='ltr'><strong>cum</strong></span> <span class='ocrx_word' id='word_1_217' title='bbox 789 2545 965 2607; x_wconf 90' lang='lat' dir='ltr'><strong>unius</strong></span> <span class='ocrx_word' id='word_1_218' title='bbox 995 2553 1097 2606; x_wconf 87' lang='lat' dir='ltr'><strong>aut</strong></span> <span class='ocrx_word' id='word_1_219' title='bbox 1138 2546 1391 2607; x_wconf 90' lang='lat' dir='ltr'><strong>duorum</strong></span> <span class='ocrx_word' id='word_1_220' title='bbox 1429 2546 1906 2618; x_wconf 84' lang='lat' dir='ltr'><strong>meminerimus,</strong></span> <span class='ocrx_word' id='word_1_221' title='bbox 1953 2545 2074 2608; x_wconf 83' lang='lat' dir='ltr'><strong>Deo</strong></span> 
     </span>
    </p>
   </div>
   <div class='ocr_carea' id='block_1_32' title="bbox 432 2633 1630 2714">
    <p class='ocr_par' dir='ltr' id='par_1_32' title="bbox 432 2633 1630 2714">
     <span class='ocr_line' id='line_1_32' title="bbox 432 2633 1630 2714; baseline 0 -20"><span class='ocrx_word' id='word_1_222' title='bbox 432 2635 688 2708; x_wconf 86' lang='lat' dir='ltr'><strong>volente,</strong></span> <span class='ocrx_word' id='word_1_223' title='bbox 723 2633 902 2696; x_wconf 78' lang='lat' dir='ltr'><strong>finem</strong></span> <span class='ocrx_word' id='word_1_224' title='bbox 939 2634 1319 2714; x_wconf 90' lang='lat' dir='ltr'><strong>imponemus</strong></span> <span class='ocrx_word' id='word_1_225' title='bbox 1352 2633 1630 2695; x_wconf 78' lang='lat' dir='ltr'><strong>orationi.</strong></span> 
     </span>
    </p>
   </div>
   <div class='ocr_carea' id='block_1_33' title="bbox 514 2721 2075 2804">
    <p class='ocr_par' dir='ltr' id='par_1_33' title="bbox 514 2721 2075 2804">
     <span class='ocr_line' id='line_1_33' title="bbox 514 2721 2075 2804; baseline 0 -20"><span class='ocrx_word' id='word_1_226' title='bbox 514 2721 791 2785; x_wconf 83' lang='lat' dir='ltr'><strong>XXXVII.</strong></span> <span class='ocrx_word' id='word_1_227' title='bbox 827 2723 982 2785; x_wconf 82' lang='lat' dir='ltr'><strong>Dixit</strong></span> <span class='ocrx_word' id='word_1_228' title='bbox 1011 2721 1249 2803; x_wconf 88' lang='lat' dir='ltr'><strong>quidam</strong></span> <span class='ocrx_word' id='word_1_229' title='bbox 1301 2743 1370 2783; x_wconf 84' lang='lat' dir='ltr'><strong>ex</strong></span> <span class='ocrx_word' id='word_1_230' title='bbox 1435 2723 1504 2783; x_wconf 90' lang='lat' dir='ltr'><strong>iis</strong></span> <span class='ocrx_word' id='word_1_231' title='bbox 1533 2722 1633 2804; x_wconf 91' lang='lat' dir='ltr'><strong>qui</strong></span> <span class='ocrx_word' id='word_1_232' title='bbox 1691 2731 1827 2784; x_wconf 92' lang='lat' dir='ltr'><strong>sunt</strong></span> <span class='ocrx_word' id='word_1_233' title='bbox 1859 2721 2075 2785; x_wconf 89' lang='lat' dir='ltr'><strong>Christi</strong></span> 
     </span>
    </p>
   </div>
   <div class='ocr_carea' id='block_1_34' title="bbox 434 2812 2074 2893">
    <p class='ocr_par' dir='ltr' id='par_1_34' title="bbox 434 2812 2074 2893">
     <span class='ocr_line' id='line_1_34' title="bbox 434 2812 2074 2893; baseline -0.001 -18"><span class='ocrx_word' id='word_1_234' title='bbox 434 2820 721 2888; x_wconf 87' lang='lat' dir='ltr'><strong>amantes,</strong></span> <span class='ocrx_word' id='word_1_235' title='bbox 781 2822 840 2873; x_wconf 91' lang='lat' dir='ltr'><strong>et</strong></span> <span class='ocrx_word' id='word_1_236' title='bbox 887 2822 1157 2873; x_wconf 90' lang='lat' dir='ltr'><strong>sanctum</strong></span> <span class='ocrx_word' id='word_1_237' title='bbox 1210 2813 1452 2890; x_wconf 86' lang='lat' dir='ltr'><strong>quidem</strong></span> <span class='ocrx_word' id='word_1_238' title='bbox 1517 2812 1800 2874; x_wconf 89' lang='lat' dir='ltr'><strong>ardenter</strong></span> <span class='ocrx_word' id='word_1_239' title='bbox 1854 2823 2074 2893; x_wconf 88' lang='lat' dir='ltr'><strong>amant,</strong></span> 
     </span>
    </p>
   </div>
   <div class='ocr_carea' id='block_1_35' title="bbox 436 2900 2078 2983">
    <p class='ocr_par' dir='ltr' id='par_1_35' title="bbox 436 2900 2078 2983">
     <span class='ocr_line' id='line_1_35' title="bbox 436 2900 2078 2983; baseline 0.001 -20"><span class='ocrx_word' id='word_1_240' title='bbox 436 2911 635 2963; x_wconf 84' lang='lat' dir='ltr'><strong>amant</strong></span> <span class='ocrx_word' id='word_1_241' title='bbox 660 2910 857 2963; x_wconf 89' lang='lat' dir='ltr'><strong>autem</strong></span> <span class='ocrx_word' id='word_1_242' title='bbox 894 2900 1288 2962; x_wconf 81' lang='lat' dir='ltr'><strong>nihilominus</strong></span> <span class='ocrx_word' id='word_1_243' title='bbox 1332 2901 1510 2962; x_wconf 86' lang='lat' dir='ltr'><strong>etiam</strong></span> <span class='ocrx_word' id='word_1_244' title='bbox 1546 2903 1873 2977; x_wconf 79' lang='lat' dir='ltr'><strong>veritatem,</strong></span> <span class='ocrx_word' id='word_1_245' title='bbox 1919 2903 2078 2983; x_wconf 90' lang='lat' dir='ltr'><strong>quod</strong></span> 
     </span>
    </p>
   </div>
   <div class='ocr_carea' id='block_1_36' title="bbox 435 2989 2075 3070">
    <p class='ocr_par' dir='ltr' id='par_1_36' title="bbox 435 2989 2075 3070">
     <span class='ocr_line' id='line_1_36' title="bbox 435 2989 2075 3070; baseline 0.001 -17"><span class='ocrx_word' id='word_1_246' title='bbox 435 3009 570 3053; x_wconf 92' lang='lat' dir='ltr'><strong>cum</strong></span> <span class='ocrx_word' id='word_1_247' title='bbox 593 2993 721 3070; x_wconf 86' lang='lat' dir='ltr'><strong>ejus</strong></span> <span class='ocrx_word' id='word_1_248' title='bbox 738 2990 865 3052; x_wconf 89' lang='lat' dir='ltr'><strong>dies</strong></span> <span class='ocrx_word' id='word_1_249' title='bbox 891 2990 1074 3051; x_wconf 79' lang='lat' dir='ltr'><strong>festus</strong></span> <span class='ocrx_word' id='word_1_250' title='bbox 1091 2989 1494 3053; x_wconf 88' lang='lat' dir='ltr'><strong>celebraretur</strong></span> <span class='ocrx_word' id='word_1_251' title='bbox 1507 2992 1869 3070; x_wconf 84' lang='lat' dir='ltr'><strong>(celebratur</strong></span> <span class='ocrx_word' id='word_1_252' title='bbox 1880 2999 2075 3054; x_wconf 87' lang='lat' dir='ltr'><strong>autem</strong></span> 
     </span>
    </p>
   </div>
   <div class='ocr_carea' id='block_1_37' title="bbox 434 3079 2072 3162">
    <p class='ocr_par' dir='ltr' id='par_1_37' title="bbox 434 3079 2072 3162">
     <span class='ocr_line' id='line_1_37' title="bbox 434 3079 2072 3162; baseline 0 -19"><span class='ocrx_word' id='word_1_253' title='bbox 434 3082 791 3144; x_wconf 86' lang='lat' dir='ltr'><strong>duodecimo</strong></span> <span class='ocrx_word' id='word_1_254' title='bbox 823 3080 1049 3142; x_wconf 89' lang='lat' dir='ltr'><strong>mensis</strong></span> <span class='ocrx_word' id='word_1_255' title='bbox 1079 3079 1728 3162; x_wconf 72' lang='lat' dir='ltr'><strong>Decembris),accessit</strong></span> <span class='ocrx_word' id='word_1_256' title='bbox 1759 3081 1885 3162; x_wconf 88' lang='lat' dir='ltr'><strong>ipse</strong></span> <span class='ocrx_word' id='word_1_257' title='bbox 1919 3100 2072 3160; x_wconf 83' lang='lat' dir='ltr'><strong>quo-</strong></span> 
     </span>
    </p>
   </div>
   <div class='ocr_carea' id='block_1_38' title="bbox 436 3170 2075 3252">
    <p class='ocr_par' dir='ltr' id='par_1_38' title="bbox 436 3170 2075 3252">
     <span class='ocr_line' id='line_1_38' title="bbox 436 3170 2075 3252; baseline 0 -19"><span class='ocrx_word' id='word_1_258' title='bbox 436 3189 553 3252; x_wconf 90' lang='lat' dir='ltr'><strong>que</strong></span> <span class='ocrx_word' id='word_1_259' title='bbox 571 3170 644 3231; x_wconf 89' lang='lat' dir='ltr'><strong>ad</strong></span> <span class='ocrx_word' id='word_1_260' title='bbox 667 3171 1319 3251; x_wconf 86' lang='lat' dir='ltr'><strong>sepulcrum,tanquam</strong></span> <span class='ocrx_word' id='word_1_261' title='bbox 1340 3171 1533 3232; x_wconf 89' lang='lat' dir='ltr'><strong>vivum</strong></span> <span class='ocrx_word' id='word_1_262' title='bbox 1559 3172 2075 3251; x_wconf 85' lang='lat' dir='ltr'><strong>allocuturus,ma-</strong></span> 
     </span>
    </p>
   </div>
   <div class='ocr_carea' id='block_1_39' title="bbox 432 3259 2070 3339">
    <p class='ocr_par' dir='ltr' id='par_1_39' title="bbox 432 3259 2070 3339">
     <span class='ocr_line' id='line_1_39' title="bbox 432 3259 2070 3339; baseline 0.001 -18"><span class='ocrx_word' id='word_1_263' title='bbox 432 3279 604 3339; x_wconf 81' lang='lat' dir='ltr'><strong>gnam</strong></span> <span class='ocrx_word' id='word_1_264' title='bbox 631 3259 690 3320; x_wconf 91' lang='lat' dir='ltr'><strong>in</strong></span> <span class='ocrx_word' id='word_1_265' title='bbox 723 3278 856 3321; x_wconf 91' lang='lat' dir='ltr'><strong>eum</strong></span> <span class='ocrx_word' id='word_1_266' title='bbox 887 3259 1046 3320; x_wconf 88' lang='lat' dir='ltr'><strong>vultu</strong></span> <span class='ocrx_word' id='word_1_267' title='bbox 1077 3260 1420 3338; x_wconf 79' lang='lat' dir='ltr'><strong>signiﬁcans</strong></span> <span class='ocrx_word' id='word_1_268' title='bbox 1471 3265 1859 3322; x_wconf 83' lang='lat' dir='ltr'><strong>reverentiam</strong></span> <span class='ocrx_word' id='word_1_269' title='bbox 1885 3269 1941 3322; x_wconf 88' lang='lat' dir='ltr'><strong>et</strong></span> <span class='ocrx_word' id='word_1_270' title='bbox 1968 3279 2070 3323; x_wconf 88' lang='lat' dir='ltr'><strong>ve-</strong></span> 
     </span>
    </p>
   </div>
   <div class='ocr_carea' id='block_1_40' title="bbox 431 3349 2072 3430">
    <p class='ocr_par' dir='ltr' id='par_1_40' title="bbox 431 3349 2072 3430">
     <span class='ocr_line' id='line_1_40' title="bbox 431 3349 2072 3430; baseline 0 -18"><span class='ocrx_word' id='word_1_271' title='bbox 431 3349 830 3412; x_wconf 86' lang='lat' dir='ltr'><strong>nerationem.</strong></span> <span class='ocrx_word' id='word_1_272' title='bbox 857 3349 1004 3412; x_wconf 86' lang='lat' dir='ltr'><strong>Cum</strong></span> <span class='ocrx_word' id='word_1_273' title='bbox 1053 3359 1250 3410; x_wconf 89' lang='lat' dir='ltr'><strong>autem</strong></span> <span class='ocrx_word' id='word_1_274' title='bbox 1305 3367 1488 3430; x_wconf 88' lang='lat' dir='ltr'><strong>prope</strong></span> <span class='ocrx_word' id='word_1_275' title='bbox 1516 3349 1744 3426; x_wconf 86' lang='lat' dir='ltr'><strong>fuisset,</strong></span> <span class='ocrx_word' id='word_1_276' title='bbox 1783 3357 1840 3411; x_wconf 92' lang='lat' dir='ltr'><strong>et</strong></span> <span class='ocrx_word' id='word_1_277' title='bbox 1870 3351 2072 3412; x_wconf 92' lang='lat' dir='ltr'><strong>oculos</strong></span> 
     </span>
    </p>
   </div>
   <div class='ocr_carea' id='block_1_41' title="bbox 433 3437 2073 3513">
    <p class='ocr_par' dir='ltr' id='par_1_41' title="bbox 433 3437 2073 3513">
     <span class='ocr_line' id='line_1_41' title="bbox 433 3437 2073 3513; baseline -0.001 -11"><span class='ocrx_word' id='word_1_278' title='bbox 433 3447 590 3502; x_wconf 90' lang='lat' dir='ltr'><strong>esset</strong></span> <span class='ocrx_word' id='word_1_279' title='bbox 617 3440 988 3513; x_wconf 86' lang='lat' dir='ltr'><strong>admoturus,</strong></span> <span class='ocrx_word' id='word_1_280' title='bbox 1022 3437 1259 3498; x_wconf 83' lang='lat' dir='ltr'><strong>dicebat</strong></span> <span class='ocrx_word' id='word_1_281' title='bbox 1289 3456 1354 3499; x_wconf 91' lang='lat' dir='ltr'><strong>se</strong></span> <span class='ocrx_word' id='word_1_282' title='bbox 1387 3445 1606 3500; x_wconf 79' lang='lat' dir='ltr'><strong>tantum</strong></span> <span class='ocrx_word' id='word_1_283' title='bbox 1640 3437 1899 3500; x_wconf 85' lang='lat' dir='ltr'><strong>divinam</strong></span> <span class='ocrx_word' id='word_1_284' title='bbox 1933 3458 2073 3502; x_wconf 67' lang='lat' dir='ltr'><strong>seu»</strong></span> 
     </span>
    </p>
   </div>
   <div class='ocr_carea' id='block_1_42' title="bbox 425 3527 2072 3608">
    <p class='ocr_par' dir='ltr' id='par_1_42' title="bbox 425 3527 2072 3608">
     <span class='ocr_line' id='line_1_42' title="bbox 425 3527 2072 3608; baseline 0.001 -18"><span class='ocrx_word' id='word_1_285' title='bbox 425 3529 576 3590; x_wconf 89' lang='lat' dir='ltr'><strong>sisse</strong></span> <span class='ocrx_word' id='word_1_286' title='bbox 608 3527 1007 3590; x_wconf 78' lang='lat' dir='ltr'><strong>visitationem</strong></span> <span class='ocrx_word' id='word_1_287' title='bbox 1065 3527 1226 3588; x_wconf 89' lang='lat' dir='ltr'><strong>intus</strong></span> <span class='ocrx_word' id='word_1_288' title='bbox 1287 3535 1662 3608; x_wconf 86' lang='lat' dir='ltr'><strong>operantem,</strong></span> <span class='ocrx_word' id='word_1_289' title='bbox 1720 3536 1773 3590; x_wconf 87' lang='lat' dir='ltr'><strong>et</strong></span> <span class='ocrx_word' id='word_1_290' title='bbox 1805 3546 1912 3590; x_wconf 80' lang='lat' dir='ltr'><strong>eor</strong></span> <span class='ocrx_word' id='word_1_291' title='bbox 1943 3531 2072 3607; x_wconf 86' lang='lat' dir='ltr'><strong>ejus</strong></span> 
     </span>
    </p>
   </div>
   <div class='ocr_carea' id='block_1_43' title="bbox 422 3616 2074 3700">
    <p class='ocr_par' dir='ltr' id='par_1_43' title="bbox 422 3616 2074 3700">
     <span class='ocr_line' id='line_1_43' title="bbox 422 3616 2074 3700; baseline 0 -19"><span class='ocrx_word' id='word_1_292' title='bbox 422 3620 572 3681; x_wconf 87' lang='lat' dir='ltr'><strong>adeo</strong></span> <span class='ocrx_word' id='word_1_293' title='bbox 605 3625 1041 3699; x_wconf 88' lang='lat' dir='ltr'><strong>penetrasse,ut</strong></span> <span class='ocrx_word' id='word_1_294' title='bbox 1071 3616 1325 3678; x_wconf 90' lang='lat' dir='ltr'><strong>sublime</strong></span> <span class='ocrx_word' id='word_1_295' title='bbox 1356 3616 1598 3697; x_wconf 90' lang='lat' dir='ltr'><strong>quidem</strong></span> <span class='ocrx_word' id='word_1_296' title='bbox 1650 3619 1830 3680; x_wconf 83' lang='lat' dir='ltr'><strong>fuerit</strong></span> <span class='ocrx_word' id='word_1_297' title='bbox 1870 3627 2074 3700; x_wconf 85' lang='lat' dir='ltr'><strong>raptus</strong></span> 
     </span>
    </p>
   </div>
   <div class='ocr_carea' id='block_1_44' title="bbox 421 3705 2074 3788">
    <p class='ocr_par' dir='ltr' id='par_1_44' title="bbox 421 3705 2074 3788">
     <span class='ocr_line' id='line_1_44' title="bbox 421 3705 2074 3788; baseline 0 -19"><span class='ocrx_word' id='word_1_298' title='bbox 421 3708 660 3788; x_wconf 91' lang='lat' dir='ltr'><strong>spiritu,</strong></span> <span class='ocrx_word' id='word_1_299' title='bbox 695 3714 752 3767; x_wconf 93' lang='lat' dir='ltr'><strong>et</strong></span> <span class='ocrx_word' id='word_1_300' title='bbox 781 3707 1102 3784; x_wconf 77' lang='lat' dir='ltr'><strong>solas,qu:n</strong></span> <span class='ocrx_word' id='word_1_301' title='bbox 1125 3705 1251 3767; x_wconf 89' lang='lat' dir='ltr'><strong>illic</strong></span> <span class='ocrx_word' id='word_1_302' title='bbox 1281 3713 1441 3780; x_wconf 89' lang='lat' dir='ltr'><strong>sunt,</strong></span> <span class='ocrx_word' id='word_1_303' title='bbox 1464 3705 1697 3768; x_wconf 85' lang='lat' dir='ltr'><strong>visione</strong></span> <span class='ocrx_word' id='word_1_304' title='bbox 1731 3707 2074 3788; x_wconf 89' lang='lat' dir='ltr'><strong>perciperet</strong></span> 
     </span>
    </p>
   </div>
   <div class='ocr_carea' id='block_1_45' title="bbox 421 3793 2070 3877">
    <p class='ocr_par' dir='ltr' id='par_1_45' title="bbox 421 3793 2070 3877">
     <span class='ocr_line' id='line_1_45' title="bbox 421 3793 2070 3877; baseline 0.001 -18"><span class='ocrx_word' id='word_1_305' title='bbox 421 3795 928 3877; x_wconf 88' lang='lat' dir='ltr'><strong>pulchritudines:</strong></span> <span class='ocrx_word' id='word_1_306' title='bbox 980 3793 1201 3857; x_wconf 86' lang='lat' dir='ltr'><strong>oblitus</strong></span> <span class='ocrx_word' id='word_1_307' title='bbox 1223 3795 1464 3875; x_wconf 90' lang='lat' dir='ltr'><strong>quidem</strong></span> <span class='ocrx_word' id='word_1_308' title='bbox 1497 3797 1763 3857; x_wconf 90' lang='lat' dir='ltr'><strong>omnium</strong></span> <span class='ocrx_word' id='word_1_309' title='bbox 1798 3805 2070 3860; x_wconf 89' lang='lat' dir='ltr'><strong>terreno-</strong></span> 
     </span>
    </p>
   </div>
   <div class='ocr_carea' id='block_1_46' title="bbox 419 3883 2071 3966">
    <p class='ocr_par' dir='ltr' id='par_1_46' title="bbox 419 3883 2071 3966">
     <span class='ocr_line' id='line_1_46' title="bbox 419 3883 2071 3966; baseline 0.001 -18"><span class='ocrx_word' id='word_1_310' title='bbox 419 3905 576 3960; x_wconf 88' lang='lat' dir='ltr'><strong>rum;</strong></span> <span class='ocrx_word' id='word_1_311' title='bbox 605 3885 824 3947; x_wconf 88' lang='lat' dir='ltr'><strong>oblitus</strong></span> <span class='ocrx_word' id='word_1_312' title='bbox 843 3903 979 3946; x_wconf 91' lang='lat' dir='ltr'><strong>vero</strong></span> <span class='ocrx_word' id='word_1_313' title='bbox 1003 3883 1194 3965; x_wconf 85' lang='lat' dir='ltr'><strong>ipsius</strong></span> <span class='ocrx_word' id='word_1_314' title='bbox 1215 3903 1453 3966; x_wconf 92' lang='lat' dir='ltr'><strong>quoque</strong></span> <span class='ocrx_word' id='word_1_315' title='bbox 1484 3886 2071 3966; x_wconf 89' lang='lat' dir='ltr'><strong>corporis,vocisque</strong></span> 
     </span>
    </p>
   </div>
   <div class='ocr_carea' id='block_1_47' title="bbox 418 3974 2070 4058">
    <p class='ocr_par' dir='ltr' id='par_1_47' title="bbox 418 3974 2070 4058">
     <span class='ocr_line' id='line_1_47' title="bbox 418 3974 2070 4058; baseline 0.001 -21"><span class='ocrx_word' id='word_1_316' title='bbox 418 3984 480 4037; x_wconf 91' lang='lat' dir='ltr'><strong>et</strong></span> <span class='ocrx_word' id='word_1_317' title='bbox 506 3975 804 4036; x_wconf 87' lang='lat' dir='ltr'><strong>sermonis</strong></span> <span class='ocrx_word' id='word_1_318' title='bbox 833 3992 1018 4055; x_wconf 91' lang='lat' dir='ltr'><strong>prope</strong></span> <span class='ocrx_word' id='word_1_319' title='bbox 1039 3992 1274 4055; x_wconf 83' lang='lat' dir='ltr'><strong>expers;</strong></span> <span class='ocrx_word' id='word_1_320' title='bbox 1291 3974 1543 4054; x_wconf 86' lang='lat' dir='ltr'><strong>jejunus</strong></span> <span class='ocrx_word' id='word_1_321' title='bbox 1574 3995 1833 4058; x_wconf 90' lang='lat' dir='ltr'><strong>quoque,</strong></span> <span class='ocrx_word' id='word_1_322' title='bbox 1869 3987 1928 4039; x_wconf 91' lang='lat' dir='ltr'><strong>et</strong></span> <span class='ocrx_word' id='word_1_323' title='bbox 1956 3997 2070 4040; x_wconf 89' lang='lat' dir='ltr'><strong>ne—</strong></span> 
     </span>
    </p>
   </div>
   <div class='ocr_carea' id='block_1_48' title="bbox 420 4063 2069 4146">
    <p class='ocr_par' dir='ltr' id='par_1_48' title="bbox 420 4063 2069 4146">
     <span class='ocr_line' id='line_1_48' title="bbox 420 4063 2069 4146; baseline 0.002 -21"><span class='ocrx_word' id='word_1_324' title='bbox 420 4083 536 4145; x_wconf 90' lang='lat' dir='ltr'><strong>que</strong></span> <span class='ocrx_word' id='word_1_325' title='bbox 565 4063 719 4144; x_wconf 87' lang='lat' dir='ltr'><strong>apud</strong></span> <span class='ocrx_word' id='word_1_326' title='bbox 750 4063 938 4124; x_wconf 90' lang='lat' dir='ltr'><strong>ullum</strong></span> <span class='ocrx_word' id='word_1_327' title='bbox 961 4082 1166 4126; x_wconf 88' lang='lat' dir='ltr'><strong>vocem</strong></span> <span class='ocrx_word' id='word_1_328' title='bbox 1200 4065 1708 4146; x_wconf 86' lang='lat' dir='ltr'><strong>emittens,neque</strong></span> <span class='ocrx_word' id='word_1_329' title='bbox 1737 4066 1935 4128; x_wconf 90' lang='lat' dir='ltr'><strong>cibum</strong></span> <span class='ocrx_word' id='word_1_330' title='bbox 1970 4076 2069 4130; x_wconf 91' lang='lat' dir='ltr'><strong>aut</strong></span> 
     </span>
    </p>
   </div>
   <div class='ocr_carea' id='block_1_49' title="bbox 421 4152 2064 4235">
    <p class='ocr_par' dir='ltr' id='par_1_49' title="bbox 421 4152 2064 4235">
     <span class='ocr_line' id='line_1_49' title="bbox 421 4152 2064 4235; baseline 0.002 -19"><span class='ocrx_word' id='word_1_331' title='bbox 421 4163 622 4235; x_wconf 91' lang='lat' dir='ltr'><strong>potum</strong></span> <span class='ocrx_word' id='word_1_332' title='bbox 656 4161 776 4214; x_wconf 92' lang='lat' dir='ltr'><strong>toto</strong></span> <span class='ocrx_word' id='word_1_333' title='bbox 810 4152 910 4215; x_wconf 92' lang='lat' dir='ltr'><strong>illo</strong></span> <span class='ocrx_word' id='word_1_334' title='bbox 962 4153 1060 4216; x_wconf 85' lang='lat' dir='ltr'><strong>die</strong></span> <span class='ocrx_word' id='word_1_335' title='bbox 1114 4153 1460 4229; x_wconf 87' lang='lat' dir='ltr'><strong>admittens,</strong></span> <span class='ocrx_word' id='word_1_336' title='bbox 1519 4156 1633 4216; x_wconf 89' lang='lat' dir='ltr'><strong>nisi</strong></span> <span class='ocrx_word' id='word_1_337' title='bbox 1682 4155 1872 4218; x_wconf 90' lang='lat' dir='ltr'><strong>solum</strong></span> <span class='ocrx_word' id='word_1_338' title='bbox 1907 4158 2064 4233; x_wconf 87' lang='lat' dir='ltr'><strong>quod</strong></span> 
     </span>
    </p>
   </div>
   <div class='ocr_carea' id='block_1_50' title="bbox 417 4240 2064 4324">
    <p class='ocr_par' dir='ltr' id='par_1_50' title="bbox 417 4240 2064 4324">
     <span class='ocr_line' id='line_1_50' title="bbox 417 4240 2064 4324; baseline 0.002 -20"><span class='ocrx_word' id='word_1_339' title='bbox 417 4240 949 4324; x_wconf 86' lang='lat' dir='ltr'><strong>sumpsitdivinum</strong></span> <span class='ocrx_word' id='word_1_340' title='bbox 965 4261 1182 4324; x_wconf 90' lang='lat' dir='ltr'><strong>corpus</strong></span> <span class='ocrx_word' id='word_1_341' title='bbox 1203 4243 1632 4322; x_wconf 82' lang='lat' dir='ltr'><strong>etsanguinem</strong></span> <span class='ocrx_word' id='word_1_342' title='bbox 1661 4245 2064 4310; x_wconf 74' lang='lat' dir='ltr'><strong>Dominicum.</strong></span> 
     </span>
    </p>
   </div>
   <div class='ocr_carea' id='block_1_51' title="bbox 415 4330 2062 4413">
    <p class='ocr_par' dir='ltr' id='par_1_51' title="bbox 415 4330 2062 4413">
     <span class='ocr_line' id='line_1_51' title="bbox 415 4330 2062 4413; baseline 0.003 -20"><span class='ocrx_word' id='word_1_343' title='bbox 415 4330 602 4393; x_wconf 92' lang='lat' dir='ltr'><strong>Porro</strong></span> <span class='ocrx_word' id='word_1_344' title='bbox 654 4339 855 4393; x_wconf 85' lang='lat' dir='ltr'><strong>autem</strong></span> <span class='ocrx_word' id='word_1_345' title='bbox 887 4331 1035 4393; x_wconf 88' lang='lat' dir='ltr'><strong>alias</strong></span> <span class='ocrx_word' id='word_1_346' title='bbox 1064 4351 1302 4413; x_wconf 90' lang='lat' dir='ltr'><strong>quoque</strong></span> <span class='ocrx_word' id='word_1_347' title='bbox 1330 4333 1384 4393; x_wconf 90' lang='lat' dir='ltr'><strong>ei</strong></span> <span class='ocrx_word' id='word_1_348' title='bbox 1435 4335 1657 4395; x_wconf 82' lang='lat' dir='ltr'><strong>exstitit</strong></span> <span class='ocrx_word' id='word_1_349' title='bbox 1710 4336 2062 4398; x_wconf 90' lang='lat' dir='ltr'><strong>miraculum</strong></span> 
     </span>
    </p>
   </div>
   <div class='ocr_carea' id='block_1_52' title="bbox 2161 663 3793 746">
    <p class='ocr_par' dir='ltr' id='par_1_52' title="bbox 2161 663 3793 746">
     <span class='ocr_line' id='line_1_52' title="bbox 2161 663 3793 746; baseline -0.002 -21"><span class='ocrx_word' id='word_1_350' title='bbox 2161 691 2256 733; x_wconf 88' lang='grc' dir='ltr'><strong>τας</strong></span> <span class='ocrx_word' id='word_1_351' title='bbox 2291 670 2471 743; x_wconf 79' lang='grc' dir='ltr'>εἶπεν,</span> <span class='ocrx_word' id='word_1_352' title='bbox 2531 671 2606 732; x_wconf 81' lang='grc' dir='ltr'>ὡς</span> <span class='ocrx_word' id='word_1_353' title='bbox 2663 667 2772 746; x_wconf 65' lang='grc' dir='ltr'><strong>ἑγὼ</strong></span> <span class='ocrx_word' id='word_1_354' title='bbox 2814 667 2912 741; x_wconf 77' lang='grc' dir='ltr'>μὲν</span> <span class='ocrx_word' id='word_1_355' title='bbox 2943 665 3047 734; x_wconf 65' lang='grc' dir='ltr'>ἤδη</span> <span class='ocrx_word' id='word_1_356' title='bbox 3106 673 3196 723; x_wconf 82' lang='grc' dir='ltr'>τοῦ</span> <span class='ocrx_word' id='word_1_357' title='bbox 3253 665 3504 740; x_wconf 85' lang='grc' dir='ltr'>σώματος</span> <span class='ocrx_word' id='word_1_358' title='bbox 3562 663 3793 746; x_wconf 79' lang='grc' dir='ltr'>ἐκδημῶ,</span> 
     </span>
    </p>
   </div>
   <div class='ocr_carea' id='block_1_53' title="bbox 2160 752 3797 835">
    <p class='ocr_par' dir='ltr' id='par_1_53' title="bbox 2160 752 3797 835">
     <span class='ocr_line' id='line_1_53' title="bbox 2160 752 3797 835; baseline -0.002 -21"><span class='ocrx_word' id='word_1_359' title='bbox 2160 757 2338 835; x_wconf 75' lang='grc' dir='ltr'>πολλῇ</span> <span class='ocrx_word' id='word_1_360' title='bbox 2381 756 2434 815; x_wconf 73' lang='grc' dir='ltr'>δὲ</span> <span class='ocrx_word' id='word_1_361' title='bbox 2479 756 2603 835; x_wconf 79' lang='grc' dir='ltr'>δόξῃ</span> <span class='ocrx_word' id='word_1_362' title='bbox 2663 759 2690 813; x_wconf 81' lang='grc' dir='ltr'><strong>δ</strong></span> <span class='ocrx_word' id='word_1_363' title='bbox 2757 757 2942 832; x_wconf 77' lang='grc' dir='ltr'>Κύριος</span> <span class='ocrx_word' id='word_1_364' title='bbox 3001 755 3097 824; x_wconf 74' lang='grc' dir='ltr'>τὴν</span> <span class='ocrx_word' id='word_1_365' title='bbox 3142 755 3276 830; x_wconf 65' lang='grc' dir='ltr'>ἐμὴν</span> <span class='ocrx_word' id='word_1_366' title='bbox 3331 760 3435 821; x_wconf 82' lang='grc' dir='ltr'><strong>τῆς</strong></span> <span class='ocrx_word' id='word_1_367' title='bbox 3503 752 3797 832; x_wconf 80' lang='grc' dir='ltr'>ἀποδημίας</span> 
     </span>
    </p>
   </div>
   <div class='ocr_carea' id='block_1_54' title="bbox 2159 843 3797 926">
    <p class='ocr_par' dir='ltr' id='par_1_54' title="bbox 2159 843 3797 926">
     <span class='ocr_line' id='line_1_54' title="bbox 2159 843 3797 926; baseline 0.001 -26"><span class='ocrx_word' id='word_1_368' title='bbox 2159 850 2382 924; x_wconf 79' lang='grc' dir='ltr'>μνήμην</span> <span class='ocrx_word' id='word_1_369' title='bbox 2425 845 2706 926; x_wconf 80' lang='grc' dir='ltr'>περιϐαλεῖ</span> <span class='ocrx_word' id='word_1_370' title='bbox 2735 847 2826 902; x_wconf 81' lang='grc' dir='ltr'><strong>καὶ</strong></span> <span class='ocrx_word' id='word_1_371' title='bbox 2855 843 3081 911; x_wconf 73' lang='grc' dir='ltr'>πολλοῖς</span> <span class='ocrx_word' id='word_1_372' title='bbox 3129 852 3236 902; x_wconf 81' lang='grc' dir='ltr'>τῶν</span> <span class='ocrx_word' id='word_1_373' title='bbox 3269 844 3559 924; x_wconf 76' lang='grc' dir='ltr'>ἀνθρώπων</span> <span class='ocrx_word' id='word_1_374' title='bbox 3613 847 3648 914; x_wconf 75' lang='grc' dir='ltr'>ἡ</span> <span class='ocrx_word' id='word_1_375' title='bbox 3705 850 3797 911; x_wconf 77' lang='grc' dir='ltr'>τῆς</span> 
     </span>
    </p>
   </div>
   <div class='ocr_carea' id='block_1_55' title="bbox 2159 933 3793 1015">
    <p class='ocr_par' dir='ltr' id='par_1_55' title="bbox 2159 933 3793 1015">
     <span class='ocr_line' id='line_1_55' title="bbox 2159 933 3793 1015; baseline -0.002 -21"><span class='ocrx_word' id='word_1_376' title='bbox 2159 937 2410 1005; x_wconf 79' lang='grc' dir='ltr'><strong>τελευτῆς</strong></span> <span class='ocrx_word' id='word_1_377' title='bbox 2459 942 2558 1005; x_wconf 79' lang='grc' dir='ltr'>τῆς</span> <span class='ocrx_word' id='word_1_378' title='bbox 2613 939 2754 1013; x_wconf 71' lang='grc' dir='ltr'>ὶμῆς</span> <span class='ocrx_word' id='word_1_379' title='bbox 2825 935 2999 1014; x_wconf 70' lang='grc' dir='ltr'>ἡμέρα</span> <span class='ocrx_word' id='word_1_380' title='bbox 3059 935 3302 1001; x_wconf 74' lang='grc' dir='ltr'>ὑπόθεσις</span> <span class='ocrx_word' id='word_1_381' title='bbox 3381 936 3572 1015; x_wconf 77' lang='grc' dir='ltr'>ἑορτῆς</span> <span class='ocrx_word' id='word_1_382' title='bbox 3632 933 3793 1010; x_wconf 74' lang='grc' dir='ltr'>ἔσται,</span> 
     </span>
    </p>
   </div>
   <div class='ocr_carea' id='block_1_56' title="bbox 2157 1023 3798 1108">
    <p class='ocr_par' dir='ltr' id='par_1_56' title="bbox 2157 1023 3798 1108">
     <span class='ocr_line' id='line_1_56' title="bbox 2157 1023 3798 1108; baseline -0.004 -24"><span class='ocrx_word' id='word_1_383' title='bbox 2157 1029 2252 1084; x_wconf 78' lang='grc' dir='ltr'><strong>καί</strong></span> <span class='ocrx_word' id='word_1_384' title='bbox 2304 1029 2595 1108; x_wconf 74' lang='grc' dir='ltr'><strong>φιλοτίμως</strong></span> <span class='ocrx_word' id='word_1_385' title='bbox 2657 1026 2858 1092; x_wconf 79' lang='grc' dir='ltr'>ταύτην</span> <span class='ocrx_word' id='word_1_386' title='bbox 2903 1024 3088 1092; x_wconf 72' lang='grc' dir='ltr'>ἡλικία</span> <span class='ocrx_word' id='word_1_387' title='bbox 3138 1030 3282 1081; x_wconf 84' lang='grc' dir='ltr'>πᾶσα</span> <span class='ocrx_word' id='word_1_388' title='bbox 3339 1023 3634 1082; x_wconf 77' lang='grc' dir='ltr'>έπιτελέσει</span> <span class='ocrx_word' id='word_1_389' title='bbox 3675 1024 3798 1081; x_wconf 83' lang='grc' dir='ltr'>νέων</span> 
     </span>
    </p>
   </div>
   <div class='ocr_carea' id='block_1_57' title="bbox 2159 1112 3798 1194">
    <p class='ocr_par' dir='ltr' id='par_1_57' title="bbox 2159 1112 3798 1194">
     <span class='ocr_line' id='line_1_57' title="bbox 2159 1112 3798 1194; baseline -0.001 -21"><span class='ocrx_word' id='word_1_390' title='bbox 2159 1139 2215 1173; x_wconf 89' lang='grc' dir='ltr'><strong>τε</strong></span> <span class='ocrx_word' id='word_1_391' title='bbox 2247 1119 2334 1174; x_wconf 82' lang='grc' dir='ltr'><strong>καὶ</strong></span> <span class='ocrx_word' id='word_1_392' title='bbox 2377 1117 2556 1193; x_wconf 82' lang='grc' dir='ltr'><strong>μέσων</strong></span> <span class='ocrx_word' id='word_1_393' title='bbox 2615 1118 2705 1174; x_wconf 86' lang='grc' dir='ltr'><strong>καὶ</strong></span> <span class='ocrx_word' id='word_1_394' title='bbox 2758 1113 3026 1178; x_wconf 83' lang='grc' dir='ltr'>παλαιῶν,</span> <span class='ocrx_word' id='word_1_395' title='bbox 3075 1115 3249 1173; x_wconf 74' lang='grc' dir='ltr'>Ταῦτα</span> <span class='ocrx_word' id='word_1_396' title='bbox 3303 1115 3390 1172; x_wconf 84' lang='grc' dir='ltr'>γαὶ</span> <span class='ocrx_word' id='word_1_397' title='bbox 3438 1112 3614 1173; x_wconf 78' lang='grc' dir='ltr'>πολλὰ</span> <span class='ocrx_word' id='word_1_398' title='bbox 3656 1113 3798 1194; x_wconf 76' lang='grc' dir='ltr'>ἕτερα</span> 
     </span>
    </p>
   </div>
   <div class='ocr_carea' id='block_1_58' title="bbox 2161 1202 3798 1284">
    <p class='ocr_par' dir='ltr' id='par_1_58' title="bbox 2161 1202 3798 1284">
     <span class='ocr_line' id='line_1_58' title="bbox 2161 1202 3798 1284; baseline -0.002 -22"><span class='ocrx_word' id='word_1_399' title='bbox 2161 1207 2321 1264; x_wconf 79' lang='grc' dir='ltr'>εἰπών</span> <span class='ocrx_word' id='word_1_400' title='bbox 2365 1228 2422 1263; x_wconf 84' lang='grc' dir='ltr'><strong>τε</strong></span> <span class='ocrx_word' id='word_1_401' title='bbox 2480 1207 2567 1263; x_wconf 78' lang='grc' dir='ltr'><strong>καὶ</strong></span> <span class='ocrx_word' id='word_1_402' title='bbox 2639 1203 3062 1284; x_wconf 80' lang='grc' dir='ltr'>προαγορεύσας,</span> <span class='ocrx_word' id='word_1_403' title='bbox 3139 1202 3273 1260; x_wconf 77' lang='grc' dir='ltr'>ἀλλὰ</span> <span class='ocrx_word' id='word_1_404' title='bbox 3331 1206 3420 1261; x_wconf 78' lang='grc' dir='ltr'><strong>καὶ</strong></span> <span class='ocrx_word' id='word_1_405' title='bbox 3485 1204 3798 1283; x_wconf 75' lang='grc' dir='ltr'>παραινέσας</span> 
     </span>
    </p>
   </div>
   <div class='ocr_carea' id='block_1_59' title="bbox 2161 1291 3800 1374">
    <p class='ocr_par' dir='ltr' id='par_1_59' title="bbox 2161 1291 3800 1374">
     <span class='ocr_line' id='line_1_59' title="bbox 2161 1291 3800 1374; baseline -0.002 -22"><span class='ocrx_word' id='word_1_406' title='bbox 2161 1297 2226 1352; x_wconf 82' lang='grc' dir='ltr'><strong>τὰ</strong></span> <span class='ocrx_word' id='word_1_407' title='bbox 2280 1293 2485 1372; x_wconf 67' lang='grc' dir='ltr'>δέοντα,</span> <span class='ocrx_word' id='word_1_408' title='bbox 2518 1297 2606 1352; x_wconf 87' lang='grc' dir='ltr'>καὶ</span> <span class='ocrx_word' id='word_1_409' title='bbox 2653 1301 2756 1351; x_wconf 85' lang='grc' dir='ltr'>πᾶν</span> <span class='ocrx_word' id='word_1_410' title='bbox 2805 1295 2971 1350; x_wconf 76' lang='grc' dir='ltr'>καλὸν</span> <span class='ocrx_word' id='word_1_411' title='bbox 3001 1296 3087 1350; x_wconf 83' lang='grc' dir='ltr'><strong>καὶ</strong></span> <span class='ocrx_word' id='word_1_412' title='bbox 3134 1294 3398 1372; x_wconf 74' lang='grc' dir='ltr'>σωτήριον</span> <span class='ocrx_word' id='word_1_413' title='bbox 3427 1293 3484 1350; x_wconf 72' lang='grc' dir='ltr'><strong>έν</strong></span> <span class='ocrx_word' id='word_1_414' title='bbox 3539 1291 3800 1374; x_wconf 83' lang='grc' dir='ltr'>κεφαλαίῳ</span> 
     </span>
    </p>
   </div>
   <div class='ocr_carea' id='block_1_60' title="bbox 2160 1381 3799 1464">
    <p class='ocr_par' dir='ltr' id='par_1_60' title="bbox 2160 1381 3799 1464">
     <span class='ocr_line' id='line_1_60' title="bbox 2160 1381 3799 1464; baseline -0.004 -22"><span class='ocrx_word' id='word_1_415' title='bbox 2160 1387 2292 1464; x_wconf 83' lang='grc' dir='ltr'>πρὸς</span> <span class='ocrx_word' id='word_1_416' title='bbox 2333 1389 2453 1448; x_wconf 75' lang='grc' dir='ltr'>τοὺς</span> <span class='ocrx_word' id='word_1_417' title='bbox 2509 1385 2774 1464; x_wconf 86' lang='grc' dir='ltr'>παρόντας</span> <span class='ocrx_word' id='word_1_418' title='bbox 2834 1381 3129 1456; x_wconf 71' lang='grc' dir='ltr'>διεξελθὼν,</span> <span class='ocrx_word' id='word_1_419' title='bbox 3204 1385 3287 1438; x_wconf 80' lang='grc' dir='ltr'><strong>καὶ</strong></span> <span class='ocrx_word' id='word_1_420' title='bbox 3359 1381 3548 1458; x_wconf 85' lang='grc' dir='ltr'>πολλῷ</span> <span class='ocrx_word' id='word_1_421' title='bbox 3604 1382 3799 1459; x_wconf 83' lang='grc' dir='ltr'>μᾶλλον</span> 
     </span>
    </p>
   </div>
   <div class='ocr_carea' id='block_1_61' title="bbox 2161 1469 3800 1554">
    <p class='ocr_par' dir='ltr' id='par_1_61' title="bbox 2161 1469 3800 1554">
     <span class='ocr_line' id='line_1_61' title="bbox 2161 1469 3800 1554; baseline -0.002 -22"><span class='ocrx_word' id='word_1_422' title='bbox 2161 1477 2280 1554; x_wconf 86' lang='grc' dir='ltr'>περὶ</span> <span class='ocrx_word' id='word_1_423' title='bbox 2341 1475 2433 1543; x_wconf 71' lang='grc' dir='ltr'>τῆς</span> <span class='ocrx_word' id='word_1_424' title='bbox 2498 1476 2860 1554; x_wconf 77' lang='grc' dir='ltr'>γενικωτάτης</span> <span class='ocrx_word' id='word_1_425' title='bbox 2898 1474 2986 1530; x_wconf 79' lang='grc' dir='ltr'><strong>καὶ</strong></span> <span class='ocrx_word' id='word_1_426' title='bbox 3025 1479 3210 1530; x_wconf 83' lang='grc' dir='ltr'>πασῶν</span> <span class='ocrx_word' id='word_1_427' title='bbox 3255 1473 3359 1530; x_wconf 82' lang='grc' dir='ltr'>τῶν</span> <span class='ocrx_word' id='word_1_428' title='bbox 3405 1469 3586 1528; x_wconf 78' lang='grc' dir='ltr'>ἄλλων</span> <span class='ocrx_word' id='word_1_429' title='bbox 3625 1474 3800 1550; x_wconf 74' lang='grc' dir='ltr'>μείζο-</span> 
     </span>
    </p>
   </div>
   <div class='ocr_carea' id='block_1_62' title="bbox 2163 1559 3800 1644">
    <p class='ocr_par' dir='ltr' id='par_1_62' title="bbox 2163 1559 3800 1644">
     <span class='ocr_line' id='line_1_62' title="bbox 2163 1559 3800 1644; baseline -0.002 -22"><span class='ocrx_word' id='word_1_430' title='bbox 2163 1588 2250 1628; x_wconf 92' lang='grc' dir='ltr'><strong>νος</strong></span> <span class='ocrx_word' id='word_1_431' title='bbox 2313 1566 2534 1644; x_wconf 79' lang='grc' dir='ltr'>ἀρετῆς,</span> <span class='ocrx_word' id='word_1_432' title='bbox 2596 1565 2694 1632; x_wconf 75' lang='grc' dir='ltr'><strong>τῆς</strong></span> <span class='ocrx_word' id='word_1_433' title='bbox 2756 1565 2828 1625; x_wconf 85' lang='grc' dir='ltr'>εἷς</span> <span class='ocrx_word' id='word_1_434' title='bbox 2887 1564 2975 1620; x_wconf 65' lang='grc' dir='ltr'>τὸν</span> <span class='ocrx_word' id='word_1_435' title='bbox 3036 1564 3167 1619; x_wconf 72' lang='grc' dir='ltr'>Θεὸν</span> <span class='ocrx_word' id='word_1_436' title='bbox 3210 1562 3451 1642; x_wconf 74' lang='grc' dir='ltr'>ἀγάπης,</span> <span class='ocrx_word' id='word_1_437' title='bbox 3499 1559 3663 1642; x_wconf 83' lang='grc' dir='ltr'>λέγω,</span> <span class='ocrx_word' id='word_1_438' title='bbox 3719 1563 3800 1618; x_wconf 81' lang='grc' dir='ltr'><strong>καὶ</strong></span> 
     </span>
    </p>
   </div>
   <div class='ocr_carea' id='block_1_63' title="bbox 2163 1649 3799 1732">
    <p class='ocr_par' dir='ltr' id='par_1_63' title="bbox 2163 1649 3799 1732">
     <span class='ocr_line' id='line_1_63' title="bbox 2163 1649 3799 1732; baseline -0.002 -21"><span class='ocrx_word' id='word_1_439' title='bbox 2163 1661 2254 1711; x_wconf 83' lang='grc' dir='ltr'>τοῦ</span> <span class='ocrx_word' id='word_1_440' title='bbox 2313 1653 2564 1729; x_wconf 77' lang='grc' dir='ltr'>πλησίον,</span> <span class='ocrx_word' id='word_1_441' title='bbox 2623 1651 2742 1729; x_wconf 85' lang='grc' dir='ltr'>μετ’</span> <span class='ocrx_word' id='word_1_442' title='bbox 2788 1654 2848 1710; x_wconf 71' lang='grc' dir='ltr'>οὗ</span> <span class='ocrx_word' id='word_1_443' title='bbox 2888 1650 3046 1724; x_wconf 81' lang='grc' dir='ltr'>πολὺ,</span> <span class='ocrx_word' id='word_1_444' title='bbox 3107 1651 3285 1730; x_wconf 78' lang='grc' dir='ltr'>ὥσπερ</span> <span class='ocrx_word' id='word_1_445' title='bbox 3313 1649 3379 1720; x_wconf 79' lang='grc' dir='ltr'>δὴ</span> <span class='ocrx_word' id='word_1_446' title='bbox 3423 1653 3511 1707; x_wconf 84' lang='grc' dir='ltr'><strong>καὶ</strong></span> <span class='ocrx_word' id='word_1_447' title='bbox 3554 1651 3675 1732; x_wconf 79' lang='grc' dir='ltr'>ἔφη,</span> <span class='ocrx_word' id='word_1_448' title='bbox 3706 1651 3799 1720; x_wconf 76' lang='grc' dir='ltr'>τὴν</span> 
     </span>
    </p>
   </div>
   <div class='ocr_carea' id='block_1_64' title="bbox 3289 1739 3796 1821">
    <p class='ocr_par' dir='ltr' id='par_1_64' title="bbox 3289 1739 3796 1821">
     <span class='ocr_line' id='line_1_64' title="bbox 3289 1739 3796 1821; baseline 0.004 -25"><span class='ocrx_word' id='word_1_449' title='bbox 3289 1739 3500 1821; x_wconf 64' lang='grc' dir='ltr'>ψυχάν,</span> <span class='ocrx_word' id='word_1_450' title='bbox 3562 1740 3796 1818; x_wconf 73' lang='grc' dir='ltr'>ἀγγέλοις</span> 
     </span>
    </p>
   </div>
   <div class='ocr_carea' id='block_1_65' title="bbox 2162 1828 3795 1913">
    <p class='ocr_par' dir='ltr' id='par_1_65' title="bbox 2162 1828 3795 1913">
     <span class='ocr_line' id='line_1_65' title="bbox 2162 1828 3795 1913; baseline -0.002 -23"><span class='ocrx_word' id='word_1_451' title='bbox 2162 1834 2258 1910; x_wconf 77' lang='grc' dir='ltr'>μὲν</span> <span class='ocrx_word' id='word_1_452' title='bbox 2323 1831 2462 1899; x_wconf 73' lang='grc' dir='ltr'>ἄξιος</span> <span class='ocrx_word' id='word_1_453' title='bbox 2546 1833 2910 1913; x_wconf 79' lang='grc' dir='ltr'>συγχορευτής</span> <span class='ocrx_word' id='word_1_454' title='bbox 2979 1832 3289 1909; x_wconf 76' lang='grc' dir='ltr'>γενόμενος,</span> <span class='ocrx_word' id='word_1_455' title='bbox 3386 1832 3446 1886; x_wconf 68' lang='grc' dir='ltr'>οὗ</span> <span class='ocrx_word' id='word_1_456' title='bbox 3521 1831 3630 1905; x_wconf 80' lang='grc' dir='ltr'>μὴν</span> <span class='ocrx_word' id='word_1_457' title='bbox 3687 1828 3795 1887; x_wconf 72' lang='grc' dir='ltr'><strong>οὒδέ</strong></span> 
     </span>
    </p>
   </div>
   <div class='ocr_carea' id='block_1_66' title="bbox 2158 1918 3791 2002">
    <p class='ocr_par' dir='ltr' id='par_1_66' title="bbox 2158 1918 3791 2002">
     <span class='ocr_line' id='line_1_66' title="bbox 2158 1918 3791 2002; baseline -0.002 -23"><span class='ocrx_word' id='word_1_458' title='bbox 2158 1921 2341 1980; x_wconf 85' lang='grc' dir='ltr'>τέλεον</span> <span class='ocrx_word' id='word_1_459' title='bbox 2389 1923 2747 2002; x_wconf 72' lang='grc' dir='ltr'>ἀφιστάμενος</span> <span class='ocrx_word' id='word_1_460' title='bbox 2822 1927 2927 1975; x_wconf 83' lang='grc' dir='ltr'>τῶν</span> <span class='ocrx_word' id='word_1_461' title='bbox 2989 1920 3298 2001; x_wconf 80' lang='grc' dir='ltr'>ἀνθρώπων,</span> <span class='ocrx_word' id='word_1_462' title='bbox 3363 1918 3499 1976; x_wconf 78' lang='grc' dir='ltr'><strong>ἄλλᾶ</strong></span> <span class='ocrx_word' id='word_1_463' title='bbox 3553 1921 3638 1976; x_wconf 82' lang='grc' dir='ltr'><strong>καὶ</strong></span> <span class='ocrx_word' id='word_1_464' title='bbox 3693 1921 3791 1996; x_wconf 73' lang='grc' dir='ltr'><strong>μᾶ-</strong></span> 
     </span>
    </p>
   </div>
   <div class='ocr_carea' id='block_1_67' title="bbox 2159 2008 3797 2090">
    <p class='ocr_par' dir='ltr' id='par_1_67' title="bbox 2159 2008 3797 2090">
     <span class='ocr_line' id='line_1_67' title="bbox 2159 2008 3797 2090; baseline -0.002 -22"><span class='ocrx_word' id='word_1_465' title='bbox 2159 2012 2312 2069; x_wconf 87' lang='grc' dir='ltr'>λιστα</span> <span class='ocrx_word' id='word_1_466' title='bbox 2360 2019 2451 2068; x_wconf 82' lang='grc' dir='ltr'>νῦν</span> <span class='ocrx_word' id='word_1_467' title='bbox 2501 2012 2916 2090; x_wconf 71' lang='grc' dir='ltr'>προϊστάμενον,</span> <span class='ocrx_word' id='word_1_468' title='bbox 2975 2009 3063 2066; x_wconf 83' lang='grc' dir='ltr'><strong>ὅτε</strong></span> <span class='ocrx_word' id='word_1_469' title='bbox 3119 2010 3206 2066; x_wconf 82' lang='grc' dir='ltr'><strong>καὶ</strong></span> <span class='ocrx_word' id='word_1_470' title='bbox 3271 2008 3652 2089; x_wconf 85' lang='grc' dir='ltr'>πλησιέστερός</span> <span class='ocrx_word' id='word_1_471' title='bbox 3695 2009 3797 2066; x_wconf 76' lang='grc' dir='ltr'>ἔστι</span> 
     </span>
    </p>
   </div>
   <div class='ocr_carea' id='block_1_68' title="bbox 2159 2097 3790 2179">
    <p class='ocr_par' dir='ltr' id='par_1_68' title="bbox 2159 2097 3790 2179">
     <span class='ocr_line' id='line_1_68' title="bbox 2159 2097 3790 2179; baseline -0.002 -21"><span class='ocrx_word' id='word_1_472' title='bbox 2159 2108 2235 2176; x_wconf 84' lang='grc' dir='ltr'>τῷ</span> <span class='ocrx_word' id='word_1_473' title='bbox 2293 2103 2429 2176; x_wconf 85' lang='grc' dir='ltr'>Θεῷ,</span> <span class='ocrx_word' id='word_1_474' title='bbox 2465 2103 2552 2158; x_wconf 76' lang='grc' dir='ltr'><strong>καὶ</strong></span> <span class='ocrx_word' id='word_1_475' title='bbox 2612 2102 2789 2176; x_wconf 79' lang='grc' dir='ltr'>μείζον</span> <span class='ocrx_word' id='word_1_476' title='bbox 2861 2105 2930 2176; x_wconf 79' lang='grc' dir='ltr'><strong>τῇ</strong></span> <span class='ocrx_word' id='word_1_477' title='bbox 2973 2102 3103 2178; x_wconf 78' lang='grc' dir='ltr'>πρὸς</span> <span class='ocrx_word' id='word_1_478' title='bbox 3159 2101 3318 2157; x_wconf 68' lang='grc' dir='ltr'>αὒτὸν</span> <span class='ocrx_word' id='word_1_479' title='bbox 3354 2098 3618 2179; x_wconf 80' lang='grc' dir='ltr'>κέχρηται</span> <span class='ocrx_word' id='word_1_480' title='bbox 3661 2097 3790 2176; x_wconf 72' lang='grc' dir='ltr'>παρσ</span> 
     </span>
    </p>
   </div>
   <div class='ocr_carea' id='block_1_69' title="bbox 2157 2187 3795 2268">
    <p class='ocr_par' dir='ltr' id='par_1_69' title="bbox 2157 2187 3795 2268">
     <span class='ocr_line' id='line_1_69' title="bbox 2157 2187 3795 2268; baseline -0.002 -20"><span class='ocrx_word' id='word_1_481' title='bbox 2157 2191 2333 2268; x_wconf 76' lang='grc' dir='ltr'>ῥησίᾳ.</span> <span class='ocrx_word' id='word_1_482' title='bbox 2371 2189 2550 2247; x_wconf 72' lang='grc' dir='ltr'>Πολλὰ</span> <span class='ocrx_word' id='word_1_483' title='bbox 2599 2191 2696 2262; x_wconf 74' lang='grc' dir='ltr'>μὲν</span> <span class='ocrx_word' id='word_1_484' title='bbox 2725 2197 2811 2247; x_wconf 77' lang='grc' dir='ltr'>οὖν</span> <span class='ocrx_word' id='word_1_485' title='bbox 2843 2192 2929 2247; x_wconf 81' lang='grc' dir='ltr'><strong>καὶ</strong></span> <span class='ocrx_word' id='word_1_486' title='bbox 2962 2191 3026 2244; x_wconf 73' lang='grc' dir='ltr'><strong>τὰ</strong></span> <span class='ocrx_word' id='word_1_487' title='bbox 3071 2189 3207 2264; x_wconf 72' lang='grc' dir='ltr'>μετὰ</span> <span class='ocrx_word' id='word_1_488' title='bbox 3266 2189 3366 2258; x_wconf 76' lang='grc' dir='ltr'><strong>τήν</strong></span> <span class='ocrx_word' id='word_1_489' title='bbox 3420 2187 3669 2258; x_wconf 71' lang='grc' dir='ltr'>τελευτήν</span> <span class='ocrx_word' id='word_1_490' title='bbox 3717 2187 3795 2244; x_wconf 79' lang='grc' dir='ltr'><strong>ὑπ’</strong></span> 
     </span>
    </p>
   </div>
   <div class='ocr_carea' id='block_1_70' title="bbox 2159 2268 3793 2360">
    <p class='ocr_par' dir='ltr' id='par_1_70' title="bbox 2159 2268 3793 2360">
     <span class='ocr_line' id='line_1_70' title="bbox 2159 2268 3793 2360; baseline -0.001 -25"><span class='ocrx_word' id='word_1_491' title='bbox 2159 2279 2356 2337; x_wconf 77' lang='grc' dir='ltr'>ἐκείνου</span> <span class='ocrx_word' id='word_1_492' title='bbox 2417 2280 2675 2360; x_wconf 84' lang='grc' dir='ltr'>γεγονότα</span> <span class='ocrx_word' id='word_1_493' title='bbox 2734 2301 2788 2336; x_wconf 87' lang='grc' dir='ltr'><strong>τε</strong></span> <span class='ocrx_word' id='word_1_494' title='bbox 2851 2279 2941 2336; x_wconf 82' lang='grc' dir='ltr'><strong>καὶ</strong></span> <span class='ocrx_word' id='word_1_495' title='bbox 3015 2279 3086 2344; x_wconf 82' lang='grc' dir='ltr'><strong>εἰς</strong></span> <span class='ocrx_word' id='word_1_496' title='bbox 3131 2277 3204 2334; x_wconf 76' lang='grc' dir='ltr'>ἔτι</span> <span class='ocrx_word' id='word_1_497' title='bbox 3259 2279 3540 2356; x_wconf 83' lang='grc' dir='ltr'>γινόμενα.</span> <span class='ocrx_word' id='word_1_498' title='bbox 3617 2268 3793 2352; x_wconf 76' lang='grc' dir='ltr'>Ἠμεϊς</span> 
     </span>
    </p>
   </div>
   <div class='ocr_carea' id='block_1_71' title="bbox 2159 2368 3792 2448">
    <p class='ocr_par' dir='ltr' id='par_1_71' title="bbox 2159 2368 3792 2448">
     <span class='ocr_line' id='line_1_71' title="bbox 2159 2368 3792 2448; baseline -0.003 -22"><span class='ocrx_word' id='word_1_499' title='bbox 2159 2368 2213 2426; x_wconf 79' lang='grc' dir='ltr'>δὲ</span> <span class='ocrx_word' id='word_1_500' title='bbox 2264 2369 2355 2427; x_wconf 81' lang='grc' dir='ltr'>’ίνα</span> <span class='ocrx_word' id='word_1_501' title='bbox 2406 2373 2544 2445; x_wconf 79' lang='grc' dir='ltr'>μήτε</span> <span class='ocrx_word' id='word_1_502' title='bbox 2605 2370 2683 2444; x_wconf 86' lang='grc' dir='ltr'>τῷ</span> <span class='ocrx_word' id='word_1_503' title='bbox 2753 2368 2894 2426; x_wconf 80' lang='grc' dir='ltr'>τέλει</span> <span class='ocrx_word' id='word_1_504' title='bbox 2968 2375 3062 2424; x_wconf 75' lang='grc' dir='ltr'>τοῦ</span> <span class='ocrx_word' id='word_1_505' title='bbox 3102 2368 3216 2445; x_wconf 76' lang='grc' dir='ltr'>βίου</span> <span class='ocrx_word' id='word_1_506' title='bbox 3290 2368 3792 2448; x_wconf 76' lang='grc' dir='ltr'>συμπεριγρᾶψωμεν</span> 
     </span>
    </p>
   </div>
   <div class='ocr_carea' id='block_1_72' title="bbox 2159 2455 3792 2535">
    <p class='ocr_par' dir='ltr' id='par_1_72' title="bbox 2159 2455 3792 2535">
     <span class='ocr_line' id='line_1_72' title="bbox 2159 2455 3792 2535; baseline -0.002 -21"><span class='ocrx_word' id='word_1_507' title='bbox 2159 2461 2304 2523; x_wconf 70' lang='grc' dir='ltr'>εὐθὺς</span> <span class='ocrx_word' id='word_1_508' title='bbox 2363 2460 2450 2516; x_wconf 80' lang='grc' dir='ltr'><strong>καὶ</strong></span> <span class='ocrx_word' id='word_1_509' title='bbox 2503 2460 2570 2516; x_wconf 76' lang='grc' dir='ltr'><strong>τὰ</strong></span> <span class='ocrx_word' id='word_1_510' title='bbox 2626 2459 2888 2535; x_wconf 79' lang='grc' dir='ltr'>θαύματα,</span> <span class='ocrx_word' id='word_1_511' title='bbox 2957 2459 3094 2534; x_wconf 70' lang='grc' dir='ltr'>μήτε</span> <span class='ocrx_word' id='word_1_512' title='bbox 3146 2456 3313 2514; x_wconf 74' lang='grc' dir='ltr'>πάλιν</span> <span class='ocrx_word' id='word_1_513' title='bbox 3379 2457 3465 2515; x_wconf 68' lang='grc' dir='ltr'>ἐπὶ</span> <span class='ocrx_word' id='word_1_514' title='bbox 3523 2455 3651 2515; x_wconf 78' lang='grc' dir='ltr'>πολὺ</span> <span class='ocrx_word' id='word_1_515' title='bbox 3703 2457 3792 2526; x_wconf 69' lang='grc' dir='ltr'><strong>τήν</strong></span> 
     </span>
    </p>
   </div>
   <div class='ocr_carea' id='block_1_73' title="bbox 2157 2546 3790 2629">
    <p class='ocr_par' dir='ltr' id='par_1_73' title="bbox 2157 2546 3790 2629">
     <span class='ocr_line' id='line_1_73' title="bbox 2157 2546 3790 2629; baseline -0.002 -25"><span class='ocrx_word' id='word_1_516' title='bbox 2157 2550 2366 2627; x_wconf 78' lang='grc' dir='ltr'>γραφήν</span> <span class='ocrx_word' id='word_1_517' title='bbox 2419 2551 2760 2629; x_wconf 71' lang='grc' dir='ltr'>ὲκτεί-ιωμεν,</span> <span class='ocrx_word' id='word_1_518' title='bbox 2815 2550 2931 2614; x_wconf 79' lang='grc' dir='ltr'>ἑνὸς</span> <span class='ocrx_word' id='word_1_519' title='bbox 2983 2548 3017 2616; x_wconf 78' lang='grc' dir='ltr'>ἢ</span> <span class='ocrx_word' id='word_1_520' title='bbox 3074 2546 3162 2604; x_wconf 79' lang='grc' dir='ltr'><strong>δύο</strong></span> <span class='ocrx_word' id='word_1_521' title='bbox 3217 2547 3655 2625; x_wconf 69' lang='grc' dir='ltr'>ἐπιμνησθέντες,</span> <span class='ocrx_word' id='word_1_522' title='bbox 3709 2547 3790 2602; x_wconf 81' lang='grc' dir='ltr'><strong>τὸν</strong></span> 
     </span>
    </p>
   </div>
   <div class='ocr_carea' id='block_1_74' title="bbox 2158 2637 3012 2715">
    <p class='ocr_par' dir='ltr' id='par_1_74' title="bbox 2158 2637 3012 2715">
     <span class='ocr_line' id='line_1_74' title="bbox 2158 2637 3012 2715; baseline 0.006 -22"><span class='ocrx_word' id='word_1_523' title='bbox 2158 2637 2318 2715; x_wconf 80' lang='grc' dir='ltr'>λόγον</span> <span class='ocrx_word' id='word_1_524' title='bbox 2348 2638 2403 2694; x_wconf 77' lang='grc' dir='ltr'>ἐν</span> <span class='ocrx_word' id='word_1_525' title='bbox 2437 2641 2550 2712; x_wconf 80' lang='grc' dir='ltr'><strong>Θεῷ</strong></span> <span class='ocrx_word' id='word_1_526' title='bbox 2575 2639 3012 2704; x_wconf 68' lang='grc' dir='ltr'>καταπαύσομεν.</span> 
     </span>
    </p>
   </div>
   <div class='ocr_carea' id='block_1_75' title="bbox 2241 2717 3780 2807">
    <p class='ocr_par' dir='ltr' id='par_1_75' title="bbox 2241 2717 3780 2807">
     <span class='ocr_line' id='line_1_75' title="bbox 2241 2717 3780 2807; baseline -0.004 -23"><span class='ocrx_word' id='word_1_527' title='bbox 2241 2717 2366 2788; x_wconf 77' lang='grc' dir='ltr'><strong>ΔΖ’.</strong></span> <span class='ocrx_word' id='word_1_528' title='bbox 2401 2726 2602 2807; x_wconf 74' lang='grc' dir='ltr'>Εἴρηκέ</span> <span class='ocrx_word' id='word_1_529' title='bbox 2646 2749 2724 2793; x_wconf 89' lang='grc' dir='ltr'><strong>τις</strong></span> <span class='ocrx_word' id='word_1_530' title='bbox 2766 2730 2871 2783; x_wconf 83' lang='grc' dir='ltr'><strong>τῶν</strong></span> <span class='ocrx_word' id='word_1_531' title='bbox 2930 2726 3323 2807; x_wconf 88' lang='grc' dir='ltr'>φιλοχρίστων,</span> <span class='ocrx_word' id='word_1_532' title='bbox 3387 2728 3477 2783; x_wconf 85' lang='grc' dir='ltr'><strong>καὶ</strong></span> <span class='ocrx_word' id='word_1_533' title='bbox 3518 2723 3780 2805; x_wconf 73' lang='grc' dir='ltr'>φιλούντων</span> 
     </span>
    </p>
   </div>
   <div class='ocr_carea' id='block_1_76' title="bbox 2161 2813 3774 2898">
    <p class='ocr_par' dir='ltr' id='par_1_76' title="bbox 2161 2813 3774 2898">
     <span class='ocr_line' id='line_1_76' title="bbox 2161 2813 3774 2898; baseline -0.002 -24"><span class='ocrx_word' id='word_1_534' title='bbox 2161 2815 2258 2889; x_wconf 74' lang='grc' dir='ltr'>μὲν</span> <span class='ocrx_word' id='word_1_535' title='bbox 2307 2815 2571 2890; x_wconf 80' lang='grc' dir='ltr'>διαπύρως</span> <span class='ocrx_word' id='word_1_536' title='bbox 2625 2827 2718 2874; x_wconf 81' lang='grc' dir='ltr'>τὸν</span> <span class='ocrx_word' id='word_1_537' title='bbox 2753 2816 2930 2898; x_wconf 77' lang='grc' dir='ltr'>ἅγιον,</span> <span class='ocrx_word' id='word_1_538' title='bbox 2971 2815 3264 2898; x_wconf 76' lang='grc' dir='ltr'>φιλούντων</span> <span class='ocrx_word' id='word_1_539' title='bbox 3321 2813 3376 2872; x_wconf 79' lang='grc' dir='ltr'>δὲ</span> <span class='ocrx_word' id='word_1_540' title='bbox 3406 2816 3509 2896; x_wconf 71' lang='grc' dir='ltr'>οὔχ</span> <span class='ocrx_word' id='word_1_541' title='bbox 3540 2815 3674 2882; x_wconf 72' lang='grc' dir='ltr'>ἧττον</span> <span class='ocrx_word' id='word_1_542' title='bbox 3700 2813 3774 2868; x_wconf 71' lang='grc' dir='ltr'><strong>καί</strong></span> 
     </span>
    </p>
   </div>
   <div class='ocr_carea' id='block_1_77' title="bbox 2158 2901 3771 2986">
    <p class='ocr_par' dir='ltr' id='par_1_77' title="bbox 2158 2901 3771 2986">
     <span class='ocr_line' id='line_1_77' title="bbox 2158 2901 3771 2986; baseline 0.001 -26"><span class='ocrx_word' id='word_1_543' title='bbox 2158 2907 2258 2975; x_wconf 80' lang='grc' dir='ltr'><strong>τήν</strong></span> <span class='ocrx_word' id='word_1_544' title='bbox 2315 2906 2592 2980; x_wconf 70' lang='grc' dir='ltr'>ἀλάθειαν,</span> <span class='ocrx_word' id='word_1_545' title='bbox 2669 2906 2750 2964; x_wconf 80' lang='grc' dir='ltr'><strong>ὅτι</strong></span> <span class='ocrx_word' id='word_1_546' title='bbox 2822 2912 2920 2974; x_wconf 79' lang='grc' dir='ltr'><strong>τῆς</strong></span> <span class='ocrx_word' id='word_1_547' title='bbox 2994 2906 3182 2986; x_wconf 78' lang='grc' dir='ltr'>ἑορτῆς</span> <span class='ocrx_word' id='word_1_548' title='bbox 3255 2906 3422 2964; x_wconf 72' lang='grc' dir='ltr'><strong>αὒτοῦ</strong></span> <span class='ocrx_word' id='word_1_549' title='bbox 3490 2901 3771 2978; x_wconf 59' lang='grc' dir='ltr'>τελουμένης</span> 
     </span>
    </p>
   </div>
   <div class='ocr_carea' id='block_1_78' title="bbox 2165 2992 3776 3075">
    <p class='ocr_par' dir='ltr' id='par_1_78' title="bbox 2165 2992 3776 3075">
     <span class='ocr_line' id='line_1_78' title="bbox 2165 2992 3776 3075; baseline 0.001 -25"><span class='ocrx_word' id='word_1_550' title='bbox 2165 2992 2424 3073; x_wconf 80' lang='grc' dir='ltr'>(τελεῖται</span> <span class='ocrx_word' id='word_1_551' title='bbox 2517 2995 2572 3052; x_wconf 78' lang='grc' dir='ltr'>δὲ</span> <span class='ocrx_word' id='word_1_552' title='bbox 2651 2993 2954 3063; x_wconf 60' lang='grc' dir='ltr'>δωδεκάτην</span> <span class='ocrx_word' id='word_1_553' title='bbox 3034 2997 3127 3052; x_wconf 73' lang='grc' dir='ltr'>τοῦ</span> <span class='ocrx_word' id='word_1_554' title='bbox 3233 2992 3556 3075; x_wconf 80' lang='grc' dir='ltr'>Δεκεμϐρίου</span> <span class='ocrx_word' id='word_1_555' title='bbox 3631 2992 3776 3066; x_wconf 70' lang='grc' dir='ltr'>μηνὸς</span> 
     </span>
    </p>
   </div>
   <div class='ocr_carea' id='block_1_79' title="bbox 2160 3081 3780 3168">
    <p class='ocr_par' dir='ltr' id='par_1_79' title="bbox 2160 3081 3780 3168">
     <span class='ocr_line' id='line_1_79' title="bbox 2160 3081 3780 3168; baseline -0.006 -22"><span class='ocrx_word' id='word_1_556' title='bbox 2160 3085 2405 3168; x_wconf 83' lang='grc' dir='ltr'>ὂίγοντος)</span> <span class='ocrx_word' id='word_1_557' title='bbox 2465 3088 2685 3164; x_wconf 75' lang='grc' dir='ltr'>προσῄει</span> <span class='ocrx_word' id='word_1_558' title='bbox 2753 3087 2837 3142; x_wconf 77' lang='grc' dir='ltr'><strong>καὶ</strong></span> <span class='ocrx_word' id='word_1_559' title='bbox 2923 3095 3076 3150; x_wconf 81' lang='grc' dir='ltr'>οὗτος</span> <span class='ocrx_word' id='word_1_560' title='bbox 3160 3107 3238 3159; x_wconf 83' lang='grc' dir='ltr'>τῳ</span> <span class='ocrx_word' id='word_1_561' title='bbox 3332 3083 3498 3165; x_wconf 69' lang='grc' dir='ltr'>τάφῳ,</span> <span class='ocrx_word' id='word_1_562' title='bbox 3571 3081 3780 3158; x_wconf 79' lang='grc' dir='ltr'>καθάπερ</span> 
     </span>
    </p>
   </div>
   <div class='ocr_carea' id='block_1_80' title="bbox 2156 3170 3782 3256">
    <p class='ocr_par' dir='ltr' id='par_1_80' title="bbox 2156 3170 3782 3256">
     <span class='ocr_line' id='line_1_80' title="bbox 2156 3170 3782 3256; baseline -0.007 -21"><span class='ocrx_word' id='word_1_563' title='bbox 2156 3186 2311 3251; x_wconf 80' lang='grc' dir='ltr'>ζῶντι</span> <span class='ocrx_word' id='word_1_564' title='bbox 2373 3175 2585 3252; x_wconf 79' lang='grc' dir='ltr'>μέλλων</span> <span class='ocrx_word' id='word_1_565' title='bbox 2639 3188 2974 3256; x_wconf 78' lang='grc' dir='ltr'>περιτυχεῖν,</span> <span class='ocrx_word' id='word_1_566' title='bbox 3013 3173 3220 3246; x_wconf 79' lang='grc' dir='ltr'>πολλήν</span> <span class='ocrx_word' id='word_1_567' title='bbox 3248 3174 3366 3232; x_wconf 78' lang='grc' dir='ltr'>ἀπὸ</span> <span class='ocrx_word' id='word_1_568' title='bbox 3395 3184 3485 3233; x_wconf 82' lang='grc' dir='ltr'>τοῦ</span> <span class='ocrx_word' id='word_1_569' title='bbox 3523 3170 3782 3251; x_wconf 78' lang='grc' dir='ltr'>προσώπω</span> 
     </span>
    </p>
   </div>
   <div class='ocr_carea' id='block_1_81' title="bbox 2157 3256 3784 3343">
    <p class='ocr_par' dir='ltr' id='par_1_81' title="bbox 2157 3256 3784 3343">
     <span class='ocr_line' id='line_1_81' title="bbox 2157 3256 3784 3343; baseline -0.007 -19"><span class='ocrx_word' id='word_1_570' title='bbox 2157 3268 2433 3343; x_wconf 74' lang='grc' dir='ltr'>σημαίνων</span> <span class='ocrx_word' id='word_1_571' title='bbox 2474 3267 2572 3333; x_wconf 76' lang='grc' dir='ltr'>τὴν</span> <span class='ocrx_word' id='word_1_572' title='bbox 2603 3267 2732 3343; x_wconf 78' lang='grc' dir='ltr'>πρὸς</span> <span class='ocrx_word' id='word_1_573' title='bbox 2777 3265 2933 3321; x_wconf 77' lang='grc' dir='ltr'>αὖτὸν</span> <span class='ocrx_word' id='word_1_574' title='bbox 2969 3261 3097 3320; x_wconf 78' lang='grc' dir='ltr'>αίδὼ</span> <span class='ocrx_word' id='word_1_575' title='bbox 3158 3264 3246 3320; x_wconf 82' lang='grc' dir='ltr'><strong>καὶ</strong></span> <span class='ocrx_word' id='word_1_576' title='bbox 3309 3259 3603 3321; x_wconf 69' lang='grc' dir='ltr'>εὐλάϐειαν.</span> <span class='ocrx_word' id='word_1_577' title='bbox 3647 3256 3784 3315; x_wconf 81' lang='grc' dir='ltr'>Ἐπεὶ</span> 
     </span>
    </p>
   </div>
   <div class='ocr_carea' id='block_1_82' title="bbox 2155 3345 3782 3434">
    <p class='ocr_par' dir='ltr' id='par_1_82' title="bbox 2155 3345 3782 3434">
     <span class='ocr_line' id='line_1_82' title="bbox 2155 3345 3782 3434; baseline -0.007 -20"><span class='ocrx_word' id='word_1_578' title='bbox 2155 3354 2210 3414; x_wconf 78' lang='grc' dir='ltr'>δὲ</span> <span class='ocrx_word' id='word_1_579' title='bbox 2297 3357 2383 3413; x_wconf 79' lang='grc' dir='ltr'>καὶ</span> <span class='ocrx_word' id='word_1_580' title='bbox 2466 3354 2688 3420; x_wconf 90' lang='grc' dir='ltr'>πλητίον</span> <span class='ocrx_word' id='word_1_581' title='bbox 2754 3354 2843 3434; x_wconf 81' lang='grc' dir='ltr'><strong>ἧν,</strong></span> <span class='ocrx_word' id='word_1_582' title='bbox 2931 3354 3019 3410; x_wconf 77' lang='grc' dir='ltr'>καὶ</span> <span class='ocrx_word' id='word_1_583' title='bbox 3097 3356 3422 3430; x_wconf 77' lang='grc' dir='ltr'>παραθεῖναι</span> <span class='ocrx_word' id='word_1_584' title='bbox 3506 3351 3597 3412; x_wconf 77' lang='grc' dir='ltr'><strong>τὰς</strong></span> <span class='ocrx_word' id='word_1_585' title='bbox 3650 3345 3782 3423; x_wconf 74' lang='grc' dir='ltr'>ὄψεις</span> 
     </span>
    </p>
   </div>
   <div class='ocr_carea' id='block_1_83' title="bbox 2156 3441 3780 3523">
    <p class='ocr_par' dir='ltr' id='par_1_83' title="bbox 2156 3441 3780 3523">
     <span class='ocr_line' id='line_1_83' title="bbox 2156 3441 3780 3523; baseline -0.005 -20"><span class='ocrx_word' id='word_1_586' title='bbox 2156 3445 2370 3521; x_wconf 80' lang='grc' dir='ltr'>ἔμελλε,</span> <span class='ocrx_word' id='word_1_587' title='bbox 2433 3445 2733 3523; x_wconf 77' lang='grc' dir='ltr'>Τοσαύτης,</span> <span class='ocrx_word' id='word_1_588' title='bbox 2797 3445 3006 3506; x_wconf 79' lang='grc' dir='ltr'>ἐκεῖνος</span> <span class='ocrx_word' id='word_1_589' title='bbox 3055 3442 3260 3520; x_wconf 68' lang='grc' dir='ltr'>ἔλεγεν,</span> <span class='ocrx_word' id='word_1_590' title='bbox 3313 3446 3605 3511; x_wconf 78' lang='grc' dir='ltr'>ἐπισκοπῆς</span> <span class='ocrx_word' id='word_1_591' title='bbox 3656 3441 3780 3501; x_wconf 82' lang='grc' dir='ltr'>θείας</span> 
     </span>
    </p>
   </div>
   <div class='ocr_carea' id='block_1_84' title="bbox 2155 3533 3781 3613">
    <p class='ocr_par' dir='ltr' id='par_1_84' title="bbox 2155 3533 3781 3613">
     <span class='ocr_line' id='line_1_84' title="bbox 2155 3533 3781 3613; baseline -0.004 -20"><span class='ocrx_word' id='word_1_592' title='bbox 2155 3537 2401 3612; x_wconf 69' lang='grc' dir='ltr'>ᾐσθόμην</span> <span class='ocrx_word' id='word_1_593' title='bbox 2454 3533 2601 3590; x_wconf 78' lang='grc' dir='ltr'>ἔνδον</span> <span class='ocrx_word' id='word_1_594' title='bbox 2670 3533 3078 3613; x_wconf 65' lang='grc' dir='ltr'>ἐνεργουμένης,</span> <span class='ocrx_word' id='word_1_595' title='bbox 3126 3537 3214 3590; x_wconf 84' lang='grc' dir='ltr'><strong>καὶ</strong></span> <span class='ocrx_word' id='word_1_596' title='bbox 3258 3535 3429 3600; x_wconf 77' lang='grc' dir='ltr'>οὕτως</span> <span class='ocrx_word' id='word_1_597' title='bbox 3494 3536 3645 3603; x_wconf 66' lang='grc' dir='ltr'>αὐτήν</span> <span class='ocrx_word' id='word_1_598' title='bbox 3693 3551 3781 3606; x_wconf 80' lang='grc' dir='ltr'><strong>μου</strong></span> 
     </span>
    </p>
   </div>
   <div class='ocr_carea' id='block_1_85' title="bbox 2156 3622 3778 3704">
    <p class='ocr_par' dir='ltr' id='par_1_85' title="bbox 2156 3622 3778 3704">
     <span class='ocr_line' id='line_1_85' title="bbox 2156 3622 3778 3704; baseline -0.006 -22"><span class='ocrx_word' id='word_1_599' title='bbox 2156 3624 2434 3696; x_wconf 74' lang='grc' dir='ltr'>διελήλυθε</span> <span class='ocrx_word' id='word_1_600' title='bbox 2489 3624 2589 3692; x_wconf 69' lang='grc' dir='ltr'><strong>τήν</strong></span> <span class='ocrx_word' id='word_1_601' title='bbox 2641 3622 2879 3702; x_wconf 71' lang='grc' dir='ltr'>καρδίαν,</span> <span class='ocrx_word' id='word_1_602' title='bbox 2959 3623 3032 3685; x_wconf 83' lang='grc' dir='ltr'><strong>ὡς</strong></span> <span class='ocrx_word' id='word_1_603' title='bbox 3114 3623 3384 3704; x_wconf 85' lang='grc' dir='ltr'>μετέωρόν</span> <span class='ocrx_word' id='word_1_604' title='bbox 3443 3646 3506 3700; x_wconf 84' lang='grc' dir='ltr'><strong>με</strong></span> <span class='ocrx_word' id='word_1_605' title='bbox 3563 3622 3778 3702; x_wconf 74' lang='grc' dir='ltr'>γενέσθαι</span> 
     </span>
    </p>
   </div>
   <div class='ocr_carea' id='block_1_86' title="bbox 2155 3712 3776 3795">
    <p class='ocr_par' dir='ltr' id='par_1_86' title="bbox 2155 3712 3776 3795">
     <span class='ocr_line' id='line_1_86' title="bbox 2155 3712 3776 3795; baseline -0.006 -23"><span class='ocrx_word' id='word_1_606' title='bbox 2155 3717 2232 3792; x_wconf 82' lang='grc' dir='ltr'>τῷ</span> <span class='ocrx_word' id='word_1_607' title='bbox 2301 3716 2586 3794; x_wconf 78' lang='grc' dir='ltr'>πνεύματι,</span> <span class='ocrx_word' id='word_1_608' title='bbox 2658 3715 2746 3770; x_wconf 85' lang='grc' dir='ltr'><strong>καὶ</strong></span> <span class='ocrx_word' id='word_1_609' title='bbox 2831 3714 2971 3788; x_wconf 86' lang='grc' dir='ltr'>μόνα</span> <span class='ocrx_word' id='word_1_610' title='bbox 3055 3714 3122 3769; x_wconf 71' lang='grc' dir='ltr'><strong>τὰ</strong></span> <span class='ocrx_word' id='word_1_611' title='bbox 3193 3713 3400 3772; x_wconf 76' lang='grc' dir='ltr'>ἐκεῖθεν</span> <span class='ocrx_word' id='word_1_612' title='bbox 3458 3712 3776 3795; x_wconf 74' lang='grc' dir='ltr'>φαντάζεσθαι</span> 
     </span>
    </p>
   </div>
   <div class='ocr_carea' id='block_1_87' title="bbox 2156 3798 3774 3885">
    <p class='ocr_par' dir='ltr' id='par_1_87' title="bbox 2156 3798 3774 3885">
     <span class='ocr_line' id='line_1_87' title="bbox 2156 3798 3774 3885; baseline -0.009 -22"><span class='ocrx_word' id='word_1_613' title='bbox 2156 3805 2354 3885; x_wconf 84' lang='grc' dir='ltr'>κάλλη,</span> <span class='ocrx_word' id='word_1_614' title='bbox 2434 3803 2817 3878; x_wconf 77' lang='grc' dir='ltr'>ἐπιλαθόμενον</span> <span class='ocrx_word' id='word_1_615' title='bbox 2889 3801 2988 3874; x_wconf 81' lang='grc' dir='ltr'>μὲν</span> <span class='ocrx_word' id='word_1_616' title='bbox 3077 3807 3182 3858; x_wconf 81' lang='grc' dir='ltr'><strong>τῶν</strong></span> <span class='ocrx_word' id='word_1_617' title='bbox 3271 3807 3480 3881; x_wconf 77' lang='grc' dir='ltr'>γηίνων</span> <span class='ocrx_word' id='word_1_618' title='bbox 3560 3798 3774 3885; x_wconf 66' lang='grc' dir='ltr'>πάντων,</span> 
     </span>
    </p>
   </div>
   <div class='ocr_carea' id='block_1_88' title="bbox 2155 3883 3774 3974">
    <p class='ocr_par' dir='ltr' id='par_1_88' title="bbox 2155 3883 3774 3974">
     <span class='ocr_line' id='line_1_88' title="bbox 2155 3883 3774 3974; baseline -0.006 -23"><span class='ocrx_word' id='word_1_619' title='bbox 2155 3883 2534 3968; x_wconf 75' lang='grc' dir='ltr'>ἐπιλαθόμενον</span> <span class='ocrx_word' id='word_1_620' title='bbox 2607 3889 2660 3948; x_wconf 73' lang='grc' dir='ltr'>δὲ</span> <span class='ocrx_word' id='word_1_621' title='bbox 2738 3892 2825 3947; x_wconf 79' lang='grc' dir='ltr'><strong>καὶ</strong></span> <span class='ocrx_word' id='word_1_622' title='bbox 2904 3891 3058 3948; x_wconf 72' lang='grc' dir='ltr'>αὒτοῦ</span> <span class='ocrx_word' id='word_1_623' title='bbox 3119 3890 3398 3974; x_wconf 85' lang='grc' dir='ltr'>σώματος,</span> <span class='ocrx_word' id='word_1_624' title='bbox 3459 3892 3543 3948; x_wconf 78' lang='grc' dir='ltr'><strong>καὶ</strong></span> <span class='ocrx_word' id='word_1_625' title='bbox 3601 3883 3774 3968; x_wconf 75' lang='grc' dir='ltr'>σχεδὸν</span> 
     </span>
    </p>
   </div>
   <div class='ocr_carea' id='block_1_89' title="bbox 2153 3977 3771 4064">
    <p class='ocr_par' dir='ltr' id='par_1_89' title="bbox 2153 3977 3771 4064">
     <span class='ocr_line' id='line_1_89' title="bbox 2153 3977 3771 4064; baseline -0.006 -24"><span class='ocrx_word' id='word_1_626' title='bbox 2153 3984 2360 4064; x_wconf 75' lang='grc' dir='ltr'>ἄφωνόν</span> <span class='ocrx_word' id='word_1_627' title='bbox 2418 4003 2474 4039; x_wconf 90' lang='grc' dir='ltr'><strong>τε</strong></span> <span class='ocrx_word' id='word_1_628' title='bbox 2531 3984 2618 4038; x_wconf 84' lang='grc' dir='ltr'><strong>καὶ</strong></span> <span class='ocrx_word' id='word_1_629' title='bbox 2676 3980 2961 4062; x_wconf 77' lang='grc' dir='ltr'>ἄφθογγον,</span> <span class='ocrx_word' id='word_1_630' title='bbox 3021 3983 3097 4045; x_wconf 80' lang='grc' dir='ltr'>ὣς</span> <span class='ocrx_word' id='word_1_631' title='bbox 3153 3979 3207 4036; x_wconf 73' lang='grc' dir='ltr'>δὲ</span> <span class='ocrx_word' id='word_1_632' title='bbox 3270 3982 3365 4038; x_wconf 81' lang='grc' dir='ltr'>καΐ</span> <span class='ocrx_word' id='word_1_633' title='bbox 3425 3979 3596 4038; x_wconf 75' lang='grc' dir='ltr'>ἄσιτον</span> <span class='ocrx_word' id='word_1_634' title='bbox 3638 3977 3771 4047; x_wconf 79' lang='grc' dir='ltr'>ὄντα,</span> 
     </span>
    </p>
   </div>
   <div class='ocr_carea' id='block_1_90' title="bbox 2150 4064 3770 4150">
    <p class='ocr_par' dir='ltr' id='par_1_90' title="bbox 2150 4064 3770 4150">
     <span class='ocr_line' id='line_1_90' title="bbox 2150 4064 3770 4150; baseline -0.006 -20"><span class='ocrx_word' id='word_1_635' title='bbox 2150 4075 2237 4130; x_wconf 78' lang='grc' dir='ltr'><strong>καὶ</strong></span> <span class='ocrx_word' id='word_1_636' title='bbox 2290 4073 2428 4147; x_wconf 73' lang='grc' dir='ltr'>μήτε</span> <span class='ocrx_word' id='word_1_637' title='bbox 2476 4072 2600 4148; x_wconf 86' lang='grc' dir='ltr'>πρός</span> <span class='ocrx_word' id='word_1_638' title='bbox 2651 4092 2768 4128; x_wconf 87' lang='grc' dir='ltr'>τινα</span> <span class='ocrx_word' id='word_1_639' title='bbox 2822 4070 3002 4149; x_wconf 77' lang='grc' dir='ltr'>φωνὴν</span> <span class='ocrx_word' id='word_1_640' title='bbox 3049 4069 3394 4150; x_wconf 74' lang='grc' dir='ltr'>προϊέμενον,</span> <span class='ocrx_word' id='word_1_641' title='bbox 3427 4071 3562 4146; x_wconf 77' lang='grc' dir='ltr'>μήτε</span> <span class='ocrx_word' id='word_1_642' title='bbox 3589 4064 3770 4144; x_wconf 79' lang='grc' dir='ltr'>τροφὴν</span> 
     </span>
    </p>
   </div>
   <div class='ocr_carea' id='block_1_91' title="bbox 2150 4155 3769 4240">
    <p class='ocr_par' dir='ltr' id='par_1_91' title="bbox 2150 4155 3769 4240">
     <span class='ocr_line' id='line_1_91' title="bbox 2150 4155 3769 4240; baseline -0.007 -22"><span class='ocrx_word' id='word_1_643' title='bbox 2150 4161 2184 4229; x_wconf 78' lang='grc' dir='ltr'><strong>ἢ</strong></span> <span class='ocrx_word' id='word_1_644' title='bbox 2244 4162 2398 4218; x_wconf 64' lang='grc' dir='ltr'>πόσιν</span> <span class='ocrx_word' id='word_1_645' title='bbox 2446 4159 2571 4237; x_wconf 85' lang='grc' dir='ltr'>παρ’</span> <span class='ocrx_word' id='word_1_646' title='bbox 2631 4158 2764 4225; x_wconf 81' lang='grc' dir='ltr'>ὅλην</span> <span class='ocrx_word' id='word_1_647' title='bbox 2807 4159 3012 4226; x_wconf 73' lang='grc' dir='ltr'>ἐκείνην</span> <span class='ocrx_word' id='word_1_648' title='bbox 3056 4160 3152 4228; x_wconf 65' lang='grc' dir='ltr'>τὴν</span> <span class='ocrx_word' id='word_1_649' title='bbox 3199 4159 3408 4240; x_wconf 77' lang='grc' dir='ltr'>ἡμέραν</span> <span class='ocrx_word' id='word_1_650' title='bbox 3443 4155 3769 4238; x_wconf 79' lang='grc' dir='ltr'>προσιέμενον</span> 
     </span>
    </p>
   </div>
   <div class='ocr_carea' id='block_1_92' title="bbox 2149 4240 3771 4330">
    <p class='ocr_par' dir='ltr' id='par_1_92' title="bbox 2149 4240 3771 4330">
     <span class='ocr_line' id='line_1_92' title="bbox 2149 4240 3771 4330; baseline -0.007 -24"><span class='ocrx_word' id='word_1_651' title='bbox 2149 4249 2310 4330; x_wconf 81' lang='grc' dir='ltr'>ὅλως,</span> <span class='ocrx_word' id='word_1_652' title='bbox 2369 4249 2448 4306; x_wconf 80' lang='grc' dir='ltr'>ὅτι</span> <span class='ocrx_word' id='word_1_653' title='bbox 2505 4248 2582 4325; x_wconf 70' lang='grc' dir='ltr'><strong>μή</strong></span> <span class='ocrx_word' id='word_1_654' title='bbox 2660 4247 2822 4324; x_wconf 84' lang='grc' dir='ltr'>μόνου</span> <span class='ocrx_word' id='word_1_655' title='bbox 2885 4246 3265 4328; x_wconf 76' lang='grc' dir='ltr'>μεταλαχόντα</span> <span class='ocrx_word' id='word_1_656' title='bbox 3326 4251 3417 4306; x_wconf 78' lang='grc' dir='ltr'>τοῦ</span> <span class='ocrx_word' id='word_1_657' title='bbox 3471 4240 3771 4304; x_wconf 79' lang='grc' dir='ltr'>Δεσποτικοῦ</span> 
     </span>
    </p>
   </div>
   <div class='ocr_carea' id='block_1_93' title="bbox 2150 4332 3766 4414">
    <p class='ocr_par' dir='ltr' id='par_1_93' title="bbox 2150 4332 3766 4414">
     <span class='ocr_line' id='line_1_93' title="bbox 2150 4332 3766 4414; baseline -0.006 -18"><span class='ocrx_word' id='word_1_658' title='bbox 2150 4341 2234 4396; x_wconf 83' lang='grc' dir='ltr'><strong>καὶ</strong></span> <span class='ocrx_word' id='word_1_659' title='bbox 2291 4341 2429 4396; x_wconf 83' lang='grc' dir='ltr'>θείου</span> <span class='ocrx_word' id='word_1_660' title='bbox 2475 4339 2722 4414; x_wconf 85' lang='grc' dir='ltr'>σώματός</span> <span class='ocrx_word' id='word_1_661' title='bbox 2753 4361 2810 4396; x_wconf 72' lang='grc' dir='ltr'><strong>τε</strong></span> <span class='ocrx_word' id='word_1_662' title='bbox 2855 4339 2950 4395; x_wconf 77' lang='grc' dir='ltr'><strong>καΐ</strong></span> <span class='ocrx_word' id='word_1_663' title='bbox 2997 4338 3251 4414; x_wconf 78' lang='grc' dir='ltr'>α’ίματος.</span> <span class='ocrx_word' id='word_1_664' title='bbox 3303 4337 3545 4396; x_wconf 60' lang='grc' dir='ltr'>’Άλλοτε</span> <span class='ocrx_word' id='word_1_665' title='bbox 3601 4332 3766 4397; x_wconf 63' lang='grc' dir='ltr'>μέντοι</span> 
     </span>
    </p>
   </div>
   <div class='ocr_carea' id='block_1_94' title="bbox 415 4419 2073 4506">
    <p class='ocr_par' dir='ltr' id='par_1_94' title="bbox 415 4420 2064 4506">
     <span class='ocr_line' id='line_1_94' title="bbox 415 4420 2064 4506; baseline 0.004 -25"><span class='ocrx_word' id='word_1_666' title='bbox 415 4420 787 4493; x_wconf 80' lang='lat' dir='ltr'><strong>evidentius;</strong></span> <span class='ocrx_word' id='word_1_667' title='bbox 821 4430 910 4482; x_wconf 90' lang='lat' dir='ltr'><strong>est</strong></span> <span class='ocrx_word' id='word_1_668' title='bbox 937 4438 1081 4482; x_wconf 87' lang='lat' dir='ltr'><strong>vero</strong></span> <span class='ocrx_word' id='word_1_669' title='bbox 1116 4421 1327 4482; x_wconf 91' lang='lat' dir='ltr'><strong>modus</strong></span> <span class='ocrx_word' id='word_1_670' title='bbox 1359 4422 1430 4482; x_wconf 88' lang='lat' dir='ltr'><strong>ad</strong></span> <span class='ocrx_word' id='word_1_671' title='bbox 1456 4423 1816 4486; x_wconf 88' lang='lat' dir='ltr'><strong>narrandum</strong></span> <span class='ocrx_word' id='word_1_672' title='bbox 1844 4426 2064 4506; x_wconf 82' lang='lat' dir='ltr'><strong>jucun-</strong></span> 
     </span>
    </p>
   </div>
   <div class='ocr_carea' id='block_1_95' title="bbox 2159 4419 3767 4506">
    <p class='ocr_par' dir='ltr' id='par_1_95' title="bbox 2159 4419 3767 4506">
     <span class='ocr_line' id='line_1_95' title="bbox 2159 4419 3767 4506; baseline -0.002 -24"><span class='ocrx_word' id='word_1_673' title='bbox 2159 4430 2235 4485; x_wconf 60' lang='grc' dir='ltr'><strong>καὶ</strong></span> <span class='ocrx_word' id='word_1_674' title='bbox 2313 4427 2684 4506; x_wconf 73' lang='grc' dir='ltr'>ἐναργέστερον</span> <span class='ocrx_word' id='word_1_675' title='bbox 2745 4430 2886 4502; x_wconf 75' lang='grc' dir='ltr'>αὒτῴ</span> <span class='ocrx_word' id='word_1_676' title='bbox 2943 4430 3004 4485; x_wconf 68' lang='grc' dir='ltr'><strong>τὸ</strong></span> <span class='ocrx_word' id='word_1_677' title='bbox 3062 4431 3234 4504; x_wconf 80' lang='grc' dir='ltr'>θαῦμα</span> <span class='ocrx_word' id='word_1_678' title='bbox 3292 4427 3540 4497; x_wconf 80' lang='grc' dir='ltr'>κατέστη,</span> <span class='ocrx_word' id='word_1_679' title='bbox 3615 4422 3696 4479; x_wconf 85' lang='grc' dir='ltr'><strong>καὶ</strong></span> <span class='ocrx_word' id='word_1_680' title='bbox 3743 4419 3767 4473; x_wconf 79' lang='grc' dir='ltr'><strong>ὁ</strong></span> 
     </span>
    </p>
   </div>
   <div class='ocr_carea' id='block_1_96' title="bbox 415 4499 2073 4597">
    <p class='ocr_par' dir='ltr' id='par_1_96' title="bbox 415 4499 2064 4590">
     <span class='ocr_line' id='line_1_96' title="bbox 415 4499 2064 4590; baseline 0.005 -20"><span class='ocrx_word' id='word_1_681' title='bbox 415 4508 722 4573; x_wconf 84' lang='lat' dir='ltr'><strong>dissimus.</strong></span> <span class='ocrx_word' id='word_1_682' title='bbox 758 4509 864 4570; x_wconf 89' lang='lat' dir='ltr'><strong>llle</strong></span> <span class='ocrx_word' id='word_1_683' title='bbox 893 4510 1159 4590; x_wconf 87' lang='lat' dir='ltr'><strong>quidem,</strong></span> <span class='ocrx_word' id='word_1_684' title='bbox 1208 4520 1271 4570; x_wconf 90' lang='lat' dir='ltr'><strong>ut</strong></span> <span class='ocrx_word' id='word_1_685' title='bbox 1319 4510 1487 4581; x_wconf 82' lang='lat' dir='ltr'><strong>dixit,</strong></span> <span class='ocrx_word' id='word_1_686' title='bbox 1521 4531 1656 4574; x_wconf 91' lang='lat' dir='ltr'><strong>cum</strong></span> <span class='ocrx_word' id='word_1_687' title='bbox 1690 4532 1824 4576; x_wconf 92' lang='lat' dir='ltr'><strong>eum</strong></span> <span class='ocrx_word' id='word_1_688' title='bbox 1845 4499 2064 4579; x_wconf 65' lang='lat' dir='ltr'><strong>rursus</strong></span> 
     </span>
    </p>
   </div>
   <div class='ocr_carea' id='block_1_97' title="bbox 2159 4499 3763 4597">
    <p class='ocr_par' dir='ltr' id='par_1_97' title="bbox 2159 4499 3763 4597">
     <span class='ocr_line' id='line_1_97' title="bbox 2159 4499 3763 4597; baseline -0.005 -23"><span class='ocrx_word' id='word_1_689' title='bbox 2159 4519 2337 4596; x_wconf 73' lang='grc' dir='ltr'>τρόπος</span> <span class='ocrx_word' id='word_1_690' title='bbox 2392 4499 2673 4583; x_wconf 70' lang='grc' dir='ltr'>διεξελθεῖν</span> <span class='ocrx_word' id='word_1_691' title='bbox 2745 4499 3169 4597; x_wconf 32' lang='grc' dir='ltr'>χαριέστατος.-</span> <span class='ocrx_word' id='word_1_692' title='bbox 3213 4515 3272 4576; x_wconf 87' lang='grc' dir='ltr'>Ὀ</span> <span class='ocrx_word' id='word_1_693' title='bbox 3333 4517 3450 4594; x_wconf 73' lang='grc' dir='ltr'>μὶν,</span> <span class='ocrx_word' id='word_1_694' title='bbox 3527 4516 3595 4576; x_wconf 79' lang='grc' dir='ltr'>ὠς</span> <span class='ocrx_word' id='word_1_695' title='bbox 3650 4509 3763 4588; x_wconf 76' lang='grc' dir='ltr'>ἔφη,</span> 
     </span>
    </p>
   </div>
   <div class='ocr_carea' id='block_1_98' title="bbox 415 4599 2073 4687">
    <p class='ocr_par' dir='ltr' id='par_1_98' title="bbox 415 4599 2055 4687">
     <span class='ocr_line' id='line_1_98' title="bbox 415 4599 2055 4687; baseline 0.006 -31"><span class='ocrx_word' id='word_1_696' title='bbox 415 4599 540 4670; x_wconf 82' lang='lat' dir='ltr'><strong>ejus</strong></span> <span class='ocrx_word' id='word_1_697' title='bbox 581 4599 704 4657; x_wconf 86' lang='lat' dir='ltr'><strong>dies</strong></span> <span class='ocrx_word' id='word_1_698' title='bbox 730 4601 901 4657; x_wconf 74' lang='lat' dir='ltr'><strong>festus</strong></span> <span class='ocrx_word' id='word_1_699' title='bbox 933 4604 1223 4687; x_wconf 84' lang='lat' dir='ltr'><strong>invitaret.</strong></span> <span class='ocrx_word' id='word_1_700' title='bbox 1249 4605 1488 4660; x_wconf 85' lang='lat' dir='ltr'><strong>accessit</strong></span> <span class='ocrx_word' id='word_1_701' title='bbox 1517 4605 2055 4678; x_wconf 82' lang='lat' dir='ltr'><strong>Trimmythuntem,</strong></span> 
     </span>
    </p>
   </div>
   <div class='ocr_carea' id='block_1_99' title="bbox 2159 4599 3761 4687">
    <p class='ocr_par' dir='ltr' id='par_1_99' title="bbox 2159 4604 3761 4687">
     <span class='ocr_line' id='line_1_99' title="bbox 2159 4604 3761 4687; baseline -0.012 -13"><span class='ocrx_word' id='word_1_702' title='bbox 2159 4610 2242 4674; x_wconf 71' lang='grc' dir='ltr'>τῆς</span> <span class='ocrx_word' id='word_1_703' title='bbox 2284 4608 2474 4687; x_wconf 77' lang='grc' dir='ltr'>ἑορτῆς</span> <span class='ocrx_word' id='word_1_704' title='bbox 2544 4606 2700 4662; x_wconf 65' lang='grc' dir='ltr'>αδτδν</span> <span class='ocrx_word' id='word_1_705' title='bbox 2759 4609 2902 4670; x_wconf 80' lang='grc' dir='ltr'>αὖθις</span> <span class='ocrx_word' id='word_1_706' title='bbox 2961 4605 3400 4686; x_wconf 74' lang='grc' dir='ltr'>παρακαλούσης,</span> <span class='ocrx_word' id='word_1_707' title='bbox 3466 4604 3536 4668; x_wconf 84' lang='grc' dir='ltr'><strong>εἰς</strong></span> <span class='ocrx_word' id='word_1_708' title='bbox 3585 4608 3761 4687; x_wconf 71' lang='grc' dir='ltr'>τριμι·</span> 
     </span>
    </p>
   </div>
   <div class='ocr_carea' id='block_1_100' title="bbox 411 4685 2073 4777">
    <p class='ocr_par' dir='ltr' id='par_1_100' title="bbox 411 4686 2056 4777">
     <span class='ocr_line' id='line_1_100' title="bbox 411 4686 2056 4777; baseline 0.005 -31"><span class='ocrx_word' id='word_1_709' title='bbox 411 4693 473 4746; x_wconf 86' lang='lat' dir='ltr'><strong>et</strong></span> <span class='ocrx_word' id='word_1_710' title='bbox 500 4701 762 4765; x_wconf 83' lang='lat' dir='ltr'><strong>eapsam,</strong></span> <span class='ocrx_word' id='word_1_711' title='bbox 796 4703 928 4777; x_wconf 69' lang='lat' dir='ltr'><strong>quas</strong></span> <span class='ocrx_word' id='word_1_712' title='bbox 958 4686 1166 4777; x_wconf 84' lang='lat' dir='ltr'><strong>sancti</strong></span> <span class='ocrx_word' id='word_1_713' title='bbox 1198 4687 1546 4777; x_wconf 84' lang='lat' dir='ltr'><strong>continebat</strong></span> <span class='ocrx_word' id='word_1_714' title='bbox 1573 4691 1876 4772; x_wconf 86' lang='lat' dir='ltr'><strong>reliquias,</strong></span> <span class='ocrx_word' id='word_1_715' title='bbox 1909 4693 2056 4755; x_wconf 58' lang='lat' dir='ltr'><strong>ado-</strong></span> 
     </span>
    </p>
   </div>
   <div class='ocr_carea' id='block_1_101' title="bbox 2159 4685 3763 4777">
    <p class='ocr_par' dir='ltr' id='par_1_101' title="bbox 2159 4685 3763 4777">
     <span class='ocr_line' id='line_1_101' title="bbox 2159 4685 3763 4777; baseline 0.003 -25"><span class='ocrx_word' id='word_1_716' title='bbox 2159 4685 2354 4752; x_wconf 17' lang='lat' dir='ltr'><strong>loSv-rat‘</strong></span> <span class='ocrx_word' id='word_1_717' title='bbox 2380 4695 2690 4777; x_wconf 78' lang='grc' dir='ltr'>γενόμενος,</span> <span class='ocrx_word' id='word_1_718' title='bbox 2762 4697 2850 4752; x_wconf 76' lang='grc' dir='ltr'><strong>καὶ</strong></span> <span class='ocrx_word' id='word_1_719' title='bbox 2920 4685 3050 4764; x_wconf 68' lang='grc' dir='ltr'><strong>τὴν</strong></span> <span class='ocrx_word' id='word_1_720' title='bbox 3079 4697 3242 4777; x_wconf 73' lang='grc' dir='ltr'>σοφὸν</span> <span class='ocrx_word' id='word_1_721' title='bbox 3288 4695 3323 4764; x_wconf 73' lang='grc' dir='ltr'><strong>ἢ</strong></span> <span class='ocrx_word' id='word_1_722' title='bbox 3367 4695 3432 4752; x_wconf 76' lang='grc' dir='ltr'>τὰ</span> <span class='ocrx_word' id='word_1_723' title='bbox 3485 4691 3572 4749; x_wconf 76' lang='grc' dir='ltr'>τοῦ</span> <span class='ocrx_word' id='word_1_724' title='bbox 3631 4685 3763 4764; x_wconf 72' lang='grc' dir='ltr'>ἁγίου</span> 
     </span>
    </p>
   </div>
   <div class='ocr_carea' id='block_1_102' title="bbox 407 4775 2073 4866">
    <p class='ocr_par' dir='ltr' id='par_1_102' title="bbox 407 4775 2064 4866">
     <span class='ocr_line' id='line_1_102' title="bbox 407 4775 2064 4866; baseline 0.005 -30"><span class='ocrx_word' id='word_1_725' title='bbox 407 4791 550 4866; x_wconf 73' lang='lat' dir='ltr'><strong>rans</strong></span> <span class='ocrx_word' id='word_1_726' title='bbox 579 4781 640 4835; x_wconf 94' lang='lat' dir='ltr'><strong>et</strong></span> <span class='ocrx_word' id='word_1_727' title='bbox 691 4775 1082 4866; x_wconf 79' lang='lat' dir='ltr'><strong>amplectens,</strong></span> <span class='ocrx_word' id='word_1_728' title='bbox 1121 4775 1401 4866; x_wconf 87' lang='lat' dir='ltr'><strong>similiter</strong></span> <span class='ocrx_word' id='word_1_729' title='bbox 1451 4779 1691 4859; x_wconf 86' lang='lat' dir='ltr'><strong>quidem</strong></span> <span class='ocrx_word' id='word_1_730' title='bbox 1726 4780 1931 4844; x_wconf 88' lang='lat' dir='ltr'><strong>habuit</strong></span> <span class='ocrx_word' id='word_1_731' title='bbox 1960 4801 2064 4846; x_wconf 92' lang='lat' dir='ltr'><strong>cor</strong></span> 
     </span>
    </p>
   </div>
   <div class='ocr_carea' id='block_1_103' title="bbox 2159 4775 3756 4866">
    <p class='ocr_par' dir='ltr' id='par_1_103' title="bbox 2159 4775 3756 4866">
     <span class='ocr_line' id='line_1_103' title="bbox 2159 4775 3756 4866; baseline -0.005 -24"><span class='ocrx_word' id='word_1_732' title='bbox 2159 4787 2368 4861; x_wconf 60' lang='grc' dir='ltr'>Κείψανα</span> <span class='ocrx_word' id='word_1_733' title='bbox 2427 4775 2699 4866; x_wconf 20' lang='grc' dir='ltr'>περιεῖχεν,</span> <span class='ocrx_word' id='word_1_734' title='bbox 2763 4792 3074 4866; x_wconf 80' lang='grc' dir='ltr'>προσκυνῶν</span> <span class='ocrx_word' id='word_1_735' title='bbox 3131 4775 3188 4842; x_wconf 81' lang='grc' dir='ltr'><strong>τε</strong></span> <span class='ocrx_word' id='word_1_736' title='bbox 3243 4787 3333 4843; x_wconf 84' lang='grc' dir='ltr'><strong>καὶ</strong></span> <span class='ocrx_word' id='word_1_737' title='bbox 3389 4780 3756 4866; x_wconf 76' lang='grc' dir='ltr'>ἀσπαζόμενος,</span> 
     </span>
    </p>
   </div>
   <div class='ocr_carea' id='block_1_104' title="bbox 404 4862 2073 4955">
    <p class='ocr_par' dir='ltr' id='par_1_104' title="bbox 404 4862 2061 4955">
     <span class='ocr_line' id='line_1_104' title="bbox 404 4862 2061 4955; baseline 0.007 -31"><span class='ocrx_word' id='word_1_738' title='bbox 404 4862 703 4955; x_wconf 87' lang='lat' dir='ltr'><strong>repletum</strong></span> <span class='ocrx_word' id='word_1_739' title='bbox 757 4862 1022 4955; x_wconf 73' lang='lat' dir='ltr'><strong>lumine;</strong></span> <span class='ocrx_word' id='word_1_740' title='bbox 1057 4864 1340 4946; x_wconf 84' lang='lat' dir='ltr'><strong>impletus</strong></span> <span class='ocrx_word' id='word_1_741' title='bbox 1386 4877 1478 4930; x_wconf 88' lang='lat' dir='ltr'><strong>est</strong></span> <span class='ocrx_word' id='word_1_742' title='bbox 1506 4878 1701 4932; x_wconf 83' lang='lat' dir='ltr'><strong>autem</strong></span> <span class='ocrx_word' id='word_1_743' title='bbox 1739 4873 1791 4934; x_wconf 92' lang='lat' dir='ltr'><strong>ei</strong></span> <span class='ocrx_word' id='word_1_744' title='bbox 1821 4890 2061 4954; x_wconf 89' lang='lat' dir='ltr'><strong>quoque</strong></span> 
     </span>
    </p>
   </div>
   <div class='ocr_carea' id='block_1_105' title="bbox 2159 4862 3759 4955">
    <p class='ocr_par' dir='ltr' id='par_1_105' title="bbox 2159 4862 3759 4955">
     <span class='ocr_line' id='line_1_105' title="bbox 2159 4862 3759 4955; baseline -0.003 -24"><span class='ocrx_word' id='word_1_745' title='bbox 2159 4875 2431 4955; x_wconf 62' lang='grc' dir='ltr'>ἐπληρώθη</span> <span class='ocrx_word' id='word_1_746' title='bbox 2492 4862 2558 4951; x_wconf 74' lang='grc' dir='ltr'>μὲ</span> <span class='ocrx_word' id='word_1_747' title='bbox 2603 4862 2814 4951; x_wconf 71' lang='grc' dir='ltr'>δμοίως</span> <span class='ocrx_word' id='word_1_748' title='bbox 2862 4877 2957 4942; x_wconf 75' lang='grc' dir='ltr'>τὴν</span> <span class='ocrx_word' id='word_1_749' title='bbox 3016 4875 3230 4953; x_wconf 85' lang='grc' dir='ltr'>καρδίαν</span> <span class='ocrx_word' id='word_1_750' title='bbox 3287 4873 3480 4954; x_wconf 80' lang='grc' dir='ltr'>φωτὸς,</span> <span class='ocrx_word' id='word_1_751' title='bbox 3539 4865 3759 4935; x_wconf 73' lang='grc' dir='ltr'>ἐπλήσθη</span> 
     </span>
    </p>
   </div>
   <div class='ocr_carea' id='block_1_106' title="bbox 405 4953 2073 5044">
    <p class='ocr_par' dir='ltr' id='par_1_106' title="bbox 405 4953 2061 5042">
     <span class='ocr_line' id='line_1_106' title="bbox 405 4953 2061 5042; baseline 0.005 -26"><span class='ocrx_word' id='word_1_752' title='bbox 405 4953 646 5016; x_wconf 83' lang='lat' dir='ltr'><strong>animus</strong></span> <span class='ocrx_word' id='word_1_753' title='bbox 705 4953 1028 5035; x_wconf 85' lang='lat' dir='ltr'><strong>voluptate,</strong></span> <span class='ocrx_word' id='word_1_754' title='bbox 1063 4961 1122 5016; x_wconf 87' lang='lat' dir='ltr'><strong>et</strong></span> <span class='ocrx_word' id='word_1_755' title='bbox 1179 4974 1449 5038; x_wconf 84' lang='lat' dir='ltr'><strong>quamam</strong></span> <span class='ocrx_word' id='word_1_756' title='bbox 1511 4957 1665 5022; x_wconf 85' lang='lat' dir='ltr'><strong>bona</strong></span> <span class='ocrx_word' id='word_1_757' title='bbox 1713 4953 2061 5042; x_wconf 81' lang='lat' dir='ltr'><strong>exspectant</strong></span> 
     </span>
    </p>
   </div>
   <div class='ocr_carea' id='block_1_107' title="bbox 2159 4953 3758 5044">
    <p class='ocr_par' dir='ltr' id='par_1_107' title="bbox 2159 4953 3758 5044">
     <span class='ocr_line' id='line_1_107' title="bbox 2159 4953 3758 5044; baseline 0.01 -34"><span class='ocrx_word' id='word_1_758' title='bbox 2159 4962 2198 5020; x_wconf 66' lang='lat'><strong>3‘5</strong></span> <span class='ocrx_word' id='word_1_759' title='bbox 2243 4953 2339 5032; x_wconf 68' lang='grc' dir='ltr'>τήν</span> <span class='ocrx_word' id='word_1_760' title='bbox 2395 4965 2581 5044; x_wconf 74' lang='grc' dir='ltr'>ψυχήν</span> <span class='ocrx_word' id='word_1_761' title='bbox 2637 4961 2857 5040; x_wconf 75' lang='grc' dir='ltr'>ἡδονῆς,</span> <span class='ocrx_word' id='word_1_762' title='bbox 2892 4965 2978 5021; x_wconf 83' lang='grc' dir='ltr'><strong>καὶ</strong></span> <span class='ocrx_word' id='word_1_763' title='bbox 3023 4965 3120 5021; x_wconf 77' lang='grc' dir='ltr'>οἷα</span> <span class='ocrx_word' id='word_1_764' title='bbox 3159 4963 3224 5020; x_wconf 72' lang='grc' dir='ltr'>τά</span> <span class='ocrx_word' id='word_1_765' title='bbox 3267 4953 3385 5027; x_wconf 83' lang='grc' dir='ltr'>τοὺς</span> <span class='ocrx_word' id='word_1_766' title='bbox 3415 4959 3587 5040; x_wconf 75' lang='grc' dir='ltr'>ἁγίους</span> <span class='ocrx_word' id='word_1_767' title='bbox 3629 4974 3758 5044; x_wconf 31' lang='grc' dir='ltr'>περ-ι·</span> 
     </span>
    </p>
   </div>
   <div class='ocr_carea' id='block_1_108' title="bbox 405 5042 2073 5134">
    <p class='ocr_par' dir='ltr' id='par_1_108' title="bbox 405 5045 2055 5134">
     <span class='ocr_line' id='line_1_108' title="bbox 405 5045 2055 5134; baseline 0.005 -29"><span class='ocrx_word' id='word_1_768' title='bbox 405 5052 672 5134; x_wconf 82' lang='lat' dir='ltr'><strong>sanctos,</strong></span> <span class='ocrx_word' id='word_1_769' title='bbox 726 5061 835 5134; x_wconf 90' lang='lat' dir='ltr'><strong>per</strong></span> <span class='ocrx_word' id='word_1_770' title='bbox 892 5045 1227 5134; x_wconf 62' lang='lat' dir='ltr'><strong>prementia,</strong></span> <span class='ocrx_word' id='word_1_771' title='bbox 1289 5047 1483 5128; x_wconf 86' lang='lat' dir='ltr'><strong>quoad</strong></span> <span class='ocrx_word' id='word_1_772' title='bbox 1519 5049 1650 5129; x_wconf 89' lang='lat' dir='ltr'><strong>ejus</strong></span> <span class='ocrx_word' id='word_1_773' title='bbox 1682 5050 1812 5112; x_wconf 80' lang='lat' dir='ltr'><strong>ﬁeri</strong></span> <span class='ocrx_word' id='word_1_774' title='bbox 1845 5051 2055 5133; x_wconf 92' lang='lat' dir='ltr'><strong>potuit,</strong></span> 
     </span>
    </p>
   </div>
   <div class='ocr_carea' id='block_1_109' title="bbox 2159 5042 3753 5134">
    <p class='ocr_par' dir='ltr' id='par_1_109' title="bbox 2159 5042 3753 5134">
     <span class='ocr_line' id='line_1_109' title="bbox 2159 5042 3753 5134; baseline -0.006 -23"><span class='ocrx_word' id='word_1_775' title='bbox 2159 5055 2368 5112; x_wconf 76' lang='grc' dir='ltr'>ιένοντα</span> <span class='ocrx_word' id='word_1_776' title='bbox 2412 5042 2582 5133; x_wconf 52' lang='grc' dir='ltr'>ἀγαθὰ</span> <span class='ocrx_word' id='word_1_777' title='bbox 2635 5055 2718 5110; x_wconf 71' lang='grc' dir='ltr'><strong>διὰ</strong></span> <span class='ocrx_word' id='word_1_778' title='bbox 2769 5059 2875 5110; x_wconf 80' lang='grc' dir='ltr'><strong>τῶν</strong></span> <span class='ocrx_word' id='word_1_779' title='bbox 2917 5052 3192 5134; x_wconf 75' lang='grc' dir='ltr'>παρόντων</span> <span class='ocrx_word' id='word_1_780' title='bbox 3235 5055 3312 5118; x_wconf 85' lang='grc' dir='ltr'><strong>ὡς</strong></span> <span class='ocrx_word' id='word_1_781' title='bbox 3353 5052 3465 5108; x_wconf 76' lang='grc' dir='ltr'>ἐνὸν</span> <span class='ocrx_word' id='word_1_782' title='bbox 3518 5042 3753 5134; x_wconf 62' lang='grc' dir='ltr'>ἐτεκμαί-</span> 
     </span>
    </p>
   </div>
   <div class='ocr_carea' id='block_1_110' title="bbox 402 5128 2073 5224">
    <p class='ocr_par' dir='ltr' id='par_1_110' title="bbox 402 5128 2052 5221">
     <span class='ocr_line' id='line_1_110' title="bbox 402 5128 2052 5221; baseline 0.006 -27"><span class='ocrx_word' id='word_1_783' title='bbox 402 5150 514 5196; x_wconf 88' lang='lat' dir='ltr'><strong>con</strong></span> <span class='ocrx_word' id='word_1_784' title='bbox 515 5133 687 5214; x_wconf 88' lang='lat' dir='ltr'><strong>jecit.</strong></span> <span class='ocrx_word' id='word_1_785' title='bbox 717 5133 949 5198; x_wconf 88' lang='lat' dir='ltr'><strong>Deinde</strong></span> <span class='ocrx_word' id='word_1_786' title='bbox 973 5133 1163 5196; x_wconf 90' lang='lat' dir='ltr'><strong>ivitad</strong></span> <span class='ocrx_word' id='word_1_787' title='bbox 1183 5137 1506 5218; x_wconf 88' lang='lat' dir='ltr'><strong>nundinas,</strong></span> <span class='ocrx_word' id='word_1_788' title='bbox 1535 5128 1596 5200; x_wconf 87' lang='lat' dir='ltr'><strong>ut</strong></span> <span class='ocrx_word' id='word_1_789' title='bbox 1618 5128 2052 5221; x_wconf 69' lang='lat' dir='ltr'><strong>supellectilem</strong></span> 
     </span>
    </p>
   </div>
   <div class='ocr_carea' id='block_1_111' title="bbox 2159 5128 3754 5224">
    <p class='ocr_par' dir='ltr' id='par_1_111' title="bbox 2159 5128 3754 5224">
     <span class='ocr_line' id='line_1_111' title="bbox 2159 5128 3754 5224; baseline -0.009 -23"><span class='ocrx_word' id='word_1_790' title='bbox 2159 5165 2259 5202; x_wconf 68' lang='lat' dir='ltr'><strong>isto</strong></span> <span class='ocrx_word' id='word_1_791' title='bbox 2293 5158 2308 5173; x_wconf 83' lang='lat'><strong>&#39;</strong></span> <span class='ocrx_word' id='word_1_792' title='bbox 2366 5143 2554 5200; x_wconf 80' lang='grc' dir='ltr'>ἔπειτα</span> <span class='ocrx_word' id='word_1_793' title='bbox 2608 5145 2695 5201; x_wconf 77' lang='grc' dir='ltr'><strong>καὶ</strong></span> <span class='ocrx_word' id='word_1_794' title='bbox 2754 5145 2828 5208; x_wconf 83' lang='grc' dir='ltr'><strong>εὶς</strong></span> <span class='ocrx_word' id='word_1_795' title='bbox 2885 5144 2984 5210; x_wconf 65' lang='grc' dir='ltr'>τάν</span> <span class='ocrx_word' id='word_1_796' title='bbox 3059 5145 3352 5224; x_wconf 71' lang='grc' dir='ltr'>πανήγυριν</span> <span class='ocrx_word' id='word_1_797' title='bbox 3409 5143 3515 5221; x_wconf 68' lang='grc' dir='ltr'>ᾔει,</span> <span class='ocrx_word' id='word_1_798' title='bbox 3577 5128 3754 5224; x_wconf 74' lang='grc' dir='ltr'>ἔπιπλα</span> 
     </span>
    </p>
   </div>
   <div class='ocr_carea' id='block_1_112' title="bbox 401 5219 2073 5310">
    <p class='ocr_par' dir='ltr' id='par_1_112' title="bbox 401 5219 2053 5307">
     <span class='ocr_line' id='line_1_112' title="bbox 401 5219 2053 5307; baseline 0.005 -24"><span class='ocrx_word' id='word_1_799' title='bbox 401 5225 721 5303; x_wconf 89' lang='lat' dir='ltr'><strong>quamdam</strong></span> <span class='ocrx_word' id='word_1_800' title='bbox 754 5232 1004 5300; x_wconf 84' lang='lat' dir='ltr'><strong>emeret,</strong></span> <span class='ocrx_word' id='word_1_801' title='bbox 1040 5233 1098 5287; x_wconf 92' lang='lat' dir='ltr'><strong>et</strong></span> <span class='ocrx_word' id='word_1_802' title='bbox 1138 5227 1510 5307; x_wconf 85' lang='lat' dir='ltr'><strong>vestimenta,</strong></span> <span class='ocrx_word' id='word_1_803' title='bbox 1548 5240 1613 5293; x_wconf 89' lang='lat' dir='ltr'><strong>ut</strong></span> <span class='ocrx_word' id='word_1_804' title='bbox 1669 5219 1745 5293; x_wconf 83' lang='lat' dir='ltr'><strong>iis</strong></span> <span class='ocrx_word' id='word_1_805' title='bbox 1778 5231 2053 5294; x_wconf 87' lang='lat' dir='ltr'><strong>indueret</strong></span> 
     </span>
    </p>
   </div>
   <div class='ocr_carea' id='block_1_113' title="bbox 2159 5219 3750 5310">
    <p class='ocr_par' dir='ltr' id='par_1_113' title="bbox 2159 5219 3750 5310">
     <span class='ocr_line' id='line_1_113' title="bbox 2159 5219 3750 5310; baseline -0.009 -18"><span class='ocrx_word' id='word_1_806' title='bbox 2159 5235 2198 5304; x_wconf 71' lang='grc' dir='ltr'>ἰή</span> <span class='ocrx_word' id='word_1_807' title='bbox 2255 5256 2372 5291; x_wconf 81' lang='grc' dir='ltr'>τινα</span> <span class='ocrx_word' id='word_1_808' title='bbox 2403 5234 2708 5302; x_wconf 84' lang='grc' dir='ltr'>ὠνήσασθαι</span> <span class='ocrx_word' id='word_1_809' title='bbox 2758 5233 2844 5290; x_wconf 74' lang='grc' dir='ltr'><strong>καὶ</strong></span> <span class='ocrx_word' id='word_1_810' title='bbox 2891 5234 3189 5310; x_wconf 69' lang='grc' dir='ltr'>ἐσθήματα,</span> <span class='ocrx_word' id='word_1_811' title='bbox 3248 5232 3434 5299; x_wconf 84' lang='grc' dir='ltr'>πένησι</span> <span class='ocrx_word' id='word_1_812' title='bbox 3477 5228 3560 5285; x_wconf 86' lang='grc' dir='ltr'><strong>καὶ</strong></span> <span class='ocrx_word' id='word_1_813' title='bbox 3624 5219 3750 5278; x_wconf 79' lang='grc' dir='ltr'>ἀπό·</span> 
     </span>
    </p>
   </div>
   <div class='ocr_carea' id='block_1_114' title="bbox 401 5315 2073 5404">
    <p class='ocr_par' dir='ltr' id='par_1_114' title="bbox 401 5319 2050 5404">
     <span class='ocr_line' id='line_1_114' title="bbox 401 5319 2050 5404; baseline 0.006 -32"><span class='ocrx_word' id='word_1_814' title='bbox 401 5327 698 5404; x_wconf 82' lang='lat' dir='ltr'><strong>pauperes</strong></span> <span class='ocrx_word' id='word_1_815' title='bbox 727 5321 789 5375; x_wconf 91' lang='lat' dir='ltr'><strong>et</strong></span> <span class='ocrx_word' id='word_1_816' title='bbox 819 5331 1070 5404; x_wconf 81' lang='lat' dir='ltr'><strong>egenos,</strong></span> <span class='ocrx_word' id='word_1_817' title='bbox 1104 5324 1308 5404; x_wconf 82' lang='lat' dir='ltr'><strong>utpote</strong></span> <span class='ocrx_word' id='word_1_818' title='bbox 1339 5319 1496 5396; x_wconf 89' lang='lat' dir='ltr'><strong>quod</strong></span> <span class='ocrx_word' id='word_1_819' title='bbox 1533 5327 1767 5402; x_wconf 90' lang='lat' dir='ltr'><strong>tempus</strong></span> <span class='ocrx_word' id='word_1_820' title='bbox 1788 5321 1930 5384; x_wconf 89' lang='lat' dir='ltr'><strong>anni</strong></span> <span class='ocrx_word' id='word_1_821' title='bbox 1976 5322 2050 5384; x_wconf 90' lang='lat' dir='ltr'><strong>ad</strong></span> 
     </span>
    </p>
   </div>
   <div class='ocr_carea' id='block_1_115' title="bbox 2159 5315 3749 5404">
    <p class='ocr_par' dir='ltr' id='par_1_115' title="bbox 2159 5315 3749 5404">
     <span class='ocr_line' id='line_1_115' title="bbox 2159 5315 3749 5404; baseline -0.013 -21"><span class='ocrx_word' id='word_1_822' title='bbox 2159 5346 2242 5388; x_wconf 76' lang='lat' dir='ltr'><strong>mc</strong></span> <span class='ocrx_word' id='word_1_823' title='bbox 2299 5320 2610 5396; x_wconf 65' lang='grc' dir='ltr'>περιϐολήν,</span> <span class='ocrx_word' id='word_1_824' title='bbox 2667 5322 2760 5379; x_wconf 70' lang='grc' dir='ltr'>ἅτε</span> <span class='ocrx_word' id='word_1_825' title='bbox 2821 5321 2885 5394; x_wconf 81' lang='grc' dir='ltr'><strong>δή</strong></span> <span class='ocrx_word' id='word_1_826' title='bbox 2944 5327 3031 5381; x_wconf 84' lang='grc' dir='ltr'><strong>καὶ</strong></span> <span class='ocrx_word' id='word_1_827' title='bbox 3091 5329 3192 5391; x_wconf 76' lang='grc' dir='ltr'><strong>τῆς</strong></span> <span class='ocrx_word' id='word_1_828' title='bbox 3275 5321 3411 5402; x_wconf 79' lang='grc' dir='ltr'>ὥρας</span> <span class='ocrx_word' id='word_1_829' title='bbox 3471 5317 3539 5380; x_wconf 84' lang='grc' dir='ltr'>εἷς</span> <span class='ocrx_word' id='word_1_830' title='bbox 3598 5315 3749 5404; x_wconf 25' lang='grc' dir='ltr'>,τοῦτο</span> 
     </span>
    </p>
   </div>
   <div class='ocr_carea' id='block_1_116' title="bbox 396 5399 2073 5493">
    <p class='ocr_par' dir='ltr' id='par_1_116' title="bbox 396 5399 2048 5493">
     <span class='ocr_line' id='line_1_116' title="bbox 396 5399 2048 5493; baseline 0.007 -34"><span class='ocrx_word' id='word_1_831' title='bbox 396 5399 458 5459; x_wconf 89' lang='lat' dir='ltr'><strong>id</strong></span> <span class='ocrx_word' id='word_1_832' title='bbox 481 5408 743 5493; x_wconf 80' lang='lat' dir='ltr'><strong>vocaret,</strong></span> <span class='ocrx_word' id='word_1_833' title='bbox 771 5399 1073 5493; x_wconf 87' lang='lat' dir='ltr'><strong>eratenim</strong></span> <span class='ocrx_word' id='word_1_834' title='bbox 1099 5402 1304 5483; x_wconf 78' lang='lat' dir='ltr'><strong>frigus.</strong></span> <span class='ocrx_word' id='word_1_835' title='bbox 1333 5406 1477 5468; x_wconf 88' lang='lat' dir='ltr'><strong>Cum</strong></span> <span class='ocrx_word' id='word_1_836' title='bbox 1502 5426 1572 5470; x_wconf 88' lang='lat' dir='ltr'><strong>ea</strong></span> <span class='ocrx_word' id='word_1_837' title='bbox 1593 5399 1733 5487; x_wconf 62' lang='lat' dir='ltr'><strong>ergo</strong></span> <span class='ocrx_word' id='word_1_838' title='bbox 1756 5411 2048 5473; x_wconf 85' lang='lat' dir='ltr'><strong>adornas-</strong></span> 
     </span>
    </p>
   </div>
   <div class='ocr_carea' id='block_1_117' title="bbox 2159 5399 3746 5493">
    <p class='ocr_par' dir='ltr' id='par_1_117' title="bbox 2159 5402 3746 5493">
     <span class='ocr_line' id='line_1_117' title="bbox 2159 5402 3746 5493; baseline -0.011 -23"><span class='ocrx_word' id='word_1_839' title='bbox 2159 5415 2428 5493; x_wconf 74' lang='grc' dir='ltr'>ιαλούσης,</span> <span class='ocrx_word' id='word_1_840' title='bbox 2491 5417 2668 5492; x_wconf 65' lang='grc' dir='ltr'>ψύχος</span> <span class='ocrx_word' id='word_1_841' title='bbox 2725 5413 2825 5491; x_wconf 76' lang='grc' dir='ltr'><strong>γὰρ</strong></span> <span class='ocrx_word' id='word_1_842' title='bbox 2882 5411 2972 5481; x_wconf 81' lang='grc' dir='ltr'><strong>ἧν,</strong></span> <span class='ocrx_word' id='word_1_843' title='bbox 3030 5411 3182 5471; x_wconf 81' lang='grc' dir='ltr'>Ἐπεὶ</span> <span class='ocrx_word' id='word_1_844' title='bbox 3238 5420 3320 5469; x_wconf 84' lang='grc' dir='ltr'>οὖν</span> <span class='ocrx_word' id='word_1_845' title='bbox 3377 5402 3746 5493; x_wconf 60' lang='grc' dir='ltr'>ἑνεσκευάσστο,</span> 
     </span>
    </p>
   </div>
   <div class='ocr_carea' id='block_1_118' title="bbox 397 5487 2073 5583">
    <p class='ocr_par' dir='ltr' id='par_1_118' title="bbox 397 5489 2043 5583">
     <span class='ocr_line' id='line_1_118' title="bbox 397 5489 2043 5583; baseline 0.007 -34"><span class='ocrx_word' id='word_1_846' title='bbox 397 5496 510 5563; x_wconf 81' lang='lat' dir='ltr'><strong>set,</strong></span> <span class='ocrx_word' id='word_1_847' title='bbox 545 5498 603 5551; x_wconf 91' lang='lat' dir='ltr'><strong>et</strong></span> <span class='ocrx_word' id='word_1_848' title='bbox 633 5489 878 5583; x_wconf 80' lang='lat' dir='ltr'><strong>domum</strong></span> <span class='ocrx_word' id='word_1_849' title='bbox 909 5491 1177 5583; x_wconf 78' lang='lat' dir='ltr'><strong>eundum</strong></span> <span class='ocrx_word' id='word_1_850' title='bbox 1212 5502 1392 5570; x_wconf 89' lang='lat' dir='ltr'><strong>esset,</strong></span> <span class='ocrx_word' id='word_1_851' title='bbox 1442 5514 1555 5558; x_wconf 90' lang='lat' dir='ltr'><strong>usu</strong></span> <span class='ocrx_word' id='word_1_852' title='bbox 1606 5498 1687 5561; x_wconf 86' lang='lat' dir='ltr'><strong>ita</strong></span> <span class='ocrx_word' id='word_1_853' title='bbox 1733 5511 2043 5580; x_wconf 86' lang='lat' dir='ltr'><strong>poscente,</strong></span> 
     </span>
    </p>
   </div>
   <div class='ocr_carea' id='block_1_119' title="bbox 2159 5487 3745 5583">
    <p class='ocr_par' dir='ltr' id='par_1_119' title="bbox 2159 5487 3745 5583">
     <span class='ocr_line' id='line_1_119' title="bbox 2159 5487 3745 5583; baseline -0.008 -23"><span class='ocrx_word' id='word_1_854' title='bbox 2159 5505 2220 5560; x_wconf 69' lang='lat' dir='ltr'><strong>Lai</strong></span> <span class='ocrx_word' id='word_1_855' title='bbox 2276 5501 2378 5560; x_wconf 76' lang='grc' dir='ltr'>ἔδει</span> <span class='ocrx_word' id='word_1_856' title='bbox 2414 5487 2619 5583; x_wconf 66' lang='grc' dir='ltr'><strong>⁷φοιτῐῇ</strong></span> <span class='ocrx_word' id='word_1_857' title='bbox 2663 5487 2846 5559; x_wconf 75' lang='grc' dir='ltr'>οἴκαδε</span> <span class='ocrx_word' id='word_1_858' title='bbox 2906 5501 3092 5582; x_wconf 81' lang='grc' dir='ltr'>χρείας</span> <span class='ocrx_word' id='word_1_859' title='bbox 3153 5490 3485 5579; x_wconf 75' lang='grc' dir='ltr'>ἐπειγούσης,</span> <span class='ocrx_word' id='word_1_860' title='bbox 3546 5487 3745 5566; x_wconf 75' lang='grc' dir='ltr'>συνδρο·</span> 
     </span>
    </p>
   </div>
   <div class='ocr_carea' id='block_1_120' title="bbox 398 5577 2073 5673">
    <p class='ocr_par' dir='ltr' id='par_1_120' title="bbox 398 5577 2046 5668">
     <span class='ocr_line' id='line_1_120' title="bbox 398 5577 2046 5668; baseline 0.008 -28"><span class='ocrx_word' id='word_1_861' title='bbox 398 5583 528 5646; x_wconf 85' lang='lat' dir='ltr'><strong>erat</strong></span> <span class='ocrx_word' id='word_1_862' title='bbox 549 5577 792 5662; x_wconf 87' lang='lat' dir='ltr'><strong>quidem</strong></span> <span class='ocrx_word' id='word_1_863' title='bbox 825 5579 1077 5642; x_wconf 87' lang='lat' dir='ltr'><strong>nubium</strong></span> <span class='ocrx_word' id='word_1_864' title='bbox 1124 5599 1476 5668; x_wconf 84' lang='lat' dir='ltr'><strong>concursus,</strong></span> <span class='ocrx_word' id='word_1_865' title='bbox 1511 5594 1575 5650; x_wconf 88' lang='lat' dir='ltr'><strong>ut</strong></span> <span class='ocrx_word' id='word_1_866' title='bbox 1618 5577 1772 5650; x_wconf 76' lang='lat' dir='ltr'><strong>solet</strong></span> <span class='ocrx_word' id='word_1_867' title='bbox 1799 5589 2046 5668; x_wconf 86' lang='lat' dir='ltr'><strong>hieme;</strong></span> 
     </span>
    </p>
   </div>
   <div class='ocr_carea' id='block_1_121' title="bbox 2159 5577 3743 5673">
    <p class='ocr_par' dir='ltr' id='par_1_121' title="bbox 2159 5577 3743 5673">
     <span class='ocr_line' id='line_1_121' title="bbox 2159 5577 3743 5673; baseline -0.025 -1"><span class='ocrx_word' id='word_1_868' title='bbox 2159 5594 2209 5664; x_wconf 55' lang='lat'><strong>&quot;5</strong></span> <span class='ocrx_word' id='word_1_869' title='bbox 2245 5593 2368 5670; x_wconf 63' lang='grc' dir='ltr'><strong>μὲν,</strong></span> <span class='ocrx_word' id='word_1_870' title='bbox 2401 5577 2497 5652; x_wconf 52' lang='grc' dir='ltr'><strong>οἶα</strong></span> <span class='ocrx_word' id='word_1_871' title='bbox 2529 5597 2822 5673; x_wconf 80' lang='grc' dir='ltr'>χειμῶνος,</span> <span class='ocrx_word' id='word_1_872' title='bbox 2885 5577 3057 5672; x_wconf 58' lang='grc' dir='ltr'>νῖιρῶν</span> <span class='ocrx_word' id='word_1_873' title='bbox 3104 5592 3193 5669; x_wconf 79' lang='grc' dir='ltr'><strong>ἧν,</strong></span> <span class='ocrx_word' id='word_1_874' title='bbox 3265 5577 3453 5670; x_wconf 69' lang='grc' dir='ltr'>ὄμϐρου</span> <span class='ocrx_word' id='word_1_875' title='bbox 3482 5584 3534 5642; x_wconf 69' lang='grc' dir='ltr'>δὲ</span> <span class='ocrx_word' id='word_1_876' title='bbox 3590 5596 3743 5638; x_wconf 79' lang='grc' dir='ltr'>κατα-</span> 
     </span>
    </p>
   </div>
  </div>
