4006 6146
310 373 427 441 465

1592 373 1778 440 VITA
1821 375 1883 438 S.
1932 373 2319 441 SPYRIDON
2325 376 2418 442 IS.

3569 386 3688 458 466

303 513 442 594 φορὰ
491 510 776 582 ἡπειλεϊτο
848 507 1086 606 σφοδρὰ,Δ
1145 511 1231 568 καὶ
1288 511 1322 579 ἡ
1353 602 1363 606 Α
1395 509 1610 590 φροντὶς
1669 512 1732 606 οδ
1794 511 1939 591 μικρὶ

2038 509 2485 606 intentabantur
2503 520 2698 576 autem
2723 513 2899 606 minae
2918 515 3288 583 vehementis
3309 519 3522 586 futurae
3547 525 3686 606 plu-

300 603 441 660 οὕτω
501 601 948 679 ταλαιπωροῦντι,
1005 601 1093 658 καὶ
1149 603 1242 658 τὸν
1297 602 1488 681 φόρτον
1531 600 1814 679 παραδόντι
1871 607 1950 677 τῷ

299 693 458 768 ὑετῷ,
526 691 625 761 τὴν
670 691 722 754 ὲς
781 691 848 750 τὰ
891 692 1064 748 οἰκεῖα
1123 687 1334 766 τέμνειν
1389 689 1532 754 ὁδόν.
1589 689 1948 771 Προϐάλλεται

297 790 424 860 γοῦν
481 783 583 851 τὴν
625 780 830 860 ἀγαθὴν
887 778 1096 857 ἐλπίδα,
1141 781 1228 838 καὶ
1300 781 1364 838 τὰ
1403 779 1630 858 ἔπιπλα,
1701 783 1791 839 καὶ
1845 789 1948 839 πᾶν

299 872 421 930 ὅσον
481 873 538 928 ὲν
595 871 880 946 ἒσθήμασι,
940 886 1057 937 τοῖς
1104 872 1402 950 ὑποζυγίοις
1442 871 1740 949 ἐνθέμενος,
1789 871 1944 936 αὖτὸς

301 964 376 1038 τῷ
427 963 614 1020 τούτου
659 959 978 1041 προστρέχει
1033 961 1167 1037 ναῷ,
1199 963 1286 1018 καὶ
1317 963 1390 1027 ὡς
1421 963 1547 1043 ε’ίχε
1577 968 1646 1040 τῇ
1670 964 1810 1039 θήκῃ
1844 983 1944 1020 πε-

313 1053 557 1132 ριχυθεὶς,
620 1052 707 1108 καὶ
762 1051 858 1108 οἶα
910 1055 1067 1122 ζῶντι
1124 1053 1332 1128 θερμῶς
1387 1053 1639 1132 περιφὺς,
1713 1053 1943 1108 αἰτεῖται

311 1146 625 1209 κοινωνῆσαι
711 1139 853 1214 αὖτῷ
924 1139 1022 1208 τῆς
1100 1136 1239 1213 ὀδοῦ,
1314 1141 1403 1197 καὶ
1468 1142 1688 1217 ἡγεμὼν
1747 1142 1942 1220 ἀγαθὸς

303 1231 541 1309 γενέσθαι
592 1230 736 1305 αὒτῷ
793 1252 852 1287 τε
910 1231 1149 1296 καὶτοῖς
1208 1231 1300 1286 σὺν
1359 1233 1500 1290 αὐτὼ
1548 1237 1730 1306 πᾶσιν,
1781 1230 1942 1288 εὔπο-

296 1322 388 1396 ρόν
443 1341 502 1378 τε
572 1322 752 1386 αὐτοῖς
808 1320 908 1388 τὴν
980 1317 1100 1377 ὁδὸν
1145 1325 1368 1387 ποιῆσαι
1419 1327 1527 1378 τῶν
1577 1319 1790 1399 ὄμϐρων
1847 1322 1944 1390 τὴν

296 1410 530 1479 ἀπειλήν
586 1412 672 1468 καὶ
719 1409 1030 1486 πνευμάτων
1079 1409 1372 1490 ἐπισχόντα
1417 1412 1514 1481 τήν
1544 1411 1682 1488 βίαν.
1743 1409 1804 1469 Ὀ
1847 1413 1942 1479 μὲν

2030 600 2134 662 via:
2160 622 2175 682 ;
2205 611 2262 663 et
2287 621 2404 664 non
2431 621 2642 684 parum
2669 611 2796 666 erat
2811 605 3279 690 sollicitus,num
3305 612 3383 675 ita
3405 600 3684 688 amictus.

2029 707 2163 784 cum
2188 710 2339 784 onus
2373 692 2716 784 tradidisset
2769 694 3004 774 pluviae,
3042 697 3292 762 deberet
3323 703 3683 784 compendio

2029 779 2272 874 domum
2307 781 2421 843 iter
2449 782 2709 874 ingredi.
2734 786 2958 874 Bonam
2987 785 3186 869 itaque
3209 807 3375 870 spem
3402 779 3517 853 sibi
3550 811 3684 874 pro-

2030 869 2197 960 ponit
2224 890 2239 931 :
2267 880 2322 931 et
2345 889 2480 933 cum
2505 872 2966 960 supellectilem,
2993 885 3055 936 et
3097 869 3384 960 quidquid
3419 869 3682 946 erat-ve-

2029 957 2230 1032 stium,
2259 959 2554 1039 jumentis
2584 962 2988 1042 imposuisset,
3024 957 3150 1046 ipse
3182 957 3368 1030 currit
3415 971 3486 1032 ad
3521 979 3682 1035 tem-

2031 1048 2190 1142 plum
2222 1049 2480 1142 Domini,
2519 1059 2577 1113 et
2607 1051 2807 1142 loculo
2840 1053 3260 1137 circumfusus,
3297 1067 3357 1120 et
3401 1066 3678 1142 tanquam

2028 1138 2221 1200 vivum
2255 1140 2539 1202 ardenter
2567 1141 2899 1221 amplexus,
2933 1153 3120 1224 rogat,
3154 1155 3218 1207 ut
3246 1146 3323 1209 sit
3351 1148 3408 1210 ei
3439 1138 3544 1212 vias
3573 1170 3678 1213 co-

2033 1247 2157 1289 mes
2191 1238 2247 1289 et
2278 1228 2475 1290 bonus
2496 1230 2637 1304 dux,
2666 1230 2840 1311 eique
2867 1239 2925 1292 et
2953 1233 3081 1295 suis
3111 1235 3392 1299 omnibus
3422 1238 3681 1302 faustum

2029 1327 2088 1378 et
2121 1317 2253 1380 felix
2289 1318 2404 1380 iter
2437 1317 2715 1399 praebeat,
2757 1321 3036 1382 imbrium
3097 1323 3288 1386 minas
3321 1335 3380 1388 et
3407 1328 3524 1389 vim
3579 1348 3682 1392 re-

2032 1407 2293 1484 primens
2344 1417 2681 1470 ventorum.
2730 1407 2836 1470 Ille
2892 1411 3136 1490 quidem
3191 1416 3315 1478 haec
3375 1428 3678 1501 precatus,

2029 1498 2209 1588 exite
2239 1497 2737 1578 Trimmythunte.
2773 1499 3027 1561 Sanctus
3079 1510 3302 1582 autem,
3338 1506 3494 1570 sicut
3553 1497 3682 1588 ipse

2027 1583 2222 1646 fuerat
2254 1595 2554 1666 precatus,
2590 1606 2709 1648 non
2742 1588 2935 1650 solum
2972 1589 3206 1669 fugiens
3237 1593 3543 1670 obtutum,
3573 1583 3681 1659 sed

293 1682 488 1756 μόνον,
556 1679 692 1736 ἀλλά
731 1680 817 1736 καὶ
875 1681 1078 1758 ορατῶς
1135 1677 1239 1747 ἤδη
1283 1679 1366 1735 διὰ
1425 1680 1603 1748 πάσης
1654 1684 1795 1755 αὐτῷ
1847 1680 1939 1748 τῆς

2027 1672 2205 1734 etiam
2241 1675 2462 1737 cadens
2491 1676 2600 1738 sub
2632 1679 2863 1758 oculos,
2927 1697 3033 1759 per
3092 1688 3270 1744 totam
3325 1687 3474 1747 viam
3506 1687 3679 1749 simul

291 1769 442 1850 ὁδοῦ,
501 1772 732 1848 καθάπερ
802 1777 907 1826 τῶν
985 1767 1275 1848 ὁδοιπόρων
1343 1774 1453 1850 εἷς,
1511 1772 1821 1846 συμπαρῆν,
1883 1769 1939 1828 Ὀ

2027 1763 2249 1838 aderat,
2290 1773 2565 1846 tanquam
2603 1785 2756 1828 unus
2785 1786 2858 1829 ex
2905 1768 3260 1835 viatoribus.
3307 1771 3511 1836 Pluvia
3547 1793 3678 1836 vero

291 1857 350 1916 δέ
409 1845 471 1938 γε
528 1845 748 1938 ὄμϐρος,
813 1861 880 1935 τῇ
925 1880 983 1915 τε
1041 1868 1133 1919 τοῦ
1174 1845 1338 1938 ’ἇέρος
1396 1845 1652 1940 συγχύσει
1704 1861 1769 1936 τῇ
1824 1881 1939 1915 συν-

2027 1871 2098 1913 ex
2124 1845 2477 1917 confusione
2507 1855 2686 1930 aeris,
2721 1865 2779 1918 et
2807 1877 3106 1921 concursu
3159 1862 3436 1938 nubium,
3485 1872 3548 1926 ut
3576 1883 3678 1925 se—

292 1949 498 2006 ελεόαει
535 1971 588 2007 τε
616 1955 720 2007 τῶν
760 1952 951 2030 νεφῶν,
997 1950 1069 2013 ὡς
1104 1949 1300 2022 εἰπεῖν,
1351 1949 1645 2029 ἐπήρτητο,
1705 1955 1772 2024 τῇ
1813 1949 1939 2005 τού-

2027 1943 2140 2003 mel
2176 1943 2392 2018 dicam,
2419 1944 2843 2026 impendebat:
2876 1950 3005 2027 ejus
3037 1957 3235 2012 autem
3270 1952 3486 2015 virtute
3517 1954 3681 2016 cohi-

290 2059 390 2095 του
446 2037 502 2095 δὲ
533 2035 749 2113 δυνάμει
795 2037 1104 2115 κατείχετο,
1164 2039 1250 2094 καὶ
1307 2043 1404 2104 τῆς
1461 2044 1623 2118 φορᾶς
1683 2037 1939 2094 ἀνεστέλ-

2027 2031 2294 2122 bebatur,
2330 2045 2392 2095 et
2419 2037 2864 2115 reprimebatur
2917 2039 3082 2101 illius
3114 2041 3395 2122 impetus.
3426 2041 3676 2115 Quando

291 2127 446 2188 λετο.
505 2127 636 2186 ’Ὅτε
685 2125 740 2182 δὲ
774 2128 861 2183 καὶ
889 2126 982 2183 τὸν
1013 2125 1168 2183 οἶκον
1195 2124 1487 2183 κατέλαϐεν
1519 2129 1547 2182 ὃ
1593 2126 1749 2206 ἀνὴρ,
1784 2129 1811 2183 ὀ
1843 2128 1939 2202 μὲν

2027 2138 2162 2182 vero
2189 2121 2240 2182 is
2269 2125 2538 2202 pervenit
2563 2124 2832 2207 domum,
2857 2127 2959 2189 ille
2987 2121 3227 2210 quidem
3253 2132 3527 2210 protinus
3548 2151 3681 2196 eva-

295 2218 484 2276 αὖτίκα
536 2217 731 2295 γίνεται
805 2217 1012 2296 ἀφανής
1043 2230 1057 2244 ⁶
1133 2222 1223 2272 τοῦ
1295 2214 1350 2271 δὲ
1422 2214 1580 2272 πάλιν
1650 2218 1685 2284 ἡ
1758 2216 1939 2295 καρδία

2027 2211 2249 2273 nescit:
2283 2212 2412 2290 ejus
2443 2222 2638 2274 autem
2665 2233 2768 2275 cor
2795 2233 3002 2278 rursus
3033 2219 3322 2281 ineffabili
3350 2221 3483 2284 luce
3511 2222 3673 2285 illus-

291 2308 430 2387 φωτὶ
515 2306 725 2386 ἆῤῥήτῳ
805 2305 1223 2386 περιελάμπετο,
1293 2306 1380 2363 καὶ
1456 2312 1600 2385 χαρᾷ
1669 2304 1935 2387 διεχεῖτο,

2027 2299 2311 2374 trabatur,
2347 2309 2406 2361 et
2463 2301 2680 2379 gaudio
2740 2303 3208 2382 diffundebatur,
3246 2310 3496 2387 perinde
3526 2331 3594 2375 ac
3625 2313 3676 2374 si

290 2399 536 2475 καθάπερ
621 2395 902 2472 ἀψαμένης
993 2395 1156 2464 αὺτῆς
1234 2405 1325 2457 τοῦ
1409 2397 1582 2474 ἁγίου,
1670 2398 1756 2454 καὶ
1839 2403 1937 2466 τῆς

2027 2396 2261 2478 sanctus
2318 2389 2376 2450 id
2437 2391 2748 2470 tetigisset,
2811 2402 2873 2453 et
2928 2395 3120 2474 ipsum
3155 2396 3543 2478 impertiisset
3568 2421 3676 2464 sua

291 2487 494 2550 οἰκείας
553 2485 870 2562 μεταδόντπ
927 2486 1249 2565 εὐφροσύνης
1321 2487 1407 2543 καὶ
1468 2485 1686 2554 ἡδονῆς.
1751 2487 1938 2546 Ἠνίκα

2027 2476 2232 2570 laetitia
2264 2487 2319 2540 et
2355 2479 2682 2558 voluptate.
2716 2485 2858 2570 (lum
2905 2490 3102 2544 autem
3159 2476 3400 2549 sanctus
3429 2489 3670 2570 quidem

291 2578 349 2633 δὲ
409 2579 438 2633 ὁ
495 2577 596 2653 μὲν
650 2576 801 2654 ἅγιος
847 2576 1081 2656 ἀφανὴς,
1113 2577 1140 2632 ὀ
1169 2575 1220 2632 δὲ
1253 2576 1384 2654 ἀνὴρ
1415 2574 1552 2633 εἵσω
1597 2577 1783 2656 γέγονε
1839 2579 1936 2646 τῆς

2027 2568 2383 2642 evanuisset,
2417 2571 2509 2630 vir
2536 2587 2674 2630 vero
2706 2569 2947 2633 domum
2991 2580 3150 2635 esset
3183 2568 3510 2655 ingressus,
3543 2587 3668 2641 sta-

290 2667 484 2739 οἱκίας,
576 2666 761 2722 αὐτίκα
843 2668 928 2722 καὶ
1004 2666 1152 2729 ὑετὸς
1240 2665 1545 2746 ἡκολούθει,
1629 2668 1764 2724 πάνυ
1842 2667 1939 2742 μὲν

2027 2656 2125 2717 tim
2159 2657 2402 2738 quidem
2437 2657 2757 2720 admodum
2809 2661 3134 2724 vehemens
3183 2665 3376 2745 pluvia
3401 2677 3491 2729 est
3517 2687 3668 2729 con-

292 2754 576 2836 ῥαγδαῖος,
636 2755 773 2812 οὕτω
803 2753 856 2812 δὲ
911 2758 1000 2812 καὶ
1057 2757 1372 2835 παρατείνας
1415 2755 1660 2836 ἐπι-πολὺ,
1721 2759 1791 2821 ὡς
1853 2762 1939 2814 καὶ

2027 2757 2247 2836 secuta.
2289 2766 2420 2828 quae
2444 2747 2667 2810 tamdiu
2689 2749 2944 2827 duravit,
2973 2761 3037 2812 ut
3067 2760 3187 2814 tres
3219 2763 3370 2816 totos
3397 2756 3527 2818 dies
3549 2776 3667 2818 non

291 2833 385 2910 εἰς
421 2859 570 2924 τρεῖς
615 2843 742 2911 ὅλας
790 2845 995 2924 ἡμέρας
1049 2833 1143 2919 μη
1172 2845 1441 2905 ἐκλιπεῖν.
1499 2833 1602 2906 ’Καὶ
1650 2846 1771 2903 τότε
1843 2847 1939 2919 μὲν

2027 2835 2329 2898 defecerit.
2365 2836 2434 2898 Et
2465 2856 2624 2899 nunc
2680 2839 2922 2919 quidem
2977 2840 3063 2901 sic
3095 2841 3202 2904 vias
3233 2843 3666 2922 diﬂicultatem,

299 2935 436 2991 οὕτω
492 2935 587 3002 τὴν
633 2933 942 3016 δυσχέρειαν
986 2940 1084 3002 τῆς
1132 2934 1274 3016 ὀδοῦ,
1322 2934 1517 2994 ἄλλοτε
1556 2933 1610 2991 δὲ
1657 2937 1742 2992 καὶ
1772 2935 1939 3004 ἄλλην

2027 2924 2169 2986 alias
2199 2933 2396 2988 autem
2432 2926 2487 2988 ei
2518 2928 2697 2988 etiam
2732 2929 2906 2991 aliam
2958 2929 3188 3012 depulit
3215 2933 3398 2994 animi
3431 2935 3670 3015 aegritu-

306 3024 516 3098 ἀθυμίαν
547 3025 688 3099 αὕτῷ
718 3022 976 3086 διέλυσεν.

2027 3014 2255 3077 dinem.

382 3114 507 3177 ΛΞΓ,
571 3113 777 3192 Ἦμέρα
837 3115 936 3188 μὲν
991 3114 1088 3182 τῆς
1148 3113 1337 3194 ἐερτῆς
1370 3112 1533 3193 ἤγετο
1556 3113 1649 3171 τοῦ
1679 3112 1938 3196 μεγάλου,

2036 3193 2059 3196 _
2105 3103 2418 3196 XXXVIII.
2453 3106 2758 3186 Agebatur
2803 3108 3044 3190 quidem
3097 3111 3226 3174 dies
3257 3113 3443 3174 festus
3477 3117 3667 3195 magni

294 3202 488 3280 ἄπορον
551 3202 605 3259 δὲ
660 3207 736 3277 τῷ
763 3201 904 3279 ἀνδρὶ
933 3203 1237 3272 ἀπαντῆσαι
1286 3201 1473 3282 πάλιν,
1517 3204 1691 3262 καὶτὸ
1721 3210 1939 3282 πρᾶγμα

2027 3193 2360 3275 Spiridonis
2385 3217 2400 3276 ;
2429 3215 2547 3258 non
2568 3196 2783 3258 licebat
2804 3187 3001 3260 autem
3029 3201 3169 3264 huic
3190 3202 3318 3265 viro
3342 3221 3412 3265 eo
3438 3187 3666 3282 venire,

290 3293 539 3371 συμφορὰ
595 3291 762 3349 ἐδόκει
822 3294 984 3367 αὐτῷ,
1038 3295 1126 3350 καὶ
1180 3289 1248 3348 δι’
1307 3294 1474 3373 εὐχῆς
1526 3291 1788 3366 ἐποιεῖτο,
1842 3299 1939 3360 τῆς

2027 3293 2084 3345 et
2115 3303 2184 3346 ea
2213 3303 2312 3347 res
2341 3285 2398 3347 ei
2429 3287 2699 3366 quaedam
2733 3287 2926 3366 gravis
2986 3289 3301 3353 videbatur
3334 3293 3665 3369 calamitas,

290 3383 546 3451 συνήθους
578 3382 883 3449 ἐπισκοπῆς
941 3404 999 3439 τε
1054 3384 1143 3440 καὶ
1198 3383 1422 3462 χάριτος
1481 3383 1559 3458 μὴ
1616 3383 1938 3463 ἀποτυχεῖν.

2027 3377 2411 3458 rogabatque,
2446 3397 2522 3440 ne
2550 3390 2836 3441 consueta
2883 3381 3225 3445 visitatione
3258 3385 3588 3466 privaretur
3612 3398 3671 3451 et

289 3474 350 3530 Τί
402 3475 491 3528 οὖν
549 3471 695 3529 οὔπω
752 3471 913 3550 πέρας
1001 3470 1294 3548 ἐλάμϐανεν
1346 3474 1381 3542 ἡ
1426 3474 1588 3551 εὐχὴ,
1652 3474 1738 3529 καὶ
1799 3473 1939 3550 παρὰ

2027 3466 2230 3544 gratia.
2286 3467 2434 3540 Quid
2466 3467 2692 3546 igitur?
2723 3467 2997 3533 Nondum
3034 3473 3214 3536 ﬁnita
3242 3484 3412 3537 erant
3440 3496 3665 3556 preces,

288 3563 383 3618 τὸν
454 3563 579 3617 ναὸν
664 3559 833 3627 ἔδοξεν
907 3560 1142 3636 ἀπιέναι,
1224 3563 1310 3618 καὶ
1375 3561 1487 3636 ἅμα
1564 3567 1662 3628 τῆς
1743 3561 1939 3618 ἐκείνου

2027 3563 2085 3616 et
2133 3556 2292 3618 visus
2335 3565 2426 3618 est
2477 3557 2587 3618 sibi
2624 3558 2712 3618 ire
2741 3559 2816 3618 ad
2849 3561 3164 3642 templum,
3205 3573 3266 3625 et
3295 3565 3473 3626 simul
3511 3567 3671 3630 illius

289 3652 484 3728 ᾔσθετο
544 3651 827 3728 παρουσίας
886 3653 969 3708 καὶ
1014 3657 1113 3719 τῆς
1158 3650 1210 3718 ἐξ
1273 3651 1418 3716 ἔθους
1478 3651 1796 3728 ἐλλάμψεως
1847 3651 1938 3707 καί

2027 3651 2212 3706 sensit
2233 3645 3152 3730 adventum,illuminationisque
3169 3653 3575 3717 etdulcedinis
3595 3657 3671 3719 de

293 1509 463 1558 ταῦτα
531 1500 810 1576 εὑξᾶμενος
893 1500 991 1568 τῆς
1077 1501 1450 1579 Τριμιθοῦντος
1521 1500 1686 1577 ἆξῄει,
1771 1499 1831 1560 Ὀ
1890 1499 1944 1557 δὲ

293 1589 473 1671 ἅγιος,
556 1591 733 1668 ὥσπερ
822 1591 909 1646 καὶ
981 1597 1130 1652 οὗτος
1217 1589 1438 1663 ηὔξατο,
1526 1592 1619 1648 οὒκ
1704 1591 1944 1667 ἀοράτως

189 3781 192 3784 ~
289 3741 621 3819 γλυκύτητος
680 3741 974 3816 ἐκοινώνει,
1049 3744 1178 3818 πρὸς
1233 3763 1291 3798 τε
1336 3743 1426 3799 τὸν
1487 3744 1611 3798 ναὸν
1669 3741 1937 3798 συνεισελο

2027 3753 2191 3814 more
2222 3735 2329 3795 fuit
2370 3734 2670 3814 particeps
2703 3743 2761 3796 et
2786 3735 2903 3798 sibi
2934 3736 3087 3800 visus
3125 3748 3215 3801 est
3250 3743 3539 3823 templum
3570 3744 3668 3806 in-

286 3833 404 3886 θεῖν
461 3829 605 3904 αὓτῷ
637 3830 790 3904 ἐῴκει
847 3833 935 3886 καί
979 3833 1133 3896 αὐτὸς
1198 3833 1632 3908 προσευξόμενος,
1678 3833 1765 3888 καὶ
1807 3852 1936 3888 συν-

2027 3823 2212 3903 gredi,
2248 3831 2307 3884 et
2337 3841 2472 3884 cum
2506 3824 2633 3903 ipse
2678 3831 2836 3885 esset
2887 3836 3183 3906 precatus,
3218 3829 3404 3894 fuisse
3436 3851 3570 3894 cum
3604 3852 3677 3897 eo

286 3933 430 3976 εἶναι
503 3918 630 3997 παρ’
687 3918 822 3986 ὅλην
882 3922 1022 3994 αὑτῷ
1102 3922 1202 3989 τὴν
1265 3920 1593 4000 δοξολογίαν,
1668 3921 1792 3979 εἶτα
1849 3922 1937 3977 καὶ

2027 3931 2129 3994 per
2155 3923 2342 4006 totam
2372 3912 2892 4006 glorificationem.
2922 3916 3036 3989 Qui
3063 3937 3202 3980 cum
3237 3921 3538 3998 omnibus,
3566 3926 3666 4006 qui

285 4010 490 4074 πᾶντας
579 4009 942 4087 εὖλογήσαντα
1013 4010 1134 4072 τοὺς
1213 4013 1498 4089 παρόντας,
1583 4011 1666 4066 ἐπὶ
1753 4008 1932 4074 τέλους

2027 4003 2288 4074 aderant,
2326 4001 2753 4077 benedixisset,
2791 4006 3029 4066 tandem
3067 4011 3345 4071 recessit.

286 4101 612 4166 ἀποστῆναι.

371 4189 504 4251 ΔΘ’,
561 4187 713 4264 Ἐμοὶ
772 4189 868 4265 μὲν
932 4190 960 4245 ὅ
1017 4187 1176 4268 λόγος
1234 4192 1278 4246 εἰ
1347 4191 1434 4247 καὶ
1488 4191 1564 4266 μὴ
1621 4191 1688 4246 τὰ
1738 4189 1941 4247 ἐκείνου

285 4280 485 4354 πάντα,
532 4277 649 4335 ἀλλ’
713 4286 801 4335 οὖν
860 4279 1121 4356 ἀκροῦντα
1173 4293 1290 4345 τοῖς
1335 4279 1637 4358 φιλαρέτοις
1695 4277 1935 4356 εἴρηκεν,

284 4353 473 4432 ’Ὅπως
528 4366 582 4423 δὲ.
647 4369 733 4425 καὶ
790 4365 905 4425 καθ’
968 4368 1197 4436 ἑκάστην
1274 4376 1382 4425 τῶν
1436 4367 1698 4444 δεομένων
1783 4369 1940 4426 αὑτοῦ

291 4456 626 4538 περιέχεται,
681 4459 776 4514 οὐκ
832 4456 895 4512 ἂν
954 4455 1111 4522 ἄλλος
1169 4459 1240 4523 ὡς
1312 4458 1580 4536 προσῆκον
1637 4455 1785 4514 εἴποι
1855 4455 1936 4512 ὅτι

295 4546 374 4618 μὴ
424 4549 562 4605 (fuci.
606 4547 758 4622 μόνοι
817 4550 864 4605 οἱ
941 4549 1026 4605 καὶ
1089 4554 1194 4603 τῶν
1257 4549 1413 4604 αὑτοῦ
1456 4547 1746 4622 θαυμάτων
1815 4545 1936 4603 ὅσαι

298 4635 427 4713 ὧραι
496 4640 578 4695 καὶ
632 4638 731 4706 τῆς
789 4637 1010 4717 χάριτος
1067 4635 1450 4703 ἇπολαύοντες,
1516 4637 1630 4716 Χρὴ
1686 4635 1740 4692 δὲ
1799 4634 1937 4711 μηδὲ

295 4731 446 4782 τοῦτο
515 4733 784 4808 ζημιῶσαι
861 4729 982 4793 τοὺς
1055 4725 1353 4808 φιλοθὲους,
1411 4726 1464 4783 εἴ
1521 4728 1596 4790 τίς
1640 4727 1704 4782 ἅν
1746 4725 1936 4797 ζητοίη

288 4805 579 4896 διαπορῶνξ
635 4817 794 4874 πόθεν
852 4819 886 4885 ἡ
932 4805 1162 4884 τοσαῦτη
1209 4815 1501 4894 Σπυρίδωνι
1561 4815 1667 4873 τῶν
1723 4817 1937 4890 θαυμά-

287 4927 394 4961 των
447 4904 710 4981 θάλασσα,
768 4908 858 4964 καὶ
898 4907 948 4963 τί
989 4928 1118 4964 ποτε
1175 4905 1274 4985 ἄρα
1329 4907 1714 4986 κατωρθωκὼς,
1765 4905 1935 4968 οὕτως

285 4993 436 5075 ὤφθη
518 4996 594 5069 τῷ
666 4997 912 5074 Δεσπότῃ
970 4997 1389 5077 κεχαρισμὲνες,
1430 4994 1556 5054 ⁹ίστο
1631 4997 1703 5058 ὡς
1764 4995 1936 5051 πάντα

287 5083 387 5158 μὲν
446 5085 590 5159 αὑτῷ
667 5085 901 5162 καθάπερ
989 5085 1049 5142 ἐκ
1127 5086 1430 5164 συμφωνίας
1512 5082 1799 5164 συνὲδραμε
1869 5085 1936 5140 τὰ

286 5173 449 5246 καλὰ,
519 5175 606 5232 καὶ
655 5175 775 5254 ὅρος
835 5176 987 5240 οὗτος
1046 5175 1316 5239 πολιτείας
1373 5175 1593 5253 ἀρίστης
1665 5175 1881 5253 γέγονεν
1915 5192 1930 5208 ο

284 5263 344 5318 ’ἐν
392 5261 445 5320 δὲ
494 5285 544 5320 τι
589 5266 745 5322 οἱονεὶ
791 5265 1070 5343 γνώρισμα
1123 5265 1211 5322 καὶ
1247 5264 1563 5341 παράτημον
1619 5265 1726 5320 τῶν
1760 5263 1934 5320 ἄλλων

282 5350 530 5432 διαφέρον
607 5351 937 5424 Σπυρίδωνος
1012 5353 1101 5428 ἦν,
1183 5354 1218 5421 ἡ
1283 5354 1383 5418 τῆς
1447 5349 1934 5432 ταπεινοφροσύνης

282 5443 374 5500 καὶ
432 5441 779 5521 μετριότητος
841 5444 912 5508 εἷς
963 5441 1122 5522 ἄκρον
1170 5438 1460 5518 ὑπερϐολὴ,
1497 5442 1581 5496 καὶ
1626 5442 1687 5497 τὸ
1745 5446 1935 5516 μικροῦ

285 5533 488 5594 πάντας
540 5529 661 5590 ὅσοι
731 5532 1016 5606 θαυμάτων
1099 5533 1329 5612 χάριτος
1399 5529 1701 5598 ἠξιώθησαν
1771 5532 1935 5607 ὑπερ-

292 5619 548 5702 ϐαλόντα,
601 5619 769 5698 μηδὲν
831 5623 1015 5679 ἑαυτὸν
1045 5623 1318 5699 ἡγεῖσθαι,
1365 5618 1502 5696 μηδὲ
1549 5625 1654 5676 τῶν
1710 5618 1934 5678 εὖτελῶν

289 5733 428 5776 τινος
490 5713 580 5770 καὶ
650 5712 932 5794 ἁμαρτιῶν
991 5711 1180 5780 πλάθει
1248 5707 1616 5790 βαρυνομένων
1677 5706 1937 5790 διαφέρειν

2088 4097 2315 4154 XXXIX.
2342 4096 2472 4151 Mihi
2500 4095 2732 4166 quidem
2764 4100 3140 4168 oratio,sinon
3169 4117 3258 4160 res
3279 4117 3476 4161 omnes
3498 4106 3669 4172 illius,

2026 4193 2084 4246 at
2105 4201 2204 4243 eas
2226 4181 2468 4262 quidem
2487 4189 2647 4242 certe
2671 4181 2981 4263 dixit,quae
3003 4185 3145 4246 viris
3171 4186 3342 4250 bonis
3365 4197 3422 4250 et
3447 4191 3674 4254 virtutis

2024 4270 2314 4336 studiosis
2335 4269 2662 4331 sufficiunt.
2697 4272 3008 4343 Quomodo
3041 4282 3234 4336 autem
3269 4279 3533 4356 quotidie
3564 4298 3674 4342 e3-

2024 4381 2153 4424 rum
2177 4367 2272 4436 qui
2301 4378 2432 4420 eum
2455 4371 2884 4434 rogant,curam
2901 4375 3144 4437 gerat.et
3163 4383 3261 4424 eos
3275 4379 3671 4441 protegatmon

2023 4451 2216 4524 alii,ut
2240 4466 2344 4528 par
2365 4447 2956 4527 est,dixerint,quam
2986 4450 3027 4510 ii
3053 4453 3296 4533 soli,qui
3324 4457 3456 4533 ejus
3489 4456 3670 4518 mira-

1962 4514 2008 4566 ο
2023 4514 2174 4604 culis
2195 4514 2448 4616 singulis
2464 4514 2642 4599 horis
2663 4514 2946 4602 fruuntur
2967 4549 3026 4601 et
3045 4514 3513 4622 gratiaﬂpbrtet
3532 4514 3668 4607 vero

2023 4649 2097 4692 ne
2111 4629 2224 4691 hoc
2237 4626 2482 4704 quidem
2505 4627 2780 4690 fraudare
2799 4629 2958 4690 viros
2980 4629 3110 4710 pios
3138 4651 3150 4694 :
3178 4630 3226 4692 si
3251 4632 3381 4711 quis
3395 4632 3671 4696 dubitans

2021 4727 2269 4801 quaerat,
2303 4712 2602 4776 undenam
2627 4716 2701 4776 sit
2726 4714 3030 4796 Spiridoni
3057 4728 3287 4782 tantum
3316 4739 3480 4784 mare
3496 4723 3670 4785 mira-

2020 4809 2321 4878 culorum,
2354 4813 2413 4866 et
2444 4803 2800 4885 quibusnam
2829 4806 3161 4871 benefactis
3183 4811 3462 4872 eti'ectum
3487 4819 3669 4886 est,ut

2023 4907 2183 4960 esset
2206 4903 2320 4957 tam
2343 4905 2549 4973 gratus
2575 4895 3007 4970 Domino,sciat
3025 4899 3223 4959 omnia
3251 4899 3487 4978 quidem
3514 4901 3667 4962 bona

2022 4997 2080 5051 et
2110 4987 2384 5057 honesta,
2420 4991 2694 5063 tanquam
2729 5003 2800 5046 ex
2830 5003 3127 5047 consensu
3157 4986 3215 5046 in
3249 5005 3381 5049 eum
3417 5005 3668 5048 concur-

2019 5078 2197 5154 risse,
2230 5082 2287 5134 et
2305 5091 2440 5134 eum
2469 5071 2653 5134 fuisse
2682 5074 3186 5149 praestantissimae
3207 5080 3342 5135 vita)
3361 5077 3664 5155 exemplar

2019 5165 2356 5228 definitum.
2392 5161 2587 5223 Unum
2620 5169 2817 5222 autem
2850 5161 3235 5242 signum,quo
3258 5180 3663 5240 cognoscere-

2021 5265 2115 5317 tur
2139 5249 2446 5333 Spiridon,
2475 5254 2533 5308 et
2553 5247 2784 5326 insigne
2805 5248 3054 5310 aliorum
3082 5250 3659 5329 praestantissimum,

2020 5352 2146 5407 erat
2173 5355 2408 5403 summa
2439 5335 2744 5398 humilitas
2787 5347 2845 5401 et
2900 5338 3151 5418 insignis
3182 5338 3512 5402 moderatio
3554 5363 3567 5404 :
3604 5351 3662 5404 et

2020 5432 2176 5516 quod
2209 5447 2343 5492 cum
2406 5445 2615 5489 omnes
2676 5427 2798 5490 fere
2844 5428 2993 5490 alios
3022 5436 3353 5509 superaret,
3389 5431 3491 5511 qui
3521 5440 3660 5494 sunt

2023 5519 2445 5586 miraculorum
2505 5517 2752 5598 gratiam
2807 5518 3135 5592 consecuti,
3169 5536 3232 5579 se
3265 5519 3411 5582 nihil
3445 5520 3653 5583 existi-

2023 5618 2240 5690 maret,
2272 5626 2469 5690 neque
2491 5616 2725 5689 putaret
2745 5627 2812 5671 se
2837 5616 3118 5689 praestare
3140 5607 3317 5671 alicui
3342 5628 3414 5673 ex
3443 5610 3656 5672 vilibus

2021 5717 2080 5772 et
2113 5703 2359 5787 abjectis
2392 5709 2451 5763 et
2508 5699 2762 5781 gravatis
2818 5704 3194 5783 peccatorum
3249 5698 3650 5763 multitudine.
