4028 6138
357 387 476 456 467

1677 391 1838 456 ΜΕΝ
1846 391 1956 455 SIS
2000 391 2428 456 DECEMBER.

3615 386 3738 454 468

355 523 522 588 Talia
551 521 794 606 quidem
845 530 983 586 sunt
1033 525 1164 607 ejus
1194 523 1683 600 vitaa‘benefacta,
1720 527 1856 592 talia
1884 549 1993 590 an-

2085 530 2277 596 Βοκετν,
2339 532 2564 592 Τοιαῦτα
2595 533 2692 610 μὲν
2738 534 2880 597 αὐτῷ
2912 535 3005 590 τοῦ
3059 533 3173 608 βίου
3215 532 3278 589 τὰ
3320 529 3735 610 κατορθώματα,

355 623 475 677 tem
510 615 812 676 miracula.
849 614 1223 679 Concedatur
1267 634 1403 677 vero
1438 615 1610 677 nobis
1640 635 1900 698 quoque,
1938 629 1998 681 ut

356 705 520 766 illius
549 704 747 786 aliqua
779 705 890 786 (vix
923 705 1082 768 enim
1118 705 1245 766 fieri
1280 712 1491 787 potest,
1517 715 1580 768 ut
1613 707 1836 788 omnia)
1873 709 1998 788 ejus

355 795 580 857 auxilio
628 795 976 858 imitemur:
1035 803 1098 856 ut
1155 795 1484 858 efﬁciamur
1541 795 1719 857 etiam
1760 817 1893 858 cum
1927 817 1998 860 eo

357 883 680 964 participes
703 892 1040 966 paratarum
1075 884 1394 959 bonorum,
1417 885 1603 962 gratia
1629 893 1688 947 et
1719 886 1996 966 benigni-

355 981 473 1034 tate
504 972 740 1035 Domini
773 973 961 1035 nostri
1020 974 1157 1036 Jesu
1208 971 1426 1036 Christi
1461 995 1474 1038 :
1525 994 1659 1037 cum
1691 995 1806 1056 quo
1841 975 1997 1039 Patri

355 1060 534 1123 simul
571 1079 704 1122 cum
737 1071 941 1125 sancto
974 1061 1223 1145 Spiritu,
1259 1063 1470 1142 gloria,
1505 1065 1717 1139 honor,
1739 1068 1998 1146 potentia

354 1157 414 1212 et
441 1151 732 1232 adoratio,
769 1170 926 1215 nunc
958 1159 1018 1216 et
1074 1170 1335 1235 semper,
1372 1161 1431 1216 et
1462 1153 1522 1216 in
1553 1154 1770 1216 saecula
1801 1173 1994 1217 saecu-

353 1242 574 1304 lorum.
606 1241 820 1305 Amen.

1929 1434 2302 1451 Ἥ

2080 630 2294 680 τοιαῦτα
2347 621 2400 679 δὲ
2464 625 2552 680 καὶ
2614 624 2677 681 τὰ
2734 624 2997 699 θαύματα.
3070 621 3282 678 Γένοιτο
3340 620 3394 678 δὲ
3453 623 3538 678 καὶ
3595 623 3738 694 ἡμῖν

2082 730 2202 767 τινα
2249 715 2356 768 τῶν
2411 713 2610 770 ἐκείνου
2653 712 2742 791 (τὸ
2798 713 2898 790 γὰρ
2943 712 3115 770 πάντα
3163 715 3335 770 sinet:
3391 721 3581 785 μικροῦ
3643 711 3742 766 καὶ

2081 799 2362 880 ἀδύνατον)
2427 803 2642 878 βοηθείᾲ
2729 805 2797 878 τῇ
2855 801 3016 860 αὐτοῦ
3072 803 3434 877 μιμήσασθαι,
3490 800 3583 856 ’ίνα
3651 799 3742 854 καὶ

2080 892 2321 948 κοινωνοὶ
2377 894 2480 947 τῶν
2551 889 2966 966 ἡτοιμασμένων
3032 889 3179 965 αὗτῷ
3235 890 3510 969 γενώμεθα
3591 889 3742 966 ἀγα-

2079 980 2181 1036 θῶν
2264 981 2445 1061 χάριτι
2537 980 2627 1036 καί
2715 978 3076 1060 φιλανθρωπίᾳ
3145 986 3236 1036 τοῦ
3312 979 3496 1057 Κυρίου
3576 979 3744 1052 ὴμῶν

2082 1068 2258 1136 Ἰησοῦ
2305 1077 2552 1148 Χριστοῦ,
2614 1068 2734 1145 μεθ’
2787 1069 2847 1125 οὗ
2904 1073 2981 1141 τῷ
3055 1070 3246 1147 [lat-cpi,
3315 1067 3427 1143 ἅμα
3471 1075 3546 1141 τῷ
3599 1067 3746 1144 ἁγίῳ

2083 1160 2347 1232 Πνεύματι
2393 1159 2535 1235 δόξα,
2583 1162 2718 1234 τιμή
2787 1159 2873 1213 καὶ
2932 1159 3289 1235 προσκόνησις
3361 1165 3449 1214 νῦν
3493 1159 3579 1214 καὶ
3639 1157 3738 1214 ἀεὶ

2082 1252 2176 1305 καὶ
2225 1250 2295 1316 εἰς
2339 1250 2458 1312 τοὺς
2504 1250 2694 1312 αἰῶνας
2741 1255 2848 1305 τῶν
2883 1246 3109 1311 αἰώνων,
3142 1249 3340 1319 Ἀμήν.

2312 1435 2570 1449 .——__

1099 1519 1585 1648 ΛΘΛΗΤῘΣ
1658 1567 1882 1650 ΤΩΝ
1971 1568 2312 1652 ArIoN
2385 1570 2991 1656 ΜΑΡΥΥΡΩΝ

1498 1792 2611 1925 ΕΥΣΤΡΑΤΙΟΥ

543 2045 1221 2158 ΑΥΞΕΝΤΙΟΥ,
1301 2045 1896 2158 ΕΥΓΕΝΙΟΥ,
1973 2049 2652 2162 ΜΑΡΔΑΡΙΟΥ,
2731 2051 2916 2137 ΚΑΙ
2991 1992 3533 2138 οΡΕΣΤΟΥ.

985 2378 1588 2465 CERTAMEN
1688 2377 2370 2466 SANCTORUM
2473 2382 3104 2468 MARTYRUM

1651 2587 2440 2722 EUSTRATII,

768 2833 1336 2946 AUXENTII,
1412 2831 1896 2942 EUGENII,
1975 2832 2525 2921 MARDARII
2609 2837 2744 2921 ET
2814 2835 3311 2930 ORESTIS.

962 3037 1159 3108 (Latine
1187 3036 1318 3108 apud
1347 3035 1550 3094 Surium
1577 3035 1636 3091 ad
1668 3034 1800 3091 diem
1835 3033 1901 3090 15
1930 3033 2220 3092 Decembris
2248 3051 2266 3106 ;
2301 3037 2474 3096 Graece
2505 3053 2570 3098 ex
2598 3039 2709 3096 cod.
2741 3039 2950 3098 Coislin.
2988 3039 3136 3112 H7.)

413 3341 810 3420 l.lmperante
822 3332 1188 3398 Diocletiano
1204 3333 1332 3396 etM
1339 3330 1999 3420 aximiano,universum

2175 3326 2260 3394 Δί
2340 3333 2715 3400 Βασιλεόοντος
2797 3337 3184 3404 Διοκλητιανοῦ
3241 3339 3334 3397 καὶ
3409 3339 3747 3413 Μαξιμιανοῦ

360 3419 770 3494 Romanorum
799 3421 1120 3505 imperium
1145 3421 1506 3502 completum
1524 3420 1713 3484 fuerat
1737 3421 1899 3484 cultu
1919 3419 2006 3481 si-

359 3519 854 3597 mulacrorum,et
873 3531 1086 3576 omnes
1108 3512 1388 3574 homines
1411 3510 1617 3590 perciti
1645 3519 1843 3572 mutua
1866 3529 2006 3590 qua-

355 3610 492 3672 dam
516 3609 674 3670 inter
692 3625 757 3669 se
801 3603 1053 3668 invicem
1083 3600 1498 3678 aemulatione,
1526 3599 1920 3680 proﬁciebant
1948 3605 2008 3660 in

357 3699 469 3761 hac
490 3697 636 3760 falsa
651 3695 968 3774 religione;
983 3691 1242 3755 maxime
1263 3708 1400 3752 cum
1416 3688 1612 3750 edicta
1627 3687 2007 3769 imperatoria

356 3787 649 3868 quotidie,
710 3793 774 3846 ut
827 3782 1013 3846 semel
1066 3781 1288 3856 dicam,
1355 3778 1735 3868 mitterentur
1765 3775 1837 3840 ad
1893 3777 2005 3838 loci

357 3867 756 3956 magistratus,
783 3891 913 3952 qua!
935 3869 1252 3952 jubebant,
1279 3877 1346 3931 ut
1385 3867 2006 3956 Calendisimagnit‘tce

359 3955 686 4028 afferentur
710 3963 826 4026 diis
855 3961 1147 4024 sacriﬁcia
1175 3979 1189 4020 :
1224 3967 1283 4020 et
1305 3958 1457 4033 fore,
1485 3967 1546 4018 ut
1574 3958 1648 4018 ab
1675 3955 2003 4036 imperato—

357 4056 524 4118 ribus
558 4056 848 4116 honorem
883 4055 1422 4131 consequerentur,
1460 4048 1669 4126 eisque
1701 4046 1824 4106 noti
1858 4064 1996 4106 eva-

360 4147 593 4220 derent,
627 4143 731 4225 qui
781 4142 854 4203 ad
908 4142 1033 4203 haec
1084 4156 1256 4201 suum
1290 4137 1548 4199 studium
1579 4134 1996 4225 contulissent,

359 4223 793 4314 signiﬁcabant.
826 4233 870 4292 li
901 4239 1129 4309 autem,
1155 4227 1258 4308 qui
1291 4226 1352 4287 in
1387 4226 1474 4286 eis
1503 4223 1772 4314 colendis
1803 4233 2001 4314 essent

355 4312 557 4406 aliquo
582 4322 757 4385 modo
780 4319 1152 4399 socordes,et
1173 4317 1246 4378 ad
1269 4315 1442 4406 aliam
1474 4312 1830 4406 inclinarent
1853 4312 1999 4406 reli-

359 4401 841 4495 gionem,privati
865 4409 940 4471 iis
967 4407 1300 4484 bonis,quaa
1334 4401 1655 4495 habebant,
1681 4410 1811 4480 post
1847 4402 1999 4463 mul~

358 4493 450 4566 tos
479 4503 772 4563 cruciatus
813 4497 1260 4577 subjicerentur
1311 4493 1518 4553 mortis
1549 4498 1829 4553 extremae
1854 4509 2002 4553 seu--

353 4591 584 4656 tentias.
616 4588 758 4652 Erat
786 4588 983 4668 itaque
1013 4601 1226 4663 magna
1244 4581 1586 4671 persecutio
1617 4580 1678 4642 in
1711 4587 1828 4671 toto
1853 4580 1998 4643 orbe
2016 4623 2056 4671 ρ

355 4693 822 4751 terrarum,cum
856 4679 1144 4756 quotquot
1167 4679 1338 4734 erant
1368 4670 1593 4748 ubique
1626 4670 1999 4747 magistratus

354 4781 414 4836 et
447 4768 1034 4852 praesides,magnam
1063 4780 1264 4852 curam
1295 4767 1668 4839 gererent,ut
1696 4759 1770 4820 de
1803 4758 2001 4820 medio

353 4850 636 4924 tollerent
664 4855 1006 4918 universum
1036 4850 1510 4916 Christianorum
1537 4865 1746 4928 genus.

434 4951 510 5013 Il.
542 4945 780 5010 Accidit
819 4951 1041 5020 autem,
1075 4950 1139 5004 ut
1167 4957 1302 5004 cum
1337 4939 1439 5000 illo
1491 4945 1760 5018 tempore
1790 4935 1862 4998 ad
1897 4937 2006 4998 hos

352 5048 635 5120 tyrannos
664 5043 821 5098 esset
851 5029 1303 5108 delatum,quod
1339 5036 1460 5090 tota
1479 5044 1692 5104 magna
1721 5028 2005 5120 Armenia

352 5116 412 5191 et
440 5125 812 5209 Cappadocia
834 5125 1067 5186 illorum
1101 5121 1298 5183 edicto
1326 5125 1758 5199 repugnarent,
1795 5124 1852 5209 et
1877 5116 1999 5196 jam

354 5205 667 5280 unanimes
688 5222 1026 5296 spectarent
1041 5230 1250 5276 omnes
1262 5210 1335 5272 ad
1359 5205 2001 5280 defectionem,immu-

351 5305 594 5368 tabilem
627 5305 913 5366 habentes
943 5303 1205 5366 animum
1258 5301 1319 5361 in
1373 5298 1694 5361 Dominum
1729 5304 1997 5358 nostrum

353 5393 560 5456 Jesum
596 5393 919 5473 Christum,
969 5401 1214 5472 propter
1271 5390 1399 5450 haec
1454 5388 1561 5450 fuit
1610 5383 1998 5449 conturbatus

351 5484 547 5546 Caesar
579 5482 1022 5556 Diocletianus;
1069 5490 1285 5542 etcum
1313 5496 1526 5540 omnes
1555 5494 1694 5539 suos
1725 5473 1989 5536 accersi-

349 5572 530 5633 visset
558 5581 929 5651 proceres,et
961 5569 1148 5633 tribus
1177 5567 1392 5631 diebus
1430 5587 1464 5629 a
1497 5585 1668 5629 mane
1701 5581 1887 5644 usque
1917 5563 1990 5624 ad

345 5681 653 5745 vesperam
669 5682 800 5725 cum
815 5665 902 5724 eis
920 5661 1613 5740 consultasset,deposuit
1637 5657 1864 5735 eos,qui
1877 5654 1988 5716 bus

349 5759 662 5816 commissae
681 5759 905 5815 fuerant
923 5757 1206 5815 rectiones
1229 5764 1600 5825 utrarumque
1618 5752 1822 5809 barum
1851 5761 1990 5822 gen-

2090 3429 2232 3480 πᾶσα
2284 3425 2317 3491 ἡ
2373 3428 2480 3480 τῶν
2507 3423 2786 3500 Ῥωμαίων
2831 3427 2976 3507 ἀρχὴ
3014 3433 3111 3495 τῆς
3156 3428 3309 3486 ἀθέου
3352 3436 3458 3486 τῶν
3502 3427 3744 3486 εἰδώλων

2090 3511 2440 3590 ἐπεπλήρωτο
2468 3512 2768 3590 ,λατρείας,
2829 3517 2914 3572 καὶ
2973 3517 3166 3580 πάντες
3231 3516 3516 3595 ἄνθρωποι,
3588 3520 3741 3590 ζήλῳ

2089 3608 2166 3675 τῷ
2251 3603 2378 3680 πρὸς
2454 3602 2718 3672 ἀλλήλους
2791 3604 3104 3676 λυττῶντες,
3182 3605 3268 3662 ἐπὶ
3330 3608 3430 3674 τὴν
3485 3609 3746 3674 τοιαύτην

2091 3691 2420 3770 προέκοπτον
2502 3695 2828 3772 θρησκείαν,
2938 3693 3170 3768 μάλιστα
3255 3701 3360 3751 τῶν
3444 3693 3742 3772 βασιλικῶν

2088 3781 2461 3856 θεσπισμάτων
2522 3781 2639 3837 καθ’
2697 3782 2952 3860 ἑκάστην,
2997 3784 3067 3848 ὡς
3127 3785 3323 3858 εἰπεῖν,
3376 3805 3744 3859 καταπέμπο-

2090 3870 2264 3946 μένων
2330 3869 2383 3926 ἂν
2457 3883 2580 3933 ταῖς
2650 3872 2975 3948 ἱερομηνίαις
3033 3871 3330 3952 φιλοτίμως
3413 3885 3533 3938 τοῖς
3591 3877 3741 3938 θεοῖς

2090 3960 2470 4040 προσφέρεσθαι
2526 3960 2619 4025 τὰς
2677 3961 2876 4027 θδσίας,
2947 3966 3110 4037 τιμῆς
3179 3985 3236 4020 τε
3317 3968 3576 4041 μεγίστης
3647 3965 3737 4020 καὶ

2083 4052 2350 4131 γνώσεως,
2391 4047 2675 4125 βασιλικῆς
2717 4049 3002 4126 ἀξιοῦσθαι,
3051 4053 3170 4116 τοὺς
3215 4054 3335 4120 περὶ
3387 4056 3454 4110 τά
3515 4061 3742 4111 τοιαυτα

2084 4138 2500 4218 ἐσπουδακότας,
2546 4141 2664 4204 τοὺς
2721 4137 2774 4196 δὲ
2818 4141 2955 4198 κατά
3010 4163 3126 4198 τινα
3177 4143 3372 4221 τρόπον
3430 4143 3734 4221 ῥᾳθυμοῦν-

2082 4253 2177 4294 τας
2234 4230 2352 4306 περὶ
2392 4229 2452 4284 τὸ
2494 4228 2732 4285 τοιοῦτοι
2776 4227 2952 4301 σέϐας,
3015 4233 3100 4288 καὶ
3143 4234 3214 4294 εἰς
3268 4232 3451 4308 ἑτέραν
3501 4232 3738 4290 ἀπονεύ-

2084 4341 2238 4382 οντας
2295 4317 2598 4396 θρησκείαν,
2659 4316 2972 4383 ξενωθέντας
3018 4325 3114 4385 τῆς
3159 4321 3509 4400 ὅπαρχούσης
3543 4322 3731 4385 αδτοϊς

2084 4407 2380 4486 περιουσίας
2415 4448 2434 4478 ,
2521 4408 2656 4481 μετά
2734 4406 2936 4471 πολλὰς
3008 4409 3101 4470 τὰς
3180 4410 3438 4485 βασάνους
3509 4411 3596 4466 καὶ
3669 4416 3739 4486 τῇ

2083 4496 2356 4568 τελευταίᾳ
2423 4503 2516 4552 τοῦ
2597 4496 2818 4553 θανάτου
2874 4497 3163 4574 ὑπάγεσθαι
3469 4487 3566 4555 Ἠν
3646 4500 3737 4558 οὗν

2081 4585 2318 4663 διωγμὸς
2363 4583 2532 4662 μέγας
2579 4587 2651 4649 εἰς
2699 4591 2870 4641 πᾶσαν
2915 4587 3014 4654 τὴν
3058 4588 3374 4663 οἰκουμένην
3416 4590 3522 4645 τῶν
3552 4590 3733 4646 άπαι-

2082 4675 2254 4755 ταχοῦ
2315 4674 2617 4754 ἀρχόντων,
2678 4673 2768 4731 διὰ
2835 4673 3043 4742 πολλῆς
3104 4676 3374 4757 φροντίδος
3445 4678 3734 4753 τιθεμένων

2084 4765 2261 4842 ἐξᾶραι
2291 4762 2431 4822 ἅπαν
2461 4765 2522 4821 τὸ
2567 4767 2672 4820 τῶν
2704 4770 3030 4843 Χριστιανῶν
3061 4767 3234 4846 γένος.

2168 4944 2258 5006 B'.
2307 4940 2396 4998 Ἐν
2440 4939 2496 4998 δὲ
2555 4947 2630 5015 τῷ
2687 4947 2856 5021 καιρῷ
2914 4940 3120 5019 ἐκείνῳ,
3184 4943 3558 5025 ἀνενεχθέντος
3613 4961 3734 5011 τοῖς

2083 5032 2350 5112 τυράννοις
2407 5033 2615 5094 τούτοις
2697 5034 2771 5096 ὡς
2854 5032 3034 5090 ἅπασα
3107 5036 3141 5102 ἦ
3199 5035 3410 5114 μεγάλη
3480 5036 3730 5115 Ἀρμενία

2085 5123 2177 5180 καὶ
2241 5118 2590 5180 Καππαδοκία
2666 5120 2919 5178 ἀντεῖπον
2990 5129 3066 5196 τῷ
3140 5126 3455 5198 θεσπίσματι
3534 5126 3729 5202 αὐτῶν,

2082 5213 2170 5268 καὶ
2225 5209 2328 5277 ἤδη
2387 5210 2459 5271 εἰς
2518 5209 2843 5266 ἀποστασίαν
2889 5211 3198 5290 ὁμοφρόνως
3260 5217 3454 5276 πάντες
3513 5217 3726 5291 ὁρῶσιν,

2084 5299 2404 5377 ἀμετάθετον
2458 5298 2557 5364 τὴν
2616 5299 2838 5375 γνώμην
2871 5298 3089 5378 ἔχοντες
3137 5302 3236 5370 τὴν
3284 5304 3356 5364 εἰς
3407 5305 3496 5360 τὸν
3545 5305 3726 5380 Κόριον

2079 5393 2231 5465 ἡμῶν
2304 5387 2509 5455 Ἰησοῦν
2591 5387 2814 5464 Χριστόν
2850 5405 2866 5423 ο
2947 5388 3222 5469 ἐταράχθη
3282 5391 3366 5447 ἐπὶ
3423 5394 3626 5451 τούτοις
3701 5393 3728 5445 ὁ

2081 5490 2286 5556 Καῖσαρ
2346 5475 2753 5556 Διοκλητιανὸς,
2815 5479 2902 5534 καὶ
2958 5479 3160 5543 πάντας
3223 5481 3345 5545 τοὺς
3404 5486 3726 5559 μεγιστᾶνας

2075 5568 2233 5624 αὖτοῦ
2319 5563 2840 5645 προσκαλεσάμενος,
2932 5567 3018 5622 καὶ
3099 5565 3183 5624 ἐπὶ
3268 5571 3433 5646 τρισὶν
3503 5569 3723 5644 ἡμέραις

2072 5656 2230 5713 ἕωθεν
2287 5656 2386 5719 ἕως
2445 5656 2668 5732 ἑσπέρας
2713 5652 3079 5722 ἐκκλησιάσας
3139 5657 3256 5730 μετ’
3331 5660 3524 5732 αὐτῶν,
3585 5678 3721 5732 μετ-

2073 5748 2261 5816 έστησε
2321 5746 2417 5822 μὲν
2475 5745 2596 5810 τοὺς
2684 5743 2785 5813 ἤδη
2864 5745 3311 5826 πεπιστευμένους
3392 5750 3485 5813 τὰς
3551 5747 3719 5828 ἀρχὰς
