4006 6146
295 340 412 411 469

1187 345 1655 411 MARTYRIUM
1705 347 1766 409 S.
1813 341 2228 409 EUSTRATII
2277 347 2374 411 ET
2421 345 2826 414 SOCIORUM.

3561 355 3679 427 470

294 480 560 561 ἑκατέρων
614 481 817 540 τούτων
872 487 978 540 τῶν
1037 480 1221 558 ίθνῶν,
1284 479 1522 548 εὖηθείας
1583 483 1752 541 αὐτῶν
1807 499 1971 536 κατ-ι.

2037 477 2204 554 tium,
2239 497 2343 541 eos
2371 478 2776 560 simplicitatis
2807 481 3098 549 damnans
3128 492 3188 549 et
3211 486 3495 553 stultitiaa.
3524 489 3682 562 Misit

291 571 541 650 εγνωκώς
584 590 598 609 ο
659 569 996 639 ἐξαπέστειλε
1055 568 1111 626 δέ
1164 567 1352 648 ἄνδρας
1411 567 1499 627 δύο
1556 570 1617 626 ἑκ
1675 574 1772 637 τῆς
1843 572 1946 626 τὼν

293 653 571 732 Ἐλλήνων
630 661 817 742 χώρας
876 660 1220 739 ὁρμωμένους
1291 659 1346 716 ἐν
1419 659 1696 736 ἑπιστήμη
1772 656 1948 734 πολλῇ

287 755 389 821 τῆς
451 751 709 829 πατρῴας
768 748 1092 816 παιδεύσεως
1157 749 1521 830 ὑπάρχοντας,
1594 746 1791 811 δεινοὺς
1864 750 1949 804 καί

288 841 523 908 ἀπηνεῖς
554 839 634 914 τῷ
663 840 986 920 φρονήματι,
1020 840 1108 897 καί
1164 837 1307 905 ὀξεῖς
1363 840 1436 902 είς
1467 838 1530 896 τὸ
1582 837 1795 912 νοῆσαι,
1853 836 1947 893 καί

288 929 471 1008 λέγειν
577 930 1052 1009 προχειροτάτους,
1156 927 1554 1008 ἀνεξερεύνητον
1636 926 1774 993 ἅπαξ
1856 928 1946 984 τὸν

296 1022 488 1099 τρόπον
549 1018 936 1096 κεκτημένους,
996 1021 1084 1075 καί
1153 1019 1251 1088 τὴν
1315 1018 1656 1096 πανουργίαν,
1715 1020 1788 1073 ὧν
1864 1019 1946 1073 τὸν

305 1109 400 1184 μέν
453 1108 537 1165 ἕνα
605 1110 800 1165 Λυσίαν
872 1108 1093 1184 ὀνόματι
1163 1107 1376 1165 πάντων
1448 1113 1553 1164 τῶν
1625 1104 1944 1183 λιμιτανέων

298 1198 654 1277 ἐπιτροπεύειν
713 1197 980 1255 ἐκέλευσε·
1051 1199 1142 1255 τὸν
1213 1196 1267 1254 δέ
1344 1196 1522 1274 ἕτερον
1596 1194 1942 1276 Ἀγρικόλαον

291 1288 390 1354 τὴν
450 1288 809 1366 προσηγορίαν
878 1289 974 1358 τὴν
1045 1287 1140 1355 τῆς
1213 1285 1456 1365 ἒπαρξίας
1517 1286 1695 1354 πάσης
1767 1285 1944 1364 ἀρχὴν

292 1375 494 1434 διέπειν
556 1375 866 1456 ἐπέτρεψεν,
929 1378 1306 1455 ὑπηρετεῖσθαί
1361 1398 1420 1432 τε
1463 1379 1645 1439 αὐτοῖς
1694 1375 1752 1431 οὗ
1781 1373 1945 1451 μόνον

291 1468 391 1532 τὴν
421 1472 528 1524 τῶν
557 1464 877 1542 λιμιτανέων
909 1479 1075 1547 χεῖρα
1131 1465 1408 1536 θεσπίσας,
1465 1463 1602 1522 ἀλλὰ
1653 1465 1740 1520 καὶ
1802 1463 1945 1521 ἅπαν

290 1557 354 1612 τὸ
413 1557 822 1635 στρατιωτικὸν,
882 1557 945 1613 τὸ
1005 1554 1058 1612 έν
1115 1555 1242 1620 ταῖς
1285 1552 1705 1626 πλησιαζούσαις
1755 1553 1944 1610 πόλεσι

291 1643 690 1724 καθιδρυμένον,

375 1734 465 1794 I".
498 1731 860 1792 Ἐπιστάττων
917 1735 1006 1792 οὖν
1065 1735 1238 1792 αὐτῶν
1293 1746 1413 1799 ταῖς
1474 1732 1757 1812 ἐπαρχίαις
1814 1731 1944 1788 ταύ-

2029 584 2175 659 vero
2202 567 2352 631 duos
2383 567 2561 645 viros,
2585 569 2687 650 qui
2718 588 2751 633 e
2773 572 3002 636 Graecia
3028 572 3328 638 ducebant
3356 578 3674 659 originem,

2031 658 2231 738 patriae
2256 665 2456 719 autem
2487 659 2777 722 doctrinae
2805 679 3075 744 magnam
3109 669 3414 731 consecuti
3446 658 3680 734 fuerant

2031 746 2433 841 cognitionem
2475 770 2499 841 ;_
2522 757 2850 841 erantvero
2883 752 3138 834 ingentis
3171 765 3228 818 et
3259 759 3536 822 immanis
3559 764 3676 841 spi-

2029 835 2202 932 ritus,
2228 854 2398 932 acres
2427 835 2502 900 ad
2537 837 2937 932 cogitandum,
2963 851 3022 932 et
3040 843 3114 906 ad
3139 844 3457 911 dicendum
3485 835 3678 932 proni-

2029 925 2312 1007 ptissimi,
2349 935 2404 990 et
2433 929 2533 1008 qui
2567 946 2766 992 mores
2818 930 3125 995 habebant
3172 947 3228 997 et
3263 925 3675 1016 calliditatem,

2029 1035 2159 1098 quae
2190 1034 2308 1078 non
2341 1024 2614 1096 poterant
2644 1019 2980 1100 indaganda
3025 1031 3083 1087 et
3110 1027 3535 1104 perscrutando
3568 1049 3676 1092 co—

2028 1105 2250 1184 gnosci.
2289 1105 2373 1168 Ex
2401 1105 2622 1188 quibus
2685 1129 2820 1172 cum
2880 1131 3065 1175 unum
3120 1115 3384 1195 quidem,
3437 1120 3679 1182 nomine

2023 1195 2280 1276 Lysiam,
2309 1195 2586 1276 jussisset
2615 1218 2816 1262 curam
2867 1219 3077 1280 gerere
3132 1204 3396 1269 omnium
3448 1207 3675 1271 limita-

2027 1304 2275 1347 neorum
2306 1303 2318 1348 :
2347 1285 2743 1378 alterum,qui
2767 1291 3087 1354 vocabatur
3109 1294 3474 1373 Agricolaus,
3497 1299 3679 1378 jussit

2030 1375 2209 1438 totius
2233 1375 2604 1454 prmfecturaa
2630 1378 3048 1444 administrare
3073 1382 3388 1465 imperium
3420 1405 3433 1446 :
3471 1375 3677 1450 decer-

2029 1481 2201 1538 nens,
2235 1471 2297 1525 ut
2332 1483 2450 1526 non
2479 1465 2670 1528 solum
2704 1469 2792 1530 eis
2822 1469 3152 1533 deserviret
3197 1491 3409 1536 manus
3454 1475 3677 1540 limita-

2026 1572 2301 1628 neorum,
2331 1554 2434 1616 sed
2460 1555 2638 1618 etiam
2661 1564 3005 1641 quicunque
3029 1560 3246 1624 milites
3276 1572 3447 1626 erant
3477 1567 3678 1630 collati

2026 1645 2086 1705 in
2123 1643 2475 1726 propinquis
2507 1646 2864 1710 civitatibus.

2106 1733 2202 1797 III.
2245 1733 2388 1796 Cum
2421 1735 2480 1796 hi
2512 1754 2651 1816 ergo
2684 1736 2747 1798 in
2797 1739 2903 1800 has
2955 1739 3258 1802 venissent
3306 1741 3672 1820 provincias,

290 1846 416 1890 ταις
447 1825 740 1902 παραυτίκα
772 1831 916 1882 πᾶσα
960 1823 1143 1893 ἡλικία
1201 1829 1305 1880 τῶν
1362 1822 1652 1902 ἀνθρώπων
1714 1819 1971 1902 ἀφειδῶςγ

2037 1828 2296 1906 protinus
2331 1825 2524 1887 omnis
2543 1836 2687 1890 aetas
2707 1827 3016 1891 hominum
3045 1819 3678 1895 immisericorditeret

291 1912 629 1994 ἐξεκύπτετο,
701 1915 840 1988 μήτε
913 1915 1223 1994 προφάσεως
1295 1911 1676 1991 εὖρισκομένης
1751 1913 1932 2006 εὖκαίῖ

2037 1914 2255 1995 absque
2289 1913 2410 1976 ulla
2440 1916 2610 1977 venia
2639 1916 3137 1983 exscindebatur:
3174 1939 3306 1982 cum
3341 1939 3536 2002 neque
3560 1921 3679 1983 ulla

289 2025 406 2084 ρου,
471 2009 662 2082 μικρᾶς
722 2001 774 2059 δὲ
829 2001 1083 2092 διαϐολῆς
1138 2003 1227 2061 καὶ
1283 2003 1380 2092 τῆς
1424 2001 1777 2092 τυχούσηςᾼῆ
1808 1998 1932 2092 παρ’

2044 2003 2391 2092 nveniretur
2415 2013 2751 2086 opportuna
2787 1998 3680 2092 occasio;parvaautem'etquae-

289 2093 523 2173 ἰχθρῶν,
585 2094 620 2161 ἤ
677 2093 817 2171 παρά
877 2091 1179 2151 κακοθελῶν
1238 2091 1439 2172 ἀνδρῶν
1503 2089 1936 2170 παρακολουθού-

2043 2091 2167 2156 ibet
2197 2093 2516 2169 calumnia,
2571 2103 2676 2157 aut
2723 2095 2798 2158 ab
2831 2089 3118 2174 inimicis,
3170 2109 3273 2162 aut
3303 2118 3335 2161 a
3367 2089 3677 2163 malevolis

285 2206 415 2250 σης.
477 2184 548 2242 Τὸ
604 2181 660 2238 δὲ
719 2181 914 2251 πλῆθος
971 2188 1076 2240 τῶν
1128 2189 1458 2261 Χριστιανῶν
1502 2182 1824 2261 ἀνηρευνᾶτο
1854 2180 1940 2237 καὶ

2037 2181 2368 2244 hominibus
2399 2192 2775 2266 sequeretur.
2810 2185 3273 2252 Innumerabilia
3303 2208 3441 2255 vero
3475 2189 3675 2254 multi-

287 2270 736 2350 συνελαμϐάνετο,
796 2269 912 2328 καθ’
969 2272 1205 2340 εκάστην
1263 2271 1620 2350 ἀναρίθμηνον
1655 2271 1940 2361 ,καί-παρ-

2037 2271 2167 2333 tudo
2193 2271 2667 2336 Christianorum
2692 2274 3106 2354 indagabatur,
3138 2291 3191 2341 et
3228 2281 3498 2361 quotidie
3521 2300 3680 2343 com-

292 2361 496 2420 εδίδοτο
523 2373 642 2427 τοῖς
674 2358 972 2440 αἱμοῦὀροις
1006 2362 1213 2427 τούτοις
1263 2362 1466 2437 θηρίοις
1525 2361 1597 2424 εἰς
1643 2357 1941 2422 ἀπώλειαν,

2037 2361 2707 2442 prehendcbatur,ethis
2723 2366 3096 2444 sanguivoris
3110 2357 3315 2432 bestiis
3339 2369 3682 2432 tradebatur

290 2453 489 2516 Λυσίας
551 2451 720 2508 τοίνυν
775 2452 802 2507 ὁ
859 2447 998 2525 δοὺξ,
1045 2452 1138 2514 τὰς
1169 2447 1434 2529 διατριϐὰς
1475 2448 1530 2506 ἑν
1560 2455 1627 2526 τῇ
1661 2447 1944 2506 Σαταλὲων

2037 2451 2098 2514 ad
2130 2451 2458 2516 interitum.
2484 2451 2613 2516 Dux
2629 2471 2772 2533 ergo
2797 2455 2996 2535 Lysias
3021 2475 3264 2521 versans
3289 2465 3348 2520 in
3372 2458 3676 2536 Sateleon,

290 2543 633 2620 ποιούμενος,
705 2538 759 2596 εἴ
824 2561 969 2604 τινας
1044 2539 1249 2618 εὕρισκε
1321 2541 1416 2607 τῆς
1488 2539 1672 2620 χώρας
1746 2538 1946 2605 ταύτης

2037 2541 2082 2602 si
2110 2541 2291 2622 hujus
2321 2540 2582 2621 regionis
2611 2542 2953 2608 inveniebat
2985 2545 3214 2627 aliquos
3244 2556 3486 2611 sanctos
3517 2547 3680 2611 viros

292 2631 484 2706 ἄνδρας
539 2651 598 2688 τε
654 2632 741 2687 καὶ
796 2643 1052 2708 γυναῖκας
1112 2632 1314 2709 ἁγίους,
1383 2631 1518 2708 μετά
1581 2628 1783 2693 πολλὰς
1853 2628 1946 2690 τὰς

2037 2639 2088 2694 et
2117 2639 2348 2694 sanctas
2382 2631 2655 2708 feminas,
2691 2643 2820 2714 post
2865 2635 3078 2698 multas
3102 2636 3599 2719 interrogationes
3619 2646 3678 2701 et

293 2722 583 2796 ἐρωτήσεις
640 2719 735 2777 καί
791 2720 1052 2796 βασάνους
1114 2721 1460 2800 παρέπεμπεν
1522 2720 1624 2777 ὑπὸ
1703 2715 1947 2798 ἀσφαλε-

2037 2719 2472 2796 tormenta,sub
2495 2720 2791 2784 tutissima
2813 2723 3082 2787 custodia
3105 2715 3536 2790 transmittebat
3556 2727 3678 2790 vin-

296 2814 500 2879 στάτην
533 2811 756 2890 φρουρὰν
787 2807 1092 2886 δεδεμένους
1123 2816 1198 2885 τῷ
1255 2808 1592 2890 Ἀγρικολάω
1639 2808 1694 2866 ἰν
1742 2814 1810 2885 τῇ
1842 2814 1948 2862 Σε-

2037 2818 2161 2872 ctos
2185 2810 2257 2872 ad
2283 2811 2660 2890 Agricolaum
2685 2811 2742 2874 in
2768 2814 3150 2896 metropolim
3175 2815 3634 2880 Sebastenorum
3660 2837 3673 2882 :

299 2899 577 2968 ϐαστηνῶν
639 2899 994 2977 μητροπόλει,
1052 2901 1181 2978 πρὸς
1244 2901 1305 2957 τὸ
1362 2897 1487 2978 παρ’
1545 2897 1743 2955 ἐκείνου
1793 2895 1949 2952 ἀναι-

2037 2909 2096 2962 ut
2123 2898 2196 2960 ab
2230 2899 2333 2963 illo
2363 2899 2439 2963 de
2467 2901 2664 2964 medio
2701 2902 3058 2968 tellerentur
3086 2914 3144 2967 et
3185 2924 3303 2968 nou
3336 2907 3679 2970 sinerentur

311 2991 514 3067 ρεθῖιναι
576 2988 788 3064 αὖτοὺς,
839 2989 927 3048 καὶ
986 2989 1064 3065 μὴ
1113 2992 1330 3058 ἒαθῆναι
1383 2989 1436 3046 ἓν
1495 2994 1564 3065 τῇ
1608 2985 1711 3060 ἰδίᾳ
1767 2984 1946 3076 χῴρᾳ,

2037 2992 2092 3054 in
2128 3007 2237 3051 sua
2271 2988 2544 3072 regione,
2570 2998 2629 3053 et
2659 3010 2770 3054 nec
2792 3012 2996 3056 corum
3021 2996 3253 3076 cognati
3276 3005 3335 3058 et
3356 2997 3675 3060 necessarii

310 3079 456 3142 ὅπως
503 3081 578 3155 μὴ
607 3078 846 3158 τύχωσιν
890 3078 1194 3154 ἐπιμελείας
1248 3080 1350 3136 ὑπὸ
1398 3084 1504 3135 τῶν
1535 3076 1741 3134 οἶγείων
1784 3073 1947 3156 φίλων

2037 3078 2212 3143 ullam
2272 3097 2480 3142 eorum
2544 3099 2744 3145 curam
2798 3073 3246 3160 gererent,—nec
3269 3086 3430 3167 justa
3469 3088 3680 3151 ﬁerent

301 3170 340 3240 ἢ
375 3175 662 3249 συγγενῶν,
713 3169 852 3243 μήτε
894 3169 962 3224 τά
1011 3168 1235 3245 σώματα
1284 3170 1455 3226 αὐτῶν
1485 3174 1552 3241 τῇ
1603 3167 1971 3249 προσηκοόσῃ1

2037 3188 2240 3233 eorum
2274 3169 2649 3251 corporibus,
2687 3172 3008 3253 provincia:
3037 3192 3271 3255 quoque
3300 3177 3551 3257 praeside
3588 3178 3677 3239 si-

300 3263 422 3333 ὁσία
482 3261 624 3339 ταφῇ
666 3255 1056 3338 παραδοθῶσιν,
1101 3258 1297 3334 ὁμοίως
1369 3259 1455 3315 καὶ
1524 3264 1616 3314 τοῦ
1685 3255 1947 3344 ἄρχοντος

2038 3259 2258 3322 militer
2282 3259 2726 3324 transmittente
2740 3261 2976 3344 eos,qui
2999 3264 3150 3344 apud
3178 3255 3539 3328 Sebastenos
3562 3267 3676 3328 orti

291 3356 395 3418 τῆς
427 3349 687 3430 ἐπαρχίας
747 3347 1197 3427 παραπέμποντος
1227 3348 1346 3411 τοὺς
1378 3347 1486 3404 ἀπὸ
1541 3351 1639 3414 τῆς
1672 3343 1950 3411 Σεϐαστη-

2037 3360 2226 3427 erant,
2257 3349 2562 3426 Sateleon,
2597 3351 2710 3414 hoc
2762 3343 3050 3433 improbo
3095 3353 3196 3415 diu
3246 3365 3384 3416 ante
3433 3355 3589 3418 inter
3613 3375 3679 3420 se

297 3446 404 3496 νῶν
464 3438 802 3518 ὁρμωμένους
875 3442 948 3501 είς
1005 3437 1103 3504 τὴν
1176 3435 1459 3494 Σαταλέων
1532 3435 1593 3493 ἐκ
1657 3434 1951 3513 κακούργου

297 3530 544 3606 σκέψεως
610 3527 776 3586 πάλαι
835 3526 1126 3605 γενομένης
1195 3527 1319 3606 παρ’
1393 3531 1587 3589 αὐτῶν,
1663 3525 1950 3605 Ἢγνωσαν

294 3622 400 3700 γάρ
451 3621 539 3676 καὶ
592 3628 750 3677 τοῦτο
807 3617 860 3674 ἂν
919 3623 986 3694 τῇ
1035 3617 1362 3696 ἀνοσιουργῷ
1415 3620 1585 3677 αὐτῶν
1643 3614 1834 3694 γνώμῃ
1889 3614 1949 3670 οὗ

299 3711 492 3791 μικρὸν
552 3708 715 3788 μέρος
775 3707 984 3766 ἔσεσθαι
1042 3729 1301 3786 τιμωριας
1359 3719 1478 3772 τοῖς
1536 3703 1796 3772 ἀθληταῖς
1854 3711 1947 3761 τοῦ

300 3808 560 3879 Χριστοῦ.

390 3890 478 3953 Δ¹,
528 3890 741 3949 Τούτων
791 3887 927 3946 οὕτω
977 3887 1270 3968 γινομένων
1323 3885 1638 3964 Εὖστράτιός
1682 3906 1762 3948 τις
1793 3905 1944 3963 σκρι-

300 3983 504 4060 νιάριος
579 3983 677 4047 τῆς
750 3978 996 4046 δουκικῆς
1051 3977 1308 4057 ὑπάρχων
1365 3975 1586 4049 τάξεως,
1647 3974 1733 4030 καὶ
1795 3995 1946 4052 πρω-

298 4071 468 4129 τεύων
521 4069 584 4124 ἀν
641 4071 776 4146 αύτῇ
829 4073 904 4142 τῷ
959 4067 1078 4124 τότε
1139 4067 1344 4147 χρόνῳ,
1373 4065 1508 4133 ἀνὴρ
1555 4061 1805 4130 θεοσεϐὴς
1862 4061 1951 4118 καὶ

299 4159 629 4241 φοϐούμενος
682 4159 770 4214 τὸν
847 4158 997 4231 Θεὸν,
1066 4157 1153 4213 καὶ
1231 4153 1610 4222 ἀνεπιλήπτως
1679 4155 1769 4211 τὸν
1841 4152 1952 4230 βίον

299 4255 461 4310 αὐτοῦ
533 4247 968 4326 πολιτευόμενος,
1040 4245 1225 4322 ἠθύμει
1300 4247 1385 4302 ἐπὶ
1462 4257 1576 4307 τοῖς
1651 4241 1951 4322 γινομένοις

303 4341 420 4397 καθ’
479 4340 736 4417 ἑκάστην,
788 4338 876 4394 καὶ
931 4336 1210 4395 ἐποτνίᾶτο
1243 4337 1375 4414 πρὸς
1425 4336 1517 4391 τὸν
1559 4333 1746 4413 Κύριον
1803 4331 1952 4408 ἦμῷν

302 4428 510 4497 ’ίησοῦν
581 4429 828 4506 Χριστὸν,
891 4426 1104 4497 νηστείᾳ
1170 4426 1257 4482 καὶ
1334 4428 1612 4503 προσευχῇ
1681 4442 1954 4501 προσκαρ-

2033 3440 2182 3502 inito
2207 3439 2473 3504 consilio.
2505 3438 2694 3522 Impia
2717 3441 2877 3504 enim
2900 3460 3006 3504 sua
3032 3451 3233 3506 mente
3255 3455 3674 3525 cognoverant,

2033 3528 2252 3594 Christi
2285 3529 2522 3592 athletis
2554 3549 2672 3593 non
2706 3530 2970 3594 futurum
3015 3531 3128 3594 hoc
3177 3551 3414 3614 parvam
3447 3543 3675 3616 partem

2031 3618 2332 3701 supplicii.

2114 3879 2210 3939 lV.
2247 3875 2391 3940 Cum
2423 3877 2552 3940 haec
2575 3877 2660 3940 sic
2691 3879 3177 3961 tlerent,quidam
3199 3878 3549 3962 Eustratius,
3577 3881 3676 3962 qui

2030 3978 2158 4031 erat
2173 3965 2400 4030 ducalis
2414 3965 2644 4029 ordinis
2658 3967 3070 4043 scrinarius,et
3088 3988 3158 4031 eo
3176 3977 3441 4050 tempore
3457 3971 3677 4051 primas

2033 4066 2227 4140 partes
2250 4057 2310 4117 in
2331 4075 2401 4118 eo
2428 4054 2754 4137 obtinebat,
2782 4059 2868 4120 vir
2885 4058 3018 4139 pius
3041 4069 3097 4122 et
3120 4061 3310 4123 Deum
3346 4060 3586 4142 timens,
3620 4068 3677 4123 et

2035 4149 2134 4230 qui
2158 4148 2329 4208 vitam
2360 4145 2568 4225 agebat
2600 4147 2748 4208 citra
2773 4147 2951 4208 ullam
2984 4149 3540 4230 reprehensionem,
3576 4169 3678 4212 an-

2035 4239 2283 4319 gebatur
2310 4235 2510 4298 animo
2545 4244 2791 4319 propter
2820 4255 2888 4300 ea
2933 4257 3064 4320 quae
3110 4238 3331 4301 ﬁebant
3360 4239 3670 4322 quotidie:

2035 4327 2505 4410 suppliciterque
2559 4333 2617 4388 et
2677 4327 3096 4391 miserabiliter
3145 4329 3576 4392 vociferabatur
3602 4334 3673 4392 ad

2041 4418 2356 4482 Dominum
2416 4423 2688 4479 nostrum
2727 4419 2926 4480 Jesum
2960 4419 3282 4493 Christum,
3335 4419 3394 4478 in
3443 4419 3676 4500 jejunio

306 4525 494 4599 τερῶν,
528 4516 672 4579 ὅπως
732 4515 898 4581 ’ίλεως
949 4515 1169 4595 γένηται
1203 4527 1321 4577 τοῖς
1381 4512 1585 4577 δούλοις
1643 4510 1826 4599 αὐτοῦ,
1857 4511 1971 4575 καὶ]

2037 4526 2428 4599 perseverans
2471 4516 2529 4569 et
2580 4507 2873 4589 oratione,
2925 4516 2992 4570 ut
3022 4509 3310 4590 prapitius
3362 4517 3521 4570 esset
3552 4510 3676 4570 suis

313 4598 572 4683 ἒπόψηται
641 4608 733 4663 τὸν
764 4604 894 4663 λαὸν
950 4605 1105 4662 abso-5
1135 4603 1191 4660 ἐν
1249 4604 1487 4682 σωτηρίᾳ
1515 4603 1609 4658 καί
1656 4598 1947 4669 ἀνακλήσει

310 4699 410 4754 τῶν
454 4702 656 4770 κακῶν,
689 4695 937 4770 ἐπεθύμει
994 4692 1049 4750 δὲ
1107 4692 1282 4751 θέσθαι
1335 4695 1421 4750 καὶ
1469 4694 1630 4757 ᾱῦτὸς
1691 4693 1783 4748 τίον
1829 4690 1950 4746 ἴσον

307 4801 422 4852 τοῖς
471 4788 640 4865 ἁγίοις
697 4786 902 4865 ἀγῶνα,
955 4785 1043 4841 καὶ
1111 4783 1395 4851 ἀξιωθῆναι
1471 4789 1564 4840 τοῦ
1641 4780 1922 4861 μαρτυρίου

306 4877 442 4935 ἀλλά
499 4877 598 4944 τὴν
656 4873 907 4942 ποικίλην
959 4872 1212 4950 ἀπειλὴν,
1259 4875 1346 4930 καὶ
1400 4872 1499 4940 τὴν
1557 4869 1952 4947 ἀνυπέρϐλητον

307 4969 594 5038 ἀπήνειαν,
625 4967 713 5022 καὶ
761 4966 856 5033 τὴν
889 4963 1278 5044 πολυμήχανον
1329 4964 1660 5030 κατασκευὴν
1706 4963 1803 5017 τσῦ
1852 4959 1947 5038 ἄρα

309 5078 504 5137 χοντος
533 5051 804 5134 ἓφοϐεἷτο.
858 5053 1047 5129 "Opto;
1091 5052 1383 5130 ἀπόπειραν
1415 5073 1529 5109 τινα
1585 5052 1678 5108 καί
1724 5048 1949 5124 δοκιμὴν

309 5135 554 5204 εποιεῖτο
638 5151 730 5201 τοῦ
785 5143 1136 5223 προκειμένου
1219 5145 1377 5201 αὐτοῦ
1458 5147 1659 5198 σκοποῦ
1719 5135 1946 5196 τοιάνδε.

311 5233 503 5292 Λαϐὼν
563 5232 663 5313 γάρ
714 5233 811 5302 τὴν
855 5234 1030 5305 ζώνην
1089 5234 1265 5311 αὐτοῦ,
1299 5227 1490 5287 δέδωκε
1527 5236 1604 5304 τῷ
1653 5227 1952 5298 πιστοτάτῳ

309 5327 470 5382 αὖτοῦ
539 5324 741 5400 οἰκέτῃ,
795 5324 884 5379 καὶ
934 5320 1203 5380 ἐκέλευσεν
1259 5320 1582 5394 ἀποκομίσαι
1625 5318 1824 5384 ταύτην
1881 5315 1952 5381 εἷς

309 5414 411 5482 τὴν
467 5412 878 5491 ’Λραυρακηνῶν
937 5409 1245 5484 ἒκκλησίαν,
1306 5407 1422 5466 ὅθεν
1479 5409 1570 5464 καὶ
1636 5405 1790 5472 αὐτὸς
1845 5404 1954 5480 ὥρ-

311 5526 482 5581 μητο,
536 5503 621 5558 καὶ
682 5500 966 5558 ἀποθέσθαι
1023 5499 1076 5556 ἐν
1119 5507 1194 5574 τῷ
1260 5500 1635 5578 θυσιαστηρίῳθ
1688 5495 1846 5553 αὐτὸν
1904 5492 1957 5550 δὲ

312 5600 520 5666 τοῦτον,
567 5591 621 5647 ἐν
678 5598 752 5665 τῷ
813 5589 1062 5666 λεληθότι
1110 5590 1517 5665 κατακρύψαντα
1577 5587 1788 5665 ἑαυτὸν,
1850 5607 1955 5642 πα-

2032 4599 2290 4672 famulis,
2327 4610 2383 4660 et
2416 4597 2746 4658 intueretur
2780 4599 3061 4680 populum
3097 4617 3268 4660 suum
3293 4598 3351 4659 in
3385 4599 3595 4673 salute,
3621 4607 3681 4660 et

2032 4693 2093 4755 in
2123 4690 2414 4752 malorum
2467 4686 2897 4749 consolatione.
2961 4687 3250 4768 Cupiebat
3306 4695 3503 4750 autem
3551 4687 3680 4768 ipse

2034 4797 2272 4862 quoque
2303 4777 2488 4851 idem,
2540 4775 2702 4858 quod
2761 4777 2976 4852 sancti,
3026 4779 3226 4840 subire
3257 4791 3587 4859 certamen,
3625 4785 3682 4839 et

2035 4870 2271 4950 assequi
2305 4865 2674 4948 martyrium,
2707 4866 2812 4928 sed
2849 4865 3038 4927 varias
3072 4867 3263 4928 minas
3312 4875 3372 4928 et
3400 4866 3676 4929 saevitiam

2036 4955 2528 5038 insuperabilem,
2553 4955 3064 5035 multiplicemque
3087 4955 3453 5017 molitionem
3484 4965 3540 5017 et
3564 4973 3681 5014 ma-

2035 5047 2435 5110 chinationem
2472 5044 2738 5125 praesidis
2800 5044 3278 5122 pertimescebat.
3326 5043 3429 5106 Sui
3483 5053 3679 5105 tamen

2035 5136 2201 5216 scopi
2216 5133 2540 5198 etinstituti
2558 5132 3070 5214 periclinationem
3091 5133 3466 5195 faciebatlioc
3481 5133 3676 5196 modo:

2035 5244 2170 5288 nam
2197 5243 2331 5285 cum
2349 5241 2558 5284 zonam
2581 5240 2748 5284 suam
2773 5221 3299 5302 accepisset,dedit
3329 5221 3555 5283 famulo
3575 5239 3681 5284 suo

2036 5313 2411 5393 ﬁdelissimo,
2446 5321 2503 5374 et
2534 5310 2715 5392 jussit
2764 5329 2894 5372 eam
2949 5318 3184 5391 portare
3243 5312 3302 5372 in
3366 5309 3678 5372 ecclesiam

2037 5406 2662 5476 Arauracenorum,ex
2684 5419 2798 5482 qua
2820 5407 3274 5482 processerat,et
3294 5400 3353 5461 in
3377 5417 3476 5460 ara
3500 5401 3684 5480 depo-

2043 5511 2222 5572 nere;
2250 5509 2384 5553 eum
2419 5491 2610 5571 ipsum
2633 5500 2858 5566 autem,
2889 5507 3020 5551 cum
3056 5506 3182 5550 eam
3209 5489 3460 5550 latenter
3491 5488 3688 5550 occul-

2045 5583 2278 5656 taverit,
2310 5597 2551 5642 servare
2587 5601 2602 5656 ;
2659 5579 2796 5642 etsi
2824 5578 3041 5641 viderit
3083 5576 3320 5660 quidem
3369 5577 3682 5658 quemdam

317 5679 686 5762 ραφυλεὶττεινο
738 5682 823 5739 καὶ
875 5681 918 5737 εἰ
976 5679 1072 5756 μὲν
1118 5676 1222 5738 ἴδοι
1283 5677 1556 5746 Αὖξέντιάν
1611 5699 1727 5735 τινα
1783 5674 1963 5739 δοῦλον

2047 5671 2414 5746 Auxentium
2443 5669 2550 5734 Dei
2573 5688 2834 5752 servum,
2867 5673 2958 5734 cui
2993 5670 3191 5737 ferunt
3223 5684 3429 5732 omnes
3454 5666 3686 5749 pietatis
