4006 6146
361 322 480 398 ι75

1658 344 1939 414 MENSIS
1999 347 2430 416 DECEMBER.

3629 342 3749 412 476

357 473 620 562 veterem
667 480 730 536 et
758 470 1102 558 Dominum,
1138 485 1196 542 et
1225 477 1515 544 universa
1542 488 1758 544 creatae
1775 479 2001 548 natura

2099 487 2255 562 δμετς
2301 486 2346 542 οἱ
2411 477 2818 557 κακοδαιμονίας
2869 477 3160 557 ’ἆνάμεστοι
3197 498 3215 560 ς
3269 475 3588 559 Εὖστράτιος
3652 477 3746 537 εἴ·

358 558 657 653 opiticem,
691 565 793 645 qui
823 576 915 630 est
964 587 1098 631 cum
1130 567 1308 632 Patre
1337 581 1478 633 ante
1511 571 1750 653 sacula,
1786 580 1846 634 et
1873 571 2024 636 inef-

2106 596 2202 634 πεν
2237 592 2252 607 '
2319 572 2385 632 Εἴ
2438 595 2520 629 σοι
2579 572 2646 628 τὰ
2702 571 3018 646 αἰσθητήρια
3078 577 3184 630 τῶν
3241 575 3442 650 φρενῶν
3498 569 3580 646 μὴ
3637 567 3746 638 ἡλ-

355 647 520 710 fabili
590 655 885 736 sapientia
947 677 1054 739 per
1105 660 1650 742 regenerationem,
1713 647 2001 725 suscitavit

2103 662 2316 739 λυίωτο,
2365 664 2452 722 καὶ
2494 667 2572 736 τῷ
2611 666 2716 718 τῶν
2763 662 2944 719 παθῶν
2985 647 3291 742 φυράματιη
3317 660 3394 737 μῆ
3450 660 3751 734 μετεσκεύ-

357 747 624 804 nostram
661 745 1199 811 mortificationem.

2101 775 2231 811 αστο
2287 754 2416 833 πρὸς
2460 752 2522 808 τὸ
2563 748 2761 829 γεῶδες
2803 750 2839 818 in
2874 752 3030 830 ψυχή
3074 773 3189 826 σου,
3224 747 3390 816 ἔδειξα
3433 745 3496 805 ἄν
3540 771 3624 807 σοι
3655 749 3752 806 τὸν

359 819 754 910 ἐσταυρωμένον
809 845 1013 914 τοῦτον,
1090 846 1317 921 Σωτῆρα
1387 844 1474 901 καὶ
1548 844 1737 922 Κύριον
1810 842 2084 919 ἀληθινὸν,
2139 844 2225 900 καὶ
2271 819 2449 910 πάσης
2521 819 2739 903 κτίσεως
2801 819 3120 920 δημιόύργὸν
3173 819 3324 914 δ’ντα,
3373 839 3473 918 πρὸ
3540 839 3755 896 αἰώνων

359 923 764 1014 συνυπάρχοντκ
808 933 882 1001 τῷ
912 932 1094 1007 Πατρί.
1125 937 1220 987 καί
1250 935 1405 1014 σοφίᾳ
1435 933 1644 1012 ἀῤῥήτῳ
1673 932 1756 990 διά
1789 933 1886 1003 τῆς
1917 932 2324 1013 παλιγγενεσίας
2355 934 2454 1000 τὴν
2483 929 2746 1009 ἡμετέραν
2790 929 3128 1009 ἀνεγείραντα
3158 929 3437 1010 νέκρωσιν,

440 1010 596 1077 VIII.
618 1013 762 1076 Cum
787 1028 984 1079 autem
1007 1018 1184 1084 vellet
1206 1010 1401 1093 adhuc
1423 1010 1663 1087 sanctus
1692 1032 2010 1087 contexere

359 1106 712 1180 orationem,
758 1105 1206 1190 interrumpens
1261 1112 1408 1175 dixit
1457 1113 1573 1177 dux
1627 1114 2003 1176 sceleratus:

355 1190 622 1255 Funibus
651 1193 710 1256 in
741 1203 942 1260 aerem
972 1199 1195 1264 feratur
1225 1202 1322 1265 hic
1351 1206 1440 1265 vir
1459 1223 1812 1284 generosus:
1849 1203 2008 1286 ignis

355 1288 552 1383 autem
573 1287 891 1383 congeries
915 1307 1169 1354 accensa
1222 1292 1607 1357 admoveatur
1635 1295 1766 1375 ejus
1797 1302 2005 1375 pecto-

356 1371 523 1435 ribus
549 1374 812 1465 adhoc,
851 1387 912 1440 ut
969 1381 1419 1445 comburantur.
1476 1371 1685 1465 Supra
1720 1371 2002 1446 humeros

353 1463 833 1554 verotripliciter
886 1489 1004 1532 uno
1036 1471 1260 1552 impetu
1312 1474 1492 1554 virgis
1535 1463 1907 1547 verberetur,
1939 1481 2002 1535 ut

357 1553 628 1618 oratione
679 1557 988 1621 nobiscum
1021 1560 1290 1624 decertet
1318 1553 1673 1643 elegantius.
1708 1565 1855 1626 Cum
1889 1563 2001 1626 hoc

356 1651 556 1705 autem
576 1644 797 1726 factum
831 1659 1008 1724 esset,
1046 1658 1105 1713 et
1128 1651 1331 1716 multis
1353 1653 1519 1715 boris
1552 1652 1742 1717 sancti
1767 1652 2003 1716 inferne

358 1732 591 1796 viscera
609 1743 668 1797 et
683 1746 896 1800 venter
912 1739 985 1802 ab
1009 1741 1148 1821 igne
1168 1741 1462 1805 substrata
1479 1742 1998 1821 comburerentur,

359 1828 418 1884 et
448 1822 860 1888 acerbissimis
891 1829 1078 1910 plagis
1108 1833 1238 1911 ejus
1262 1841 1490 1910 tergum
1528 1831 1709 1912 virgis
1740 1833 2006 1911 ﬂagella-

357 1919 544 2004 retur,
576 1913 738 1978 nulla
791 1933 901 1981 vox
962 1920 1402 1985 emittebatur:
1461 1922 1565 1986 sed
1629 1941 1823 2004 neque
1883 1923 2003 1985 ulla

2179 1023 2262 1085 H'.
2327 1022 2448 1080 ’Έτι
2519 1020 2574 1077 δὲ
2633 1022 2724 1077 τὸν
2796 1019 2959 1099 λόγον
3015 1021 3268 1100 συνείρειν
3323 1017 3594 1083 ἐθέλοντος
3657 1023 3760 1076 τοῦ

2090 1115 2261 1193 ἀγίου,
2323 1113 2559 1188 ἐκκόψας
2619 1113 2647 1167 ὃ
2708 1111 2895 1187 μιαρὸς
2940 1108 3057 1177 δοὺξ
3100 1109 3256 1167 εἴπεν
3292 1129 3305 1142 ·
3372 1110 3758 1189 Βασταχθήτω

2088 1217 2205 1270 τοῖς
2265 1204 2526 1283 σχοινίοις
2570 1202 2643 1267 εἰς
2686 1203 2776 1257 τόν
2821 1200 2948 1278 ἀέρα
2993 1203 3020 1257 ὁ
3079 1198 3333 1278 γεννάδας
3396 1199 3548 1266 οὗτος
3579 1214 3593 1229 ⁸
3629 1199 3755 1256 σώ-

2089 1315 2253 1373 ρευμα
2312 1292 2367 1348 δὲ
2425 1291 2587 1368 πυρὸς
2643 1291 3014 1371 ὕφαπτόμενον
3072 1294 3229 1350 αἰ»τοῦ
3281 1291 3358 1354 εἰς
3423 1289 3490 1346 τά
3557 1287 3760 1368 στέρνα

2088 1384 2298 1464 ἐχέσθω
2357 1384 2426 1448 εἰς
2480 1383 2542 1437 τὸ
2601 1379 2884 1460 φλέγεσθαι
2922 1400 2937 1417 ·
3008 1378 3226 1458 ὕπερθεν
3307 1378 3362 1436 δέ
3419 1384 3525 1436 τῶν
3581 1377 3760 1454 ὥμων

2083 1479 2250 1554 τριχῆ
2291 1471 2359 1529 ἐν’
2411 1475 2508 1547 μιᾷ
2551 1476 2686 1550 φορᾷ
2727 1467 2936 1548 ῥάϐδοις
2985 1467 3286 1546 τυπτέσθω,
3332 1467 3477 1534 ὅπως
3520 1473 3756 1544 κομψο-

2083 1562 2238 1641 τέραν
2284 1562 2383 1629 τὴν
2415 1562 2547 1637 πρὸς
2577 1563 2718 1627 ἡμᾶς
2747 1559 2800 1616 έν
2851 1572 2970 1624 τοῖς
3011 1557 3194 1638 λόγοις
3240 1560 3534 1629 ποιήσηται
3567 1557 3747 1632 ἅμιλ-

2084 1652 2202 1712 λαν.
2263 1651 2556 1726 Γενομένου
2616 1649 2671 1705 δὲ
2729 1649 2912 1706 τούτου
2943 1647 3040 1706 καὶ
3072 1647 3126 1706 ἐν
3155 1646 3390 1710 πολλαῖς
3421 1660 3542 1712 ταῖς
3573 1645 3751 1727 ὥραις

2085 1751 2178 1800 τοῦ
2230 1741 2382 1818 ἁγίου
2451 1740 2683 1796 κάτωθεν
2743 1739 2810 1796 τὰ
2865 1737 3156 1819 σπλάγχνα
3231 1740 3316 1796 καὶ
3376 1737 3476 1806 τὴν
3531 1735 3755 1795 κοιλίαν

2087 1833 2185 1888 ὕπὸ
2231 1839 2320 1889 τοῦ
2390 1828 2817 1906 ὑποστρωθέντος
2895 1829 3059 1906 πυρὸς
3133 1827 3452 1902 καιομένου,
3507 1827 3754 1904 καιρίαις

2085 1918 2140 1976 δὲ
2195 1918 2385 1996 βολαῖς
2415 1921 2507 1975 τὸν
2551 1923 2716 1975 νῶτον
2745 1930 2867 1982 ταῖς
2904 1915 3112 1995 ῥάϐδοις
3166 1917 3582 1994 μαστιγομένου,
3617 1913 3750 1974 ούδὲ

364 2001 569 2094 vultus,
605 2005 930 2086 apparebat
977 2012 1248 2088 mutatio,
1307 2013 1593 2093 cernique
1664 2001 1896 2094 poterat
1946 2023 2001 2076 et

2091 2012 2182 2087 μία
2239 2009 2577 2079 ἀνεπέμπετο
2621 2007 2773 2087 φωνιί
2813 2028 2822 2038 ·
2887 2007 3007 2064 ἀλλ’
3053 2005 3168 2064 οῧτε
3211 2005 3494 2071 ἀλλοίωσίς
3537 2029 3618 2070 τις
3661 2011 3754 2080 τῷ

357 2092 765 2184 conjici,quod
791 2096 851 2159 in
868 2099 1063 2163 alieno
1081 2121 1334 2184 corpore
1357 2092 1599 2164 subibat
1615 2092 2000 2184 supplicium.

356 2181 682 2274 Propterea
712 2185 1156 2268 obstupefactus
1181 2181 1511 2255 sceleratus
1535 2181 1848 2274 judex,vix
1881 2201 2005 2254 tan-

359 2270 494 2373 dem
522 2273 862 2373 jussit-eum
891 2279 1150 2373 relaxari
1179 2300 1214 2342 a
1242 2270 1564 2364 tormento,
1588 2292 1646 2346 et
1668 2284 1826 2373 vultu
1856 2282 2004 2345 sub-

357 2360 742 2462 ridensdixit
767 2366 1084 2462 :_Quisnam
1108 2378 1240 2434 tuus
1257 2383 1349 2462 est
1378 2360 1612 2448 sensus,
1629 2393 1663 2435 ο
1697 2372 1953 2435 Eustrati
1973 2371 2004 2432 ‘?

361 2449 724 2544 Visparvam
757 2457 1013 2540 aliquam
1040 2461 1214 2524 aliam
1243 2461 1350 2524 tibi
1372 2462 1665 2544 impositis
1699 2463 1881 2542 plagis
1903 2481 2003 2524 ex-

361 2542 611 2622 cogitem
663 2545 1115 2612 delectationem
1143 2551 1168 2612 1’
1196 2542 1472 2614 Sanctus
1503 2552 1579 2614 ait
1611 2551 1946 2613 Eustratius
1983 2570 1996 2613 :

361 2633 775 2698 Maxime.Dux
811 2639 959 2700 dixit
989 2658 1002 2702 :
1038 2639 1326 2712 Quoniam
1355 2659 1497 2720 ergo
1523 2659 1654 2720 quae
1683 2638 1858 2702 nobis
1889 2641 2009 2719 pla-

362 2731 519 2797 cent,
553 2743 585 2786 a
613 2731 846 2788 tacente
878 2726 974 2788 illo
1001 2737 1142 2791 sunt
1165 2729 1511 2810 approbata,
1537 2729 1720 2810 jubeo
1753 2730 2006 2790 muriam

359 2822 524 2874 aceto
549 2820 1056 2895 contemperatam
1083 2837 1296 2898 magno
1313 2819 1535 2881 ﬂuento
1559 2817 1789 2880 infundi
1822 2837 2006 2881 mem-

360 2900 484 2963 bris
532 2901 670 2982 igne
723 2903 1072 2984 combustis,
1109 2916 1169 2970 et
1217 2909 1408 2972 acutis
1467 2910 1633 2972 testis
1661 2907 1892 2972 fortiter
1950 2910 2005 2972 ei

359 2989 640 3068 atl‘ricari,
675 2991 866 3058 donec
901 3015 970 3060 ex
1003 3005 1203 3060 nostro
1238 2998 1568 3061 ministerio
1617 3016 1821 3062 eorum
1873 3018 2006 3080 quae

2090 2101 2358 2178 προσώπῳ
2443 2099 2600 2156 αὐτοῦ
2679 2098 2945 2178 ἐφαίνετο,
3020 2099 3108 2154 καὶ
3188 2097 3255 2166 ἧν
3323 2101 3588 2177 θεωρῆσαι
3652 2098 3756 2154 καὶ

2088 2191 2316 2264 εἰκάσαι,
2389 2191 2465 2253 ὡς
2525 2189 2580 2246 έν
2639 2187 2900 2266 ἀλλοτρίῳ
2959 2195 3035 2262 τῷ
3085 2188 3292 2251 σώματι
3337 2189 3432 2256 τὴν
3481 2187 3753 2266 τιμωρίαν

2085 2280 2435 2356 ὑπομένοντα.
2514 2277 2836 2357 Ἐκπλαγεὶς
2893 2277 2948 2334 δὲ
3012 2280 3039 2334 ὁ
3096 2279 3289 2356 μιαρὸς
3331 2275 3589 2344 δικαστὴς
3649 2277 3752 2333 ἒπί

2085 2371 2275 2445 τούτῳ,
2336 2368 2489 2445 μόλις
2549 2368 2680 2426 ποτὲ
2759 2368 3002 2436 ἀνεθῆναι
3089 2369 3184 2435 τῆς
3264 2368 3496 2444 βασάνου
3552 2371 3748 2423 τοῦτον

2086 2461 2350 2539 ἐκέλευσε,
2413 2459 2500 2515 καὶ
2559 2456 2836 2536 ὒπογελῶν
2905 2465 2979 2532 τῷ
3045 2458 3316 2536 προσώπῳ
3382 2457 3540 2514 εἶπεν
3577 2476 3593 2495 ο
3678 2445 3745 2514 Ὀ

2090 2551 2248 2608 ποτόν
2308 2571 2400 2606 σου
2441 2549 2502 2605 τό
2547 2548 2818 2626 φρόνημα,
2854 2551 2899 2604 ὡ
2944 2547 3276 2626 Εὖστράτιε;
3334 2546 3533 2626 φράσον
3574 2548 3747 2623 ἡμῖν.

2094 2639 2274 2697 Βούλει
2318 2639 2511 2717 μικράν
2554 2659 2671 2694 τινα
2708 2638 2796 2694 καὶ
2840 2637 3023 2716 ἑτέραν
3081 2651 3204 2701 ταῖς
3247 2636 3598 2701 ὶπιτεθείσαις
3656 2656 3743 2692 σοι

2088 2728 2331 2808 πληγαῖς
2388 2725 2852 2807 ἐπισχεδιάσωμαι
2900 2726 3085 2806 τέρψιν
3120 2744 3136 2803 ;
3174 2718 3231 2786 Ὀ
3289 2727 3441 2806 ἅγιος
3502 2726 3742 2804 Εὐστράο

2087 2841 2196 2884 τιος
2243 2820 2400 2876 εἶπεν
2435 2836 2450 2854 ο
2514 2817 2654 2872 Πάνυ
2697 2817 2797 2892 μὲν
2841 2819 2952 2876 οὖν.
2990 2808 3048 2876 ’0
3098 2814 3214 2883 δοῠξ
3258 2821 3411 2875 εἶπεν
3443 2835 3457 2848 ⁸
3502 2817 3725 2896 Ούκοῦν,

2088 2907 2270 2977 ἐπειδὴ
2313 2907 2526 2964 ἅπαντα
2553 2908 2618 2964 τὸ.
2648 2908 2785 2981 ἡμῖν
2833 2903 3088 2964 δοκοῦντα
3131 2907 3330 2985 ἀρεστά
3378 2911 3454 2980 τῷ
3507 2901 3734 2979 κειμένῳ

2088 2997 2481 3074 δεδοκίμασται,
2556 2996 2737 3073 ἅλμην
2795 2995 2900 3062 ὄξει
2945 2999 3397 3076 συμφυραθεῐσαν,
3458 2993 3542 3052 καὶ
3597 2992 3736 3071 κρά-

361 3089 503 3171 sunt
551 3083 842 3166 jucunda,
899 3087 1159 3167 plurimo
1207 3107 1385 3152 sensu
1435 3096 1719 3171 percepto
1767 3089 2001 3151 satiatus

2091 3108 2260 3162 ματος
2304 3085 2507 3144 πολλοῦ
2567 3087 2874 3164 γενομένου,
2938 3084 3239 3166 ἐπαχθῆναι
3283 3097 3401 3149 τοῖς
3460 3080 3738 3163 καταφλε-

359 3167 559 3231 fuerit.

2085 3181 2266 3258 χθεϊσι
2343 3173 2559 3251 μέλεσιν
2643 3175 2744 3231 ὑπὸ
2829 3182 2923 3234 τοῦ
3007 3175 3168 3254 πυρὸς
3241 3172 3583 3252 προστάττω,
3645 3172 3738 3228 καὶ

361 3259 635 3349 όστράκοις
695 3265 864 3330 ὀξέσιν
917 3267 1131 3334 ιύτόνως
1187 3267 1570 3348 ἀνατρίὸεσθαι,
1636 3269 1792 3349 ἄχρις
1849 3267 1970 3332 ὅςου
2023 3257 2123 3337 τῆς
2181 3265 2444 3344 ἡμετέρας
2501 3265 2784 3343 ὑπουργίας
2844 3263 2937 3320 ἐπὶ
2981 3277 3102 3329 τοϊς
3164 3261 3344 3332 ἡδέσιν
3400 3265 3542 3334 αὐτῷ
3601 3257 3749 3318 πολ-

361 3347 462 3416 λὴ)
493 3353 592 3419 τὴν
614 3353 862 3422 αἴσθησιν
894 3355 1174 3433 δεξάμενος
1207 3347 1450 3437 κορεσθῇ.

437 3437 541 3501 ΙΧ.
577 3439 722 3503 Cum
754 3461 964 3522 magna
1007 3456 1204 3508 autem
1237 3446 1545 3510 celeritate
1575 3466 1645 3510 eo
1675 3466 1914 3530 quoque
1943 3448 1998 3509 ei

358 3527 538 3591 allato
569 3535 1107 3611 tormento,eadem
1133 3555 1275 3598 usus
1291 3527 1795 3600 estconstantiaet
1813 3527 2000 3600 animi

360 3616 728 3710 fortitudine,
763 3631 819 3685 et
852 3643 1050 3704 neque
1079 3625 1255 3702 ullus,
1289 3628 1665 3710 quantumvis
1696 3627 1863 3703 levis,
1898 3645 2000 3705 ge-

361 3708 538 3770 mitus
567 3711 920 3777 audiebatur
947 3716 1158 3777 emitti.
1205 3708 1331 3779 Dux
1383 3716 1568 3781 dixit:
1603 3719 1904 3799 Tanquam
1937 3716 2000 3778 in

360 3815 542 3888 scena
577 3805 1059 3883 superstitionem
1119 3815 1374 3870 ostentat
1406 3815 1464 3869 et
1487 3809 1670 3888 jactat
1700 3807 1820 3888 hic,
1847 3807 2002 3869 sicut

361 3887 526 3964 dicit,
559 3893 784 3956 athleta
818 3895 1294 3960 Crucifixi.Nunc
1317 3915 1456 3977 ergo
1489 3887 1727 3971 dicat,si
1751 3887 1858 3977 per
1877 3897 2005 3958 haec

363 3979 701 4058 castigatus,
733 3983 848 4045 sibi
881 3986 1245 4066 persuaserit
1273 3987 1348 4049 ad
1374 4004 1569 4049 sacras
1592 3986 1842 4048 deorum
1871 4003 2008 4048 aras

357 4069 652 4134 accedere
705 4073 1082 4137 adoraturus.
1143 4079 1392 4140 Sanctus
1432 4075 1578 4139 dixit
1627 4075 1999 4138 Eustratius:

356 4161 610 4248 Propter
630 4180 922 4245 eam,qu:e
945 4171 1034 4227 est
1054 4165 1113 4226 in
1131 4165 1710 4248 te,superstitionem
1726 4165 2002 4227 etfalsam

356 4247 714 4327 religionem
748 4251 898 4328 hare,
959 4253 1114 4315 sicut
1163 4247 1488 4330 existimas,
1548 4254 1694 4316 mihi
1736 4253 2005 4316 inferens

357 4337 675 4419 supplicia,
696 4342 1046 4421 imprudens
1077 4353 1135 4406 et
1166 4344 1428 4406 insciens
1460 4362 1555 4406 me
1586 4342 1763 4405 hodie
1798 4342 2003 4404 multis

356 4426 606 4490 aifecisti
638 4430 836 4508 bonis,
871 4451 1006 4513 qua:
1031 4433 1172 4494 mihi
1201 4434 1454 4495 maxime
1490 4441 1659 4496 erant
1680 4433 1738 4494 in
1771 4433 1938 4508 votis,
1967 4451 2001 4494 0

347 4516 558 4595 judex.
585 4516 1013 4584 Circumfusam
1047 4525 1208 4584 enim
1240 4523 1550 4603 caliginem
1585 4531 1644 4585 et
1673 4522 2001 4585 obscurita-

357 4613 502 4684 tem,
536 4626 667 4688 quae
699 4628 770 4671 ex
803 4613 1069 4674 crassitie
1091 4616 1358 4694 corporis
1389 4631 1522 4676 meo
1554 4612 1746 4676 inerat
1775 4613 1996 4686 animo,

355 4695 450 4785 his
479 4715 512 4759 a
544 4717 639 4760 me
670 4701 983 4764 tormentis
1005 4702 1290 4783 depulisti
1317 4726 1332 4777 ;
1368 4712 1424 4765 et
1444 4722 1574 4785 qua:
1603 4703 1998 4784 principatum

355 4784 608 4868 obtinet,
671 4790 986 4865 rationem,
1047 4809 1278 4866 earnm,
1331 4784 1472 4874 quae,
1520 4793 1696 4873 longo
1729 4801 1998 4873 tempore

355 4874 820 4956 intentabantur,
857 4879 1248 4944 tentationum
1268 4882 1574 4945 victricem
1590 4882 1952 4945 conservasti
1981 4900 1994 4943 :

357 4972 416 5026 et
443 4966 717 5044 effecisti,
749 4977 813 5032 ut
841 4970 1156 5034 funderem
1208 4988 1276 5034 ac
1328 4972 1706 5053 proﬂigarem
1737 4990 1837 5034 eas
1867 4990 2002 5053 qua;

355 5055 416 5116 in
440 5075 537 5120 me
561 5076 773 5139 magno
801 5059 1030 5143 impetu
1051 5061 1650 5144 insurgebant,animi
1679 5063 1998 5144 perturba-

355 5147 566 5221 tiones,
600 5150 760 5212 nullo
792 5153 1042 5214 tumultu
1071 5153 1534 5235 oppugnandum
1570 5152 1720 5215 mibi
1750 5153 1999 5232 largitus

357 5238 695 5315 praesidium
721 5239 942 5303 interni
972 5243 1341 5325 spiritus,qui
1378 5243 1520 5306 mihi
1553 5244 1727 5306 vitam
1753 5243 1906 5324 regit
1935 5244 1998 5306 in

356 5325 804 5393 immortalitate
834 5353 848 5390 :
881 5331 941 5392 in
963 5350 1081 5412 quo
1102 5342 1240 5396 sunt
1266 5334 1409 5396 mihi
1427 5335 1755 5398 reconditae
1780 5333 2000 5396 divitiae

353 5414 822 5505 incorruptionis
851 5437 864 5482 :
901 5429 959 5482 et
990 5421 1302 5486 ostendisti
1333 5424 1484 5486 viam
1510 5423 2000 5505 compendiosam

357 5513 416 5596 et
439 5504 513 5567 ab
529 5507 858 5571 afﬂictione
879 5519 1307 5594 remotam,per
1327 5532 1499 5594 quam
1525 5504 1728 5596 potero
1748 5514 1810 5576 in
1835 5511 2003 5577 ﬁctili

356 5595 470 5657 hoc
491 5614 743 5677 corpore
775 5596 997 5678 degens
1037 5602 1213 5662 vitam
1245 5595 1535 5683 amplecti
1557 5603 1912 5684 angelicam,
1941 5609 2002 5666 et

355 5686 583 5752 scelesti
606 5687 720 5751 frui
737 5689 1268 5756 aeternitateNunc
1291 5692 1414 5756 scio
1439 5712 1534 5757 me
1553 5712 1686 5758 esse
1711 5693 1997 5777 templum

2163 3446 2254 3508 8'.
2302 3446 2446 3501 Μετά
2511 3443 2717 3511 πολλῆς
2771 3441 2825 3500 δὲ
2884 3443 2980 3511 τῆς
3030 3441 3337 3524 ταχυτῆτος
3394 3442 3480 3498 καὶ
3535 3442 3750 3510 ταύτης

2083 3541 2182 3605 τῆς
2241 3535 2474 3613 βασάνου
2527 3533 2969 3615 προσενεχθείσης
3011 3538 3090 3607 τῷ
3143 3533 3299 3611 ἁγίῳ,
3345 3533 3381 3601 ἠ
3424 3531 3559 3599 αὐτὴ
3602 3553 3747 3610 καρ-

2081 3629 2225 3706 τερία
2256 3627 2322 3695 ἦν
2368 3628 2533 3705 αὐτῷ,
2595 3625 2684 3680 καὶ
2731 3622 2848 3680 οὔτε
2907 3623 3204 3700 στεναγμός
3248 3644 3326 3688 τις
3358 3619 3459 3685 ἕως
3501 3627 3745 3706 τοῠκτυ-

2082 3695 2278 3797 χόντος
2326 3695 2548 3783 ἠκούετο
2580 3713 3018 3790 ὶκπεμπόμενος.
3058 3695 3117 3770 ’δ
3173 3709 3289 3778 δοὺξ
3344 3711 3500 3769 εἶπεν
3536 3728 3554 3748 ⁸
3611 3695 3749 3768 ’Ὠσ-

2081 3827 2180 3885 περ
2223 3804 2275 3860 έν
2320 3804 2496 3872 σκηνῇ
2557 3806 2658 3871 τῆς
2724 3803 2779 3860 ἑν
2823 3806 2966 3877 αὗτῷ
3023 3799 3435 3876 δεισιδαιμονίας
3493 3798 3747 3866 ἐπίδειξιν

2085 3897 2187 3963 τὴν
2226 3894 2504 3970 ὑπομονὴν
2549 3907 2784 3951 ποιεῖται
2848 3895 2876 3949 ὁ
2934 3891 3171 3959 ἀθλητὴς
3229 3893 3408 3971 οὗτος,
3463 3890 3537 3957 ὥς
3581 3913 3743 3971 φησι,

2086 3988 2178 4041 τοῦ
2235 3984 2659 4063 ἐσταυρωμένου.
2709 3984 2812 4041 Νῦν
2873 3987 3000 4061 γοῦν
3059 3981 3282 4055 εἰπάτω,
3330 3981 3373 4036 εἰ
3424 3979 3478 4036 έν
3523 3979 3744 4044 ταύταις

2087 4073 2489 4154 σωφρονισθείς,
2563 4072 2813 4130 πέπεικεν
2885 4072 3071 4128 ἑαυτὸν
3122 4082 3237 4132 τοϊς
3296 4069 3578 4148 σωτηρίοις
3629 4070 3743 4126 τῶν

2087 4168 2217 4222 θεῶν
2300 4161 2571 4242 προσιέναι
2658 4163 2871 4239 βωμοῖς
2961 4161 3332 4236 προσυνήσων.
3418 4159 3738 4238 Εὔστράτιος

2087 4254 2243 4312 εἶπεν
2278 4272 2294 4289 ·
2345 4252 2765 4328 Δεισιδαιμονίας
2826 4254 2987 4332 χάριν
3047 4254 3147 4317 τῆς
3206 4248 3260 4306 ἐν
3307 4250 3386 4306 σοὶ
3430 4250 3525 4315 τὰς
3556 4271 3733 4325 τιμω-

2085 4343 2198 4421 ρίας
2228 4342 2443 4416 ταύτας,
2479 4344 2551 4406 ὡς
2598 4341 2856 4416 νομίζεις,
2889 4337 3245 4420 προσαγαγών
3308 4361 3425 4415 μοι,
3478 4337 3731 4421 λέληθας,

2085 4439 2130 4490 ὦ
2188 4430 2432 4507 δικαστᾶ,
2498 4437 2603 4488 τῶν
2663 4428 2748 4487 διὰ
2805 4429 3016 4498 πολλῆς
3076 4429 3246 4509 εὒχῆς
3306 4428 3736 4505 ἑπιθυμουμένων

2084 4547 2178 4599 μοι
2233 4522 2446 4601 ἀγαθῶν
2505 4519 2730 4586 ἀξιώσας
2763 4542 2831 4595 με
2860 4520 2960 4589 τὴν
3011 4520 3265 4596 τήμερον,
3299 4519 3408 4586 Τὴν
3466 4517 3566 4598 γὰρ
3628 4540 3731 4574 πι-

2084 4611 2391 4692 ρικειμένην
2449 4609 2622 4692 ἀχλὺν
2682 4612 2777 4666 καί
2835 4608 3142 4687 ἀμαύρωσιν
3171 4606 3232 4664 ἰκ
3261 4611 3358 4674 τῆς
3418 4611 3732 4689 σωματικίς

2084 4703 2394 4783 παχύτητος
2453 4705 2522 4776 τῇ
2607 4699 2714 4775 έμῇ
2789 4703 2944 4780 ψυχῇ
3015 4699 3228 4763 ταύταις
3300 4709 3423 4763 ταῖς
3480 4697 3732 4774 βασάνοις

2081 4789 2424 4855 διεσκέδασας
2493 4786 2587 4846 ἀπ’
2675 4791 2827 4864 ἱμοῦ,
2876 4790 2962 4846 καὶ
3027 4793 3118 4844 τὸν
3180 4789 3420 4866 ἡγεμόνα
3473 4785 3732 4867 λογισμὸν

2080 4887 2184 4939 τῶν
2239 4880 2293 4937 έν
2346 4885 2535 4955 μακρῷ
2579 4884 2654 4954 τῷ
2703 4879 2885 4958 χρόνῳ
2925 4877 3279 4953 ἐπικειμένων
3337 4877 3481 4950 αὖτῷ
3539 4897 3730 4955 πειρα-

2081 4976 2234 5047 σμῶν
2289 4969 2516 5037 νικητῆν
2573 4975 2665 5026 τοῦ
2721 4966 2910 5025 λοιποῦ
2973 4964 3307 5049 διεφύλαξας,
3381 4965 3476 5024 καί
3530 4965 3727 5044 τροπὴν

2082 5060 2311 5142 εἰργάσω
2361 5065 2468 5116 τῶν
2523 5058 2828 5122 ἀκαθὲκτως
2886 5079 2980 5132 μοι
3024 5055 3463 5132 ἐπανισταμένων
3521 5058 3721 5142 παθῶν,

2081 5141 2507 5232 ἀπερικτύπητον
2563 5149 2625 5206 τὸ
2681 5147 2925 5227 φρούριον
2981 5148 3075 5204 τού
3123 5147 3176 5202 ἐν
3247 5146 3500 5218 ἀθανασίᾳ
3561 5141 3724 5201 πολι-

2081 5239 2366 5319 τευομένου
2415 5237 2618 5297 ἔνδοθεν
2675 5238 2978 5313 πνεύματος
3051 5235 3431 5316 χαρισάμενος,
3493 5233 3547 5290 ὲν
3599 5235 3644 5307 ᾧ
3699 5233 3726 5288 ὁ

2078 5333 2180 5399 τῆς
2241 5329 2529 5411 ἀφθαρσίας
2586 5327 2994 5406 τεθησαύρισται
3056 5323 3301 5399 πλοῦτος,
3377 5325 3464 5383 καὶ
3519 5322 3726 5380 ὑπέδει-

2084 5419 2174 5488 ξας
2233 5419 2354 5479 ὁδὸν
2386 5419 2642 5495 ἐπίτομον
2673 5418 2762 5472 καὶ
2819 5414 3212 5494 ἀταλαίπωρον,
3265 5411 3332 5470 δι’
3375 5415 3441 5480 ἦς
3501 5411 3728 5481 δυνήσο-

2087 5533 2183 5582 μαι
2241 5511 2296 5568 έν
2340 5516 2418 5585 τῷ
2470 5508 2763 5588 ὀστρακίνῳ
2813 5506 2984 5577 τούτῳ
3037 5506 3246 5580 σώματι
3307 5500 3588 5579 διατελῶν,
3635 5503 3730 5569 τὴν

2081 5599 2375 5681 ἀγγελικὴν
2432 5598 2766 5656 ἀσπάσασθαι
2826 5593 3120 5674 πολιτείαν,
3181 5595 3265 5650 καὶ
3341 5591 3436 5659 τῆς
3495 5591 3728 5670 ἐπουρα-

2081 5680 2190 5752 νίου
2245 5688 2532 5749 ἀπολαύειν
2583 5686 2913 5756 ἀΐδιότητος.
2969 5692 3073 5744 Νῦν
3115 5681 3240 5741 οἰδα
3295 5680 3375 5739 ὅτι
3427 5681 3552 5749 ναὸς
3601 5683 3732 5740 Θεοῦ
