4028 6138
173 407 265 478 4η

1051 407 1521 476 MARTYBIUM
1563 409 1624 472 3.
1672 407 2089 472 EUSTRATII
2132 407 2230 472 ET
2275 403 2682 473 SOCIORUM.

3438 405 3554 474 478

174 548 294 630 εἶμι,
352 549 440 608 καὶ
497 548 558 606 τδ
605 549 836 626 Πνεῦμα
899 548 1058 607 αὺτοῦ
1099 549 1161 606 τὸ
1201 547 1354 628 ἅγιον
1401 549 1540 605 οίκετ
1582 545 1637 603 ἐν
1685 545 1854 623 ἐμοί..

1923 543 2046 619 Dei,
2081 552 2140 608 et
2169 551 2443 607 sanctum
2501 544 2629 625 ejus
2680 543 2742 607 in
2793 508 2892 607 me
2946 538 3212 608 habitare
3239 541 3553 626 Spiritum.

180 661 203 697 ε
242 639 549 707 Ἀπόστητε
612 639 706 698 οὖν
731 635 860 721 ιάπ’
917 639 1068 718 ἐμοῦ,
1121 638 1315 704 πάντες
1374 639 1420 695 οί
1465 635 1824 717 εἶργαζόμενοι

173 730 269 799 τὴν
325 729 572 810 ἀνομίαν,
621 729 705 786 ὅτι
767 729 1050 799 είσήκουσε
1111 729 1296 806 Κύριος
1343 732 1441 795 τῆς
1496 731 1678 808 φωνῆς
1734 732 1825 783 τοῦ

175 818 437 896 κλαυθμοῦ
508 842 640 895 μου.
728 819 914 897 Κύριος
979 820 1076 885 τὴν
1138 819 1444 898 προσευχήν
1494 839 1595 894 μου
1651 837 1824 896 προσ-

180 907 402 976 εδέξατο,
455 906 881 987 Ἀγαλλιάσεται
936 909 1006 975 ὡς
1050 907 1266 976 ἀληθῶς
1299 909 1335 977 ἡ
1381 908 1535 986 ψυχή
1591 917 1693 983 μου
1740 905 1825 962 ἐπὶ

185 1006 263 1074 τῷ
314 999 478 1078 Κυρίῳ
508 1015 527 1032 ⁸
604 999 957 1078 τερφϐήσεται
1013 997 1098 1056 ἐπὶ
1173 1004 1251 1072 τῷ
1323 997 1569 1075 σωτηρίῳ
1643 997 1822 1055 αὐτοῦ.

198 1091 371 1148 Πάντα
430 1090 490 1146 τξι
546 1089 684 1145 ὀστᾶ
768 1110 873 1164 μου
951 1086 1123 1166 έροῦσι
1160 1104 1174 1118 ⁸
1253 1087 1432 1166 Κύριε,
1510 1087 1684 1164 Κύριε,
1746 1086 1825 1150 τίς

198 1180 371 1256 ὅμοιός
424 1201 504 1236 σοι
564 1177 824 1257 ῥυόμενος
880 1177 1103 1258 πτωχὸν
1141 1175 1202 1234 ἐκ
1245 1176 1430 1256 χειρὸς
1462 1175 1824 1255 στερεωτέρων

190 1267 358 1348 αὑτοῦ,
408 1269 498 1325 καὶ
557 1269 666 1325 ἀπὸ
696 1274 805 1324 τῶν
855 1265 1253 1346 διαρπαζόντων
1282 1265 1438 1324 αὐτόν
1479 1284 1496 1340 ;
1541 1284 1569 1326 ι
1629 1263 1828 1324 Σπεῦδε

185 1360 350 1414 τοίνυν
382 1358 477 1415 καί
536 1357 816 1437 ἀγωνίζου,
880 1355 1117 1434 ὑπηρέτα
1159 1364 1254 1415 τοῦ
1295 1353 1683 1433 ἀντικειμένου,
1741 1355 1830 1410 καὶ

184 1449 262 1524 μὴ
317 1451 561 1529 καθυφῇς
604 1447 683 1523 τῷ
724 1445 982 1525 προσόπῳ
1023 1466 1142 1525 σου,
1187 1446 1272 1501 καὶ
1326 1441 1612 1520 δοκίμασόν
1643 1463 1709 1518 με
1755 1444 1829 1505 ὡς

184 1537 383 1618 χρυσὸν
443 1537 500 1594 έν
546 1537 764 1618 χαμίνῳ
791 1535 870 1592 ἔτι
912 1534 1009 1592 καῖ
1057 1533 1159 1611 ἔτι,
1213 1536 1300 1591 καὶ
1349 1535 1452 1613 οὔχ
1507 1533 1747 1612 εὑρήσεις
1775 1535 1830 1588 ἓν

184 1627 297 1703 ipsi
353 1626 449 1683 τὸν
512 1627 597 1684 σοὶ
654 1625 904 1704 ἐράσμιον
964 1625 1054 1681 καὶ
1108 1621 1248 1702 ἔργῳ
1295 1620 1736 1697 έπιζητουμένον,
1772 1623 1832 1678 Οὶ

183 1717 282 1795 γὰρ
339 1717 448 1774 Θεοί
507 1721 600 1773 σόυ
657 1713 995 1794 βδελύγματά
1051 1714 1178 1788 εἶσι,
1208 1717 1306 1781 τῆς
1349 1717 1450 1780 σῆς
1481 1712 1696 1778 καὶτῆς
1739 1709 1834 1768 τοῦ

185 1804 449 1882 βασιλέως
480 1827 576 1863 σου
605 1803 822 1883 ἀλογίας
853 1802 1198 1876 δεσπόζοντα.

1917 657 1945 691 ¢
1982 633 2290 698 Discedite
2319 651 2460 714 ergo
2493 653 2527 697 a
2561 653 2656 697 me
2687 652 2920 710 omnes,
2959 635 3060 716 qui
3082 633 3413 715 operamini
3444 633 3560 696 ini-

1909 723 2192 806 quitatem
2257 744 2270 786 :
2326 723 2606 804 quoniam
2657 723 2956 786 exaudivit
3007 725 3293 787 Dominus
3350 741 3557 787 vocem

1909 815 2081 876 ﬂetus
2109 813 2248 887 mei,
2284 813 2572 876 Dominus
2603 811 3089 895 deprecationem
3122 832 3314 877 meam
3347 830 3558 877 susce-

1910 903 1997 983 pit
2023 903 2071 967 ³.
2098 901 2426 965 Exsultabit
2452 921 2661 966 revera
2691 904 2886 965 anima
2919 922 3051 966 mea
3077 902 3138 965 in
3171 902 3560 979 Domino,de-

1907 991 2228 1056 lectabitur
2257 992 2318 1054 in
2347 992 2593 1055 salutari
2653 994 2803 1073 ejus.
2855 991 3069 1056 Omnia
3117 1012 3254 1055 ossa
3285 1012 3418 1056 mea
3457 992 3557 1054 di-

1908 1091 2044 1146 cent
2073 1101 2086 1146 :
2118 1081 2676 1162 Domine,Domine,
2702 1081 2834 1162 quis
2867 1081 3079 1144 similis
3111 1081 3266 1144 tibi?
3298 1081 3558 1144 liberans

1905 1170 2143 1253 inopem
2178 1189 2212 1232 a
2267 1190 2445 1233 manu
2495 1170 2894 1252 potentiorum
2927 1189 3023 1247 eo,
3060 1179 3118 1234 et
3149 1190 3183 1232 a
3214 1171 3556 1252 diripienti-

1911 1261 2024 1324 bus
2052 1279 2188 1324 eum
2211 1261 2266 1326 5.
2307 1285 2329 1317 υ
2367 1259 2609 1324 Festina
2667 1278 2813 1340 ergo
2868 1270 2928 1322 et
2987 1261 3249 1340 decerta,
3284 1261 3560 1323 minister

1911 1351 2257 1431 adversarii,
2291 1359 2348 1412 et
2408 1351 2567 1428 quod
2617 1351 2676 1411 in
2717 1357 2776 1412 te
2828 1359 2941 1425 est,
2994 1349 3142 1412 nihil
3171 1351 3416 1413 remitte
3450 1373 3463 1409 :
3500 1359 3558 1412 et

1913 1441 2100 1522 proba
2133 1458 2226 1502 me
2256 1441 2409 1502 sicut
2437 1457 2649 1502 aurum
2703 1439 2764 1502 in
2819 1439 3059 1502 fornace
3119 1439 3304 1519 magis
3337 1439 3561 1518 magis-

1914 1549 2028 1612 que
2063 1549 2076 1591 :
2112 1539 2172 1594 et
2198 1529 2259 1590 in
2293 1547 2388 1591 me
2419 1547 2538 1591 non
2569 1529 2842 1592 invenies
2870 1529 3135 1610 sordem,
3171 1548 3304 1606 qua;
3333 1537 3422 1592 est
3453 1528 3560 1590 tibi

1913 1620 2207 1692 amabilis,
2246 1629 2304 1682 et
2361 1637 2572 1682 revera
2627 1619 2937 1702 quaeritur.
2971 1617 3082 1681 Tui
3115 1618 3277 1681 enim
3310 1617 3394 1681 dii
3424 1627 3562 1680 sunt

1914 1707 2418 1785 abominationes,
2446 1727 2578 1790 qua;
2605 1715 2723 1772 tua;
2750 1717 2808 1772 et
2839 1709 2923 1770 tui
2953 1708 3330 1790 imperatoris
3362 1707 3560 1773 domi-

1917 1808 2135 1861 nantur
2165 1796 2414 1879 egestati
2442 1797 2722 1863 rationis.

263 1893 328 1957 1'.
378 1884 438 1954 Ὀ
487 1892 604 1960 δοὺξ
633 1881 788 1951 εἶπεν
823 1909 839 1924 ⁸
872 1902 1054 1974 Τάχα,
1087 1893 1160 1955 ὠς
1191 1891 1387 1972 ἔοικεν,
1433 1892 1469 1960 ἡ
1498 1896 1602 1949 τῶν
1629 1884 1854 1971 φρενῶν

1993 1886 2204 1950 X.Dux
2223 1886 2370 1948 dixit
2393 1905 2407 1951 :
2437 1888 2650 1949 Mentis
2673 1885 2944 1962 fortasse,
2974 1893 3037 1948 ut
3057 1885 3313 1966 videtur,
3340 1884 3559 1948 emotio

184 1983 454 2062 έναλλαγιὶ
509 1989 579 2061 τῇ
643 1989 739 2042 τοῦ
798 1982 1048 2058 σώματος
1105 1980 1390 2060 σαθρότητι
1453 1979 1828 2048 ἒπηκολούθη-

183 2096 272 2131 σιν
308 2091 324 2106 ⁸
358 2072 478 2131 ὅθεν
534 2071 744 2140 πολλήν
771 2094 890 2129 τινα
936 2073 1024 2129 καὶ
1071 2071 1252 2150 ἆσαφῆ
1294 2069 1644 2150 βαττολογίαν
1689 2067 1830 2136 διεξ-

181 2162 360 2232 ῆλθες.
424 2165 488 2222 Et
548 2164 648 2243 γὰρ
690 2161 943 2240 ἠδύνατο,
995 2164 1067 2228 ὡς
1113 2162 1175 2219 σὺ
1217 2159 1418 2242 λέγεις,
1478 2163 1504 2218 ὁ
1563 2161 1693 2225 Θεός
1737 2181 1831 2218 σου

181 2254 387 2318 έκεῖνος
431 2253 716 2318 ἀθανασίας
777 2273 836 2310 σε
876 2253 1113 2332 μέτοχον
1157 2255 1516 2326 καταστῆσαι,
1561 2253 1709 2330 τάχα
1766 2251 1827 2306 ἃν

181 2345 266 2400 καὶ
319 2348 422 2411 τῆς
479 2342 754 2421 παρούσης
815 2343 1072 2420 μάστιγος
1133 2341 1351 2420 έρύσατό
1385 2362 1470 2402 σε.
1513 2339 1710 2406 Ἐάσας
1741 2339 1832 2396 οὖν

182 2433 241 2490 τὸ
269 2431 364 2489 έπί
396 2432 655 2508 ματαίαις
706 2431 914 2489 έλπίσιν
966 2428 1448 2512 ὀνειροπολετσθαι,
1509 2427 1699 2486 σπεῦδε
1757 2431 1832 2491 είς

182 2545 276 2590 την
337 2520 468 2599 παρ’
527 2521 660 2596 ἐμοῦ
720 2544 804 2579 σοι
880 2519 1330 2594 ὒποδεικνυμένην
1389 2519 1679 2599 σωτηρίαν,
1734 2520 1838 2576 Εὖ-

187 2613 429 2690 στράτιος
517 2613 675 2670 εἶπεν
707 2628 724 2646 ⁶
819 2611 1002 2669 Βούλει
1086 2614 1396 2689 πεισθῆναι,
1482 2608 1838 2688 πεπηρωμένε

191 2710 356 2760 πᾶσαν
387 2703 492 2771 τὴν
543 2707 653 2759 τῶν
709 2701 1066 2780 ατσθητηρίων
1125 2701 1274 2780 ὄψιν,
1306 2699 1388 2757 ὅτι
1418 2697 1562 2758 οὒδὶν
1594 2697 1840 2757 ἀδυνατεῖ

192 2798 402 2868 τῷθεῷ
434 2811 590 2870 μους
634 2793 773 2872 Πρὸς
831 2791 1081 2869 βασάνοις
1141 2791 1429 2870 ὑπάρχειν,
1483 2790 1568 2846 καὶ
1625 2790 1840 2847 πάντων

197 2883 649 2956 εἱσατενισάνσων,
710 2878 960 2961 αἰφνίδιον
1015 2882 1086 2946 ὡς
1137 2881 1182 2936 εἰ
1212 2876 1418 2945 λεπίδες
1460 2881 1522 2935 ix
1579 2885 1673 2937 τοῦ
1725 2877 1840 2934 σώσ-

208 2994 358 3047 ματος
410 2974 568 3031 αῦτοῦ
626 2967 1039 3045 ἆποὸλήθησαν,
1105 2968 1203 3026 καί
1259 2967 1388 3041 ἔστη
1440 2969 1466 3025 ὃ
1524 2967 1672 3045 ἅγιος
1716 2965 1840 3030 ὅλος

207 3063 376 3140 ὑγιὴς,
418 3059 550 3136 μηδὲ
612 3061 674 3117 τὸ
717 3060 889 3140 τυχὸν
921 3061 1212 3139 σπάραγμα
1269 3059 1342 3121 εἷς
1401 3058 1462 3114 τὸ
1496 3055 1653 3132 σῶμα
1681 3055 1841 3113 αὐτοῦ

199 3149 359 3232 ἔχων,
410 3149 760 3217 Δοξασάντων
803 3147 858 3206 δέ
910 3151 1126 3206 πάντων
1176 3147 1263 3205 επὶ
1304 3151 1383 3220 τῷ
1421 3146 1667 3225 γεγονότι
1709 3145 1840 3203 θαύ-

1912 1987 2236 2040 consecuta
2256 1983 2344 2038 est
2364 1977 2630 2057 corporis
2654 1975 3124 2040 imbecillitatem
3150 1994 3164 2039 :
3196 1995 3312 2056 quo
3339 1975 3560 2037 factum

1912 2074 2026 2140 est,
2060 2075 2122 2128 ut
2153 2067 2356 2128 multis
2381 2065 2580 2128 verbis
2615 2085 2756 2128 usus
2788 2067 2871 2129 sis
2891 2065 3164 2129 obscuris
3186 2077 3245 2128 et
3273 2081 3561 2147 superva-

1911 2156 2136 2218 caneis.
2169 2154 2231 2218 Si
2261 2156 2421 2218 cnim
2457 2163 2658 2236 posset
2709 2155 2812 2218 ille
2841 2163 3079 2231 tuus,ut
3107 2155 3279 2237 dicis,
3309 2157 3473 2219 Deus
3504 2161 3561 2217 te

1913 2245 2264 2327 participem
2294 2243 2551 2308 reddere
2582 2245 3109 2322 immortalitatis,a
3143 2246 3419 2326 praesenti
3449 2244 3562 2306 uti-

1911 2353 2023 2411 que
2048 2346 2100 2396 te
2124 2338 2286 2411 plaga
2309 2338 2858 2397 liberasseuiittens
2880 2353 3018 2409 ergo
3040 2352 3200 2397 vanae
3225 2339 3342 2410 spel
3357 2337 3560 2410 agitari

1915 2424 2180 2494 somniis,
2204 2438 2448 2496 propera
2479 2424 2551 2482 ad
2583 2423 2844 2488 salutem,
2880 2439 3009 2496 quae
3042 2440 3072 2481 a
3097 2437 3188 2480 me
3217 2423 3556 2481 ostenditur.

1920 2509 2080 2573 Dixit
2104 2509 2438 2572 Eustratius
2465 2531 2478 2574 :
2503 2508 2608 2573 Vis
2639 2508 3058 2590 persuaderi,o
3082 2519 3142 2571 tu
3168 2507 3268 2590 qui
3299 2527 3364 2572 es
3384 2506 3564 2570 orbus

1923 2600 2200 2665 omnibus
2224 2601 2684 2677 sensibus,nihil
2708 2619 2839 2664 esse
2870 2600 3028 2683 quod
3053 2619 3219 2664 meus
3241 2619 3356 2662 non
3381 2601 3567 2682 possit

1926 2693 2082 2755 Deus
2102 2699 2130 2754 ?
2146 2691 2494 2768 Attende,et
2517 2709 2612 2754 me
2635 2694 2892 2768 intuere,
2907 2709 3084 2770 quem
3111 2691 3228 2754 tuis
3257 2689 3572 2753 tormentis

1924 2780 2227 2844 existimas
2258 2789 2449 2844 morte
2481 2799 2617 2845 esse
2640 2781 3254 2862 multatum.Cumque
3283 2798 3491 2843 omnes
3514 2781 3574 2843 in

1925 2889 2061 2934 eum
2097 2871 2444 2933 deﬁxissent
2495 2871 2725 2947 oculos,
2783 2879 3039 2954 repente
3089 2869 3270 2933 veluti
3301 2869 3572 2952 quaedam

1924 2979 2251 3042 squammaa
2295 2961 2502 3041 ejectae
2531 2969 2672 3023 sunt
2701 2979 2775 3024 ex
2825 2962 2955 3042 ejus
2985 2978 3241 3043 corpore
3278 2981 3291 3022 :
3323 2968 3381 3022 et
3412 2961 3578 3023 stetit

1923 3057 2162 3112 sanctus
2193 3057 2349 3114 totus
2378 3067 2582 3125 sanus,
2615 3069 2831 3132 corpus
2887 3049 3032 3113 nihil
3066 3049 3294 3113 habens
3323 3052 3574 3114 omnino

1924 3138 2422 3204 laceratum.Cum
2457 3149 2700 3222 propter
2737 3139 3088 3204 miraculum
3143 3148 3367 3216 autem,
3414 3140 3573 3221 quod

191 3229 313 3316 μάτι
368 3242 462 3298 τὸν
523 3241 680 3315 Θεὸν,
732 3237 981 3318 Εῦγένιός
1038 3260 1120 3303 τις
1177 3236 1238 3294 ix
1280 3241 1378 3304 τῆς
1435 3232 1841 3313 Ἀραυρακηνῶν

1923 3229 2139 3292 factum
2171 3231 2604 3306 l'uerat,omnes
2637 3231 2826 3293 Deum
2859 3230 3574 3312 gloriﬁcassent,quidam

190 3333 274 3387 καὶ
321 3329 485 3393 αὗτὸς
541 3330 802 3409 ὑπάρχων
860 3327 1151 3408 πολίχνης,
1209 3323 1544 3406 ὀφφικιάλιος
1597 3329 1693 3393 τῆς
1743 3326 1841 3380 αῦ-

188 3425 280 3487 τῆς
346 3417 578 3494 τάξεως,
639 3419 728 3474 καὶ
807 3417 1130 3496 παραμένων
1211 3419 1288 3490 τῷ
1340 3416 1474 3494 ἁγίῳ
1538 3414 1844 3493 Εὐστρατίῳ

186 3508 220 3565 ἔτ
259 3506 452 3576 εόόησε
511 3514 664 3589 φωνῇ
721 3506 935 3584 μεγάλῃ
978 3505 1152 3583 λέγων
1188 3522 1202 3536 ⁸
1253 3505 1446 3578 Λυσία,
1515 3504 1665 3581 κάγὼ
1708 3510 1841 3582 Χρι-

185 3598 390 3663 στιανός
453 3600 590 3674 εἰμι,
649 3599 737 3654 καὶ
806 3597 903 3664 τὴν
955 3595 1237 3676 Θρησκείαν
1315 3616 1408 3650 σου
1451 3593 1837 3669 ἂναθεματῖζω,

187 3691 272 3745 καὶ
328 3693 407 3762 τῷ
453 3686 825 3766 προστάγματι
868 3691 974 3743 τῶν
1019 3683 1304 3763 βασιλέων,
1363 3683 1450 3739 καὶ
1494 3686 1570 3758 τῷ
1623 3689 1702 3756 σῷ
1748 3686 1841 3739 θε-

190 3776 389 3852 λῆματι
434 3776 848 3850 ἀντιτάσσομαι,
895 3777 968 3838 ὼς
1021 3776 1110 3831 καὶ
1169 3775 1197 3830 ὁ
1232 3772 1406 3850 κύριός
1442 3792 1545 3848 μου
1607 3772 1843 3849 Εὗστρά-

190 3888 324 3930 τιος.
357 3866 631 3941 Θυμωθεὶς
688 3864 778 3921 οὖν
831 3863 918 3922 ἐπὶ
968 3864 1176 3926 τούτοις
1209 3865 1236 3919 ὂ
1300 3860 1442 3942 δοὺξ,
1495 3862 1584 3917 καὶ
1639 3859 1846 3940 δυσφη-

190 3957 369 4031 μήσας
441 3956 662 4028 ἱκανῶς,
724 3952 966 4010 ἐκέλευσε
1054 3951 1152 4009 καΐ
1239 3953 1395 4010 αὐτὸν
1482 3948 1846 4029 συλληφθέντα

191 4045 424 4125 ἀχθῆναι
458 4045 532 4107 εἷς
569 4045 632 4100 τὸ
660 4042 851 4118 μέσον,
883 4043 971 4100 καὶ
1001 4039 1314 4109 διελάλησεν
1349 4038 1516 4104 οὕτως
1555 4057 1569 4074 ⁸

267 4133 382 4194 1Α’.
419 4133 528 4201 Τῆς
587 4133 721 4189 κατὰ
778 4139 882 4190 τῶν
925 4131 1339 4211 δυστιμωρήτων
1403 4129 1606 4186 τούτων
1638 4127 1847 4207 ἐρωτή-

185 4245 323 4288 σεως
378 4222 622 4302 εῦκαίρου
680 4220 934 4298 δεομένης
998 4219 1233 4302 σχολῆς,
1295 4221 1362 4277 τὰ
1407 4227 1493 4276 νῦν
1530 4216 1585 4274 δὲ
1628 4217 1845 4296 ἐπειγό-

183 4335 347 4389 μενος
407 4315 484 4375 εἷς
572 4313 669 4380 τὴν
754 4319 862 4368 τῶν
924 4311 1199 4385 δημοσίων
1255 4309 1589 4390 πραγμάτων
1646 4309 1847 4378 συνήθη

182 4401 478 4478 ἀντίληψιν
509 4449 527 4482 ,
630 4415 722 4460 τὸν
806 4401 1155 4480 μαγγανείαις
1239 4399 1583 4477 τερατοποιὸν
1665 4407 1848 4456 τοῦτον

182 4491 510 4570 Εὔστράτιον
569 4494 658 4548 καὶ
723 4491 974 4570 Εῦγένιον
1028 4491 1120 4547 τὸν
1191 4489 1491 4570 ἆρτιφανῶς
1579 4486 1847 4566 ὁμόφρονα

183 4582 367 4652 αὐτῷ,
444 4578 822 4660 σιδηρωθέντας
920 4580 1055 4638 κατὰ
1131 4579 1328 4644 παντὸς
1419 4586 1513 4636 τοῦ
1595 4575 1845 4651 σώματος

184 4667 559 4750 ἀναληφθῆναι
617 4673 692 4734 εἷς
768 4671 828 4727 τὸ
907 4668 1273 4745 δεσμωτήριον
1335 4667 1672 4747 προστάττω,
1734 4664 1846 4741 ἅμα

175 4771 306 4822 τοῖς
356 4757 572 4825 λοιπόῐς
629 4759 1141 4841 φυλαχθησομένους
1188 4781 1309 4834 μοι,
1346 4757 1400 4814 έν
1457 4756 1618 4833 ἑτέρᾳ
1661 4752 1844 4821 ἐξετά-

177 4870 289 4912 σει,
357 4849 466 4908 Καὶ
523 4859 691 4909 ταῦτα
744 4849 1159 4929 ἀποφηνάμενος
1206 4848 1405 4915 ἀνέστη
1431 4856 1526 4906 τοῦ
1581 4845 1845 4922 βήματος.

180 4941 242 4997 Oi
287 4936 347 4994 δὲ
408 4938 556 5018 ἅγιοι
589 4937 786 5016 ἤγοντο
832 4938 1028 5004 πάντες
1087 4938 1368 5018 χαίροντες
1426 4937 1513 4992 καὶ
1572 4932 1848 5012 ἀγαλλιώ-

182 5050 339 5104 μενοι
403 5027 493 5085 έπὶ
549 5033 618 5104 τῇ
690 5029 924 5105 τοσαύτῃ
1002 5029 1246 5104 δπομονῇ
1302 5026 1390 5084 καὶ
1446 5023 1693 5104 καρτερίᾳ
1761 5022 1852 5080 τοῦ

184 5120 338 5197 ἁγίου
401 5115 747 5192 Εὖστρατίου,
803 5118 890 5174 καὶ
947 5117 1034 5174 ἐπὶ
1085 5123 1155 5194 τῇ
1237 5115 1501 5194 γενομένῃ
1559 5114 1632 5177 εἷς
1692 5113 1850 5169 αὐτὸν

184 5208 444 5288 σωτηρίῳ
510 5207 919 5288 ,Θαυματοποιίᾳ
987 5213 1078 5264 τοῦ
1164 5205 1350 5284 Κυρίου
1431 5205 1584 5278 ἡμῶν
1670 5199 1849 5269 Ἰησοῦ

182 5286 434 5375 Χριστοῦ.
505 5286 600 5360 Ὠς
660 5294 715 5352 δὲ
766 5292 1008 5363 εἰσῆλθον
1053 5295 1126 5360 εἷς
1159 5295 1261 5362 τὴν
1291 5292 1554 5374 φυλακὴν,
1614 5289 1845 5366 ἔψαλλον

180 5387 383 5452 πάντες
431 5391 530 5462 μιᾷ
563 5391 718 5467 φωνῇ
756 5403 770 5418 ⁸
825 5408 850 5440 ιι
901 5382 1032 5443 ’ὶδοὺ
1060 5382 1154 5463 δὴ,
1209 5387 1257 5440 τί
1294 5381 1482 5458 καλὸν,
1541 5381 1578 5450 ἢ
1627 5382 1676 5437 τί
1719 5402 1846 5458 τερ-

177 5477 336 5558 πνδν,
386 5475 508 5534 ἁλλ’
541 5475 579 5545 ἢ
623 5475 688 5532 τὸ
716 5487 994 5531 κατοικεῖν
1025 5471 1282 5552 ἀδελφοὺς
1329 5469 1608 5530 ἐπιτοαυτό
1639 5490 1675 5558 ;,
1699 5493 1723 5528 ι
1760 5470 1847 5527 καὶ

176 5567 243 5623 τὰ
289 5557 440 5645 ἑξῆς,
481 5567 574 5626 καὶ
631 5565 774 5642 μετὰ
833 5565 893 5620 τὸ
947 5562 1228 5645 πληρῶσαι
1286 5563 1384 5632 τὴν
1439 5561 1610 5642 εὐχὴν
1664 5557 1846 5616 ἐκαθί-

1923 3319 2224 3400 Eugenius
2252 3319 2340 3382 vir
2371 3322 2810 3396 Arauracenus,
2865 3320 2967 3401 qui
3022 3329 3150 3383 erat
3181 3320 3312 3402 ipse
3341 3338 3579 3402 quoque

1924 3408 2193 3490 oppiduli
2213 3409 2492 3473 ofﬁcialis
2513 3409 2780 3491 ejusdem
2807 3411 3164 3492 cohortis,et
3188 3410 3578 3493 permanebat

1923 3499 2082 3579 apud
2106 3508 2376 3560 sanctum
2399 3499 3012 3580 Eustratium,magna
3037 3519 3179 3562 voce
3197 3499 3579 3582 exclamavit,

1925 3587 2156 3651 dicens:
2181 3589 2490 3670 Lysia,ego
2514 3607 2748 3671 quoque
2775 3609 2903 3651 sum
2929 3589 3396 3669 Christianus,et
3419 3597 3577 3651 tuam

1926 3677 2356 3739 anathematizo
2387 3678 2826 3757 religionem,et
2841 3679 3041 3759 jussui
3067 3679 3493 3758 imperatorum
3518 3685 3580 3740 et

1929 3774 2042 3829 tua;
2072 3769 2284 3830 resisto
2320 3768 2628 3844 voluntati,
2662 3771 2814 3831 sicut
2877 3770 3054 3831 etiam
3108 3767 3385 3830 dominus
3415 3785 3583 3830 meus

1934 3855 2282 3920 Eustratius.
2321 3860 2444 3921 Dux
2477 3875 2619 3938 ergo
2651 3866 2896 3940 prOpter
2927 3859 3053 3921 hinc
3113 3856 3485 3937 indignatus,
3524 3865 3584 3918 et

1932 3964 2067 4008 eum
2115 3954 2477 4020 exsecratus,
2539 3947 2731 4026 ipsum
2786 3966 3024 4029 quoque
3074 3947 3578 4030 comprehensum

1926 4035 2104 4114 jussit
2135 4036 2270 4098 duci
2303 4036 2362 4097 in
2393 4037 2682 4118 medium,
2714 4045 2770 4100 et
2804 4037 2893 4100 sic
2924 4047 3015 4099 est
3041 4038 3252 4099 effatus
3287 4055 3299 4100 :

2012 4124 2109 4188 XI.
2147 4129 2291 4190 Cum
2327 4127 2723 4208 horum,quos
2756 4128 2966 4208 punire
2997 4134 3086 4189 est
3117 4125 3584 4201 difﬁcile,i'nter-

1930 4215 2160 4294 rogatio
2190 4223 2461 4298 tempore
2491 4226 2549 4279 et
2598 4216 2723 4280 otio
2775 4235 2924 4298 opus
2978 4217 3192 4279 habeat
3223 4223 3585 4298 opportuno,

1930 4324 2088 4368 nunc
2131 4315 2326 4369 autem
2361 4325 2576 4387 urgear
2605 4306 2678 4369 ad
2733 4307 3174 4387 suscipiendam
3231 4313 3579 4368 consuetam

1927 4395 2510 4476 rerumpublicarum
2534 4396 2974 4469 defensionem,
3000 4397 3161 4457 hunc
3195 4394 3584 4476 praestigiato-

1927 4504 2054 4548 rem
2089 4494 2148 4548 et
2204 4486 2704 4551 incantationibus
2761 4485 3184 4548 miraculorum
3239 4485 3583 4547 effectorem

1927 4575 2292 4637 Eustratium
2327 4583 2386 4638 et
2414 4575 2770 4658 Eugenium,
2831 4594 3007 4657 quem
3067 4593 3260 4654 nuper
3313 4573 3590 4654 apparuit

1928 4663 2088 4725 idem
2117 4666 2277 4746 quod
2305 4665 2431 4746 ipse
2461 4667 2710 4742 sentire,
2739 4674 2857 4727 toto
2889 4682 3147 4746 corpore
3175 4664 3336 4725 ferro
3359 4663 3590 4724 vinctos

1923 4751 2109 4833 jubco
2142 4753 2365 4834 conjici
2395 4753 2456 4815 in
2487 4771 2791 4817 carcerem
2826 4773 2960 4815 cum
3015 4753 3285 4832 reliquis,
3320 4751 3419 4832 qui
3451 4761 3590 4812 sunt

1933 4841 2081 4905 mihi
2111 4843 2386 4906 servandi
2418 4844 2490 4906 ad
2523 4844 2697 4905 aliam
2732 4841 3420 4908 examinationem.Haec
3450 4858 3584 4902 cum

1936 4932 2402 5015 pronuntiasset,
2436 4933 2750 4996 descendit
2783 4951 2816 4994 e
2853 4931 3158 4994 tribunali.
3191 4931 3390 4993 Sancti
3447 4946 3586 4988 vero

1933 5020 2309 5085 ducebantur
2339 5041 2548 5085 omnes
2579 5022 2697 5085 lazti
2731 5033 2786 5084 et
2811 5022 3176 5083 exsultantes
3197 5027 3439 5100 prapter
3461 5025 3588 5078 tan-

1934 5117 2050 5172 tam
2079 5112 2455 5175 tolerantiam
2479 5112 2664 5174 sancti
2692 5110 3399 5189 Eustratii,constansque
3423 5105 3585 5168 testi-

1931 5200 2222 5275 monium,
2257 5210 2315 5263 et
2349 5208 2594 5282 propter
2619 5199 2899 5273 salutare,
2929 5197 3090 5277 quod
3115 5198 3174 5258 in
3208 5197 3336 5277 ipso
3365 5194 3584 5257 factum

1929 5299 2040 5369 est,
2081 5289 2433 5353 miraculum
2464 5287 2699 5352 Domini
2733 5293 2918 5349 nostri
2946 5286 3089 5349 Jesu
3126 5283 3368 5348 Christi.
3406 5284 3584 5346 Post-

1929 5396 2103 5458 quam
2136 5389 2332 5442 autem
2361 5379 2616 5460 ingressi
2660 5384 2801 5441 sunt
2861 5375 3218 5450 custodiam,
3251 5373 3590 5456 psallebant

1929 5485 2141 5529 omnes
2162 5487 2277 5532 una
2300 5488 2446 5532 voce
2473 5490 2485 5533 :
2516 5492 2538 5527 ο
2583 5469 2737 5531 Ecce
2773 5468 2912 5549 quid
2944 5484 3110 5547 aeque
3142 5464 3362 5526 bonum
3396 5463 3580 5544 ctju-

1929 5556 2217 5642 cundum,
2248 5568 2428 5641 atque
2465 5559 2737 5623 habitare
2787 5557 2999 5621 fratres
3031 5555 3093 5618 in
3130 5573 3312 5618 unum
3337 5554 3413 5615 4?
3448 5578 3471 5613 ε
3525 5561 3584 5616 et

256 5745 467 5816 9Psal.
502 5762 592 5826 in,
629 5741 695 5809 9.
787 5744 821 5796 δ
849 5741 1003 5808 Psai.
1031 5741 1239 5825 xxxiv,
1277 5740 1372 5809 16.
1456 5737 1670 5807 ιΡεοι.
1700 5750 1920 5818 cxxvn,
1953 5738 1996 5802 Ι.
