4006 6146
383 322 502 400 479

1692 331 1973 402 MENSIS
2025 334 2453 408 DECEMBER.

3639 340 3764 410 480

384 494 515 558 quae
545 479 880 560 sequuntur
911 493 925 543 :
961 481 1021 543 et
1051 479 1360 560 postquam
1391 489 1602 557 preces
1644 470 2016 558 implessent,

2104 483 2253 549 ζοντο
2308 475 2677 558 διδασκόμενοι
2735 479 2838 540 ὑπὸ
2895 487 2985 539 τοῦ
3059 479 3210 561 ἁγίου
3273 478 3614 562 Εὑστρατίου,
3671 485 3764 542 καὶ

384 565 665 631 sedentes
695 569 1067 632 docebantur
1095 587 1128 630 a
1158 573 1362 630 sancto
1392 564 1709 646 Eustratio,
1743 566 2030 648 prompti-

386 674 502 736 que
533 667 595 721 et
623 658 852 722 alacres
899 659 970 722 ab
1013 677 1084 722 eo
1125 655 1532 722 reddebantur
1561 655 1631 718 ad
1661 655 2025 739 propositam

383 745 472 810 eis
501 747 995 812 decertationem.

460 835 586 900 ΧΠ.
623 838 733 903 Die
765 839 865 900 illo
900 839 958 902 in
1015 839 1111 902 his
1167 843 1487 913 transacto,
1547 840 1817 920 sequenti
1850 845 2027 903 nocte

382 925 497 986 dux
519 944 655 988 cum
676 929 1052 1005 surrexisset,
1089 929 1388 1009 professus
1431 932 1521 988 est
1549 943 1614 987 se
1645 925 1797 988 velle
1826 926 1916 990 ire
1951 927 2026 991 ad

383 1013 683 1078 civitatem
711 1017 1207 1100 Nicopolitanam,
1235 1025 1290 1081 et
1321 1015 1560 1079 interim
1591 1015 1731 1078 dum
1768 1015 1927 1080 soliti
1950 1018 2023 1079 ad

379 1104 499 1164 iter
525 1121 590 1166 se
621 1104 911 1184 parabant
942 1109 1219 1182 ministri,
1254 1107 1510 1188 prosiliit
1566 1106 1694 1188 ipse
1724 1105 1786 1168 in
1817 1113 2024 1168 custo-

380 1190 673 1270 diam,ubi
696 1204 864 1259 erant
885 1200 1162 1281 sancti,et
1182 1198 1372 1261 solum
1397 1197 1638 1260 beatum
1663 1195 2024 1259 Eustratium

374 1281 546 1362 jubet
567 1286 721 1348 trahi
743 1288 924 1352 foras.
953 1287 1097 1353 Cum
1120 1297 1314 1352 autem
1338 1297 1498 1351 esset
1519 1286 1835 1362 adductus,
1861 1285 2024 1350 vultu

384 1373 593 1435 ridenti
624 1377 765 1437 dixit
785 1381 834 1437 ei
864 1404 876 1437 :
899 1380 1482 1450 Laetare,cbarissime
1505 1379 2028 1440 Eustrati.Sanctus

386 1476 526 1522 vero
547 1464 856 1544 respondit
889 1486 903 1528 :
938 1464 1095 1528 Deus
1123 1463 1627 1548 omnipotens,cui
1659 1482 1767 1543 ego
1800 1464 2021 1538 servio,

390 1556 448 1612 te
478 1551 732 1614 vicissim
774 1554 954 1634 digne
986 1556 1223 1632 salutet,
1261 1575 1294 1618 o
1316 1556 1522 1637 jndex.
1558 1553 1689 1617 Dux
1721 1553 1865 1616 dicit
1899 1556 2028 1618 :De

384 1640 506 1703 Deo
533 1644 610 1705 sit
631 1644 738 1707 tibi
759 1646 1008 1728 curaa,in
1033 1648 1354 1727 praesentia
1375 1652 1572 1708 autem
1597 1663 1745 1727 cape
1774 1651 1833 1708 et
1861 1652 2028 1726 gesta

2109 571 2661 647 προθυμοποιοῦμενοι
2723 571 2796 638 εἶς
2844 572 2938 628 τὸν
2998 571 3344 652 προκείμενον
3417 577 3603 639 αὑτοῖς
3656 577 3765 644 τῆς

2111 655 2385 729 ἆθλήσεως
2417 660 2624 740 ἀγῶνα,

2191 837 2304 902 IB'.
2377 837 2472 899 Ἐν
2541 841 2746 906 τούτοις
2801 847 2900 909 τῆς
2962 841 3167 922 ἡμέρας
3225 842 3432 910 ἐκείνης
3489 843 3767 902 τελεσθεῖ-

2107 949 2232 1002 σης,
2295 935 2362 1007 τῇ
2425 929 2649 1008 ἐπιούσῃ
2727 931 2882 990 νυκτῖ
2939 931 3168 995 ἄναστᾶς
3238 934 3268 991 ὃ
3320 932 3461 1015 δοὺξ,
3517 934 3603 992 επὶ
3659 933 3771 1005 τήν

2107 1017 2476 1076 Νικοπολιτῶν
2562 1019 2863 1100 ἰπείγεσθαι
2947 1020 3310 1102 ἐπηγγείλατο
3391 1022 3547 1081 πόλιν
3575 1039 3589 1054 ·
3673 1027 3774 1083 καὶ

2107 1105 2161 1162 ἐν
2216 1109 2452 1183 τοσούτῳ
2533 1111 2633 1178 τῆς
2709 1111 2961 1181 συνήθους
3048 1112 3190 1187 αὑτῷ
3267 1113 3556 1192 ὑπηρεσίας
3620 1114 3770 1171 κατὰ

2107 1195 2207 1264 τὴν
2259 1195 2557 1272 ὁδοιπορίαν
2610 1199 3077 1279 εὖτρεπιζομένης,
3139 1203 3293 1270 αὑτὸς
3347 1205 3420 1270 εἰς
3489 1202 3589 1270 τὴν
3647 1229 3766 1284 cpu-

2108 1283 2281 1354 λακὴν
2310 1286 2502 1362 ἥλατο,
2539 1287 2656 1346 ἔνθα
2697 1289 2834 1356 ἦσαν
2865 1291 2913 1346 οἱ
2966 1289 3133 1372 ἅγιοι,
3181 1291 3271 1348 καὶ
3299 1292 3463 1363 μόνον
3491 1293 3583 1350 τὸν
3640 1283 3767 1369 μα-

2107 1375 2290 1454 κάριον
2346 1378 2662 1458 Εὑστρᾶτιον
2711 1377 2916 1436 κελεύει
2959 1378 3277 1448 ἑλκυσθῆναι
3333 1380 3455 1448 ἔξω,
3517 1381 3767 1462 Ἀχθέν-

2107 1487 2198 1529 τος
2261 1464 2314 1522 δὲ
2385 1466 2562 1549 αὑτοῦ,
2639 1466 3020 1546 ὑπομειδιάσας
3093 1476 3169 1546 τῷ
3245 1471 3536 1551 προσώπῳ,
3597 1471 3767 1529 εἶπεν

2109 1557 2241 1636 πρὸς
2285 1556 2441 1614 αὑτόν
2475 1575 2487 1588 ·
2537 1557 2772 1640 Χαίροις,
2832 1556 3248 1641 προσφιλέστατε
3324 1561 3630 1641 Εὑστράτιε.
3699 1551 3767 1621 Ὀ

2110 1644 2162 1702 δὲ
2207 1646 2356 1724 ἅγιος
2412 1639 2770 1726 ἆπεκρίνατολ
2834 1639 2891 1707 Ὀ
2950 1651 3078 1716 Θεὸς
3155 1653 3182 1708 ὁ
3241 1639 3645 1732 παντοκράτωρ,
3717 1652 3770 1727 ᾦ

384 1729 701 1815 hanc,qum
723 1734 827 1796 tibi
846 1735 1376 1818 datur,crepidam,
1403 1743 1469 1798 ut
1493 1735 1689 1799 libens
1712 1735 2019 1798 nobiscum

2111 1736 2218 1815 ἐγὼ
2262 1735 2518 1817 λατρεύω,
2581 1738 2736 1802 αὑτός
2799 1760 2857 1795 σε
2917 1741 3308 1799 ἆντασπάσοιτο
3342 1729 3520 1816 ἀξίως,
3581 1729 3640 1796 ὧν
3671 1739 3769 1797 δι-

384 1820 500 1883 iter
517 1822 718 1902 facias;
747 1833 875 1888 erat
895 1845 1030 1890 vero
1061 1826 1299 1909 trepida
1323 1826 1513 1905 longis
1543 1833 1601 1887 et
1629 1826 1820 1887 acutis
1844 1824 2019 1887 clavis

2104 1826 2299 1884 καστά.
2340 1818 2395 1883 Ὀ
2453 1825 2569 1892 δοὺξ
2623 1832 2779 1884 εἶπεν
2811 1845 2829 1864 ο
2880 1831 3001 1907 Περὶ
3047 1837 3141 1887 τοῦ
3191 1831 3324 1886 Θεοῦ
3353 1851 3445 1887 σου
3488 1830 3607 1906 ἐμοὶ
3652 1853 3767 1908 με-

384 1913 754 1988 transﬁxa,ut
783 1924 1059 1998 tanquam
1092 1917 1289 1980 ﬁbulis
1317 1918 1725 1998 perfnraretur
1746 1914 2024 1995 quaelibet

383 2019 522 2078 pars
550 2005 767 2085 pedum
801 2007 951 2088 ejus.
981 2007 1126 2070 Cum
1169 2009 1278 2070 hac
1309 2025 1450 2087 ergo
1483 2005 1724 2088 crepida
1754 2024 1888 2068 eum
1923 2004 2024 2067 in-

383 2090 702 2169 duisset,et
722 2095 867 2158 loris
885 2097 1394 2178 astrinxisset,suo
1418 2096 1746 2184 obsignavit
1775 2096 2017 2171 annulo,

381 2189 439 2242 et
459 2183 637 2263 jussit
668 2187 974 2266 eum,dum
1009 2187 1468 2269 duceretur,per
1494 2183 1671 2250 totam
1704 2187 1852 2248 viam
1885 2203 2020 2247 ver-

381 2270 579 2336 berari
608 2283 668 2338 et
691 2277 842 2339 trahi
868 2296 1002 2340 cum
1058 2277 1308 2360 reliquis
1340 2277 1585 2340 sanctis.
1637 2275 1773 2356 Ipse
1823 2283 2021 2338 autem

379 2381 518 2450 cum
541 2371 689 2448 toto,
717 2367 816 2449 qui
841 2387 977 2430 cum
1000 2387 1069 2431 eo
1092 2379 1244 2450 erat,
1276 2367 1539 2432 exercitu
1558 2367 1670 2428 iter
1691 2383 2022 2446 perseque-

380 2449 646 2527 batur,et
678 2465 810 2536 post
842 2457 994 2520 duos
1021 2458 1148 2520 dies
1169 2449 1566 2540 pervenerunt
1589 2454 1658 2516 ad
1689 2454 2020 2530 castellum,

381 2541 537 2622 quod
562 2552 652 2608 est
683 2564 869 2629 prope
892 2547 1475 2612 Arauraeenosﬂum
1495 2542 1684 2606 sancti
1707 2549 1905 2605 autem
1932 2561 2024 2604 ac-

381 2633 725 2710 cessissent,
760 2645 1047 2718 quotquot
1075 2646 1247 2700 erant
1277 2635 1440 2698 illius
1476 2632 1764 2712 regionis,
1797 2631 2023 2711 egressi

380 2730 520 2784 sunt
551 2723 624 2784 ad
655 2723 1510 2804 spectaculum,desiderantes
1546 2720 1753 2784 videre
1783 2719 2020 2782 beatum

381 2809 760 2875 Eustratium.
787 2813 997 2878 Nullus
1027 2833 1164 2878 vero
1195 2821 1479 2894 cognatus
1509 2830 1622 2875 nec
1651 2811 1879 2873 amicus
1909 2829 2019 2873 au-

383 2899 640 2965 debatei
663 2903 1164 2988 appropinquare,
1199 2923 1274 2968 ne
1319 2903 1434 2986 ipsi
1475 2919 1711 2981 quoque
1741 2917 2019 2982 compre-

383 2989 832 3070 henderentur;
871 2993 983 3058 hoc
1017 2995 1176 3059 enim
1210 3013 1242 3058 a
1265 2992 1559 3056 scelerato
1591 2991 1743 3055 duce
1773 2988 2025 3074 quibus-

382 3080 514 3142 dam
540 3081 664 3162 jam
697 3083 1048 3166 imperatum
1083 3086 1300 3149 fuerat.

2106 1913 2267 1987 λέτω,
2325 1917 2398 1978 εἰς
2453 1917 2515 1972 τὸ
2559 1919 2727 1994 παρὸν
2770 1915 2822 1974 δὲ
2869 1914 3046 1974 Λαϐὼν
3105 1919 3202 1987 τὴν
3249 1916 3631 1997 ἔπιδεδομένην
3673 1940 3770 1977 σοι

2107 2003 2341 2082 κρηπῖδα
2376 2007 2546 2084 φόρει,
2597 2006 2742 2071 ὅπως
2794 2007 3019 2083 ἄσμενος
3070 2008 3168 2076 τὴν
3225 2009 3342 2082 μεθ’
3399 2010 3552 2085 ἡμῶν
3601 2007 3767 2068 ὁδοι-

2106 2096 2293 2173 πορίαν
2352 2097 2578 2172 ποιήσῃ.
2644 2087 2704 2152 Ἠ
2791 2095 2843 2153 δὲ
2930 2099 3122 2179 κρηπὶς
3207 2099 3273 2166 ἦν
3349 2097 3766 2178 διαπεπαρμένη

2107 2181 2258 2249 ἥλοις
2347 2198 2574 2262 μακροῖς
2664 2187 2751 2242 καὶ
2840 2186 3032 2262 ὀξέσιν,
3123 2187 3262 2245 ὥστε
3344 2186 3761 2267 διαπερονᾶσθαι

2104 2273 2245 2329 ἅπαν
2307 2275 2367 2330 τὸ
2437 2275 2596 2352 μέρος
2647 2281 2752 2332 τῶν
2805 2274 2980 2333 ποδῶν
3036 2277 3214 2340 αὑτοῦ.
3297 2268 3597 2348 Τποδήσας
3665 2278 3758 2336 06v

2106 2364 2262 2419 αὑτὸν
2319 2367 2405 2419 καὶ
2449 2365 2667 2444 σφίγέας
2738 2379 2856 2430 τοῖς
2928 2367 3106 2442 ἱμασι,
3164 2373 3241 2442 τῷ
3285 2365 3549 2442 δακτυλίῳ
3597 2369 3760 2426 αὑτοῦ

2108 2453 2413 2532 ἐσφράγισε,
2469 2457 2556 2510 καὶ
2613 2455 2898 2533 προσέταξε
2987 2458 3312 2532 τυπτὸμενον
3365 2457 3460 2513 καί
3519 2457 3761 2539 συρόμε-

2107 2564 2194 2597 νον
2253 2543 2408 2599 αὑτὸρκ
2485 2543 2698 2622 ἄγεσθαι
2751 2553 2925 2602 πᾶσαν
2988 2547 3086 2614 τὴν
3131 2545 3249 2604 ἐδδν
3309 2548 3442 2624 μετὰ
3499 2547 3588 2607 καί
3644 2550 3758 2607 τῶν

2106 2629 2309 2687 λοιπῶν
2366 2633 2553 2712 ἁγίων,
2603 2635 2768 2698 Αὐτὸς
2807 2634 2862 2692 δὲ
2906 2635 3096 2717 εἴχετο
3141 2636 3252 2715 ἅμα
3285 2639 3442 2695 παντὶ
3491 2643 3572 2713 τῷ
3627 2661 3764 2696 συν-

2105 2721 2216 2777 όντι
2263 2722 2403 2796 αὑτῷ
2447 2730 2656 2802 στρατῷ
2715 2725 2813 2792 τῆς
2876 2723 3018 2802 ὁδοῦ,
3077 2727 3164 2784 καὶ
3222 2727 3358 2803 μετὰ
3411 2726 3498 2784 δύο
3549 2729 3764 2808 ἡμέρας

2105 2811 2178 2874 εἰς
2236 2811 2295 2867 τὸ
2379 2810 2606 2880 πλησίον
2691 2812 2994 2895 Ἀρυρσὶκων
3076 2819 3429 2898 κατήχθησαν
3498 2817 3758 2899 κάστρον.

2113 2901 2560 2978 Παραγενομένων
2604 2902 2657 2959 δὲ
2712 2910 2816 2961 τῶν
2849 2905 3039 2986 ἁγίων,
3087 2905 3278 2972 πάντες
3324 2909 3369 2964 οἱ
3420 2912 3515 2974 τῆς
3561 2907 3756 2988 χώρας

2109 2989 2317 3058 ἐκείνης
2383 2993 2455 3056 ὡς
2518 2994 2590 3058 εἰς
2672 2993 2790 3051 θέαν
2875 2993 3117 3072 ἐξῇεσαν,
3196 2995 3567 3062 ἐπιποθοῦντες
3613 2995 3762 3055 ’ἰδεῖν

2108 3082 2198 3138 τὸν
2256 3082 2515 3161 μακάριον
2594 3083 2933 3162 Εὗστράτιον.
2995 3082 3170 3148 Οὐδεὶς
3243 3085 3298 3142 δὲ
3369 3084 3486 3143 οὔτε
3555 3108 3760 3167 συγγε-

383 3173 508 3245 νῶν,
569 3172 686 3230 οὔτε
748 3173 915 3251 φίλων
974 3175 1268 3244 πλησιάσαι
1324 3175 1465 3250 αὑτῷ
1521 3171 1742 3250 ετόλμα,
1809 3173 1901 3228 ἴνα
1973 3171 2050 3244 μὴ
2108 3172 2195 3227 καὶ
2242 3171 2388 3228 αὑτοὶ
2435 3169 2806 3254 συλληφθῶσι·
2870 3172 3208 3253 παρήγγελτο
3273 3175 3371 3254 γὰρ
3437 3183 3591 3234 τοῦτο
3650 3174 3764 3245 ἤδη

380 3263 515 3316 τισὶν
541 3263 642 3318 ὑπὸ
672 3274 763 3324 τοῦ
793 3273 984 3345 μιαροῦ
1009 3263 1215 3328 δουκός.

459 3349 867 3425 XllI.Quidam
893 3362 1090 3416 autem
1118 3351 1577 3434 Mardarius,vir
1594 3353 1834 3434 quidem
1860 3356 2019 3412 sorte

2190 3350 2296 3409 ll".
2347 3348 2638 3429 Μαρδάριος
2699 3349 2752 3407 δέ
2805 3375 2886 3417 τις
2945 3352 3103 3433 ἀνὴρ,
3161 3353 3374 3422 ἰδιώτης
3434 3355 3531 3422 τὴν
3561 3355 3765 3435 ’τύχην

386 3439 647 3519 privatus
672 3448 730 3502 et
746 3460 852 3505 suo
876 3451 1214 3525 contentus,
1247 3462 1380 3506 cum
1399 3442 1517 3505 illis
1539 3441 1751 3505 diebus
1773 3442 2014 3503 domum

381 3529 491 3592 sibi
516 3532 966 3608 construxisset,
992 3532 1222 3614 tegebat
1247 3534 1515 3597 domum.
1549 3531 1692 3596 Cum
1727 3532 1788 3594 in
1810 3547 2020 3591 omnes

380 3625 578 3683 autem
639 3630 878 3685 sanctos
936 3622 1240 3686 deﬁxisset
1290 3623 1518 3703 oculos,
1579 3621 1722 3683 vidit
1752 3619 2016 3683 medium

381 3729 586 3772 eorum
613 3718 892 3789 tanquam
927 3714 1156 3775 stellam
1189 3713 1484 3793 insignem
1515 3711 1873 3774 Eustratium
1911 3727 1924 3771 :
1962 3716 2018 3770 et

379 3818 511 3862 cum
566 3800 684 3863 cito
717 3821 749 3864 e
780 3803 956 3866 domo
1005 3803 1438 3881 descendisset,
1488 3801 1636 3864 dixit
1685 3799 1855 3862 uxori
1898 3817 2020 3861 suae

377 3907 656 3953 sermone
685 3891 968 3956 Armenio
1003 3915 1017 3958 :
1051 3892 1258 3976 Vides,
1294 3913 1328 3956 ο
1359 3909 1529 3963 uxor.
1583 3910 1718 3955 eum
1761 3889 1861 3972 qui
1892 3896 2022 3951 erat

378 3979 655 4042 dominus
698 3983 846 4058 ejus,
880 4003 1012 4064 quas
1044 3993 1131 4047 est
1180 3983 1572 4046 circumcirca
1602 3980 1888 4061 regionis,
1918 3979 2020 4060 qui

379 4075 438 4128 et
462 4087 690 4146 genere
719 4086 777 4133 et
807 4072 1022 4153 Opibus
1045 4082 1173 4138 erat
1204 4083 1322 4136 tam
1373 4071 1656 4152 insignis,
1691 4081 1752 4133 et
1792 4069 2014 4132 tamdiu

375 4157 566 4222 fuerat
593 4159 815 4222 militia:
864 4163 1081 4240 clarus,
1137 4163 1638 4246 quemadmodum
1671 4161 1871 4223 omnia
1903 4159 2012 4221 de-

374 4251 656 4331 spexerit,
691 4259 748 4314 et
776 4250 918 4327 abit,
955 4263 1017 4315 ut
1068 4253 1191 4317 Deo
1243 4253 1342 4317 iiat
1382 4260 1547 4332 grata
1575 4250 1788 4324 hostia,
1823 4256 1882 4311 et
1911 4267 2014 4312 re-

374 4355 554 4417 gnum
579 4341 822 4405 coeleste
843 4349 1272 4425 consequatur?
1302 4344 1520 4406 Beatus
1551 4339 1840 4422 ille,quod
1875 4347 1932 4402 et
1953 4338 2015 4401 in

375 4430 482 4486 hac
517 4433 624 4490 vita
654 4433 825 4492 fuerit
853 4435 1219 4506 gloriosus,et
1248 4433 1398 4508 apud
1423 4434 1733 4492 Dominum
1755 4441 2012 4490 nostrum

374 4514 452 4576 sit
484 4535 754 4596 magnam
805 4519 1116 4583 habiturus
1173 4519 1473 4601 ﬁduciam,
1528 4527 1589 4581 et
1620 4536 1754 4580 cum
1784 4516 2014 4594 angelis

371 4601 661 4668 ineti‘abili
691 4607 988 4690 voluptate
1015 4609 1323 4674 fruiturus.
1348 4608 1602 4690 Egregia
1628 4614 1824 4672 autem
1850 4606 2013 4670 illius

2101 3441 2187 3496 καὶ
2231 3439 2284 3496 ἐν
2356 3440 2636 3519 αὐταρκείᾳ
2699 3442 2852 3519 βιῶν,
2914 3443 3070 3500 οἶκον
3128 3444 3299 3518 ἑαυτῷ
3352 3445 3764 3508 κατασκευάσας

2101 3530 2155 3586 ἐν
2204 3543 2326 3594 ταῖς
2397 3530 2624 3608 ἡμέραις
2687 3531 2939 3603 ἓκείναις,
3029 3531 3220 3589 ἔσκεπε
3305 3534 3366 3589 τὸ
3450 3531 3754 3609 δωμάτιον,

2103 3618 2372 3685 Ἀτενίσας
2435 3617 2489 3675 δὲ
2547 3621 2619 3683 εἰς
2689 3621 2895 3688 πάντας
2966 3623 3086 3686 τοὺς
3151 3625 3356 3703 ἁγίους,
3414 3621 3523 3680 εἷδε
3580 3622 3755 3698 μέσον

2099 3712 2272 3767 αὑτῶν
2326 3712 2398 3772 ὡς
2457 3715 2721 3790 περιφανῆ
2775 3711 2970 3789 ἀστέρα
3028 3713 3121 3768 τὸν
3180 3712 3336 3792 ἅγιον
3406 3713 3757 3795 Εὑστράτιον,

2099 3803 2194 3857 καί
2247 3799 2389 3879 ταχὺ
2425 3799 2694 3857 κατελθὼν
2738 3800 2843 3857 ἀπὸ
2899 3808 2992 3858 τοῦ
3037 3799 3304 3876 δωματίου
3350 3805 3474 3858 εἷπε
3523 3807 3596 3880 τῇ
3647 3825 3759 3881 γυ-

2102 3891 2235 3946 ναικὶ
2323 3888 2482 3946 αὑτοῦ
2541 3889 2610 3966 cf.
2683 3887 2976 3965 ’ώρμενίων
3068 3889 3328 3964 διαλέκτῳ
3360 3907 3375 3922 ⁹
3465 3894 3645 3970 Ὀρᾷς,
3704 3895 3761 3950 ὦ

2101 3980 2274 4058 γύναι,
2338 3980 2426 4035 τὸν
2498 3979 2675 4058 κύριον
2732 3983 2829 4048 τῆς
2905 3979 3230 4059 περιοικίδος
3306 3983 3486 4057 ἡμῶν,
3547 3983 3634 4037 τὸν
3694 3982 3759 4038 ἐν

2097 4072 2326 4146 τοσαύτῃ
2388 4070 2694 4150 περιφανείᾳ
2773 4069 2958 4149 γένους
3035 4070 3131 4128 καί
3201 4071 3504 4151 χρημάτων
3573 4072 3756 4150 ὑπάρ-

2099 4182 2292 4241 χοντα,
2355 4161 2439 4216 καὶ
2497 4159 2554 4216 ἐν
2635 4159 2930 4238 τηλικαύτῃ
3030 4165 3274 4240 στρατείᾳ
3358 4161 3751 4243 διαπρέψαντα,

2098 4256 2210 4313 πῶς
2271 4249 2482 4306 πάντων
2535 4250 2921 4330 κατεφρόνησε,
2993 4252 3091 4308 καί
3153 4254 3292 4326 θῦμα
3363 4249 3751 4331 εὖπρόσδεκτον

2096 4339 2173 4415 τῷ
2217 4341 2332 4413 Θεῷ
2386 4337 2683 4420 ἀπέρχεται
2742 4339 3010 4422 γενέσθαι,
3068 4340 3162 4397 ’ἶνα
3221 4341 3309 4399 καὶ
3366 4347 3466 4409 τῆς
3523 4339 3754 4422 ἐπουρᾶ-

2097 4429 2206 4486 νίου
2275 4426 2573 4507 καταξιωθῇ
2641 4427 2964 4506 βασιλείας;
3023 4431 3297 4508 Μακάριος
3383 4433 3592 4497 ἒκεῐνος
3664 4430 3748 4489 ὅτι

2099 4520 2188 4575 καί
2249 4517 2302 4574 ἐν
2358 4519 2435 4594 τῷ
2463 4517 2562 4595 βίῳ
2605 4518 2776 4594 τούτῳ
2806 4519 3039 4599 εὑτυχῆς
3067 4520 3157 4576 καὶ
3207 4517 3443 4586 ίπίδοξος
3498 4521 3743 4602 ὑπῆρχε,

2093 4609 2182 4665 καὶ
2237 4609 2366 4687 πρὸς
2422 4609 2511 4666 τὸν
2555 4607 2831 4675 Δεσπότην
2881 4608 3038 4684 ἡμῶν
3087 4609 3314 4688 Χριστὸν
3345 4607 3588 4689 μεγάλην
3642 4607 3746 4676 ἕξει

373 4710 520 4757 uxor
546 4697 896 4778 respondit:
936 4699 1290 4766 Dulcissimo
1339 4699 1573 4775 marite,
1607 4695 1747 4780 quid
1786 4695 2006 4768 obstat,

2104 4699 2192 4767 τὴν
2250 4697 2562 4776 παρῥησίαν,
2621 4697 2710 4755 καὶ
2766 4700 2902 4773 μετὰ
2929 4777 2941 4780 _
2987 4696 3232 4778 ἀγγέλων
3317 4703 3417 4766 τῆς
3476 4699 3744 4779 ἆιρθᾶρτου

374 4787 694 4865 quominus
725 4796 784 4850 tu
807 4807 1041 4872 quoque
1069 4807 1142 4854 eo
1164 4788 1388 4871 venias,
1416 4797 1474 4852 et
1505 4785 1799 4864 eamdem,
1832 4803 2009 4867 quam

372 4872 684 4958 ipse,viam
711 4877 971 4958 ineas,et
998 4887 1264 4943 sanctam
1299 4876 1687 4960 consequaris
1714 4895 1850 4940 cum
1881 4875 2011 4958 ipso

375 4970 976 5046 consummationem,
1004 4979 1069 5033 ut
1099 4976 1181 5032 sis
1213 4970 1330 5032 mei
1371 4968 1676 5050 defensor,
1707 4975 1768 5029 et
1797 4968 2010 5031 horum

375 5074 697 5137 puerorum
730 5057 1074 5136 infantium,
1102 5067 1162 5122 et
1210 5059 1389 5123 totius
1420 5057 1506 5120 tui
1537 5055 1824 5138 generis?
1855 5054 2016 5119 Dixit

375 5147 509 5226 ejus
540 5147 791 5212 maritus
823 5172 834 5209 :
872 5148 954 5213 Da
985 5150 1130 5213 mihi
1159 5151 1413 5223 calceos,
1442 5156 1501 5211 et
1529 5145 1834 5228 ingrediar
1860 5145 2012 5208 viam

377 5255 412 5298 a
441 5256 538 5300 me
565 5237 987 5304 desideratam.
1021 5240 1126 5303 Illa
1157 5259 1294 5303 vero
1322 5241 1434 5303 hoc
1465 5239 1606 5302 fecit
1636 5236 1940 5316 velociter,
1960 5243 2018 5298 et

379 5327 508 5389 laeta
529 5346 665 5391 eum
695 5329 944 5393 dimisit.
996 5328 1104 5403 Qui
1135 5349 1271 5393 cum
1304 5328 1635 5412 accepisset
1664 5329 1924 5400 calceos,
1959 5333 2018 5388 et

380 5433 445 5477 se
471 5424 627 5480 veste
645 5418 1024 5500 induisset,et
1045 5419 1193 5482 duos
1218 5437 1366 5500 quos
1387 5416 1646 5481 habebat
1676 5416 1828 5478 filios
1858 5414 2018 5479 ulnis

382 5511 541 5566 esset
567 5505 899 5588 amplexus,
929 5507 1090 5571 stetit
1141 5507 1213 5568 ad
1242 5505 1575 5580 Orientem,
1609 5515 1669 5568 et.
1698 5503 2015 5567 Dominum

381 5592 690 5665 invocavit,
722 5603 785 5656 et:
813 5594 962 5658 dixit
993 5617 1007 5655 :
1041 5595 1314 5671 Domine,
1360 5595 1520 5660 Deus
1551 5599 1723 5657 Pater
1751 5593 2020 5675 omnipo-

383 5691 538 5762 tens,
573 5691 630 5746 et
662 5682 914 5749 Domine
952 5686 1092 5751 Jesn
1136 5685 1392 5772 Christe,
1422 5692 1482 5749 et
1505 5691 1706 5750 sancte
1735 5683 2014 5770 Spiritus,

2094 4785 2438 4852 καταξιοῦται
2495 4783 2861 4851 ἀπολαύσεως.
2925 4777 2990 4844 Ἠ
3039 4777 3120 4844 δί
3172 4785 3311 4855 καλῆ
3370 4777 3547 4854 ἐκείνη
3612 4777 3747 4867 γυνὴ

2095 4877 2413 4957 ἀπεκρίνατο
2447 4894 2462 4912 '
2553 4875 2846 4934 Γλυκὺτατε
2925 4876 3071 4958 ἄνερ,
3151 4878 3202 4935 τί
3270 4875 3464 4933 κωλύει
3524 4879 3613 4935 καὶ
3688 4880 3745 4935 σὶ

2095 4967 2286 5048 φθάσαι
2331 4967 2512 5042 αὑτὸν,
2571 4967 2659 5024 καὶ
2702 4968 2802 5034 τὴν
2858 4967 3022 5034 αὑτὴν
3072 4966 3213 5042 αὑτῷ
3243 4970 3560 5046 πορευθῆναι
3591 4964 3733 5040 ὁδόν,

2093 5057 2183 5114 καὶ
2223 5059 2322 5126 τῆς
2365 5056 2518 5136 ἁγίας
2577 5055 2858 5124 ἀξιωθῆναι
2901 5053 3021 5132 μετ’
3066 5057 3224 5114 αὑτοῦ
3271 5054 3620 5135 τελειώσεως,
3648 5055 3740 5110 ἶνα

2099 5144 2403 5226 προστάτης
2438 5145 2566 5225 γένη
2611 5147 2696 5203 καὶ
2749 5145 2908 5228 ἐμοῦ,
2973 5147 3060 5203 καὶ
3115 5151 3222 5202 τῶν
3279 5152 3483 5226 μικρῶν
3538 5145 3741 5202 τούτων

2100 5233 2320 5292 πᾶιδίων
2371 5237 2458 5291 καὶ
2487 5235 2685 5299 παντὸς
2719 5242 2810 5292 τοὺ
2838 5235 3019 5315 γένους
3067 5257 3162 5293 σου
3198 5255 3214 5317 ;
3246 5237 3309 5294 '0
3369 5233 3426 5292 δὲ
3471 5233 3602 5314 ἆνὴρ
3646 5234 3747 5290 αὑ-

2100 5331 2198 5393 τῆς
2241 5329 2361 5383 εἷπε
2397 5340 2411 5354 ⁸
2451 5327 2551 5390 Δός
2601 5348 2694 5400 μοι
2753 5325 2818 5382 τὰ
2854 5323 3173 5402 ὑποδήματᾶ
3223 5345 3350 5401 μου,
3410 5327 3498 5382 καὶ
3553 5324 3749 5404 πορεύ-

2101 5437 2264 5492 σομαι
2322 5415 2422 5483 τὴν
2491 5414 2918 5490 ἑπιθυμουμένην
3010 5437 3104 5492 μοι
3163 5413 3306 5476 ὁδόν.
3383 5404 3448 5472 Ἠ
3491 5412 3548 5471 δί
3607 5413 3748 5494 ταχὺ

2100 5507 2254 5563 τοῦτο
2297 5503 2540 5581 ἐποίησε,
2585 5506 2674 5565 καὶ
2736 5505 2872 5580 μετᾶ
2930 5510 3104 5586 χαρᾶς
3161 5503 3511 5583 προέπεμψεν
3564 5504 3745 5563 αὑτόν.

2104 5595 2201 5654 Καὶ
2243 5593 2420 5651 λαϐὼν
2479 5591 2804 5666 ὑπεδήσατο,
2867 5595 2956 5652 καὶ
3012 5591 3354 5673 περιεϐάλετο
3401 5596 3463 5650 τὸ
3533 5594 3742 5670 ἱμάτιον

2101 5685 2282 5760 αὑτοῦ,
2315 5685 2403 5742 καὶ
2445 5681 2757 5765 περιπλέξας
2809 5696 2932 5753 ταῖς
2989 5681 3250 5764 ἆγκᾶλαις
3302 5683 3458 5741 αὑτσῖ
3511 5683 3580 5739 τὰ
3637 5683 3745 5741 ὑπ-
