4028 6138
162 239 275 319 tsi
1121 264 1591 335 MARTYRIUM
1635 269 1695 332 s.
1740 257 2156 334 EUSTRATII
2198 266 2298 334 ET
2340 261 2748 336 scamnum.
3501 267 3621 342 4'82

179 391 438 473 ἄρχοντα.
505 401 678 477 αὐτῷ
733 399 831 462 δύο
882 402 1064 482 τέκνα,
1113 403 1243 474 ἔστη
1285 407 1423 463 κατᾶ
1480 405 1764 483 ἀνατολὰς,
1810 407 1898 463 καὶ

1989 423 2098 467 una
2128 402 2555 480 divinitas,una
2573 403 3080 482 virtus,miserere
3111 407 3226 468 mei
3249 411 3616 488 peccatoris;

189 483 586 546 ὶπεκαλέσατο
682 493 787 551 τὸν
875 495 1006 552 Θεὸν
1087 495 1176 552 καὶ
1237 495 1395 554 εἶπεν
1429 515 1443 530 ·
1503 493 1747 555 Δέσποτά
1802 496 1899 552 Θεὲ

1989 493 2272 558 miserere
2301 492 2536 557 ancillae
2555 501 2693 575 tuae,
2729 501 2788 558 et
2821 512 2950 556 eam
2967 493 3227 575 suscipe,
3250 483 3312 558 et
3340 497 3448 559 hos
3469 483 3620 562 duos

208 577 641 660 παντοκράτωρ,
705 582 810 640 καί
877 583 1030 664 Κύριε
1102 580 1282 652 Ἰησοῦ
1337 585 1553 666 Χριστὲ,
1601 587 1688 643 καὶ
1744 583 1897 664 ἅγιον

1989 583 2374 661 inlantes,qui
2395 601 2460 646 es
2478 582 2763 646 defensor
2790 582 3191 665 viduarum,et
3205 592 3372 666 pater
3400 587 3624 669 orpha-

221 669 462 747 ἶινῶμα,
507 670 614 747 μία
677 673 904 752 θεότης,
963 674 1056 750 μία
1119 671 1360 756 δύναμις,
1416 671 1636 742 ἐλέησόν
1682 698 1749 751 με
1806 676 1897 733 τὸν

1989 691 2218 736 norum.
2251 671 2370 752 Ego
2405 671 2588 748 enim,
2631 670 2910 749 Domine,
2941 691 3074 736 cum
3109 691 3322 752 magno
3351 683 3411 738 et
3439 675 3624 740 alacri

235 761 572 840 ἁμαρτωλὸν,
638 763 734 818 καὶ
796 763 1224 844 σπλαγχνίσθητι
1300 765 1390 822 καὶ
1446 762 1728 822 ἆντιλαῦοὖ
1797 764 1894 833 τῆς

1989 763 2162 826 animi
2193 760 2389 825 studio
2418 762 2492 826 ad
2520 770 2576 825 te
2606 761 2951 826 venioJlaac
2982 781 3116 825 cum
3148 762 3418 841 dixisset,
3451 784 3616 829 oscu-

233 848 425 918 δούλης
470 872 589 924 σου,
631 851 732 909 καί
767 852 874 909 τῶν
904 849 992 909 δύο
1033 852 1238 920 νηπίων
1280 851 1502 930 τούτων,
1535 856 1564 910 ὃ
1593 854 1894 932 προστάτης

1989 852 2136 916 latus
2168 859 2256 915 est
2284 870 2426 915 suos
2457 851 2704 926 lilios,et
2734 851 2885 914 dixit
2920 873 2933 915 :
2969 851 3144 917 Salva
3174 852 3257 916 sis
3288 853 3526 938 mulier,
3559 868 3619 921 et

245 947 347 998 τιῖιν
385 945 603 1022 χηρῶν,
666 942 759 998 καὶ
819 940 997 1020 πατήρ
1051 939 1160 998 τῶν
1234 943 1499 1022 ὀρφανῶν.
1565 941 1711 1022 Ἐγὼ
1769 944 1892 1024 γὰρ,

1989 941 2104 1004 noli
2133 941 2290 1005 allici
2319 942 2700 1016 tristitia,nec
2730 941 2939 1022 lle,sed
2972 942 3164 1021 gaude
3193 951 3250 1005 et
3282 945 3624 1010 exsulta.Te

260 1030 511 1105 Δέσποτα,
559 1031 706 1106 μετὰ
750 1029 959 1098 πολλῆς
987 1035 1087 1098 τῆς
1138 1032 1430 1112 προθυμίας
1484 1031 1715 1113 ἔρχομαι
1761 1036 1894 1113 πρὸς

1989 1032 2140 1095 enim
2174 1040 2232 1094 et
2261 1031 2413 1094 lilios
2442 1049 2608 1094 meos
2668 1039 2730 1095 et
2774 1031 3034 1094 animam
3068 1031 3301 1115 depono
3332 1035 3392 1096 in
3446 1053 3622 1100 manu

262 1116 342 1179 σέ.
399 1122 490 1179 Καὶ
527 1127 700 1178 ταῦτα
745 1120 930 1196 εἰπὼν,
1007 1120 1331 1201 κατεφίλησε
1402 1123 1467 1179 τὰ
1511 1121 1696 1180 παιδία
1739 1127 1897 1184 αὖτοῦ

1989 1122 2122 1186 boni
2151 1120 2258 1185 Dei
2294 1123 2507 1197 nostri,
2542 1121 2643 1202 qui
2675 1129 2865 1203 potest
2896 1123 3115 1185 omnia.

257 1209 341 1266 καί
369 1213 540 1266 εἶπεν
590 1208 797 1286 Σὼζου,
839 1212 1018 1290 γύναι,
1064 1210 1143 1288 μὴ
1199 1210 1367 1270 λυποῦ
1423 1211 1556 1287 μηδέ
1598 1211 1809 1292 δάκρυε,
1867 1211 2005 1272 ἀλλὰ
2060 1226 2222 1294 χαῖρε
2284 1213 2372 1270 καὶ
2427 1211 2677 1291 ἁγαλλία’
2730 1211 2788 1268 σέ
2831 1213 2929 1292 γὰρ
3003 1215 3089 1270 καὶ
3145 1215 3209 1270 τὰ
3262 1213 3441 1274 παιδία
3491 1240 3617 1294 μου,

252 1299 335 1356 καὶ
361 1298 462 1366 τὴν
490 1298 680 1380 ψυχάν
706 1321 832 1380 μου,
867 1301 939 1364 είς
969 1314 1162 1382 χεῖρας
1195 1303 1520 1382 παρατίθημι
1551 1303 1642 1362 τοῦ
1668 1305 1734 1361 τά
1763 1305 1933 1361 πάντα
1963 1301 2251 1378 δυναμένου
2278 1304 2474 1382 ἀγαθοῦ
2505 1309 2635 1361 Θεοῦ
2663 1303 2842 1377 ημῶν.

326 1387 416 1446 1Δ¹
430 1437 444 1451 .
496 1391 604 1448 Καί
649 1395 812 1447 ταῦτα
843 1389 1028 1468 εἰπὼν,
1062 1387 1320 1470 δρομαῖος
1366 1390 1577 1470 ὶξῆλθε,
1636 1395 1721 1450 καὶ
1765 1395 1894 1474 πρός

2056 1393 2214 1458 XIV.
2238 1390 2312 1453 Et
2341 1410 2476 1454 cum
2507 1391 2634 1454 haec
2663 1390 2930 1464 dixisset,
2949 1390 3171 1454 cursim
3203 1402 3293 1456 est
3320 1412 3615 1476 egressus,

247 1499 362 1534 τινα
416 1479 738 1558 Μουκάτορα
801 1478 1061 1558 τοῦνομα,
1123 1480 1178 1537 ἐν
1224 1488 1294 1559 τῇ
1347 1479 1758 1562 Ἀραυρακηνῶν
1800 1485 1895 1552 τὴν

1989 1491 2038 1547 et
2056 1487 2215 1545 venit
2235 1481 2310 1543 ad
2333 1481 2650 1562 quemdam
2672 1481 2915 1543 nomine
2935 1479 3429 1566 Mucatorem,qui
3452 1487 3512 1550 in
3534 1507 3624 1552 re-

255 1565 475 1634 οἴκησιν
534 1566 755 1648 ἔχοντα,
809 1567 906 1626 καί
982 1569 1317 1648 πρωτεύοντα
1390 1569 1444 1627 ἰν
1521 1576 1677 1650 αὐτῇ,
1739 1569 1899 1652 ἄνδρα

1989 1573 2156 1655 gione
2178 1571 2694 1635 Arauracenorum
2717 1569 2970 1633 habebat
3002 1565 3450 1651 habitationem,
3483 1587 3543 1639 et
3562 1579 3624 1641 in

255 1656 520 1732 ἱπίσημον
593 1658 680 1714 καὶ
737 1657 988 1716 πλούσιον
1045 1660 1210 1734 πάνυ,
1269 1658 1423 1741 ἦλθε,
1484 1663 1570 1719 καὶ
1625 1685 1900 1741 προσαγοο

1989 1681 2054 1726 ea
2075 1661 2385 1726 obtinebat
2407 1662 2628 1743 primas
2650 1669 2872 1742 partes,
2898 1667 2955 1723 et
2975 1669 3106 1723 erat
3129 1661 3219 1725 vir
3240 1661 3407 1726 valde
3427 1666 3624 1730 clarus

255 1746 445 1824 ρεύσας
491 1748 650 1806 αὐτὸν
695 1747 852 1805 εἶπεν
888 1765 901 1779 ⁸
958 1746 1089 1807 Ἰδοὺ
1144 1748 1254 1829 ἐγὼ
1310 1751 1601 1830 πορεύομαι
1646 1754 1776 1833 πρὸς
1806 1774 1898 1809 τον

257 1835 407 1916 φίλον
464 1859 560 1896 σου
615 1841 713 1894 καὶ
763 1839 1018 1918 συγγενέα
1080 1840 1387 1916 Κυρισίκην,
1469 1843 1558 1898 καὶ
1616 1849 1709 1900 τοῦ
1768 1849 1901 1900 Θεοῦ

253 1925 531 2003 θέλοντος,
590 1925 798 1984 συνοδία
842 1932 984 2003 αὒτῷ
1025 1929 1262 2006 γίνομαι,
1314 1931 1397 1987 καὶ
1429 1929 1546 2006 μετ’
1599 1933 1755 1990 αύτοῦ
1811 1934 1900 1989 τὸν

251 2020 355 2082 τῆς
413 2013 690 2086 ἀθλήσεως
747 2019 999 2093 ὑπομενῶ
1050 2018 1254 2097 ἀγῶνα,
1315 2020 1388 2074 Σὺ
1447 2019 1535 2076 οὖν
1583 2030 1739 2100 γενοῦ
1768 2022 1902 2097 μετὰ

255 2107 392 2162 Θεὸν
433 2109 535 2172 τῆς
579 2106 827 2185 γυναικός
886 2129 986 2184 μου
1043 2108 1349 2185 προστάτης
1405 2110 1492 2166 καὶ
1546 2110 1650 2167 τῶν
1701 2109 1901 2168 τέκνων

251 2217 360 2273 μου
392 2194 445 2252 ἓν
476 2196 556 2270 τῷ
608 2195 708 2272 βίῳ
758 2197 954 2275 τούτῳ,
1005 2199 1092 2255 καὶ
1136 2196 1431 2277 γενήσομαί
1482 2223 1564 2256 σοι
1603 2202 1756 2279 κάγὼ
1809 2200 1899 2281 ἐρ-

253 2286 430 2358 γάτης
461 2285 593 2364 ὑπὲρ
629 2286 826 2354 ταύτης
870 2291 970 2355 τῆς
1024 2287 1245 2368 χάριτος
1299 2287 1353 2344 ἐν
1398 2288 1465 2365 τῇ
1511 2289 1686 2370 ἡμέρᾳ
1728 2289 1902 2366 ἐκείνῃ

251 2373 341 2431 ὅτε
402 2375 772 2454 παριστάμεθα
821 2381 897 2449 τῷ
955 2384 1092 2458 Θεῷ,
1153 2379 1240 2434 καὶ
1296 2378 1388 2434 τόν
1418 2381 1605 2455 μισθὸν
1648 2377 1901 2455 ἀπολαμ-

252 2461 459 2530 ϐάνεις.
496 2461 556 2522 Ὀ
598 2462 654 2520 δὲ
702 2461 930 2533 εύλαϐἦς
960 2465 1169 2531 ἐκεῖνος
1218 2466 1354 2546 ἀνὴρ
1401 2471 1554 2525 εἶπεν
1587 2486 1605 2508 ο
1651 2466 1902 2528 ’¹ὼπελθε

254 2553 310 2610 ἰν
357 2555 567 2635 εἰρήνῃ,
599 2552 806 2630 τέκνον,
866 2555 966 2622 τὴν
1011 2553 1180 2625 καλὴν
1235 2559 1478 2638 πορείαν,
1511 2561 1596 2616 καὶ
1627 2559 1706 2636 μὴ
1737 2581 1903 2640 φρον-

254 2646 411 2720 τίσῃς
470 2646 590 2724 περὶ
640 2644 851 2720 τούτου,
912 2643 1050 2702 ἄλλα
1100 2645 1386 2726 πλήρωσόν
1444 2669 1538 2709 σου
1580 2649 1676 2718 τὴν
1721 2649 1904 2707 ἐπιθυ-

261 2735 390 2810 μίαν
423 2753 436 2767 ·
484 2735 582 2803 τῆς
653 2735 753 2814 γὰρ
810 2737 1058 2816 γυναικός
1118 2759 1212 2795 σου
1288 2741 1623 2816 πνευματικῇ
1680 2739 1904 2797 διαθέσει

257 2823 452 2900 ἔσομαι
502 2821 655 2904 ἀνὴρ,
716 2827 806 2883 καὶ
861 2831 968 2883 τῶν
1025 2825 1246 2884 παιδίων
1316 2849 1411 2886 σου
1471 2831 1666 2909 πατήρ.
1735 2837 1908 2888 Ταῦτα

263 2913 488 2976 ἆκούσας
547 2915 575 2971 ὂ
636 2913 932 2994 Μαρδάριος
991 2917 1078 2973 καὶ
1148 2916 1535 2994 συνταξάμενος
1594 2919 1758 3000 αὐτῷ,
1804 2917 1907 2986 ἤδη

268 3001 450 3059 λοιπον
479 3001 708 3071 πλησίον
738 3010 832 3062 τοῦ
860 3007 1087 3085 κσίστρου
1144 3005 1335 3085 ἔφθασε
1385 3008 1508 3072 τοὺς
1558 3009 1759 3088 ἁγίους,
1821 3011 1908 3066 καὶ

269 3089 486 3148 ἰκάλεσε
537 3097 630 3151 τὸν
685 3094 840 3174 ἅγιον
927 3095 1242 3176 Εὖστράτιον
1329 3097 1467 3155 οὕτω
1500 3115 1520 3134 θ

262 3185 540 3264 Κυρισίκη,
582 3187 659 3248 ὡς
713 3183 978 3264 πρόϐατον
1025 3186 1228 3245 ἄκακον
1280 3191 1411 3268 πρὸς
1453 3190 1544 3246 τὸν
1589 3186 1726 3246 ἴδιον
1780 3210 1904 3246 ποι-

257 3272 390 3348 μένα
419 3273 630 3353 τρέχει,
664 3273 803 3331 οὕτω
831 3275 984 3354 κάγὼ
1013 3275 1176 3346 ἦλθον
1219 3279 1350 3358 πρὸς
1410 3277 1492 3359 σὲ,
1551 3276 1718 3336 θέλων
1777 3279 1904 3354 ὑμῖν

257 3361 590 3426 συνοδεῦσαι,
646 3362 798 3430 Δέξαι
853 3364 942 3422 οὖν
1005 3387 1096 3448 με,
1143 3369 1230 3424 καὶ
1286 3371 1780 3449 συγκαταρίθμησον
1837 3373 1906 3446 τῇ

256 3452 379 3531 ἁγίᾳ
441 3476 539 3510 σου
611 3451 840 3535 συνοδίᾳ,
913 3457 1003 3513 καὶ
1057 3457 1390 3538 προσάγαγέ,
1455 3461 1498 3515 εἰ
1547 3461 1634 3516 καὶ
1693 3457 1904 3524 ἀνάξιον

255 3544 495 3623 μάρτυρα
566 3549 644 3617 τῷ
705 3545 951 3624 Δεσπότῃ
1026 3550 1259 3624 Χριστῷ.
1332 3549 1429 3606 Καὶ
1483 3558 1648 3608 ταῦτα
1710 3549 1904 3627 εἰπὼν,

256 3629 446 3700 ἱόόησε
505 3635 660 3712 θρωνῇ
703 3634 910 3712 μεγάλη
951 3634 1124 3715 λέγων
1158 3652 1172 3668 ’
1224 3639 1534 3715 Χριστιανός
1587 3640 1699 3716 εἰμι
1730 3637 1904 3718 κάγὼ,

257 3725 327 3786 ὡς
386 3724 479 3780 καὶ
539 3725 567 3781 ὁ
615 3723 801 3803 ,κύριός
862 3748 964 3802 μου
1019 3727 1361 3806 Εὔστράτιος,
1426 3727 1738 3802 Ἀκούσατε,
1797 3730 1903 3786 ὑπ-

256 3812 444 3891 ηρέται
504 3811 600 3869 τοῦ
654 3810 920 3892 διαϐόλου,
979 3813 1261 3878 ἀκούσατε.
1323 3816 1452 3875 Τότε
1521 3815 1904 3894 συλλαϐόμενοι

255 3904 416 3960 σῦτὸν
458 3905 510 3960 οἱ
547 3904 882 3981 στρατιῶται,
928 3903 1219 3975 συνέδησαν
1279 3922 1397 3972 τοῖς
1447 3906 1664 3972 λοιποῖς
1708 3908 1903 3988 ἁγίοις,

253 3993 341 4048 καὶ
402 3990 768 4072 καθείρξαντες
799 3993 852 4051 ἰν
905 4002 982 4070 τῷ
1023 3996 1236 4074 κάστρῳ
1292 3997 1347 4054 ἰν
1399 3995 1629 4075 δημοσίᾳ
1671 3996 1904 4077 φυλακῇ,

249 4081 560 4161 ἀνήνεγκαν
592 4084 677 4139 καὶ
705 4086 824 4164 περὶ
854 4085 1011 4144 αύτοῦ
1041 4093 1119 4161 τῷ
1148 4083 1316 4150 δουκί.

331 4174 452 4233 ιε’.
517 4171 650 4232 Κατ’
693 4175 857 4244 αὐτήν
914 4173 969 4232 δὲ
1022 4176 1124 4246 τὴν
1160 4179 1302 4258 ὥραν
1345 4178 1524 4260 ὥσπερ
1554 4179 1689 4238 λέων
1718 4178 1907 4257 βρύξας

244 4262 498 4323 ἰκὲθισεν
557 4263 629 4330 εἷς
687 4265 785 4334 τὴν
871 4265 1132 4333 ἐξέτασιν.
1205 4271 1304 4328 Καὶ
1373 4267 1749 4338 ὑποϐαλούσης
1804 4276 1904 4338 τῆς

1983 1762 2042 1816 et
2070 1751 2238 1815 dives
2265 1773 2281 1830 ;
2315 1760 2372 1814 et
2401 1769 2539 1813 cum
2574 1769 2709 1814 eum
2736 1749 3074 1827 salutasset,
3108 1750 3255 1814 dixit
3287 1772 3305 1814 :
3338 1752 3492 1818 Ecce
3515 1775 3622 1838 ego

1986 1843 2133 1906 vado
2163 1851 2235 1904 ad
2260 1841 2520 1906 amicum
2544 1848 2708 1904 tuum
2735 1847 2794 1903 et
2826 1848 3137 1921 cognatum
3163 1839 3506 1923 Cyrisicem,
3540 1857 3622 1930 et,

1984 1932 2108 1994 Deo
2133 1933 2389 2009 volente,
2415 1949 2518 1994 ero
2543 1930 2599 1993 ei
2631 1947 2834 1992 comes
2866 1929 2927 1993 in
2958 1931 3136 2011 via,et
3154 1951 3290 1994 cum
3317 1951 3388 1996 eo
3409 1929 3624 1999 subibo

1985 2020 2308 2084 discrimen
2366 2019 2734 2083 certaminis.
2766 2020 2852 2082 Tu
2910 2038 3051 2100 ergo
3101 2030 3225 2083 esto
3273 2030 3404 2103 post
3438 2026 3624 2088 Deum

1987 2109 2269 2173 defensor
2297 2129 2446 2172 mea:
2476 2109 2696 2186 uxoris,
2727 2116 2784 2171 et
2833 2127 3102 2172 meorum
3131 2110 3388 2173 ﬁliorum
3420 2113 3484 2176 in
3515 2116 3626 2178 hac

1986 2200 2120 2275 vita,
2180 2208 2241 2261 et
2296 2217 2405 2280 pro
2456 2199 2565 2262 hac
2614 2198 2803 2278 gratia
2836 2217 2943 2278 ego
2975 2217 3214 2282 quoque
3244 2200 3349 2264 tibi
3380 2221 3625 2285 operam

1985 2288 2213 2352 navabo
2235 2292 2293 2352 in
2318 2288 2418 2351 illo
2441 2288 2563 2366 die,
2597 2287 2832 2370 quando
2864 2307 3063 2350 coram
3084 2287 3207 2352 Deo
3230 2290 3535 2369 sistemur,
3562 2304 3628 2356 ut

1991 2379 2326 2442 mercedem
2351 2378 2800 2462 accipias.Dixit
2821 2396 2956 2440 vero
2981 2383 3065 2440 vir
3083 2377 3186 2440 ille
3217 2379 3391 2458 pius:
3427 2383 3540 2444 Abi
3565 2385 3628 2445 in

1986 2486 2158 2550 pace,
2194 2468 2278 2532 ﬁli
2305 2468 2406 2544 mi,
2431 2477 2491 2530 et
2522 2467 2836 2549 pulchrum
2888 2467 3001 2530 hoc
3033 2466 3146 2530 iter
3176 2469 3426 2546 confice,
3461 2480 3519 2534 et
3549 2491 3624 2536 ne

1986 2558 2062 2621 de
2093 2577 2163 2622 eo
2193 2559 2273 2621 sis
2298 2557 2612 2639 sollicitus,
2631 2555 2988 2620 satisfaciam
3022 2565 3120 2618 tuo
3146 2555 3443 2622 desiderio
3473 2582 3490 2639 ;
3522 2580 3625 2625 ero

1988 2647 2146 2712 enim
2180 2648 2443 2730 spiritali
2497 2648 2812 2710 allectione
2864 2646 3068 2708 uxoris
3117 2656 3231 2709 tuae
3263 2648 3528 2727 maritus,
3564 2665 3626 2714 et

1993 2747 2158 2820 pater
2177 2749 2413 2802 tuorum
2433 2737 2713 2801 ﬁliorum.
2748 2735 2852 2798 llis
2874 2736 3116 2814 auditis,
3142 2736 3466 2802 Mardarius
3489 2759 3624 2803 cum

1990 2827 2046 2890 ei
2071 2827 2472 2903 valedixisset,
2524 2829 2650 2908 jam
2694 2825 2771 2889 de
2829 2834 3040 2888 caetero
3103 2844 3288 2908 prope
3317 2827 3625 2892 castellum

1990 2916 2152 2980 venit
2179 2918 2254 2978 ad
2285 2927 2548 2992 sanctos,
2584 2925 2642 2978 et
2694 2916 2779 2978 sic
2828 2916 3053 2979 vocavit
3081 2924 3350 2979 sanctum
3379 2915 3629 2982 Eustra-

1993 3011 2135 3068 tium
2170 3024 2183 3068 :
2219 3005 2470 3072 Domine
2490 3005 2773 3087 Cyrisice,
2800 3005 3097 3086 quomodo
3121 3007 3246 3068 ovis
3273 3007 3523 3089 simplex
3552 3009 3628 3071 ad

1608 3097 1903 3156 Δεσπόσυνε

1993 3094 2297 3177 preprium
2329 3096 2521 3158 currit
2574 3105 2892 3176 pastorem,
2928 3095 3010 3157 ita
3039 3113 3144 3174 ego
3173 3115 3410 3178 quoque
3438 3096 3512 3159 ad
3546 3107 3624 3174 te,

1988 3184 2194 3246 volens
2225 3203 2357 3248 esse
2385 3185 2550 3247 vobis
2595 3185 2657 3247 in
2687 3184 2782 3246 via
2811 3203 3034 3248 comes.
3067 3183 3159 3247 Me
3190 3203 3332 3264 ergo
3363 3187 3624 3270 suscipe,

1991 3282 2049 3338 et
2078 3275 2260 3357 refer,
2291 3275 2432 3338 licet
2461 3275 2796 3356 indignum,
2827 3273 2890 3336 in
2923 3292 3240 3337 numerum
3300 3277 3490 3340 sancti
3543 3277 3629 3342 tui

1989 3373 2198 3440 coetus,
2232 3363 2505 3428 etadhuc
2536 3383 2653 3442 me,
2688 3365 2795 3427 etsi
2831 3363 3168 3446 indignum,
3204 3372 3414 3428 testem
3448 3367 3627 3430 Chri-

1987 3462 2078 3517 sto
2107 3453 2380 3517 Domino.
2417 3459 2486 3518 Et
2516 3453 2642 3516 haec
2689 3473 2822 3517 cum
2875 3453 3142 3530 dixisset,
3177 3455 3450 3518 clamavit
3482 3475 3628 3520 voce

1990 3562 2223 3624 magna,
2257 3542 2465 3606 dicens
2498 3563 2511 3602 :
2547 3541 2669 3623 Ego
2698 3562 2932 3625 quoque
2959 3563 3091 3606 sum
3129 3542 3519 3627 Christianus,
3550 3547 3629 3608 si-

1988 3641 2087 3695 cut
2115 3632 2290 3694 etiam
2323 3630 2609 3694 Dominus
2639 3651 2808 3695 meus
2836 3631 3192 3696 Eustratius.
3224 3632 3471 3711 Audite,
3509 3635 3626 3696 mi-

1988 3720 2162 3785 nistri
2216 3719 2458 3796 diaboli,
2519 3720 2742 3786 audite.
2794 3718 2962 3784 Tunc
2993 3739 3127 3784 cum
3180 3719 3374 3802 ipsum
3409 3721 3631 3785 milites

1987 3810 2605 3893 comprehendissent,
2639 3809 2996 3889 colligarunt
3041 3827 3175 3874 cum
3204 3810 3452 3893 reliquis
3481 3830 3624 3875 san-

1991 3900 2126 3976 ctis,
2159 3909 2372 3964 etcum
2402 3901 2462 3964 in
2491 3899 2736 3964 castello
2768 3917 2904 3962 eum
2959 3900 3363 3980 conjecissent
3415 3899 3476 3964 in
3510 3921 3625 3984 pu-

1990 3989 2207 4054 blicam
2249 3989 2603 4068 custodiam,
2637 3989 2712 4053 de
2743 4008 2812 4054 eo
2843 4008 3078 4080 quoque
3109 3989 3183 4053 ad
3213 3990 3426 4054 ducem
3457 4001 3626 4057 retu-

1988 4082 2214 4144 lerunt.

2069 4169 2328 4236 XVHac
2355 4170 2484 4252 ipsa
2512 4176 2705 4234 autem
2738 4171 2905 4252 hora,
2928 4178 3207 4252 tanquam
3237 4171 3332 4234 leo
3362 4172 3628 4253 rugiens,

1987 4261 2141 4324 sedit
2169 4261 2243 4324 ad
2274 4260 2798 4338 examinationem,
2835 4269 2894 4324 et
2946 4278 3050 4342 pro
3099 4279 3264 4323 more
3293 4260 3632 4327 adducente

250 4353 457 4418 τάξεως
511 4355 644 4411 κατᾶ
699 4356 761 4412 τὸ
817 4357 1061 4439 σύνηθες,
1121 4361 1408 4440 προσήχθη
1480 4361 1680 4440 γυμνὸς
1739 4382 1903 4441 σχοι-

1990 4351 2236 4414 cohorte
2257 4350 2636 4427 delictorum,
2672 4350 2969 4414 adductus
2997 4359 3090 4413 est
3135 4350 3353 4441 nudus,
3388 4351 3632 4416 funibus

249 4444 395 4504 νίοις
449 4443 808 4526 κατεχόμενος
865 4447 960 4512 τὰς
1039 4461 1234 4530 χεῖρας
1311 4452 1339 4506 ὁ
1395 4449 1544 4529 ἅγιος
1599 4449 1901 4524 Αύξέντιος,

243 4531 612 4612 παρεστώτων
688 4533 796 4590 τῶν
900 4535 1065 4614 ἃγίων
1147 4541 1236 4596 καὶ
1318 4538 1565 4618 δρώντων
1648 4538 1848 4597 ἕκαστα
1884 4587 1902 4616 ,

241 4623 341 4679 καὶ
426 4622 559 4691 ἔστη
642 4623 844 4706 φαιδρῷ
925 4634 1003 4702 τῷ
1071 4628 1365 4708 προσώπῳ.
1442 4620 1500 4688 Ὀ
1554 4623 1678 4696 δοὺξ
1724 4634 1898 4688 εἶπεν·

243 4711 526 4789 Afﬁnis,
571 4713 714 4789 ἡμᾶς
758 4716 860 4792 μὲν
901 4718 1085 4776 κόπων
1157 4717 1538 4792 ἀπαλλάττων,
1596 4720 1788 4778 σαυτὸν
1848 4719 1903 4776 δὲ

240 4803 530 4882 σωτηρίας
572 4801 755 4887 ἀξιῶν,
800 4815 889 4868 νῦν
946 4817 1072 4888 γοῦν
1128 4805 1353 4885 δίδαξον,
1420 4811 1465 4867 εἰ
1521 4808 1615 4878 τῆς
1675 4810 1902 4886 ματαίας

239 4891 468 4960 inim:
542 4895 631 4951 καὶ
686 4895 922 4976 ὀλεθρίας
978 4919 1063 4956 σοι
1146 4897 1382 4968 ἀπέστης
1442 4898 1761 4980 ἔνστᾶσεως,
1817 4901 1906 4958 καὶ

236 4988 315 5060 τῇ
368 4991 484 5041 τῶν
537 4985 674 5042 θεῶν
736 4986 996 5061 ᾠκείωσαι
1044 4988 1308 5066 εὗμενείᾳ,
1344 4989 1405 5047 ’0
1449 4988 1601 5068 ἅγιος
1633 4988 1904 5056 Αύξέντιος

235 5075 407 5130 εἶπεν
440 5090 454 5106 ⁸
513 5076 802 5153 Σοντόμως
832 5074 1083 5158 ἄκουσον,
1135 5081 1182 5134 ὧ
1222 5079 1412 5158 Λυσία,
1442 5075 1638 5156 ὄμνυμι
1683 5100 1764 5137 σοι
1807 5079 1906 5148 τὴν

235 5160 437 5244 ἕφορον
486 5161 663 5242 δίκην,
727 5168 804 5232 ὡς
863 5166 1186 5243 ἆμετέθετός
1236 5169 1342 5245 μού
1401 5169 1544 5228 ἔστιν
1591 5171 1628 5238 ἡ
1685 5169 1904 5249 γνώμη,

231 5255 326 5309 καὶ
372 5251 469 5311 ἕνα
531 5255 664 5311 Θεὸν
723 5253 850 5312 οἶδα
902 5257 989 5314 καὶ
1051 5257 1207 5315 αότὸν
1267 5255 1518 5335 σέϐομαι,
1559 5257 1659 5317 κᾶν
1715 5259 1904 5339 μυρίας

233 5339 410 5409 ἄλλας
465 5342 751 5424 ἐπαγάγῃς
812 5367 907 5421 μοι
964 5344 1178 5425 πληγὰς
1235 5349 1322 5405 καὶ
1364 5349 1646 5427 τιμωρίας,
1693 5349 1904 5423 μείζους

231 5437 339 5490 τῶν
387 5432 562 5491 πάλαι
606 5455 699 5510 μοι
754 5437 1170 5516 επενεχθεισῶν,
1229 5436 1329 5494 κᾶν
1394 5434 1593 5519 σιδήρῳ
1635 5439 1724 5495 καὶ
1781 5437 1903 5516 πυρὶ

224 5522 631 5601 καταιθαλώσεις
684 5545 780 5602 με,
843 5527 940 5583 οὒκ
984 5524 1048 5580 ἄν
1103 5528 1208 5601 μου
1259 5526 1473 5604 κάμψαι
1525 5529 1613 5584 τὸν
1643 5525 1903 5606 λογισμὸν

220 5613 519 5701 ἰσχύσεισίς
577 5636 735 5680 ποτε,
797 5613 869 5672 Τὸ
933 5611 1146 5693 λοιπὸν,
1197 5616 1334 5673 ποίει
1396 5617 1424 5672 ὃ
1466 5614 1659 5681 θέλεις,
1712 5616 1843 5673 Τότε
1874 5616 1903 5671 ὃ

1990 4459 2202 4506 manus
2234 4441 2459 4504 habens
2499 4442 2721 4504 vinctas
2750 4449 2990 4505 sanctus
3022 4440 3374 4516 Auxentius,
3410 4443 3632 4506 sanctis

1986 4530 2337 4607 astantibus,
2375 4540 2433 4593 et
2461 4531 2694 4612 singula
2724 4531 3082 4596 videntibus.
3128 4529 3200 4592 Et
3236 4530 3429 4594 adhuc
3464 4533 3628 4597 vultu

1988 4622 2119 4684 laeto
2152 4622 2269 4686 dux
2298 4621 2488 4705 inquit
2521 4643 2535 4682 :
2581 4623 2864 4704 Auxenti,
2899 4641 3007 4686 nos
3036 4620 3278 4704 quidem
3308 4621 3569 4686 liberans
3598 4641 3634 4685 a

1987 4711 2318 4787 laboribus,
2347 4718 2405 4774 te
2433 4719 2631 4774 autem
2663 4711 2856 4774 salute
2884 4711 3130 4792 dignum
3169 4728 3446 4793 censens,
3471 4730 3634 4774 nunc

1987 4802 2200 4865 saltem
2232 4801 2404 4884 doce,
2433 4820 2508 4865 an
2544 4820 2579 4864 a
2601 4820 2748 4864 vana
2775 4801 2876 4864 illa
2904 4809 2962 4864 et
3008 4800 3116 4864 tibi
3160 4800 3496 4882 perniciosa
3521 4803 3631 4866 de-

1988 4892 2210 4956 stiteris
2240 4892 2814 4975 pervicacia,etcum
2843 4890 2959 4952 diis
2977 4889 3232 4953 redieris
3261 4891 3321 4951 in
3353 4889 3626 4968 gratiam.

1989 4981 2241 5047 Sanctus
2269 4982 2419 5045 dixit
2467 4981 2842 5045 Auxentius:
2891 4979 3102 5042 Paucis
3150 4979 3312 5054 audi,
3367 4999 3400 5041 o
3432 4979 3627 5061 Lysia,

1983 5072 2125 5154 jure
2159 5070 2266 5134 tibi
2297 5088 2590 5152 eam,quze
2619 5077 2840 5152 praeest
2865 5077 2922 5132 et
2959 5067 3159 5130 omnia
3187 5068 3418 5150 aspicit,
3447 5068 3632 5147 justi-

1991 5163 2156 5243 tiam,
2192 5178 2325 5224 esse
2355 5161 2502 5222 mihi
2529 5166 2793 5222 mentem
2837 5156 3300 5231 immutabilem,
3325 5175 3633 5239 unumque

1987 5251 2177 5316 Deum
2209 5267 2306 5312 me
2338 5267 2517 5313 nosse
2546 5257 2606 5312 et
2635 5247 2830 5329 ipsum
2856 5248 3317 5324 colere,etiamsi
3347 5248 3628 5311 innume-

1986 5341 2210 5405 rabiles
2239 5340 2385 5404 alias
2415 5339 2564 5404 mihi
2595 5337 2796 5421 plagas
2825 5338 3182 5421 imposueris
3217 5346 3279 5400 et
3308 5337 3628 5419 cruciatus,
3683 5373 3687 5377 ~

1989 5433 2244 5513 majores
2266 5429 2474 5508 iis,qui
2489 5429 2616 5509 jam
2639 5429 2870 5509 pridem
2895 5429 3043 5492 mihi
3061 5427 3383 5504 suntillati;
3399 5427 3634 5493 etiamsi

1987 5540 2084 5584 me
2111 5518 2537 5597 lerro,etiamsi
2560 5536 2656 5582 me
2672 5518 2805 5599 igne
2826 5517 3297 5600 consumpseris,
3327 5537 3627 5600 nunquam

1986 5610 2212 5696 poteris
2243 5625 2434 5673 meam
2468 5608 2712 5673 ﬂectere
2735 5605 3272 5690 cogitationem.De
3293 5616 3506 5675 cetera
3533 5609 3624 5675 lac
