4006 6146
418 204 535 280 483

1724 209 2004 277 MENSIS
2045 208 2296 276 DECEM
2303 212 2476 277 BER.

3673 207 3807 278 -484

423 346 578 429 quod
613 345 778 414 velis.
811 345 979 412 Tunc
1038 345 1156 409 dux
1207 343 1613 427 pronuntiavit
1661 343 2016 408 sententiam
2052 364 2066 406 :

2167 345 2272 414 δοὺξ
2328 349 2640 431 ἀπεφήνατο
2675 367 2691 388 ⁸
2752 344 3052 426 Λῦξέντιος,
3131 349 3161 405 6
3229 347 3366 425 μετά
3434 345 3638 412 πολλὰς
3709 347 3808 413 τὰς

421 437 774 513 Auxentius,
805 437 901 520 qui
959 445 1087 518 post
1120 435 1302 498 multa
1332 443 1627 497 tormenta
1655 441 1714 496 et
1743 434 2067 511 cruciatus,

425 527 602 588 etiam
632 545 791 589 nunc
821 534 1134 608 permanet
1180 525 1243 585 in
1278 541 1384 585 sua
1415 523 1752 604 perniciosa
1784 523 2073 602 ignoran-

423 615 529 689 tia,
561 633 668 696 per
698 617 750 678 ei
781 625 1044 698 paratam
1082 611 1262 695 gladii
1293 613 1780 694 amputationem,
1814 611 2067 674 ferream

425 723 615 782 suam,
650 716 707 767 et
736 725 867 786 quae
896 704 1119 768 molliri
1143 722 1261 766 non
1287 710 1505 783 potest,
1544 703 1754 784 perdat
1781 701 2064 777 animam,

423 794 486 854 in
522 794 654 857 loco
684 795 887 873 aliquo
935 812 1249 857 nemoroso
1300 799 1358 855 et
1400 792 1634 854 deserto
1687 793 1866 854 tinem
1898 792 2074 871 hujus

427 886 737 946 sententiae
797 883 1125 963 accipiens,
1189 889 1252 943 ut
1316 884 1473 961 justa
1524 880 1831 963 sepultura
1869 881 2072 944 infelix

424 972 556 1050 ejus
586 991 804 1053 corpus
833 980 1072 1048 careat;
1108 978 1208 1052 qut
1241 979 1437 1033 autem
1463 970 1642 1033 ausus
1665 979 1754 1033 est
1784 989 1848 1033 se
1881 987 2076 1051 nuper

427 1061 792 1141 reliquorum
821 1061 997 1124 coetui
1034 1061 1382 1141 adjungere,
1419 1061 1817 1142 perducantur
1847 1059 1908 1122 in
1940 1079 2074 1122 me-

423 1150 611 1221 dium,
644 1150 925 1213 celeriter
955 1161 1391 1214 consecuturus
1423 1152 1738 1231 honorem,
1775 1150 1875 1231 qui
1904 1149 1978 1212 ab
2000 1166 2073 1213 eo

421 1239 769 1320 requiritur.
1339 1245 1342 1248 ’

509 1327 950 1394 XVI.Sanctum
973 1350 1111 1394 vero
1137 1331 1494 1392 Mardarium
1523 1327 1891 1391 solventibus
1919 1327 2076 1388 milio

427 1420 585 1482 tibus
615 1418 688 1482 ab
719 1422 775 1482 ei
809 1422 1105 1501 impositis
1150 1420 1497 1500 collaribus,
1531 1419 1630 1480 hic
1662 1418 1873 1481 beatus
1902 1416 2070 1480 dice-

425 1511 524 1572 bat
557 1531 570 1572 :
609 1512 860 1573 Domine
888 1510 970 1572 mi
1004 1511 1321 1592 Cyrisices,
1357 1527 1458 1571 ora
1495 1527 1600 1589 pro
1634 1526 1753 1588 me,
1787 1523 1934 1586 rogo
1969 1515 2066 1579 te;

425 1609 483 1661 et
511 1599 660 1661 doce
693 1619 808 1682 me,
844 1599 983 1682 quid
1017 1618 1148 1662 sum
1199 1616 1595 1680 responsurus
1643 1597 1783 1659 huic
1815 1596 2072 1658 exitiose

426 1704 484 1750 et
513 1689 796 1770 pestifero
828 1690 1075 1766 homini,
1113 1708 1189 1751 ne
1248 1707 1344 1752 me
1377 1695 1656 1769 tanquam
1691 1693 1983 1767 agrestem
2016 1693 2076 1747 et

423 1750 789 1842 illitteratum
826 1750 1130 1841 hominem
1160 1777 1408 1840 irrideat
1438 1750 1848 1840 inimanisiste
1873 1775 2071 1855 lupus.
2100 1750 2136 1801 Β

423 1872 677 1930 Sanctus
733 1877 929 1931 autem
987 1869 1044 1931 ei
1097 1867 1245 1930 dixit
1297 1866 1677 1928 Eustratius:
1738 1864 1843 1927 Dic
1875 1863 2074 1926 solum

429 1965 801 2034 constanter,
835 1958 1023 2020 frater
1058 1958 1138 2019 mi
1168 1955 1420 2019 Mardari
1457 1977 1470 2019 :
1503 1955 1644 2018 Sum
1677 1954 2073 2030 Christianus,

421 2065 554 2109 sum
588 2047 809 2110 Christi
842 2065 1069 2123 servus,
1110 2055 1170 2110 et
1210 2045 1360 2108 nihil
1409 2045 1566 2107 aliud
1598 2045 1992 2127 respondeas,
2025 2044 2075 2104 si

429 2135 569 2218 quid
597 2146 801 2200 contra
829 2137 986 2200 dicat
1017 2145 1116 2200 aut
1145 2136 1345 2201 faciat.
1380 2136 1526 2198 Cum
1559 2152 1700 2197 vero
1751 2145 1910 2199 esset
1960 2137 2073 2200 ad-

430 2229 667 2303 ductus,
701 2226 849 2290 dixit
903 2229 1119 2290 cohors
1153 2246 1168 2287 :
1204 2225 1388 2288 Adest
1423 2223 1781 2288 Mardarius.
1819 2224 1951 2288 Dux
1983 2225 2078 2289 di-

431 2318 556 2381 xit:
591 2317 702 2390 Qui
731 2335 796 2378 se
846 2335 1038 2399 nuper
1091 2315 1338 2379 tradidit
1372 2315 1846 2394 interrogationi,
1881 2316 1932 2378 is
1965 2335 2078 2378 no-

432 2425 571 2469 men
625 2408 858 2482 doceat,
915 2406 1201 2478 studium,
1252 2423 1388 2486 quae
1441 2423 1577 2466 eum
1633 2402 1767 2465 tulit
1799 2406 2080 2486 patriam,

430 2495 856 2570 conditionem,
893 2505 951 2558 et
979 2513 1250 2578 quasnam
1285 2495 1359 2556 sit
1389 2493 1446 2557 ei
1477 2492 1714 2572 religio.
1750 2493 2081 2558 Mardarius

433 2588 578 2650 dixit
610 2610 623 2647 :
659 2585 796 2650 Sum
830 2586 1226 2650 Christianus.
1261 2586 1406 2648 Cum
1439 2592 1635 2647 autem
1668 2593 1976 2663 rogaretur
2006 2584 2080 2646 ab

433 2676 892 2758 apparitoribus,
927 2685 992 2737 ut
1024 2675 1252 2738 dicaret
1281 2691 1522 2749 nomen,
1557 2681 1615 2734 et
1644 2673 2077 2751 conditionem,

437 2775 497 2828 et
527 2765 800 2846 patriam,
831 2764 1233 2846 perseveravit
1261 2763 1521 2826 clamare
1557 2783 1571 2825 :
1605 2763 1748 2826 Sum
1788 2761 2080 2824 Christia-

436 2873 569 2917 nus.
625 2854 697 2917 Et
725 2873 858 2916 cum
911 2853 1012 2916 diu
1061 2859 1392 2933 rogaretur,
1425 2851 1574 2915 nihil
1606 2851 1763 2914 aliud
1794 2853 1941 2915 dixit
1967 2853 2084 2917 nisi

435 2944 654 3024 solum,
687 2943 828 3006 Sum
862 2942 1083 3006 Christi
1114 2960 1341 3008 servus.
1389 2945 1534 3006 Cum
1563 2941 1693 3022 ejus
1721 2943 1918 3024 itaque
1945 2943 2085 3006 sim-

439 3032 759 3114 plicitatem
794 3040 854 3094 et
913 3033 1227 3114 puritatem
1286 3032 1529 3096 vidisset
1579 3033 1696 3093 dux
1726 3033 2080 3114 sceleratus,

2154 439 2415 514 βασάνους
2447 442 2534 496 καὶ
2575 439 2832 519 τιμωρίας
2876 440 2964 496 καὶ
3012 445 3101 496 νῦν
3143 439 3202 495 ἐν
3249 442 3318 514 τῇ
3371 435 3588 517 ὀλεθρίῳ
3645 437 3806 494 αὑτοῦ

2154 526 2422 602 ἐπιμένων
2491 531 2664 610 ἀνοίᾳ,
2739 528 2824 586 διὰ
2880 532 2977 598 τῆς
3064 530 3432 605 ταμιὲυθείσης
3501 527 3645 601 αὕτῷ
3700 527 3807 584 ὑπὸ

2154 625 2246 674 τοῦ
2286 619 2462 700 ξίφους
2519 618 2756 688 ἐκκοπῆς
2826 617 2926 686 τὴν
2981 615 3232 696 σιδηρέαν
3290 618 3448 676 αὑτοῦ
3502 617 3590 674 καὶ
3644 616 3810 693 ἀμεί-

2154 705 2334 764 λικτον
2391 707 2673 766 ἀπολέσειε
2717 708 2927 789 ψυχὴν,
2981 707 3036 765 ἐν
3086 707 3234 782 τόπῳ
3275 707 3376 763 τινὶ
3423 706 3674 764 κατάλσει
3706 706 3808 762 καῖ

2153 797 2340 873 ἐρήμῳ
2393 800 2493 866 τῆς
2552 798 2806 866 τοιαύτης
2867 799 3050 878 ψήφου
3108 797 3208 865 τὴν
3253 797 3534 875 περαίωσιν
3566 793 3809 876 δεχόμε-

2157 908 2268 961 νος,
2303 888 2449 952 ὃπως
2480 889 2576 957 τῆς
2634 887 3021 965 νενομισμένης
3084 891 3254 967 ταφῆς
3297 887 3357 942 τὸ
3413 885 3669 953 δύστηνον
3702 886 3806 943 αῦ-

2155 983 2249 1033 τοῦ
2299 977 2613 1058 ἀμοιρήσειε
2675 979 2856 1054 σῶμα.
2920 976 2980 1036 Ὀ
3036 974 3089 1033 δέ
3167 999 3228 1055 γε
3289 979 3479 1057 ἀρτίως
3538 973 3809 1055 θαῤῥήσας

2159 1063 2424 1126 ἐπιδοῦναι
2474 1069 2659 1126 ἑαυτὸν
2714 1073 2783 1145 τῇ
2839 1067 2946 1124 τῶν
2988 1065 3194 1124 λοιπῶν
3263 1065 3468 1144 δημίων
3539 1063 3808 1145 συλλογῇ,

2158 1155 2383 1236 ἀχθήτω
2439 1158 2512 1222 εἷς
2555 1159 2618 1215 τὸ
2671 1157 2856 1232 μέσον,
2915 1155 3227 1234 τευξόμενος
3256 1159 3313 1214 ἐν
3357 1157 3515 1236 τάχει
3557 1159 3654 1222 τῆς
3685 1153 3814 1212 ἐπι-

2157 1245 2491 1322 ζητουμένης
2525 1249 2667 1321 αῦτῷ
2706 1251 2894 1324 τιμῆς.

2240 1334 2366 1410 ις’.
2399 1337 2513 1394 Τῶν
2559 1335 2614 1393 δέ
2659 1341 2980 1416 στρατιοτῶν
3038 1335 3271 1393 λυόντων
3315 1338 3407 1394 τὸν
3457 1334 3610 1414 ἅγιον
3655 1341 3813 1413 Μαρ-

2157 1422 2335 1502 δάριον
2403 1428 2511 1483 τῶν
2571 1427 2954 1506 περικειμένων
3024 1427 3168 1502 αὐτῷ
3211 1425 3431 1503 κλοιῶν,
3479 1428 3507 1482 6
3552 1426 3816 1505 μακάριος

2158 1516 2285 1572 εἷπε
2320 1532 2334 1546 ⁸
2385 1516 2543 1593 Κύριέ
2575 1538 2674 1592 μου
2708 1517 2987 1597 Κυρισίκη,
3035 1515 3176 1582 εὖξαι
3231 1517 3364 1596 ὑπὲρ
3410 1515 3562 1593 ἐμοῦ,
3625 1512 3820 1591 δέομαί

2157 1627 2276 1686 σου,
2333 1608 2422 1662 καὶ
2481 1603 2683 1672 διδάξόν
2747 1628 2814 1682 με
2885 1610 2936 1663 τί
2994 1605 3380 1684 ἀποκρινοῦμαι
3439 1612 3514 1680 τῷ
3571 1603 3812 1682 λυμεῶνι

2157 1697 2349 1772 τούτῳ,
2411 1696 2488 1770 μή
2549 1717 2680 1753 ποτε
2742 1697 2812 1760 ὡς
2845 1698 3084 1776 χωρικὸν
3113 1700 3210 1754 καὶ
3253 1696 3602 1775 ἀγράμματον
3632 1693 3813 1751 χλευ-

2159 1784 2262 1862 άσῃ
2309 1806 2375 1860 με
2418 1788 2444 1841 6
2502 1785 2767 1862 ἀνήμερος
2822 1784 2978 1852 λύκος
3043 1786 3219 1849 οὗτος.
3287 1785 3348 1844 '0
3392 1783 3446 1841 δὲ
3501 1785 3663 1864 ἅγιος.
3697 1788 3809 1844 EG-

2159 1875 2406 1953 στράτιος
2465 1875 2621 1932 εἶπεν
2653 1890 2670 1906 ⁸
2717 1875 2995 1951 Ἐπίμενε,
3055 1874 3248 1956 ἀδελφέ
3301 1873 3586 1954 Μαρδάριε,
3641 1873 3806 1951 μόνον

2159 1963 2355 2043 λέγων,
2419 1966 2732 2042 Χριστιανός
2803 1966 2936 2041 εἶμι,
3010 1971 3236 2043 Χριστοῦ
3307 1962 3490 2028 δοῦλος
3548 1963 3806 2044 ὑπάρχω,

2159 2053 2256 2110 καί
2327 2053 2494 2130 μηδὲν
2563 2053 2739 2129 ἕτερον
2797 2054 3102 2133 ἀποκρίνου,
3191 2054 3243 2111 εἴ
3300 2077 3350 2111 τι
3408 2052 3469 2110 ἂν
3526 2052 3662 2134 λέγῃ
3719 2055 3813 2111 καὶ

2160 2148 2314 2220 ποιῇ.
2364 2141 2650 2224 Ἀχθέντος
2694 2141 2748 2200 δὲ
2794 2145 2975 2224 αὒτοῦ,
3027 2143 3234 2212 ἧτάξις
3266 2147 3442 2220 εἶπεν,
3497 2141 3811 2211 ”Εστηκεν.

2162 2232 2223 2290 Ὀ
2280 2230 2396 2298 δοῦξ
2451 2233 2606 2290 εἶπεν
2639 2249 2654 2264 ⁶
2701 2232 2761 2291 Ὀ
2833 2233 3022 2312 ἀρτίως
3099 2230 3429 2298 ἐπιδεδωκὼς
3489 2234 3676 2291 ἑαυτὸν

2163 2323 2444 2402 ἐρωτήσει,
2510 2322 2662 2387 οὗτος
2712 2320 2971 2388 διδαξάτω
3039 2321 3232 2397 ὄνομα,
3293 2320 3648 2403 ἐπιτήδευμα,
3721 2321 3815 2378 ἐν-

2165 2412 2488 2492 εγκαμένην,
2559 2413 2761 2492 τύχην,
2849 2412 2938 2468 καὶ
3009 2413 3198 2468 ὁποῖον
3285 2412 3428 2487 αὖτῷ
3496 2412 3556 2468 τὸ
3628 2409 3811 2478 σέϐας.

2165 2499 2460 2579 Μαρδάριος
2516 2505 2669 2559 εἶπεν
2707 2517 2720 2532 ⁶
2787 2502 3100 2579 Χριστιανός
3148 2502 3278 2578 εἶμι,
3318 2499 3700 2580 Ἐρωτώμενος
3760 2500 3815 2558 δὲ

2165 2591 2307 2669 παρά
2363 2598 2469 2648 τῶν
2523 2590 2794 2658 ταξιωτῶν
2839 2593 3008 2649 εἰπεῖν
3071 2593 3154 2648 καὶ
3214 2593 3275 2649 τὸ
3333 2591 3524 2667 ὄνομα,
3584 2593 3672 2647 καὶ
3717 2593 3813 2661 τὴν

2163 2680 2338 2760 τύχην
2383 2683 2470 2738 καὶ
2511 2682 2608 2748 τὴν
2667 2679 2912 2755 πατρίδα,
2979 2680 3204 2758 ἐπέμενε
3259 2681 3488 2762 κράζων,
3556 2689 3811 2760 Χριστια-

2163 2771 2258 2833 νός
2297 2771 2454 2845 εἰμι’
2515 2777 2604 2827 καί
2659 2770 2745 2829 ἐπὶ
2796 2769 2934 2828 πολὺ
3007 2771 3375 2851 ἐρωτώμενος,
3438 2770 3579 2826 οὑδὲν
3625 2770 3806 2849 ἕτερον

2164 2857 2372 2938 ἔλεγεν,
2415 2861 2461 2916 εὶ
2493 2861 2570 2936 μὴ
2616 2861 2802 2936 μόνον,
2859 2860 3171 2938 Χριστιανός
3215 2861 3347 2937 εἰμι,
3399 2865 3619 2938 Χριστοῦ
3671 2857 3801 2915 δοῦ-

2163 2961 2256 3013 Αος
2327 2950 2579 3029 ὑπάρχω,
2647 2941 2928 3027 Ἐωρακὼς
2986 2949 3076 3007 οῦν
3148 2949 3248 3017 τὴν
3303 2949 3656 3028 ἀκεραιότητα
3711 2948 3811 3005 αὕ-

2162 3048 2277 3110 τοῦ,
2333 3041 2361 3094 6
2420 3041 2608 3116 μιαρὸς
2655 3037 2770 3104 δοῦξ
2815 3040 2970 3096 εἶπεν
3006 3055 3019 3070 ⁶
3070 3041 3500 3118 Τρυπηθήτωσαν
3545 3041 3591 3096 οἶ
3621 3037 3819 3118 ἀστρά-

438 3113 624 3185 dixit:
658 3113 925 3185 Terebra
969 3123 1347 3184 terebrentur
1375 3122 1638 3184 calcanei
1672 3123 1891 3202 pedum
1926 3113 2078 3203 ejus,

2167 3127 2321 3205 γαλοι
2366 3133 2472 3184 τῶν
2517 3127 2690 3185 ποδῶν
2723 3130 2879 3188 αὑτοῦ
2919 3129 3183 3208 τρυπάνῃ,
3241 3129 3330 3185 καὶ
3377 3128 3638 3208 σχοινίοις
3695 3125 3818 3184 δια-

440 3221 497 3274 et
527 3211 770 3276 funibus
800 3213 1056 3293 trajecti,
1085 3211 1160 3274 ab
1205 3211 1351 3274 orbe
1399 3219 1546 3273 rotae
1579 3211 1898 3294 pendeant,
1934 3231 2082 3275 can-

441 3302 655 3364 dentes
693 3311 890 3364 autem
925 3300 1195 3377 obelisci,
1255 3303 1387 3381 ejus
1437 3309 1602 3380 tergo
1633 3300 2080 3380 admoveantur,

442 3398 506 3452 ut
538 3409 608 3453 ex
637 3392 751 3453 hoc
779 3389 1005 3452 ambitu
1037 3390 1140 3454 fiat
1184 3409 1346 3453 same
1395 3392 1637 3467 mentis,
1672 3399 1729 3474 et
1763 3392 1837 3453 ad
1892 3391 2088 3454 danda

439 3499 728 3562 responsa
755 3480 1034 3546 idoneus.
1072 3484 1216 3545 Cum
1249 3481 1364 3544 hoc
1409 3490 1605 3543 autem
1655 3481 1869 3544 factum
1904 3487 2086 3563 esset,

442 3579 502 3632 et
529 3571 660 3651 ipse
686 3571 786 3633 diu
821 3571 1106 3652 penderet
1149 3589 1182 3631 a
1209 3570 1547 3644 calcaneis;
1583 3579 1642 3633 et
1675 3579 1950 3634 ureretur
1978 3589 2087 3632 su-

442 3660 622 3737 bulis,
656 3659 855 3723 emisit
909 3679 1140 3742 vocem,
1196 3661 1453 3723 dicens:
1514 3660 1790 3742 Domine,
1840 3678 1949 3738 ago
1981 3658 2087 3721 tibi

441 3750 683 3830 gratias,
711 3749 870 3831 quod
923 3769 1018 3812 me
1049 3750 1140 3813 bis
1188 3749 1362 3812 bonis
1391 3749 1474 3811 sis
1505 3749 1799 3831 dignatus.
1829 3749 2084 3813 Deside-

443 3839 569 3902 ravi
597 3840 859 3902 salutare
891 3848 1082 3922 tuum,
1116 3848 1174 3902 et
1201 3841 1391 3903 amavi
1407 3841 1603 3924 ipsum
1635 3839 2084 3925 valde.Suscipe

443 3930 701 3992 animam
737 3946 929 3992 meam
963 3931 1021 3992 in
1048 3947 1192 4011 pace
1219 3947 1236 4005 ;
1269 3939 1327 3994 et
1355 3949 1489 3994 cum
1523 3931 1647 3994 haec
1676 3931 1938 4010 dixisset,
1969 3939 2084 3995 tra-

445 4018 594 4080 didit
621 4017 916 4098 spiritum.
1304 4050 1308 4055 -

527 4199 708 4265 XVII.
746 4199 1019 4264 Dimissis
1049 4220 1190 4264 vero
1245 4208 1433 4265 sancti
1485 4203 1612 4282 ejus
1642 4200 1936 4284 reliquiis,
1968 4201 2084 4264 dux

446 4291 639 4355 dixit:
674 4291 851 4355 Nudo
880 4309 1132 4372 corpore
1161 4291 1490 4353 adducatur
1519 4291 1693 4353 etiam
1744 4291 1818 4368 is,
1868 4291 1966 4373 qui
1999 4300 2086 4354 est

449 4400 519 4443 ex
549 4381 924 4444 Sataleorum
981 4380 1228 4459 regione
1284 4378 1613 4460 Eugenius,
1668 4380 1790 4461 qui,
1825 4399 1960 4443 cum
2011 4380 2087 4443 de

2167 3217 2508 3296 περανθέντες
2590 3217 2688 3285 τῆς
2774 3217 2997 3296 ἄντυγος
3091 3218 3500 3298 ἀναρτάσθωσαν
3532 3236 3545 3253 ⁶
3630 3215 3817 3274 ὀϐελί-

2168 3329 2285 3364 σκοι
2351 3305 2404 3362 δὲ
2461 3307 2935 3382 πεπυρακτωμένοι
3020 3323 3137 3372 τοῖς
3225 3306 3572 3387 μεταφρένοις
3662 3309 3822 3365 αὑτοῦ

2171 3399 2708 3478 προσενεχθήτωσαν,
2767 3396 2912 3461 ὅπως
2971 3399 3033 3455 ἐκ
3089 3402 3188 3466 τῆς
3242 3398 3495 3465 τοιαύτης
3570 3395 3823 3476 περιόδου

2172 3488 2438 3567 φρενήρης
2497 3487 2716 3568 γένηται
2761 3488 2848 3545 καὶ
2896 3489 3076 3552 ἱκανὸς
3133 3489 3266 3566 πρὸς
3336 3487 3431 3550 τὰς
3483 3486 3819 3566 ἀποκρίσεις.

2171 3576 2365 3634 Τούτου
2443 3573 2498 3631 δὲ
2568 3575 2882 3658 γενομένου,
2971 3578 3058 3634 καὶ
3140 3576 3224 3634 ἐπὶ
3279 3576 3414 3634 πολὺ
3483 3576 3823 3656 κρεμαμένου

2169 3665 2325 3722 αὑτοῦ
2377 3665 2483 3722 ἀπὸ
2565 3671 2672 3722 τῶν
2744 3665 3090 3746 ἀστραγάλων
3162 3668 3249 3724 καὶ
3331 3666 3620 3743 καιομένου
3693 3677 3821 3731 ταῖς

2171 3752 2417 3820 σούϐλαις
2478 3755 2754 3832 ἀνέπεμψε
2809 3757 2990 3836 φωνὴν
3057 3755 3229 3834 λέγων
3261 3774 3281 3796 °
3337 3758 3489 3836 Κύριε
3550 3755 3816 3830 Δέσποτα,

2167 3849 2474 3924 εὐχαριστῶ
2535 3866 2643 3926 σοι,
2725 3845 2805 3902 ὅτι
2875 3843 3208 3913 κατηξίωσάς
3283 3868 3349 3923 με
3422 3851 3530 3904 τῶν
3599 3846 3809 3924 ἀγαθῶν

2165 3935 2390 3994 τούτων.
2443 3933 2787 4002 Ἐπεπόθησα
2843 3936 2902 3991 τὸ
2946 3935 3212 4013 σωτηριόν
3260 3958 3352 3993 σου
3402 3937 3489 3993 καὶ
3550 3934 3812 4014 ἠγάπησα

2167 4024 2292 4081 αὑτὸ
2334 4021 2554 4104 σφόδρα,
2610 4022 2762 4091 Δέξαι
2821 4046 2922 4099 μου
2982 4026 3036 4082 έν
3082 4026 3264 4106 εἰρήνῃ
3323 4025 3421 4093 τὴν
3469 4026 3678 4106 ψυχήν.
3715 4025 3814 4083 Καὶ

2167 4120 2329 4171 ταῦτα
2358 4115 2542 4190 εἰπὼν,
2574 4112 2844 4192 παρέδωκε
2867 4116 2926 4171 τὸ
2957 4123 3188 4194 πνεῦμα.

2251 4205 2350 4266 [Ζ’.
2402 4205 2821 4286 Κατενεχθέντος
2863 4204 2918 4262 δέ
2959 4215 3054 4266 τοῦ
3109 4209 3260 4287 ἁγίου
3322 4207 3480 4266 αὸτοῦ
3533 4207 3811 4286 λειψάνου,

2168 4297 2196 4352 6
2225 4293 2342 4362 δοὺξ
2384 4296 2539 4353 εἶπεν
2575 4312 2590 4328 ⁸
2635 4296 2984 4377 Προσαγέσθω
3027 4303 3212 4377 γυμνῷ
3253 4299 3330 4374 τῷ
3391 4298 3599 4375 σώματι
3645 4298 3730 4354 καὶ
3788 4298 3816 4352 6

2170 4385 2223 4441 έν
2277 4384 2346 4461 τῇ
2417 4384 2697 4443 Σαταλέων
2773 4387 3045 4466 Εὸγένιος,
3124 4393 3223 4456 τῆς
3288 4389 3425 4445 κατὰ
3497 4387 3818 4468 Εὗστράτιον

447 4470 742 4533 Eustratio
777 4469 1104 4532 haberetur
1151 4467 1422 4549 quaestio,
1478 4487 1660 4532 ausus
1717 4479 1808 4533 est
1864 4469 2080 4546 subire,

2175 4473 2484 4553 ἐρωτήσεως
2543 4474 2830 4554 γινομένης
2893 4475 3169 4554 τολμήσας
3229 4475 3528 4534 ἐπισελθετν
3563 4492 3576 4508 ⁸
3630 4467 3689 4532 ὃν
3759 4476 3818 4532 06

449 4578 626 4640 quem
655 4577 774 4620 non
805 4559 938 4620 dico
965 4558 1393 4635 Christianum,
1425 4567 1490 4621 ut
1525 4559 1640 4641 ipsi
1671 4568 1941 4622 errantes
1987 4560 2085 4621 di-

449 4656 612 4725 cunt,
639 4648 742 4710 sed
777 4647 952 4728 plane
981 4646 1446 4729 achreston,hoc
1475 4658 1589 4725 est,
1621 4649 2086 4714 inutilemﬁum

447 4738 579 4818 ipse
599 4744 796 4799 autem
819 4737 1416 4814 astitisset,dixerunt
1446 4743 1820 4821 apparitores
1851 4755 1866 4802 :
1901 4738 2088 4802 Adest

451 4825 912 4908 Eugenius.Dux
934 4825 1116 4888 dixit:
1140 4826 1245 4891 Dic
1269 4825 1927 4906 mihi,sceleratissime,
1955 4829 2087 4911 quis

453 4918 642 4980 malus
672 4916 905 4980 daemon
938 4924 993 4978 te
1026 4915 1198 4980 malis
1228 4916 1362 4978 fatis
1394 4926 1590 4980 actum
1613 4917 1686 4981 ad
1719 4925 1938 4980 tantam
1972 4919 2087 4978 im-

451 5007 602 5089 pulit
631 5005 962 5088 audaciam,
996 5013 1058 5069 ut
1084 5024 1223 5069 cum
1256 5015 1414 5069 tanta
1444 5015 1504 5071 te
1547 5008 1851 5087 ingereres
1886 5007 2088 5088 impu-

451 5097 678 5173 dentia,
711 5104 768 5158 et
798 5096 972 5158 nihili
999 5096 1232 5159 faceres
1249 5096 1463 5177 judicii
1486 5095 1919 5160 austeritatem?
1933 5096 2094 5160 Dixit

447 5195 690 5249 sanctus
718 5185 1021 5264 Eugenius
1056 5206 1069 5249 :
1105 5187 1266 5250 Deus
1313 5205 1506 5262 meus,
1531 5193 1628 5269 qui
1654 5204 1801 5268 quos
1830 5194 1890 5249 tu
1921 5185 2089 5267 colis,

453 5278 759 5338 daemones
790 5275 1008 5349 abolet,
1044 5275 1174 5356 ipse
1204 5274 1369 5338 dedit
1400 5275 1545 5338 mihi
1574 5275 1944 5357 virtutem,et
1970 5275 2095 5338 lar-

452 5367 608 5444 gitus
654 5372 744 5427 est
775 5364 1217 5428 mihitiduciam
1259 5373 1318 5427 et
1347 5365 1590 5428 dicendi
1636 5365 1995 5442 libertatem,
2031 5372 2098 5428 ut

454 5464 612 5518 tuam
642 5471 967 5534 conspuam
997 5453 1434 5529 infelicitatem,
1467 5455 1712 5518 sordide
1741 5454 1932 5532 canis,
1967 5455 2094 5516 the-

453 5560 628 5606 saure
657 5541 909 5625 Satanae,
944 5543 1049 5621 qui
1097 5553 1292 5604 tecum
1346 5545 1599 5607 traditur
1655 5547 1714 5606 in
1764 5545 2094 5609 interitum.

2132 4563 2310 4644 ’λέγω
2352 4564 2686 4646 Χριστιανὸν,
2731 4566 2804 4629 ὡς
2850 4567 2997 4623 cat-3:01
3053 4565 3384 4642 πλανῶνται,
3450 4563 3573 4622 ἀλλ’
3628 4562 3816 4645 ἄχρη-

2167 4675 2314 4718 στον,
2372 4653 2741 4731 Παραστάντος
2785 4652 2840 4710 δὲ
2884 4656 3068 4738 αὑτοῦ,
3099 4657 3134 4726 ἡ
3173 4655 3316 4722 τάξις
3349 4655 3505 4713 εἶπεν
3543 4671 3557 4687 ⁶
3602 4653 3817 4722 "Estn-

2167 4765 2257 4800 κεν
2299 4742 2564 4820 Εὒγένιος.
2610 4739 2670 4801 Ὀ
2729 4740 2845 4809 δοὺξ
2884 4744 3041 4802 εἶπεν
3078 4760 3093 4776 ⁸
3161 4745 3290 4825 Λέγε
3348 4764 3469 4821 μοι,
3513 4743 3811 4825 παμμίαρε,

2167 4835 2246 4897 τίς
2301 4854 2359 4889 σε
2445 4835 2678 4914 πονηρὸς
2765 4831 2988 4910 δαίμων,
3081 4833 3165 4892 ἐπὶ
3239 4836 3411 4904 κακὴν
3491 4833 3816 4914 εἱμαρμένην

2172 4921 2393 5003 ἐλάσας,
2453 4922 2540 4979 ἐπὶ
2593 4932 2845 4983 τοσοῦτον
2923 4923 3094 5004 ἤγαγε
3175 4927 3419 5004 θράσους,
3473 4923 3612 4982 ὥστε
3679 4923 3814 4999 μετά

2172 5012 2435 5080 τοσαύτης
2489 5011 2746 5070 εἰσελθεῖν
2803 5010 3088 5092 ἀναιδείας,
3149 5016 3238 5072 καὶ
3296 5015 3351 5071 ἓν
3393 5013 3580 5093 μηδενῖ
3637 5013 3810 5068 θέσθαι

2173 5104 2234 5159 τὸ
2293 5103 2553 5181 αῦστηρὸν
2612 5109 2704 5160 τοῦ
2762 5100 3156 5185 δικαστηρίου;
3220 5103 3281 5164 Ὀ
3361 5105 3510 5184 ἅγιος
3573 5099 3814 5180 Εὒγένιος

2175 5192 2333 5250 εἶπεν
2361 5208 2381 5231 ο
2447 5191 2506 5250 Ὀ
2553 5191 2682 5255 Θεός
2713 5213 2816 5268 μου
2851 5195 2878 5249 ὁ
2936 5200 3211 5274 καταργῶν
3268 5216 3363 5252 σου
3393 5195 3510 5259 τοὺς
3540 5191 3818 5271 δαίμονας,

2179 5283 2266 5345 οὓς
2323 5278 2478 5361 σέϐῃ,
2541 5281 2698 5346 αὐτὸς
2783 5279 3144 5360 ἑνεδυνάμωσέ
3227 5304 3320 5366 με,
3398 5285 3487 5341 καὶ
3536 5281 3823 5363 ἐχαρίσατό

2179 5395 2270 5448 μοι
2339 5371 2659 5452 παρρησίαν,
2728 5371 2822 5430 ⁹ίνα
2899 5375 3221 5432 καταπτύσω
3290 5376 3393 5442 τῆς
3463 5373 3827 5451 ταλαιπωρίας

2179 5483 2294 5539 σου,
2355 5461 2552 5542 ῥυπαρὶ
2590 5462 2738 5538 κύον,
2786 5464 2848 5520 τὸ
2907 5463 3189 5541 κειμήλιον
3217 5470 3308 5523 τοῦ
3340 5469 3579 5542 Σατανᾶ,
3610 5465 3706 5521 τοῦ
3732 5469 3825 5522 σὺν

2181 5553 2269 5610 σοί
2316 5554 2392 5618 εἰς
2451 5550 2724 5610 ἀπώλειαν
2809 5551 3249 5636 παραδιδομένου.
3315 5551 3374 5612 Ὀ
3432 5551 3550 5622 δοῦξ
3610 5553 3767 5611 εἶπεν
3803 5574 3818 5591 ο
