4006 6146
257 215 378 317 485

1135 236 1606 312 MARTYRIUM
1650 247 1711 311 S.
1757 231 2173 310 EUSTRATII
2219 245 2317 310 ET
2364 243 2766 310 SOCIORUM.

3522 251 3637 322 486

259 386 589 458 Ἐκκοπήτω
645 387 681 454 ἡ
722 383 1032 466 ὶφύὸριστος
1063 384 1222 442 αὐτοῦ
1279 383 1496 464 γλῶττα
1533 403 1548 420 ο
1605 384 1943 465 ἀλλοτριω-Λ

2013 380 2120 444 )ux
2151 380 2317 444 dixit:
2352 381 2796 446 Coutumeliosa
2829 383 2962 463 ejus
3002 381 3205 462 lingua
3230 387 3637 472 exsciudatur,

257 478 408 549 θήτω
450 475 508 533 δὲ
565 476 697 556 ξίφει
751 473 1016 555 ἱκατέρων
1071 479 1178 532 τῶν
1240 474 1466 556 χέιρῶν,
1519 473 1614 532 καὶ
1684 475 1904 552 βάκλοις

2013 490 2132 535 inse
2153 490 2292 534 vero
2328 472 2592 553 privetur
2620 473 2894 554 utrisque
2945 473 3245 555 manibus,
3300 484 3359 538 et
3411 476 3640 542 baculis

262 567 641 638 συνθλασθήτω
691 567 757 624 τὰ
813 563 980 633 σκέλη
1037 569 1146 623 τῶν
1193 563 1371 622 ποδῶν
1401 566 1580 645 αὖτοῦ,
1617 565 1762 631 ὅπως
1794 588 1907 622 σω·

261 657 610 739 φρονέστερον
668 658 799 735 πρὸς
855 658 998 732 ἡμᾶς
1059 653 1292 732 διατεθῇ.
1371 655 1582 712 Τούτων
1639 653 1693 710 δὲ
1750 677 1907 736 γενο-

263 748 466 825 μένων,
497 747 587 804 καὶ
617 747 772 810 αὒτδς
803 743 1074 823 παρέδωκε
1104 745 1164 801 τὸ
1195 751 1424 820 πνεῦμα,

342 835 459 900 ω’,
513 842 688 894 Ταῦτα
744 832 946 914 πράξας
976 836 1004 890 6
1059 834 1247 914 μιαρὸς
1290 831 1431 906 δοὺξ,
1491 835 1566 898 εἷς
1617 836 1677 891 τὸ
1735 834 1911 893 πεδίον

266 926 472 1000 ὶξῆλθε,
538 925 824 1006 γυμνάσων
906 925 1000 982 τὸν
1089 923 1334 1000 στρατόν.
1399 931 1500 982 Τοῦ
1557 922 1804 1000 ἆδουμίού
1859 924 1913 982 δὲ

280 1016 568 1095 γινομένου,
632 1013 858 1080 ἕκαστος
899 1014 997 1082 τὴν
1053 1015 1110 1070 ἒν
1171 1027 1290 1078 τοῖς
1365 1011 1550 1079 ὅπλοις
1611 1013 1911 1091 ἐμπειρίαν,

284 1111 580 1185 θεωροῦντος
640 1112 734 1162 τοῦ
790 1102 999 1176 δουκὸς,
1047 1101 1434 1163 ὲπειδείκνυτο.
1493 1105 1592 1161 Καὶ
1634 1102 1698 1171 δὴ
1757 1102 1915 1184 Ὀρέ-

281 1215 404 1261 στης
457 1216 535 1261 τις
589 1191 850 1270 τούνομα,
944 1193 1078 1270 liv-i1?
1155 1191 1445 1270 εὐμεγέθης
1503 1193 1590 1249 καὶ
1651 1192 1915 1272 εὐπρεπὴς

275 1289 345 1359 τῷ
389 1282 546 1364 εἵδει,
607 1285 737 1362 πρὸς
786 1282 956 1359 ὄνομα
1021 1281 1118 1340 καῖ
1174 1281 1320 1348 τάξιν
1378 1281 1613 1356 κληθεὶς,
1675 1282 1915 1362 παρέστη

273 1376 348 1448 τῷ
430 1375 615 1447 Λυσίᾳ.
679 1372 998 1438 Ἐπαινέσας
1090 1372 1142 1428 δὲ
1213 1376 1372 1433 αὐτοῦ
1445 1373 1540 1439 τὴν
1615 1372 1759 1445 θέαν,
1833 1376 1919 1430 καὶ

273 1462 450 1531 ἀληθῆ
510 1463 840 1542 στρατιώτην
923 1461 1290 1543 ἀποκαλέσας,
1350 1460 1594 1518 ἰκέλευσε
1653 1463 1803 1518 κατὰ·
1829 1465 1921 1519 τοῦ

271 1558 478 1612 σκοποῦ
547 1554 734 1630 βαλεῖν
790 1553 890 1622 τὴν
946 1553 1185 1634 Λόγχην,
1252 1554 1352 1611 Καί
1406 1553 1588 1609 τούτου
1629 1552 1728 1620 τὴν
1756 1566 1919 1632 χεῖρα

1993 561 2444 640 confringantur
2472 561 2602 640 ejus
2633 559 2814 636 tibiae,
2849 570 2913 624 ut
2954 562 3016 625 iu
3047 581 3158 626 nos
3188 582 3253 626 se
3280 571 3452 645 gerat
3484 576 3638 630 tem-

1995 650 2320 754 perantius.
2355 649 2460 712 llis
2489 658 2686 713 autem
2718 651 2912 727 factis,
2948 651 3078 734 ipse
3111 672 3350 735 quoque
3393 655 3640 721 tradidit

1997 747 2298 894 Βρδιῶῗῧὶ..
2316 829 2455 893 Haec
2475 849 2610 894 cum
2640 831 2882 894 fecisset
2911 831 3025 894 dux
3053 833 3558 916 sceleratus,exiit
3582 836 3644 899 iu

1998 940 2294 1003 campum,
2330 930 2392 983 ut
2415 929 2724 983 exerceret
2753 927 3102 986 exercitum.
3137 923 3285 986 Cum
3313 934 3508 986 autem
3543 944 3644 989 re-

1997 1010 2832 1092 censerentur,unusquisque
2854 1011 3364 1075 ostentabatsuam
3389 1013 3449 1074 in
3462 1017 3644 1078 armis

1999 1092 2452 1173 experientiam,
2487 1091 2643 1153 duce
2691 1091 3178 1175 contemplante;
3227 1093 3472 1171 quidam
3504 1113 3642 1158 vero

1999 1182 2243 1246 Orestes
2265 1181 2625 1258 nomine,vir
2652 1200 2756 1262 pro
2772 1199 2945 1244 cerus
2976 1191 3036 1243 et
3064 1182 3252 1245 forma
3275 1183 3550 1259 decorus,
3570 1186 3643 1250 ad

1998 1291 2220 1334 nomen
2251 1279 2490 1336 vocatus
2549 1281 2606 1333 et
2663 1271 2966 1352 ordinem,
3001 1273 3184 1334 astitit
3241 1272 3449 1354 Lysim.
3497 1273 3641 1337 Cum

2002 1363 2206 1444 Lysias
2232 1371 2426 1424 autem
2460 1363 2589 1440 ejus
2647 1361 2946 1424 laudasset
2998 1362 3287 1443 speciem,
3343 1373 3402 1425 et
3432 1383 3642 1427 verum

2003 1451 2359 1533 appellasset
2391 1451 2664 1532 militem,
2690 1451 2867 1532 jussit
2891 1451 3074 1532 pilum
3100 1460 3376 1533 torquere
3397 1454 3471 1516 ad
3508 1473 3644 1516 sco-

2005 1543 2328 1622 pum.Cum
2350 1542 2399 1602 is
2423 1559 2564 1603 vero
2586 1559 2825 1603 manum
2850 1541 3186 1620 direxisset,
3224 1551 3281 1604 et
3302 1561 3465 1605 arma
3495 1565 3644 1606 con-

268 1644 556 1716 ὶθύνοντος,
608 1643 695 1700 καὶ
751 1642 1053 1709 τινάξαντος
1124 1644 1185 1699 τὸ
1244 1641 1433 1717 ὅπλον,
1479 1644 1540 1698 τὸ
1599 1643 1920 1723 φορούμενον

271 1735 288 1750 .
409 1740 438 1750 ..
589 1733 660 1750 ..ρ
783 1731 796 1750 ,
876 1740 895 1749 -
1071 1734 1084 1750 .
1436 1732 1448 1750 .
1631 1739 1650 1748 -
1713 1733 1728 1750 .
1850 1733 1860 1750 .

2013 1630 2310 1707 cussisset,
2343 1649 2477 1713 quae
2504 1629 2577 1692 ab
2637 1648 2707 1693 eo
2757 1630 2818 1692 in
2867 1639 3108 1712 pectore
3162 1631 3464 1695 ferebatur
3505 1652 3694 1750 crux,“

2013 1738 2181 1750 ...ς-η..
2236 1738 2266 1750 Α
2294 1728 2457 1750 -ΑΑΙΛ
2487 1720 2614 1750 ,ιε-υ.
2650 1739 2890 1750 Α......-...ι
2951 1721 3318 1750 ,ηε-ζηρμη..-
3351 1727 3619 1750 ..μ-.--ητα

269 1735 326 1791 ἐν
368 1740 448 1809 τῷ
504 1733 684 1804 MOE:
743 1731 903 1790 αύτοῦ
984 1734 1210 1813 χρύσεον
1267 1732 1507 1810 σταυρίον
1561 1739 1654 1789 τοῦ
1713 1733 1922 1808 ἱματίου

2013 1738 2207 1796 aurea,
2233 1738 2268 1782 e
2294 1728 2458 1783 veste
2485 1727 2615 1802 ejus
2647 1739 2918 1799 excussa,
2948 1727 3321 1785 extrinsecus
3349 1727 3643 1804 apparuit,
3664 1727 3728 1784 τω.

272 1824 434 1880 αὐτοῦ
477 1822 811 1902 ὲκτιναχθὲν,
872 1820 1062 1886 ἔξωθεν
1133 1822 1391 1902 ἀνεφάνη,
1449 1821 1584 1878 ὥστε
1640 1821 1920 1878 θεάσασθαι

265 1913 504 1992 πάντας,
560 1910 698 1968 ἀλλὰ
754 1912 865 1988 μὴν
923 1913 1012 1971 καί
1072 1913 1230 1968 αὐτὸν
1294 1913 1386 1967 τὸν
1444 1912 1660 1973 Λυσίαν,
1705 1917 1920 1981 Παραυ-

267 2005 393 2060 τίκα
435 2003 607 2059 τοίνυν
665 2003 1015 2082 προσαχθεὶς,
1075 2001 1204 2069 ἔστη
1265 2000 1491 2068 πλησίον
1553 2008 1646 2059 τοὺ
1711 2000 1918 2063 δουκός.

272 2092 376 2150 Καὶ
428 2087 606 2148 λαϐὼν
658 2092 685 2146 6
741 2090 933 2154 Λυσίας
983 2096 1051 2167 τῇ
1097 2091 1239 2170 χειρὶ
1282 2093 1372 2147 τὸν
1416 2093 1660 2170 σταυρὸν,
1692 2090 1920 2148 ἐπυνθά-

269 2201 396 2238 νετο
454 2181 506 2236 τί
538 2178 603 2236 ἅν
645 2179 736 2246 εἴη
766 2187 946 2242 τοῦτο.
994 2181 1082 2248 Μὴ
1127 2179 1328 2253 καὶσὺ,
1381 2181 1532 2260 φησὶ,
1583 2186 1677 2236 τοῦ
1730 2179 1920 2237 ἐσταυ-

269 2269 520 2350 ρωμένου
574 2270 913 2350 τυγχάνειςς
971 2272 1032 2328 Ὃ
1091 2268 1144 2326 δὲ
1205 2270 1362 2326 εἶπεν
1399 2284 1412 2300 ⁸
1468 2268 1665 2334 Δοῦλός
1698 2272 1804 2346 εἶμι
1834 2271 1927 2326 τοῦ

270 2358 677 2438 ἐσταυρωμένου
787 2359 1056 2417 Δεσπότου
1159 2380 1260 2435 μου
1361 2366 1517 2432 Θεοῦ,
1601 2360 1694 2416 καὶ
1772 2366 1926 2416 τοῦτο

271 2448 637 2530 φυλακτήριον
721 2446 1035 2528 ἐπιφέρομαι
1104 2449 1236 2528 πρὸς
1328 2447 1641 2527 ἀποτροπὴν
1712 2449 1926 2505 πάντων

271 2544 382 2597 τῶν
442 2537 822 2618 ἐπερχομένων
876 2560 969 2612 μοι
1028 2545 1234 2600 κακῶν,
1265 2531 1324 2596 ’0
1374 2535 1490 2604 δοὺξ
1521 2541 1672 2594 εἶπεν
1709 2554 1722 2570 ’
1761 2539 1858 2596 Καὶ
1900 2540 1928 2594 6

273 2629 581 2704 θαυμαστὸς
639 2627 788 2690 οὗτος
847 2627 1200 2705 στρατιώτης,
1283 2627 1538 2692 συνδεθεὶς
1619 2633 1696 2700 τῷ
1751 2627 1928 2704 δημίῳ

279 2717 464 2791 ἐκείνῳ
525 2719 847 2797 Εὖστρατίῳ,
907 2716 1120 2782 σύνοδος
1197 2718 1338 2791 αὐτῷ
1423 2716 1476 2773 ἐν
1656 2715 1930 2798 ὁδοιπορίᾳ

278 2806 512 2886 γενέσθω
543 2823 558 2837 ⁸
619 2807 870 2885 εὐκαίρως
928 2807 1027 2874 τῆς
1087 2804 1208 2864 κατ’
1263 2806 1434 2863 αὐτῶν
1506 2805 1817 2885 ἐρωτήσεως
1875 2807 1928 2863 ἐν

281 2903 350 2972 τῇ
425 2895 800 2953 Νικοπολιτῶν
870 2895 1277 2976 ἆχθησομένης.
1360 2896 1796 2976 Παραγενομένου
1872 2895 1925 2953 δὲ

2005 1809 2087 1872 ita
2117 1818 2185 1872 ut
2216 1829 2425 1874 omnes
2454 1829 2586 1872 eam
2618 1819 3024 1888 cernerent,et
3055 1811 3183 1893 ipse
3209 1812 3390 1875 etiam
3423 1813 3645 1896 Lysias.

2006 1901 2213 1964 Statim
2243 1910 2442 1964 autem
2490 1900 2806 1982 adductus,
2861 1902 3024 1964 stetit
3060 1919 3245 1982 prope
3276 1902 3491 1965 ducem
3528 1926 3541 1966 :
3593 1913 3651 1966 et

2007 2010 2140 2052 cum
2165 2009 2341 2052 manu
2361 2009 2598 2054 crucem
2623 1991 2952 2072 accepisset
2972 1991 3193 2072 Lysias,
3222 1993 3444 2072 rogavit
3476 1995 3648 2075 quid-

2007 2099 2143 2143 nam
2179 2081 2290 2142 hoc
2322 2089 2478 2143 esset
2512 2101 2524 2140 :
2564 2079 2842 2163 Nunquid
2867 2090 2926 2144 tu
2951 2100 3187 2163 quoque
3208 2100 3299 2159 es,
3334 2082 3548 2164 inquit,
3581 2105 3652 2148 ex

2009 2170 2081 2232 iis
2110 2171 2212 2247 qui
2245 2178 2384 2232 sunt
2412 2170 2670 2251 partium
2732 2171 3053 2234 Crucifixi?
3108 2170 3218 2233 Ille
3264 2190 3402 2235 vero
3451 2173 3598 2236 dixit
3631 2193 3646 2235 :

2009 2259 2150 2324 Sum
2174 2277 2380 2322 servus
2402 2259 2668 2322 cruciﬁxi
2691 2260 2930 2323 Domini
2954 2260 3072 2323 mei
3105 2261 3232 2337 Dei,
3257 2269 3314 2324 et
3345 2263 3456 2325 hoc
3485 2272 3652 2343 gesto

2009 2348 2337 2412 amuletum
2371 2349 2443 2411 ad
2503 2349 2705 2410 omnia
2755 2348 2911 2412 mala
2957 2349 3303 2431 avertenda,
3343 2370 3474 2432 quae
3504 2353 3652 2415 mihi

2009 2438 2317 2519 ingruunt.
2346 2437 2473 2500 Dux
2498 2437 2646 2499 dixit
2672 2458 2685 2498 :
2731 2437 2840 2501 Hic
2881 2455 3115 2518 quoque
3147 2441 3427 2520 egregius
3452 2443 3648 2524 miles,

2012 2528 2200 2590 victus
2249 2546 2384 2591 cum
2417 2527 2518 2590 illo
2549 2528 2826 2590 carnifice
2880 2527 3202 2605 Eustratio,
3237 2529 3302 2589 fit
3353 2531 3408 2591 ei
3451 2549 3654 2595 comes

2011 2616 2071 2678 in
2095 2619 2350 2699 via,cum
2381 2625 2716 2699 opportune
2740 2618 2816 2680 sit
2835 2617 2911 2679 de
2935 2617 3023 2680 eis
3053 2617 3362 2681 habendas
3390 2623 3648 2698 quaestio

2011 2707 2071 2768 in
2104 2706 2337 2770 civitate
2369 2706 2799 2788 Nicopolitana.
2836 2706 2981 2769 Cum
3013 2708 3274 2768 venisset
3301 2717 3499 2773 autem
3537 2713 3646 2792 Ly-

2012 2797 2131 2858 sias
2163 2798 2224 2858 in
2255 2797 2550 2860 civitatem
2585 2797 3085 2878 Nicopolitanam,
3105 2814 3315 2875 magna
3338 2799 3653 2864 multitudo

2012 2887 2262 2966 legionis
2293 2887 2570 2963 militum,
2627 2906 2760 2968 quae
2812 2895 2938 2948 erat
2992 2888 3052 2948 in
3104 2887 3359 2967 civitate,
3411 2889 3484 2952 ad
3518 2909 3653 2954 eum

291 2988 384 3043 τοῦ
425 2985 610 3042 Λυσίου
667 2986 722 3041 ἐν
777 2991 846 3064 τῇ
889 2985 1258 3044 Νικοπολιτῶν
1300 2986 1478 3060 πόλει,
1538 2984 1674 3042 πολὺ
1722 2985 1924 3052 πλῆθος

2013 2985 2484 3052 accesserunt,et
2509 2995 2717 3039 omnes
2745 2995 2857 3038 una
2891 2995 3033 3039 voce
3048 2978 3382 3042 clamabant
3410 2998 3423 3041 :
3461 2983 3653 3062 Lysia,

294 3081 399 3132 τῶν
453 3061 831 3153 στρατιωτῶν*
874 3076 971 3144 τῆς
1042 3074 1305 3156 λεγεῶνας
1377 3081 1471 3143 τῆς
1532 3075 1588 3132 ἐν
1643 3081 1711 3152 τῇ
1776 3074 1928 3132 πόλει

2016 3084 2123 3128 nos
2171 3086 2411 3146 quoque
2470 3086 2675 3131 sumus
2726 3067 2946 3130 milites
2997 3069 3232 3132 Domini
3278 3070 3467 3138 nostri,
3512 3061 3658 3136 Jesu

288 3164 581 3244 προσῆλθον
637 3165 802 3245 αύτῷ,
878 3168 965 3222 καὶ
1023 3167 1214 3232 πάντες
1291 3172 1394 3237 μιᾷ
1451 3171 1604 3245 φωνῇ
1662 3165 1876 3244 ἔκραζον
1912 3186 1925 3200 ⁸

281 3256 470 3331 Λυσία,
531 3256 619 3311 καὶ
677 3256 842 3331 ἡμεῖς
917 3255 1235 3332 στρατιῶταί
1290 3258 1451 3331 ἔσμεν
1505 3262 1600 3312 τοῦ
1661 3255 1932 3314 Δεσπότου

280 3344 441 3419 ἡμῶν
485 3351 712 3423 Χριστοῦ
746 3361 760 3375 ·
808 3345 1006 3402 ποίειὸ
1034 3343 1226 3410 θέλεις.
1260 3347 1320 3402 '0
1367 3343 1424 3401 δὲ
1465 3346 1528 3402 τὸ
1583 3345 1682 3422 μὲν
1723 3353 1934 3426 πρῶτον

279 3432 577 3513 ἐξεπλάγη,
623 3431 894 3514 φοϐηθεὶς,
930 3434 1007 3509 μή
1067 3455 1116 3490 τι
1176 3436 1541 3513 νεωτερισθείη
1571 3434 1692 3493 κατ’
1727 3435 1882 3495 αὒτοῦ
1915 3453 1927 3467 ⁸

280 3523 472 3580 ἔπειτα
527 3521 582 3579 δὲ
653 3524 898 3601 ἐγνωκὼς
959 3523 1038 3580 ὅτι
1096 3525 1171 3587 ὡς
1217 3522 1456 3602 πρόϐατα
1517 3525 1732 3589 ἑαυτοὺς
1791 3547 1932 3602 παρ-

280 3611 516 3688 έδωκαν,
574 3611 824 3676 λύσαντες
877 3615 964 3671 καὶ
1021 3615 1117 3678 τὰς
1183 3617 1354 3685 ζώνας
1439 3615 1664 3689 ἑαυτῶν,
1726 3614 1933 3682 συλλη-

280 3703 482 3784 φθῆναι
549 3703 667 3768 τοὺς
739 3704 938 3770 πάντας
1019 3703 1286 3780 ἐκέλευσε,
1345 3705 1434 3761 καὶ
1489 3702 1729 3769 δεθέντας
1803 3708 1934 3762 καθ·-

279 3795 592 3872 ειρχθῆναο.
678 3791 802 3851 Καθ’
883 3793 1069 3850 ἑαυτὸν
1157 3792 1211 3849 δὲ
1281 3793 1592 3872 γενόμενος,
1650 3792 1935 3852 ἐσκέπτετο

279 3889 400 3946 πῶς
461 3880 526 3938 ἂν
556 3881 784 3939 διάθοιτο
811 3885 908 3950 τὴν
938 3882 1074 3939 κατὰ
1119 3887 1225 3939 τῶν
1282 3883 1448 3962 ἁγίων
1506 3882 1800 3956 ἀπώλεια-ι,
1848 3884 1934 3940 καὶ

281 3975 362 4049 μὴ
409 3973 665 4052 σύγχυσίς
710 3994 790 4037 τις
821 3972 1041 4052 γένηται
1074 3973 1106 4041 ἢ
1138 3973 1281 4053 παρὰ
1327 3971 1668 4048 συμπολιτῶν
1717 3972 1752 4040 ἢ
1799 3994 1932 4053 συγ-

282 4061 458 4140 γενῶν
519 4063 714 4122 αύτῶν.
774 4061 1086 4141 Ἐξαιρέτως
1145 4061 1201 4118 δὲ
1260 4061 1438 4119 ἐδεδίει
1483 4064 1574 4119 τὸν
1616 4061 1768 4140 ἅγιον
1825 4066 1932 4123 Εὖ-

285 4152 535 4230 στράτιον
588 4153 665 4227 μή
721 4173 852 4210 ποτε
907 4155 1050 4216 αὖθις
1109 4159 1215 4209 τῶν
1271 4153 1517 4229 βασάνων
1585 4154 1728 4227 αὖτῷ
1758 4174 1931 4231 προσ-

289 4239 571 4318 αγομένων
630 4243 826 4318 ὁμοίως
879 4243 1325 4322 θαυματουργήση
1383 4265 1458 4316 τι,
1513 4245 1601 4300 καὶ
1657 4245 1716 4301 ού
1771 4241 1934 4318 μόνον

293 4331 412 4393 τοὺς
469 4329 569 4398 ἧδ-
629 4333 973 4410 Χριστιανοὺς
1023 4335 1244 4412 στηρίζη
1289 4334 1361 4397 εἷς
1405 4334 1504 4401 τὴν
1554 4335 1752 4413 πίστιν,
1797 4332 1933 4390 ἀλλὰ

301 4421 390 4474 καὶ
442 4419 556 4484 τοὺς
643 4419 916 4498 ’ίΕλληνας
990 4424 1302 4498 μεταστήσῃ
1376 4427 1474 4490 τῆς
1531 4427 1636 4480 τῶν
1703 4421 1934 4479 εἰδώλων

303 4509 596 4586 θρησκείαις.
656 4493 866 4575 ηΕδοξεν
950 4493 1038 4567 σύν
1131 4493 1287 4586 αύτῷ-
1345 4518 1413 4589 τῇ
1473 4509 1594 4579 έξῆς
1652 4510 1932 4569 ἀναστάντι

297 4601 552 4680 πρωῗθεν,
612 4598 969 4679 παραπέμψαι
1013 4599 1068 4656 ἰν
1108 4606 1178 4677 τῇ
1234 4600 1589 4670 Σεϐαστηνῶν
1643 4600 1799 4658 πόλει
1858 4609 1934 4678 τῷ

299 4685 627 4766 Ἀγρικολάῳ
678 4690 768 4744 τὸν
822 4688 977 4768 ἅγιον
1062 4690 1378 4768 Εύστράτιον
1444 4691 1532 4746 καὶ
1613 4690 1698 4746 τὸν
1782 4691 1934 4769 ἅγιον

2015 3157 2235 3220 Christi
2262 3180 2276 3236 ;
2311 3158 2400 3220 fac
2426 3157 2581 3240 quod
2610 3156 2782 3219 velis.
2819 3157 2922 3220 llle
2953 3175 3092 3220 vero
3127 3160 3384 3239 primum
3417 3162 3658 3242 quidem

2016 3246 2129 3310 fuit
2177 3247 2644 3329 obstupefactus,
2710 3249 2928 3310 timens
2985 3267 3060 3309 ne
3110 3249 3329 3331 aliquid
3381 3252 3514 3314 novi
3546 3253 3658 3314 ad-

2017 3355 2219 3400 versus
2251 3355 2385 3400 eum
2418 3337 2795 3400 innovarent.
2830 3336 3058 3401 Deinde
3087 3357 3221 3402 cum
3258 3342 3654 3421 cognovisset,

2019 3425 2173 3508 quod
2207 3429 2357 3490 sicut
2389 3446 2528 3490 oves
2551 3426 2780 3508 seipsos
2812 3427 3208 3510 tradiderunt,
3255 3430 3468 3494 solutis
3495 3432 3660 3495 zonis

2019 3519 2163 3592 suis,
2191 3517 2375 3597 jussit
2401 3517 2563 3598 ipsos
2607 3518 3061 3598 comprehendi,
3088 3527 3147 3581 et
3185 3519 3412 3582 vinctos
3442 3522 3661 3603 conjici

2019 3607 2078 3667 in
2101 3625 2404 3670 carcerem
2430 3629 2440 3666 :
2469 3606 2622 3687 apud
2647 3625 2712 3668 se
2727 3615 2923 3668 autem
2943 3608 3360 3671 considerabat
3380 3612 3660 3690 quemad-

2021 3695 2352 3758 modumin
2384 3697 2604 3759 sanctis
2654 3696 2980 3780 perdendis
3034 3715 3100 3760 se
3156 3707 3416 3777 gereret,
3450 3707 3660 3762 etnon

2017 3793 2175 3847 esset
2198 3803 2229 3848 a
2247 3783 2701 3867 Nicepolitanis,
2723 3794 2821 3847 aut
2839 3785 2911 3848 ab
2933 3804 3143 3849 eorum
3170 3787 3436 3868 cognatis
3461 3789 3661 3871 aliqua

2017 3874 2626 3955 confusio.Praecipue
2646 3885 2844 3938 autem
2866 3877 3118 3940 timebat
3138 3888 3409 3944 sanctum
3429 3879 3666 3943 Eustra-

2019 3965 2273 4042 tium,ne
2303 3967 2352 4028 si
2379 3983 2586 4029 rursus
2607 3966 2663 4030 ei
2684 3966 3048 4030 inferrentur
3094 3975 3412 4053 tormenta,
3437 3972 3666 4038 faceret

2017 4056 2294 4120 similiter
2323 4056 2561 4138 aliquod
2584 4057 2936 4120 miraculum
2965 4073 2978 4118 :
3007 4067 3066 4121 et
3097 4078 3216 4122 non
3245 4063 3438 4124 solum
3461 4061 3524 4124 in
3546 4061 3665 4126 fide

2018 4145 2652 4228 coulirmareteos,qui
2673 4146 2799 4226 jam
2833 4155 3003 4210 erant
3032 4149 3490 4227 Christiani,sed
3514 4169 3654 4232 gen-

2019 4236 2152 4298 tiles
2204 4255 2440 4318 quoque
2490 4237 2832 4300 traduceret
2881 4256 2915 4299 a
2961 4240 3121 4302 cultu
3167 4239 3648 4305 simulacrorum”.

1954 4325 2222 4428 DVisum
2254 4335 2345 4390 est
2373 4345 2516 4405 ergo
2546 4333 2625 4408 ei,
2674 4345 2811 4428 cum
2845 4345 3019 4391 mane
3048 4331 3427 4413 surrexisset,
3456 4341 3653 4395 trans-

2019 4416 2254 4480 mittere
2271 4417 2343 4479 ad
2365 4417 2703 4498 Agricolam
2730 4416 2792 4478 in
2839 4418 3132 4480 civitatem
3166 4418 3650 4501 Sebastenorum,

2016 4515 2286 4570 sanctum
2319 4508 2682 4570 Eustratium
2710 4517 2770 4574 et
2791 4517 3056 4572 sanctum
3086 4509 3534 4577 0restem.Gum
3558 4531 3654 4576 es-

2018 4606 2112 4660 set
2141 4600 2340 4679 itaque
2361 4598 2513 4675 dtes,
2532 4598 2714 4679 jussit
2746 4600 2859 4662 hoc
2890 4600 3044 4682 ﬁeri,
3056 4598 3352 4680 publicam
3385 4602 3657 4666 scribens

2017 4691 2327 4772 epistolam
2356 4689 2428 4752 ad
2459 4688 2833 4770 Agricolaum
2867 4689 2980 4753 hoc
3011 4689 3187 4754 modo
3219 4709 3234 4753 ε

288 4775 576 4856 Ὀρέστην.
650 4779 749 4837 Καὶ
831 4776 898 4848 δὴ
978 4778 1180 4858 ἡμέρας
1265 4780 1580 4860 γενομένης,
1654 4787 1810 4839 τοῦτο
1894 4780 2180 4862 προσέταξε
2262 4779 2523 4859 γενέσθαι,
2611 4781 2816 4860 γράψας
2901 4780 3186 4848 ἐπιστολήν
3269 4781 3499 4859 δημοσίᾳ
3580 4786 3660 4860 τῷ

289 4866 646 4947 Ἀγρικολάῳ,
671 4866 1024 4947 περιέχουσαν
1067 4868 1226 4928 οὕτω.

369 4956 480 5016 ΙΘ’.
520 4978 544 5013 ι
583 4962 671 5031 Τῷ
726 4956 1286 5038 μεγαλοπρεπεστάτην
1324 4961 1549 5038 ἡγεμόνι
1599 4960 1936 5042 Ἀγρικολάῳ

283 5047 484 5111 Λυσίας
527 5045 665 5113 δούξ.
728 5047 818 5105 Ἐν
869 5047 1018 5123 πάσῃ
1078 5054 1147 5126 τῇ
1201 5048 1286 5130 61.’
1316 5049 1465 5118 ¹ἤλιεν
1496 5050 1551 5107 ἐν
1581 5049 1746 5109 οὐδενὶ
1774 5053 1937 5132 ἑτέρῳ

282 5133 660 5217 ἀκριϐέστερον
723 5138 784 5194 τὰ
835 5139 934 5204 τῆς
995 5139 1311 5216 οἰκουμένης
1385 5139 1661 5220 ἂπύρῤητα
1737 5141 1934 5218 διερευ-

283 5229 484 5284 νᾶσθαι
525 5228 598 5291 ὡς
642 5225 696 5284 ἓν
741 5229 824 5284 σοί
855 5225 1050 5292 εἰδότες
1082 5231 1128 5286 οἱ
1172 5230 1432 5286 θειότατοι
1465 5231 1622 5305 ἡμῶν
1659 5229 1935 5314 βασῖλεῖς,

280 5318 389 5384 τὴν
441 5317 541 5382 τῆς
606 5315 783 5396 ἀρχῆς
843 5315 1078 5383 ἐξουσίαν
1117 5315 1429 5379 δεδώκασιν.
1486 5316 1674 5382 ’Ἰσασι
1703 5320 1804 5400 γὰρ
1833 5342 1938 5378 σα-

283 5412 407 5488 φῶς
465 5402 708 5462 δύνασθαι
767 5407 909 5486 παρὰ
975 5408 1055 5465 σοὶ
1115 5411 1202 5464 καὶ
1266 5408 1360 5472 τὰς
1418 5408 1606 5476 νύκτας
1663 5409 1758 5467 ἴσα
1813 5423 1937 5475 ταῖς

284 5494 518 5573 ἡμέραις
578 5496 652 5557 εἷς
712 5497 810 5565 τήν
869 5496 974 5553 τῶν
1029 5495 1300 5575 δημοσίων
1343 5499 1668 5578 πραγμάτων
1715 5499 1938 5569 ἀντίλη-

292 5591 388 5664 ψιν
476 5583 800 5646 ἀναλίσκειν.
891 5584 1191 5664 Ἐδάμασαν
1271 5589 1368 5669 γὰρ
1421 5589 1544 5652 τοὺς
1614 5589 1935 5668 ἇκοιμήτους

2099 4959 2250 5024 XIX.
2282 4984 2309 5017 α
2337 4959 2914 5038 Magniﬁcentissimo
2937 4959 3250 5038 Agricolae
3275 4961 3392 5022 dux
3424 4961 3660 5041 Lysias:

2017 5053 2166 5114 Cum
2191 5050 2251 5112 in
2275 5051 2552 5111 universa
2574 5057 2893 5130 terra,quae
2916 5057 3006 5110 est
3027 5049 3140 5111 sub
3173 5049 3322 5128 sole,
3360 5051 3664 5114 neminem

2019 5148 2265 5204 nossent
2292 5137 2648 5201 divinissimi
2670 5141 2856 5200 nostri
2881 5141 3299 5220 imperatores,
3326 5141 3428 5217 qui
3451 5141 3668 5204 melius

2021 5229 2271 5292 scrutari
2303 5235 2504 5310 posset
2526 5245 2742 5290 arcana
2780 5227 2943 5289 orbis
2972 5235 3172 5304 terrm,
3210 5229 3488 5309 regenda:
3519 5248 3664 5312 pro-

2022 5318 2231 5381 vincite
2285 5317 2387 5380 tibi
2451 5316 2748 5380 dederunt
2810 5325 3182 5400 potestatem.
3229 5322 3453 5401 Aperte
3503 5320 3666 5384 enim

2021 5407 2234 5482 sciunt,
2263 5416 2320 5494 te
2353 5423 2527 5488 posse
2557 5407 2944 5489 noctes,sicut
2970 5407 3202 5484 dies,ad
3236 5410 3668 5492 rempublicam

2022 5497 2460 5561 defendendam
2505 5515 2882 5560 consumere.
2917 5498 3058 5573 Quae
3087 5498 3350 5562 dormire
3381 5519 3498 5562 non
3527 5519 3668 5582 pos-

2026 5597 2163 5652 sunt
2195 5591 2390 5671 itaque
2419 5587 2621 5652 stellas
2652 5588 2819 5671 prius
2862 5607 3109 5656 somnus
3138 5588 3458 5670 domuerit,
3491 5607 3669 5675 quam
