4006 6146
377 240 492 311 487

1680 248 1963 315 MENSIS
2010 245 2437 313 DECEMBER.

3638 242 3752 313 488

379 389 514 444 tuos
543 376 749 443 oculos
770 373 1043 459 sopierit,
1067 372 1259 442 donec
1281 374 1554 442 eﬂ‘ectum
1573 380 1754 443 fuerit
1773 380 2005 461 ld,qttot

2108 379 2327 457 αστέρας
2385 381 2432 435 οἱ
2477 376 2654 458 ὕπνοι,
2700 379 2736 447 ἢ
2799 377 2860 435 τὸ.
2920 380 2987 437 σὰ
3040 375 3258 454 ὄμματα
3302 376 3600 453 ἑκοίμισαν,
3632 381 3749 455 πρὶν

381 470 591 533 studes
620 468 692 531 ad
727 467 1036 530 utilitatem
1072 469 1508 545 universorum,
1534 478 1594 531 et
1623 476 1686 530 ut
1708 469 1895 530 semel
1924 468 2023 529 di-

2104 470 2140 539 ἣ
2200 472 2260 526 τὸ
2320 468 2728 550 φροντιζόμενόν
2789 492 2875 527 σοι
2933 470 3022 526 ἐπὶ
3078 467 3374 542 λυσιτελεία
3429 475 3519 526 τοῦ
3574 476 3751 526 κοινοῦ

380 577 537 642 cam,
572 576 706 622 cum
730 557 885 639 apud
912 566 967 619 te
984 558 1173 619 solum
1198 575 1492 620 summam
1517 558 1718 619 inesse
1735 558 2005 621 vidisssn‘

2104 558 2489 638 επιτελεσθείη,
2547 560 2634 616 καὶ
2689 557 2869 625 ἁπλῶς
2930 558 3155 616 ἕκαστον
3218 557 3412 637 ἀρετῆς
3464 557 3752 637 ἀκρότατον

382 666 863 731 unamquamque
891 655 1142 728 partem,
1179 648 1393 710 merito
1420 648 1621 728 hujus,
1655 665 1830 730 quam
1863 665 2022 709 nunc

380 740 640 816 obtines,
675 737 1227 828 administrationis,
1255 756 1386 828 qua:
1418 737 1567 799 nihil
1600 738 1779 828 habet
1810 745 2020 799 conte-

378 825 731 904 mnendum,
767 827 1111 907 dignitatem
1146 827 1567 907 permiserunt.
1593 825 1882 902 Quocirca
1912 845 2020 905 ego

380 936 613 999 quoque
640 916 805 979 testis
837 924 951 977 tam
987 920 1326 991 multarum,
1377 935 1508 998 quae
1564 916 1626 978 in
1683 924 1739 978 te
1790 916 2015 990 insunt,

377 1024 579 1069 rerum
606 1003 977 1087 praestantiae,
1015 1007 1172 1068 hunc
1202 1005 1274 1068 ad
1306 1014 1363 1069 te
1399 1009 1663 1069 vinctum
1699 1006 1864 1067 mitto
1897 1005 2018 1068 Eu-

379 1095 673 1174 stratium,
709 1094 808 1175 qui
861 1112 1067 1157 eorum
1105 1098 1202 1177 qui
1236 1095 1516 1158 dicuntur
1546 1095 2017 1159 Christianorum

377 1202 590 1263 magno
628 1184 833 1245 morbo
866 1183 1091 1246 laborat
1119 1205 1132 1245 :
1168 1187 1423 1246 maxime
1449 1203 1583 1246 cum
1617 1184 1763 1246 nihil
1798 1183 2019 1264 possim

372 1273 667 1350 invenire,
701 1272 861 1350 quod
893 1273 1147 1336 sufﬁciat
1203 1274 1273 1335 ad
1330 1274 1715 1336 avertendum
1772 1272 2020 1335 audacia

376 1364 507 1443 ejus
536 1363 867 1445 cmpta,sed
904 1365 1011 1425 etsi
1045 1365 1194 1443 ejus,
1223 1382 1350 1444 quae
1385 1364 1529 1426 mihi
1558 1364 1761 1437 servit,
1792 1362 2017 1424 militiae

378 1454 668 1515 honorem
703 1461 858 1514 esset
888 1461 1214 1534 assecutus,
1252 1454 1460 1534 majori
1511 1452 1792 1534 superbia
1817 1451 2015 1514 animo

374 1552 631 1617 erectus,
665 1541 841 1604 desiit
870 1543 927 1603 in
958 1544 1406 1606 contumeliam.
1437 1543 1603 1615 Quod
1656 1543 1705 1603 si
1749 1543 2015 1604 intenta-

370 1650 497 1694 rem
531 1641 777 1707 metum,
814 1650 919 1694 sua
971 1634 1307 1711 arrogant-ia
1351 1633 1821 1712 circumscripsit
1850 1633 2011 1694 futuo

2106 648 2263 728 μέρος
2324 650 2464 728 παρά
2510 650 2591 706 σοὶ
2635 650 2785 723 μόνῳ
2834 648 3152 728 ἑωρακότες,
3187 647 3433 729 εἰκότως,
3464 652 3568 715 τῆς
3609 648 3753 724 παρᾶ

2104 746 2197 796 σοῦ
2252 741 2339 795 νῦν
2393 737 2701 814 ἶθυνομένης
2785 738 2967 818 ἀρχῆς
3055 734 3205 793 οὒδὲν
3290 738 3753 819 εὐκαταφρόνητον

2103 828 2363 908 ἐχούσης,
2424 828 2525 895 τὴν
2581 826 2816 893 ἓξουσίαν
2858 827 3179 907 ἐπέτρεψαν.
3219 828 3311 883 Διὸ
3343 828 3514 907 κάγὼ,
3551 827 3753 906 μάρτυς

2101 917 2175 975 ὢν
2234 919 2341 975 τῶν
2392 918 2646 976 τοιούτων
2704 940 2801 977 σου
2855 917 3362 993 πλεονεκτημάτων,
3436 917 3753 994 Εὖστράτιον

2101 1018 2287 1068 τοῦτον
2345 1009 2602 1089 πέπομφά
2658 1030 2741 1065 σοι
2784 1008 3023 1085 δέσμιον,
3077 1006 3267 1081 πολλῷ
3322 1005 3586 1082 νοσήματι
3643 1012 3753 1063 τῶν

2100 1096 2405 1178 λεγομένων
2465 1105 2791 1177 Χριστιανῶν
2879 1097 3302 1177 κεκρατημένον,
3378 1103 3454 1171 τῷ
3511 1094 3752 1171 μάλιστα

2101 1187 2377 1267 εὖρηκὲναι
2428 1184 2573 1244 οὒδὲν
2646 1185 2900 1265 αὔταρκες
2978 1193 3051 1263 τῇ
3106 1192 3314 1260 πονηρᾷ
3374 1186 3532 1244 αὐτοῦ
3586 1185 3748 1266 φύσει

2101 1278 2230 1356 πρὸς
2289 1274 2599 1354 ἀποτροπὴν
2644 1282 2737 1333 τοῦ
2780 1276 2983 1333 ἀτόπου
3038 1274 3411 1351 τολμήματος,
3464 1271 3601 1329 ἀλλά
3646 1271 3749 1329 κᾶν

2099 1366 2372 1444 στρατείας
2428 1370 2526 1432 τῆς
2583 1364 3068 1442 ἐξυπηρετουμένης
3114 1386 3206 1441 μοι
3265 1364 3362 1421 καί
3410 1362 3568 1439 τιμῆς
3619 1361 3749 1418 ἔτυ-

2100 1478 2222 1535 χεν,
2257 1456 2517 1534 ὑπεροψίᾳ
2551 1455 2752 1531 μείζονι
2799 1456 2900 1523 τὴν
2951 1455 3174 1533 γνώμην
3215 1453 3415 1530 ἀρθεὶς,
3474 1454 3546 1516 εἷς
3597 1448 3751 1529 ὕϐριν

2100 1544 2311 1610 ἐξέπεσε
2349 1563 2363 1579 ⁶
2432 1542 2526 1600 κᾶν
2585 1541 2745 1624 φόϐον
2795 1542 2851 1601 δὲ
2881 1543 3130 1617 ἤλπισεν,
3162 1542 3383 1615 ἀπονοίᾳ
3412 1541 3572 1601 πάλιν
3601 1564 3753 1621 παρ-

2100 1635 2370 1713 εγράψατο
2427 1636 2489 1691 τὸ
2536 1633 2757 1715 μέλλον,
2819 1638 2919 1702 τὴν
2979 1640 3248 1713 παροῦσαν
3319 1632 3490 1711 ὁρμὴν
3533 1635 3632 1701 τῆς
3690 1633 3755 1687 ἓν

370 1739 527 1796 rum,
582 1720 698 1783 vim
757 1739 879 1783 suae
926 1722 1367 1803 superstitionis
1416 1722 1676 1785 reddens
1707 1722 2005 1804 potentio-

2100 1726 2244 1798 αὒτῷ
2299 1723 2710 1801 δεισιδαιμονίας
2782 1724 3100 1803 κυριωτέραν
3173 1724 3539 1799 ποιησάμενος
3573 1739 3590 1757 ⁶
3651 1722 3757 1778 κᾶν

369 1829 497 1873 rem
535 1833 547 1874 :
582 1819 640 1874 et
689 1811 826 1875 licet
880 1812 1106 1874 videret
1151 1811 1299 1875 alios
1328 1814 1559 1876 eisdem
1595 1812 1837 1874 affectos
1868 1830 2013 1893 sup-

2099 1814 2307 1893 ἑτὲρους
2368 1813 2510 1871 εἶδεν
2570 1814 2655 1871 ἐπὶ
2709 1827 2829 1878 τοῖς
2888 1813 3075 1879 αὐτοῖς
3132 1812 3503 1887 κολασθέντας,
3565 1810 3626 1869 οὗ
3680 1816 3760 1887 τῇ

372 1901 592 1982 pliciis,
630 1919 825 1983 neque
846 1911 1089 1983 propter
1120 1904 1340 1983 minas,
1374 1920 1507 1985 quae
1531 1903 1589 1964 in
1618 1919 1720 1964 eos
1743 1900 2005 1965 intende-

2100 1904 2345 1984 ἐμπειρίᾳ
2374 1905 2470 1973 τήν
2501 1904 2707 1981 τόλμαν
2736 1907 2835 1971 τῆς
2889 1904 2943 1960 ἐν
3005 1904 3150 1978 αὐτῷ
3204 1904 3487 1982 θρησκείας
3547 1899 3756 1958 ἐκόλα-

370 1990 610 2066 bantur,
641 2010 804 2053 suam
838 1992 1127 2074 repressit
1174 1993 1506 2068 audaciam,
1541 1992 1644 2054 sed
1678 1990 1837 2073 quod
1868 2008 2005 2053 eve-

2100 2016 2212 2055 σεν.
2249 1993 2417 2051 Ἀλλὰ
2444 1997 2506 2051 τὸ
2535 1992 2738 2071 συμϐὰν
2797 1997 3045 2074 ἡγήσατο
3103 1994 3281 2073 τύχης
3336 1990 3591 2072 ὶπῆρειαν
3644 2011 3754 2069 γε-

368 2093 561 2158 nerat,
596 2081 969 2144 existimabat
998 2100 1129 2145 esse
1158 2082 1353 2163 potius
1410 2082 1664 2145 fortuna
1695 2080 2005 2162 insultum,

2098 2084 2348 2162 γενῆσθαι
2406 2082 2635 2165 μᾶλλον,
2726 2084 2818 2141 οὔκ
2906 2082 3111 2141 ἀδικίαν
3194 2090 3286 2141 τοῦ
3368 2080 3750 2146 κολασθέντος.

370 2188 547 2251 quam
579 2170 956 2252 supplicium.
990 2172 1138 2233 Eum
1184 2190 1349 2253 ergo,
1402 2179 1459 2234 et
1491 2172 1592 2251 qui
1634 2190 1769 2233 cum
1824 2188 1895 2234 eo
1926 2179 2005 2233 est

2097 2181 2291 2233 Τοῦτον
2345 2173 2625 2250 δεξάμενος
2685 2176 2773 2231 καὶ
2828 2176 2919 2231 τὸν
2976 2176 3071 2231 σὺν
3127 2175 3271 2247 αὒτῷ
3337 2170 3591 2250 Ὀρέστην
3650 2179 3751 2229 τοῦ

372 2257 665 2335 Orestem,
721 2260 820 2341 qui
876 2268 966 2323 est
1013 2260 1280 2342 ejusdem
1335 2261 1669 2336 sententia),
1718 2259 1791 2323 ad
1850 2269 2005 2322 tuam

2094 2264 2254 2322 αὖτοῦ
2309 2267 2649 2346 φρονήματος
2707 2264 2856 2345 ὅντα,
2916 2270 2983 2340 τῇ
3026 2269 3097 2340 σῇ
3153 2261 3438 2344 σοφωτάτη
3495 2261 3746 2340 ὑπάγαγε

370 2349 541 2412 mitto
572 2350 953 2430 sapientiam,
988 2369 1247 2433 sequens
1283 2352 1480 2414 edicta
1538 2350 1941 2433 imperatoria.
1984 2376 2005 2410 ε

2093 2354 2280 2431 κρίσει,
2359 2369 2478 2421 τοῖς
2546 2353 2847 2432 βασιλικοῖς
2917 2354 3280 2420 ὲξακολουθῶν
3362 2352 3743 2427 θεσπίσμασιν.

359 2440 509 2502 Cum
565 2440 677 2502 has
727 2458 869 2520 ergo
928 2440 1158 2504 litteras
1208 2442 1585 2522 accepissent
1643 2441 1883 2521 milites,
1948 2453 2005 2502 et

2091 2443 2374 2523 ¹¹Εῤῥωσο.
2414 2466 2438 2502 ι
2478 2442 2739 2510 Λαϐόντες
2782 2445 2952 2501 τοίνυν
2983 2446 3030 2501 οἱ
3060 2449 3380 2523 στρατιῶται
3411 2443 3477 2498 τὰ
3523 2447 3746 2499 τοιαῦτα

358 2537 596 2592 sanctos
626 2529 919 2593 baberent
967 2532 1223 2607 vinctos,
1256 2532 1408 2593 viam
1468 2529 2000 2611 persequebantur.

2091 2535 2402 2613 γράμματα,
2463 2532 2861 2611 παραλαϐόντες
2920 2532 2975 2591 δὲ
3020 2536 3108 2592 καὶ
3168 2539 3289 2598 τοὺς
3350 2532 3530 2611 ἀγίους
3587 2530 3743 2589 δεδε-

357 2620 612 2683 Sanctus
659 2630 857 2683 autem
936 2619 1268 2683 Eustratius
1348 2620 1526 2682 simul
1600 2637 1737 2681 cum
1795 2617 2006 2683 Oreste

358 2709 447 2773 sic
502 2709 750 2771 canebat
808 2709 870 2772 in
933 2711 1023 2772 via
1085 2728 1098 2772 :
1162 2736 1189 2767 α
1264 2708 1433 2773 Viam
1512 2709 2003 2790 justiticationum

358 2807 593 2860 tuarum
640 2798 815 2879 elegi,
867 2799 1094 2862 instrue
1146 2819 1263 2876 me,
1318 2808 1377 2861 et
1436 2800 1661 2863 discam
1727 2799 2007 2862 mandata

355 2895 457 2950 tua
480 2889 534 2948 δ.
578 2911 601 2946 ι

435 2975 566 3043 XX.
596 2976 859 3059 [mpletis
881 2995 1020 3043 vero
1042 2978 1345 3063 precibus,
1378 2980 1525 3043 dixit
1553 2999 1565 3045 :
1597 2980 1803 3044 Frater
1844 2980 2001 3045 Ore-

358 3076 503 3145 stes,
527 3047 1009 3150 narramihi,qua
1028 3047 1215 3131 animi
1236 3047 1534 3133 alacritate
1560 3080 2003 3134 consummatus
2022 3047 2063 3099 ο

360 3159 471 3220 fuit
519 3166 759 3221 sanctus
807 3158 1160 3235 Auxentias,
1196 3169 1254 3221 et
1300 3160 1361 3222 in
1393 3180 1511 3241 quo
1541 3162 1694 3223 loco.
1751 3159 2006 3225 Sanctus

356 3264 498 3309 vero
517 3245 759 3310 Orestes
780 3247 970 3311 dixit:
1002 3246 1319 3330 Postquam
1358 3249 1477 3311 dux
1509 3249 1914 3331 pronuntiavit
1942 3250 2005 3312 in

359 3353 493 3399 eum
528 3336 906 3413 sententiam,
942 3337 1168 3418 rogavit
1197 3337 1553 3417 milites,qui
1585 3357 1724 3401 eum
1749 3339 2006 3403 abduce-

357 3427 526 3507 bant,
549 3434 614 3489 ut
652 3427 883 3489 veniret
901 3426 974 3489 ad
997 3426 1314 3489 videndam
1336 3436 1495 3490 tuam
1526 3430 1829 3509 virtutem,
1859 3436 1918 3490 et
1948 3437 2004 3491 te

349 3515 593 3596 juberet
621 3517 1038 3580 valere.Nemo
1068 3533 1207 3578 vero
1258 3534 1396 3580 eum
1444 3517 1651 3581 audire
1684 3518 1999 3593 sustinuit;

353 3614 481 3669 erat
502 3605 663 3669 enim
681 3615 915 3687 tempus
938 3605 1193 3687 prandii,
1226 3614 1285 3668 et
1320 3606 1683 3670 festinabant
1704 3608 1816 3689 illi,
1853 3626 1995 3670 ven-

355 3697 433 3758 tri
464 3696 1077 3778 servientes,implere
1099 3696 1155 3758 id
1181 3696 1340 3775 quod
1367 3698 1454 3759 eis
1481 3699 1839 3781 imperatum
1863 3700 1999 3763 fue-

353 3795 469 3861 rat,
503 3796 562 3850 et
591 3787 891 3849 duxerunt
919 3804 1054 3848 eum
1094 3787 1154 3848 in
1203 3787 1522 3867 quamdam
1553 3788 1789 3865 vallem,
1825 3808 2001 3871 quam

351 3895 464 3939 nos
483 3893 759 3939 vocamus
776 3875 1347 3941 Ororiam.Veniens
1369 3886 1594 3954 autem,
1620 3877 1681 3939 in
1696 3879 1787 3941 via
1814 3896 2001 3942 cane-

356 3966 458 4028 bat
483 3974 723 4029 sanctus
751 3984 765 4028 :
817 3987 839 4022 ε
867 3966 1032 4029 Beati
1058 3966 1421 4029 immaculati
1450 3968 1509 4029 in
1538 3968 1758 4048 via,qui
1787 3968 2000 4031 ambu-

354 4056 478 4117 lant
506 4056 569 4116 in
603 4056 729 4133 lege
755 4054 1065 4129 Dominiﬁ,
1102 4076 1123 4106 ι
1157 4066 1217 4119 et
1250 4075 1442 4138 usque
1466 4056 1539 4119 ad
1578 4060 1772 4138 ipsum
1806 4058 1999 4120 locum

352 4144 626 4227 implevit
639 4145 1020 4227 psalmum,et
1032 4146 1207 4209 ﬂexis
1222 4146 1472 4227 genibus
1490 4146 1784 4209 intensius
1794 4149 2002 4212 oravit.

348 4232 498 4299 Cum
535 4253 745 4298 manus
774 4254 911 4298 vero
943 4235 1548 4318 sustulisset,accepit
1581 4244 1861 4318 tauquam
1890 4236 2003 4299 ob-

349 4324 725 4402 lationem,et
744 4323 893 4389 dixit
920 4343 933 4385 :
966 4327 1179 4401 Amen,
1216 4334 1275 4388 et
1296 4344 1429 4388 cum
1453 4326 1999 4407 circumspexisset,

2089 2624 2298 2701 μὲνοδς,
2360 2624 2585 2703 εἴχοντο
2638 2624 2737 2691 τῆς
2794 2622 2935 2686 ὁδοῦ.
3000 2622 3060 2682 ’0
3104 2621 3159 2680 δὲ
3216 2624 3368 2701 ἅγιος
3420 2622 3743 2700 Εὒστράτιος

2089 2712 2204 2790 ἅμα
2253 2715 2330 2789 τῷ
2388 2713 2615 2792 Ὀρέστῃ
2674 2712 2877 2790 ἔψαλλε
2908 2714 3043 2771 κατὰ
3072 2713 3171 2781 τὴν
3202 2711 3324 2770 ὀδόν
3356 2727 3369 2742 ⁸
3411 2733 3439 2767 α
3473 2709 3622 2769 Ὀδὸν
3652 2710 3739 2767 δι-

2090 2804 2414 2878 καιωμάτων
2499 2807 2591 2860 σου
2677 2804 3037 2883 ᾑρετισάμην.
3108 2802 3395 2861 Συνέτισόν
3468 2821 3557 2877 με,
3637 2804 3738 2858 καί

2089 2894 2401 2970 μαθήσομαι
2431 2894 2525 2957 τὰς
2558 2891 2926 2957 ἐντολάςπου,
2951 2916 2978 2949 ι

2170 2980 2255 3041 κ’.
2292 2982 2397 3040 Καῖ
2455 2982 2748 3057 πληρώσας
2808 2985 2907 3051 τὴν
2967 2983 3163 3062 εὒχὴν,
3214 2980 3396 3060 ἠρώτα
3436 2982 3525 3038 τὸν
3551 2980 3733 3057 μακά-

2088 3095 2199 3151 ριον
2257 3070 2513 3152 Ὀρέστην
2571 3073 2745 3151 λέγων
2780 3093 2796 3113 ο
2879 3072 3100 3151 Ἀδελφὲ
3182 3070 3425 3149 Ὀρέστα,
3480 3069 3737 3150 διήγησαί

2089 3184 2179 3238 μοι
2238 3162 2293 3218 ἐν
2352 3162 2478 3235 ποίᾳ
2533 3162 2793 3241 προθυμίᾳ
2853 3160 3135 3230 ἐτελειώθη
3168 3164 3195 3218 ὁ
3225 3160 3375 3238 ἅγιος
3432 3159 3731 3235 Αὖξέντιος,

2087 3253 2174 3307 καὶ
2228 3251 2283 3307 ἐν
2340 3251 2477 3326 ποίῳ
2532 3252 2705 3326 τόπῳ.
2770 3244 2827 3311 Ὀ
2886 3250 2941 3308 δὲ
2997 3252 3149 3331 ἅγιος
3209 3253 3468 3333 Ὀρέστης
3523 3251 3680 3308 εἶπεν
3717 3268 3734 3283 ⁶

2088 3341 2232 3398 Μετά
2274 3342 2335 3397 τὸ
2390 3341 2762 3422 ἀποφήνασθαι
2809 3344 2900 3399 τὸν
2960 3340 3120 3400 δουκα
3158 3343 3278 3400 κατ’
3336 3345 3515 3417 αὐτοῦ,
3556 3338 3738 3399 πολλά

2087 3430 2417 3509 παρεκάλεσε
2475 3433 2597 3497 τοὺς
2659 3432 2964 3511 ἀπάγοντας
3018 3433 3176 3489 αὐτὸν
3246 3432 3596 3512 στρατιώτας,
3641 3430 3737 3487 ἵνα

2087 3518 2252 3578 ἐλθὼν
2311 3518 2405 3598 ἴδῃ
2449 3522 2546 3591 τὴν
2607 3522 2707 3589 σὴν
2766 3521 2959 3601 ἀρετὴν
3010 3524 3097 3579 καὶ
3144 3522 3460 3590 συντάξηταί
3495 3543 3600 3579 σοι.
3636 3523 3739 3579 Καὶ

2085 3608 2257 3677 οὐδεὶς
2332 3611 2600 3691 ἠνέσχετο
2690 3614 2911 3670 ἀκοῦσαι
2996 3612 3178 3694 αὐτοῦ,
3263 3613 3296 3682 ἢ
3386 3610 3737 3692 συγχωρῆσαι

2083 3703 2238 3758 τοῦτο
2306 3699 2519 3782 πρᾶξαι,
2589 3699 2735 3758 Ἀλλ’
2823 3700 3007 3772 ἔπειδῆ
3086 3702 3199 3781 ὥρα
3254 3705 3320 3770 ἦν
3377 3709 3470 3759 τοῦ
3524 3702 3740 3779 ἀρίστου

2086 3790 2334 3849 ἔσπευδον
2403 3794 2451 3848 οἱ
2495 3790 2849 3851 κοιλιόδουλοι
2911 3792 3193 3872 πληρῶσαι
3255 3796 3316 3850 τὸ
3374 3790 3735 3873 προσταχθέν.

2088 3883 2187 3940 Καὶ
2240 3882 2384 3945 εὐθὺς
2413 3880 2617 3963 ἤγαγον
2661 3882 2819 3941 αὐτὸν
2883 3884 2959 3947 εἷς
3025 3884 3126 3951 τὴν
3175 3884 3444 3963 ψάραγγα,
3476 3880 3543 3950 ἢν
3574 3882 3741 3957 ἡμεῖς

2083 3970 2349 4047 καλοῦμεν
2409 3962 2716 4050 Ὀρώρειαν,
2764 3974 3107 4054 Ἐρχόμενος
3189 3962 3260 4029 δὲ
3304 3975 3332 4029 ὁ
3395 3972 3546 4051 ἅγιος
3603 3970 3741 4028 κατὰ

2088 4060 2188 4128 τὴν
2235 4058 2354 4117 ὁδὸν
2405 4060 2603 4137 ἔψαλλε
2642 4081 2658 4100 '
2714 4082 2737 4119 I
2778 4063 3046 4142 Μακάριοι
3078 4066 3125 4122 οἱ
3167 4060 3387 4140 ἄμωμοι
3430 4062 3485 4118 ἓν
3530 4059 3658 4136 ὁδῷ,
3690 4061 3738 4116 οἱ

2088 4150 2434 4231 πορευόμενοι
2480 4150 2536 4208 ἓν
2591 4154 2742 4228 νόμῳ
2788 4153 2997 4232 Κυρίου,
3035 4176 3064 4209 ι
3133 4155 3231 4211 Καὶ
3274 4151 3376 4217 ἕως
3431 4152 3589 4210 αὺτοῦ
3641 4157 3737 4206 τοῦ

2089 4240 2251 4298 τόπου
2293 4239 2570 4319 ἐπλήρωσε
2603 4244 2694 4300 τὸν
2724 4241 2961 4323 ψαλμὸν,
3011 4244 3099 4301 καὶ
3151 4240 3333 4306 κλίνας
3387 4242 3453 4298 τὰ
3509 4249 3727 4319 γόνατα,

2087 4329 2421 4403 προσηύξατο
2477 4331 2563 4389 ἐπὶ
2647 4330 2782 4389 πολύ
2817 4348 2832 4363 ⁶
2913 4334 3002 4391 καὶ
3076 4331 3331 4397 ἀπλώσας
3385 4332 3480 4397 τὰς
3536 4343 3733 4411 χεῖρας

350 4414 497 4476 vidit
521 4433 618 4476 me
641 4432 827 4497 prope
859 4434 994 4478 eum
1028 4423 1305 4503 stantem,
1329 4425 1389 4477 et
1417 4433 1553 4478 cum
1587 4433 1682 4478 me
1717 4426 2000 4495 vocasset,

2091 4422 2266 4492 αὖτοῦ,
2328 4420 2507 4501 ὥσπερ
2565 4423 2867 4502 προσφορὰν
2922 4420 3239 4503 δεχόμενος,
3287 4420 3415 4489 ἔστη
3471 4424 3558 4480 καὶ
3608 4422 3733 4478 εἷπε

352 4504 503 4565 dixit
524 4504 670 4564 mihi
692 4505 911 4566 acriter
937 4523 951 4569 :
977 4504 1181 4566 Frater
1203 4502 1785 4587 Orestes,a|loquere
1801 4506 1999 4569 domi-

346 4609 493 4655 num
524 4592 913 4666 Eustratium,
948 4603 1005 4655 et
1030 4592 1126 4655 dic
1160 4595 1216 4656 ei
1245 4603 1307 4657 ut
1332 4603 1463 4658 oret
1484 4613 1589 4677 pro
1614 4615 1735 4673 me,
1768 4604 1828 4661 et
1860 4616 1999 4661 eum

346 4689 466 4746 cito
499 4683 573 4745 ad
610 4701 705 4746 me
730 4691 1070 4759 venturum,
1105 4702 1240 4747 eum
1272 4690 1431 4747 enim
1477 4696 1795 4769 exspecto;
1829 4696 1888 4749 et
1912 4688 1999 4750 sic

342 4772 455 4836 fuit
478 4772 532 4836 si
564 4780 739 4855 caput
768 4780 1161 4856 amputatum,
1212 4774 1515 4854 omnibus,
1551 4796 1701 4859 quos
1732 4778 1997 4859 suspicio

345 4871 474 4926 erat
491 4880 624 4926 esse
647 4861 1038 4939 Christianos,
1050 4870 1236 4946 passis
1250 4866 1725 4947 persecutionem
1739 4866 1999 4931 .Sanctze

346 4961 546 5016 autem
582 4953 713 5034 ejus
768 4953 1041 5035 reliquiae
1092 4963 1273 5019 noctu
1306 4954 1465 5018 furto
1498 4955 1748 5020 sublatae
1776 4966 1914 5020 sunt
1963 4977 1997 5019 a

344 5042 743 5125 presbyteris,
777 5043 877 5125 qui
911 5051 1082 5106 erant
1112 5044 1173 5107 in
1204 5045 1699 5126 Arauracis.Ejus
1728 5065 1867 5111 vero
1892 5066 1995 5110 ca—

350 5132 474 5214 pite
505 5151 624 5195 non
657 5133 922 5211 invento,
948 5144 1261 5216 cmperunt
1283 5136 1428 5199 ﬂere
1457 5146 1516 5199 et
1546 5134 1733 5205 Deum
1760 5153 1992 5217 rogare,

343 5230 409 5284 ut
433 5223 520 5284 eis
540 5223 804 5304 aperiret
825 5231 1093 5286 sanctum
1121 5234 1299 5307 caput
1328 5225 1624 5308 martyris.
1658 5225 1767 5289 Dei
1796 5237 1993 5290 autem

345 5312 718 5392 providentia
740 5321 902 5375 stans
937 5313 1141 5376 cornix
1170 5333 1356 5396 super
1382 5332 1614 5380 ramum
1645 5316 1896 5394 arboris,
1934 5319 1996 5380 in

345 5417 464 5483 qua
492 5409 618 5463 erat
647 5410 846 5485 caput,
891 5402 1075 5485 cmpit
1103 5403 1387 5469 clamare.
1443 5406 1591 5469 Cum
1622 5406 1998 5489 aspexissent

422 5591 457 5648 5
482 5586 639 5659 Psal.
678 5606 879 5673 cxvm,
918 5592 1013 5657 73.
1096 5595 1131 5647 4
1155 5592 1315 5680 Pssl,
1347 5608 1552 5678 cxvm,
1583 5602 1648 5669 4.

2081 4512 2143 4567 τὸ
2206 4510 2406 4591 Ἀμὴν,
2466 4514 2551 4568 καὶ
2622 4510 3105 4594 περιϐλεψάμενος,
3196 4510 3309 4570 εἶδέ
3380 4532 3445 4586 με
3504 4510 3734 4579 πλησίον

2082 4604 2240 4659 αὑτοῦ
2297 4599 2524 4676 ἑστῶτα,
2560 4603 2647 4659 κσὶ
2678 4601 2934 4683 καλέσας,
2969 4603 3097 4660 εἶπέ
3150 4624 3244 4679 μοι
3296 4602 3353 4658 ἓν
3407 4601 3680 4680 μυστηρίῳ
3711 4618 3728 4635 ⁶

2081 4688 2304 4771 Ἀδελφέ
2351 4683 2611 4773 Ὀρωστα,
2674 4694 3099 4773 προσαγόρευσον
3152 4694 3245 4749 τὸν
3299 4698 3390 4751 τὸν
3419 4692 3599 4771 κύριον
3630 4695 3735 4751 Εὖ-

2080 4782 2350 4862 στράτιον,
2406 4785 2495 4839 καὶ
2553 4784 2680 4842 εἶπε
2739 4786 2885 4859 αὒτῷ
2938 4784 3031 4841 ἵνα
3106 4782 3320 4852 εὔξηται
3390 4782 3524 4862 ὑπὲρ
3602 4780 3733 4859 ἰμοῦ

2080 4872 2166 4928 καὶ
2221 4870 2435 4952 ταχέως
2496 4894 2563 4951 με
2622 4872 2794 4954 φθάσῃ
2827 4889 2845 4907 ⁸
2905 4871 3199 4955 ἆκδέχομαι
3262 4874 3363 4953 γὰρ
3413 4872 3598 4933 αὐτὸν.
3636 4874 3731 4930 Καὶ

2080 4959 2247 5024 οὕτως
2328 4962 2752 5043 ἀπεκεφαλίσθη,
2839 4965 3054 5021 πάντων
3135 4966 3245 5021 τῶν
3330 4960 3730 5039 ὅπονοουμᾶνων

2080 5058 2409 5132 Χριστιανῶν
2460 5052 2882 5134 ἑκδιωχθέντων,
2966 5056 3057 5112 καί
3118 5051 3349 5133 μηδενὸς
3406 5053 3588 5110 ἱκανοῦ
3630 5050 3723 5106 ὄν·-

2076 5162 2168 5207 τος
2224 5141 2495 5219 τολμῆσαι
2549 5144 2900 5223 προσεγγίσαι
2954 5150 3031 5218 τῷ
3079 5145 3252 5217 τόπῳ.
3323 5144 3471 5224 Παρὰ
3512 5139 3567 5197 δὶ
3621 5145 3726 5197 τῶν

2078 5231 2133 5287 ιν
2192 5230 2538 5311 Ἀραυράκοις
2594 5231 2961 5313 πρεσϐυτέρων
3024 5235 3086 5291 τὸ
3170 5234 3324 5313 ἅγιον
3384 5234 3541 5293 αὐτοῦ
3612 5229 3727 5287 λεί-

2077 5326 2245 5396 ψανον
2288 5321 2344 5378 ἂν
2398 5323 2543 5379 νυκτὶ
2574 5322 2807 5399 mam,
2866 5322 2920 5390 ἐξ
2978 5323 3039 5382 οὗ
3083 5326 3173 5382 καὶ
3227 5330 3328 5392 τῆς
3370 5321 3611 5403 κεφαλῆς
3654 5322 3733 5399 μῆ

2078 5412 2397 5493 εὑρεθείσης,
2470 5410 2694 5496 ἤρξαντο
2772 5412 2968 5481 πάντες
3039 5413 3273 5480 κλαίειν.
3351 5415 3449 5472 Καὶ
3507 5411 3575 5484 δὴ
3631 5433 3734 5473 κο-
