4006 6146
216 270 344 338 489

1095 279 1566 347 MARTYRIUM
1610 282 1672 346 S.
1717 278 2134 347 EUSTRATII
2175 274 2289 343 ΕΤ
2320 275 2724 342 SOCIORUM.

3496 276 3618 346 ιω

218 413 366 488 ρὼνη
409 414 487 500 εἰς
515 409 737 489 δένδρον
791 415 1073 495 ἐπιστᾶσα,
1140 416 1358 500 ἔκρωζε,
1411 419 1507 477 καῖ
1565 418 1912 482 ἀπελθόντεςι

1984 432 2108 479 rero
2137 413 2213 477 ad
2246 430 2481 475 ramum
2511 410 2747 473 arboris
2778 409 3230 500 presbyteri,'in
3262 429 3380 493 qua
3410 414 3618 479 cornix

220 505 273 557 οἱ
325 499 676 582 πρεσϐύτεροι
742 503 888 583 εὗρον
948 508 1022 570 εἱς
1105 507 1203 575 τὴν
1278 506 1443 579 ζεῦξιν
1509 513 1616 566 τῶν
1671 508 1882 566 κλωνα-

222 595 352 672 ρίων
410 592 506 648 τοῦ
549 591 762 672 δένδρου
807 593 940 652 ὅπου
988 598 1202 669 ἑστήκει
1239 598 1532 673 ἦκορώνη,
1588 599 1706 656 ἐκεῖ
1764 620 1882 656 κει-

223 682 395 757 μένην
448 682 551 749 τὴν
595 684 831 764 κεφαλὴν
890 687 978 741 καὶ
1039 685 1366 767 ἐσφιγμένην
1425 688 1585 762 πάνυ,
1645 688 1733 745 καὶ
1790 685 1882 742 οὔ-

225 792 332 834 τως
403 769 627 850 ἄραντες
723 775 809 830 καὶ
899 774 1360 858 περιπτυξάμενοι,
1444 779 1739 852 μετέθηκαν
1819 778 1881 833 τὸ

229 860 479 936 λείψανον
539 863 719 942 αὑτοῦ,
785 870 880 919 τοῦ
924 864 1110 942 Κυρίου
1168 864 1648 930 κατευοδώσαντος.
1708 873 1882 925 Ταῦτα

235 950 456 1012 ἀκούσας
503 951 532 1006 δ
597 950 750 1029 ἅγιος
812 952 1153 1030 Εὖστράτιος,
1214 954 1458 1032 ἕκλαυσε,
1529 958 1619 1015 καὶ
1678 956 1880 1013 ἐπεκα-

245 1038 429 1096 λέσατο
467 1040 561 1095 τὸν
626 1042 756 1098 Θεὸν
798 1041 1077 1099 τελειῶσαι
1141 1046 1228 1101 καὶ
1283 1046 1374 1102 τὸν
1434 1045 1591 1104 αὐτοῦ
1664 1043 1879 1125 δρόμον,

250 1127 337 1189 καὶ
392 1129 511 1185 εἶπε
541 1131 621 1204 τῷ
665 1131 894 1208 Ὀρέστῃ
928 1151 942 1165 ⁸
990 1131 1257 1215 ”Αγόμεν,
1318 1132 1534 1215 ἀδελφὲ,
1568 1135 1884 1211 σπεύσωμεν

246 1219 327 1274 καί
353 1219 546 1299 ἡμεῖς,
578 1219 725 1285 ὅπως
756 1222 1040 1301 φθάσωμεν
1071 1224 1250 1287 αὐτόν,

320 1308 450 1370 KA'.
500 1311 647 1366 Μετὰ
690 1318 815 1388 γοῦν
860 1313 1063 1391 ἡμέρας
1114 1313 1270 1371 πέντε
1326 1315 1576 1396 ἤχθησαν
1633 1319 1681 1373 οἱ
1741 1315 1883 1394 ἅγιοι

239 1398 311 1460 εὶς
366 1397 468 1465 τὴν
542 1397 862 1457 Σεϐάστειαν
895 1447 913 1477 ,
994 1401 1082 1458 καὶ
1160 1402 1523 1483 παρεδόθησαν
1591 1407 1691 1463 ὑπὸ
1778 1410 1883 1460 τῶν

236 1493 576 1560 στρατιωτῶν
616 1488 694 1563 τῷ
750 1491 998 1569 ἡγεμόνι.
1062 1493 1161 1550 Καὶ
1203 1491 1481 1570 δεξάμενος
1538 1497 1566 1552 ὁ
1628 1496 1883 1574 Ἀγρικό-

233 1574 362 1640 λαος
421 1577 522 1645 τήν
583 1577 872 1647 ἐπιστολὴν
937 1589 1030 1640 τοῦ
1080 1581 1268 1638 Λυσίου
1297 1631 1313 1657 ,
1390 1582 1444 1641 ἐν
1508 1583 1886 1665 ἀσφαλεστάτη

229 1676 432 1745 φρουρᾲ
515 1665 784 1725 ἐκέλευσεν
866 1670 1054 1736 αὐτοὺς
1162 1671 1535 1749 φυλάττεσθαι.
1630 1677 1727 1734 Καὶ
1817 1683 1887 1753 τῇ

1964 504 2160 566 stabat
2178 503 2466 577 clamans,
2501 500 2707 562 vident
2734 499 2793 561 id
2822 500 3034 580 jacens
3065 516 3252 581 prope
3283 501 3613 580 cornicem,

1965 603 2025 655 et
2056 612 2190 655 cum
2216 593 2414 673 ipsum
2448 590 2777 652 honoriﬁce
2805 589 3222 666 sustulissent,
3245 591 3620 656 sustulerunt

1962 683 2147 745 etiam
2177 689 2412 744 sanctas
2441 681 2568 759 ejus
2602 679 2910 761 reliquias,
2944 686 3005 742 et
3054 697 3158 742 eas
3187 681 3623 745 transtulerunt

1965 775 2027 837 in
2060 776 2255 838 locum
2291 791 2504 854 purum
2533 780 2593 834 et
2640 771 2960 852 insignem.
3008 770 3148 835 Haec
3200 791 3336 835 cum
3371 782 3618 840 sanctus

1963 862 2292 926 audivisset
2323 861 2678 943 Eustratius,
2715 861 2901 943 ﬂevit,
2933 869 2994 923 et
3047 859 3239 925 Deum
3296 866 3615 950 invocavit,

1962 962 2025 1015 et
2052 952 2199 1015 dixit
2225 952 2454 1015 Orestae
2481 969 2496 1015 :
2523 950 2850 1031 Pergamus
2875 967 2988 1013 nos
3012 961 3350 1033 quoque,et
3372 954 3444 1018 ad
3474 973 3616 1020 eum

1966 1042 2171 1107 venire
2198 1042 2575 1105 festinemus.

2049 1309 2194 1373 XXI.
2227 1309 2505 1391 Quinque
2531 1315 2729 1371 autem
2753 1314 2887 1389 post
2907 1308 3343 1387 diebus,sancti
3369 1312 3616 1378 adducti

1967 1407 2106 1461 sunt
2136 1398 2472 1477 Sebasten;
2529 1407 2589 1459 et
2644 1396 2847 1459 traditi
2900 1405 3037 1460 sunt
3086 1400 3442 1465 amilitibus
3477 1423 3493 1468 :
3526 1411 3614 1480 et,

1968 1497 2212 1570 accepta
2234 1489 2420 1569 Lysiae
2460 1487 2737 1570 epistola,
2766 1486 3117 1566 Agricolaus
3138 1489 3319 1569 jussit
3349 1509 3455 1554 eos
3483 1510 3618 1555 ser-

1969 1580 2092 1640 vari
2114 1580 2176 1639 in
2200 1577 2500 1641 tutissima
2520 1575 2797 1639 custodia
2819 1594 2835 1639 :
2861 1583 2922 1640 et
2936 1576 3033 1639 die
3055 1577 3334 1659 sequenti
3357 1597 3490 1642 cum
3512 1599 3617 1661 pu-

1969 1667 2127 1730 blice
2156 1666 2411 1729 sedisset
2441 1665 2504 1726 in
2534 1665 2662 1728 foro
2695 1683 2801 1746 pro
2843 1663 3126 1728 tribunali
3152 1667 3212 1728 in
3236 1667 3473 1731 civitate
3504 1667 3621 1732 Se-

232 1754 361 1824 ὲξῆς
387 1757 620 1847 Αῆμέρᾳ,
695 1758 909 1825 καθίσας
956 1760 1042 1818 ἐπὶ
1092 1768 1184 1819 τοῦ
1240 1764 1482 1839 βήματος
1541 1762 1771 1842 δημοσίᾳ
1834 1766 1912 1845 ἒντ

1984 1764 2384 1833 bastenorum,
2414 1756 2600 1847 jussit
2627 1754 2981 1835 Agricolaus
3013 1754 3157 1847 duci
3183 1765 3442 1821 sanctos.
3474 1756 3624 1821 Uni-

229 1850 307 1921 τῇ
377 1845 569 1925 ἇγορᾳ,
656 1847 889 1926 ἀχθῆναι
943 1851 1065 1914 τοὺς
1145 1852 1322 1930 ἁγίους
1378 1851 1642 1929 ἐκέλευσε,
1706 1856 1885 1924 πάσης

231 1938 341 2001 τῆς
399 1935 613 2000 πόλεως
670 1938 1071 2016 παρισταμένης
1128 1943 1293 2016 αὐτῷ,
1356 1941 1414 2000 Ὀ
1476 1942 1660 2023 ἅρχων
1702 1946 1881 2003 εἶπεν

230 2026 299 2080 Αἱ
364 2028 693 2104 πεμφθεῖσαι
776 2025 1051 2085 ἐπιστολαὶ
1133 2031 1277 2109 παρὰ
1358 2039 1452 2089 τοῦ
1535 2031 1887 2110 περιϐλέπτου

229 2111 429 2204 δουκὸς
489 2114 679 2170 Λυσίου
712 2160 729 2191 ,
812 2119 902 2173 καὶ
981 2119 1016 2186 ἡ
1076 2119 1590 2199 παρακολουθήσασα
1662 2122 1884 2204 ἔγραφος

230 2200 477 2268 ἐξέτασις
563 2205 700 2261 κατὰ
783 2212 875 2262 τοῦ
943 2205 1171 2275 ἑστῶτος
1253 2213 1568 2290 Εὗστρατίου
1637 2200 1889 2292 πρότερον

230 2292 813 2370 ἆναγινωσκέσθωσαν.
906 2298 1004 2354 Καὶ
1095 2298 1230 2373 μετὰ
1321 2300 1382 2356 τδ
1461 2302 1885 2379 ἀναγνωσθῆναι,

231 2381 415 2438 ἔσεισε
510 2384 609 2450 τὴν
692 2383 929 2465 κεφαλὴν
1028 2390 1186 2446 αὒτοῦ
1272 2386 1621 2469 Ἀγρικόλατς
1651 2437 1672 2468 ,
1757 2395 1887 2449 θαυ-

235 2472 421 2547 μάσας
479 2473 581 2540 τὴν
657 2476 750 2531 τοῦ
804 2475 953 2554 ἃγίου
1031 2478 1349 2556 Εὒστρατίου
1404 2480 1589 2562 σοφίαν
1642 2480 1695 2537 ἐν
1766 2493 1889 2546 ταῖς

238 2561 591 2620 καταθέσεσιν
630 2582 645 2598 ⁸
710 2563 835 2621 εἶτα
889 2563 1200 2635 διελάλησεν
1259 2566 1397 2625 οὕτω
1430 2585 1444 2599 ⁸
1486 2561 1583 2638 Μὴ
1641 2569 1892 2646 ὑπολάμ-

238 2649 394 2727 ϐάνε,
456 2653 504 2707 ὦ
562 2651 867 2731 Εὖστράτιε,
941 2655 1318 2725 παραπλησίαν
1376 2664 1444 2736 τῇ
1496 2659 1662 2717 πάλαι
1728 2662 1893 2737 κρίσει

241 2739 455 2798 ἔσεσθαί
484 2762 569 2799 σοι
624 2742 725 2809 τὴν
782 2742 1002 2802 ἐνταῦθα
1058 2743 1229 2814 δίκην.
1286 2749 1413 2826 Πρὶν
1457 2748 1545 2806 οὖν
1587 2771 1646 2807 σε
1703 2771 1895 2830 πειρα-

242 2833 404 2897 θῆναι
459 2831 680 2904 ταύτης,
739 2833 1006 2890 ὑπόκυπτε
1061 2848 1182 2901 τοῖς
1237 2838 1555 2914 θεσπίσμασι
1599 2839 1705 2895 τῶν
1756 2861 1893 2917 κρα-

245 2919 505 2999 τούντων,
564 2921 653 2977 καὶ
724 2921 1027 3000 προσελθὼν
1085 2924 1384 3003 πρόσπεσον
1450 2940 1569 2992 τοῖς
1628 2929 1897 3007 μεγίστοις

254 3011 424 3071 θεοῖς,
480 3007 543 3067 Ὀ
587 3007 736 3088 ἅγιος
767 3012 1082 3088 Εὖστράτιος
1127 3015 1285 3072 εἶπεν
1319 3035 1336 3052 ⁸
1391 3011 1456 3071 τΩ
1501 3014 1742 3091 δικαστὰ,
1797 3017 1897 3097 ἅρ-

256 3118 450 3188 χουσιν
490 3099 534 3155 οἱ
593 3099 745 3188 νδμοι
778 3103 866 3188 καὶ
924 3107 1030 3157 τῶν
1059 3102 1352 3185 βασιλέων,
1400 3105 1436 3173 ἢ
1479 3105 1539 3162 οὔ
1568 3124 1590 3178 ;
1620 3105 1681 3164 Ὀ
1711 3106 1895 3188 ἅρχων

252 3187 381 3243 εἷπε
416 3202 431 3218 ⁸
496 3191 620 3249 Ναί.
666 3186 885 3259 Ἐπειδὴ
938 3193 1025 3247 καὶ
1057 3191 1401 3268 φυλάττονται
1431 3195 1557 3275 παρ’
1607 3186 1896 3259 aerugo

250 3274 407 3356 ἅγιος
440 3277 758 3357 Εὖστράτιος
789 3282 940 3336 εἶπεν
973 3297 989 3313 ⁸
1026 3285 1224 3341 Οὐκοῦν
1267 3284 1368 3363 πρό
1417 3274 1629 3342 πάντων
1661 3293 1777 3367 σοῦ,
1810 3288 1898 3344 καὶ

245 3373 358 3424 τῶν
412 3368 507 3424 σὺν
556 3370 638 3424 σοὶ
681 3369 917 3430 πάντων.
966 3370 1041 3428 ’Ἦ
1071 3371 1124 3429 ἐν
1166 3373 1443 3452 γράμμασι
1475 3375 1634 3451 μόνον
1665 3389 1900 3440 κεῖνται,

247 3457 333 3515 "0
392 3455 582 3538 ἄρχων
654 3458 809 3516 εἶπεν
845 3479 859 3493 ⁸
935 3462 1083 3527 Τίνος
1166 3465 1324 3544 χάριν
1398 3475 1615 3526 τοιαῦτα
1673 3466 1895 3546 φθέγγην

250 3548 441 3605 ἀνοσία
498 3546 755 3626 κεφαλῆς
816 3551 903 3615 Τίς
961 3549 1169 3610 ἐναντία
1249 3557 1354 3609 τῶν
1424 3554 1602 3629 νόμων
1654 3556 1904 3635 πράττειν

253 3637 385 3696 ποτὲ
428 3636 818 3716 τετόλμηκενς
876 3639 939 3697 Ὀ
1002 3640 1151 3719 ἅγιος
1202 3644 1516 3724 Εὖστράτιος
1573 3633 1729 3703 εἶπεν
1764 3660 1779 3675 ⁸
1840 3633 1902 3699 Ὠ

252 3727 505 3799 δικαστὰ,
566 3726 750 3797 ἐπειδὴ
820 3729 1131 3811 περιέχεται
1191 3738 1268 3807 τῷ
1311 3733 1459 3809 νόμῳ
1514 3737 1607 3792 τοῦ
1649 3733 1904 3791 σεδαστοῦ

254 3819 524 3897 Καίσαρος
554 3816 692 3875 οὕτω
721 3838 737 3855 ⁸
775 3819 870 3875 Βία
899 3820 1020 3895 μὲν,
1055 3824 1234 3901 φησὶν,
1270 3821 1486 3880 ἀπέστω
1516 3825 1711 3887 παντὸς
1744 3822 1904 3903 λόγου

254 3909 345 3966 καὶ
387 3908 549 3987 ἔργου
588 3928 602 3942 ⁸
648 3912 829 3966 πειθοῖ
852 3907 906 3965 δὲ
935 3913 1244 3991 πανταχόσε
1275 3912 1661 3973 πολιτεύεσθω.
1692 3912 1797 3972 Καὶ
1824 3912 1908 3971 δεῖ

253 3999 348 4055 τὸν
392 3997 699 4077 ἀρχόμενον
746 3996 890 4056 δυεῖν
933 4000 1170 4081 θάτερον,
1218 4000 1254 4071 ἢ
1297 4003 1551 4062 πείσαντα
1593 4015 1780 4083 τυχεῖν
1832 4002 1907 4059 ὧν

258 4086 611 4162 ἱσπούδακεν,
664 4087 700 4157 ἢ
742 4088 1045 4165 πεισθέντα,
1105 4092 1195 4148 σὺν
1239 4092 1448 4166 ἑκουσίᾳ
1507 4097 1574 4169 τῇ
1624 4092 1815 4171 γνώμη
1844 4093 1905 4149 τὸ

256 4176 723 4255 προσταττόμενον
779 4177 1049 4251 πράττειν.
1126 4181 1222 4238 Καὶ
1288 4179 1448 4237 πάλιν
1505 4179 1668 4259 ὀλίγῳ
1720 4182 1907 4259 μικρὸν

261 4266 401 4343 μετᾶ
457 4266 549 4320 τὸν
610 4266 767 4322 αὖτὸν
812 4268 997 4347 στίχον
1063 4268 1296 4349 ἐπιφέρει
1330 4286 1344 4301 ⁶
1408 4271 1508 4329 Τὸν
1557 4268 1611 4327 δὲ
1671 4269 1910 4351 ἄρχοντα

260 4355 579 4428 θεσπίζομεν
662 4352 826 4435 φόϐον
911 4355 1174 4434 πραότητι
1229 4357 1448 4435 μίξαντα
1502 4357 1754 4431 δικάζειν,
1816 4361 1912 4423 Ὠς

1969 1865 2144 1909 versa
2161 1855 2357 1909 autem
2410 1845 2644 1908 civitate
2674 1853 3036 1925 congregata
3066 1844 3139 1908 ad
3171 1864 3274 1910 eos
3301 1847 3619 1931 videndos,

1971 1936 2121 1998 dixit
2140 1935 2526 2016 Agricolaus:
2564 1933 2827 2017 Epistola
2857 1935 3042 1997 missa
3073 1936 3148 1998 ab
3178 1936 3396 2001 illustri
3424 1939 3617 2021 Lysia,

1969 2035 2030 2089 et
2052 2044 2184 2108 quae
2202 2034 2293 2087 est
2312 2032 2634 2089 consecuta
2665 2025 2908 2106 scriptis
2931 2025 3211 2089 mandata
3237 2026 3619 2106 examinatio,

1970 2117 2134 2197 prius
2166 2115 2573 2195 legatur.Quae
2605 2125 2919 2197 postquam
2950 2115 3061 2177 fuit
3090 2116 3360 2200 lecta,sic
3388 2117 3623 2182 loeutus

1972 2212 2061 2268 est
2077 2205 2427 2283 Agricolaus
2450 2226 2462 2264 :
2488 2204 2576 2267 Ne
2600 2205 2931 2279 existimes,
2962 2224 2996 2266 o
3025 2204 3309 2283 Eustrati,
3344 2206 3627 2270 similiter

1971 2311 2281 2357 cessurum
2314 2295 2411 2357 hic
2435 2293 2539 2355 tibi
2556 2311 2691 2356 esse
2712 2291 3458 2376 supplicium.Priusquam
3484 2314 3626 2377 ergo

1971 2384 2155 2448 facias
2185 2382 2836 2465 periculum,submitte
2861 2390 2920 2444 te
2941 2382 3156 2445 edictis
3171 2384 3625 2468 imperatorum,

1977 2485 2038 2536 et
2065 2472 2661 2547 accedens,sacriﬁca
2681 2470 3001 2535 Diis.Dixit
3022 2490 3166 2535 vero
3194 2481 3438 2536 sanctus
3470 2476 3626 2538 Eus-

1976 2563 2186 2625 tratius
2219 2581 2233 2623 :
2263 2564 2309 2627 Ο
2331 2562 2922 2642 judex,imperantne
2953 2560 3116 2643 leges
3147 2562 3325 2625 etiam
3355 2569 3622 2646 tmpera-

1977 2652 2234 2734 toribus,
2267 2669 2343 2715 an
2374 2670 2495 2714 non
2517 2657 2545 2714 ?
2574 2650 2737 2713 Dixit
2766 2668 2988 2732 praeses
3013 2668 3028 2714 :
3054 2649 3328 2714 Maxime.
3360 2650 3509 2715 Nam
3542 2671 3630 2717 em

1978 2741 2051 2804 ab
2084 2740 2204 2803 illis
2236 2749 2577 2805 servantur.
2612 2742 2864 2803 Sanctus
2897 2740 3044 2803 dixit
3074 2740 3407 2805 Eustratius
3442 2762 3457 2806 :
3491 2740 3630 2806 Tibi

1980 2848 2126 2912 ergo
2159 2838 2298 2893 ante
2323 2848 2555 2911 omnes,
2589 2839 2648 2893 et
2668 2849 2772 2892 eos
2798 2830 2998 2906 etiam,
3024 2831 3124 2911 qui
3149 2837 3344 2893 tecum
3378 2838 3542 2913 sunt,
3566 2831 3631 2894 in

1982 2920 2221 3001 scriptis
2250 2919 2395 2983 solis
2422 2920 2552 2982 sita;
2599 2926 2736 2981 sunt
2764 2920 2955 3000 leges.
2982 2918 3142 2981 Dixit
3170 2937 3391 3000 praeses
3426 2937 3440 2982 :
3473 2918 3629 2983 Cur-

1981 3027 2119 3072 nam
2152 3009 2265 3072 hoc
2294 3009 2473 3083 dicis,
2500 3028 2534 3071 0
2554 3017 2732 3090 caput
2753 3008 3001 3090 impium
3024 3012 3052 3070 ?
3070 3008 3214 3082 Quis
3234 3027 3495 3092 unquam
3516 3027 3627 3074 au-

1987 3117 2087 3161 sus
2115 3107 2207 3163 est
2235 3099 2436 3162 facere
2464 3105 2671 3161 contra
2701 3097 2905 3177 leges?
2925 3098 3085 3162 Dixit
3105 3106 3348 3162 sanctus
3378 3097 3631 3163 Eustra-

1984 3189 2102 3252 tius
2136 3208 2149 3252 :
2185 3188 2473 3261 Quoniam
2494 3189 2579 3250 sic
2621 3189 2965 3250 continetur
2985 3193 3048 3249 in
3068 3186 3299 3267 legibus
3318 3186 3579 3252 Cesaris
3613 3211 3627 3250 :

1981 3277 2088 3342 Vis
2134 3279 2373 3360 quidem
2405 3278 2560 3340 absit
2590 3278 2649 3340 in
2679 3277 2843 3340 omni
2872 3294 3153 3341 sermone
3181 3284 3240 3340 et
3281 3277 3458 3362 facto,
3493 3296 3632 3360 per-

1983 3369 2261 3432 suasione
2289 3376 2483 3430 autem
2506 3368 2699 3448 potius
2716 3367 3163 3429 administretur
3181 3368 3549 3449 respublica,
3576 3379 3636 3433 et

1984 3459 2234 3521 alterum
2266 3457 2522 3519 duorum
2548 3463 2800 3537 oportet,
2840 3464 2904 3517 ut
2931 3465 3034 3518 aut
3054 3455 3156 3537 qui
3185 3456 3466 3539 imperat,
3503 3477 3638 3539 per-

1985 3548 2231 3610 suadeat
2252 3547 2310 3607 ei
2329 3547 2436 3628 qui
2453 3553 2619 3627 paret
2635 3546 2765 3626 ejus
2787 3544 3064 3626 imperio,
3092 3553 3158 3607 ut
3179 3554 3536 3627 assequatur
3566 3566 3639 3610 ea

1987 3656 2118 3719 quas
2150 3636 2313 3719 cupit
2343 3657 2356 3699 :
2393 3645 2490 3698 aut
2519 3636 2622 3717 qui
2650 3643 2843 3717 paret,
2890 3653 3231 3716 persuasus,
3265 3655 3374 3698 sua
3419 3645 3637 3718 sponte

1985 3727 2160 3790 faciat
2191 3726 2348 3808 quod
2389 3726 2661 3807 jubetur.
2696 3727 2773 3788 Et
2825 3742 3034 3787 rursus
3066 3726 3180 3787 hoc
3207 3726 3476 3788 continet
3505 3733 3640 3807 post

1989 3817 2267 3879 eumdem
2285 3833 2559 3878 versum:
2585 3812 2911 3877 Statuimus
2951 3822 3174 3896 autem,
3201 3824 3267 3878 ut
3294 3832 3515 3895 praeses
3532 3816 3637 3896 ju-

1988 3906 2169 3988 dicet,
2208 3906 2466 3967 miscens
2497 3912 2720 3967 metum
2753 3904 3005 3981 lenitati,
3056 3921 3255 3986 neque
3282 3904 3464 3968 alicui
3493 3922 3639 3987 pro-

1989 4004 2121 4079 pter
2153 4004 2373 4058 metum
2407 3995 2527 4056 sint
2558 3994 3086 4075 infensi,utneque
3110 4004 3365 4076 peccent
3396 4000 3644 4077 propter

1990 4087 2315 4149 lenitatem.
2350 4084 2509 4161 Haec,
2541 4102 2574 4145 ο
2600 4084 2808 4165 judex,
2842 4083 2922 4146 ita
2953 4084 3172 4167 scripta
3199 4091 3443 4161 sunt,an
3478 4090 3643 4149 non?

1991 4176 2151 4240 Dixit
2177 4193 2397 4258 praeses
2431 4192 2444 4235 :
2480 4172 2746 4238 Sunt.Te
2776 4191 2918 4253 ergo
2942 4175 3277 4254 rogo,idem
3302 4175 3449 4237 ordo
3467 4174 3645 4237 inme

1993 4283 2232 4350 quoque
2261 4262 2723 4329 servetur.Dixit
2745 4281 2967 4345 praeses
2994 4284 3008 4327 :
3033 4262 3104 4325 Et
3126 4263 3189 4325 in
3217 4271 3295 4340 te,
3334 4272 3393 4325 et
3422 4264 3483 4325 in
3507 4282 3644 4326 om-

1996 4375 2127 4432 nes,
2161 4356 2326 4433 leges
2357 4374 2491 4417 cum
2516 4373 2736 4432 ea,qua
2759 4373 2865 4435 par
2895 4361 3006 4430 est,
3033 4353 3371 4416 reverentia
3396 4371 3648 4417 necesse

273 4443 417 4519 μήτε
445 4444 580 4509 τινὰς
611 4441 698 4500 διὰ
747 4445 840 4501 τὸν
890 4444 1053 4525 φόϐον
1101 4445 1370 4525 δυσμενῶς
1430 4448 1602 4528 ἔχειν,
1636 4448 1773 4524 μήτε
1830 4447 1912 4505 διὰ

1999 4454 2090 4511 est
2118 4446 2442 4508 custodire.
2479 4444 2736 4508 Sanctus
2766 4444 2913 4507 dixit
2941 4442 3277 4507 Eustratius
3312 4464 3325 4504 :
3359 4442 3450 4507 Sit
3479 4461 3644 4525 ergo,

272 4533 371 4601 τὴν
425 4534 702 4610 πραότητα
743 4532 1112 4612 πλημμελεῖν.
1160 4543 1356 4613 Ταῦτα,
1417 4525 1499 4592 ὦ.-
1524 4535 1766 4617 δικαστὰ,
1815 4540 1912 4618 γέ-

1996 4558 2165 4620 rogo,
2199 4547 2335 4601 tuus
2364 4547 2581 4615 metus,
2616 4536 2860 4600 lenitate
2907 4545 3417 4618 contemperatus,
3452 4545 3515 4599 ut
3543 4536 3651 4616 qui

273 4644 501 4702 γραπται
560 4621 751 4700 οὕτως,
796 4624 832 4692 ἦ
892 4623 1000 4702 οὔ;
1058 4626 1117 4684 ’0
1169 4625 1353 4707 ἄρχων
1428 4627 1554 4684 εἶπε
1586 4647 1604 4665 ⁸
1665 4629 1787 4688 Ναί.
1852 4627 1912 4687 Ὀ

273 4711 420 4791 ἅγιος
460 4712 780 4793 Εὖστράτιος
843 4714 1000 4772 εἶπεν
1034 4734 1049 4750 ⁸
1108 4717 1305 4774 Οὐκοῦν
1361 4714 1545 4793 δέομαί
1602 4738 1718 4792 σου,
1781 4718 1915 4786 αὕτη

268 4804 306 4871 ἡ
360 4801 513 4868 τάξις
542 4802 641 4859 καῖ
667 4801 752 4860 ἐπ’
796 4803 913 4881 ἐμοὶ
957 4802 1321 4886 φυλαττέσθω.
1369 4805 1430 4864 Ὀ
1488 4805 1672 4886 ἄρχων
1732 4807 1910 4864 εἶπεν

271 4892 384 4950 Καῖ
426 4891 512 4947 ἐπὶ
556 4894 661 4969 σοὶ,
705 4894 792 4950 καὶ
833 4894 922 4951 επὶ
953 4896 1110 4952 παντὶ
1147 4895 1212 4953 τὰ
1257 4901 1363 4953 τῶν
1414 4894 1593 4970 νόμων
1638 4896 1771 4971 μετὰ
1826 4898 1920 4953 τοῦ

268 4983 574 5061 προσφόρου
667 4980 1002 5059 σεϐάσματος
1128 4984 1475 5065 φυλάττεσθαι
1592 4984 1891 5066 ἐπάναγκες
1903 5032 1915 5047 .

268 5071 335 5127 ’0
398 5069 546 5149 ἅγιος
618 5071 933 5151 Εὖστρατιος
1008 5078 1160 5131 εἶπεν
1196 5092 1213 5111 ⁸
1277 5074 1473 5133 Οὔκοῦν
1557 5071 1743 5151 δέομαί
1799 5096 1914 5156 σου,

265 5159 539 5239 πραότητι
589 5164 891 5240 συγκραθεὶς
950 5164 978 5220 ὁ
1035 5160 1193 5244 φόϐος
1247 5184 1366 5242 σου,
1426 5163 1502 5229 ὡς
1562 5162 1776 5220 πάντων
1818 5163 1918 5241 ἒμ-

2001 4647 2136 4692 cum
2170 4626 2251 4690 sis
2299 4628 2567 4690 omnium
2623 4627 3201 4708 experientissimus,
3249 4627 3396 4690 velis
3454 4627 3651 4710 potius

2001 4716 2561 4801 persuaderi,quam
2599 4715 3270 4797 persuaderejudicans
3291 4717 3533 4798 singula
3558 4734 3654 4780 ra-

2000 4804 2303 4872 tione.Sin
2336 4815 2531 4869 autem
2560 4805 2674 4868 hoc
2691 4824 2813 4868 non
2835 4804 3001 4886 licet,
3023 4804 3253 4886 absque
3273 4807 3399 4869 ulla
3417 4806 3655 4869 ratione

2004 4905 2064 4958 et
2094 4895 2656 4975 constitutionibus,
2685 4899 2855 4975 puni,
2890 4894 3121 4975 occide,
3157 4894 3250 4957 fac
3293 4895 3453 4975 quod
3478 4893 3649 4957 velis.

2000 4984 2227 5047 Praeses
2255 4984 2401 5046 dixit
2434 5007 2447 5043 :
2481 4981 2649 5057 Quod
2679 4982 2848 5059 velis,
2904 4982 3004 5044 dic
3033 4985 3319 5045 audacter
3346 4993 3408 5046 et
3437 4982 3650 5058 libere,

2002 5092 2136 5137 cum
2168 5074 2418 5153 gaudeat
2438 5072 2734 5152 judicium
2757 5071 2873 5133 hoc
2920 5071 3114 5152 potius
3140 5072 3379 5135 efﬁcere
3401 5087 3655 5153 persua-

2004 5180 2196 5225 $10116.

267 5249 592 5329 πειρότατος
656 5253 932 5318 πεισθῆναι
991 5253 1245 5332 πρότερον
1306 5252 1337 5321 ἢ
1395 5264 1576 5310 σεῖσαι
1642 5251 1922 5320 θελησάτω
1951 5301 1969 5330 ,
2030 5254 2275 5331 λογισμῶ
2343 5250 2540 5308 ἕκαστα
2612 5251 2833 5331 κρίνων.⁶
2889 5253 2944 5308 Εἰ
2997 5248 3053 5308 δὲ
3123 5257 3278 5310 τοῦτο
3338 5255 3434 5311 οὒκ
3488 5251 3656 5334 ἔστιν,

266 5338 434 5402 ἐκτὸς
491 5337 650 5417 λόγον
721 5340 820 5398 καὶ
876 5341 1164 5408 ἐξετάσεων
1234 5342 1454 5421 τιμώρει
1518 5342 1705 5423 σφάζε,
1776 5342 1915 5400 ποίει
1963 5343 1995 5399 ’ὁ
2054 5342 2247 5406 θέλεις.
2310 5343 2370 5399 Ὀ
2424 5340 2607 5421 ἄρχων
2679 5340 2855 5398 εἶπεν*
2922 5339 3001 5399 ”Ο
3072 5340 3251 5418 βούλει
3333 5340 3457 5420 λέγε
3523 5343 3660 5420 μετὰ

268 5429 601 5510 παρρησίας,
632 5431 915 5510 χαίροντος
938 5434 1028 5489 καὶ
1053 5437 1147 5490 τοῦ
1180 5431 1516 5510 δικαστηρίου
1542 5434 1723 5490 πειθοῖ
1751 5430 1955 5508 μᾶλλον
1986 5430 2376 5492 πολιτεύεσθαι.

363 5506 494 5578 113⁸.
554 5506 797 5596 Ὀνάγιος
855 5520 1174 5601 Εὗστράτιος
1205 5522 1331 5580 εἶπε
1366 5538 1381 5555 ⁸
1408 5506 1538 5581 ⁷Τίνι
1573 5543 1641 5598 με
1667 5506 1930 5599 κελεύεις,

2093 5517 2289 5586 XXII.
2316 5517 2570 5583 Sanctus
2592 5519 2739 5583 dixit
2762 5518 3095 5584 Eustratius
3124 5537 3138 5584 :
3159 5517 3529 5593 Quibusnam
3547 5519 3664 5585 diis

271 5609 323 5668 ὦ
377 5606 627 5690 δικαστὰ,
692 5616 1081 5695 προσκυνῆσαι,
1138 5618 1280 5695 Θεῷ,
1333 5612 1370 5684 ἢ
1412 5615 1558 5678 θεοῖς
1591 5631 1608 5691 ;
1641 5611 1702 5671 Ὀ
1747 5611 1912 5695 ἅρχωε

2007 5610 2187 5694 jubes
2219 5628 2316 5675 me
2371 5609 2734 5690 sacriﬁcare,
2789 5609 3116 5692 majoribus
3176 5628 3254 5675 an
3285 5611 3666 5677 minoribus?

519 5718 782 5787 Paruon.
822 5720 938 5791 Gs.
982 5722 1193 5790 CXVI.

2992 5719 3065 5786 16
