4028 6138
1765 250 2045 316 MENSIS
2088 247 2515 314 DECEMBER.
3686 253 3784 317 492

465 385 629 448 Dixit
660 398 878 464 praeses
911 399 926 445 :
957 381 1088 446 Jovi
1116 382 1399 464 primum,
1437 388 1496 443 et
1538 389 1678 446 tunc
1706 383 2000 463 Apollini,
2058 400 2081 443 ε

2167 381 2321 439 ,εἶπε
2359 400 2372 414 ⁶
2425 387 2522 441 Καὶ
2577 391 2712 459 Θεῷ,
2774 386 2860 440 καὶ
2927 386 3093 447 θεοῖς.
3176 381 3234 440 Ὀ
3309 381 3451 460 ἅγιος
3511 386 3786 464 Εὖστράτιος

469 472 767 552 Neptuno.
823 473 1076 536 Sanctus
1132 471 1280 534 dixit
1332 471 1661 534 Eustratius
1695 491 1707 532 :
1741 472 2081 544 Quibusnan

2192 477 2344 530 εἶπεν
2381 523 2393 536 ,
2458 476 2665 545 Μείζονι
2737 476 2823 530 καὶ
2889 471 3211 546 ἐλάττοσιν;
3287 471 3345 529 Ὀ
3404 470 3574 552 ἅρχων
3632 477 3782 531 εἶπε·

467 579 686 641 parens
697 560 2081 643 sapientibus,autinterpretibus,autprophetis

2191 564 2311 624 Ναί,
2373 571 2459 638 Τῷ
2544 565 2627 619 Διὶ
2702 563 2976 641 πρότερον,
3036 570 3123 618 καί
3180 561 3300 616 τότε
3357 567 3431 634 τῷ
3501 560 3787 638 Ἀπόλλωνι,

464 650 781 714 invenistis
831 669 936 712 eos
987 668 1120 712 esse
1178 648 1564 713 adorandos?
1619 650 1778 713 Dixit
1836 670 2054 732 praeses

2190 654 2276 708 καὶ
2337 652 2645 709 Ποσειδῶνι.
2719 653 2780 710 Ὀ
2849 651 2998 729 ἅγιος
3080 650 3390 727 Εὖστράτιος
3447 651 3634 707 εἶπεν·
3688 655 3789 711 Τίσι

463 741 718 815 Platoni,
754 738 1079 820 Aristoteli,
1114 738 1408 816 Hermeti,
1441 749 1501 801 et
1528 739 1660 802 aliis
1712 740 2078 821 sapientibus

2190 754 2374 820 σοφοῖς
2459 743 2494 810 ἢ
2579 742 2872 819 ἐξηγηταῖς
2945 739 3292 818 πειθόμενοι,
3373 739 3574 804 τούτους
3640 739 3790 818 εὕρετε

463 848 613 910 quos
643 829 694 891 si
718 838 778 890 tu
810 846 974 891 esses
1001 835 1306 909 expertus,
1360 846 1563 892 eorum
1605 830 1838 892 coleres
1871 849 2081 892 memo~

2192 835 2639 907 προσκυνεῖσθαι;
2702 831 2760 889 Ὀ
2847 829 3030 910 ἅρχων
3108 828 3231 884 εἶπε
3268 848 3283 864 ο
3352 827 3605 902 Πλάτωνι,
3663 829 3791 906 Ἀρι·

461 921 638 999 riam,
673 938 706 980 ο
736 916 1019 994 Eustrati,
1054 935 1190 978 cum
1219 916 1339 979 sint
1395 917 1579 980 divini
1611 920 1722 981 viri
1754 928 1812 983 et
1839 919 2081 981 admira-

2188 919 2443 995 στοτέλει,
2502 921 2696 998 Ἐρμῇ,
2743 921 2829 975 καὶ
2869 933 2983 982 τοῖς
3030 917 3248 980 λοιποῖς
3294 930 3499 996 σοφοῖς,
3531 919 3600 974 ὧν
3630 919 3670 973 εὶ
3696 919 3793 996 ἐγέο

461 1008 636 1070 biles.
699 1005 949 1068 Sanctus
1005 1005 1153 1067 dixit
1208 1005 1546 1069 Eustratius
1581 1006 1856 1070 :Nullius
1890 1010 2081 1070 horun

2188 1029 2275 1064 νου
2306 1008 2361 1064 ἐν
2405 1010 2580 1088 πείρᾳ,
2627 1006 2805 1072 ἕσεϐες
2848 1011 2908 1064 ἂν
2955 1007 3124 1064 αὕτῶν
3172 1007 3266 1068 τὰς
3326 1007 3558 1081 μνήμας,
3620 1010 3662 1062 ῶ
3702 1013 3793 1068 Εὖ-

463 251 571 319 491
649 266 653 271 ’

463 1097 612 1158 mihi
639 1103 777 1157 sunt
803 1096 1005 1173 ignota
1036 1095 1337 1176 mysteria,
1379 1097 1484 1159 sed
1536 1097 1608 1159 ab
1659 1105 1905 1162 ineunte
1935 1105 2081 1160 aetate

2188 1097 2419 1172 στράτιε,
2511 1098 2653 1163 ὅπως
2739 1099 3030 1169 θαυμαστοὶ
3128 1097 3214 1151 καὶ
3283 1098 3418 1151 θεῖοι
3499 1094 3795 1174 ὑπάρχουσιν

461 1203 669 1248 eorum
701 1184 880 1246 habui
923 1185 1376 1264 experientiam.
1409 1186 1520 1257 Qui
1570 1192 1745 1249 etiam
1781 1188 1841 1248 in
1876 1187 2081 1248 music:

2188 1185 2391 1266 ἄνδρες.
2453 1186 2515 1244 Ὀ
2561 1186 2709 1264 ἅγιος
2769 1185 3080 1265 Εὖστράτιος
3143 1184 3294 1240 εἶπεν
3332 1200 3344 1213 '
3425 1180 3633 1247 Οἶιδενὸς
3681 1187 3794 1240 τού-

2187 1298 2291 1332 των
2348 1276 2585 1350 ἀμύητος
2641 1277 2893 1354 ὑπάρχω,
2954 1274 3090 1329 ἀλλὰ
3143 1275 3354 1330 πάντων
3412 1273 3463 1328 ἐν
3517 1274 3660 1350 πείρᾳ
3709 1296 3794 1350 γε·

2186 1366 2413 1442 γένημαι
2465 1366 2523 1422 ἐκ
2593 1372 2777 1444 νεαρᾶς
2844 1364 3056 1431 ἡλικίας
3095 1381 3109 1396 ⁸
3167 1364 3488 1441 κατώρθωιια
3555 1363 3649 1440 γὰρ
3710 1373 3796 1429 τὴν

2189 1455 2452 1529 μουσικὴν
2509 1461 2683 1511 πᾶσαν
2745 1451 3025 1533 φιλαρέτου
3075 1452 3260 1531 τυχῶν
3349 1450 3566 1518 πατρός,
3626 1452 3714 1508 Καὶ
3759 1454 3796 1506 εί

2185 1541 2441 1622 κελεύεις,
2514 1544 2787 1623 ἀρξώμεθα
2873 1542 3131 1619 πρότερον
3204 1541 3310 1596 ἀπὸ
3379 1539 3669 1602 Πλάτωνος.
3744 1539 3796 1595 ’0

2186 1631 2367 1712 ἅρχων
2449 1633 2605 1689 εἶπεν
2639 1648 2652 1662 ο
2751 1631 3066 1707 Εὑρίσκομεν
3137 1628 3394 1686 Πλάτωνα
3467 1630 3516 1685 ἐν
3571 1635 3635 1704 τῇ
3679 1630 3795 1706 πρὸς

2185 1723 2404 1794 Τίμαιον
2463 1721 2648 1796 βίϐλῳ,
2696 1724 2767 1783 εἷς
2816 1723 2906 1776 τὸν
2968 1726 3180 1794 Πειραιᾶ
3247 1719 3584 1791 κατελθόντα,
3639 1738 3792 1793 προσ.

2185 1809 2462 1886 ευξόμενον
2522 1818 2588 1887 τῇ
2645 1815 2767 1885 θεῷ,
2821 1821 2983 1866 Δοκεῖ
3033 1832 3114 1865 σοι
3159 1811 3316 1888 σοφὸς
3375 1809 3516 1869 οὗτος
3561 1812 3711 1878 εἶναι,
3765 1806 3794 1872 ἢ

3248 1900 3390 1954 Πάν.)
3437 1897 3795 1976 καταγινώσκει

459 1274 712 1354 pulchre
733 1291 865 1335 sum
895 1280 1258 1353 versatus,ut
1285 1275 1380 1336 cui
1412 1275 1688 1354 obtigerit
1718 1287 1886 1356 pater
1912 1277 2101 1337 virtu-

459 1369 536 1426 tis
564 1362 904 1425 studiosus:
944 1369 1024 1437 et,
1058 1362 1109 1422 si
1149 1361 1350 1443 jubes,
1385 1363 1746 1444 incipiamus
1779 1365 2037 1445 primum
2071 1382 2103 1424 a

455 1454 733 1515 Platone.
767 1450 924 1514 Dixit
981 1468 1201 1532 prmses
1236 1469 1250 1511 :
1311 1451 1656 1516 Invenimus
1702 1455 2008 1517 Platonem
2041 1455 2102 1515 in

456 1541 634 1617 libro,
669 1539 773 1618 qui
803 1539 1150 1601 inscribitur
1180 1540 1863 1616 Timwusﬁescendisse
1894 1543 1954 1603 in
1990 1540 2100 1622 Py-

451 1648 662 1707 raeum,
700 1636 759 1692 et
805 1639 1105 1709 precatum
1155 1648 1287 1692 esse
1345 1631 1541 1694 deam.
1595 1631 1808 1693 Tibine
1871 1631 2104 1693 videtur

455 1720 557 1812 hic
586 1717 1008 1812 es_s_e_s_apiens_,
1040 1736 1118 1781 an
1168 1720 1335 1812 non?
1383 1720 1634 1812 sanctus
1678 1721 1824 1812 dixit
1853 1721 2098 1782 Eustra-
2125 1762 2160 1812 Β

456 1810 612 1872 tius:
637 1808 823 1871 Valde
852 1807 1216 1870 condemnat
1243 1809 1406 1871 Plato
1435 1809 1640 1873 Jovem
1693 1811 1869 1874 deum
1906 1819 2093 1873 tuum.

452 1897 612 1960 Audi
641 1904 839 1958 autem
885 1895 1065 1958 verba
1093 1896 1377 1960 Platonis.
1415 1897 1704 1970 Quoniam
1755 1917 1895 1960 vero
1928 1899 2097 1960 ince-

456 1985 594 2064 pisti
625 2003 658 2048 a
683 1984 926 2059 Timeo,
960 1996 1022 2047 et
1044 1985 1316 2048 civilibus
1365 1988 1498 2068 ejus
1527 1987 1923 2064 orationibus,
1959 1987 2098 2049 audi

451 2077 518 2136 in
547 2074 812 2137 secundo
863 2075 991 2153 ejus
1039 2073 1194 2137 libro
1251 2093 1341 2151 ea,
1395 2093 1527 2156 quae
1573 2076 1660 2137 sic
1689 2083 1827 2138 sunt
1859 2076 2090 2156 posita:

452 2164 615 2227 Deus
645 2163 925 2244 quoniam
958 2171 1048 2226 est
1093 2156 1306 2240 bonus,
1340 2166 1605 2227 omnium
1640 2165 1930 2228 bonorum
1964 2166 2096 2226 fue-

453 2253 532 2316 rit
561 2271 760 2330 causa,
795 2252 953 2316 sicut
981 2252 1239 2316 dicimus
1276 2272 1289 2314 :
1327 2255 1616 2317 malorum
1648 2263 1846 2317 autem
1878 2273 2098 2336 nequa-

455 2361 632 2424 quam
664 2341 945 2406 causa.Et
964 2341 1257 2404 honorum
1282 2343 1526 2420 quidem
1551 2344 1776 2406 nullum
1807 2344 1984 2406 alium
2010 2344 2090 2405 di

450 2451 658 2496 cemus
687 2450 820 2495 esse
849 2450 1112 2512 causam,
1152 2433 1270 2496 nisi
1306 2436 1492 2497 Deum
1522 2451 1534 2493 :
1570 2434 1861 2496 malorum
1894 2443 2091 2496 autem

448 2541 569 2585 non
598 2541 730 2586 esse
760 2541 1021 2586 causam.
1055 2522 1172 2584 Sed
1203 2521 1346 2602 quid
1379 2541 1533 2603 opus
1557 2531 1648 2585 est
1677 2523 1750 2584 ab
1781 2524 1893 2584 alio
1923 2542 2090 2604 quae-

449 2619 633 2676 rere?
655 2611 785 2674 Non
829 2620 920 2674 est
956 2629 1098 2689 ergo
1145 2611 1546 2673 admittendus
1578 2613 1874 2674 Homerus
1903 2620 1962 2674 et
1991 2613 2091 2674 alii

448 2703 770 2782 poetae,qui
799 2701 1008 2762 dicunt
1031 2699 1242 2762 Jovem
1294 2718 1428 2762 esse
1457 2708 1762 2762 auctorem
1797 2700 2088 2762 bonorum

449 2801 509 2852 et
538 2790 855 2851 malorum.
889 2788 1108 2851 Violati
1153 2807 1293 2868 ergo
1336 2789 1740 2870 jurisjnrandi
1772 2800 1828 2852 et
1859 2790 2089 2852 confusi

444 2879 689 2941 {cedetis
711 2897 744 2940 a
764 2877 1038 2941 Pandoro
1057 2877 1342 2940 adversus
1364 2879 1601 2942 Graecos
1623 2880 1932 2958 rationem,
1972 2899 2081 2942 non

2175 2883 2296 2944 Ζεὺς
2355 2882 2563 2960 ἀγαθῶν
2607 2903 2665 2936 τε
2723 2883 2807 2936 καὶ
2865 2883 3044 2936 κακῶν
3095 2879 3269 2943 αἴτιος
3317 2876 3696 2948 τέταγται,τὴν
3733 2894 3782 2928 τε

444 2967 546 3030 hic
575 2967 829 3050 Jupiter,
860 2977 926 3028 ut
957 2967 1102 3030 dicit
1132 2969 1331 3048 Poeta,
1366 2969 1701 3049 procuravit
1723 2987 1830 3050 per
1858 2969 2081 3031 Miner-

2171 2977 2277 3026 τῶν
2333 2969 2502 3049 ὅρκων
2575 2972 2659 3027 καὶ
2723 2976 2826 3026 τῶν
2907 2968 3144 3026 σπονδῶν
3205 2970 3473 3050 σύγχυσιν
3527 2969 3618 3034 τὴν
3669 2964 3787 3019 κατὰ

444 3075 597 3119 vam.
621 3059 756 3120 Non
785 3057 1162 3119 laudabimus
1196 3065 1392 3119 autem
1440 3058 1766 3135 optionem,
1802 3059 1874 3119 ad
1907 3077 2081 3139 quam

2170 3065 2276 3115 τῶν
2322 3061 2586 3141 Ἀχαιῶν,
2631 3061 2696 3128 ἣν
2741 3062 2767 3115 6
2812 3057 3086 3137 Πάνδωρος
3148 3059 3430 3138 συνέχεεν,
3483 3058 3568 3113 ἐάν
3611 3078 3684 3120 τις
3729 3057 3791 3130 φῇ

443 3147 574 3226 ipse
602 3145 769 3207 duxit
801 3165 904 3208 eos
936 3163 1085 3226 quos
1115 3153 1177 3206 tu
1207 3145 1356 3208 deos
1388 3122 1716 3210 existimas.
1754 3122 2081 3209 'Dixit.vero

2391 3122 2428 3140 Α..
2571 3122 2585 3141 ι
2654 3122 2665 3128 -
3000 3122 3009 3137 ι
3275 3122 3313 3138 η.
3419 3122 3429 3134 ,
3741 3122 3779 3130 ..

2169 3145 2236 3204 δι’
2283 3149 2514 3216 Ἀθηνᾶς
2572 3171 2628 3205 τε
2682 3150 2767 3205 καὶ
2830 3149 2952 3212 Διὸς
3012 3149 3286 3226 γεγονέναι
3333 3165 3347 3178 °
3401 3149 3492 3205 οὒκ
3532 3144 3790 3202 ἐπαινεσό-

441 3235 773 3315 jEschylus,
809 3234 996 3296 Deum
1040 3252 1278 3296 causam
1343 3235 1676 3314 producere
1708 3236 2080 3312 mortalibus,

2168 3239 2324 3319 μεθά,
2357 3237 2472 3295 οὗδέ
2521 3243 2651 3295 θεῶν
2710 3237 2815 3313 ἔριν
2871 3258 2927 3293 τε
2993 3241 3091 3293 καῖ
3138 3239 3350 3317 κρίσιν,
3412 3237 3492 3317 ἐφ’
3549 3235 3611 3302 ἣν
3656 3233 3791 3294 αὐτὸς

2213 1899 2238 1918 οι
2351 1900 2366 1923 1
2456 1900 2480 1920 ν
2677 1905 2690 1926 ν
2815 1901 2827 1919 l
3011 1903 3029 1920 ν

2181 1921 2240 1954 ου
2279 1921 2293 1974 ;
2371 1911 2410 1958 Ο
2450 1923 2598 1977 αγιος
2633 1911 2944 1979 Ευστρατιος
2980 1921 3130 1956 ειπεν
3170 1918 3183 1933 ·

2182 1987 2374 2045 Πλάτω
2446 1992 2566 2050 Διὸς
2625 1995 2716 2045 τοῦ
2792 1992 2911 2046 θεοῦ
2999 1996 3117 2067 σοῦ,
3175 1989 3258 2043 καὶ
3322 1987 3482 2042 ἄκουε
3553 1985 3691 2044 αὐτὰ
3741 1983 3797 2037 τὰ

2179 2078 2390 2154 ῥήματα
2453 2078 2753 2138 Πλάτωνος.
2810 2076 3026 2143 Ἐπειδὴ
3086 2077 3184 2152 γὰρ
3256 2077 3362 2132 ἀπὸ
3416 2083 3506 2132 τοῦ
3556 2077 3792 2150 Πειραιῶς

2181 2165 2321 2246 ἤρξω
2405 2170 2492 2223 καὶ
2568 2168 2674 2223 ἀπὸ
2743 2175 2848 2222 τῶν
2928 2166 3216 2224 πολιτικῶν
3278 2165 3437 2221 αότοῦ
3493 2163 3682 2240 λόγων,
3749 2162 3796 2217 ἐν

2181 2262 2256 2329 τῷ
2311 2253 2533 2334 δευτέρῳ
2583 2260 2737 2315 αὐτοῦ
2800 2254 2986 2331 βιϐλίῳ
3046 2267 3222 2311 κεῖται
3276 2252 3443 2318 οὕτως
3479 2270 3491 2283 ·
3556 2252 3610 2309 't)
3655 2253 3792 2323 Θεὸς,

2184 2343 2363 2413 ἐπειδὴ
2409 2346 2630 2423 ἀγαθὸς,
2677 2347 2734 2402 οὒ
2787 2346 2997 2402 πάντων
3041 2347 3101 2399 ἃν
3145 2343 3236 2409 εἴη
3270 2344 3468 2422 αἴτιος,
3503 2346 3573 2406 ῶς
3605 2344 3648 2396 οἱ
3676 2339 3796 2396 πολ-

2181 2433 2262 2490 λοὶ
2305 2434 2570 2512 λέγουσιν,
2628 2435 2747 2490 ἀλλ’
2809 2436 3001 2511 ὀλίγων
3062 2438 3156 2508 μὲν
3215 2446 3333 2498 τοῖς
3391 2433 3678 2504 ἀνθρώποις
3721 2426 3796 2484 αἵ-

2175 2545 2307 2603 τιος,
2363 2525 2450 2579 καὶ
2492 2530 2598 2580 τῶν
2646 2523 2742 2598 μὲν
2788 2524 2998 2600 ἀγαθῶν
3059 2522 3239 2581 οὒδένα
3297 2521 3475 2602 φαμὲν
3523 2520 3671 2577 ἄλλον
3712 2519 3794 2574 αἴ·

2175 2634 2286 2669 τιον
2330 2613 2471 2669 εἶναι
2530 2613 2564 2680 ἢ
2628 2615 2715 2670 τὸν
2765 2614 2895 2668 Θεόν
2931 2632 2944 2646 ·
3014 2614 3120 2668 τῶν
3176 2609 3228 2667 δὲ
3284 2619 3470 2668 κακῶν
3525 2609 3636 2665 ἀλλ’
3677 2609 3791 2664 ἅττα

2175 2701 2259 2759 δεῖ
2322 2703 2510 2773 ζητεῖν
2567 2703 2632 2758 τὰ
2683 2701 2855 2770 αἴτια,
2917 2700 3053 2758 ἀλλὰ
3111 2705 3169 2760 οὒ
3222 2704 3311 2757 τὸν
3379 2699 3656 2760 Θεόν.οὒκ
3701 2696 3789 2772 ἄρα

2175 2791 2491 2849 ἀποδεκτέον
2537 2792 2655 2849 οὕτε
2708 2791 2950 2870 ’Όμηρον
2995 2793 3111 2847 οὔτε
3169 2791 3339 2847 ἄλλον
3372 2791 3611 2867 ποιητὴν,
3640 2787 3782 2842 ὁπότε

448 3323 685 3403 quando
716 3323 836 3384 vult
863 3323 1073 3385 domos
1098 3322 1454 3402 aﬂligere,et
1483 3330 1749 3385 evertere
1780 3324 2076 3404 funditus;

432 3413 597 3475 Plato
626 3421 824 3475 autem
883 3413 945 3473 in
998 3430 1104 3474 sua
1153 3411 1389 3474 civitate
1441 3414 1742 3474 neminem
1775 3413 1899 3475 vult
1953 3415 2081 3477 hac

434 3501 636 3564 dicere
665 3511 765 3564 aut
793 3501 1024 3582 audire,
1060 3519 1258 3582 neque
1275 3502 1581 3582 juvenem,
1616 3521 1811 3584 neque
1842 3522 2073 3569 senem.

430 3589 735 3654 Nefarium
758 3593 918 3654 enim
951 3589 1260 3666 est,Deum
1298 3591 1480 3654 fuisse
1513 3592 1898 3672 parricidam,
1924 3593 2078 3655 sicut

434 3680 533 3744 hic
563 3680 818 3762 Jupiter,
853 3682 952 3762 qui
985 3699 1146 3743 nunc
1203 3681 1422 3743 colitur
1469 3699 1502 3742 a
1529 3680 1719 3756 vobis,
1754 3682 1914 3759 fecit,
1973 3684 2072 3764 qui

428 3789 598 3833 suum
628 3779 853 3851 patrem
885 3771 1206 3833 Saturnum
1239 3769 1462 3849 dejecit
1502 3772 1576 3833 de
1608 3771 1796 3848 coelis,
1831 3781 1890 3833 et
1934 3791 2070 3834 eum

427 3861 704 3922 contrivit
740 3881 754 3922 :
787 3868 889 3921 aut
919 3859 1137 3921 factum
1193 3878 1320 3922 esse
1349 3879 1624 3941 cygnum,
1664 3869 1728 3922 ut
1763 3862 2070 3924 mortalem

426 3948 734 4028 deciperet
765 3948 1104 4024 mulierem,
1155 3957 1214 4010 et
1272 3969 1403 4012 eam
1469 3950 1717 4011 vitiaret.
1778 3949 2072 4014 Praeterea

2165 3327 2385 3385 πέποιθε
2429 3327 2511 3384 διὰ
2561 3325 2782 3405 Θέμιδός
2838 3348 2895 3382 τε
2957 3327 3049 3382 καὶ
3115 3329 3263 3406 Διὸς,
3332 3330 3423 3390 οὓς
3467 3327 3525 3382 σὺ
3583 3324 3788 3399 νομίζεις

2163 3417 2308 3482 θεούς
2344 3434 2356 3449 ⁸
2419 3415 2523 3475 οὐδ’
2582 3415 2669 3473 οὖν
2715 3417 2786 3481 ὡς
2840 3415 3103 3494 Αἰσχύλος
3149 3415 3322 3490 λέγει,
3382 3415 3462 3472 ὅτι
3521 3415 3645 3477 Θεὸς
3701 3409 3788 3484 μὲν

2162 3507 2327 3562 αἰτίαν
2382 3505 2496 3585 φύει
2545 3507 2778 3585 βροτοῖς,
2815 3503 2895 3560 ὅτ’
2952 3503 3013 3559 ἄν
3057 3510 3302 3562 κακῶσαι
3365 3503 3514 3580 δῶμα
3571 3501 3786 3576 παμπή-

2159 3594 2255 3662 δην
2286 3593 2436 3671 θέλῃ.
2473 3597 2570 3652 Καὶ
2626 3593 2806 3650 οὒδέια
2864 3593 3002 3650 θέλει
3048 3593 3275 3651 Πλάτων
3329 3599 3469 3652 κατὰ
3526 3592 3621 3660 τὴν
3674 3591 3787 3645 ἐαυ-

2156 3694 2248 3743 τοῦ
2304 3683 2460 3742 πόλιν
2503 3682 2617 3741 οὔτε
2665 3684 2916 3761 νεώτερον
2975 3683 3090 3740 οὔτε
3141 3684 3365 3762 γέροντα
3413 3683 3587 3761 λέγειν
3632 3700 3678 3735 τι
3708 3679 3785 3734 καὶ

2157 3771 2364 3828 ἀκούειν
2415 3773 2534 3850 περὶ
2576 3771 2755 3830 αὐτοῦ.
2803 3771 2931 3828 Ούτε
2984 3773 3083 3848 γὰρ
3125 3776 3346 3846 θεμιτὸν
3406 3772 3534 3829 Θεὸν
3590 3788 3782 3846 πατρα-

2155 3861 2302 3918 λοίαν
2359 3865 2700 3941 γεγενῆσθαι,
2767 3863 2838 3926 ὡς
2903 3865 2930 3919 6
2992 3863 3114 3927 Ζεὺς
3169 3864 3324 3925 οὗτος
3385 3865 3412 3918 ὁ
3471 3861 3592 3939 παρ’
3649 3857 3782 3932 ὑμῶν

2154 3949 2439 4026 σεϐόμενος
2497 3953 2588 4007 τὸν
2646 3952 2829 4008 ἑαυτοῦ
2885 3950 3086 4028 πατέρα
3149 3951 3372 4019 ἐποίησε
3425 3953 3514 4007 τὸν
3580 3949 3779 4026 Κρόνον,

425 4054 564 4099 vero
589 4055 795 4098 rursus
817 4056 970 4116 aegre
993 4038 1107 4100 fert
1125 4037 1309 4114 Plato,
1345 4038 1500 4119 quod
1539 4040 1678 4100 ﬂetu
1701 4047 1760 4100 et
1792 4040 2067 4104 muliebri

2167 4063 2214 4097 εκ
2257 4048 2363 4099 τῶν
2419 4042 2649 4120 οὐρανῶν
2718 4041 2872 4118 ῥίψας
2943 4042 3031 4096 καὶ
3093 4042 3381 4116 συντρὶψας
3442 4041 3617 4112 αὐτὸν,
3676 4035 3780 4092 οὔτε

421 4125 658 4188 insania
674 4136 982 4207 correptus
1005 4127 1154 4188 deus
1174 4134 1374 4204 tuus,o
1394 4127 1830 4208 judex,deﬂeat
1850 4130 2066 4192 incon-

2167 4133 2336 4190 ιύκνον
2393 4131 2672 4209 γενέσθαι,
2749 4129 2895 4194 ὅπως
2970 4129 3253 4207 σοφίσηται
3315 4129 3513 4197 θνητὴν
3568 4137 3780 4204 γυναῖκα

421 4215 756 4278 solahiliter
781 4227 1027 4277 mortem
1054 4217 1538 4296 Sarpedonis.An
1567 4236 1686 4278 non
1714 4218 1793 4279 ita
1815 4219 1941 4279 est?
1969 4222 2064 4282 An

2167 4223 2236 4277 ιαὶ
2293 4221 2472 4300 φθεῖρῃ
2520 4222 2702 4286 αὐτὴν.
2761 4217 2929 4275 Ἀλλὰ
2999 4219 3132 4297 πρὸς
3189 4220 3398 4282 τούτοις
3471 4219 3606 4273 πάνυ
3653 4215 3779 4270 ἀπε-

421 4323 544 4368 non
571 4311 711 4366 sunt
740 4305 960 4386 scripta
988 4305 1049 4367 in
1077 4306 1248 4368 libris
1279 4308 1490 4367 vestris
1523 4306 1721 4367 omnia
1751 4306 2065 4371 fabulosa?

2167 4308 2398 4388 (θάνεται
2430 4309 2653 4364 Πλάτων
2716 4309 2795 4364 Διὶ
2851 4312 2928 4380 τῷ
2987 4314 3102 4381 Θεῷ
3151 4329 3269 4382 σου,
3316 4307 3397 4363 ὅτι
3444 4303 3646 4383 ὀδυρμῷ
3699 4301 3777 4357 καὶ

419 4393 484 4492 §i
514 4394 642 4474 ipse
672 4403 868 4492 autem
903 4395 1142 4474 sapiens
1189 4395 1354 4492 Plato
1383 4401 1582 4492 vester
1615 4397 1888 4478 scriptor,
1925 4418 2058 4461 eum

2167 4396 2453 4476 [υκιαικώδει
2515 4399 2673 4473 μανίᾳ
2733 4398 3005 4477 συσχεθεὶς
3067 4399 3092 4453 6
3137 4397 3261 4462 Ζεὺς
3318 4400 3346 4453 6
3405 4397 3521 4458 θεός
3551 4416 3658 4468 σου,
3704 4389 3778 4484 ξι-

415 4480 606 4545 Deum
638 4500 771 4545 esse
801 4484 1078 4560 denegat,
1109 4491 1169 4544 et
1191 4484 1360 4562 jubet
1391 4485 1691 4546 neminem
1724 4487 2054 4565 hominem,

2167 4489 2334 4567 ιαστὰ,
2399 4485 2633 4566 ὀδύρεται
2717 4489 2806 4543 τὸν
2864 4486 3086 4543 θάνατον
3162 4493 3257 4542 τοῦ
3313 4482 3669 4563 Σαρπηδόνος.
3715 4480 3774 4535 Ἠ

416 4572 514 4636 cui
542 4571 733 4633 virtus
765 4579 854 4633 est
883 4589 1062 4646 curae,
1097 4572 1315 4633 imitari
1345 4573 1492 4634 tales
1521 4575 1706 4636 animi
1738 4577 2056 4656 perturba-

2170 4577 2235 4634 ὒκ
2279 4578 2419 4635 ἔστιν
2462 4576 2651 4655 οὕτως,
2713 4577 2748 4644 ἢ
2813 4580 2872 4634 οὐ
2938 4575 3233 4654 γέγραπται
3292 4575 3348 4630 ἐν
3405 4575 3526 4636 τοῖς
3566 4567 3772 4648 βιϐλίοις

413 4661 634 4739 tiones,
669 4679 775 4722 cur
805 4679 907 4724 vos
931 4661 1094 4740 ipsos
1122 4660 1749 4744 submittitis,quarum
1776 4665 1890 4746 ipsi
1918 4686 2057 4729 con-

2171 4675 2286 4742 μῶν
2328 4674 2492 4724 ταῦτα
2522 4668 2586 4724 τὰ
2629 4668 2864 4743 μυθικά;
2930 4668 2984 4722 Εἰ
3033 4665 3088 4721 δὲ
3141 4667 3298 4729 αὖτὸς
3362 4664 3582 4721 Πλάτων
3610 4663 3636 4717 6
3678 4681 3768 4715 σο-

411 4750 545 4812 victi
575 4749 1206 4830 fuerunt,actionibus,
1239 4758 1298 4814 et
1326 4770 1434 4814 nos
1465 4770 1569 4814 eos
1601 4753 1777 4817 hodie
1805 4755 2053 4819 adorare

2167 4759 2232 4820 νὸς
2290 4758 2437 4832 ὑμῶν
2485 4757 2811 4836 συγγραφεὺς
2854 4757 3117 4813 ἀπείπατο
3175 4761 3368 4812 τοῦτον
3425 4757 3563 4810 εἶναι
3624 4753 3765 4822 Θεὸν,

407 4839 668 4920 cogitis?
2134 4848 2222 4906 καὶ
2274 4843 2696 4926 παρεκελεύσατο
2752 4844 2954 4921 μηδένα
3007 4843 3297 4922 ἀνθρώπων
3374 4845 3566 4921 ἀρετῆς
3617 4860 3767 4920 φρον-

404 4931 613 5002 τίζοντα
667 4935 950 5009 μιμεῖσθαι
1027 4932 1093 4988 τὰ
1145 4931 1362 4989 τοιαῦτα
1445 4934 1612 5009 πάθη,
1673 4934 1808 4993 διατί
1879 4941 2010 5014 πρὸς
2067 4943 2130 5006 ἃς
2203 4938 2351 5002 αὐτοὶ
2437 4935 2676 4993 ἑοίλωσαν
2736 4933 2945 5012 πράξεις
3027 4936 3184 5009 ὑμεῖς
3271 4933 3616 5005 ὑποκύπτετε,
3686 4940 3762 4991 καὶ

403 5023 549 5097 ἡμᾶς
579 5021 902 5100 ἀναγκάζετε
931 5022 1132 5087 τούτοις
1165 5035 1478 5100 προσκυνεῖν
1511 5043 1524 5103 ;

484 5107 687 5171 XXIII.
723 5109 886 5172 Dixit
915 5128 1172 5190 praeses:
1204 5110 1387 5172 Tuam
1421 5110 1544 5173 l'ero
1575 5113 1880 5177 audaciam
1906 5137 2044 5198 pro-

2211 5115 2405 5176 ΚΓ’.Ὀ
2436 5114 2619 5194 ἅρχων
2647 5118 2817 5170 εἶπεν·
2853 5113 3150 5194 Ἀνέχομαί
3179 5136 3277 5172 σου
3301 5120 3399 5171 τοῦ
3419 5106 3757 5198 θράσους,βῦ-

398 5204 532 5278 pter
556 5216 711 5272 eam,
741 5216 874 5278 quas
905 5198 966 5259 in
1000 5217 1095 5260 me
1118 5200 1294 5273 inest,
1329 5200 1763 5281 philosophiam
1793 5225 1808 5281 ;
1841 5207 1946 5282 sed
1981 5215 2040 5268 tu

398 5302 636 5365 quoque
660 5286 756 5347 dic
785 5285 955 5362 mihi,
995 5305 1170 5366 quem
1209 5296 1266 5348 tu
1318 5288 1463 5350 colis
1495 5291 1704 5365 Deum,
1741 5296 2041 5373 quomodo

395 5389 534 5432 cum
567 5382 726 5434 esset
754 5374 953 5450 homo,
990 5375 1399 5457 deductusque
1424 5377 1602 5440 fuerit
1624 5379 1697 5441 ad
1722 5383 2037 5460 judicium,

397 5467 460 5522 et
486 5460 549 5555 in
578 5474 819 5555 crucem
847 5471 1034 5555 actus,
1067 5462 1227 5555 Deus
1283 5482 1416 5555 esse
1465 5475 1554 5529 est
1583 5487 1619 5530 a
1663 5471 1832 5534 vobis
1863 5483 2037 5555 puta-

2126 5209 2360 5289 στράτιε,
2393 5203 2486 5272 τῆς
2532 5201 2834 5281 προσούσης
2865 5227 2955 5279 μοι
2997 5201 3175 5260 ἕνεκεν
3217 5201 3626 5281 φιλανθρωπίας
3669 5194 3758 5251 λέ-

2124 5321 2186 5378 γε
2212 5297 2300 5353 οὖν
2333 5297 2471 5370 ἡμῖν
2501 5295 2587 5348 καὶ
2621 5293 2708 5373 σὺ,
2740 5293 2883 5357 ὅστις
2921 5294 3154 5373 ὑπάρχει
3185 5294 3244 5349 ὃν
3276 5290 3417 5348 σέϐει
3465 5293 3613 5366 Θεὸν,
3658 5291 3763 5351 πῶς

2124 5389 2398 5467 ἄνθρωπος
2445 5383 2539 5459 ὢν,
2589 5384 2674 5440 καὶ
2715 5385 2817 5440 ὑπὸ
2873 5382 3024 5452 δίκην
3072 5385 3257 5463 ἀχθεὶς
3305 5385 3390 5439 καὶ
3433 5380 3756 5456 σταυρωθεὶς,

2123 5480 2251 5542 Θεὸς
2294 5479 2424 5550 ὑμῖν
2455 5472 2782 5550 νενόμισται,
2832 5473 2893 5532 ’0
2953 5472 3106 5552 ἅγιος
3143 5472 3462 5552 Εὐστράτιος
3495 5472 3671 5528 εἶπεν·
3707 5467 3760 5525 Εἰ

391 5546 540 5628 tua?
587 5551 836 5612 Sanctus
884 5551 1028 5614 dixit
1073 5550 1444 5618 Eustratius:
1501 5555 1564 5618 Si
1600 5576 1693 5620 me
1744 5546 2039 5642 patienter

2167 5567 2465 5647 ροστάττεις
2543 5562 2637 5620 καί
2718 5563 3040 5631 ἀνεξικάκως
3116 5563 3354 5640 ἀκούεις,
3419 5561 3764 5640 ἐρωτήσωμεν
