4006 6146
235 275 366 347 493

1113 281 1581 348 MARTYRIUM
1626 284 1685 347 S.
1731 281 2146 352 EUSTRATII
2197 287 2294 351 ET
2340 287 2748 354 SOCIORUM.

3520 301 3638 367 494

235 423 503 501 πρότερον
561 421 807 501 λογισμῷ
851 423 912 479 τὸ
962 423 1330 501 προκείμενον,
1376 425 1463 481 καὶ
1505 425 1566 481 τὸ
1608 428 1938 492 τῆνιιιαῦταέ

1979 424 2213 505 audias,
2242 425 2500 506 primum
2538 433 2594 488 te
2622 427 3007 518 interrogabo
3039 449 3110 495 ea
3137 450 3270 515 quat
3299 436 3640 518 cogitationi

233 513 379 568 κατά
436 511 582 576 τάξιν
613 511 746 577 λέξω
791 509 918 591 ὅπερ
971 512 1328 583 ἐπεζήτησας,
1369 515 1429 571 '0
1480 511 1664 594 ἅρχων
1720 515 1897 570 εἶπεν·

235 592 440 666 "It-mg
490 600 730 668 δοθείσης
763 624 846 658 σοι
901 599 1074 684 ἀδείας
1105 602 1385 684 εὐκαίρως,
1420 592 1648 682 ἀκαίρως
1702 602 1898 682 λέγειν,

234 690 263 744 ὃ
315 689 503 765 βούλει
569 691 766 768 φράσον
825 693 986 758 ἡμῖν,
1048 683 1104 748 Ὀ
1149 691 1302 768 ἅγιος
1349 693 1662 770 Εὐστράτιος
1721 693 1901 752 εἶπεν.

240 779 424 835 Πάντα
455 779 730 856 ἄνθρωπον
788 781 878 836 τὸν
950 779 1006 835 εὗ
1048 788 1336 858 φρονοῦντα
1390 782 1649 852 προσήκει
1707 780 1904 838 δίκαιον

235 871 490 946 ἡγεῖσθαι
524 870 616 924 τὸν
664 870 818 942 Θεὸν,
855 868 1251 944 ἀκατάληπτον,
1287 870 1616 947 ἀνείκαστον,
1652 870 1900 928 ἀναλλοί-

242 980 402 1031 ωτον,
441 955 852 1035 ἀνεκδιήγητον,
902 958 1078 1026 πάσης
1109 957 1670 1038 δυνάμεως-ἀνωτέρω
1698 976 1902 1026 κεκτη-

251 1048 405 1121 μένον
432 1049 493 1104 τὰ
520 1050 645 1103 θεῖα
703 1051 860 1106 αὐτοῦ
892 1045 1359 1121 πλεονεκτήματα.
1389 1033 1456 1104 ’Ἠ
1512 1050 1615 1128 οὐχ
1641 1047 1776 1106 οὕτω
1820 1065 1901 1106 σοι

253 1135 428 1215 δοκεῖ,
446 1136 719 1214 σοφώτατε
751 1135 1012 1192 δικαστῶν
1046 1156 1061 1212 ;
1097 1127 1154 1193 Ὀ
1185 1134 1369 1216 ἅρχων
1395 1141 1570 1199 εἶπεν,
1604 1139 1782 1203 Οὕτως
1815 1139 1898 1196 οἶ-

244 1248 363 1300 μαι.
429 1219 483 1283 Ὀ
521 1225 673 1303 ἅγιος
729 1223 1043 1303 Εὗστράτιος
1088 1231 1276 1282 εἶπεν·
1337 1229 1708 1305 Προσθήσομεν
1761 1229 1897 1284 πάν-

240 1337 346 1370 των
377 1315 553 1371 ἕνεκεν
586 1317 677 1370 καὶ
706 1314 966 1382 ἀνελλιπῆ
997 1317 1154 1372 αὐτὸν
1208 1315 1376 1378 εἶναι.
1412 1315 1468 1374 Ὀ
1500 1315 1680 1397 ἅρχων
1714 1319 1891 1374 εἶπεν·

238 1406 338 1461 Ἐκ
368 1407 586 1470 παντός.
641 1403 700 1462 Ὀ
733 1405 882 1482 ἇίγιος
916 1405 1234 1484 Εὖστράτιος
1279 1406 1456 1462 εἶπενο
1492 1408 1551 1462 Τί
1604 1407 1690 1462 οὖν
1723 1427 1738 1486 ;
1787 1406 1896 1464 διύ-

237 1516 404 1568 σομεν
469 1496 556 1550 καὶ
630 1494 836 1572 ἐτέρους
894 1495 1036 1551 εἶναι
1108 1495 1256 1560 θεοὺς
1332 1497 1418 1551 καὶ
1473 1496 1570 1562 τῆς
1648 1497 1896 1564 τοιαύτης

229 1583 505 1662 ἀφθάρτου
577 1585 754 1648 οὖσίας
810 1585 898 1640 καὶ
963 1585 1176 1648 τούτους
1233 1584 1380 1650 ἐντὸς
1441 1585 1755 1645 καθεστάναι
1799 1585 1893 1642 λέ-

227 1673 426 1748 ξομεν,
490 1671 588 1728 κᾶν
665 1674 854 1750 μικρὸν
925 1673 1022 1741 τῇς
1094 1673 1362 1752 εὖμοιριας
1418 1675 1614 1740 ταύτης
1699 1674 1895 1738 ἐνδεεῖς

1987 532 2136 577 mere
2191 523 2332 578 sunt
2396 517 2719 596 proposita,
2756 525 2814 581 et
2873 531 3015 583 tunc
3061 522 3254 586 dicam
3307 517 3520 589 ordine
3575 529 3636 590 id

1986 603 2141 682 quod
2174 623 2208 665 a
2240 623 2332 666 me
2359 605 2672 686 quaesiisti.
2724 605 2886 670 Dixit
2924 627 3182 690 praeses:
3219 612 3470 676 Dabitur
3500 635 3634 679 om-

1986 693 2130 785 nino
2184 693 2289 785 tibi
2331 703 2627 785 protestas
2675 703 2733 785 et
2791 706 3124 779 opportune
3183 709 3242 764 et
3297 703 3636 785 importune

1987 782 2228 844 dicendi
2285 783 2440 864 quod
2479 783 2586 848 vis.
2648 784 2755 850 Dic
2807 785 2979 849 nobis
3040 791 3200 871 quod
3246 782 3416 856 velis.
3479 795 3638 858 Dixit

1987 872 2319 934 Eustratius
2354 895 2366 931 :
2404 873 2657 937 Omnem
2681 874 3010 954 hominem,
3035 880 3243 960 quiest
3268 900 3427 944 sanae
3459 902 3633 947 men-

1988 961 2084 1037 tis,
2117 967 2392 1024 convenit
2423 963 2609 1025 Deum
2671 965 3012 1029 existimare
3043 969 3298 1052 justum,
3333 971 3434 1053 qui
3464 991 3632 1036 com-

1987 1050 2274 1142 prehendi
2307 1068 2426 1112 non
2469 1059 2682 1132 potest,
2718 1073 2906 1136 neque
2947 1057 3162 1138 eﬂingi,
3197 1050 3395 1142 neque
3435 1063 3636 1125 verbis

1981 1139 2308 1227 eXplicari:
2372 1145 2580 1222 estque
2647 1144 3059 1227 immutabilis,
3115 1155 3172 1209 et
3234 1139 3453 1213 divinis
3509 1153 3632 1214 suis

1980 1226 2154 1289 bonis
2186 1247 2421 1291 omnem
2448 1241 2691 1311 superat
2721 1226 3073 1312 potestatem
3105 1253 3120 1312 ;
3153 1255 3227 1299 an
3263 1257 3382 1300 non
3413 1238 3496 1300 ita
3527 1239 3634 1301 tibi

1980 1315 2233 1408 videtur,
2273 1317 2460 1408 ju_dex
2497 1320 2938 1400 sapientissime
2968 1323 2992 1385 ?
3041 1323 3200 1389 Dixit
3244 1345 3466 1408 praeses
3502 1345 3515 1390 :
3550 1328 3634 1388 lta

1979 1405 2255 1497 arbitror.
2322 1405 2478 1497 Dixit
2521 1416 2756 1476 sanctus
2804 1411 3173 1476 Eustratius:
3211 1405 3338 1479 Hoc
3393 1433 3635 1497 quoque

1980 1494 2353 1576 adjiciemus,
2386 1496 2440 1558 ei
2473 1497 2714 1560 omnino
2749 1499 2895 1562 nihil
2928 1499 3162 1564 deesse.
3199 1494 3428 1567 Praeses
3459 1494 3634 1566 dixit?

1981 1583 2260 1646 Omnino.
2316 1583 2564 1649 Sanctus
2610 1587 2755 1648 dixit
2813 1587 3192 1653 Eustratius:
3241 1591 3390 1666 Quid
3442 1609 3625 1670 ergo:

1979 1672 2332 1736 dabimusne
2375 1675 2605 1756 aliquos
2650 1679 2824 1740 etiam
2855 1678 3001 1741 alios
3060 1698 3192 1743 esse
3242 1681 3408 1758 deos,
3441 1691 3500 1744 et
3529 1700 3632 1744 eos

221 1763 422 1836 ᾦσινς
483 1764 590 1819 Ούκ
665 1765 820 1836 οἶμαι
882 1763 1177 1836 νομίζεσθαι
1235 1763 1421 1825 αὐτοὺς
1482 1764 1622 1842 παρά
1687 1763 1938 1842 ἀνθρώιε

1978 1762 2305 1825 consistere
2337 1764 2492 1826 intra
2529 1765 2700 1840 hanc,
2737 1785 2912 1846 quam
2971 1768 3253 1846 dicimus,
3286 1770 3359 1832 ab
3387 1770 3630 1833 interitu

220 1870 372 1910 πων·
455 1853 739 1916 ἀνελλιπὲς
809 1854 908 1930 γὰρ
978 1855 1040 1909 τὸ
1112 1861 1291 1927 Θεϊον,
1344 1857 1416 1918 ὡς
1487 1856 1818 1934 προείρηται,
1865 1857 1892 1910 ὃ

223 1945 322 1999 καὶ
410 1950 571 2000 πᾶσιν
624 1945 920 2022 ἀνθρώποις
1004 1944 1337 2000 πιστεύεσθαι
1407 1946 1494 2000 καὶ
1569 1959 1888 2024 προσκυνεῖ-

226 2036 356 2090 σθαι
419 2032 642 2112 ὀφείλει,
703 2033 763 2091 Ὀ
802 2031 987 2113 ἄρχων
1033 2033 1210 2089 εἶπεν·
1263 2033 1438 2097 Οὕτως
1470 2034 1614 2114 ἔχει.
1649 2032 1709 2092 Ὀ
1738 2035 1888 2113 ἅγιος

226 2122 559 2200 Εὐστράτιος
617 2124 764 2179 εἶπε·
826 2125 886 2180 Τί
947 2123 1058 2202 οὖν,
1132 2125 1180 2179 οἱ
1237 2122 1426 2180 πολλοί
1482 2145 1574 2179 σου
1635 2126 1741 2182 θεοὶ
1797 2126 1888 2180 τὸν

222 2211 523 2289 ἀχράντων
607 2212 804 2268 τούτων
885 2213 973 2267 καὶ
1056 2211 1328 2270 ἀθανάτων
1412 2210 1892 2288 πλεονεκτημάτων

220 2299 376 2376 ἐντὸς
451 2301 814 2378 ὑπάρχουσιν,
883 2302 958 2363 ὡς
1028 2301 1186 2375 ὑμεῖς
1246 2300 1452 2378 λέγετε,
1498 2305 1585 2357 καὶ
1641 2301 1891 2358 ἴσοδυνα-

221 2397 425 2462 μοῦσιν
469 2388 727 2456 ἀλλήλοις
758 2391 805 2446 οἱ
855 2389 972 2445 κατ’
1019 2389 1196 2446 οὐσίαν
1255 2391 1332 2465 μὴ
1361 2388 1696 2455 διεστηκότες
1732 2409 1749 2469 ς
1797 2391 1893 2448 Καὶ

219 2480 266 2534 εἰ
338 2477 506 2544 οὕτως
563 2477 705 2557 ἔχει,
773 2481 819 2534 οἱ
878 2480 950 2541 εἰς
1017 2479 1140 2554 μίαν
1198 2479 1584 2557 κορυφωθέντες
1642 2480 1889 2557 θεότητα,

221 2566 510 2642 δυνάμεώς
544 2590 602 2624 τε
649 2570 736 2624 καὶ
788 2564 949 2646 ἄργόυ
1005 2569 1394 2644 ίσομοιροὺντες
1426 2567 1503 2642 μὴ
1564 2565 1892 2644 λεγέσθωσαν

219 2658 336 2714 θεοὶ
402 2657 671 2732 μείζοντες
703 2657 791 2713 καὶ
836 2655 1138 2731 ἐλάττονες,
1171 2655 1307 2711 ἀλλά
1343 2657 1471 2721 Θεὸς
1515 2657 1569 2711 έν
1599 2655 1898 2734 ἀσυγκρίτῳ

223 2744 472 2821 δυνάμει,
504 2745 887 2822 μεμονωμένον
931 2750 1028 2812 τῆς
1081 2745 1332 2811 θεότητος
1390 2744 1556 2820 ἕνομα
1608 2743 1776 2824 ἔχων,
1808 2749 1897 2803 καὶ

226 2837 308 2909 μὴ
345 2835 736 2911 νομιζέσθωσαν
780 2833 905 2911 παρ’
950 2835 1078 2909 ὑμῖν
1112 2837 1138 2890 6
1171 2834 1270 2908 μὲν
1304 2835 1518 2910 οὐρανὸν
1549 2835 1740 2904 οίκεϊν,
1771 2836 1799 2890 6
1829 2832 1883 2890 δὲ

229 2923 519 2998 θάλατταν,
542 2926 570 2980 6
600 2921 655 2980 δὲ
683 2925 750 2980 τὰ
779 2925 1127 3003 καταχθόνιοι.
1150 2922 1240 2980 ’¹Η
1274 2926 1376 3002 οὐχ
1401 2921 1566 2986 οὕτως
1599 2944 1680 2978 σοι
1709 2921 1879 3000 δοκεῖς

1974 1850 2227 1942 alienam
2259 1855 2626 1942 essentiam?
2666 1855 2782 1917 Sed
2817 1864 2905 1918 est
2927 1857 3251 1922 absurdum
3282 1861 3442 1942 quod
3474 1859 3629 1924 dici-

1976 1949 2090 2002 tur.
2121 1941 2340 2012 Quodsi
2371 1943 2460 2004 vel
2507 1961 2718 2024 parum
2754 1944 2893 2026 quid
2926 1947 3017 2009 eis
3047 1947 3204 2010 desit
3235 1941 3414 2028 hujus
3443 1947 3630 2011 beate

1972 2028 2352 2103 conditionis,
2387 2048 2504 2090 non
2556 2029 2817 2093 arbitror
2849 2051 2951 2095 eos
3007 2035 3329 2098 existimari
3360 2036 3505 2098 deos
3555 2035 3630 2097 ab

1974 2117 2340 2178 hominibus.
2371 2117 2492 2180 Deo
2523 2120 2684 2181 enim
2718 2120 2867 2182 nihil
2895 2121 3085 2198 deest,
3114 2132 3180 2187 ut
3210 2126 3374 2205 prius
3404 2125 3627 2187 dictum

1975 2214 2064 2268 est
2097 2227 2112 2266 :
2146 2207 2240 2268 cui
2272 2209 2541 2288 credere,
2571 2217 2630 2269 et
2661 2227 2838 2289 quem
2875 2212 3127 2274 adorare
3158 2221 3392 2293 oportet
3422 2233 3632 2278 omnes

1975 2295 2270 2357 homines.
2318 2295 2473 2357 Dixit
2503 2316 2772 2378 praeses:
2825 2297 2911 2362 Ita
2941 2300 3140 2364 habet.
3188 2305 3441 2366 Sanctus
3487 2305 3634 2367 dicit

1975 2382 2302 2447 Eustratius
2333 2407 2344 2444 :
2389 2385 2539 2457 Quid
2573 2405 2737 2466 ergo,
2771 2389 2944 2450 multi
2975 2391 3056 2450 tui
3100 2390 3184 2453 dii
3214 2393 3632 2458 consistuntne

1976 2475 2130 2535 intra
2157 2475 2282 2536 hinc
2313 2474 2663 2538 intemerata
2695 2475 2850 2538 bona
2871 2495 2927 2539 et
2954 2477 3336 2563 immortalia,
3369 2491 3428 2544 et
3456 2500 3632 2562 pares

1979 2565 2134 2625 inter
2175 2581 2240 2625 se
2274 2563 2429 2626 vires
2479 2565 2700 2626 habent
2732 2564 2756 2627 ?
2787 2565 2900 2639 Qui
2931 2577 3070 2631 sunt
3125 2569 3187 2630 in
3218 2589 3336 2633 una
3364 2569 3632 2636 distincti

1979 2652 2261 2733 essentia,
2295 2662 2369 2743 et
2405 2662 2688 2735 tanquam
2735 2655 2796 2717 in
2827 2675 3010 2718 unum
3055 2659 3370 2743 verticem,
3404 2679 3629 2725 conve-

1984 2743 2151 2804 niunt
2203 2742 2263 2802 in
2320 2742 2595 2804 virtutem
2651 2743 3000 2828 divinitatis,
3044 2746 3320 2810 dicantur
3359 2742 3488 2812 non
3542 2750 3627 2814 dii

1977 2832 2234 2912 majores
2263 2840 2320 2892 et
2347 2831 2636 2910 minores,
2671 2833 2779 2896 sed
2804 2833 2962 2898 Deus
2991 2854 3169 2913 unus,
3195 2839 3294 2918 qui
3323 2845 3382 2901 in
3411 2841 3626 2902 virtute

1975 2919 2434 3002 incomparabili
2465 2925 2557 2984 est
2589 2923 2825 2998 unicus,
2861 2933 2918 2986 et
2951 2943 3171 2989 nomen
3203 2925 3384 2991 habet
3411 2929 3626 2993 divini-

238 3013 406 3086 tatis,
432 3021 487 3073 et
514 3031 588 3074 ne
636 3031 670 3074 a
700 3011 865 3073 vobis
893 3011 1266 3074 existimetur
1295 3011 1449 3073 alius
1479 3010 1719 3090 quidem
1751 3011 1970 3074 malum
2017 3007 2309 3084 habitare,
2346 3009 2497 3071 alius
2525 3028 2662 3073 vero
2695 3029 2880 3088 mare,
2929 3013 3080 3077 alius
3123 3023 3321 3079 antem
3378 3026 3623 3093 terram,

226 3105 332 3163 An
365 3119 479 3162 non
513 3103 608 3163 tibi
641 3100 728 3163 sic
759 3099 1044 3164 videtur?

317 3191 453 3256 ΚΜ,
516 3193 604 3260 Μὴ
663 3191 950 3267 δυνάμενος
1010 3190 1062 3247 δὲ
1123 3193 1251 3270 πρὸς
1301 3194 1465 3250 ταῦτα
1511 3190 1806 3270 ἀντιλέγειν
1864 3193 1938 3250 ὁ(

2055 3187 2260 3252 XXIV.
2310 3188 2454 3252 Cum
2488 3207 2606 3250 non
2637 3198 2837 3270 posset
2892 3201 3085 3254 autem
3121 3212 3339 3276 praeses
3367 3195 3443 3258 ad
3495 3197 3624 3261 hac

229 3281 445 3362 ἅρχων,
480 3281 567 3338 ἐπὶ
611 3280 744 3339 πολὺ
789 3281 1021 3338 ἒκιώπα’
1087 3281 1243 3357 μόλις
1301 3281 1355 3339 δὲ
1410 3281 1716 3340 τελευταῖον
1761 3280 1894 3338 ἀπε-

230 3374 448 3450 κρίνατο
508 3371 699 3448 λέγων’
764 3371 958 3435 Ἐάσας
1017 3373 1138 3436 τοὺς
1203 3371 1594 3450 συλλογισμοὺς
1650 3371 1888 3442 τούτους,

230 3463 324 3519 καὶ
395 3462 607 3537 μακρὰν
667 3461 873 3540 χαίρειν
936 3461 1095 3516 εἰπὼν
1155 3467 1224 3537 τῇ
1287 3459 1633 3540 πιθανολογίά
1689 3483 1804 3536 σου,
1863 3460 1890 3513 ὃ

229 3553 524 3630 ἠρωτήθης
636 3547 856 3624 δίδαξον,
946 3557 1060 3614 πῶς
1171 3550 1566 3629 ἐσταυρωμένον
1680 3548 1888 3607 σέϐεσθε

233 3640 392 3702 Θεὸν.
452 3639 513 3697 Ὀ
574 3639 723 3717 ἅγιος
795 3641 1111 3718 Εὐστράτιος
1171 3641 1348 3697 εἶπενο
1411 3638 1685 3719 ’Ἂρξομαι
1754 3639 1890 3694 κατά

228 3732 324 3786 τὸν
373 3731 468 3786 σὸν
499 3729 730 3796 ποιητὴν
782 3726 1047 3786 Ἡσίοδον
1101 3727 1191 3786 Ἐν
1235 3729 1382 3809 ἀρχῇ
1431 3730 1497 3797 ἧν
1530 3725 1758 3806 ’Ἔρεϐος
1801 3733 1888 3788 καὶ

223 3822 386 3896 Χάος,
468 3818 706 3877 τουτέστι
771 3820 924 3899 ζόφος
991 3819 1086 3876 καὶ
1163 3821 1319 3895 βυθὸς
1385 3818 1610 3881 ὑδάτων.
1663 3818 1726 3876 ’0
1799 3818 1886 3874 οὖν

225 3912 355 3981 θεὸς
429 3907 793 3983 διακοσμήσας
850 3907 1001 3964 τόνδε
1065 3909 1153 3965 τὸν
1196 3911 1419 3985 κόσμον,
1479 3909 1572 3964 οὐκ
1629 3905 1679 3972 ἐξ
1748 3908 1883 3963 ὑπο-

222 3999 481 4074 κειμένης
551 3998 587 4064 ἢ
651 3999 1098 4076 προϋπαρχούσης
1157 3997 1314 4078 ὕλης,
1373 3996 1507 4053 ἀλλά
1560 3997 1769 4053 ἅπαντα
1826 3995 1885 4052 ἐκ

1970 3278 2360 3368 respondere,
2397 3279 2496 3339 diu
2529 3279 2716 3360 siluit,
2751 3281 2844 3343 vix
2895 3283 3130 3345 tandem
3170 3301 3308 3346 vero
3365 3303 3624 3368 respon-

1972 3365 2078 3443 dit,
2114 3367 2323 3430 dicens
2357 3385 2370 3430 :
2428 3368 2674 3431 Mittens
2703 3369 2812 3431 hos
2841 3369 3234 3454 syllogismos,
3269 3381 3326 3434 et
3373 3365 3624 3436 multum

1970 3457 2168 3518 valere
2209 3457 2427 3535 jubens
2475 3459 2771 3520 rationum
2828 3468 3063 3522 tuarum
3121 3461 3623 3542 probabilitatem,

1971 3545 2086 3606 hoc
2116 3545 2290 3619 doce,
2323 3545 2397 3607 de
2431 3565 2546 3626 quo
2594 3548 2795 3609 fueras
2823 3547 3261 3628 interrogatus:
3307 3551 3620 3623 Quomodo

1971 3650 2073 3693 vos
2102 3630 2288 3694 Deum
2323 3633 2519 3694 colitis
2541 3635 2925 3696 cruciﬁxum?
2955 3638 3208 3700 Sanctus
3237 3638 3421 3702 dixit:
3456 3638 3619 3702 Inci-

1970 3722 2150 3804 piam,
2182 3723 2480 3802 quomodo
2512 3730 2646 3785 tuus
2678 3733 2850 3804 poeta
2904 3724 3200 3788 Hesiodus
3234 3747 3248 3790 :
3280 3727 3346 3789 In
3390 3728 3613 3808 princi-

1969 3812 2066 3892 pio
2099 3818 2226 3872 erat
2253 3809 2484 3872 Erebus
2539 3819 2598 3873 et
2627 3811 2842 3894 Chaos,
2876 3815 2988 3875 hoc
3021 3825 3136 3895 est,
3171 3814 3358 3894 caligo
3391 3825 3449 3877 et
3479 3834 3612 3898 pro-

1965 3902 2223 3964 funditas
2252 3919 2558 3982 aquarum.
2611 3901 2767 3964 Deus
2797 3921 2936 3984 ergo
2971 3922 3104 3965 cum
3160 3913 3298 3966 tunc
3327 3906 3615 3969 mundum

1968 3991 2030 4051 in
2059 3990 2216 4052 hunc
2241 4000 2514 4074 ornatum
2536 3990 2939 4074 distinxisset,
2970 4001 3028 4054 et
3069 4011 3189 4054 non
3221 4011 3293 4055 ex
3322 3994 3614 4074 subjecta,

224 4071 321 4164 μὴ’
364 4087 534 4145 ὄντων
597 4087 667 4150 είς
694 4071 760 4142 τὸ
819 4071 958 4142 εἶναι
1003 4071 1346 4168 παραγαγὼν,
1382 4086 1526 4166 λόγῳ
1567 4086 1653 4142 καὶ
1694 4083 1882 4142 κελεύ-

1977 4079 2068 4133 aut
2087 4089 2219 4152 quae
2238 4071 2400 4151 prius
2429 4071 2770 4178 exsistebat,
2798 4075 3066 4154 materia,
3089 4073 3194 4178 sed
3227 4071 3516 4138 omnia'ex
3546 4093 3617 4138 eo

222 4201 305 4236 σει
368 4178 468 4243 τὴν
529 4176 697 4232 κτίσιν
771 4181 946 4232 πᾶσαν
1004 4174 1426 4257 δημιουργήσας,
1500 4175 1717 4243 ἐποίησε
1793 4176 1881 4232 καὶ

1977 4162 2130 4264 quod
2183 4179 2301 4221 non
2358 4169 2504 4264 erat,
2551 4160 2622 4261 ad
2680 4166 2998 4264 essentiam
3046 4162 3448 4264 produxisset,
3479 4166 3619 4226 fecit

218 4272 318 4327 τὸν
370 4265 644 4343 ἄνθρωπον
702 4265 818 4322 κατ’
871 4266 1045 4322 εἰκόνα
1105 4267 1288 4324 ἑαυτοῦ
1334 4269 1418 4323 καὶ
1474 4268 1748 4342 ὁμοίωσιν,
1780 4263 1878 4342 ἅρ-

1977 4249 2274 4312 hominem
2298 4250 2373 4312 ad
2396 4250 2715 4350 imaginem
2742 4259 2799 4311 et
2820 4251 3275 4356 similitudinem
3298 4255 3619 4356 suumiu-

219 4380 347 4440 χειν
413 4339 479 4410 τε⁷
527 4355 620 4410 καί
681 4353 966 4412 ἀπολαύειν
1010 4355 1108 4423 τῆς
1158 4355 1431 4434 ὀρωμένης
1486 4339 1737 4429 κτίσεως,
1792 4339 1878 4417 καὶ

1977 4340 2058 4442 lus
2089 4359 2226 4419 ergo
2255 4341 2520 4442 angelus,
2552 4341 2650 4421 qui
2681 4340 2828 4442 ipse_
2849 4359 3086 4422 quoque
3114 4341 3417 4405 obtinebat
3445 4343 3617 4425 prin-

219 4430 529 4524 έασιλεύειν
588 4445 801 4502 πάντων
860 4446 964 4502 τῶν
1027 4445 1219 4522 θηρίων
1263 4467 1318 4502 τε
1377 4447 1464 4500 καὶ
1511 4451 1616 4500 τῶν
1670 4452 1938 4531 κτηνῶνῇ

1977 4431 2228 4512 cipatum
2284 4431 2343 4492 in
2393 4431 2604 4492 ordine
2659 4430 3028 4510 angelorum,
3063 4449 3196 4492 cum
3242 4448 3351 4493 sua
3407 4442 3618 4513 sponte

223 4510 322 4594 irai
380 4538 632 4590 πετεινῶν
659 4534 746 4588 καὶ
796 4532 1041 4608 ἐναλίων,
1082 4534 1142 4588 ὃν
1199 4531 1416 4609 ᾐδοῦντο
1471 4534 1558 4590 καὶ
1613 4536 1664 4589 αἱ
1721 4510 1938 4612 ὕπερ-Π

1977 4510 2316 4583 rebellasset
2347 4519 2628 4582 adversus
2657 4537 2817 4595 eum,
2861 4521 2962 4600 qui
2996 4520 3188 4601 ipsum
3229 4510 3522 4603 fecerunt,
3554 4532 3618 4586 et

226 4626 420 4699 κόσμοι
499 4619 767 4702 δυνάμεις,
827 4621 924 4679 καῖ
1005 4628 1111 4679 τῶν
1167 4622 1408 4702 ἀγγέλων
1468 4623 1534 4680 τὰ
1611 4610 1882 4701 τάγματα,

1977 4610 2161 4672 elatus
2182 4610 2392 4672 fuisset
2413 4610 2716 4702 superbia,
2742 4628 2776 4671 a
2807 4627 2913 4672 suo
2935 4610 3145 4672 ordine
3173 4611 3283 4672 fuit
3310 4612 3611 4702 expulsus,

227 4718 334 4777 Εἷς
378 4711 430 4768 δέ
487 4733 567 4775 τις
626 4699 763 4768 τῶν⁷
797 4711 1178 4792 ἀρχαγγελων,
1218 4699 1322 4770 ’καὶ
1394 4715 1547 4776 αὐτος
1603 4699 1886 4792 πρωτεύων

1977 4709 2027 4762 et
2054 4719 2088 4762 a
2117 4703 2242 4763 Deo
2273 4699 2576 4762 assidendi
2624 4707 2934 4800 potestate,
2969 4708 3029 4761 et
3053 4703 3270 4801 merito
3289 4718 3331 4801 _a
3361 4701 3484 4764 Deo
3514 4720 3616 4764 ac-

223 4801 506 4878 τάγματος
564 4789 841 4879 ἀγγέλων,
868 4789 1191 4880 προαιρέσει
1249 4799 1346 4876 ἰδίᾳ
1397 4789 1696 4881 ἀφηνιάσας
1751 4803 1887 4859 κατά

1977 4797 2128 4871 cepit
2159 4790 2542 4870 sententiam,
2578 4807 2710 4890 quas
2767 4789 2906 4890 eius.
2925 4789 3162 4890 puniret
3189 4791 3524 4890 audaciam,
3557 4801 3618 4854 et

220 4899 320 4947 τοῦ
405 4892 767 4958 πεποιηκότος
860 4893 1040 4972 αὐτὸν,
1124 4894 1212 4949 καὶ
1296 4893 1882 4985 ὑπερηφανευσάμενος,

227 4971 241 4985 .
335 4967 387 4985 ος
425 4972 459 4985 .,
585 4971 612 4982 -
756 4971 796 4985 ..
999 4972 1012 4985 .
1091 4979 1113 4985 η
1244 4975 1256 4985 .
1338 4975 1364 4985 -
1613 4972 1684 4985 ..

1977 4887 2105 4942 tunc
2129 4888 2372 4961 propter
2397 4898 2526 4941 eam
2548 4877 3179 4985 ejusinobedientiam,
3207 4881 3459 4960 projecit
3479 4899 3615 4981 eum

218 4967 508 5040 ἀπεϐλήθη
540 4971 646 5053 Δτῆς
705 4971 900 5053 τάξεως
961 4967 1140 5046 αὐτοῦ,
1173 4975 1261 5053 καὶ
1303 4967 1407 5040 τῆς
1453 4967 1747 5053 προσεδρίας
1791 4967 1882 5030 τοῧ

1977 4969 2124 5033 Deus
2149 4987 2182 5030 a
2211 4987 2473 5049 superna
2504 4975 2817 5048 potestate,
2852 4974 2911 5030 et
2956 4967 3224 5045 angelica
3251 4987 3387 5030 eum
3421 4969 3617 5051 priva-

225 5059 364 5110 Θεοῦ
426 5051 566 5127 μετά
611 5058 701 5108 τοῦ
732 5052 1004 5131 τάγματος
1065 5052 1248 5139 animi}.
1293 5055 1422 5111 Τότε
1452 5051 1620 5110 τοίνυν
1669 5051 1754 5109 διὰ
1781 5055 1881 5121 τὴν

1977 5059 2045 5120 vit
2099 5059 2307 5138 gloria,
2344 5056 2648 5120 hominem
2709 5063 2903 5118 autem
2955 5057 3149 5136 posuit
3195 5058 3257 5119 in
3314 5057 3610 5139 paradiso,

215 5131 478 5198 τοιαύτην
511 5131 694 5225 ⁸αὑτοῦ
743 5131 1034 5205 ἀπείθειαν,
1085 5131 1294 5225 ἔρριψεν
1351 5135 1506 5225 αξιτδν
1537 5137 1564 5190 6
1616 5135 1878 5225 956<_tﬁc

1977 5131 2196 5211 lans'ei
2255 5131 2598 5211 mandatum
2629 5144 2788 5225 quod
2847 5131 3162 5208 exercebat
3190 5145 3263 5209 ad
3317 5131 3615 5210 obediené

217 5210 420 5318 ἄνωθεν
508 5209 793 5314 genitae,”
826 5215 933 5318 ιτῆς
1018 5209 1309 5318 ἀγγελικῆς
1383 5213 1566 5318 δόξηβς,
1611 5215 1870 5318 στερέἥσας

1977 5209 2626 5313 Ᾰὶοωωιτοεοει-εῑυι·
2647 5209 2894 5315 quidem
2953 5234 3234 5297 omnibus
3264 5209 3438 5298 bonis
3485 5252 3617 5318 quas

217 5293 404 5355 αὐτόν,
469 5293 570 5350 Τὸν
627 5293 682 5348 δὲ
762 5293 1034 5371 ἄνθρωπον
1105 5293 1157 5350 ἐν
1217 5301 1292 5368 τῷ
1347 5293 1646 5372 παραδείσῳ
1701 5293 1868 5374 ἔθετο,

217 5371 443 5406 ιφλη..
528 5371 669 5406 ...’....τ.
752 5369 992 5406 ἓ.ἓ.-....ἓ.-
1120 5374 1437 5406 -......ιγ....-....
1514 5376 1646 5406 _-x-
1727 5375 1833 5406 ἐκ-..

1977 5293 2134 5393 erant
2159 5327 2222 5389 in
2253 5325 2553 5406 paradiso,
2588 5293 2769 5386 unam
2815 5341 2957 5386 vero
2991 5342 3111 5386 non
3145 5333 3413 5406 tangeret
3435 5293 3614 5389 arbo-

213 5346 276 5394 .’⁷’
299 5346 339 5348 Π
362 5346 404 5392 ⁷(
477 5346 498 5350 “
523 5346 530 5347 ί
556 5346 580 5392 ⁷,
633 5346 676 5388 ἐξ
756 5369 780 5390 κ
808 5346 1025 5392 XVI—ﬂ
1110 5346 1150 5350 V'
1231 5346 1287 5394 ιτ
1355 5346 1641 5372 ””’⁵””⁷”’τ
1706 5346 1868 5374 nn"
1956 5346 2132 5393 erant
2159 5347 2222 5389 ιη
2253 5346 2553 5409 paradiso,
2588 5346 2769 5386 uuam
2816 5346 2957 5386 VBI'O
2991 5346 3111 5386 non
3145 5346 3413 5406 tangeret
3435 5346 3578 5389 81⁸00

214 5371 670 5480 ῘΫξῩληνιξΪξΪ
729 5388 992 5480 Ῐξνρωἶῗδῗ
1018 5381 1456 5480 ἰ.-,”(”ΪΪῗ.ζῨ⁰⁰ἶῩι
1480 5375 1870 5480 ,πεδίεδπθῗ
1955 5438 2110 5480 rem.
2145 5420 2258 5480 hoc
2292 5415 2349 5479 ei
2373 5415 2642 5477 instituto
2674 5413 3026 5480 certamine.
3046 5423 3110 5477 ut
3139 5415 3192 5478 si
3209 5417 3268 5478 ei
3296 5415 3580 5480 insidiant

216 5398 443 5440 εντοΑην
528 5398 670 5445 αυτῳ
751 5398 992 5438 οεοωκως
1018 5423 1031 5450 ,
1153 5398 1438 5445 υναςουσαν
1513 5398 1646 5452 προς
1727 5398 1870 5431 υπα-

213 5454 375 5530 κοὴν,
450 5451 667 5533 ἔχεσθαι
729 5452 830 5528 μὲν
890 5459 976 5510 καί
1029 5398 1314 5512 ἀπδλαύειν
1383 5455 1597 5512 πάντων
1653 5457 1758 5512 τῶν
1815 5455 1870 5512 έν

1977 5438 2110 5496 ~em,
2145 5398 2273 5482 hoc'
2292 5415 2349 5479 ei
2373 5398 2642 5477 instituto
2674 5413 3026 5491 certamine,
3046 5423 3110 5477 ut
3139 5415 3192 5478 si
3209 5398 3276 5478 ei
3296 5415 3618 5482 insidiante

2055 5514 2100 5533 1,
2159 5526 2276 5533 ..Α-
2321 5505 2572 5533 -.__‘:..-
2597 5503 2801 5533 -..ι-ΑΙ-
2859 5505 2960 5533 ..-Δ
2999 5506 3262 5533 ...υ-...Α-Α
3316 5507 3411 5533 ---ζ
3449 5507 3577 5533 ΔΑΚ-

211 5503 320 5607 τῷ¹
355 5503 666 5613 ἶπαράδείσῳ
719 5503 960 5614 ξαρπῶν,
1021 5535 1136 5598 ἐνὸς
1194 5533 1249 5592 δὲ
1307 5534 1469 5612 μόνου
1526 5541 1688 5614 φυτοῦ
1743 5535 1870 5594 ἀπέο

1977 5514 2136 5590 nalo,
2159 5526 2280 5571 non
2317 5505 2574 5606 amplius
2594 5503 2830 5585 angelo,
2857 5505 2965 5568 sed
2995 5506 3288 5614 daemone,
3312 5507 3416 5589 qui
3445 5507 3615 5572 dem-

215 5597 456 5714 3660M;
486 5597 768 5714 ἀγέῧνέσμα
791 5597 801 5614 ’
826 5597 971 5690 αὒτῷ
1015 5621 1184 5714 τοῦτον
1221 5597 1772 5714 ἐνστησάμενος,ῃὼ’ς
1829 5618 1874 5673 εί

1977 5610 2119 5672 :erat
2176 5607 2237 5663 et
2269 5597 2470 5662 omnia
2521 5605 2728 5660 contra
2787 5613 2923 5659 eum
2975 5597 3381 5714 rqachinante,
3413 5609 3618 5680 posset

2037 5697 2188 5714 ιαμ-
2216 5689 2388 5714 L-_.-
2422 5705 2540 5714 Α-..
2574 5686 2874 5714 ε----212..-
2925 5685 2974 5714 ..ζ
3050 5695 3207 5714 -ι--...
3243 5707 3267 5714 -
3304 5689 3420 5714 n--
3457 5707 3575 5714 η-..

217 5686 317 5775 ἔρα
373 5686 810 5775 προσεδρεύοντος
858 5686 952 5754 τού
1011 5697 1104 5754 οὐκ
1161 5695 1235 5755 ἔτι
1281 5686 1534 5778 ἀγγέλου,
1566 5686 1688 5754 ἀλλ’
1730 5697 1874 5757 ἀπο-

1977 5697 2190 5780 φι-ἱιηιιε
2215 5689 2394 5754 homo
2422 5705 2545 5752 non
2574 5686 2874 5752 transilire
2921 5686 2979 5750 ei
3006 5686 3211 5755 datum
3239 5707 3274 5754 a
3303 5689 3425 5754 Deo
3455 5707 3613 5772 pm-
