4006 6146
403 290 522 357 495

1709 286 1989 352 MENSIS
2032 284 2463 350 DEGEMBEB.

3673 290 3786 356 496

405 434 668 509 ceptum,
705 431 764 489 et
811 425 1107 489 dedecore
1133 421 1371 487 afficere
1418 420 1957 502 adversarium,qui
2005 423 2060 482 ei

2154 421 2340 479 ττάτου
2379 426 2467 480 καὶ
2523 430 2758 504 πονηροῦ
2814 421 3083 505 δαίμονος,
3138 426 3228 483 καὶ
3284 426 3456 482 πάντα
3515 449 3782 507 μηχανω-

411 515 716 580 invidebat
765 523 1007 598 propter
1036 513 1332 594 insignem
1353 513 1644 574 honorem
1683 511 1768 575 :si
1796 512 1928 587 hoc,
1967 510 2066 571 in-

411 625 613 688 quam,
646 605 864 668 factum
916 612 1093 679 esset,
1128 603 1306 665 homo
1365 607 1524 663 esset
1551 599 1924 674 immortalis,
1958 600 2071 661 de-

410 696 636 776 gensin
662 695 1069 776 corruptione.
1098 691 1202 756 Sin
1228 690 1448 765 minus,
1473 707 1593 752 non
1614 689 1914 751 sineretur
1942 708 2034 751 am
2055 723 2074 734 -

410 786 566 866 plius
615 802 748 846 esse
807 785 868 846 in
928 781 1226 866 paradiso,
1280 780 1386 842 sed
1417 798 1488 842 ex
1519 799 1590 842 eo
1622 779 2071 853 exterminatus,

412 875 633 936 viveret
655 881 716 935 et
741 880 1098 936 moreretur.
1130 869 1313 932 Malus
1337 887 1475 949 ergo
1506 870 1759 944 daemon,
1783 870 1888 947 qui
1921 867 2074 929 invi-

411 964 511 1025 dia
543 961 851 1024 ferebatur
883 969 946 1024 in
975 960 1308 1035 hominem,
1342 962 1403 1020 in
1437 978 1571 1022 eum
1607 959 1781 1021 variis
1812 976 1956 1020 usus
1985 962 2074 1020 est

411 1051 756 1134 praestigiis,
791 1060 850 1113 et
877 1070 1015 1114 cum
1068 1069 1182 1130 ope
1212 1051 1512 1131 serpentis
1559 1048 1896 1130 decepisset
1923 1067 2076 1109 uxo-

410 1157 538 1204 rem
571 1140 750 1221 primi
801 1140 1085 1217 hominis,
1125 1158 1230 1221 per
1260 1157 1391 1201 eam
1451 1139 1642 1220 ipsum
1691 1155 1930 1218 quoque
1981 1137 2080 1198 in—

413 1229 601 1307 duxit,
630 1238 693 1292 ut
747 1237 1116 1314 praeceptum
1149 1228 1502 1304 transiliret,
1539 1235 1602 1289 ut
1633 1229 1760 1309 ipse
1790 1227 1926 1289 ideo
1971 1245 2078 1288 ex-

413 1319 620 1401 pulsus
642 1339 714 1382 ex
739 1321 1011 1402 paradiso
1042 1338 1076 1382 a
1096 1321 1221 1383 Deo
1246 1316 2081 1400 omnipotente,deduceretur

411 1409 486 1472 ad
518 1408 754 1473 labores
802 1408 1092 1473 sudorum
1129 1417 1188 1472 et
1213 1408 1550 1471 interitum.
1583 1405 1854 1472 Obtinuit
1879 1414 2077 1486 itaque

416 1499 714 1579 malignus
742 1499 1072 1574 victoriam,
1100 1497 1203 1580 qui
1231 1496 1617 1577 gloriabatur,
1653 1495 1809 1577 quod
1840 1503 2082 1576 propter

415 1607 547 1650 eam
623 1589 981 1651 sententiam
1035 1586 1339 1650 hominem
1394 1587 1721 1667 accepisset
1771 1585 2077 1647 redactum

412 1675 476 1739 in
508 1696 673 1740 suam
697 1684 1051 1759 potestatem
1077 1696 1091 1739 :
1128 1685 1187 1739 et
1219 1695 1355 1739 cum
1378 1676 1452 1738 de
1483 1684 1702 1738 caetero
1729 1674 2079 1756 multiplica-

2153 510 2314 586 μένου
2372 511 2490 569 κατ’
2547 517 2726 593 αὑτοῦ,
2791 511 2986 589 δυνηθῇ
3041 517 3068 571 6
3113 513 3318 594 πρῶτος
3373 513 3640 594 ἅνθρωπος
3697 517 3787 573 οὖ-

2153 623 2244 664 τος
2290 601 2367 677 μὴ
2412 600 2714 679 παραϐῆναι
2770 603 2869 670 τὴν
2921 601 3144 661 εντολὶν
3209 605 3306 672 τὴν
3357 601 3600 661 δοθεῖσαν
3658 606 3793 679 αὑτῷ

2157 690 2300 768 παρὰ
2342 699 2434 749 τοῦ
2479 698 2628 762 Θεοῦ,
2695 692 2778 748 οιαὶ
2819 693 3156 772 καταισχύνῃ
3219 696 3308 749 τὸν
3366 693 3649 751 ἄντίπαλον
3707 696 3794 751 τὸν

2160 781 2495 858 φθονήσαντα
2569 781 2710 854 αὒτῷ
2779 779 2863 837 διὰ
2947 781 3044 849 τὴν
3118 781 3544 860 ὑπερϐάλλουσαν
3614 784 3795 864 τιμὴν³

2158 871 2230 932 ὡς
2291 869 2333 924 εί
2388 870 2575 926 τούτου
2631 871 2938 948 γενομένου,
2970 869 3228 928 ἀθάνατον
3275 871 3416 928 εἶναι
3466 872 3556 927 τὸν
3598 871 3797 952 ἅνθρω-

2161 980 2282 1033 πον,
2344 955 2397 1013 ἐν
2443 957 2700 1038 ἀφθαρσίᾳ
2769 957 3137 1035 διαιτώμενονο
3202 962 3247 1016 εἰ
3316 959 3370 1016 δέ
3428 961 3503 1036 μή
3569 983 3653 1038 γε,
3711 965 3802 1021 οὑκ

2162 1048 2238 1104 ἔτι
2284 1047 2463 1104 tamen
2509 1049 2663 1106 αὑτὸν
2709 1048 2763 1104 ἐν
2805 1052 2883 1124 τῷ
2941 1047 3262 1128 παραδείσὼ,
3310 1051 3450 1106 εἶναι
3509 1048 3629 1106 ἀλλ’
3685 1049 3799 1116 ιξο-

2166 1137 2404 1213 ρισθέντα
2454 1138 2602 1214 βιοῦν
2654 1139 2742 1195 καὶ
2798 1138 3170 1208 ἀποθνήσκειν.
3231 1141 3290 1196 Ὀ
3350 1137 3438 1195 οὖν
3498 1138 3800 1214 ἀντικείμε-

2163 1249 2252 1291 νος
2301 1224 2522 1306 δαίμων,
2567 1229 2739 1306 φθὸνῳ
2795 1228 2928 1283 κατὰ
2991 1229 3084 1283 τοὺ
3147 1227 3419 1306 ἀνθρώπου
3490 1228 3801 1307 φερόμενος,

2163 1315 2430 1378 ποικίλαις
2488 1316 2832 1395 μαγγανείαις
2896 1315 3019 1373 κατ’
3087 1321 3244 1375 αὑτοῦ
3303 1315 3529 1397 ἐχρῆτο,
3575 1318 3664 1373 καὶ
3723 1315 3804 1373 διὰ

2163 1405 2432 1484 συνεργίας
2513 1426 2605 1461 του
2675 1403 2844 1482 ὄφεως
2918 1405 3196 1476 ἀπατήσας
3271 1407 3367 1473 την
3431 1418 3663 1484 γυναϊκα
3719 1415 3807 1464 τοῦ

2161 1493 2605 1573 πρωτοπλάστου,
2666 1491 2733 1549 δι’
2791 1493 2956 1560 αὑτῆς
3019 1497 3296 1574 παρήγαγε
3353 1496 3440 1551 καὶ
3498 1495 3658 1552 αὑτὸν
3703 1519 3810 1554 παο

2162 1580 2383 1661 ραϐἧναι
2437 1583 2533 1651 τὴν
2587 1581 2833 1652 ἐντολήν
2880 1585 2954 1648 ὡς
3020 1582 3252 1640 ἐντεῦθεν
3291 1582 3552 1664 ἐξόριστον
3595 1585 3816 1663 γενόμεο

2161 1695 2245 1730 νον
2307 1679 2400 1730 τοῦ
2457 1669 2771 1751 παραδείσου
2813 1672 2912 1728 ὑπὸ
2971 1679 3062 1728 τοῦ
3121 1679 3548 1753 Παντοκρατορος
3595 1678 3675 1741 εἷς
3717 1677 3814 1732 κό-

415 1775 540 1829 tum
573 1774 734 1830 esset
763 1785 952 1846 genus
1007 1767 1346 1841 hominum,
1378 1765 1430 1827 is
1464 1773 1740 1846 tanquam
1795 1773 2060 1844 tyrannus

2162 1784 2292 1828 πους
2353 1759 2587 1838 ἱδρώτων
2628 1762 2716 1818 καὶ
2775 1761 2968 1840 φθορὰν
3025 1761 3283 1841 ἀχθῆναι,
3335 1761 3538 1844 Εἴχετο
3580 1765 3676 1821 οὖν
3720 1767 3816 1832 τῆς

415 1874 655 1919 omnem
687 1857 947 1919 animam
978 1858 1210 1936 redegit
1241 1857 1302 1916 in
1333 1854 1702 1919 servitutem.

2159 1851 2306 1918 νίκης
2367 1852 2394 1906 6
2451 1850 2686 1922 πονηρὸς
2755 1851 2840 1906 καὶ
2914 1849 3240 1930 ἐνεκαυχᾶτο
3309 1850 3394 1908 ἐπὶ
3452 1857 3519 1922 τῆ
3592 1855 3813 1935 τοιαύτῃ

411 1945 732 2026 παραϐάσει³
764 1949 835 2013 ὡς
889 1945 1194 2013 ὑπεξούσιον
1224 1943 1399 2002 λαϐὼν
1445 1947 1535 2002 τὸν
1593 1944 1891 2025 ἄνθρωπον
1950 1946 2038 2002 καὶ
2081 1943 2270 2001 λοιπὸν
2331 1937 2684 2006 πλήθύνοντος
2729 1949 2822 1999 τοῦ
2877 1939 3058 2017 γένους
3117 1941 3224 1996 τῶν
3275 1941 3583 2021 ἀνθρώπων,
3627 1945 3808 2018 ἱεισπερ

411 2035 662 2115 τύραννος
693 2043 868 2093 πᾶσαν
897 2034 1330 2092 κατεδουλώσατο
1362 2035 1570 2116 ψυχὴν,
1603 2036 1691 2091 καὶ
1731 2036 1802 2099 εἷς
1833 2032 2104 2090 ἀπώλειαν
2136 2031 2439 2116 διέφθειρεν,

493 2122 680 2189 XXV.
709 2125 856 2189 Cum
881 2123 1082 2206 itaque
1102 2123 1145 2186 ii
1170 2123 1229 2186 in
1265 2123 1510 2185 multam
1543 2121 1690 2204 lapsi
1716 2131 1917 2184 essent
1948 2122 2066 2183 im-

413 2212 722 2295 pietatem,
777 2213 1167 2276 inundatione
1219 2212 1378 2276 Deus
1428 2212 1714 2275 mundum
1777 2211 2058 2293 perdidit.

415 2303 796 2366 Conservavit
845 2314 1048 2367 autem
1081 2301 1208 2366 Noe
1237 2300 1551 2384 quemdam
1589 2301 1777 2364 virum
1803 2302 2055 2383 justum,

415 2393 516 2475 qui
547 2394 830 2475 praeclare
872 2393 1204 2457 decertavit
1232 2393 1516 2455 adversus
1548 2391 1866 2469 malignum
1900 2391 2058 2452 hunc

414 2483 773 2561 daemonem,
809 2492 869 2547 et
913 2502 1034 2548 non
1067 2483 1174 2546 fuit
1200 2481 1274 2544 ab
1326 2500 1396 2544 eo
1426 2481 1670 2543 omnino
1719 2488 2053 2560 superatus,

413 2574 476 2635 in
518 2591 656 2635 arca
686 2573 881 2652 lignea
911 2591 1046 2635 cum
1105 2589 1289 2633 uxore
1321 2578 1382 2633 et
1408 2569 1636 2630 liberis.
1669 2569 1817 2630 Cum
1848 2586 2056 2629 rursus

413 2681 550 2725 vero
584 2662 944 2724 restituisset
973 2678 1212 2722 omnem
1245 2667 1465 2720 terram
1497 2657 1561 2718 in
1592 2656 1908 2738 pristinum
1943 2664 2054 2719 sta-

412 2758 561 2826 tum,
597 2758 872 2829 tanquam
905 2749 1090 2811 civem
1137 2745 1452 2830 quemdam
1491 2746 1770 2813 victorem
1827 2763 1961 2807 eum
1993 2745 2054 2807 in

417 2847 579 2901 terra
609 2838 830 2920 posuit.
881 2836 1252 2901 Procedente
1306 2843 1504 2898 autem
1565 2843 1853 2916 tempore,
1919 2853 2053 2896 cum

413 2945 624 2990 rursus
655 2926 1199 3010 multiplicarentur
1244 2926 1548 3007 homines,
1585 2925 1777 2986 omnis
1809 2924 2059 3006 profecit

413 3015 711 3098 impietas,
745 3023 804 3078 et
858 3034 1070 3080 omnes
1123 3013 1515 3080 vincebantur
1574 3032 1608 3075 a
1656 3014 1941 3094 peccatis,
1999 3021 2058 3074 et

417 3105 594 3166 morti
651 3105 1146 3187 subjiciebantur,
1179 3113 1238 3168 et
1300 3104 1480 3174 vincti
1512 3102 1867 3166 tenebantur
1897 3103 2052 3183 apud

413 3193 660 3272 inferos,
694 3194 769 3256 ad
822 3195 1125 3258 interitum
1157 3193 1474 3256 examinati
1533 3211 1567 3254 a
1619 3192 1876 3270 maligno
1931 3191 2057 3253 dae-

416 3302 620 3346 mone.
652 3283 922 3346 Misertus
951 3293 1146 3347 autem
1189 3283 1370 3361 Deus,
1407 3282 1505 3362 qui
1534 3300 1642 3343 nos
1671 3280 1965 3356 formavit,
2001 3289 2059 3343 et

2237 2105 2366 2199 KE’,
2430 2105 2608 2192 ”Οθεν,
2683 2123 2806 2198 περί
2872 2117 3076 2183 πολλὰς
3161 2117 3427 2183 ἀπωλείας
3499 2119 3807 2185 ἐξοκειλάν·

2149 2234 2253 2270 των
2339 2213 2532 2289 αὑτῶν,
2602 2207 2961 2284 κατακλυσμῷ
3034 2209 3130 2276 τὴν
3219 2214 3322 2287 γῆν
3393 2209 3691 2268 ἐσκέπασεν
3771 2215 3798 2268 6

2147 2303 2301 2375 Θεὸς,
2355 2297 2619 2360 ἀπολέσας
2665 2305 2837 2355 πᾶσαν
2895 2298 3081 2377 ψυχὴν
3133 2304 3328 2369 ζῶσαν.
3390 2305 3505 2357 Νῶε
3567 2298 3622 2356 δέ
3672 2324 3797 2366 ,τινα

2143 2388 2324 2469 ἄνδρα,
2389 2387 2608 2465 δίκαιον,
2669 2386 2849 2451 καλῶς
2906 2387 3304 2465 ἀγωνισάμενον
3357 2389 3489 2444 κατᾶ
3544 2388 3642 2444 τοῦ
3697 2413 3794 2446 πο-

2141 2488 2304 2554 νηροῦ
2360 2477 2542 2532 τοῦνου
2601 2473 2848 2551 δαίμονος
2907 2475 2992 2532 καὶ
3053 2475 3130 2550 μὴ
3178 2475 3491 2551 ἡττηθέντα,
3544 2474 3798 2558 διεφύλα-

2142 2564 2224 2631 ξεν
2278 2569 2305 2621 6
2381 2567 2508 2629 Θεὸς
2573 2565 2626 2620 ἐν
2671 2563 2890 2642 λάρνακι
2961 2562 3138 2642 ξυλίνη
3195 2567 3329 2640 μετὰ
3386 2568 3641 2643 γυναικὸς
3713 2577 3798 2630 καὶ

2140 2655 2362 2717 τέκνων,
2429 2653 2911 2721 Ἀποκαταστιζσας
2983 2651 3038 2709 δὲ
3097 2652 3252 2710 πάλιν
3310 2661 3487 2712 πᾶσαν
3533 2657 3638 2723 τὴν
3699 2659 3798 2737 γῆν

2141 2746 2210 2810 εἷς
2271 2745 2332 2800 τὸ
2379 2743 2611 2823 ἀρχαῖον
2660 2747 2878 2823 σχῆμα,
2937 2743 3082 2820 ὥπερ
3132 2743 3248 2799 τινὰ
3301 2743 3529 2812 πολίτην
3574 2748 3800 2814 νικητήν

2143 2840 2327 2891 τοῦτον
2373 2833 2517 2896 αὖθις
2550 2831 2603 2888 ἐν
2653 2838 2720 2910 τῇ
2768 2837 2839 2911 γῇ
2883 2831 3050 2908 ἔθετο,
3091 2833 3187 2890 Καὶ
3246 2831 3311 2900 δὴ
3365 2834 3575 2914 χρόνοις
3627 2835 3795 2894 ὕστε-

2146 2946 2232 3003 ρον
2314 2921 2688 2991 πληθυνόντων
2768 2928 2876 2978 τῶν
2959 2921 3270 3002 ἀνθρώπων,
3351 2929 3496 2980 πᾶσα
3577 2924 3797 2982 ἀσέϐεια

2144 3011 2462 3092 προέκοπτε,
2495 3013 2581 3068 καὶ
2630 3012 2822 3076 πάντες
2877 3011 3184 3093 ἒχειροῦντο
3233 3024 3350 3077 τοῖς
3409 3013 3790 3092 ἁμαρτήμασι,

2139 3104 2228 3160 καὶ
2281 3103 2550 3181 ὑπήγοντο
2581 3108 2655 3175 τῷ
2698 3101 2928 3175 θανάτῳ,
2973 3102 3060 3156 καὶ
3112 3102 3168 3156 ἒν
3196 3107 3272 3176 τῷ
3314 3099 3414 3178 ᾅδῃ
3476 3104 3798 3184 κατείχοντο

2140 3189 2370 3268 δέσμιοι,
2417 3191 2724 3266 ἑταζόμενοι
2783 3192 2856 3254 εἷς
2910 3189 3181 3248 ἀπώλειαν
3239 3191 3340 3248 ὑπὸ
3410 3199 3504 3249 τοῦ
3560 3203 3798 3274 πονηροῦ

2139 3281 2326 3340 τούτου
2363 3278 2627 3337 διαϐόλου.
2685 3278 3115 3358 Επλαγχνισθείς
3167 3283 3253 3336 οὖν
3304 3283 3332 3338 6
3381 3279 3590 3346 πλσίσας
3647 3285 3796 3360 ἡμᾶς

413 3391 534 3434 non
583 3373 833 3454 amplius
861 3373 1066 3435 volens
1118 3373 1269 3453 quod
1303 3392 1335 3434 a
1365 3389 1430 3434 se
1475 3371 1692 3432 factum
1725 3378 1850 3432 erat
1909 3388 2057 3452 opus

2154 3372 2300 3452 Θεὸς,
2331 3372 2418 3428 καὶ
2477 3368 2672 3446 μηκέτι
2703 3369 2786 3426 ἐπὶ
2830 3369 2963 3426 πολὺ
2993 3367 3235 3448 παριδεῖν
3279 3369 3470 3427 ἐθέλων
3498 3373 3558 3428 τὸ
3607 3373 3800 3432 ἑαυτοῦ

417 3461 758 3543 despicere,
783 3463 1042 3543 primum
1067 3461 1304 3544 quidem
1329 3460 1548 3523 Graecis
1578 3461 1731 3522 hanc
1759 3460 2060 3522 concessit

2154 3463 2373 3537 ποίημα,
2406 3468 2614 3539 πρῶτον
2672 3461 2960 3541 ἐχαρίσατο
3006 3463 3105 3530 τὴν
3163 3463 3365 3520 σύνεσιν
3415 3464 3612 3531 ταύτην
3670 3480 3796 3532 τοῖς

413 3551 793 3631 sapientiam,
825 3559 890 3612 ut
918 3551 1183 3613 immotis
1212 3551 1427 3613 anima;
1456 3548 1644 3611 oculis
1671 3556 2060 3629 agnoscerent

2154 3551 2428 3632 Ἕλλησιν,
2460 3551 2514 3607 εἴ
2551 3573 2658 3615 πως
2704 3550 2915 3612 ἂκλινετ
2956 3557 3033 3625 τῷ
3061 3551 3159 3619 τῆς
3194 3554 3380 3631 ψυχῆς
3409 3551 3610 3629 ὄμματι
3662 3558 3793 3614 ἔπι-

413 3638 604 3702 Deum
638 3640 1203 3720 omnipotentem,et
1227 3648 1579 3722 superarent
1599 3639 1931 3700 daemonem
1957 3638 2060 3700 ad-

2154 3648 2308 3722 γνῶσι
2380 3645 2473 3699 τ’ὸν
2527 3643 2689 3716 μόνον
2761 3643 3158 3722 παντοκράτορα
3202 3645 3358 3718 Θεὸν,
3416 3645 3499 3700 καὶ
3568 3646 3796 3725 περιγέ-

415 3729 762 3793 versarium.
801 3729 872 3792 Hi
899 3749 1066 3811 ergo,
1102 3739 1162 3792 et
1193 3730 1244 3792 si
1278 3730 1386 3791 visi
1420 3736 1558 3791 sunt
1581 3727 1886 3810 paululum
1918 3729 2060 3791 resi-

2154 3755 2337 3790 νωνται
2407 3739 2502 3790 τοῦ
2558 3731 2998 3810 ἀντιτεταγμένου
3060 3729 3328 3806 δαίμονος.
3390 3735 3547 3790 Οὗτοι
3604 3733 3684 3810 δὲ,
3753 3737 3796 3792 εἰ

413 3817 670 3898 piscere,
715 3827 773 3882 et
811 3829 1044 3883 rectum
1099 3821 1212 3881 iter
1263 3818 1498 3901 pietatis
1545 3818 1874 3899 attendere,
1923 3836 2057 3879 cum

2154 3823 2229 3878 ιαὶ
2286 3820 2466 3887 ἔδοξαν
2536 3821 2726 3900 μιγρὸν
2786 3844 2835 3878 τι
2917 3819 3169 3897 διανῆψαι
3229 3822 3318 3879 καὶ
3387 3822 3668 3891 ἐπιστῆναι
3722 3831 3795 3903 τῇ

416 3917 612 3968 tamen
643 3917 922 3989 tanquam
943 3909 1005 3971 in
1036 3909 1249 3972 umbra
1278 3908 1475 3970 verbis
1504 3908 1694 3969 solum
1727 3907 2056 3990 apprehen-

2154 3909 2384 3969 ieoasBe'f
2434 3911 2644 3990 πορείᾳ,
2698 3909 2816 3967 ἀλλ’
2867 3910 3014 3987 ὅμως
3062 3910 3242 3991 ὥσπερ
3275 3910 3330 3968 ἐν
3374 3914 3496 3984 σκιᾷ
3546 3911 3798 3990 λογισμῷ

417 3994 645 4058 dissent
691 3997 1013 4076 visionem,
1059 4017 1267 4061 rursus
1325 3996 1616 4060 cadebant
1671 4002 1733 4058 in
1791 4014 2053 4059 errorem

2154 4019 2288 4076 aovrp
2336 3999 2740 4080 φανταιτθέντες³
2801 3998 3154 4067 ἀλληνάλλως
3213 4002 3563 4076 τοπάσαντες,
3597 4003 3796 4069 πάντος

416 4085 735 4166 majorum,
765 4086 876 4168 ipsi
909 4106 1147 4168 quoque
1171 4087 1434 4169 superati
1454 4106 1488 4148 a
1509 4086 1654 4149 falsa
1671 4085 2060 4165 religione,et

2154 4092 2286 4154 ιῦθις
2370 4091 2438 4166 τῇ
2509 4097 2801 4170 προγονικῇ
2868 4089 3130 4148 ὑπέπεσον
3215 4090 3420 4165 πλάνῶ,
3480 4093 3798 4160 ἡττηθέντες

413 4173 478 4235 in
534 4174 892 4240 deteriorem
927 4178 1189 4259 prolapsi
1233 4177 1623 4258 impietatem,
1677 4183 1737 4237 et
1764 4178 1856 4236 via
1906 4175 2060 4236 invia

2154 4181 2230 4236 ui
2299 4181 2444 4237 αὑτοὶ
2514 4181 2587 4243 εἰς
2655 4178 3065 4256 δεισιδαιμονίαν
3121 4181 3209 4236 καὶ
3280 4183 3354 4244 εἷς
3414 4181 3630 4262 χείρονα
3699 4182 3796 4239 ἑκιο

415 4262 784 4328 aberrantes.
817 4267 891 4330 Et
923 4285 1036 4329 nec
1074 4267 1160 4329 sic
1192 4267 1434 4347 quidem
1467 4282 1637 4346 passa
1693 4271 1783 4326 est
1808 4263 2060 4344 insignis

2154 4269 2392 4335 πεσόντες
2503 4267 2768 4344 ἆσεϐειαν,
2853 4271 2942 4327 καὶ
3025 4267 3332 4328 ἆδιέκϐατον
3435 4269 3794 4340 πλανηθέντες

415 4360 475 4416 et
515 4353 587 4416 ab
619 4355 896 4418 omnibus
927 4355 1284 4418 celebranda
1315 4354 1422 4416 Dei
1453 4361 1711 4434 potestas
1732 4372 1838 4414 nos
1856 4353 2060 4434 jacere

2154 4357 2288 4437 ὁδόν,
2351 4356 2503 4417 Ἀλλ’
2549 4357 2656 4416 οὐδ’
2702 4359 2869 4424 οὕτως
2913 4359 3176 4441 ἠνέσχετο
3217 4362 3252 4429 ἡ
3296 4359 3460 4426 ἵλεως
3503 4362 3590 4418 καὶ
3632 4361 3796 4420 πολυ·

414 4442 479 4503 in
523 4443 780 4528 delictis,
810 4444 968 4507 unde
997 4446 1171 4507 etiam
1216 4443 1380 4505 dedit
1408 4443 1625 4524 legem,
1659 4450 1718 4504 et
1741 4443 1900 4506 misit
1929 4463 2060 4527 pro-

2154 4450 2373 4526 Βμνητος
2414 4456 2506 4507 τοῦ
2557 4457 2685 4507 Θεοῦ
2733 4448 2950 4525 δύναμις
3010 4453 3224 4507 κεῖσθαι
3278 4452 3419 4527 ἡμᾶς
3473 4450 3527 4507 ἐν
3555 4458 3633 4527 τῷ
3676 4475 3787 4510 πα-

416 4531 646 4624 phetas,
683 4543 740 4596 et
791 4533 1166 4598 multifariam
1209 4532 1548 4624 multisque
1601 4531 1796 4624 modis
1853 4535 2056 4612 generi

2154 4541 2478 4615 >απτώματι⁶
2539 4539 2654 4597 ὅθεν
2727 4541 2813 4596 καὶ
2869 4541 3031 4598 νόπον
3107 4538 3294 4622 ἔδωκε,
3353 4542 3440 4598 καὶ
3511 4543 3786 4624 προφῆτας

414 4618 804 4685 Hebraeorum
837 4624 986 4686 viam
1016 4623 1274 4687 ostendit
1305 4622 1648 4685 salutarem.
1685 4622 1910 4685 Omnes
1941 4643 2054 4685 au-

2154 4629 2494 4704 Ξξαπέστειλε,
2549 4629 2899 4708 πολυτρόπως
2955 4653 3013 4687 τε
3068 4618 3298 4698 ὑπέδειξε
3355 4638 3431 4705 τῷ
3488 4618 3638 4689 θὲνεί
3680 4639 3786 4690 τῶν

415 4717 530 4767 tem
560 4713 1005 4778 retrocedentes.
1037 4713 1373 4772 recidebant
1409 4713 1466 4768 in
1500 4710 1782 4782 majorum
1815 4727 2054 4770 suorum

2159 4717 2358 4798 Εϐρίων
2424 4721 2523 4787 τὴν
2589 4721 2853 4800 σωτήριον
2900 4717 3040 4782 ὁδόν.
3106 4720 3204 4778 Καὶ
3246 4720 3442 4785 πάντες
3498 4721 3781 4802 ἀναχαιτι-

412 4799 846 4885 infirmitatem,
873 4809 932 4866 et
961 4803 1137 4866 morti
1177 4801 1648 4882 subjiciebantur
1674 4819 1881 4862 omnes
1922 4822 2055 4882 pro-

2154 4785 2371 4886 :dp..ev0t,
2445 4785 2512 4886 τῇ
2582 4785 2874 4888 προγδνικῇ
2928 4809 3321 4887 περιεπείροντο
3379 4785 3642 4886 ἇσθενείᾷῐ
3701 4809 3783 4869 καὶ

413 4896 546 4970 pter
569 4900 906 4972 peccatum.
940 4891 1194 4975 Equum
1226 4895 1419 4972 itaque
1441 4891 1677 4953 censuit
1696 4892 1923 4972 aequale
1953 4913 2056 4956 no-

2154 4900 2330 4964 τάντες
2402 4897 2676 4955 ὑπέκειντο
2747 4905 2824 4974 τῷ
2889 4899 3098 4973 θανάτῳ
3169 4897 3253 4956 διὰ
3322 4898 3420 4965 τὴν
3504 4901 3778 4976 ἁμαρτίαν.

414 4977 643 5066 hiscum
669 4989 973 5044 certamen
1004 4982 1308 5064 suscipere
1331 4979 1617 5044 Dominus
1640 4990 1858 5043 noster.
1899 4985 2054 5046 Deus

2159 4986 2476 5046 Εδικαίωσεν
2529 4986 2618 5042 οὖν
2659 4987 2720 5043 τὸ
2751 4987 2872 5043 ’ίσον
2925 4987 3062 5064 ἡμῖν
3110 4987 3390 5066 ἀγώνισμα
3422 4988 3547 5045 αὑτὸ
3592 4986 3778 5044 ἀναδέ-

417 5063 704 5144 Verbum,
739 5079 798 5134 et
836 5070 1008 5134 nobis
1063 5063 1384 5137 ostendere
1411 5069 1716 5131 victoriam
1773 5070 2056 5135 adversus

2154 5079 2320 5144 Ξασθαι
2376 5079 2404 5133 6
2452 5075 2728 5144 Δεσπότης
2782 5079 2936 5151 ἡμῶν
2981 5078 3110 5141 Θεὸς
3155 5063 3351 5156 Λόγος,
3396 5079 3483 5135 καὶ
3525 5075 3778 5141 ὑποδεϊξει

411 5157 837 5234 adversarium,
873 5180 980 5241 par
1028 5161 1198 5224 nobis
1228 5162 1288 5223 in
1341 5159 1578 5222 omibus
1627 5158 1812 5221 factus
1844 5171 2057 5241 praeter

2154 5180 2272 5242 ἰμτν
2328 5166 2426 5234 τὴν
2475 5166 2612 5224 κατὰ
2668 5173 2761 5224 τοῦ
2823 5165 3114 5224 ἀντιπάλου
3163 5167 3338 5235 νίκην.
3415 5168 3556 5227 Κατὰ
3613 5166 3784 5224 πάντα

409 5257 722 5338 peccatum
752 5272 766 5308 :
798 5258 859 5313 et
888 5269 1021 5313 cum
1053 5251 1316 5332 seipsum
1349 5248 1636 5313 humilem
1670 5249 2049 5330 reddidisset,

2154 5255 2258 5320 ἶσος
2302 5258 2438 5331 ἡμῖν
2490 5255 2773 5335 γενόμενος
2835 5257 3012 5336 χωρίς
3071 5257 3353 5338 ἁμαρτίας,
3381 5259 3468 5316 καὶ
3525 5256 3786 5314 ταπεινώ-

412 5337 658 5427 etnobis
687 5338 888 5427 servis
935 5340 1189 5402 formam
1216 5339 1470 5402 similem
1491 5339 2053 5421 suscepisset,natus

2154 5369 2235 5410 τας
2268 5346 2477 5421 ἑαυτὸν,
2511 5347 2598 5401 καὶ
2642 5347 2828 5420 ὁμοίαν
2859 5346 3014 5421 ἡμῶν
3064 5352 3170 5404 τῶν
3201 5337 3385 5404 δούλον
3445 5351 3604 5408 αὑτοῦ
3649 5368 3786 5427 μορ-

411 5439 502 5517 est
553 5444 622 5489 ex
651 5426 923 5517 Virgine,
956 5447 1078 5491 non
1123 5436 1378 5491 mutatus
1409 5428 1734 5506 divinitate,
1763 5431 1866 5490 sed
1929 5441 2050 5496 ovis

2154 5437 2235 5516 ﬁt"
2290 5433 2490 5511 λαϐὼν,
2525 5434 2720 5514 ἐτέχθη
2781 5435 2836 5491 ὲν
2869 5439 2968 5505 τῆς
3014 5437 3166 5514 ἁγίας
3224 5435 3488 5515 Παρθένου
3518 5438 3595 5512 μὴ
3653 5426 3784 5517 τρα-

411 5513 612 5577 ferens
661 5516 881 5598 pellem
914 5527 1156 5600 propter
1181 5517 1305 5597 lupi
1357 5535 1758 5607 progressum.
1794 5519 1856 5581 Si
1887 5522 2049 5586 enim

2154 5513 2248 5591 τεὶς
2307 5531 2375 5601 τῇ
2419 5513 2655 5600 θεότητι,
2715 5523 2854 5581 ἀλλὰ
2908 5513 3135 5607 φορέσας
3203 5513 3318 5591 τὴν
3364 5533 3457 5583 τοῦ
3519 5513 3785 5606 προϐἇτου

408 5621 520 5690 per
541 5621 862 5688 supernam
886 5607 1142 5676 divinam
1173 5623 1341 5670 suam
1367 5606 1693 5691 potentiam
1725 5613 2051 5692 percussis.

2154 5615 2283 5697 τορᾶν
2327 5613 2410 5672 διὰ
2454 5616 2551 5684 τὴν
2599 5621 2690 5673 τοὺ
2735 5614 2891 5673 λύκου
2926 5606 2930 5607 ί
2960 5611 3204 5694 πρόοδον.
3267 5615 3324 5672 Εἰ
3383 5615 3483 5694 γὰρ
3528 5614 3613 5676 διὰ
3680 5621 3784 5685 τῆς
