4006 6146
277 256 387 324 497
1143 258 1617 323 ΜΑΒΤΥΒΙῸΜ
1659 256 1718 323 S.
1765 258 1889 323 EUi

1976 259 2182 325 RATII
2228 257 2326 325 ET
2367 257 2770 324 SOCIORUM.
3518 263 3637 331 498

274 391 463 452 ἄνωθεν
510 392 652 456 θείας
712 395 868 481 αὑτοῦ
922 390 1190 466 δυνάμεως
1247 391 1473 460 ὶπάταξε
1520 394 1619 481 ,τὸν
1676 393 1889 452 ἀντικεί-

1991 401 2081 461 set
2107 393 2268 458 hunc
2297 394 2699 459 adversarium
2726 395 2984 475 (poterat
3013 394 3198 477 enim,
3222 401 3286 459 ut
3316 396 3419 479 qui
3442 406 3637 481 potest

270 504 427 557 μενον
468 489 656 540 τοῦτον
689 497 705 513 ⁸
738 480 962 550 ἠδύνατο
1017 482 1117 560 γὰρ
1164 484 1237 547 ὡς
1282 482 1457 540 πάντα
1511 480 1821 563 δυνάμενος,
1875 483 1889 539 ἓ

1992 484 2216 566 omnia,
2248 503 2383 567 quae
2414 502 2449 546 a
2477 502 2572 546 me
2603 502 2723 546 non
2775 490 3023 564 possunt
3053 483 3204 560 fieri)
3236 534 3252 566 ,
3283 485 3551 551 dedisset
3581 488 3639 551 ei

269 572 385 643 ἐμοὶ
410 572 474 640 ἧν
500 570 726 629 ἀδύνατα
760 590 777 608 ⁸
809 570 929 629 ἀλλ’
964 572 1058 629 οὒκ
1086 568 1279 631 ἔδωκεν
1338 572 1481 647 αὖτῷ
1526 573 1708 652 καιρὸν
1764 571 1889 628 ἀπο·

1984 573 2204 653 justam
2236 574 2611 637 occasionem
2645 571 3039 655 defensionis,
3077 573 3334 637 dicendo
3371 596 3383 635 :
3418 572 3634 640 Homi-

264 660 450 739 λογίας
482 660 658 738 λέγειν
691 678 707 694 °
739 660 820 718 ὅτι
851 661 1175 740 ’Ἄνθρωπον
1204 660 1446 737 ἐνίκησα,
1495 661 1584 717 καὶ
1632 662 1734 718 ὁπὸ
1776 668 1889 718 Θεοί

1989 683 2126 726 nem
2181 663 2314 739 vici,
2339 671 2397 727 et
2424 683 2456 725 a
2486 662 2609 726 Deo
2643 682 2775 726 sum
2807 662 3017 725 victus.
3056 662 3134 727 Se
3161 665 3319 727 enim
3373 673 3514 730 tunc
3547 666 3638 730 sic

263 751 541 821 ἐνικήθην.
603 751 702 810 Καὶ
752 749 1152 829 εὖαπολόγητος
1182 751 1247 807 ἃν
1299 752 1567 831 ὑπῆρχεν,
1627 752 1701 817 ὠς
1758 748 1889 808 εἰδὼς

1991 754 2161 816 facile
2194 752 2480 836 potuisset
2500 752 2922 825 defendere,ut
2946 752 3047 835 qui
3072 754 3478 834 sciret,Deum
3508 756 3638 841 qui-

263 839 341 928 ὅτι
392 846 521 928 ,Θεῷ
578 861 678 916 μεν
735 840 906 897 πάντα
936 839 1143 920 ἐφικτά,
1177 841 1297 915 ἱμοὶ
1340 838 1399 928 δὲ,
1422 840 1500 915 τῷ
1526 840 1587 897 τὸ
1632 845 1786 916 σῶμα
1817 861 1889 898 πε

1992 843 2127 905 dem
2162 862 2335 923 posse
2365 845 2566 905 omnia
2595 841 2835 904 efﬁcere
2869 861 2883 903 :
2913 850 2971 905 et
3001 862 3133 915 nec.
3168 841 3218 906 si
3252 861 3468 924 corpus
3495 838 3634 928 qui—

261 927 630 1008 ριϐεὸλημένῳ
698 931 856 987 τοῦτο
931 928 1261 1008 κατορθῶσαι
1347 927 1627 991 ἀδύνατον.
1683 930 1889 987 Οἱκονο·

1989 933 2125 995 dem
2160 931 2474 1009 induisset,
2504 951 2622 996 non
2656 950 2788 995 esse
2818 929 3305 1013 ejusmodi,quod
3340 952 3457 996 non
3490 927 3635 1017 pos-

267 1021 385 1095 μίας
464 1020 554 1076 οὖν
608 1017 785 1076 ἕνεκεν
838 1019 936 1088 τὴν
1020 1017 1287 1097 ἡμετέραν
1343 1021 1371 1075 ὁ
1431 1018 1706 1087 Δεσπότης
1768 1025 1889 1095 Χρι-

1986 1029 2080 1086 set
2105 1022 2331 1085 facere.

265 1110 382 1174 στὸς
426 1104 651 1164 ἀνέλαϐε
722 1106 914 1187 σάρκα,
970 1106 1061 1163 ἵνα
1132 1107 1195 1163 τὸ
1246 1107 1375 1186 ὒπὲρ
1450 1108 1606 1182 ἡμῶν
1673 1106 1904 1186 ἀποτίσῃ

305 1196 443 1276 ρέοςο

261 1222 494 1362 χμκοξ.
545 1282 803 1359 Λάϐωμεν
861 1284 917 1342 δὲ
978 1287 1066 1344 καὶ
1128 1284 1327 1361 εἰκόνα,
1407 1283 1651 1366 δικαστά,
1720 1286 1889 1361 ὁμοίαε

2072 1287 2274 1354 XXVl.
2308 1287 2688 1370 Accipiamus
2718 1296 2940 1365 autem,
2976 1306 3011 1350 o
3036 1288 3509 1375 judex,aliquam
3544 1294 3632 1357 si-

261 1379 459 1446 ταύτης
517 1398 619 1452 μου
673 1381 775 1444 τῆς
832 1374 1158 1454 διηγήσεως.
1204 1374 1332 1432 Ἐὰν
1389 1375 1451 1431 σὺ
1483 1374 1639 1440 αὐτὸς
1671 1376 1700 1432 ὁ
1727 1375 1889 1453 κύριο<

1992 1378 2415 1459 militudinem,
2436 1396 2567 1459 quas
2592 1379 2904 1440 conveniat
2935 1377 3074 1443 huic
3104 1398 3251 1442 meae
3278 1374 3630 1448 narrationi.

257 1466 421 1529 τῆσδε
451 1469 549 1534 τῆς
580 1464 814 1545 πόλεως,
845 1464 1038 1544 ἄρκτον
1067 1467 1104 1533 ἢ
1135 1461 1268 1522 ἄλλο
1297 1486 1349 1521 τι
1377 1470 1481 1522 τῶν
1513 1466 1708 1543 Θηρίων
1738 1462 1889 1521 ἐπελ-

1988 1466 2053 1532 Si
2101 1477 2161 1529 tu
2205 1467 2358 1549 ipse,
2391 1467 2491 1548 qui
2522 1485 2587 1529 es
2617 1464 2897 1529 dominus
2947 1467 3129 1547 hujus
3184 1469 3457 1549 civitatis,
3494 1491 3628 1535 cum

256 1558 345 1613 θὸν
375 1562 448 1633 τῇ
477 1555 633 1613 πόλει
662 1556 851 1630 θεάσῃ,
884 1554 972 1611 καὶ
993 1553 1136 1632 ἐρεῖς
1166 1555 1243 1627 τῷ
1276 1551 1446 1628 δούλῳ
1471 1574 1588 1627 σου,
1623 1552 1889 1632 Παρελθὼη

1986 1558 2237 1620 vidisses
2270 1555 2500 1635 lupum,
2551 1563 2649 1617 aut
2703 1572 2933 1631 ursum,
2989 1564 3091 1620 aut
3136 1555 3396 1639 aliquam
3455 1560 3628 1623 aliam

253 1648 511 1726 φόνευσον
541 1646 690 1717 asta,
735 1645 941 1708 ἐκεῖνος
989 1641 1041 1699 δὲ
1098 1649 1174 1718 τῷ
1228 1646 1308 1717 σῷ
1349 1642 1720 1722 προστάγματι
1774 1641 1889 1700 δου-

1988 1647 2238 1710 bestiam
2258 1645 2636 1707 invadentem
2664 1652 2820 1707 tuam
2853 1644 3175 1729 civitatem,
3209 1647 3433 1712 dixeris
3459 1668 3632 1714 servo

252 1735 470 1805 λευσας,
518 1736 605 1792 καὶ
662 1732 967 1813 προσελθὼν
1009 1731 1253 1812 ἀτέχνως
1296 1729 1609 1810 καταϐληθῇ
1652 1733 1755 1790 ὑπὸ
1811 1738 1889 1791 τοί

1987 1744 2127 1800 tuo:
2168 1734 2391 1800 Occide
2432 1734 2633 1797 illam:
2673 1733 2771 1795 Ille
2802 1743 2996 1797 autem
3032 1754 3248 1818 parens
3282 1746 3382 1801 tuo
3406 1740 3626 1820 jussui,

251 1826 435 1904 θηρίου
492 1826 583 1882 καὶ
634 1824 883 1900 ἀναλωθῇ
915 1838 928 1853 ⁸
993 1820 1071 1897 μή
1131 1844 1181 1878 τι
1237 1820 1411 1902 ἀνέχῃ
1461 1821 1538 1878 ἔτι
1569 1821 1631 1880 ἐκ
1659 1819 1889 1898 δευτέρου

1985 1835 2043 1888 et
2071 1824 2201 1888 sine
2225 1832 2354 1889 arte
2380 1824 2698 1897 accedens,
2734 1822 2944 1887 fuisset
2996 1843 3031 1887 a
3080 1825 3208 1889 fera
3255 1819 3528 1908 dejectus
3572 1834 3630 1892 et

250 1913 401 1988 ἄλλῳ
451 1911 623 1986 δούλῳ
673 1934 768 1969 σου
820 1913 881 1968 τὸ
955 1918 1166 1968 τοιοῦτο
1248 1909 1533 1989 προστάξαι
1587 1910 1894 1989 ἀγώνισμα,

247 2003 282 2071 ἢ
329 2002 673 2080 καταγνῶναι
735 2005 834 2067 τῆς
894 1997 1094 2056 ἐκείνου
1136 1997 1331 2076 ἥττης,
1393 1997 1600 2073 μᾶλλον
1643 1997 1698 2056 δὲ
1741 2000 1898 2057 ἀπω-

247 2092 441 2172 λείαςς
487 2092 578 2148 καὶ
606 2090 702 2148 οὒκ
735 2089 829 2146 ’ἕνα
875 2088 954 2164 μὴ
1014 2093 1185 2165 φανῆς
1235 2085 1466 2146 ἀδύνατα
1523 2090 1895 2167 προστάσσων,

248 2187 485 2261 παρορᾷς
529 2182 617 2238 καὶ
665 2180 786 2244 τοὺς
852 2178 1103 2241 συνόντας
1160 2199 1242 2235 σοι
1294 2177 1638 2258 συμμάχους,
1682 2178 1744 2235 οὗ
1801 2178 1897 2236 κέ-

249 2293 455 2351 χρησαι
519 2269 573 2326 δὲ
614 2267 731 2326 οὔτε
787 2267 942 2343 ἵππῳ
985 2264 1102 2323 οὔτε
1141 2283 1157 2300 ⁶
1204 2264 1390 2329 ὅπλοις
1421 2266 1587 2342 τισῖν,
1635 2266 1780 2349 ἔχων
1811 2269 1899 2327 καὶ

246 2360 538 2436 δυνάμενος
563 2361 760 2438 πάντα,
804 2355 941 2414 ἀλλὰ
986 2354 1072 2413 διὰ
1118 2357 1241 2419 τοὺς
1288 2356 1503 2420 λοιποὺς
1534 2378 1627 2413 σου
1656 2354 1893 2431 δούλους,

247 2453 549 2529 ἔμπροσθεν
603 2450 774 2506 αὐτῶν
830 2447 948 2509 ἴσος
1009 2451 1085 2519 τῷ
1116 2445 1418 2526 ἐπιταγέντι
1461 2445 1628 2504 ποίλαι
1659 2448 1746 2505 καὶ
1796 2449 1898 2517 ἡτ-

248 2539 462 2607 τηθέντι
505 2536 677 2611 δούλῳ
732 2536 1045 2616 γενόμενος,
1097 2537 1171 2599 ὡς
1228 2536 1433 2600 ἰκεϊνος
1492 2537 1689 2614 γυμνὸς
1744 2536 1895 2602 ἐκτὸς

252 2632 463 2688 οἰασοῦν
517 2629 788 2705 βοηθείας,
851 2625 1127 2705 προσέρχῃ
1188 2631 1267 2699 τῷ
1331 2628 1498 2705 θηρίῳ
1557 2626 1751 2701 τούτῳ,
1808 2629 1896 2685 καὶ

1982 1921 2392 1994 consumptus,
2425 1913 2836 1977 sustineresne
2866 1913 3083 1976 iterum
3116 1913 3291 1977 alteri
3318 1934 3487 1980 servo
3514 1917 3627 1981 tale

1981 2013 2282 2068 certamen
2314 2005 2634 2082 imperare,
2680 2011 2779 2065 aut
2809 2002 2973 2065 illum
3006 2003 3314 2079 damnare,
3350 2007 3511 2087 quod
3541 2013 3629 2068 vi-

1982 2102 2110 2155 ctus
2140 2089 2471 2174 periisset?
2527 2093 2942 2175 Nequaquam.
2991 2091 3110 2157 Sed
3145 2112 3223 2156 ne
3252 2093 3513 2158 videaris
3542 2096 3630 2160 eis

1980 2183 2332 2263 imperasse,
2366 2199 2498 2261 quae
2552 2181 2686 2243 fieri
2737 2201 2855 2244 non
2889 2189 3230 2265 potuerunt,
3264 2203 3368 2247 eos
3399 2185 3508 2266 qui
3536 2192 3628 2247 te-

1981 2291 2118 2335 cum
2149 2278 2306 2347 sunt,
2341 2288 2514 2351 opem
2548 2268 2651 2332 tibi
2712 2269 2910 2346 laturi,
2946 2271 3206 2353 despicis
3241 2295 3253 2333 :
3291 2293 3410 2338 non
3444 2277 3630 2339 uteris

1981 2369 2180 2425 autem
2204 2378 2317 2423 nec
2347 2377 2524 2441 equo,
2554 2378 2664 2423 nec
2693 2358 2992 2442 aliquibus
3020 2367 3225 2439 armis,
3260 2382 3395 2425 cum
3427 2372 3486 2428 et
3514 2365 3627 2429 ha-

1982 2451 2125 2514 beas
2151 2460 2210 2513 et
2265 2451 2457 2531 possis
2515 2450 2740 2532 omnia,
2797 2449 2907 2512 sed
2940 2460 3184 2532 propter
3210 2460 3459 2516 caeteros
3492 2465 3628 2518 tuos

1980 2559 2208 2617 servos,
2241 2539 2489 2603 etiectus
2518 2538 2732 2603 similis
2766 2556 2965 2621 servo,
2999 2541 3096 2603 cui
3121 2541 3411 2624 jusseras,
3446 2550 3505 2606 et
3526 2543 3628 2626 qui

1981 2633 2168 2691 victus
2188 2629 2562 2699 fuerat.sicut
2590 2627 2716 2703 ille,
2752 2630 2947 2691 nudus
2974 2635 3032 2691 et
3063 2630 3223 2692 omni
3253 2629 3479 2693 auxilio
3509 2632 3623 2696 de-

252 2717 489 2786 πατάξας
545 2718 696 2793 αὐτὸ,
747 2718 807 2773 τὸ
849 2726 1142 2783 τηνικαῦτα
1197 2715 1293 2785 τῆς
1341 2716 1439 2792 μὲν
1480 2724 1573 2775 τοῦ
1601 2714 1889 2774 ἀναλωθέν-

1976 2720 2191 2796 fectus,
2224 2718 2298 2780 ad
2328 2719 2481 2781 hanc
2511 2715 2761 2780 bestiam
2806 2718 3044 2782 accedis
3077 2737 3093 2783 :
3130 2726 3191 2782 et
3220 2738 3289 2783 ea
3316 2739 3621 2803 percussa,

249 2831 338 2871 τος
390 2807 600 2865 οἰκέτου
674 2804 1034 2883 ταλαιπωρίας
1120 2805 1204 2862 ἐπὶ
1278 2804 1491 2862 πάντων
1548 2805 1889 2885 καταγνώσῃ,

1980 2817 2119 2871 tunc
2151 2809 2351 2870 famuli
2382 2806 2651 2887 quidem,
2677 2807 2780 2889 qui
2802 2807 2911 2869 fuit
2939 2815 3345 2891 consumptus,
3373 2808 3619 2873 damna-

254 2896 465 2964 διδάξεις
513 2894 567 2952 δὲ
631 2897 752 2960 τοὺς
812 2894 1027 2957 λοιποὺς
1060 2894 1229 2970 ὁμοίῳ
1260 2896 1530 2974 ὁρμήματι
1563 2896 1652 2952 καὶ
1693 2895 1889 2970 ἐμπει-

1976 2898 2070 2961 bis
2103 2896 2571 2959 imbecillitatem
2613 2916 2811 2959 coram
2844 2896 3124 2961 omnibus
3160 2918 3175 2959 :
3209 2896 3452 2963 docebis
3482 2918 3623 2964 vero

255 2987 341 3065 ρίᾳ
398 2989 708 3066 κεχρῆσθαι,
743 2985 925 3047 ὁσάκις
980 2984 1069 3041 ἐὰν
1110 2983 1253 3064 τύχῃ
1302 3005 1380 3059 τῳ
1412 2984 1637 3058 τοιούτῳ
1666 2984 1888 3060 προσιέ-

1976 2996 2246 3061 caateros,
2279 2995 2343 3078 ut
2384 2985 2566 3078 simili
2597 2986 2800 3048 animo
2827 2987 3116 3078 accedant
3148 2998 3208 3051 et
3232 2989 3620 3078 experientia,

251 3098 336 3132 ναι
389 3075 770 3149 συναντήματι,
815 3074 902 3130 καὶ
952 3071 1261 3142 ἆπειλήσεις
1319 3073 1460 3146 τότε,
1507 3074 1551 3130 εἰ
1619 3074 1697 3150 μὴ
1751 3074 1884 3141 ἴσως

1976 3078 2211 3177 quoties
2242 3075 2526 3177 tale'quid
2560 3077 2891 3176 occurrerit
2927 3098 2940 3140 :
2976 3084 3036 3137 et
3094 3084 3233 3177 tunc
3268 3071 3617 3177 minaberis,

246 3171 313 3243 τῇ
364 3162 744 3243 ὑποδειχθείση
788 3164 972 3226 αὐτοῖς
1028 3162 1187 3237 νήψει
1241 3164 1537 3243 χρήσονται
1593 3161 1874 3244 διηνεκῶς,

1976 3166 2015 3229 si
2073 3185 2193 3228 non
2240 3164 2518 3227 similiter
2572 3165 2660 3226 eis
2713 3175 2957 3229 ostensa
3004 3164 3245 3230 assidue
3274 3167 3365 3230 usi
3399 3169 3625 3232 fuerint

242 3256 329 3312 καὶ
369 3251 685 3334 φυλάξουσιν
742 3252 956 3317 ἑαυτοὺς
1008 3253 1097 3309 καὶ
1144 3252 1211 3308 τὰ
1242 3253 1464 3316 ἑαυτῶν,
1502 3254 1559 3311 Ei
1588 3250 1643 3309 δὲ
1672 3251 1883 3330 ἀμελή-

1976 3256 2235 3335 victoria,
2289 3265 2347 3316 et
2394 3273 2461 3317 se
2512 3261 2569 3315 et
2625 3273 2732 3316 sua
2788 3254 3202 3319 custodierint.
3236 3256 3344 3319 Sin
3395 3258 3623 3326 minus»

243 3366 415 3417 σειαν,
474 3340 788 3411 ἆπειλήσεις
867 3342 952 3399 καὶ
1034 3344 1161 3420 πρὸς
1246 3340 1627 3420 ἆναπολόγητα
1698 3343 1887 3407 αὐτοὺς

1976 3363 2071 3408 eos
2128 3344 2355 3406 futuros
2415 3344 2879 3427 inexcusabiles,
2913 3355 2970 3407 et
3026 3364 3161 3408 esse
3216 3346 3289 3408 ad
3342 3366 3620 3429 magnum

246 3432 478 3511 ἔσεσθαι,
554 3432 641 3489 καὶ
714 3430 818 3487 ὑπὸ
875 3430 1131 3505 τιμωρίαν
1203 3429 1444 3508 μεγάλην
1503 3429 1833 3512 ἀχθήσεσθαι
1868 3448 1883 3465 ⁸

242 3524 362 3587 τοὺς
418 3519 478 3576 δὲ
522 3517 914 3599 ἁνδριζομένους
958 3519 1046 3576 καὶ
1103 3520 1461 3596 μιμουμένους
1520 3521 1620 3587 τὴν
1649 3521 1750 3589 σὴν
1797 3527 1891 3580 τοῦ

244 3610 505 3668 δεσπότου
557 3607 970 3689 ὑποδειχθεϊσαδ
1048 3609 1233 3673 αὐτοῖς
1315 3609 1512 3682 ἀρετὴν
1570 3611 1671 3667 ὑπὸ
1728 3611 1892 3686 τιμὴν

245 3698 454 3767 πολλὴν
516 3701 607 3755 καὶ
666 3696 973 3777 δορυφορίαν
1016 3696 1220 3756 ἔσεσθαι
1250 3745 1267 3778 ,

245 3791 328 3846 καὶ
356 3790 630 3867 γενναίως
658 3786 1006 3864 στρατιώτας.

325 3876 451 3936 KZ'.
483 3876 664 3943 Οὕτως
693 3876 782 3932 οὗν
821 3874 917 3934 καὶ
971 3879 999 3933 ὁ
1047 3877 1323 3944 Δεσπότης
1364 3878 1521 3953 ἡμῶν
1567 3880 1812 3958 Χριστὸς,
1860 3882 1889 3936 ὁ

243 3968 435 4045 Σωτὴρ
474 3966 712 4038 πάντων,
773 3971 877 4022 τῶν
933 3964 1092 4023 αὖτοό
1147 3963 1345 4022 δούλων
1391 3965 1445 4022 ἒν
1487 3972 1556 4043 τῇ
1615 3968 1751 4024 κατὰ
1797 3976 1889 4028 τοῦ

242 4062 453 4113 Σατανᾶ
483 4055 673 4112 τούτου
697 4053 843 4131 πᾶλη
885 4061 979 4111 τοῦ
1025 4055 1147 4134 παρ’
1203 4057 1352 4131 ὑμῶν
1401 4053 1689 4130 σεϐομένου
1717 4058 1886 4127 ἡττη-

239 4146 434 4203 θέντων
493 4146 582 4202 καὶ
638 4143 1013 4222 συντριϐέντων
1070 4141 1157 4201 ὑπ’
1218 4146 1397 4224 αὺτοῦ,
1456 4145 1612 4211 αὖτὸς
1673 4145 1886 4225 ἀρρήτῳ

240 4237 339 4291 τινὶ
404 4236 494 4291 καὶ
549 4241 781 4310 μυστιγῇ
840 4236 1118 4310 οἰκονομίᾳ
1177 4233 1432 4291 ἐκένωσεν
1489 4235 1673 4292 ἑαυτὸν
1742 4259 1882 4316 μορ-

241 4327 346 4404 φὴν
388 4323 575 4381 δούλου
629 4321 806 4380 λαϐὼν
862 4325 917 4380 ἐν
962 4324 1209 4403 Παρθένῳ
1250 4324 1375 4401 ἁγίᾳ
1417 4325 1506 4381 καὶ
1552 4331 1748 4406 σεμνῇ,
1796 4328 1886 4384 καὶ

240 4414 297 4468 ἑν
344 4420 504 4470 πᾶσιν
573 4413 903 4489 ὁμοιοπαθὴς
958 4415 1096 4489 ἡμῖν
1150 4415 1432 4489 γενόμενος
1494 4416 1660 4494 χωρὶς
1706 4416 1882 4490 ἁμαρ-

1313 3699 1385 3763 ὡς
1443 3697 1624 3756 καλῶν
1653 3698 1888 3778 φύλακας

1971 3434 2280 3498 ducentlos
2312 3434 2670 3515 supplicium
2709 3456 2721 3492 :
2757 3453 2859 3497 eos
2913 3442 3137 3517 autem,
3168 3436 3270 3517 qui
3299 3454 3364 3499 se
3395 3438 3625 3501 fortiter

1974 3524 2290 3603 gesserint,
2348 3536 2408 3584 et
2463 3523 2675 3584 imitati
2717 3523 2935 3586 fuerint
2993 3523 3273 3586 virtutem
3330 3532 3474 3588 eisa
3506 3526 3618 3590 do-

1976 3614 2136 3675 mino
2173 3621 2496 3693 ostensam,
2534 3624 2591 3673 et
2649 3613 2939 3675 honorem
2999 3622 3059 3677 et
3107 3613 3438 3677 libertatem
3488 3635 3622 3679 esse

1976 3711 2425 3780 consecuturos,
2460 3709 2522 3764 ut
2554 3701 2846 3764 bonorum
2879 3702 3182 3784 custodes,
3217 3710 3274 3765 et
3306 3705 3618 3786 praeclaros

1974 3790 2215 3854 milites.

2052 3880 2287 3944 XXVII.
2323 3881 2420 3944 Sic
2443 3898 2583 3959 ergo
2614 3879 2902 3944 Dominus
2932 3899 3175 3962 quoque
3208 3890 3409 3947 noster
3432 3883 3613 3964 Deus,

1971 3969 2245 4034 Servator
2305 3971 2596 4043 omnium,
2630 3988 2764 4031 cum
2818 3970 2912 4032 sui
2967 3970 3123 4033 servi
3171 3969 3232 4032 in
3292 3973 3617 4037 certamine

1969 4068 2246 4139 suscepto
2271 4058 2555 4120 adversus
2607 4058 2965 4141 daemonem,
3018 4063 3117 4141 qui
3180 4080 3339 4123 nunc
3387 4063 3616 4127 avobis

1970 4149 2204 4221 colitur,
2240 4147 2313 4210 ab
2343 4148 2473 4229 ipso
2505 4148 2637 4209 victi
2666 4157 2865 4210 essent
2898 4157 2956 4211 et
3003 4152 3263 4225 contriti,
3296 4151 3425 4231 ipse
3456 4154 3610 4216 inef-

1967 4237 2128 4300 fabili
2166 4237 2424 4319 quodam
2450 4236 2700 4300 consilio
2732 4237 2994 4319 seipsum
3017 4240 3616 4313 exinanivit,descen-

1969 4328 2118 4391 dens
2149 4329 2220 4389 ad
2280 4337 2541 4390 sanctam
2604 4336 2664 4389 et
2720 4327 3115 4391 venerandam
3164 4330 3498 4409 Virginem,
3555 4341 3614 4394 et

1968 4419 2122 4480 servi
2156 4418 2405 4480 formam
2440 4416 2766 4498 accipiens,
2818 4426 2877 4480 et
2934 4417 2995 4479 in
3050 4416 3327 4481 omnibus
3360 4420 3612 4483 effectus

244 4502 388 4575 τίας,
438 4503 527 4558 καὶ
576 4501 631 4557 ἐν
680 4507 755 4575 τῷ
810 4502 1012 4581 θεάτρῳ
1065 4505 1156 4559 τοῦ
1211 4503 1324 4579 βίου
1366 4503 1552 4561 τούτου
1610 4504 1880 4584 προελθὼν

1976 4509 2207 4582 iisdem,
2243 4507 2457 4589 quibus
2489 4485 2599 4569 nos
2658 4506 2921 4583 obnoxii,
2955 4507 3363 4570 affectionibus
3397 4520 3614 4590 praeter

248 4589 404 4647 ἔλαθε
431 4592 518 4646 τὸν
546 4592 789 4671 τύραννον
817 4592 873 4647 ἰν
922 4597 990 4668 τῇ
1045 4592 1267 4665 ἑκουσίῳ
1315 4594 1471 4650 αὖτοῦ
1510 4595 1597 4651 καὶ
1631 4594 1885 4674 πανσόφῳ

243 4681 336 4738 καὶ
405 4681 647 4759 σωτηρίῳ
704 4679 842 4756 ἡμῖν
917 4679 1255 4762 ταπεινώσει,
1314 4684 1403 4738 καὶ
1458 4685 1550 4739 τὸν
1607 4684 1882 4764 ἀλιτήριον

236 4769 426 4828 τοῦτον
466 4767 689 4846 δαίμονα
744 4772 834 4827 τὸν
888 4770 1015 4851 παρ’
1074 4773 1240 4848 ὕμῶν,
1272 4774 1346 4837 ὡς
1402 4772 1732 4855 προείρηται,
1795 4781 1884 4832 νῦν

236 4857 528 4935 σεϐόμενον
592 4859 996 4938 καταδραμόντα
1061 4864 1297 4933 συνήθως
1371 4861 1488 4919 κατ’
1576 4863 1733 4921 αὐτοῦ
1810 4866 1884 4928 ὡς

236 4949 378 5006 κατὰ
420 4948 696 5027 ἀνθρώπου
725 4949 907 5030 ψιλοῦ,
942 4950 1294 5030 ἐχειρώσατο,
1346 4954 1437 5010 καὶ
1485 4952 1653 5010 ὤλεσε
1712 4960 1886 5011 πᾶσαν

237 5040 404 5097 αὖτώ
452 5040 554 5106 τὴν
612 5037 829 5115 δόναμιν
858 5038 942 5096 διὰ
994 5047 1087 5097 τοῦ
1135 5042 1311 5116 τιμίου
1358 5047 1518 5102 αὐτοῦ
1559 5046 1647 5101 καὶ
1698 5065 1885 5111 σωτη-

235 5130 352 5208 ρίου
409 5129 604 5192 πάθους
661 5136 753 5186 τοῦ
794 5129 849 5186 ἐν
890 5137 968 5204 τῷ
1019 5137 1249 5211 σταυρῷ,
1283 5131 1567 5197 παιδεύσας
1596 5133 1686 5190 καὶ
1714 5133 1881 5213 ἡμᾶς,

231 5218 511 5296 θεωρητὰς
569 5218 885 5296 γενομένους
940 5224 1041 5287 τῆς
1096 5222 1246 5288 νίκης
1310 5226 1491 5296 αὐτοῦ,
1550 5223 1605 5278 ἐν
1650 5222 1754 5295 ἴσῳ
1810 5228 1887 5295 τῷ

232 5309 580 5384 ὑπογραμμῷ
663 5307 1093 5390 ἀντιμάχεσθαι,
1147 5314 1233 5367 καὶ
1286 5311 1386 5378 τὴν
1442 5309 1659 5387 δύναμιν
1729 5313 1886 5368 αὐτοῦ

231 5393 618 5460 καταϐάλλειν,
653 5397 820 5461 Αὗτὸς
851 5401 936 5456 οὖν
980 5400 1045 5459 τὰ
1086 5400 1318 5480 ἡμέτερα
1374 5399 1657 5468 ἁναδὲξατο
1715 5402 1884 5476 πάθη,

231 5487 327 5542 καὶ
382 5485 483 5552 τὴν
541 5486 731 5546 ἑαυτοῦ
780 5487 1038 5545 ἀπάθειαν
1096 5487 1400 5569 ἐδωρήσατο
1428 5493 1564 5567 ἡμῖν
1600 5506 1613 5521 ·
1652 5493 1884 5556 καὶτοῖς

232 5576 291 5632 ἐν
319 5582 388 5652 τῇ
433 5580 506 5655 γῇ
532 5578 766 5643 καὶτοῖς
811 5577 865 5633 ἐν
896 5586 972 5654 τῷ
1002 5577 1098 5655 ᾅδῃ
1161 5581 1259 5648 τὴν
1305 5579 1585 5639 ἂνάστασιν
1654 5582 1885 5663 χαρισά-

1973 4605 2330 4679 peccatum:
2365 4606 2423 4658 et
2471 4615 2824 4677 progressus
2871 4597 2929 4658 in
2974 4598 3087 4659 hoc
3130 4596 3261 4659 vitae
3290 4598 3610 4675 theatrum,

1971 4686 2301 4750 voluntaria
2334 4705 2439 4750 sua
2471 4696 2525 4748 et
2560 4688 2732 4765 longe
2780 4688 3215 4765 sapientissime
3268 4697 3326 4750 et
3373 4688 3610 4755 salutari

1970 4778 2311 4840 humilitate
2371 4777 2539 4839 latuit
2594 4775 2949 4838 sceleratum
2999 4777 3190 4857 ipsum
3250 4776 3607 4854 daamonem,

1971 4867 2135 4948 quia
2168 4865 2354 4940 vobis,
2388 4875 2451 4927 ut
2509 4865 2734 4928 dictum
2793 4872 2904 4939 est,
2955 4866 3190 4940 colitur,
3248 4876 3305 4927 et
3354 4884 3513 4936 eum.
3548 4876 3610 4929 ut

1971 4964 2385 5026 consueverat,
2418 4962 2696 5033 tanquam
2730 4952 2952 5015 nudum
2984 4972 3052 5014 ac
3078 4954 3270 5015 solum
3305 4953 3608 5016 hominem

1970 5045 2373 5116 invadentem,
2402 5043 2558 5117 vicit,
2585 5051 2644 5104 et
2664 5041 2791 5121 ejus
2821 5049 2998 5103 totam
3037 5042 3365 5121 profligavit
3396 5051 3610 5121 poten-

1972 5134 2111 5196 tiam
2148 5152 2254 5214 per
2282 5151 2447 5195 suam
2482 5131 2800 5212 pretiosam
2830 5139 2890 5192 et
2919 5130 3091 5192 nobis
3118 5130 3434 5193 salutarem
3467 5150 3608 5212 pas-

1968 5223 2224 5295 sionem,
2257 5239 2434 5298 quam
2492 5222 2547 5280 in
2589 5237 2766 5280 cruce
2809 5218 3012 5300 subiit,
3047 5219 3269 5280 docens
3320 5238 3453 5293 nos,
3509 5221 3611 5301 qui

1968 5314 2187 5375 fuimus
2213 5312 2343 5391 ejus
2373 5310 2631 5372 victoria;
2666 5315 3050 5390 spectatores,
3087 5311 3301 5371 eodem
3334 5310 3608 5390 exemplo

1968 5409 2174 5464 contra
2198 5418 2332 5462 eum
2361 5417 2644 5483 pugnare,
2677 5406 2734 5461 et
2756 5399 2885 5479 ejus
2911 5397 3230 5479 potentiam
3258 5396 3522 5477 dejicere
3542 5416 3611 5460 ac

1972 5499 2373 5571 prosternere.
2411 5493 2543 5571 lpse
2576 5509 2714 5569 ergo
2735 5495 2965 5551 nostras
2985 5486 3213 5567 accepit
3237 5486 3606 5567 affectiones,

1969 5589 2030 5644 et
2060 5599 2225 5644 suam
2277 5579 2451 5646 nobis
2481 5580 2646 5644 dedit
2674 5576 3197 5660 impatibilitatem,
3232 5594 3366 5639 cum
3414 5585 3611 5639 tamen
