4006 6146
421 308 540 377 499

1719 315 2000 380 MENSIS
2039 315 2472 382 DECEMBER.

3675 315 3794 382 500

420 449 495 510 iis
521 448 624 531 qui
657 465 842 530 prope
873 456 1064 522 erant,
1098 465 1274 529 quam
1307 447 1381 508 iis
1405 446 1507 526 qui
1531 455 1703 510 erant
1725 446 1881 528 apud
1915 448 2043 510 infe-

2151 471 2333 526 μενος,
2379 453 2467 508 καὶ
2517 450 2722 518 διδάξας
2766 454 2931 525 ἡμᾶς,
2983 457 3082 519 τῆς
3126 453 3381 516 υἱοθεσίας
3436 449 3792 518 καταξιωθέν-

418 537 794 617 ros,largitus
817 547 974 600 esset
995 537 1526 618 resurrectionam,
1553 545 1612 598 et
1632 537 1932 599 docuisset
1964 555 2071 598 nos

419 627 484 690 in
515 627 772 690 filiorum
807 627 1192 707 adoptionem
1226 627 1466 702 ascitos,
1495 627 1554 688 in
1587 645 1658 688 eo
1686 646 1925 690 manum
1957 627 2067 690 ha-

421 717 568 780 bere
599 717 873 780 invictam
907 764 924 792 ,
981 723 1040 778 et
1095 715 1398 792 coronari,
1455 715 1506 777 si
1538 715 2063 781 decertaverimus.

418 807 681 887 Corpore
701 826 840 885 ergo
862 805 1173 879 vincimur,
1208 816 1267 868 et
1297 805 1584 867 vincimus
1615 805 1850 886 spiritu.
1885 805 2064 869 Cadi-

421 915 554 959 mus
582 896 643 957 in
675 895 1002 967 interitum,
1060 894 1192 956 etis
1228 913 1423 970 casus,
1477 913 1696 976 nempe
1731 895 1955 967 mortis,
1993 914 2064 958 eo

415 985 590 1048 nobis
613 984 947 1060 deducitur,
1001 992 1065 1045 ut
1114 983 1442 1046 efficiamur
1495 985 1847 1066 incorrupti,
1903 984 2063 1046 etab

414 1073 660 1138 interitu
712 1073 921 1134 alieni.
981 1073 1345 1135 Aversamur
1397 1081 1646 1134 vestram
1681 1072 2061 1149 ebrietatem,

417 1163 518 1245 qui
539 1163 657 1226 ritu
680 1162 990 1224 brutorum
1023 1162 1198 1225 vitam
1229 1164 1426 1243 agitis,
1463 1172 1520 1224 et
1543 1162 1874 1242 angelicam
1906 1183 2063 1244 quaa-

411 1252 601 1316 rimus
627 1252 1042 1316 aternitatem.
1075 1254 1208 1315 Non
1243 1261 1460 1314 terram
1492 1252 1663 1331 proni
1695 1259 2059 1334 spectamus,

410 1343 564 1406 sicut
593 1360 828 1423 pecora,
863 1360 976 1404 nec
1034 1359 1169 1402 cum
1234 1339 1422 1402 simus
1460 1340 1738 1403 belluinis
1770 1342 2058 1419 moribus,

2151 561 2271 614 τας,
2308 540 2577 610 ἀήττητον
2619 541 2717 608 τὴν
2761 539 2879 597 κατ’
2936 542 3093 598 αἶ)τοῦ
3149 554 3315 620 χεῖρα
3377 541 3573 619 φέρειν,
3639 540 3793 619 εἴπερ

2151 629 2542 711 ἀγωιοισόμεθα²
2605 631 3021 711 στεφανούμεθα.
3087 639 3175 705 Τῷ
3231 630 3320 687 οὖν
3376 631 3578 704 σώματι
3610 633 3793 698 ἡττώ-

2150 723 2308 800 μεθα,
2368 719 2461 776 καί
2523 723 2752 796 νικῶμεν
2793 722 2869 795 τῷ
2926 720 3182 797 πνεύματι
3219 736 3233 751 ⁸
3270 721 3527 796 πίπτομεν
3556 723 3631 785 εἰς
3663 725 3791 801 φθοο

2149 809 2266 886 ραν,
2318 810 2405 866 καὶ
2451 812 2523 872 εἷς
2582 808 2872 888 ἄφθαρσίαν
2941 811 3246 884 μεθίσταται
3297 812 3432 885 ἡμῖν
3491 811 3525 877 ἡ
3570 812 3794 877 τοιαύτη

2146 901 2368 972 πτῶσις,
2415 897 2557 976 λέγω
2600 897 2664 966 δὴ
2725 906 2816 954 106
2858 900 3104 962 θανάτου,
3179 899 3647 976 Ἀποστρετοὸμεθα
3708 903 3796 954 οὖν

2144 987 2242 1054 τὴν
2277 986 2390 1062 μεθ’
2421 990 2566 1063 ὑμῶν
2597 989 2695 1056 τὴν
2725 986 2875 1055 δίκην
2907 987 3116 1066 ἀλόγων
3170 989 3318 1060 ζώων
3380 989 3588 1060 ζώντων
3652 989 3796 1060 ζωὴν

2145 1077 2230 1131 καὶ
2284 1075 2507 1150 δίαιταν,
2571 1079 2657 1133 καὶ
2705 1077 2803 1144 τὴν
2847 1077 3140 1155 ἀγγελικὴν
3197 1081 3554 1152 ἐπιζητοῦμεν
3612 1076 3796 1134 ἀΐδιό-

2144 1186 2304 1232 τητα.
2367 1166 2438 1223 Οὒ
2491 1165 2760 1242 βλέπομεν
2804 1167 2950 1222 κάτω
2993 1169 3066 1230 εἷς
3115 1167 3214 1244 γῆν
3260 1169 3455 1242 ὁμοίως
3491 1181 3608 1231 τοῖς
3654 1169 3792 1236 κτή-

2145 1275 2309 1329 νεσιν,
2344 1255 2380 1322 ἢ
2411 1257 2497 1312 καὶ
2527 1258 2597 1320 ὡς
2629 1257 2673 1311 οἱ
2707 1253 2994 1322 κτηνώδεις
3026 1256 3411 1332 ὀνομαζόμενοι
3468 1256 3735 1331 ἅνθρωποι
3777 1276 3789 1288 ⁸

2145 1341 2266 1399 ἀλλ’
2323 1344 2484 1422 ὀ³ρθιοι
2530 1346 2600 1410 εἷς
2653 1346 2745 1400 τὸν
2790 1343 3007 1422 οὗρανὸν
3067 1347 3411 1422 ἅνανεύομεν²
3446 1344 3580 1402 ὅπου
3639 1347 3794 1418 ἡμῶν

412 1431 793 1495 nominamur
827 1429 1240 1507 homines,sed
1277 1429 1462 1492 erecti
1489 1429 1704 1492 caelum
1737 1431 2038 1492 intuemur

2146 1433 2206 1487 τὸ
2265 1431 2554 1507 πολίτευμα
2608 1433 2890 1512 ὑπάρχει·
2949 1431 3221 1512 διαγωγὴν
3274 1436 3370 1502 τὴν
3427 1434 3544 1491 ἐκεῖ
3603 1438 3693 1490 καὶ
3740 1435 3794 1489 ἐν

411 1530 624 1585 etcum
647 1521 836 1582 simus
859 1521 920 1582 in
954 1538 1228 1600 corpore,
1264 1521 1465 1593 vitam,
1493 1537 1625 1601 quae
1653 1520 1774 1582 illic
1802 1529 1914 1595 est,
1943 1539 2043 1583 an-

2137 1521 2345 1596 σώμᾶτι
2409 1521 2554 1585 ὄντες
2607 1523 2992 1602 ἀσπαζόμεθα,
3048 1524 3144 1578 καί
3193 1523 3560 1598 πνευματικὴν
3626 1523 3790 1579 πολι-

407 1613 657 1692 gelicam
688 1608 1374 1691 amplectimur.Scimus
1406 1609 1590 1670 animi
1616 1611 1803 1671 nostri
1833 1618 1891 1672 et
1913 1629 2043 1672 cor-

2135 1612 2279 1668 τείαν
2325 1611 2723 1690 ἐπανῃρήμεθα,
2778 1611 3012 1687 Οἴδαμεν
3074 1614 3163 1668 τὸν
3226 1612 3631 1670 ἆκατάλλακτον
3692 1621 3791 1680 τῆς

407 1701 572 1783 poris
600 1718 732 1762 esse
762 1705 1116 1780 perpetuum
1148 1707 1205 1760 et
1260 1697 1638 1779 implacabile
1669 1699 1918 1772 bellum,
1953 1718 2043 1761 sa-

2136 1703 2321 1780 ψυχῆς
2364 1701 2519 1776 ἡμῶν
2577 1703 2663 1758 καὶ
2724 1708 2816 1758 106
2861 1703 3110 1776 σώματος
3142 1701 3364 1769 διηνεκῆ
3400 1702 3668 1778 πολεμον,
3706 1709 3794 1761 καὶ

406 1790 714 1873 pientique
771 1799 830 1852 et
883 1787 1188 1890 moderata
1246 1796 1511 1893 utentes.
1557 1789 2043 1893 ratiocinatione,

2135 1789 2378 1868 λογισμῷ
2410 1791 2638 1869 σώφρονι
2671 1791 2947 1870 χρώμενοι
2980 1792 3080 1858 τὴν
3127 1794 3258 1869 πρὸς
3311 1793 3374 1848 τὸ
3399 1792 3596 1858 θνητόν
3632 1793 3793 1850 10610

404 1897 750 1944 aversamur
790 1878 1280 1958 conjunctionem
1327 1897 1462 1940 cum
1497 1878 1610 1941 hoc
1651 1878 1878 1940 mortali
1913 1897 2043 1940 cor-

2135 1886 2292 1954 σῶμα
2349 1879 2788 1961 ἀποστρεφόμεθα
2872 1883 3156 1938 κοινωνίαν
3241 1888 3346 1938 τῶν
3429 1885 3640 1956 παθῶν,
3705 1885 3790 1939 καὶ

405 1990 574 2054 pore,
605 1971 854 2051 ejusque
884 1967 1254 2029 titillationes
1288 1975 1346 2030 et
1373 1985 1587 2031 suaves
1618 1967 1886 2029 libidinis
1919 1988 2050 2031 mo-

402 2061 597 2124 tiones
626 2059 860 2122 fortiter
909 2075 1304 2120 recusamus:
1368 2057 1729 2137 cogitatione
1778 2059 1836 2118 in
1863 2057 2051 2120 altum

400 2151 670 2225 exsilire,
703 2156 762 2212 et
787 2154 1055 2211 membra
1089 2147 1471 2220 mortiticare,
1520 2164 1762 2227 semper
1804 2166 2051 2210 exerce-

401 2258 536 2302 mur
557 2257 662 2321 per
690 2237 1064 2301 tolerantiam
1097 2247 1157 2298 et
1184 2253 1217 2296 a
1248 2238 1434 2298 rebus
1468 2236 1722 2317 propriis
1747 2235 2052 2298 abstinen—

397 2329 564 2392 tiam.
613 2325 849 2392 Utimur
903 2342 1042 2387 vero
1100 2344 1248 2407 pura
1320 2335 1378 2386 et
1435 2325 1751 2407 perspicua
1811 2327 2050 2389 Domini

400 2419 588 2482 nostri
621 2417 932 2497 memoria,
965 2425 1021 2477 et
1073 2416 1322 2478 scaturit
1361 2414 1534 2476 nobis
1565 2432 1765 2477 sermo
1799 2415 2047 2478 minime

396 2503 872 2589 perturbatus.ln
890 2523 1000 2565 nos
1023 2503 1173 2565 citra
1197 2502 1382 2564 ullum
1411 2503 1908 2583 impedimentum
1942 2521 2041 2564 ra-

393 2596 648 2659 tionales
664 2601 987 2675 operantur
1005 2593 1277 2653 virtutes.
1302 2589 1439 2652 Haac
1464 2604 1524 2651 et
1541 2590 1638 2651 bis
1669 2590 1840 2669 plura
1871 2590 2044 2652 nobis

391 2685 636 2765 largitus
687 2691 776 2745 est
806 2684 988 2756 Deus,
1043 2699 1176 2742 cum
1213 2680 1518 2741 hominem
1572 2678 1887 2740 induisset.
1923 2679 2042 2743 Vos

390 2785 615 2852 autem,
650 2784 706 2833 ut
739 2780 829 2832 est
859 2768 1194 2850 probabile,
1249 2767 1487 2848 corpori
1540 2768 1684 2830 estis
1714 2767 1944 2830 dediti:
1981 2779 2040 2832 et

391 2881 526 2926 cum
557 2859 796 2942 corpori
830 2859 1021 2921 dediti
1053 2859 1204 2932 sitis,
1239 2875 1343 2919 eos
1391 2858 1537 2919 deos
1571 2856 1902 2938 appellatis,
1939 2858 2040 2938 qui

390 2953 663 3016 fecerunt
695 2948 983 3031 probrosa
1015 2966 1197 3029 opera
1227 2947 1666 3028 ignominiae,“
1695 2965 1901 3008 eorum
1939 2966 2038 3029 po-

390 3041 503 3105 sita
530 3039 727 3104 colitis
754 3038 1098 3118 simulacra,
1136 3045 1193 3099 et
1244 3037 1487 3100 alienati
1519 3037 1662 3098 estis
1701 3054 1734 3097 a
1783 3038 2038 3117 conjun-

384 3137 580 3195 ctione
610 3128 892 3190 virtutum
938 3127 1296 3200 caelestium,
1360 3135 1418 3188 et
1475 3127 1532 3187 in
1565 3125 1693 3187 dies
1723 3125 2035 3205 angimini,

2135 1970 2256 2032 τοὺς
2300 1968 2701 2046 γαργαλισμοὺς
2776 1971 2938 2028 αὖτοῦ
2986 1973 3072 2026 καὶ
3134 1970 3225 2031 τὰς
3275 1969 3593 2038 ἠῖυπαθείας
3659 1976 3794 2028 πάνυ

2136 2057 2383 2122 εὒείκτως
2438 2059 2875 2136 παραιτούμεθα,
2956 2061 3042 2115 καὶ
3111 2058 3418 2137 ὕπερπηδᾷν
3478 2063 3554 2134 τῷ
3633 2061 3790 2139 λογι-

2137 2151 2277 2224 σμῷ,
2313 2148 2398 2204 καὶ
2431 2151 2642 2227 νεκροῦ-ν
2670 2149 2736 2204 τὰ
2794 2147 2934 2224 μέλη
2986 2147 3070 2206 διὰ
3109 2149 3382 2226 καρνερίας
3414 2151 3502 2205 καὶ
3561 2151 3790 2230 ἀποχῆς

2134 2239 2238 2294 τῶν
2267 2236 2437 2306 ἡδέων
2480 2237 2558 2294 ἀεὶ
2615 2238 3010 2314 γυμναζόμεθα.
3074 2241 3340 2314 Καθαραϊς
3391 2237 3565 2294 δὲκαὶ
3629 2239 3782 2296 διαυ-

2131 2326 2249 2406 γὲσι
2301 2328 2538 2402 μνήμαις
2604 2340 2728 2390 ταῖς
2781 2329 2912 2406 πρὸς
2969 2329 3062 2382 τὸν
3109 2328 3296 2405 Κύριον
3350 2330 3506 2401 ἡμῶν
3564 2332 3782 2408 κεχρή-

2131 2421 2284 2492 μεθα,
2333 2421 2418 2474 καί
2450 2415 2607 2494 λόγος
2650 2419 2789 2491 ἡμῖν
2834 2417 3063 2494 πηγαίζει
3111 2417 3401 2490 ἀθόλωτος,
3463 2416 3683 2495 λογικαί
3730 2442 3784 2475 τε

2127 2503 2370 2575 δυνάμεις
2452 2505 2929 2584 ἀπαρεμποδίστως
3039 2506 3332 2585 ἐνεργοῦσιν
3439 2509 3512 2570 εἰς
3613 2511 3778 2583 ἡμᾶς.

2126 2602 2299 2653 Ταῦτα
2358 2598 2443 2654 καὶ
2500 2595 2721 2652 πλείονα
2778 2597 3035 2652 τούτωνὸ
3079 2599 3303 2674 Χριστος
3361 2596 3775 2674 ἐνανθρωπήσας

2126 2683 2413 2764 ἐχαρίσατο
2475 2685 2632 2758 ἡμῖν.
2682 2683 2870 2760 ἰ’μεϊς
2925 2682 2980 2739 δὲ
3025 2683 3478 2765 φιλοσωματεϊτε,
3514 2687 3599 2742 καὶ
3633 2687 3777 2767 φιλοο

2125 2782 2496 2846 σωματοῦντες
2527 2821 2542 2848 ,
2603 2775 2822 2837 εἰκότως
2895 2774 3047 2838 θεοὺς
3108 2773 3448 2852 ἀναγορεύετε
3509 2778 3632 2838 τοὺς
3687 2775 3774 2830 δεο

2123 2860 2378 2940 δρακότας
2444 2864 2508 2920 τὰ
2562 2862 2726 2938 ἄτιμα
2783 2867 2882 2930 τῆς
2934 2864 3192 2942 αἰσχύνης
3237 2863 3390 2942 ἔργα,
3437 2865 3524 2920 καὶ
3571 2863 3772 2920 εἴδωλα

2124 2953 2294 3013 αὐτῶν
2355 2953 2648 3021 στήσαντες
2707 2951 2967 3032 σέϐεσθε,
3055 2953 3140 3009 γαῗ
3199 2958 3298 3018 τῆς
3359 2959 3464 3009 τῶν
3523 2955 3774 3031 οὗρανὲων

2122 3040 2320 3118 ἀρετῶν
2379 3043 2655 3121 συναφείας
2703 3040 3056 3121 ἣλλοτρίωσθε
3090 3091 3105 3122 ,
3166 3045 3253 3098 καὶ
3313 3039 3584 3099 ὀδυνᾶσθαι
3663 3043 3772 3099 καθ’

2123 3130 2352 3197 ἑκάστην
2407 3131 2466 3187 οὔ
2524 3130 2687 3206 μόνον
2745 3131 2829 3188 ἐπὶ
2875 3147 2998 3196 ταῖς
3056 3131 3324 3210 ἀτυχίαις,
3381 3131 3516 3189 ἀλλὰ
3561 3133 3774 3189 καὶέπί

389 3239 508 3283 non
552 3220 746 3282 solum
782 3225 1026 3298 propter
1055 3233 1154 3278 res
1206 3214 1506 3294 adversas,
1551 3213 1656 3275 sed
1689 3214 1864 3276 etiam
1900 3233 2037 3296 pro-

2130 3233 2244 3284 ταϊς
2302 3221 2614 3299 ὑπερόγκοις
2674 3220 2768 3276 καί
2847 3219 3206 3299 ὀνειροπόλοῖς
3265 3228 3355 3277 106
3408 3223 3523 3297 βίον
3583 3223 3777 3279 τούτου

390 3305 523 3390 pter
551 3307 903 3381 insolentes,
941 3314 999 3367 et
1031 3323 1159 3386 quae
1188 3305 1247 3366 in
1280 3303 1509 3366 somnis
1553 3304 1873 3384 agitantur,
1917 3305 2035 3367 hu-

381 3399 481 3479 jus
513 3396 648 3459 vitaa
679 3395 1013 3458 felicitates.
1049 3395 1166 3456 Vos
1226 3411 1345 3454 non
1394 3393 1586 3455 solum
1619 3411 1891 3474 corpore,
1929 3395 2033 3456 sed

389 3487 564 3550 etiam
594 3485 792 3548 anima
822 3484 1124 3546 morimini
1154 3483 1225 3545 ad
1250 3501 1412 3558 eum,
1447 3483 1544 3563 qui
1588 3501 1889 3564 nunquam
1919 3483 2030 3545 de-

390 3578 552 3654 sinit,
586 3576 918 3639 interitum.
952 3573 1071 3636 Nos
1101 3583 1302 3636 autem
1334 3592 1367 3634 a
1397 3571 1652 3635 Domino
1673 3581 1872 3635 nostro
1890 3574 2032 3637 Jesu

386 3667 624 3731 Christo
685 3665 1045 3739 didicimus,
1109 3663 1400 3725 viventem
1481 3662 1756 3738 Spiritum
1818 3682 2032 3744 corpus

387 3775 646 3839 quoque,
672 3754 832 3833 quod
864 3752 1144 3816 omnibus
1167 3752 1468 3814 communi
1491 3752 1739 3814 solvitur
1761 3752 2028 3828 interitu,

386 3865 594 3910 rursus
617 3847 906 3911 animare.
927 3851 985 3905 et
1015 3842 1086 3904 ad
1107 3842 1609 3904 immortalitatem
1637 3841 1688 3904 ei
1710 3843 2031 3904 essentiam

390 3936 680 4018 praebere.
713 3933 849 3996 Haec
879 3951 1019 4012 ergo
1051 3931 1312 3994 breviter
1343 3950 1474 3992 sum
1511 3940 1955 4012 persecutus,ut
1975 3939 2034 3994 et

391 4035 491 4088 tuo
527 4023 758 4088 Platoni
790 4041 1026 4104 parens,
1058 4032 1114 4084 et
1142 4042 1176 4083 a
1220 4040 1314 4084 me
1367 4021 1605 4083 discens
1635 4040 1706 4083 ea
1737 4041 1869 4100 quae
1898 4039 2035 4084 vera

390 4123 550 4190 sunt,
583 4114 892 4175 renunties
925 4112 1239 4194 parricida:
1260 4111 1334 4173 de
1359 4120 1458 4172 tuo
1478 4119 1534 4172 et
1555 4111 1796 4173 amabili
1825 4131 2034 4192 cygno,

391 4203 492 4285 qui
527 4203 776 4264 multum
809 4203 910 4264 flet
931 4209 1176 4282 propter
1205 4209 1455 4262 mortem
1481 4219 1722 4262 suorum
1753 4201 2033 4265 ﬁliorum.

472 4290 896 4355 XXVlll.Dixit
927 4309 1146 4371 praeses
1169 4290 1520 4370 Agricolaus
1551 4311 1563 4352 :
1589 4291 1720 4352 Non
1745 4291 2042 4370 potuimus

393 4401 503 4444 nos
530 4380 866 4442 divinorum
895 4391 951 4442 et
986 4397 1334 4458 magnorum
1369 4397 1576 4458 regum
1620 4379 1865 4441 virtutes
1914 4379 2040 4441 dis-

393 4488 666 4545 cernere,
700 4469 804 4532 sed
864 4469 1055 4531 solum
1115 4469 1188 4528 iis
1246 4467 1515 4542 credere,
1567 4487 1698 4548 quae
1735 4469 2045 4547 jusserunt

2122 3308 2418 3388 εύτυχίαις.
2474 3308 2664 3384 ’Υμεϊς
2697 3313 2756 3368 o6
2812 3311 2973 3384 μόνον
3032 3309 3264 3383 σώματι,
3313 3309 3448 3368 ἀλλὰ
3497 3313 3584 3366 καὶ
3619 3315 3776 3391 ψ’)χῇ

2119 3397 2701 3478 ἆποθνήσκετε,ὖδμεῒς
2761 3397 2814 3453 δὲ
2862 3399 2973 3472 ἅμα
3030 3405 3106 3472 τῷ
3160 3400 3317 3470 ζῶντι
3376 3401 3642 3475 πνεύματι
3701 3424 3768 3457 κα

2115 3487 2176 3541 τὸ
2219 3492 2396 3562 σῶμα,
2429 3489 2488 3543 τὸ
2536 3501 2648 3551 τοῖς
2683 3495 2811 3544 πᾶσι
2855 3493 3007 3564 κοινῇ
3065 3488 3322 3562 λυόμενον
3359 3493 3543 3567 φθορᾷ,
3581 3494 3770 3570 ψυχα-

2116 3579 2404 3652 γωγεῖσθαι
2465 3577 2606 3639 αὖθις
2685 3578 2774 3633 καὶ
2852 3579 2923 3641 είς
3004 3577 3286 3633 ἀθανασίαν
3346 3579 3776 3636 οὗσιοποιεϊσθαι

2113 3666 2214 3721 ὑπὸ
2271 3671 2363 3720 τοῦ
2418 3668 2602 3742 Κυρίου
2659 3667 2814 3740 ἡμῶν
2870 3664 3049 3732 ἰησοῦ
3108 3672 3330 3744 Χριστοῦ
3385 3665 3773 3746 ἐδιδάχθημεν.

2117 3761 2288 3811 Ταῦτα
2319 3756 2489 3811 τοίνυν
2516 3759 2572 3811 'sv
2616 3755 2856 3830 ἐπιτόμῳ
2885 3753 3169 3827 διεξῆλθον,
3216 3756 3308 3812 ἵνα
3369 3759 3455 3813 καὶ
3508 3758 3584 3831 τῷ
3616 3764 3770 3839 σοφῴ

2118 3865 2210 3899 σου
2269 3842 2511 3901 Πλάτωνι
2571 3844 2831 3917 πεισθείς,
2886 3846 2973 3900 καὶ
3026 3843 3150 3922 παρ’
3197 3845 3324 3921 ἐμοῦ
3353 3845 3559 3914 τάληθή
3621 3845 3772 3904 διδα-

2116 3933 2297 4012 χθεὶς,
2355 3933 2594 4010 ἀποτάξῖ,
2652 3937 2726 4006 τῷ
2755 3932 3044 4010 πατραλοία
3104 3937 3183 3990 Διὶ
3233 3939 3309 4008 τῷ
3360 3938 3460 4009 0εῴ
3514 3958 3632 4009 σου,

2117 4020 2445 4100 ἐπαφρόδίτῳ
2476 4023 2670 4097 κύκνῳ,
2705 4029 2780 4097 τῷ
2839 4022 3015 4079 πολλὰ
3060 4022 3287 4081 κλαίοντι
3339 4025 3429 4081 ἐπὶ
3488 4032 3565 4099 τῷ
3608 4025 3776 4083 θανά-

2119 4133 2194 4186 τῳ
2222 4117 2328 4168 τῶν
2359 4111 2556 4168 τέκνων
2590 4112 2768 4173 16106.

2209 4288 2341 4350 KH’.
2406 4288 2752 4366 ’Λγρικόλαος
2799 4291 2970 4346 εἰπεῖν
3008 4307 3020 4320 ’
3058 4292 3162 4348 Οὖιι
3220 4293 3332 4349 οἶοί
3390 4316 3446 4350 τε
3501 4299 3769 4365 καθεστή-

2124 4400 2293 4453 καμεν
2327 4381 2485 4454 ἡμεῖς
2513 4380 2605 4442 τὰς
2659 4385 2764 4434 τῶν
2823 4379 3072 4456 μεγάλων
3131 4385 3224 4437 καὶ
3269 4385 3555 4440 θειοτάτων
3611 4388 3764 4462 βατι-

2125 4467 2260 4523 λέων
2311 4468 2498 4545 ἀρετὰς
2555 4466 2921 4545 διαγινώσκειν
2957 4516 2970 4542 ,
3037 4469 3173 4526 ἀλλὰ
3224 4471 3383 4544 μόνον
3439 4473 3605 4529 εἴκειν
3651 4480 3768 4532 τοῖς

391 4560 803 4638 imperatores.
840 4557 1237 4630 Quamobrem
1271 4567 1546 4620 cessante
1576 4563 1735 4619 omni
1767 4577 2043 4638 superva-

2130 4557 2496 4634 προστάγμασι
2554 4562 2658 4612 τῶν
2717 4559 3071 4633 κρατούντων.
3133 4559 3292 4616 ’Ὅθεν
3353 4563 3526 4629 πάσης
3584 4585 3767 4634 περιτ-

395 4666 579 4711 canea
607 4648 878 4710 oratione
910 4655 968 4708 et
999 4647 1474 4728 dilatione,veni,
1511 4659 1567 4709 et
1597 4649 1712 4709 diis
1745 4649 2036 4728 sacriﬁca,

392 4737 615 4818 alioqui
691 4737 1125 4818 periclitaberis
1221 4738 1404 4800 multa
1486 4737 1822 4816 supplicia,
1909 4757 2041 4818 quae

394 4845 694 4907 nunquam
746 4827 1043 4889 audivisti.
1107 4827 1360 4888 Sanctus
1421 4826 1570 4888 dixit
1629 4826 1959 4888 Eustratius
2021 4847 2036 4888 :

395 4915 511 4980 Cur
541 4935 649 4978 nos
697 4935 836 4996 ergo
896 4916 1088 4977 fecisti
1135 4923 1364 4977 tantum
1429 4915 1647 4976 laboris
1693 4934 1930 4997 capere,
1979 4926 2040 4978 et

393 5025 515 5068 non
548 5004 657 5066 hoc
716 5005 818 5066 diu
868 5014 1009 5068 ante
1040 5005 1326 5086 coepisti?
1380 5003 1550 5067 Tunc
1591 5004 1767 5084 jubet
1815 5005 2035 5067 lectum

393 5094 593 5158 afferri
624 5095 906 5170 ferreum,
944 5102 1003 5156 et
1045 5095 1296 5158 multum
1346 5095 1542 5173 ignem
1593 5093 1915 5167 substerni,
1977 5109 2040 5159 ut

391 5185 523 5266 ipse
544 5185 870 5258 arderet,et
901 5183 1165 5246 candens
1196 5186 1562 5255 evaderet,et
1590 5192 1857 5245 sanctum
1888 5182 2038 5246 Ore-

395 5283 544 5335 stem
605 5273 863 5354 primum
919 5273 970 5335 ei
1010 5272 1187 5354 jubet
1232 5275 1479 5354 imponi,
1534 5283 1592 5336 et
1639 5273 1784 5335 dicit
1834 5281 2038 5335 sancto

394 5362 730 5425 Eustratio:
765 5365 1015 5442 Equum
1067 5370 1179 5442 est,
1233 5373 1296 5424 ut
1327 5383 1484 5439 cum,
1522 5382 1652 5444 quae
1704 5372 1761 5423 te
1797 5372 2040 5425 manent

395 5450 709 5529 supplicia,
744 5449 906 5532 prius
939 5451 998 5511 in
1034 5451 1169 5513 aliis
1198 5452 1384 5513 fueris
1415 5452 1869 5533 contemplatus,
1900 5462 2039 5514 tunc

397 5537 612 5599 subeas
634 5546 1020 5617 tormentum,
1047 5549 1109 5600 ut
1130 5541 1589 5603 constantiorem
1614 5541 1890 5602 ostendas
1913 5542 2038 5602 for-

399 5625 718 5692 itudinem.
747 5628 1005 5692 Sanctus
1055 5647 1194 5692 vero
1247 5632 1482 5695 Orestes
1517 5649 1652 5693 cum
1698 5629 1770 5691 ad
1815 5629 2036 5693 lectum

2125 4644 2366 4722 τολογίαι·
2416 4647 2511 4702 καί
2569 4645 2837 4712 ἀναϐολῆς
2899 4647 3162 4723 ἀργούσῃς
3209 4649 3441 4716 ἀποστὰς
3483 4700 3497 4730 ,
3537 4653 3767 4730 προσελ-

2120 4737 2224 4792 θὼν
2265 4739 2418 4792 θῦσον
2461 4748 2578 4797 τοῖς
2633 4739 2776 4798 θεοῖς
2811 4751 2824 4765 ⁸
2890 4737 3003 4793 ἐπεὶ
3076 4741 3374 4816 πειραθήση
3433 4742 3760 4816 {hamum-

2122 4828 2244 4900 ρίων
2301 4825 2582 4903 ὀργάνων,
2639 4825 2712 4880 ὧν
2771 4827 2830 4882 οὗ
2885 4827 3102 4883 πώποτε
3161 4827 3418 4894 ἤκουσας,
3489 4830 3549 4887 Ὀ
3614 4829 3760 4908 ἅγιος

2125 4914 2434 4991 Εὖστράτίος
2493 4915 2694 4970 εἷπενο
2760 4915 2816 4972 Τί
2875 4916 2962 4972 οὖν
3019 4916 3216 4978 κόπους
3272 4920 3407 4992 ἡμῖν
3469 4921 3756 4999 παρὲσγες,

2121 5005 2208 5059 καὶ
2269 5003 2346 5079 μή
2407 5004 2507 5080 πρὸ
2566 5001 2768 5060 πολλοῦ
2824 5012 2978 5061 τοῦτο
3036 5006 3320 5084 ein-icui;
3373 5007 3500 5064 Τότε
3559 5009 3755 5063 κελεύει

2122 5093 2306 5161 κλίνην
2362 5091 2577 5171 σιδηρᾶν
2647 5093 2932 5173 ἐνεχθῆναι
2968 5143 2984 5168 ,
3046 5097 3132 5150 καὶ
3215 5097 3604 5174 ὑποστρωθῆναι
3659 5104 3757 5172 πῦρ

2121 5182 2254 5240 πολὺ
2289 5230 2304 5255 ,
2378 5182 2514 5238 ὥστε
2590 5183 2753 5249 αὐτὴν
2837 5187 3273 5261 πυρακτωθεϊσαν
3359 5184 3758 5264 σπινθηρακώδη

2121 5274 2359 5351 γενέσθαι
2397 5288 2409 5301 ”
2459 5273 2546 5327 καὶ
2589 5274 2680 5327 τὸν
2722 5273 2875 5350 ἅγιον
2925 5273 3182 5342 Ὀρέστην
3227 5282 3438 5350 πρῶτον
3495 5276 3580 5332 ἐπ’
3631 5277 3762 5351 αθ)τῇ

2121 5360 2421 5428 ἐπιτεθῆναι
2467 5357 2744 5436 κελεύσας,
2803 5359 2946 5439 λέγει
2991 5363 3121 5438 πρὸς
3178 5365 3274 5418 τὸν
3317 5363 3470 5440 ἅγιον
3532 5365 3760 5443 Εὗστρά-

2120 5472 2230 5506 τιον
2264 5466 2278 5480 ⁸
2332 5449 2544 5506 Δίκαιόν
2586 5453 2698 5506 ἐστι
2748 5451 2836 5513 τὰς
2886 5453 3145 5525 μενούσας
3200 5473 3257 5506 σε
3301 5454 3560 5531 τιμωρίας
3627 5461 3766 5530 πρῶ-

2121 5561 2208 5596 τον
2241 5540 2294 5596 ὲν
2337 5538 2518 5602 ἄλλοις
2562 5542 2848 5619 θεωρῆσαι³
2898 5541 2989 5596 καὶ
3036 5543 3093 5596 τὸ
3137 5548 3426 5607 τηνικαῦτα
3476 5543 3763 5619 ὃπομεϊναι

2117 5631 2212 5698 τὴν
2267 5629 2518 5705 βάσανον,
2579 5627 2669 5684 ἵνα
2718 5629 3123 5709 εὖσταθεστέραν
3165 5630 3261 5696 τὴν
3318 5632 3598 5709 καρτερίαν
3643 5633 3760 5688 ἁνε-
