4028 6138
273 327 379 394 501

1136 320 1608 385 MARTYRIUM
1653 319 1718 382 S.
1764 315 2180 382 EUSTRATII
2224 317 2320 379 ET
2364 316 2764 380 SOCIORUM.

3522 316 3640 384 502

274 461 502 539 πιδείξη.
552 453 612 520 Ὀ
657 461 715 517 δὲ
763 460 912 538 ἅγιος
968 450 1222 538 Ὀρέστης
1261 456 1618 534 ἀπυγόμενος,
1664 451 1918 510 ἐδειλίασε

2005 452 2420 528 adduceretur,
2455 453 2690 515 timuit:
2725 457 2784 514 et
2813 457 3083 514 sanctum
3115 451 3356 514 intuens
3384 453 3634 518 Eustra-

268 555 352 609 καὶ
411 551 812 630 προσεσχηκὼς
847 555 924 622 τῷ
965 549 1098 627 ἁγίῳ
1142 545 1441 619 Εὖστρατίῳ
1496 548 1649 630 εἶπεν
1683 562 1697 576 ·
1761 541 1914 607 Εὗξαι

265 642 396 715 ὑπὲρ
453 625 738 716 ἐμοῦξνδτι
794 641 983 714 κάμνει
1016 625 1144 713 -μου
1192 638 1219 691 6
1263 633 1542 712 λογισμός.
1581 625 1637 690 Ὀ
1684 631 1740 688 δὲ
1771 631 1912 688 ἀπο-

266 733 457 807 κριθεὶς
502 735 658 787 εἶπεν
692 731 836 801 αὒτῷ
868 745 882 760 ⁸
940 727 1028 792 Μὴ
1080 723 1352 802 ὀλιγώρει,
1400 721 1590 801 ἀδελφέ
1639 721 1859 798 Ὀρέστα
1897 738 1910 751 ·

261 823 297 886 ἡ
326 823 421 875 θέα
463 820 563 896 γὰρ
607 818 768 892 μόνον
813 817 930 896 ἔχει
960 818 1051 871 τὸν
1096 812 1258 892 φόϐον
1289 829 1302 843 ⁸
1355 811 1602 878 αἴσθησις
1645 808 1700 865 δὲ
1731 809 1791 868 οὒ
1835 810 1913 885 μὴ

265 931 346 965 σοι
408 907 658 985 γένηται,
729 907 818 962 ἐὰν
885 903 1086 982 θαῤῥῶν
1181 900 1516 980 προσέλθῃς·
1596 900 1911 975 παρίσταται

267 1000 363 1075 γὰρ
413 1000 553 1072 ἡμῖν
613 1000 640 1053 6
707 998 836 1058 Θεὸς
911 997 1118 1071 βοηθῶν
1195 993 1284 1048 καὶ
1367 987 1908 1065 ἀντιλαμϐανόμενος.

272 1087 524 1160 Μέμνησο
584 1091 683 1152 τῆς
729 1085 1105 1162 γενναιότητος
1161 1083 1256 1137 τοῦ
1298 1081 1448 1158 ἁγίου
1506 1077 1776 1144 Αὖξεντίου
1826 1079 1914 1134 καὶ

268 1183 370 1231 τῶν
412 1175 622 1232 λοιπῶν
680 1175 865 1251 ἀγίων,
924 1174 1014 1228 καὶ
1071 1172 1148 1247 μὴ
1223 1169 1420 1249 χείρων
1477 1169 1620 1230 τινός
1690 1171 1860 1247 φανῇς
1897 1186 1910 1202 ⁶

263 1266 455 1340 μικρὸν
486 1266 615 1342 γὰρ,
647 1265 834 1340 μικρὸν
883 1261 1006 1318 ὅσον
1057 1261 1146 1316 καὶ
1199 1257 1436 1332 ἐκλείψει
1495 1259 1658 1313 ταῦτα
1691 1276 1704 1289 ⁶
1767 1255 1912 1331 μένει

263 1353 317 1409 δὲ
385 1353 524 1427 ἤμϊν
581 1353 638 1408 ἐν
696 1352 941 1430 οὐρανοῖς
997 1349 1256 1426 θησαυρὸς
1320 1345 1692 1412 ἀτελεύτητος.
1740 1352 1914 1403 Ταῦτα

262 1443 498 1506 ἀκούσας
557 1445 586 1498 6
648 1441 903 1515 Ὀρέστης
992 1439 1249 1517 ἐθάρσησε
1285 1485 1300 1516 ,
1389 1437 1475 1492 καὶ
1554 1433 1772 1512 ἀνδρείῳ
1841 1441 1916 1506 τῷ

261 1534 567 1612 φρονήματι
626 1529 934 1608 προσελθὼν
984 1527 1176 1601 ἥλατο,
1243 1529 1331 1583 καὶ
1406 1524 1536 1590 ἔστη
1592 1524 1773 1580 ἐπάνω
1827 1526 1922 1580 του

261 1620 754 1697 πεπυρακτωμένον
859 1615 1150 1690 κραϐϐἀτου
1252 1614 1489 1692 ἐκείνου,
1576 1615 1664 1670 καὶ
1745 1635 1917 1669 κατα-

260 1712 565 1789 σφραγίσας
627 1709 852 1779 ἑαυτὸν,
922 1704 1215 1785 παραυτίκα
1273 1703 1568 1766 ἀνακλιθεὶς
1604 1749 1619 1776 ,
1691 1702 1918 1770 ἡπλώθη

1998 542 2168 614 tium,
2194 543 2342 604 dixit
2378 564 2390 604 :
2415 544 2526 605 Ora
2553 560 2657 622 pro
2682 559 2777 603 me
2798 559 2814 615 ;
2839 540 3065 603 laborat
3105 540 3267 603 enim
3296 541 3443 604 mihi
3467 545 3634 622 c0gi-

1997 634 2159 694 tatio.
2189 631 2444 694 Sanctus
2501 638 2698 692 autem
2747 629 3060 710 respondit
3107 629 3474 693 Eustratius:
3510 631 3641 694 Noli

1998 720 2263 782 animum
2294 719 2691 800 despondere,
2745 719 2929 780 frater
2972 716 3204 782 Oresta.
3255 718 3430 781 Solus
3478 719 3640 783 enim

1997 818 2271 889 aspectus
2291 809 2459 870 affert
2483 808 2754 870 timorem
2780 815 2838 869 et
2875 809 3235 880 cruciatum;
3270 808 3467 870 nullus
3497 827 3639 873 vero

1998 899 2130 978 ejus
2151 897 2259 958 tibi
2280 897 2472 960 aderit
2493 915 2728 972 sensus,
2755 897 2802 958 si
2820 897 3102 958 audacter
3126 905 3184 960 et
3213 897 3416 959 ﬁdenti
3439 900 3639 962 animo

1997 988 2346 1049 accesseris.
2380 986 2514 1067 Ipse
2548 992 2704 1048 enim
2737 985 3026 1048 Dominus
3054 987 3223 1049 adest
3263 987 3436 1049 nobis
3464 987 3643 1068 adju-

2001 1086 2112 1151 tor,
2146 1085 2203 1138 et
2227 1095 2334 1137 nos
2363 1075 2658 1139 defendit.
2682 1075 2978 1138 Memento
3004 1077 3421 1154 generositatis
3449 1081 3641 1141 sancti

1996 1165 2298 1240 Auxentii,
2333 1175 2392 1226 et
2441 1166 2811 1246 reliquorum
2871 1173 3256 1246 sanctorum;
3322 1185 3516 1247 neque
3568 1169 3642 1231 iis

1999 1257 2256 1320 videaris
2283 1255 2568 1328 deterior,
2603 1257 2730 1317 haec
2763 1254 2920 1316 enim
2977 1273 3114 1316 mox
3145 1255 3428 1319 deﬁciunt
3458 1275 3472 1320 :
3508 1265 3640 1320 mti-

1998 1354 2104 1408 net
2125 1353 2320 1407 autem
2352 1363 2461 1406 nos
2491 1345 2830 1418 thesaurus,
2865 1345 2973 1422 qui
3027 1363 3145 1406 non
3178 1352 3371 1426 potest
3394 1347 3638 1410 auferri.

1999 1435 2136 1498 Hec
2165 1453 2298 1496 cum
2333 1443 2570 1496 sanctus
2613 1432 2939 1495 audivisset
2976 1433 3244 1508 Orestes,
3292 1435 3532 1500 audenti
3582 1445 3646 1499 et

2000 1525 2136 1586 forti
2185 1525 2382 1585 animo
2415 1523 2666 1603 insiluit,
2710 1531 2770 1584 et
2819 1522 2982 1584 stetit
3011 1541 3192 1603 supra
3223 1523 3473 1602 ignitum
3505 1545 3643 1605 gra-

2003 1614 2224 1686 batum,
2262 1632 2396 1675 cum
2450 1631 2516 1674 se
2565 1618 2882 1692 signasset,
2933 1621 2992 1674 et
3023 1613 3218 1674 statim
3255 1615 3641 1692 accumbens,

2002 1710 2122 1764 toto
2155 1720 2408 1782 corpore
2439 1720 2503 1762 se
2537 1702 2818 1782 expandit
2868 1720 3048 1782 supra
3076 1703 3310 1783 ignem;
3345 1711 3405 1766 et
3436 1722 3646 1785 magna

258 1799 373 1871 ὅλῳ
428 1805 508 1870 τῷ
587 1797 795 1870 σώματι
854 1796 940 1851 ἐπὶ
994 1804 1086 1852 τοῦ
1143 1795 1326 1871 πυρὸς,
1388 1794 1476 1848 καὶ
1532 1790 1668 1848 οὕτω
1724 1789 1916 1868 κράξας

2005 1809 2144 1854 voce
2195 1791 2482 1864 clamans,
2538 1790 2726 1852 dixit:
2792 1789 3043 1853 Domine
3087 1789 3233 1855 Jesu
3290 1791 3546 1869 Christe,
3577 1794 3641 1856 in

257 1894 417 1966 φωνῇ
478 1885 720 1963 μεγάλῃ,
785 1886 978 1963 Κύριε,
1043 1886 1112 1947 εἰς
1188 1896 1380 1963 χεῖρας
1439 1902 1532 1938 σου
1589 1883 1914 1959 παρατίθημι

257 1979 318 2033 τὸ
369 1977 581 2049 πνευμά
633 1996 756 2054 μου,
817 1972 1090 2052 παρέδωκε
1149 1973 1246 2040 τὴν
1297 1972 1506 2050 ψυχήν,
1566 1971 1915 2050 Ἐπεφώνησε

255 2065 310 2120 δέ
361 2068 510 2139 αὐτῷ
575 2066 604 2121 6
653 2064 801 2141 ἅγιος
876 2064 1198 2142 Εὖστράτιος
1259 2063 1320 2118 τὸ
1373 2062 1570 2134 Ἀμήν.
1635 2063 1731 2118 Καὶ
1780 2059 1916 2133 μετά

256 2164 429 2212 ταῦτα
491 2154 810 2229 προσέταξεν
866 2155 894 2209 6
964 2154 1182 2229 ἡγεμὼν
1239 2153 1328 2207 τὸν
1389 2151 1544 2228 ἅγιον
1600 2149 1915 2226 Εὖστράτιον

262 2247 336 2310 εἰς
400 2246 500 2309 την
558 2243 787 2322 φρουρὰν
845 2243 1228 2320 εἰσενεχθῆναι.
1298 2240 1508 2318 Ἀχθεὶς
1572 2237 1628 2294 δὲ
1691 2239 1762 2301 εἰς
1815 2239 1914 2304 τὴν

262 2334 539 2412 φυλακην,
585 2331 679 2387 καί
735 2333 826 2386 τὰς
882 2331 1120 2395 συνήθεις
1177 2335 1254 2402 τῷ
1298 2335 1412 2401 Θεῷ
1455 2327 1774 2404 ἀναπέμψας
1823 2331 1914 2385 εὖ·-

262 2426 410 2502 χέις,
452 2422 669 2477 ἐκάλεσε
721 2422 813 2476 τὸν
872 2421 1094 2476 σδνόντα
1150 2423 1293 2492 αὒτῷ
1349 2417 1586 2496 οἰκέτην,
1641 2419 1729 2474 καὶ
1771 2415 1914 2493 λέγει

270 2513 425 2584 αυτῷ
459 2531 470 2543 ⁸
531 2511 686 2588 Φέρε,
747 2510 955 2582 τέκνον,
1012 2507 1269 2582 διάθωμαι
1306 2527 1318 2542 ·
1379 2505 1576 2578 ἐλπίζω
1632 2507 1731 2585 γὰρ
1765 2507 1915 2585 κάγὼ

271 2608 345 2676 τῇ
395 2599 559 2677 αὔριον
591 2605 930 2676 παραστῆναι
956 2603 1032 2671 τῷ
1068 2598 1310 2672 Δεσπότῃ
1342 2619 1442 2671 μου
1478 2603 1709 2674 Χριστῷ,

359 2689 492 2748 ΚΘ¹.
540 2688 884 2768 Ἐνεχθέντος
926 2685 982 2743 δὲ
1029 2687 1168 2760 αὐτῷ
1211 2687 1435 2766 χάρτου,
1483 2683 1679 2742 διέθετο
1731 2687 1914 2761 σημά-

266 2803 361 2842 νας
420 2779 474 2834 ἐν
531 2782 696 2849 αὒτῷ,
759 2777 895 2834 ὥστε
981 2778 1042 2832 τὸ
1097 2777 1248 2854 ἅγιον
1305 2775 1462 2832 αὒτοῦ
1526 2773 1772 2850 λείψανον
1844 2777 1915 2838 εἰς

452 2868 865 2944 Ἀραυρακηνῶν
967 2866 1392 2934 ἀποκοσμιθῆναι
1477 2863 1743 2942 πολίχνην
1833 2866 1920 2920 καὶ

274 2961 628 3024 κατατεθῆναι
687 2957 825 3017 ἐκεῖ.
903 2953 1101 3022 Μηδενὶ
1189 2951 1242 3009 δὲ
1327 2951 1522 3018 ἐξεῖναι
1579 2954 1640 3008 τὸ
1703 2951 1918 3008 σύνολον

277 3048 526 3103 ἅπτεσθαι
585 3049 798 3123 τούτου,
859 3043 995 3100 ἀλλά
1047 3044 1186 3100 σῶον
1243 3043 1368 3100 αὐτὸ
1440 3044 1791 3106 κατατεθῆναι
1865 3038 1919 3096 ἐν

265 2871 366 2935 τὴν

271 3138 418 3209 τόπῳ
475 3138 585 3190 τινὶ
649 3133 961 3208 καλουμένῳ
1033 3129 1410 3205 Ἀναλιϐόζορα
1476 3129 1588 3201 ἅμα
1647 3142 1764 3194 τοῖς
1826 3150 1979 3218 τε--ίΖ

270 3225 547 3281 ).ειωθεῖσι
610 3225 702 3278 σὺν
791 3223 932 3295 αὒτῴ
998 3222 1164 3298 ἁγίοις
1257 3220 1521 3297 Εὗγενίῳ,
1616 3216 1916 3296 Μαρδαρίῳ,

271 3314 501 3392 Ὀρέστῃ
532 3314 622 3369 καὶ
656 3310 933 3383 Λῦξεντίῳ.
969 3308 1188 3376 Ἐπειδὴ
1234 3312 1280 3367 οἱ
1326 3309 1468 3386 ἅγιοι
1512 3307 1649 3365 οὗτοι
1707 3307 1918 3385 καθώρ-

265 3428 448 3461 κωσαν
494 3405 588 3460 τὸν
664 3401 816 3479 ἅγιον
884 3399 1197 3476 Εὗστρπὶτιον
1264 3397 1352 3454 ὅτε
1438 3397 1917 3476 κατεσχὲσθησαν,

265 3495 406 3549 ὣστε
465 3493 606 3566 μετά
661 3493 724 3546 τὸ
779 3488 1125 3556 τελειωθῆναι
1183 3488 1369 3549 αὖτοὺς
1431 3488 1564 3564 πρὸς
1641 3493 1717 3559 τῷ
1787 3486 1922 3562 ἀγίῳ

275 3583 431 3638 αὖτού
489 3580 731 3653 λειψάνῳ
772 3583 867 3635 καὶ
928 3579 994 3633 τα
1050 3577 1246 3633 τούτων
1304 3579 1652 3642 κατατεθῆναι
1701 3574 1924 3649 λείψανα

272 3673 387 3727 σῶα
441 3671 533 3725 καὶ
585 3667 874 3742 ὁλόκληρα,
926 3666 1010 3722 καὶ
1042 3666 1101 3720 τὸ
1152 3665 1206 3720 ἐν
1253 3663 1592 3742 Ἀραυράκοις
1644 3663 1698 3719 δὲ
1740 3668 1922 3736 κτῆμα

273 3756 599 3837 προσέταξεν
657 3759 730 3820 εἰς
789 3757 1094 3834 ἀποτροφὴν
1152 3761 1258 3810 τῶν
1310 3753 1614 3826 μελλόντων
1670 3751 1921 3830 παραμέ-

273 3872 381 3905 νειν
440 3849 502 3923 τῇ
560 3848 818 3919 ὑπηρεσίᾳ
877 3852 969 3902 τοῦ
1025 3844 1310 3922 μαρτυρίου
1367 3845 1542 3902 αὒτῶν
1599 3863 1920 3920 προσκαρω-

546 3937 644 4003 τὴν
686 3934 740 3990 ὲὲ
803 3933 993 4000 λοιπὴν
1053 3939 1228 3988 πᾶσαν
1278 3934 1504 3999 κινητὴν
1562 3934 1764 4004 οὐσίαν,
1825 3930 1926 3997 τὴν

1485 4022 1581 4088 τὴν
1637 4019 1692 4076 δέ
1754 4017 1924 4086 ἄλλην

268 3945 430 4005 θῆναι
469 3957 482 3970 ·

269 4032 370 4103 μέν
430 4026 680 4098 ἡμίσειαν
737 4023 928 4089 πένησι
987 4021 1368 4096 διανεμηθῆναι
1405 4070 1420 4100 ,

271 4133 394 4181 ταῖς
457 4113 711 4191 ἀδελφαῖς
771 4113 933 4170 «Sto-3
986 4113 1413 4190 παρασχεθηναι,
1461 4112 1583 4174 τοὺς
1627 4107 1680 4164 δὲ
1719 4110 1924 4174 οἰκέτας

267 4205 569 4281 ἐλευθερίας
627 4203 847 4281 τυχεῖν,
908 4199 1165 4264 λαϐόντας
1226 4202 1314 4256 καὶ
1367 4199 1586 4278 λεγᾰτα.
1646 4206 1811 4256 Τοῦτο
1867 4196 1920 4254 δὲ

271 4294 612 4355 διατυπώσας
667 4293 978 4360 ἐνήστευσεν
1050 4290 1182 4356 ὅλην
1252 4293 1349 4356 τὴν
1426 4290 1630 4367 ἡμέραν
1687 4289 1918 4354 ἐκείνην.

364 4382 446 4440 Λ’.
480 4380 538 4438 Ὀ
582 4381 637 4436 δὲ
685 4381 971 4444 ἐπίσκοπος
1022 4384 1113 4446 τῆς
1168 4377 1528 4435 Σεδαστεινῶν
1578 4379 1784 4440 πόλεως
1845 4385 1922 4452 τῷ

280 4473 405 4526 τότε
453 4472 630 4549 χρόνῳ
675 4467 1139 4546 ἀποκρυπτόμενος
1173 4469 1239 4535 ἦν
1269 4467 1352 4524 διὰ
1383 4474 1469 4524 τὸν
1501 4465 1756 4545 διωγμόν.
1790 4468 1920 4524 ’Ὁσ-

272 4583 355 4620 τις
381 4561 544 4616 έλθὼο
573 4559 626 4614 ἐρ
656 4561 723 4634 τῇ
753 4561 904 4613 νυκτὶ
954 4558 1128 4633 ἐκείνῃ
1181 4560 1312 4633 πρὸς
1356 4559 1532 4628 αὐτὸν,
1567 4559 1655 4613 καὶ
1686 4558 1912 4636 χρήμα-

277 4673 343 4706 τα
399 4650 489 4713 οὺς
547 4663 661 4712 τοῖς
713 4645 1086 4726 φυλάττουσιν,
1133 4647 1352 4715 ἠξίωσεν
1384 4647 1766 4721 ἐπισκέψασθαι
1826 4649 1915 4702 τὸν

1071 4695 1086 4726 θ

273 4741 427 4814 ἅγιον
493 4738 825 4815 Εὗστρπὶτιον,
859 4737 923 4802 ἦν
973 4738 1070 4815 γὰρ
1121 4738 1348 4797 ἀκούσας
1407 4738 1524 4814 περὶ
1578 4736 1672 4803 τῆς
1735 4737 1916 4813 σοφίας

269 4831 434 4884 αὖτού
474 4830 562 4883 καὶ
618 4825 822 4892 πολλῆς
879 4824 1190 4904 παρρησίας,
1249 4827 1338 4882 καὶ
1411 4825 1554 4887 ὅπως
1612 4825 1918 4904 κατῄσχυνε

270 4919 364 4973 τὸν
412 4917 648 4995 ἄρχοντα
710 4917 841 4988 μετά
921 4921 1026 4970 τῶν
1086 4918 1216 4970 θεων
1290 4917 1469 4994 αὺτοῦ,
1530 4916 1619 4971 καὶ
1673 4914 1921 4971 εἰσελθὼν

270 5007 407 5079 ἔσω,
469 5008 557 5061 καὶ
614 5005 863 5080 ἑωρακὼς
917 5005 1096 5077 αὐτὸν,
1143 5004 1328 5060 ἔπεσεν
1371 5004 1458 5060 ἐπὶ
1505 5005 1791 5081 πρόσωπον
1837 5004 1921 5061 ἐπὶ

1523 5093 1790 5170 Μακάριος
1841 5099 1914 5165 εἴ,

274 5184 459 5241 τέκνον
514 5183 822 5259 Εὔστράτιε,
874 5181 952 5236 ὅτι
1012 5181 1176 5245 οὕτως
1227 5181 1621 5256 ἐνεδυναμώθης
1677 5184 1775 5239 ὕπὸ
1830 5190 1922 5240 τοῦ

263 5272 649 5352 φιλανθρώπου
709 5273 861 5331 Θεοῦ,
919 5271 1175 5344 Μέμνησο
1231 5269 1284 5326 δὲ
1362 5273 1448 5327 καὶ
1533 5270 1681 5347 ἐμοῦ,
1743 5271 1924 5347 δέομαί

261 5385 385 5420 σου.
435 5363 494 5419 ὀ
543 5360 597 5416 δέ
648 5361 801 5435 ἅγιος
859 5359 1175 5437 Εὗστράτιος
1220 5360 1536 5438 ἀπεκρίνατο
1576 5381 1588 5394 ⁸
1639 5361 1725 5427 Μὴ
1785 5364 1922 5418 ποίει

264 5451 430 5508 οὕτω.
470 5451 645 5524 Uita;
691 5448 950 5521 πνεύματι
985 5448 1153 5527 κύριε,
1185 5446 1304 5504 ἀλλ’
1364 5450 1435 5512 εἷς
1494 5448 1590 5515 τὴν
1641 5449 1923 5524 ἐπικειμέ-

266 5563 367 5604 νην
423 5560 504 5594 σοι
568 5536 719 5602 ἀξίαν
793 5533 1111 5592 ἀποϐλέπων
1183 5538 1307 5616 παρ’
1375 5539 1530 5612 ἡμῶν
1601 5535 1822 5615 ἑκδέχου
1863 5539 1924 5594 τὸ

267 5637 504 5688 τοιοῦτον
575 5625 910 5705 πληροῦσθαί
965 5647 1047 5683 σοι
1135 5627 1318 5706 χρέος.
1403 5625 1763 5684 Καθεσθέντων
1836 5627 1922 5686 οὖν

267 5097 371 5161 τὴν
434 5100 537 5171 γῆν
599 5096 687 5148 καὶ
743 5091 933 5160 ἐδεήθη
981 5092 1137 5149 αὒτοῦ
1197 5095 1420 5171 εἰρηκώς
1459 5109 1471 5123 ⁶

2001 1899 2214 1942 manus
2287 1889 2414 1942 tuas
2478 1879 2834 1942 commendo
2894 1881 3172 1960 spiritum
3252 1899 3498 1963 meum,
3584 1892 3646 1945 et

2001 1970 2254 2034 Domino
2305 1978 2566 2032 sanctam
2625 1988 2792 2032 suam
2839 1969 3086 2032 tradidit
3116 1971 3394 2034 animam.
3427 1973 3644 2035 Accla-

2002 2059 2178 2121 mavit
2227 2068 2422 2121 autem
2475 2067 2717 2122 sanctus
2757 2057 3094 2121 Eustratius
3126 2079 3142 2120 :
3177 2062 3396 2134 Amen,
3429 2069 3491 2123 et
3517 2071 3642 2125 sta-

2000 2151 2102 2210 tim
2129 2148 2311 2229 jussit
2355 2147 2701 2226 Agricolaus
2734 2159 3006 2209 sanctum
3038 2147 3396 2212 Eustratium
3428 2150 3641 2216 abduci

1999 2239 2060 2298 in
2089 2235 2558 2307 custodiam.Qni
2593 2255 2729 2298 cum
2759 2243 3080 2300 consuetas
3114 2256 3326 2318 preces
3354 2239 3477 2302 Deo
3499 2241 3644 2303 emi—

1998 2327 2194 2407 sisset,
2228 2333 2288 2386 et
2339 2325 2646 2402 famulum,
2682 2326 2784 2405 qui
2844 2333 3135 2387 eratcum
3203 2345 3297 2405 eo,
3352 2339 3637 2407 vocasset,

2000 2415 2150 2476 dicit
2177 2414 2279 2476 ei:
2333 2413 2478 2494 Age,
2529 2413 2638 2490 fili,
2691 2413 2900 2475 faciam
2955 2421 3400 2476 testamentum.
3453 2419 3643 2497 Spero

2000 2505 2157 2566 enim
2182 2504 2330 2575 fore,
2364 2511 2428 2564 ut
2457 2521 2565 2580 ego
2598 2520 2834 2582 quoque
2864 2521 2998 2565 cras
3047 2503 3226 2565 sistar
3263 2513 3400 2568 ante
3428 2505 3641 2570 Domi-

2002 2613 2140 2656 num
2175 2611 2370 2655 meum
2403 2593 2730 2657 Christum.

2082 2681 2296 2746 XXIX.
2332 2681 2546 2744 Charta
2574 2689 2774 2743 autem
2805 2681 2862 2744 ei
2910 2681 3112 2758 allata,
3144 2683 3284 2746 fecit
3311 2692 3642 2748 testamen-

2003 2783 2151 2849 tum,
2185 2773 2244 2833 in
2276 2789 2344 2833 eo
2374 2770 2737 2849 signiﬁcans,
2772 2789 2838 2832 se
2882 2771 3036 2833 velle
3066 2782 3300 2835 sanctas
3329 2792 3466 2836 suas
3494 2776 3644 2838 reli-

2003 2863 2173 2943 quias
2197 2860 2400 2922 ell‘erri
2431 2861 2492 2919 in
2528 2859 2874 2938 oppidulum
2909 2860 3645 2939 Arabracinorum,etillic

2005 2950 2222 3029 deponi
2253 2968 2269 3024 ;
2306 2947 2533 3010 nemini
2567 2966 2703 3009 vero
2742 2947 2928 3010 licere
2959 2950 3206 3012 omnino
3249 2970 3348 3014 eas
3377 2961 3640 3034 tangere,

2004 3041 2108 3102 sed
2140 3038 2328 3100 salvas
2357 3056 2490 3100 esse
2519 3038 2908 3118 deponendas
2967 3039 3029 3101 in
3077 3042 3236 3119 loco,
3271 3042 3372 3122 qui
3402 3052 3644 3108 vocatur

2003 3129 2411 3204 Analicozora,
2467 3127 2642 3188 simul
2693 3147 2829 3190 cum
2885 3129 3178 3193 Auxentio
3235 3141 3294 3194 et
3349 3130 3560 3196 Oreste
3587 3143 3648 3198 et

2005 3217 2296 3280 Mardario
2327 3224 2386 3278 et
2417 3216 2682 3294 Eugenio
2711 3237 2726 3293 ;
2751 3217 3034 3298 quoniam
3074 3219 3134 3282 bi
3161 3220 3352 3284 sancti
3381 3233 3646 3286 sanctum

2005 3306 2371 3370 Eustratium
2404 3315 2780 3368 sacramento
2832 3307 3182 3388 adegerunt,
3241 3309 3532 3386 dicentes,
3564 3321 3648 3387 ut,

2005 3406 2316 3476 postquam
2365 3404 2521 3458 esset
2570 3404 3045 3472 consummatus,
3081 3416 3217 3460 cum
3275 3401 3500 3462 sanctis
3531 3401 3654 3463 suis

2005 3485 2298 3565 reliquiis,
2333 3501 2536 3545 eorum
2585 3502 2826 3565 quoque
2887 3486 3332 3566 deponerentur
3384 3490 3654 3569 reliquis:

2007 3574 2182 3636 salta:
2214 3582 2270 3635 et
2300 3573 2564 3652 integrae.
2602 3572 2760 3645 Quas
2813 3583 3010 3636 autem
3043 3575 3362 3638 Arabracis
3391 3578 3650 3641 habebat

2006 3663 2336 3737 facultates,
2397 3662 2717 3740 assignavit
2772 3662 2845 3724 ad
2890 3682 2994 3726 eos
3048 3664 3320 3738 alendos,
3356 3665 3656 3745 quierant

2010 3750 2380 3832 permansuri
2410 3750 2471 3812 in
2516 3750 2847 3812 ministerio
2905 3752 3169 3832 martyrii
3220 3771 3426 3814 eorum
3455 3773 3470 3829 ;
3503 3755 3652 3817 reli-

2008 3859 2258 3923 quorum
2281 3858 2418 3902 vero
2437 3838 2707 3900 omnium
2733 3838 3385 3915 mobilium,dimidium
3406 3843 3650 3923 quidem

2006 3929 2304 3992 distribuit
2333 3927 2900 4008 pauperibus,aliam
2927 3938 3127 3992 autem
3151 3939 3375 4010 partem
3402 3934 3527 3994 suis
3543 3952 3648 3996 so-

2007 4020 2266 4093 roribus,
2302 4019 2552 4080 famulos
2595 4035 2734 4080 vero
2793 4037 2954 4094 suos,
2989 4020 3204 4082 donata
3238 4021 3326 4082 eis
3355 4022 3663 4103 libertate,

2001 4111 2180 4191 jussit
2209 4110 2481 4187 accipere
2510 4108 2724 4187 legata.
2759 4107 2899 4170 Haec
2928 4127 3063 4171 cum
3119 4110 3502 4186 decrevisset,
3531 4120 3649 4174 toto

2005 4200 2101 4261 die
2119 4199 2434 4278 jejunavit,
2471 4206 2591 4258 tota
2609 4205 2804 4259 autem
2839 4205 3014 4260 nocte
3037 4201 3428 4279 perseveravit
3459 4203 3648 4264 Deum

2004 4307 2198 4360 orare,
2233 4296 2290 4349 et
2322 4287 2374 4348 ei
2403 4288 2682 4368 psallere.

2084 4377 2265 4441 XXX.
2297 4377 2624 4457 Episcopus
2655 4383 2851 4438 autem
2884 4377 3136 4438 civitatis
3159 4376 3644 4456 Sebastenorum,

1967 4487 2078 4568 ,ρο
2113 4477 2377 4567 tempore
2431 4466 2652 4568 latebat
2707 4473 2944 4568 prppter
3002 4468 3652 4568 persecutionem;q_ui

2005 4564 2180 4619 noctu
2213 4557 2370 4617 venit
2399 4555 2470 4616 ad
2503 4563 2730 4630 eum,et
2760 4555 2914 4616 datis
2963 4554 3312 4617 custodibus
3356 4557 3645 4636 pecuniis,

2001 4647 2308 4723 ingressus
2341 4643 2529 4705 estad
2571 4653 2838 4705 sanctum
2891 4644 3248 4706 Eustratium
3285 4663 3298 4704 :
3339 4645 3647 4708 audiverat

2003 4736 2162 4797 enim
2196 4735 2270 4796 de
2304 4751 2514 4812 magna
2539 4733 2672 4812 ejus
2697 4734 3012 4808 sapientia,
3049 4741 3108 4794 et
3137 4735 3291 4813 quod
3331 4736 3643 4813 praasidem

2004 4841 2138 4884 cum
2173 4820 2284 4883 diis
2315 4822 2438 4882 suis
2470 4821 2694 4900 pudore
2726 4820 3029 4892 all‘ecerat.
3064 4829 3122 4881 et
3153 4840 3286 4882 cum
3318 4822 3526 4884 fuisset
3556 4823 3645 4884 in-

2007 4919 2094 4971 tra
2122 4911 2471 4982 custodiam,
2508 4927 2730 4988 pronus
2775 4907 2993 4970 cecidit
3039 4907 3098 4969 in
3151 4909 3385 4988 faciem,
3414 4919 3472 4971 et
3499 4929 3642 4972 san-

2005 5010 2161 5060 ctum
2191 4999 2477 5071 adoravit,
2539 4997 2746 5058 dicens
2779 5014 2793 5058 :
2847 4999 3063 5058 Beatus
3122 5015 3208 5071 es,
3243 4998 3323 5058 ﬁli
3357 4997 3636 5072 Eustrati,

2004 5088 2160 5168 quod
2190 5087 2473 5148 Dominus
2506 5085 2664 5146 Ucus
2699 5091 2916 5145 tantam
2951 5083 3056 5144 tibi
3087 5083 3318 5146 dederit
3339 5085 3636 5148 virtutem.

2004 5179 2300 5239 Memento
2331 5183 2525 5236 autem
2593 5174 2704 5235 mei
2737 5191 2998 5252 quoque,
3031 5181 3087 5234 te
3117 5191 3281 5251 rogo.
3314 5173 3641 5253 Respondit

2008 5283 2144 5326 vero
2177 5271 2414 5325 sanctus
2469 5261 2853 5323 Eustratius:
2915 5259 3000 5322 Ne
3061 5261 3148 5322 sic
3206 5260 3406 5334 facias,
3470 5266 3639 5324 Pater

2006 5353 2353 5434 spiritualis,
2388 5351 2490 5412 sed
2524 5352 2595 5412 ad
2649 5370 2776 5412 eam
2825 5369 2957 5427 quae
2989 5358 3078 5412 est
3108 5350 3213 5411 tibi
3243 5351 3402 5430 data,
3432 5350 3636 5429 digni-

2007 5451 2184 5505 tatem
2218 5440 2540 5521 aspiciens,
2574 5447 2851 5521 exspecta
2878 5440 2992 5502 hoc
3014 5458 3048 5501 a
3072 5437 3240 5500 nobis
3265 5437 3633 5518 implendum

2008 5532 2116 5594 tibi
2140 5531 2430 5595 debitum.
2465 5530 2608 5594 Cum
2641 5531 2682 5592 ii
2711 5547 2851 5608 ergo
2877 5529 3194 5602 sedissent,
3227 5527 3635 5590 dixitEustra-

2011 5622 2124 5687 tius
2155 5622 2434 5704 episcopo
2471 5641 2483 5686 :
2520 5620 2808 5696 Quoniam
2855 5617 2976 5682 Deo
3035 5617 3291 5701 volente,
3323 5634 3455 5680 cras
3505 5616 3544 5679 h
3567 5635 3633 5679 or
3670 5693 3675 5698 ἡ
