4028 6138
262 317 374 385 505

1128 323 1598 386 MARTYBIUM
1645 326 1705 387 S.
1755 321 2169 390 EUSTRATII
2215 320 2312 382 ET
2357 319 2758 382 SOCIORUM.

3514 317 3631 382 506

257 461 345 516 τὸν
397 459 727 536 περιεστῶτα
787 457 980 539 ὄχλον,
1041 457 1313 538 ἐγνωκότα
1371 457 1468 526 τήν
1518 462 1609 516 τοῦ
1638 460 1927 542 ἄρχοντος.

1992 467 2225 522 sanctus
2254 455 2584 520 Eustratius
2613 477 2626 520 :
2679 454 2841 518 Deus
2873 453 3198 516 altissimus
3226 453 3426 515 irritas
3457 452 3630 514 faciet

256 550 339 606 ἐπὶ
415 554 491 622 τῷ
573 545 764 622 δικαίῳ
847 548 1196 624 συμπάθειαν,
1257 546 1520 625 -θρηνώδη
1596 549 1908 628 ἀναπέμψαι

253 639 458 718 φωνήν.
521 638 618 694 Καὶ
678 639 747 703 ἦν
807 635 1030 714 ὀδυρμὸς
1099 635 1289 711 πολὺς,
1366 635 1562 716 σχεδὸν
1632 640 1686 696 ἐν
1759 642 1908 717 πάσῃ

251 735 316 804 τῇ
366 726 544 799 πόλει,
607 728 680 788 ὡς
741 728 829 782 καὶ
887 733 991 782 τῶν
1047 717 1315 796 Ἐλλήνων
1359 727 1688 802 ἂνιωμὲνων,
1749 722 1806 788 Ὀ
1851 731 1906 788 δὲ

247 820 402 895 ἅγιος
432 816 750 892 Εὖστράτιος
801 817 979 872 εἶπεν
1031 817 1090 874 Τί
1137 814 1481 893 βραδῦνομεν,
1535 819 1579 874 ὦ
1632 818 1903 898 δικαστά;

251 899 306 965 Ὀ
342 907 474 969 Θεὸς
505 907 532 961 ὁ
561 905 943 981 παντοκράτωρ
1001 907 1328 983 καταργήσει
1379 907 1473 968 τὰς
1530 911 1786 988 μηχανὰς
1816 923 1908 970 τοῦ

249 997 450 1071 πατρὸς
493 997 642 1069 ὑμῶν
695 1002 784 1052 τοῦ
841 993 1088 1051 διαϐόλου
1122 1010 1135 1024 ·
1198 996 1354 1059 αὐτὸς
1414 997 1514 1074 γὰρ
1573 998 1788 1057 ἐπινοεῖ
1815 1023 1906 1076 μοι

255 1086 440 1165 ταῦτα,
500 1083 594 1140 ’ἕνα
648 1081 910 1158 ἐμποδίσῃ
969 1085 1040 1145 εἷς
1099 1085 1161 1139 τὸ
1218 1085 1568 1158 προκείμενόν
1621 1111 1713 1162 μοι
1771 1091 1908 1165 βρα-

251 1172 425 1236 ϐεῖον,
492 1173 636 1229 Ποίει
701 1173 870 1228 τοίνυν
929 1173 956 1227 ὃ
1006 1171 1203 1248 βούλειο
1271 1171 1452 1238 δοῦλος
1504 1176 1606 1252 γὰρ
1655 1179 1761 1253 εἶμι
1818 1186 1912 1236 τοῦ

251 1269 501 1342 Χριστοῦ,
591 1264 678 1317 καὶ
751 1260 1132 1336 άντιτᾶισσομαι
1202 1269 1278 1335 τῷ
1349 1263 1719 1343 προστάγματι
1805 1275 1907 1325 τῶν

249 1351 541 1428 βασιλέων,
604 1354 691 1407 καὶ
749 1358 826 1425 τῷ
885 1357 962 1423 σῷ
1003 1350 1286 1426 θελήματι.
1349 1353 1445 1410 Καὶ
1477 1355 1543 1410 τὰ
1570 1353 1910 1434 βδελόγματα

248 1448 355 1498 τῶν
388 1445 522 1498 θεῶν
571 1442 718 1515 ὑμῶν
759 1439 1156 1519 ἀποστρέφομαι
1189 1442 1275 1497 καὶ
1331 1450 1644 1521 καταρῶμαι
1697 1447 1903 1522 αὐτοῖς,

246 1530 329 1586 ὅτι
396 1530 776 1609 ἐπικαταρατοί
835 1531 931 1586 εἰσι
991 1529 1084 1586 καὶ
1144 1529 1294 1586 αὐτοὶ
1351 1531 1437 1588 καὶ
1513 1534 1558 1588 οἱ
1623 1533 1903 1612 σεϐόμενοι

1995 549 2300 612 machinas
2324 548 2505 628 patris
2531 546 2611 608 tui
2631 545 2884 608 Satanae.
2913 543 3017 606 Ille
3043 543 3201 606 enim
3227 544 3378 604 hanc
3395 559 3632 623 quoque

1993 641 2054 701 iu
2084 657 2179 700 me
2211 637 2504 714 excogitat
2535 637 2946 710 tentationem,
2982 641 3046 695 ut
3087 633 3230 694 mihi
3264 630 3628 713 propositum

1991 728 2278 808 impediat
2306 726 2598 788 bravium.
2633 725 2748 788 Fac
2773 727 2929 806 quod
2959 725 3103 786 velis
3132 745 3143 786 :
3181 742 3288 802 ego
3321 740 3477 783 enim
3502 738 3632 781 sum

1991 835 2195 880 servus
2213 815 2453 878 Domini
2477 816 2779 895 Christi,et
2803 815 3086 877 adversor
3100 812 3295 875 edicto
3317 811 3638 891 imperato-

1989 925 2149 981 rum,
2184 914 2242 966 et
2267 921 2512 967 aversor
2543 923 2748 966 eorum
2783 904 3258 966 abominationes
3287 922 3302 981 ;
3349 899 3632 982 quoniam

1991 995 2492 1059 suntexsecrandi
2515 1004 2574 1055 et
2597 995 2800 1074 ipsi,et
2825 995 2926 1075 qui
2951 1013 3052 1055 eos
3075 994 3298 1055 colunt.
3323 992 3465 1054 Cum
3491 1008 3632 1068 ergo

1991 1087 2233 1149 vidisset
2258 1103 2477 1166 praises
2505 1092 2619 1146 tam
2643 1084 2839 1148 alacre
2858 1093 2914 1146 et
2939 1091 3278 1164 promptum
3303 1082 3430 1162 ejus
3448 1078 3634 1142 animi

1992 1180 2374 1245 studium,vix
2394 1179 2624 1236 tandem
2651 1180 2706 1235 in
2735 1187 2996 1236 sanctum
3013 1178 3356 1235 Eustraiium
3381 1189 3634 1247 pronun-

1993 1267 2155 1329 tiavit
2177 1267 2329 1328 hanc
2351 1263 2704 1327 sententiam
2730 1286 2743 1324 :
2770 1263 3158 1344 Eustralium,
3181 1264 3278 1344 qui
3297 1281 3414 1323 non
3437 1260 3634 1340 paruit

1987 1357 2184 1436 jussui
2211 1355 2288 1416 im
2301 1355 2851 1434 peratorum,etdiis
2866 1350 3627 1432 noluitsacriticarejubeo,

1989 1446 2129 1522 igne
2163 1445 2475 1508 combusta
2503 1445 2695 1505 ferrea
2729 1444 2857 1525 ejus
2879 1445 3096 1518 anima,
3119 1445 3297 1504 finem
3330 1442 3627 1521 accipere,

1987 1537 2126 1600 Haec
2173 1553 2304 1598 cum
2339 1535 2610 1610 dixisset,
2645 1552 2822 1596 cursu
2872 1535 3119 1596 recessit
3164 1533 3224 1594 in
3263 1538 3626 1612 praetorium.

245 1623 460 1684 αότούς.
523 1621 810 1697 Ἐωρακὼς
872 1627 958 1676 οῦν
1017 1623 1044 1676 ὁ
1103 1616 1286 1701 ἅρχων
1343 1622 1442 1689 τὴν
1501 1621 1743 1680 ἔνστασιν
1818 1630 1903 1684 καὶ
1965 1631 2065 1697 τὴν
2112 1626 2326 1694 πολλὴν
2392 1630 2551 1684 αὒτοῦ
2620 1628 2907 1706 προθυμίαν
2937 1674 2952 1704 ,
3013 1623 3166 1700 μόλις
3238 1624 3369 1680 ποτὲ
3426 1622 3634 1701 ἀπεφή-

242 1733 379 1767 νατο
429 1708 550 1766 κατ’
628 1713 784 1768 αὐτοῦ
845 1708 1032 1773 οὕτως·
1115 1711 1429 1788 Εὐστράτιον
1503 1712 1864 1784 ἆπειθήσαντα
1936 1726 2013 1793 τῷ
2083 1717 2452 1796 προστάγματι
2521 1721 2627 1772 τῶν
2685 1716 3101 1794 αὐτοκρατόρων,
3164 1714 3250 1770 καὶ
3305 1725 3421 1776 τοῖς
3489 1715 3631 1773 θεοῖς

239 1805 394 1859 θῦσαι
447 1800 526 1874 μὴ
584 1797 934 1875 βουληθέντα,
995 1799 1309 1875 προστάττω
1387 1801 1484 1867 τὴν
1557 1802 1806 1882 σιδηρέαν
1875 1812 2036 1866 αὐτοῦ
2113 1806 2323 1886 ψυχὰν,
2386 1807 2510 1882 πυρὶ
2587 1805 2942 1885 φλεχθεῖσαν,
3003 1807 3062 1861 τὸ
3146 1803 3306 1881 πέρας
3365 1808 3454 1858 τοῦ
3523 1802 3631 1876 βίου

241 1887 460 1946 λαϐεῖν
497 1890 596 1946 Καὶ
631 1891 792 1944 ταῦτα
823 1888 982 1943 εἰπὼν
1015 1887 1268 1965 δρομαῖος
1301 1889 1645 1970 ἀνεχώρησεν
1677 1897 1751 1956 εἷς
1784 1897 1843 1951 τὸ
1874 1897 2221 1976 πραιτώριον.

428 1979 442 1988 ι
536 1970 549 1988 Ω
572 1987 579 1988 κ
670 1975 709 1988 λι
798 1976 822 1988 II
1012 1979 1071 1988 με
1199 1979 1208 1988 ι
1507 1985 1516 1988 -
1569 1982 1578 1988 .
1609 1965 1616 1971 ³
1745 1985 1754 1988 -
2120 1985 2163 1988 __

327 1979 464 2042 AK'.
536 1975 595 2035 Ὀ
665 1975 720 2032 δὲ
792 1976 942 2053 ἅγιος
1011 1979 1324 2056 Εὖστράτιος
1401 1982 1614 2044 σταθεὶς
1684 1975 1927 2044 πάντων]

2060 1985 2299 2048 XXXII.
2327 1985 2472 2048 Cum
2497 1993 2693 2046 autem
2710 1993 2950 2046 sanctus
2963 1982 3362 2045 abduceretur
3385 1978 3632 2042 Eustra-

244 2070 550 2128 ἂκουόντων
621 2065 954 2145 προσηύξατο
1023 2069 1190 2132 οὕτως
1224 2089 1237 2101 ·
1322 2070 1646 2148 Μεγαλύδων
1731 2097 1904 2153 μεγα.

244 2162 392 2218 λύνω
446 2182 530 2235 σε,
597 2159 773 2234 Κύριε,
835 2155 916 2213 ὅτι
978 2156 1186 2223 ὲπεϊδες
1244 2160 1342 2226 τὴν
1401 2162 1714 2220 ταπείνωσιν
1776 2187 1900 2240 μου,

250 2253 348 2307 καῖ
435 2251 495 2306 οὒ
571 2245 911 2310 συνέκλεισάς
970 2269 1035 2321 με
1093 2250 1164 2312 εἷς
1242 2262 1434 2327 χεῖρας
1511 2251 1741 2333 ἐχθρῶν,
1811 2257 1904 2311 καί

247 2343 460 2403 ἔσωσας
543 2337 606 2394 ἐκ
684 2337 789 2393 rch
859 2338 1102 2414 ἀναγκῶν
1175 2338 1274 2405 τὴν
1345 2341 1528 2420 ψυχὴν
1605 2365 1724 2419 μου.
1807 2346 1905 2403 Καὶ

241 2439 365 2501 νῦν,
447 2428 706 2502 Δέσποτα,
798 2427 1117 2483 σκεπασάτω
1187 2449 1254 2503 με
1325 2431 1358 2496 ἡ
1433 2431 1554 2510 χείρ
1624 2454 1743 2512 σου,
1817 2436 1904 2491 καὶ

242 2521 397 2576 ἕλθει
445 2515 524 2573 ἐπ’
569 2517 666 2592 ἐμὲ
698 2518 759 2572 τὸ
813 2514 960 2578 ἔλεός
1007 2538 1120 2588 σου,
1176 2517 1257 2574 ὅτι
1301 2522 1618 2597 τετάρακται
1665 2525 1698 2590 ἡ
1750 2526 1904 2604 ψυχὴ

246 2633 381 2689 μου,
410 2611 498 2664 καὶ
530 2605 829 2668 κατὼδυνός
885 2605 1054 2680 ἐστιν,
1107 2606 1162 2662 ἐν
1207 2615 1284 2682 τῷ
1336 2607 1708 2687 ἐκπορεύεσθαι
1739 2615 1902 2681 αὐτὴν

243 2700 305 2755 ἐκ
332 2697 427 2755 τοῦ
479 2697 728 2771 σώματος
776 2695 986 2759 τούτου,
1047 2697 1135 2766 Μή
1187 2718 1315 2753 ποτε
1367 2701 1399 2766 ἡ
1447 2703 1654 2777 πονηρὰ
1682 2710 1774 2759 τοῦ
1806 2703 1902 2759 ἂν-

235 2787 540 2863 τικειμὲνο·.›
611 2785 780 2862 βουλὴ
852 2787 1154 2862 συναντήσῃ
1229 2787 1388 2863 αὐτῇ,
1450 2790 1547 2845 καὶ
1617 2813 1902 2869 παρεμπο-

238 2877 358 2954 δίσῃ
420 2875 474 2931 ἐν
537 2875 716 2932 σκότει
780 2872 864 2930 διὰ
927 2875 1021 2939 τὰς
1082 2875 1136 2930 ἐν
1189 2875 1372 2954 ἀγνοίᾳ
1421 2877 1475 2933 ἐν
1505 2885 1582 2952 τῷ
1607 2881 1706 2956 βίῳ
1735 2882 1906 2954 τούτῳ

248 2965 536 3045 γενομένας
574 2987 666 3039 μοι
698 2964 980 3037 ἁμαρτίας,
1035 2962 1224 3029 Ἵλεώς
1280 2989 1370 3039 μοι
1422 2975 1596 3048 γενοῦ,
1637 2969 1900 3044 Δέσποτα,

251 3057 337 3111 καὶ
367 3057 440 3130 μὴ
493 3051 652 3110 ἰδέτω
702 3055 737 3120 ἡ
788 3054 940 3132 ψυχὴ
990 3075 1090 3126 μου
1142 3054 1242 3121 τὴν
1276 3054 1616 3134 ἐζοφωμένην
1644 3054 1766 3134 ὄψιν
1798 3065 1905 3115 τῶν

244 3146 496 3221 πονηρῶν
582 3142 880 3218 δαιμόνων.
974 3141 1144 3198 Ἀλλὰ
1214 3143 1671 3221 παραλαϐἐτωσαν
1739 3149 1904 3216 αὒτὴν

243 3233 467 3313 ἄγγελοί
527 3255 621 3289 σου
681 3229 886 3311 φαιδροὶ
933 3233 1018 3288 καὶ
1048 3236 1316 3310 φωτεινοί,
1369 3236 1471 3300 Δὸς
1501 3235 1650 3302 δόξαν
1683 3246 1759 3313 τῷ
1790 3239 1906 3296 ὁνό-

1991 2077 2127 2147 tius,
2163 2075 2236 2136 iis
2269 2075 2368 2155 qui
2401 2073 2722 2137 audiebant
2756 2073 3074 2152 stantibus,
3107 2074 3196 2134 sic
3227 2070 3410 2134 oravit
3438 2091 3450 2132 :
3508 2069 3633 2131 Ma-

1987 2164 2281 2245 gniﬁcans
2310 2163 2705 2242 magnificabo
2727 2173 2804 2234 te,
2826 2162 3098 2235 Domine,
3119 2161 3399 2241 quoniam
3431 2177 3630 2239 reSpe-

1989 2253 2122 2315 xisti
2156 2251 2554 2314 humilitatem
2587 2270 2810 2325 meam,
2838 2261 2894 2312 et
2921 2269 3040 2312 non
3073 2249 3419 2312 conclusisti
3450 2267 3545 2310 me
3570 2247 3632 2309 in

1989 2343 2262 2404 manibus
2296 2341 2677 2403 inimicorum
2733 2359 3026 2414 meorum,
3064 2351 3122 2401 et
3149 2357 3221 2402 ex
3257 2339 3628 2401 necessitati-

1991 2433 2101 2494 bus
2157 2430 2430 2513 eripuisti
2473 2429 2729 2492 animam
2769 2447 2984 2491 meam.
3039 2429 3110 2492 Et
3140 2446 3318 2503 nunc,
3357 2427 3630 2499 Domine,

1986 2530 2150 2601 regat
2182 2539 2277 2584 me
2309 2539 2517 2582 manus
2547 2528 2669 2594 tua,
2718 2530 2776 2581 et
2807 2519 3001 2580 veniat
3059 2536 3236 2599 supra
3265 2535 3361 2578 me
3394 2516 3632 2578 iniseri-

1989 2611 2192 2675 cordia
2223 2620 2342 2673 tua.
2383 2610 2674 2683 Quoniam
2708 2607 3058 2671 conturbata
3113 2616 3200 2669 est
3229 2607 3427 2668 anima
3459 2624 3631 2678 mea;

1989 2710 2047 2764 et
2075 2701 2257 2763 tristis
2301 2707 2390 2761 est
2418 2699 2558 2760 dum
2591 2697 2895 2777 egreditur
2925 2699 3036 2759 hoc
3069 2714 3343 2778 corpore.
3380 2697 3468 2757 Ne
3491 2695 3641 2757 forte

1989 2789 2392 2852 malainimici
2415 2795 2678 2869 potestas
2699 2787 2755 2849 ei
2787 2795 3076 2860 occurrat,
3106 2794 3167 2848 et
3195 2803 3325 2847 eam
3358 2785 3645 2864 impediat

1988 2884 2049 2945 in
2085 2882 2372 2960 tenebris,
2396 2889 2639 2960 propter
2656 2888 2917 2959 peccata,
2943 2898 3075 2960 quae
3105 2898 3138 2941 a
3156 2898 3249 2940 me
3273 2879 3332 2940 in
3357 2878 3467 2938 vita
3490 2878 3644 2939 facta

1989 2980 2126 3034 sunt
2149 2973 2210 3032 in
2237 2972 2594 3050 ignorantia.
2631 2970 2724 3031 Sis
2748 2969 2892 3031 mihi
2929 2969 3240 3050 propitius,
3277 2967 3549 3047 Domine,
3586 2977 3646 3030 et

1988 3081 2064 3124 ne
2095 3062 2292 3124 videat
2320 3061 2520 3122 anima
2544 3078 2677 3121 mea
2721 3057 3160 3120 tenebricosum
3193 3058 3416 3119 vultum
3449 3056 3644 3118 malo-

1985 3172 2117 3214 rum
2148 3150 2618 3224 dmmonum,sed
2639 3167 2767 3211 eam
2787 3150 3081 3229 accipiant
3103 3148 3295 3228 angeli
3327 3147 3446 3208 laeti
3471 3147 3642 3209 etlu-

1987 3241 2130 3314 cidi,
2154 3241 2302 3302 etda
2330 3239 2578 3320 gloriam
2605 3239 2834 3300 nomini
2869 3246 2965 3300 tuo
2990 3245 3287 3318 sancto,et
3311 3246 3407 3300 tua
3438 3237 3645 3298 virtute

242 3325 375 3398 ματί
435 3344 529 3378 σου
585 3327 660 3394 τῷ
715 3321 871 3398 ἁγίῳ,
933 3321 1020 3376 καὶ
1077 3327 1143 3397 τῇ
1203 3327 1270 3397 σῇ
1325 3320 1539 3398 δυνάμει
1571 3325 1807 3404 ἀνάγαγέ
1838 3349 1927 3403 με1

1992 3332 2184 3394 deduc
2217 3349 2312 3392 me
2344 3330 2415 3391 ad
2448 3329 2710 3392 divinum
2774 3328 3057 3399 tribunal,
3089 3327 3229 3389 dum
3257 3327 3519 3405 judicor.
3561 3325 3648 3388 Ne

248 3415 325 3476 εἰς
382 3414 445 3467 τὸ
496 3411 641 3467 θεῖόν
690 3431 782 3465 σου
830 3410 1002 3486 βῆμα.
1055 3409 1146 3467 Ἐν
1198 3419 1275 3484 τῷ
1306 3414 1565 3488 κρίνεσθαί
1595 3437 1660 3488 με
1692 3418 1769 3490 μὴ
1802 3438 1904 3472 κα-

1993 3440 2087 3483 me
2137 3419 2606 3500 comprehendat
2657 3437 2866 3481 manus
2915 3418 3200 3498 principis
3227 3415 3434 3478 mundi
3470 3417 3648 3495 hujus

243 3499 458 3576 ταλάϐῃ
513 3521 578 3573 με
639 3502 668 3566 ἡ
732 3502 850 3578 χεὶρ
897 3505 988 3555 τοῦ
1040 3497 1301 3578 ἄρχοντος
1336 3504 1430 3558 τοῦ
1457 3502 1659 3578 κόσμου
1689 3505 1903 3580 τούτου,

245 3593 323 3654 ei;
378 3591 443 3645 τὸ
494 3588 833 3645 κατασπᾶσαί
905 3609 971 3661 με
1043 3589 1136 3644 τὸν
1206 3589 1523 3668 ἁμαρτωλὸν
1603 3594 1676 3656 εἰς
1754 3595 1907 3670 βυθὸν

242 3680 394 3753 ᾅδου.
458 3678 628 3735 Ἀλλὰ
686 3677 981 3755 παράστηθί
1051 3701 1142 3752 μοι
1201 3679 1286 3734 καὶ
1345 3690 1499 3756 γενοῦ
1561 3704 1652 3753 μοι
1724 3684 1905 3758 σωτὴρ

238 3771 332 3825 καὶ
385 3766 750 3844 ἂντιλήπτωρ·
813 3769 863 3821 αἱ
916 3768 1016 3843 γὰρ
1074 3769 1387 3840 σωματικαὶ
1445 3770 1595 3824 αὗται
1657 3773 1906 3845 τιμωρίαι

241 3859 559 3938 εὖφροσόναι
619 3857 714 3911 εἶσὶ
763 3868 880 3919 τοῖς
941 3853 1146 3919 δούλοις
1203 3879 1321 3916 σου.
1383 3855 1662 3938 Ἐλέησον,
1728 3861 1900 3937 Κύριε,

243 3950 347 4015 τὴν
406 3948 752 4025 ῥυπωθεῖσαν
811 3958 926 4010 τοϊς
989 3945 1170 4001 πάθεσι
1227 3953 1318 4002 τοῦ
1365 3947 1478 4021 βίου
1507 3948 1694 4004 τούτου
1723 3951 1908 4028 ψυχὴν

243 4055 373 4114 μου.
445 4037 531 4091 αἱ
589 4034 823 4113 καθαρὰν
881 4034 1044 4100 αὐτὴν
1103 4033 1404 4115 πρόσδεξαι,
1463 4034 1543 4091 ὅτι
1621 4036 1906 4116 εὐλογητὸς

244 4130 303 4184 εἶ
337 4129 413 4189 εἰς
449 4126 570 4186 τοὺς
603 4125 826 4188 αἰῶνας.
873 4122 1078 4198 Ἀμὴν.

331 4206 461 4276 ΛΓ’.
526 4220 700 4272 Ταῦτα
760 4211 1068 4285 εὒξάμενος,
1129 4212 1230 4280 ἤδη
1289 4214 1604 4294 ἀιαφθείσης
1656 4221 1752 4284 τῆς
1803 4241 1903 4274 κα,

248 4309 407 4382 μίνου
465 4305 552 4360 καὶ
608 4303 693 4358 ἐπὶ
748 4302 878 4359 πολὺ
928 4301 1246 4380 καιομένης,
1303 4305 1668 4379 ποιησάμενος
1710 4307 1809 4374 τὴν
1857 4309 1910 4363 ἐν

253 4401 474 4473 Χριστῷ
529 4391 818 4472 σφραγῖδα,
875 4390 1112 4458 εἰσῆλθεν
1169 4394 1243 4456 εἷς
1300 4393 1464 4460 αὐτὴν
1533 4394 1753 4469 ψάλλων
1826 4399 1913 4454 καὶ

252 4481 692 4560 ἀγαλλιώμενος,
757 4483 844 4537 καὶ
903 4478 1038 4536 οὕτω
1086 4480 1344 4559 παρεδοκε
1396 4484 1457 4538 τὸ
1498 4485 1724 4559 πνεῦμα.
1759 4486 1910 4543 Ἐτε.

1989 3511 2062 3572 ad
2103 3511 2240 3585 hoc,
2269 3519 2331 3571 ut
2363 3526 2458 3573 me
2493 3517 2864 3588 peccatorem
2915 3509 3170 3568 attrahat
3201 3509 3258 3566 in
3289 3504 3643 3586 profondum

1991 3600 2342 3672 inferorum,
2372 3599 2475 3660 sed
2503 3598 2686 3669 adsis,
2717 3607 2778 3660 et
2805 3597 2887 3657 sis
2917 3597 3066 3657 mihi
3097 3603 3382 3666 servator,
3416 3594 3648 3672 adjutor

1992 3698 2051 3751 et
2105 3689 2411 3751 defensor.
2470 3690 2607 3750 Haec
2661 3687 2820 3749 enim
2875 3685 3141 3764 corporis
3173 3692 3466 3744 tormenta
3508 3691 3646 3743 sunt

1990 3777 2204 3856 gaudia
2234 3776 2350 3838 tuis
2377 3773 2584 3837 servis.
2611 3775 2919 3850 Miserere,
2949 3773 3225 3845 Domine,
3249 3771 3464 3832 animas
3495 3789 3644 3833 meze

1990 3884 2122 3947 quae
2172 3866 2276 3927 fuit
2334 3865 2642 3946 inquinata
2703 3864 2881 3944 hujus
2938 3863 3069 3924 vita;
3118 3860 3549 3935 affectionibus,
3585 3870 3645 3923 et

1993 3974 2123 4017 eam
2181 3974 2382 4036 puram
2438 3954 2699 4034 suscipe,
2739 3953 3018 4034 quoniam
3071 3949 3424 4014 benedictus
3455 3969 3519 4013 es
3576 3952 3639 4012 in

1992 4046 2228 4108 saecula.
2261 4046 2473 4107 Amen.

2064 4223 2296 4281 XXXIII.
2325 4223 2449 4281 Hzec
2472 4238 2600 4282 cum
2634 4225 2756 4295 ipse
2778 4232 2925 4279 esset
2953 4229 3235 4292 precatus,
3252 4221 3371 4292 jam
3404 4233 3642 4277 accensa

1995 4312 2236 4373 fornace
2263 4320 2320 4373 et
2342 4310 2518 4373 valde
2542 4309 2974 4383 ardente,facto
2995 4307 3188 4369 crucis
3210 4306 3427 4370 Christi
3447 4305 3641 4385 signo,

1994 4402 2056 4462 in
2107 4419 2235 4462 eam
2269 4411 2358 4462 est
2389 4401 2692 4479 ingressus
2723 4408 2968 4460 sanctus
3002 4396 3349 4471 Eustratius,
3386 4394 3645 4475 psallens

1995 4498 2054 4551 et
2109 4489 2355 4552 dicens:
2395 4490 2644 4550 Domine
2697 4491 2838 4550 Jesu
2891 4485 3144 4559 Christe,
3183 4487 3239 4546 in
3272 4503 3481 4545 manus
3515 4493 3644 4547 tuas

245 4573 452 4638 λειώθη
504 4570 555 4626 δὲ
615 4575 642 4628 ὁ
701 4571 857 4648 ἄγίος
910 4571 1225 4646 Εὗστράτιος
1273 4578 1340 4646 τῇ
1383 4571 1790 4651 τρισκαιδεκάτῃ
1821 4586 1913 4635 τοῦ

440 4659 514 4668 η.
770 4661 778 4668 .
903 4651 918 4668 .
1065 4658 1090 4668 ..
1197 4660 1209 4668 .
1270 4661 1279 4668 .
1567 4661 1580 4668 -
1645 4661 1689 4668 -.
1896 4666 1903 4668 _

1994 4578 2349 4640 commendo
2376 4577 2648 4656 Spiritum
2671 4596 2894 4639 meum.
2926 4575 2996 4636 Et
3016 4575 3099 4637 sic
3126 4595 3259 4637 cum
3282 4593 3425 4654 pace
3458 4575 3645 4635 tradi-

255 4659 577 4738 Δεκεμϐρίου
638 4661 834 4734 μηνός.
903 4658 962 4718 Ὀ
1035 4658 1122 4716 οὖν
1193 4660 1480 4725 ἐπίσκοπος
1565 4661 1742 4720 λαϐὼν
1825 4666 1911 4721 καὶ

1996 4668 2081 4728 dit
2111 4687 2284 4729 suum
2303 4667 2602 4743 spiritum,
2624 4685 2757 4727 cum
2784 4685 2854 4726 ne
2871 4665 3255 4745 ejusquidem
3281 4663 3464 4744 pilum
3492 4663 3643 4740 ignis

240 4751 528 4812 συστείλας
591 4752 652 4806 τὸ
710 4748 959 4828 λείφανον
1018 4748 1177 4806 αὐτοῦ
1236 4751 1370 4824 μετὰ
1421 4749 1652 4819 σποσδῇς
1705 4753 1912 4810 ἅπαντα

1998 4757 2310 4836 tetigisset.
2341 4755 2797 4818 Consummatus
2846 4764 3042 4815 autem
3099 4755 3206 4815 fuit
3238 4762 3478 4814 sanctus
3522 4751 3644 4812 Eu-

236 4844 314 4899 τὰ
395 4841 448 4896 ἐκ.
516 4846 584 4916 τῇ
659 4838 888 4913 διαθήκη
959 4842 1360 4918 προσταχθέντα
1428 4841 1531 4896 ὑπὸ
1604 4849 1695 4897 τοῦ
1764 4844 1912 4920 ἁγίου

1994 4849 2228 4904 stratius
2257 4847 2424 4902 tertio
2452 4847 2679 4902 decimo
2709 4842 3478 4901 Decembris.Sanctissimus
3511 4857 3642 4900 vero

248 4930 534 5005 μάρτυρος
619 4925 873 4992 ἐποίησεν
942 4928 1016 4990 εἰς
1100 4924 1251 4990 δόξαν
1319 4932 1412 4983 τοῦ
1479 4926 1714 5004 μεγάλου
1782 4937 1912 4989 Θεοῦ

1995 4927 2313 5007 episcopus
2338 4925 2734 4999 Blasius,cum
2759 4924 2946 4985 sancti
2971 4923 3304 5001 accepisset
3332 4922 3636 5000 reliquias,

244 5021 355 5077 καὶ
410 5016 665 5090 Σωτῆρος
719 5015 876 5091 ἡμῶν
935 5015 1116 5082 Ἰησοῦ
1172 5023 1398 5093 Χριστοῦ
1452 5019 1496 5089 ᾧ
1551 5018 1585 5084 ἡ
1636 5015 1756 5081 δόξα
1825 5021 1911 5074 καὶ

1992 5034 2212 5096 easque
2256 5033 2389 5076 cum
2425 5020 2608 5075 sancti
2639 5011 2834 5074 Oresti
2882 5011 3150 5090 reliquiis
3183 5009 3637 5090 composuisset,

232 5112 303 5166 τὸ
341 5109 540 5186 κράτος
576 5108 651 5168 εἷς
681 5107 803 5169 τοὺς
835 5107 1024 5171 αἰῶνας
1059 5110 1162 5162 τῶν
1194 5107 1419 5163 αἰώνων.
1457 5105 1653 5180 Ἀμὴν,

1994 5124 2062 5167 ea
2121 5103 2410 5184 implevit,
2445 5120 2574 5182 quae
2605 5101 2716 5181 ipsi
2773 5099 3044 5160 mandata
3083 5100 3313 5159 fuerant
3344 5099 3402 5158 in
3453 5104 3640 5160 testa-

231 5207 463 5260 mento
499 5193 694 5256 sancti
731 5193 1043 5267 Eustratii,
1101 5193 1446 5272 glorificans
1503 5195 1776 5274 Patrem,
1813 5203 1870 5256 et
1903 5194 2141 5268 Filium,
2176 5202 2232 5254 et
2281 5201 2550 5252 sanctum
2581 5189 2894 5271 Spiritum,
2929 5189 3022 5249 cui
3055 5187 3239 5268 gloria
3271 5196 3330 5247 et
3379 5190 3642 5267 potentia

224 5303 404 5350 nunc
427 5291 490 5346 et
517 5301 784 5364 semper,
816 5293 874 5344 et
903 5283 963 5344 in
991 5286 1208 5345 saecula
1238 5283 1616 5345 smculorum.
1657 5285 1870 5348 Amen.
1909 5286 1988 5365 (Ι)

316 5445 402 5526 (1)
427 5445 825 5526 Asscrvantur
855 5445 1062 5526 Romae
1085 5442 1197 5526 SS.
1220 5440 1496 5526 Eustratii
1521 5455 1576 5504 et
1600 5445 1898 5507 sociorum
1981 5443 2231 5526 consilio
2265 5439 2547 5526 stabilivit
2577 5440 2889 5526 collegium
2921 5440 3378 5526 Germanicum,
3408 5437 3641 5500 addidit

223 5519 494 5606 corpora
515 5526 575 5606 in
594 5524 852 5587 ecclesia
875 5524 1372 5606 SsAppollinaris
1400 5524 1796 5603 episcopi,ubi
1825 5528 1897 5588 ad
1982 5539 2040 5588 et
2063 5523 2489 5606 Hungaricum,
2521 5519 2799 5606 auxitque
2826 5520 3210 5606 ami'IlSSItlllS
3228 5519 3413 5606 _donis
3439 5539 3507 5583 ac
3538 5538 3635 5582 re-

223 5599 893 5697 rep'arandasingentes
915 5599 1115 5697 clades
1139 5599 1570 5697 Germaniarum
1601 5599 1899 5697 Beclesia-
1983 5599 2226 5686 ditibus,
2251 5613 2314 5666 ut
2337 5603 2511 5667 tradit
2542 5599 2757 5666 Baron.
2785 5603 2842 5664 in
2871 5611 2992 5665 not.
3024 5604 3187 5663 Mart.
3225 5599 3395 5665 Rom.

224 5682 371 5752 min
403 5687 476 5750 ab
507 5682 1016 5750 haereticisillatas
1038 5683 1356 5766 Gregorius
1380 5682 1509 5748 XIII
1533 5703 1682 5766 papa
1699 5687 1899 5750 divino
