4056 6142
389 272 504 341 507

1690 281 1852 344 ΜΕΝ
1858 279 1970 342 SIS
2028 279 2458 345 DECEMBER.

405 441 3752 475 ____._._..________._______________________________________'

1068 582 1711 671 ΜΑΡΤΥΡΙΟΝ
1789 586 2013 670 ΤΩΝ
2083 586 2423 671 ΑΓΙΩΝ
2494 589 3101 677 ΜΑΡΤΤΡΩΝ

575 794 1346 950 ΘΥΡΣΟΥ,’
1445 792 1542 921 Α
1576 795 1996 925 ΟΥΚΙ
2020 795 2244 925 ΟΥ
2398 797 3573 961 ΚΑΛΛΙΝΙΚΟΥ,

1175 1058 1838 1143 ΦΙΛΗΜΟΝΟΣ
1913 1059 2099 1143 ΚΑΙ
2172 1059 2954 1176 ΑΠΟΛΛΩΝΙΟΥ,

1013 1413 1678 1499 MARTYRIUM
1755 1410 2437 1498 SANCTOBUM
2508 1415 3138 1502 MARTYRUM

679 1642 1203 1787 THYB
1223 1644 1386 1789 SI
1426 1766 1458 1820 ,

1658 1640 2233 1790 LUCIL

2430 1642 3390 1791 CALLINICI
3428 1728 3463 1784 9

1268 1891 1740 1969 PHlLEMONlS,
1776 1891 2177 1958 APOLLONII
2210 1892 2304 1956 ET
2353 1892 2871 1967 RELIQUOBUM.

958 2055 1153 2126 (Latine
1174 2053 1305 2127 apud
1327 2054 1531 2113 Surium
1553 2056 1616 2114 ad
1637 2054 1774 2111 diem
1801 2055 1868 2110 14
1895 2054 2219 2122 Decembris;
2249 2055 2437 2114 Graece
2466 2072 2528 2111 ex
2557 2055 2671 2112 cod.
2705 2070 2777 2112 ω.
2812 2055 2978 2115 Paris.
3011 2055 3198 2127 1496.)

467 2343 490 2406 Ι
521 2341 665 2407 Cum
680 2342 958 2404 dominus
971 2339 1357 2404 nosterJesus
1369 2337 1659 2418 Christus,
1681 2340 1879 2402 carnis
1896 2339 2037 2402 inita
2059 2356 2095 2404 A

385 2434 688 2512 societate,
714 2432 995 2510 benigne,
1024 2441 1085 2493 ut
1112 2430 1255 2492 dicit
1276 2428 1490 2491 Paulus
1520 2430 1566 2497 ί.
1602 2428 1664 2490 in
1697 2439 1855 2491 terra
1885 2438 2042 2492 esset

385 2531 653 2584 versatus
674 2522 857 2602 (misit
884 2521 1042 2582 enim
1068 2520 1282 2582 Filium
1316 2538 1514 2599 suum,
1546 2519 1761 2580 factum
1795 2537 1863 2580 ex
1900 2538 2038 2579 mu-

387 2612 556 2691 liere,
582 2612 800 2672 factum
821 2609 930 2671 sub
964 2610 1093 2687 lege
1116 2609 1192 2689 3),
1226 2620 1289 2668 ut.
1322 2617 1376 2669 et
1397 2626 1504 2668 nos
1534 2609 1604 2669 ad
1640 2608 1900 2669 veritatis
1928 2608 2042 2670 ad-

387 2700 633 2763 duceret
687 2699 1056 2777 agnitionem
1093 2714 1197 2776 per
1228 2697 1516 2777 prodigia,
1552 2714 1661 2777 per
1709 2696 1901 2776 signa,
1938 2714 2043 2778 per

387 2787 776 2868 apostolicum
811 2804 1148 2847 sermonem
1184 2796 1245 2847 et
1275 2785 1629 2857 doctrinam,
1664 2803 1769 2864 per
1800 2787 2044 2865 praecla-

388 2896 487 2939 ros
535 2886 594 2938 et
623 2874 1007 2939 admirabiles
1064 2876 1242 2950 viros,
1276 2874 1377 2956 qui
1413 2884 1615 2955 postea
1648 2874 1934 2937 fuerunt:
1985 2886 2042 2937 et

390 2966 665 3027 omnibus
698 2965 895 3025 modis
929 2974 1294 3044 procuraret,
1331 2976 1393 3026 ut
1424 2982 1842 3026 revocaremur
1872 2983 1907 3026 a
1951 2966 2038 3025 vi-

388 3056 513 3116 tio:
576 3055 676 3131 qui
707 3054 902 3115 statim
966 3071 1039 3115 an
1097 3054 1269 3116 initio
1330 3066 1531 3115 nostro
1584 3055 1789 3132 generi
1822 3045 2045 3115 exstitit

388 3144 691 3223 inimicus,
725 3145 846 3205 haec
882 3143 1112 3217 iidens,
1145 3153 1203 3204 et
1235 3152 1492 3206 nostram
1525 3162 1640 3203 non
1685 3144 1879 3204 ferens
1906 3161 2045 3203 cor-

387 3234 738 3299 rectionem.
765 3232 1241 3295 movitadversus
1273 3251 1382 3293 nos
1413 3246 1677 3306 omnem,
1709 3241 1772 3292 ut
1802 3232 2043 3312 dicitur,

389 3321 643 3402 lapidem
680 3340 696 3398 ;
750 3331 808 3383 et
838 3340 972 3383 cum
1013 3338 1086 3383 ex
1118 3339 1183 3383 se
1216 3340 1323 3382 nos
1371 3339 1489 3382 non
1524 3329 1722 3399 posset
1777 3319 2041 3403 aggredi,

386 3410 685 3492 prioribus
714 3428 920 3472 rursus
967 3429 1109 3472 usus
1167 3420 1259 3471 est
1309 3409 1621 3489 machinis,
1653 3421 1713 3470 et
1763 3428 1870 3490 per
1897 3409 2045 3471 alios

386 3499 652 3564 excitavit
696 3500 1042 3575 seditiones,
1074 3508 1132 3561 et
1166 3499 1321 3561 bella
1351 3506 1689 3572 commovit,
1715 3509 1773 3560 et
1804 3499 2045 3561 molitus

2205 2342 2288 2405 A'.
2349 2351 2450 2400 Τοῦ
2512 2346 2696 2418 Κυρίου
2747 2347 2903 2418 ἡμῶν
2970 2347 3151 2413 Ἰησοῦ
3222 2354 3447 2426 Χριστοῦ
3519 2344 3781 2423 κοινωνίᾳ

2123 2434 2343 2512 σαρκὸς,
2402 2431 2430 2488 ὅ
2486 2455 2616 2513 φησι
2677 2434 2905 2512 Παῦλος,
2954 2435 3039 2492 ἐπὶ
3084 2441 3183 2513 γῆς
3229 2436 3615 2515 φιλανθρώπως
3651 2439 3778 2496 ἐπι-

2123 2519 2461 2595 δημῆσαντος
2520 2523 2889 2598 (ἐξαπέστειλε
2945 2525 3045 2601 γὰρ
3102 2528 3130 2581 ὁ
3176 2529 3304 2590 Θεὸς
3358 2527 3448 2582 τὸν
3507 2528 3629 2583 Υἱὸν
3679 2528 3779 2585 αὖ-

2121 2613 2216 2667 τοῦ
2273 2613 2558 2687 γενόμενον
2616 2612 2676 2669 ἐκ
2731 2614 2986 2690 γυναικὸς
3044 2615 3329 2691 γενόμενον
3395 2617 3497 2672 ὑπὸ
3552 2615 3775 2695 νόμον),

2125 2701 2197 2763 εἰς
2257 2698 2535 2778 ἐπίγνωσίν
2592 2723 2650 2759 τε
2706 2706 2803 2771 τῆς
2854 2696 3105 2769 ’ἀληθείας
3163 2707 3305 2779 ἡμᾶς
3360 2705 3643 2784 ἐνάγοντος
3694 2704 3782 2761 διὰ

2123 2790 2431 2864 τεραστίων,
2493 2788 2577 2846 διὰ
2634 2792 2891 2863 σημείων,
2955 2788 3024 2847 δι’
3076 2792 3436 2852 ἆποστολικοῦ
3492 2792 3653 2871 λόγου
3684 2793 3776 2848 καί

2124 2876 2481 2954 διδαγμάτων,
2517 2877 2600 2935 διὰ
2629 2885 2734 2935 τῶν
2792 2881 2927 2954 μετὰ
2974 2887 3142 2937 ταῦτα
3188 2881 3443 2958 γενναίων
3500 2883 3584 2938 καὶ
3641 2884 3773 2938 θαυ-

2125 2966 2332 3039 μασίων
2392 2965 2590 3047 ἀνδρῶν
2650 2970 2736 3024 καὶ
2791 2975 2919 3025 πᾶσι
2975 2970 3191 3047 τρόποις
3249 2970 3348 3039 τὴν
3406 2970 3511 3027 ἀπὸ
3576 2971 3770 3033 κακίας

2128 3053 2419 3121 ἀνάκλησιν
2487 3059 2643 3131 ἡμῶν
2712 3057 3240 3135 πραγματὲνομένου,
3319 3061 3347 3115 ὁ
3413 3057 3611 3116 ἄνωθεν
3705 3066 3779 3131 τῷ

2130 3142 2371 3220 ἡμετέρῳ
2428 3145 2567 3222 γένει
2631 3148 2922 3226 περιφανὲς
2994 3146 3253 3221 πολέμιος
3333 3145 3778 3224 ἀποδεδειγμένος

2126 3241 2291 3289 ταῦτα
2347 3235 2501 3313 ὁρῶν,
2558 3236 2655 3292 καῖ
2710 3237 2831 3303 τὴν¹
2858 3237 3013 3311 ἡμῶν
3045 3236 3297 3310 οὔμενουν
3326 3238 3615 3313 ἆνόρθωσιν
3648 3238 3777 3294 ἆνε-

2127 3322 2388 3402 χὸμενος,
2434 3325 2603 3380 πάντα
2647 3324 2806 3403 λίθον,
2860 3327 2888 3381 ὃ
2931 3324 3169 3404 λέγεται,
3215 3323 3331 3382 καθ’
3372 3327 3527 3401 ἡμῶν
3581 3329 3775 3402 ἐκίνει,

2128 3409 2216 3463 καὶ
2273 3408 2597 3487 προσϐαλεῖν
2655 3412 2865 3470 οἴκοθεν
2895 3415 3053 3476 αὐτὸς
3111 3418 3207 3473 οὐκ
3238 3414 3383 3490 ἔγων
3437 3422 3506 3491 τῇ
3544 3416 3780 3493 προτέρᾳ

2129 3506 2357 3577 μηχανῇ
2411 3501 2507 3557 καί
2563 3504 2706 3567 αὖθις
2763 3502 2986 3583 ἐχρῆτο,
3052 3506 3138 3560 καὶ
3194 3502 3262 3560 δι’
3305 3503 3500 3580 ἑτέρων
3557 3505 3776 3567 στάσεις

387 3601 476 3653 est
500 3607 679 3653 omne
703 3609 861 3672 genu
886 3589 1155 3652 insidias.
1188 3590 1334 3651 Nam
1359 3607 1493 3650 cum
1526 3588 1851 3651 artiﬁcioso
1869 3590 2041 3651 subi-

2129 3584 2328 3652 ἀνῆπτε
2380 3592 2467 3647 καὶ
2524 3590 2781 3666 πολέμοις
2830 3591 3033 3670 ἠρέθιζε
3082 3595 3169 3650 καὶ
3219 3599 3323 3650 πᾶν
3376 3590 3515 3658 εἶδος
3550 3591 3774 3651 ἐπιϐου-

386 3680 529 3742 isset
556 3679 825 3753 Decium,
850 3678 950 3759 qui
980 3688 1119 3740 tunc
1150 3676 1431 3739 Romanis
1464 3677 1820 3758 imperabat,
1863 3680 2039 3740 vehe-
2066 3718 2083 3766 ε

2129 3672 2224 3766 λῆς
2278 3676 2632 3739 ἐπεδείκνυτο.
2693 3680 2963 3738 ἰ’πελθὼν
3015 3683 3115 3761 γὰρ
3159 3683 3430 3762 εὐτέχνως
3457 3685 3549 3739 τὸν
3581 3682 3772 3740 Δέκιον

387 3779 619 3831 menter
648 3767 1037 3831 conturbabat
1059 3767 1449 3841 Christianos,
1483 3768 1800 3837 lacerabat,
1832 3769 2032 3830 trahe-
2067 3763 2083 3766 ⁷

2129 3763 2178 3826 ὃς
2237 3776 2527 3833 τηνικαῦτα
2585 3770 2863 3838 Ῥωμαίων
2920 3770 3151 3850 ἐκράτει,
3207 3772 3372 3833 πολὺς
3420 3772 3487 3840 ἦν
3547 3778 3771 3849 Χριστι-

384 3857 480 3920 bat
509 3858 581 3919 ad
608 3858 855 3938 judicia,
890 3875 993 3919 eos
1017 3858 1288 3919 maximis
1317 3857 1582 3919 afﬁciens
1605 3856 1941 3938 suppliciis,
1976 3869 2039 3918 et

2129 3855 2274 3919 ανοὺς
2325 3859 2621 3936 ταράττων,
2674 3861 3012 3938 σπαράττων,
3079 3863 3151 3923 εἰς
3208 3859 3521 3939 δικαστήρια
3564 3859 3767 3941 ἐλκων,

388 3956 686 4027 postremo
736 3948 861 4024 ipsa
895 3955 1104 4007 morte.
1165 3949 1356 4008 Causa
1413 3955 1634 4021 autem,
1669 3947 1824 4026 quod
1889 3965 2030 4014 non.

384 4036 595 4097 relicto
650 4054 787 4098 vero
818 4035 962 4115 Deo,
999 4055 1174 4098 vanas
1204 4046 1262 4097 et
1291 4036 1502 4098 inanes
1531 4037 1782 4097 deorum
1816 4034 2039 4097 abomi-

385 4125 657 4188 natiunes
712 4136 776 4188 ut
831 4125 1150 4189 adorarent
1196 4126 1538 4207 persuaderi
1576 4134 1866 4207 poterant.
1921 4124 2047 4198 Quo

388 4230 657 4288 tempore
707 4217 887 4276 fortes
923 4217 1158 4295 pietatis
1217 4217 1475 4289 athletae,
1506 4215 1741 4290 Lucius,
1780 4216 2043 4295 inquam,

385 4315 445 4368 et
500 4305 781 4387 Thyrsus,
847 4314 906 4366 et
961 4305 1279 4368 Callinicus
1352 4307 1442 4384 (re
1499 4323 1635 4365 vera
1694 4305 2041 4378 Callinicus,

385 4414 601 4475 nempe
625 4394 943 4476 praeclarus
956 4395 1190 4471 victor),
1213 4403 1461 4454 mortem
1488 4400 1729 4474 propter
1744 4393 2042 4455 Christum

2122 3941 2365 4011 κολάσεις
2398 3948 2716 4015 ἀνηκέστους
2764 3951 2945 4014 αὺτοῖς
2998 3949 3266 4029 ἐπάγνων,
3313 3953 3406 4007 καὶ
3459 3948 3775 4009 τελευταῖον

2120 4035 2209 4089 τὸν
2266 4037 2508 4097 θάνατον.
2571 4037 2634 4097 Ἦ
2684 4038 2736 4095 δὲ
2792 4039 2953 4113 αἰτία,
3001 4039 3081 4096 ὅτι
3136 4045 3212 4107 μὴ
3244 4042 3375 4097 θεὸν
3424 4037 3628 4115 ἀψευδῆ
3668 4042 3774 4116 μό-

2131 4143 2216 4177 νον
2276 4123 2645 4201 ἀπολιπόντες,
2699 4125 3021 4205 βδελύγμασι
3091 4142 3270 4193 κενοῖς
3354 4129 3444 4185 καὶ
3521 4130 3774 4202 ματαίοις

2128 4215 2258 4269 θεῶν
2320 4215 2539 4289 ὀνόματι
2599 4217 3045 4292 κατεψευσμένοις
3105 4220 3371 4274 πείθονται
3424 4234 3770 4294 προσκυνεῐνο

2129 4301 2215 4357 ὅτε
2271 4300 2337 4369 δὴ
2395 4307 2489 4361 καί
2547 4309 2593 4361 οἱ
2658 4304 2859 4384 στεῤῥοὶ
2929 4310 3028 4372 τῆς
3100 4304 3361 4372 εὐσεϐείας
3418 4306 3767 4384 ἀγνωνισταῖ,

2129 4392 2372 4467 Λεύκιος,
2431 4396 2592 4475 φημὶ,
2653 4398 2741 4451 καὶ
2798 4396 2996 4474 Θόρσος
3047 4398 3135 4453 καὶ
3193 4396 3225 4452 6'
3255 4394 3567 4461 Καλλίνικος
3600 4395 3767 4456 ὄντως

384 4485 714 4563 elegerunt,
750 4485 916 4565 prius
975 4484 1177 4544 multis
1217 4483 1461 4543 cruciati
1494 4482 1804 4562 suppliciis
1838 4503 1851 4545 :
1907 4500 2043 4557 quae

2129 4480 2444 4555 καλλίνικος,
2506 4485 2590 4540 διὰ
2646 4486 2869 4563 Χριστὸν
2927 4484 3139 4542 εἴλοντο
3195 4486 3474 4565 θνήσκειν,
3533 4483 3769 4547 πολλαῖς

387 4532 475 4546 μυ
518 4532 714 4556 ........,
791 4532 916 4544 η..-
976 4532 1176 4544 .........,
1220 4532 1461 4543 mm-..
1494 4532 1549 4542 υ-
1591 4532 1599 4538 .
1654 4532 1803 4543 ..-ην
1839 4532 1851 4545 .
1910 4532 2043 4557 ,νην

384 4532 583 4635 οιηῖιίει
607 4532 965 4654 superarunt
990 4571 1307 4632 tolerantia
1335 4591 1348 4634 :
1384 4580 1444 4633 et
1471 4532 1693 4633 dei'ntde
1722 4571 1853 4652 ipsa
1878 4589 2038 4649 quo-

2129 4532 2444 4555 --η---ητ--ηη
2509 4532 2590 4540 ν...
2646 4532 2865 4563 .-ι-.-ην
2927 4532 3137 4542 -.υ-ν..-
3200 4532 3474 4565 -.νη-υ,
3540 4532 3766 4547 ηψπ-η

2129 4568 2200 4626 ὅτι
2259 4574 2510 4650 πρότερον
2564 4586 2687 4636 ταῖς
2744 4574 3020 4650 τιμωρίαις
3078 4570 3469 4639 ὁποϐληθέντες
3529 4574 3616 4629 καὶ
3665 4572 3767 4629 πά·

382 4682 499 4744 que
548 4681 818 4743 corpora,
855 4672 1132 4742 tanquam
1167 4670 1433 4722 sanctum
1484 4660 1866 4733 sacriﬁcium,
1902 4678 2041 4722 con-

2129 4682 2215 4722 σας
2274 4662 2429 4728 αὐτὰς
2483 4665 2727 4739 ὑπομονῇ
2783 4662 3161 4741 διελέγξαντες,
3216 4663 3341 4719 εἶτα
3393 4664 3482 4719 καὶ
3542 4662 3673 4719 αὒτὰ
3701 4662 3767 4718 τὰ

382 4761 690 4814 secrarunt
714 4753 792 4826 ei,
820 4770 997 4833 quem
1019 4748 1591 4812 desitlerabant.Eos
1625 4749 1757 4811 tulit
1793 4749 2033 4830 quidem

2129 4750 2339 4824 πώματα
2396 4754 2471 4817 ὡς
2527 4754 2702 4809 θῦσίαν
2757 4752 2911 4829 ἁγίαν
2965 4759 3044 4827 τῷ
3113 4751 3427 4825 ποθουμένω
3502 4750 3761 4828 καθαγιά-

383 4836 596 4923 inclyta
625 4843 789 4919 regio
817 4841 1222 4920 Bithynorum:
1260 4859 1393 4900 cum
1424 4850 1629 4901 essent
1653 4848 1849 4900 autem
1884 4838 2030 4899 clari

2129 4861 2325 4904 παντες.
2359 4842 2582 4903 Τούτους
2612 4840 2792 4919 ἔνεγκε
2824 4842 2923 4915 μὲν
2952 4843 2987 4904 ἡ
3046 4841 3385 4918 περιώνυμος
3447 4840 3607 4920 χώρα
3662 4844 3764 4895 τῶν

383 4942 444 4995 et
471 4950 692 5011 genere
723 4938 781 4992 et
827 4929 1036 5009 gloria,
1082 4929 1265 4990 multo
1308 4929 1494 5009 magis
1526 4928 1890 4991 studuerunt
1918 4927 2030 4989 sibi

2129 4932 2362 4984 Βιθυνῶν’
2422 4933 2562 5007 γένει
2616 4928 2671 4985 δὲ
2728 4929 2875 4992 ὄντες
2931 4931 3016 4986 καὶ
3080 4928 3205 5006 δόξῃ
3278 4927 3513 5007 λαμπροὶ
3582 4925 3764 4997 πολλῷ

387 5040 595 5103 parare
629 5020 1012 5101 splendorem
1044 5036 1112 5080 ex
1148 5017 1389 5099 pietate.
2045 5071 2083 5103 ρ

2129 5017 2319 5074 ιᾶλλον
2375 5018 2632 5076 ἔσπευσαν
2688 5020 2784 5087 τὴν
2841 5018 2945 5075 ἀπὸ
2988 5025 3089 5086 τῆς
3150 5016 3416 5083 εὗσεϐείας
3469 5017 3756 5087 κτήσασθαι

2116 5108 2480 5187 περιφάνειαν.

467 5199 536 5263 il.
574 5201 719 5263 Cum
744 5216 909 5277 ergo,
930 5216 1061 5277 quae
1092 5198 1151 5259 in
1180 5197 1552 5262 Christianos
1584 5197 1782 5267 (iebat,
1824 5214 2031 5276 perse-

2196 5195 2277 5255 B'.
2315 5197 2461 5255 Ἐπεὶ
2492 5198 2579 5255 οὖν
2610 5198 2637 5254 ὅ
2666 5198 2805 5254 κατᾶ
2866 5201 3195 5276 Χριστιανῶν
3247 5196 3322 5253 ἔτι
3366 5194 3600 5277 διωγμὸς
3633 5194 3766 5251 ἐπε-

387 5289 544 5350 cutio
573 5289 766 5350 adhuc
803 5290 1072 5363 duraret,
1109 5295 1284 5366 atque
1314 5289 1463 5349 adeo
1497 5286 1680 5364 magis
1730 5286 2033 5366 magisque

2129 5286 2324 5365 ιράτει,
2387 5286 2593 5356 μᾶλλον
2651 5286 2706 5343 δὲ
2763 5289 2850 5343 καὶ
2910 5288 3108 5361 μείζων
3159 5290 3220 5345 τὸ
3272 5283 3527 5352 τηνικάδε
3585 5283 3767 5364 ᾔρετο,

388 5389 690 5439 cresceret
721 5396 735 5441 :
772 5387 829 5438 et
857 5395 963 5456 per
992 5376 1336 5436 universum
1375 5377 1579 5438 orbem
1615 5387 1790 5437 terra)
1840 5376 2034 5435 mitte-

2129 5384 2396 5455 πανταχοῦ
2441 5397 2497 5433 τε
2553 5378 2618 5435 τὰ
2674 5377 2768 5444 τῆς
2800 5374 3044 5440 ἀσεϐείας
3094 5374 3472 5452 κατεπέμπετο
3525 5373 3769 5453 δόγματα

388 5476 598 5529 rentur
627 5468 865 5529 decreta
890 5464 1234 5546 impietatis,
1271 5475 1329 5525 et
1361 5464 1807 5545 permitteretur
1832 5464 1997 5525 omni
2017 5499 2037 5515 -

2129 5467 2204 5521 ιαὶ
2265 5472 2422 5523 nim»
2500 5466 2681 5548 ἐφεῖτο
2763 5464 3007 5540 κολάζειν
3085 5465 3448 5544 Χριστιανοὺς,
3523 5463 3766 5540 μάλιστα

472 5628 493 5672 ί
525 5624 640 5691 Tit.
676 5643 761 5704 in,
793 5626 839 5691 Ι.
927 5625 960 5677 3
987 5624 1179 5689 Galat.
1212 5640 1290 5701 Iv,
1321 5623 1384 5689 4.

2045 5071 2090 5126 α
