4056 6142
320 331 439 399 509

1267 329 1736 393 MABTYRIUM
1784 328 1846 391 S.
1894 325 2182 390 THYRSI
2226 328 2323 390 ET
2370 327 2751 392 SOCIORUM

3578 333 3696 398 510

316 471 425 538 τὴν
483 467 807 549 προστασίαν
875 470 983 525 τῶν
1037 463 1307 541 δημοσίων
1353 466 1495 530 τινὸς
1567 463 1966 547 ὲωιτετραμμέο

2061 463 2163 527 bus
2195 463 2410 546 punire
2438 464 2836 539 Christianos,
2862 465 3118 528 maxime
3138 464 3358 549 quibus
3382 477 3508 532 erat
3535 490 3698 535 com-

318 581 460 635 νους,
534 559 874 629 παρέστησαν
954 558 1097 614 οὗτοι
1168 555 1603 631 τυραννουμένοις
1686 570 1806 622 τοῖς
1879 563 1971 614 τοῦ

317 649 453 707 Θεοῦ
511 650 723 722 νόμὸις,
771 648 860 704 καὶ
929 659 1049 709 τοῖς
1105 649 1205 712 τῆς
1263 642 1523 711 εὐσεϐείας
1605 644 1969 722 ἀδικουμένοις

312 744 537 814 θεσμοῖς
596 738 977 815 βοηθήσοντες,
1034 735 1129 793 καὶ
1188 733 1396 803 πολλὴν
1453 735 1555 804 ὅση
1627 738 1712 793 καὶ
1773 735 1838 793 δι’
1895 738 1971 791 ῶν

312 833 495 903 εἶπον,
561 833 659 885 καὶ
724 826 792 884 δι’
847 830 922 883 ὧν
990 824 1206 897 ἔπαθον,
1257 825 1357 893 τὴν
1416 825 1586 894 ῥοπὴν
1617 823 1964 891 ἐπεδείξαντο.

340 925 580 996 Ερχεται
642 916 744 995 γάρ
801 938 880 980 τις
928 914 1035 971 ἀπὸ
1080 913 1176 981 τῆς
1233 912 1564 989 Νικομήδους
1617 913 1701 971 διὰ
1750 916 1968 977 Νικαίας

313 1007 401 1063 ἰπὶ
463 1006 567 1073 τὴν
626 1004 966 1081 θρεψαμένην
1024 1003 1211 1066 αὐτοὺς
1265 1002 1445 1079 πόλιν,
1503 1003 1621 1071 ἥτις
1681 1005 1971 1082 Καισάρεια

317 1094 377 1152 ἒκ
434 1117 582 1162 τινος
613 1101 719 1152 τῶν
768 1093 1010 1151 παλαιῶν
1068 1091 1316 1149 ἐκαλεῖτο
1369 1096 1668 1173 Καισάρων,
1704 1091 1969 1170 Κουμϐρία

319 1205 436 1249 κιος
511 1185 704 1260 ὄνομα,
744 1184 901 1246 vdo-bc
959 1180 1193 1239 εἰδώλων
1235 1183 1321 1239 καὶ
1380 1183 1593 1259 βωμοὺς
1637 1184 1725 1239 καὶ
1766 1184 1970 1262 θυσίας,

320 1274 415 1332 καὶ
480 1274 536 1332 εἴ
577 1297 626 1330 τι
672 1271 804 1331 ἄλλο
863 1271 1075 1349 δαίμοσι
1119 1272 1475 1351 χαριζόμενον
1528 1271 1618 1348 ἦν,
1666 1270 1756 1329 διὰ
1796 1272 1972 1339 πάσης

320 1362 627 1439 ἐπιμελείας
691 1362 984 1438 τιθέμενοςο
1045 1364 1137 1419 οὒκ
1195 1360 1400 1426 ἐκεῖνος
1470 1361 1525 1418 δὲ
1580 1364 1744 1419 ταῦτα
1815 1363 1973 1437 μόνον

321 1452 461 1510 ἀλλὰ
516 1455 606 1511 καὶ
666 1454 764 1521 τὴν
816 1458 991 1510 πᾶσαν
1060 1464 1339 1509 κοινωνεῖν
1394 1451 1535 1526 αὐτῷ
1601 1457 1700 1519 τῆς
1754 1451 1973 1531 ἀσιουρ-

320 1543 440 1621 γίας
499 1542 966 1622 φιλοτιμούμενος,
1025 1541 1113 1598 καὶ
1166 1542 1287 1606 τοὺς
1357 1542 1457 1617 μὲν
1520 1540 1771 1606 ἀπειλαῖς
1812 1563 1974 1598 κατα-

319 1632 601 1706 πλήττων,
673 1632 792 1694 τοὺς
864 1628 919 1685 δὲ
984 1630 1073 1687 καὶ
1127 1628 1337 1708 ἀγαθῶν
1407 1632 1458 1687 ’e)
1472 1631 1583 1687 πίσι
1648 1630 1974 1707 παρακρουό-

2054 553 2235 615 missa
2264 553 2464 632 aliqua
2491 553 2845 635 praefectura
2873 554 3243 637 reipublicae,
3262 558 3582 622 astiterunt
3609 561 3694 637 hi,

2054 661 2228 724 opem
2262 641 2438 706 laturi
2487 644 2597 706 Dei
2626 643 2880 725 legibus,
2911 646 2975 707 in
3008 655 3154 727 quas
3181 647 3570 711 exercebatur
3596 657 3698 730 ty-

2052 732 2283 809 rannis,
2346 743 2405 795 et
2462 732 2698 814 pietatis
2758 753 3029 817 veraeque
3088 736 3395 816 religionis
3462 739 3699 821 ritibus,

2053 821 2270 903 quibus
2301 822 2483 887 fiebat
2514 823 2759 904 injuria,
2791 833 2849 887 et
2880 843 2988 906 per
3019 842 3110 899 ea,
3146 845 3278 908 quae
3304 827 3608 905 dixerunt,
3641 840 3702 894 et

2052 928 2185 991 quae
2218 912 2370 992 passi
2423 921 2580 986 sunt,
2615 913 2935 994 plurimum
2967 914 3299 992 adjumenli
3348 917 3695 985 attulerunt.

2054 999 2232 1063 Venit
2266 1002 2424 1063 enim
2458 1001 2697 1083 quidam
2733 1022 2801 1065 ex
2833 1002 3179 1066 Nicomedia
3200 1022 3307 1086 per
3336 1005 3594 1069 Nicaeam
3627 1010 3701 1071 Ad

2055 1108 2209 1165 eam,
2246 1108 2378 1171 quas
2429 1091 2592 1172 ipsos
2640 1092 2808 1173 aluit,
2863 1092 3188 1175 civitatem,
3221 1113 3353 1175 quae
3405 1095 3563 1159 dicta
3610 1106 3702 1161 est

2055 1180 2326 1242 Caesarea
2347 1198 2380 1242 a
2404 1181 2661 1261 quodam
2685 1201 2754 1244 ex
2779 1182 3079 1244 veteribus
3099 1180 3433 1247 Casaribus
3456 1186 3703 1250 nomine

2058 1267 2457 1346 Cumbricius,
2487 1271 2584 1333 cui
2617 1289 2843 1351 magnae
2870 1289 3027 1334 cura:
3058 1282 3232 1335 erant
3259 1273 3479 1355 templa
3506 1274 3701 1339 simu-

2056 1357 2380 1433 lacrorum,
2416 1378 2653 1441 araeque
2706 1368 2765 1424 et
2809 1361 3121 1436 sacrificia,
3155 1372 3215 1424 et
3269 1363 3321 1424 si
3351 1364 3491 1444 quid
3540 1365 3700 1428 aliud

2057 1456 2182 1509 erat
2201 1457 2428 1527 gratum
2452 1448 2845 1511 daemonibus.
2863 1449 2991 1513 Non
3016 1449 3118 1513 ille
3140 1458 3335 1514 autem
3368 1453 3495 1516 haec
3511 1455 3699 1528 solus,

2058 1536 2161 1598 sed
2223 1538 2399 1599 etiam
2445 1538 2867 1621 contendebat,
2905 1548 2969 1601 ut
3026 1540 3348 1604 universus
3406 1545 3704 1608 exercitus

2057 1625 2196 1689 facti
2251 1626 2430 1707 hujus
2482 1628 2692 1691 nefarii
2739 1637 2897 1690 esset
2943 1647 3075 1692 cum
3110 1650 3180 1693 eo
3238 1631 3582 1714 particeps:
3644 1642 3704 1697 et

320 1743 506 1797 μενος.
567 1722 788 1784 Λεύκιος
815 1719 869 1776 δὲ
925 1725 1031 1777 τῶν
1074 1719 1209 1775 κατὰ
1250 1719 1347 1787 τὴν
1399 1718 1559 1776 πόλιν
1614 1718 1698 1777 διὰ
1745 1742 1802 1776 τε
1832 1720 1974 1776 σύνε-

2061 1715 2207 1778 alios
2234 1716 2480 1793 quidem
2518 1717 2784 1782 terrebat
2808 1719 3009 1799 minis,
3043 1719 3192 1782 alios
3220 1738 3364 1784 vero
3395 1723 3704 1804 promissis

317 1794 401 1869 σιν
459 1812 550 1868 καὶ
606 1809 846 1867 παιδείαν
874 1809 1139 1885 επίσημος
1195 1808 1293 1887 ὠν,
1325 1808 1463 1866 ἀλλὰ
1520 1811 1607 1866 καὶ
1638 1809 1818 1889 γένους
1862 1809 1974 1866 ἐπι-

2061 1813 2114 1866 et
2137 1823 2244 1885 spe
2274 1805 2572 1895 bonorum
2599 1806 2945 1871 inducebat.
2982 1794 3199 1872 Lucius
3229 1794 3517 1893 vero,'qui
3550 1812 3706 1877 inter

313 1907 535 1981 φανοῦς,
615 1900 793 1978 ὥσπερ
863 1899 1093 1978 ἔφημεν,
1159 1901 1243 1956 καὶ
1316 1900 1481 1964 οἰκίας
1537 1899 1642 1956 τῶν
1720 1897 1974 1979 περιϐλέ⁸

2061 1899 2214 1956 ctves
2242 1902 2371 1957 erat
2394 1904 2453 1956 et
2481 1895 2798 1977 prudentia
2828 1904 2886 1959 et
2914 1898 3177 1959 doctrina
3203 1898 3478 1979 insignis,
3501 1910 3559 1964 et
3574 1910 3704 1966 erat

312 2011 487 2063 πτων,
522 1990 714 2058 ἠνιᾶτο
769 1986 952 2051 δεινῶς
1009 1988 1095 2044 ἆπὶ
1124 1988 1328 2051 τούτοις
1374 1989 1462 2045 καὶ
1508 1988 1656 2061 ζήλῳ
1705 1990 1828 2061 θείῳ
1873 1988 1973 2057 τὴν

311 2081 501 2160 ψυχὴν
570 2076 1010 2156 κατεπίμπρατο.
1099 2076 1370 2135 Ἐντεῦθεν
1440 2077 1556 2138 οὐδὲ
1623 2077 1815 2157 ἤνεγκε
1883 2085 1974 2136 τοῦ

315 2168 513 2226 λοιποῦ
569 2168 668 2233 τὴν
726 2165 995 2226 εὐσέϐειαν
1051 2166 1406 2228 λανθάνουσαν
1431 2167 1605 2249 ἔχειν,
1639 2165 1753 2226 οὐδὲ
1809 2167 1971 2224 κατέ-

314 2280 442 2339 χειν
495 2259 582 2315 ὲπὶ
611 2257 774 2315 πλέον
826 2260 927 2323 τὴν
956 2256 1271 2336 παῤῥησίαν,
1325 2255 1462 2317 ἀλλὰ
1518 2258 1609 2314 τὸν
1642 2262 1762 2315 τότε
1795 2259 1975 2335 καιρὸν

314 2345 750 2416 ἐπιτηδειότατον
816 2348 959 2405 εἶναι
1026 2346 1163 2405 ὥστε
1239 2347 1439 2414 ταύτην
1492 2345 1663 2419 δήλην
1733 2348 1973 2417 ποιήσα-

323 2441 439 2496 σθαι
495 2439 684 2504 οἰηθεὶς
745 2439 833 2494 καὶ
878 2438 938 2493 ὃν
996 2435 1057 2494 ἐκ
1108 2434 1309 2494 πολλοῦ
1363 2434 1516 2493 ὤδινε
1548 2435 1712 2507 ζῆλον
1764 2436 1974 2515 ἐμφανῆ

324 2531 651 2594 καταστῆσαι
709 2528 782 2592 ὡς
838 2526 996 2607 εἶχεν
1054 2527 1196 2592 εὐθὺς
1243 2527 1320 2601 τῷ
1375 2528 1475 2592 τῆς
1533 2524 1772 2591 ἀσεϐείας
1833 2528 1974 2582 ὑπα-

329 2623 524 2694 σπιστῇ
607 2616 904 2694 παραστάς·
990 2617 1171 2695 Ἱνατί,
1246 2616 1426 2694 φησὶν,
1504 2614 1552 2671 ὦ
1637 2613 1973 2695 Κουμϐρίκιε,

324 2706 597 2786 δυστυχῶς
668 2705 807 2763 οὕτω
835 2709 922 2763 καὶ
983 2703 1173 2768 ἀθλίως
1217 2706 1354 2762 κατὰ
1409 2704 1504 2773 τῆς
1533 2705 1728 2769 οἰκείας
1786 2704 1975 2782 ὁπλίζῃ

325 2801 537 2876 ψυχῆς,
572 2794 862 2862 ἀναίσθητα
919 2793 1186 2870 δαιμόνων
1228 2795 1314 2850 καὶ
1342 2796 1497 2874 κωφὰ
1525 2799 1694 2869 τιμῶν
1751 2792 1973 2868 εἴδωλα,

322 2887 408 2943 καὶ
487 2886 562 2948 εἷς
634 2884 913 2941 κοινωνίαν
991 2881 1216 2946 πολλοὺς
1274 2883 1471 2950 ταύτης
1546 2880 1972 2962 παραλαμϐάνων

326 2983 415 3046 τῆς
468 2971 900 3049 κακοδαιμονίας,
962 2972 1055 3028 ’ίνα
1107 2972 1194 3028 καὶ
1238 2972 1407 3029 αὐτῶν
1466 2970 1621 3028 λίθων
1669 2974 1756 3028 καὶ
1812 2969 1975 3036 ξύλων

330 3063 583 3141 ἂνθρωποι
655 3063 905 3143 φανῶμεν
975 3062 1427 3139 ἀναισθητότεροι,
1500 3058 1616 3117 δέον
1690 3060 1976 3138 ἐπιγνῶναι

322 3151 522 3228 μᾶλλον
586 3151 760 3220 ἀληθῆ
793 3153 923 3208 Θεὸν
982 3152 1065 3208 καὶ
1098 3156 1323 3229 Σωτῆρα
1372 3151 1459 3208 καὶ
1505 3157 1581 3223 τῷ
1625 3152 1756 3230 φωτὶ
1784 3154 1978 3228 πορευ-

319 3246 468 3312 θῆναι
529 3247 630 3310 τῆς
663 3242 934 3316 ἀληθείας,
969 3242 1030 3298 τὸ
1059 3245 1157 3310 τῆς
1203 3239 1410 3308 πλάνης
1439 3241 1626 3304 σκότος
1658 3243 1745 3298 καὶ
1803 3247 1977 3297 πᾶσαν

317 3334 516 3401 ταύτην
549 3332 910 3396 ἀπολιπόντας
940 3332 1040 3399 τὴν
1083 3331 1444 3407 ραταιότητας
1478 3347 1493 3405 ;

401 3510 483 3573 Γ’.
545 3518 721 3570 Ταῦτα
754 3512 880 3588 πρὸς
939 3513 1032 3567 τὸν
1079 3508 1324 3588 ,ἡγεμόνα
1379 3516 1471 3567 τοῦ
1520 3510 1735 3567 Λευκίου
1765 3509 1818 3566 ἐν
1873 3510 1972 3585 ἀρ-

320 3614 459 3682 γαῖς
515 3600 594 3657 ἔτι
654 3602 741 3659 καὶ
792 3601 1096 3679 προοιμίοις
1154 3599 1419 3680 εἰπόντος,
1450 3600 1478 3655 ὃ
1533 3599 1711 3678 ἄφρων
1764 3599 1970 3664 ἐκεῖνος

318 3693 410 3748 καὶ
450 3692 685 3771 ἰσχυρῶς
744 3691 992 3764 ἀνόητος,
1054 3689 1270 3770 δηχθεὶς
1331 3691 1425 3757 τὴν
1489 3690 1700 3769 ψυχὴν,
1753 3691 1840 3745 καὶ
1897 3691 1969 3752 ὡς

319 3781 537 3837 ἀνόσιόν
605 3802 656 3836 τι
723 3783 809 3837 καὶ
873 3781 1056 3836 σκαιὸν
1114 3781 1345 3855 μισήσας
1412 3780 1507 3847 τὴν
1564 3778 1970 3857 πεπαῤῥησιασ-

321 3871 493 3946 μένην
577 3869 853 3949 ἀλήθειαν,
936 3869 1157 3948 πληγής
1243 3868 1488 3926 ἐντείνειν
1571 3868 1760 3933 εὒθὲως
1839 3870 1982 3942 αὖτῷ

319 3961 459 4018 κατά
501 3958 686 4016 νώτων
742 3958 1004 4032 ἐκέλευεν,
1051 3960 1111 4015 ού
1170 3959 1331 4036 λόγου
1388 3960 1641 4036 πρότερον
1699 3956 1976 4038 μεταδοὺς,

321 4053 384 4108 οὗ
440 4061 637 4126 πεῖραν
712 4050 1030 4126 μεταγαγὼν
1113 4049 1183 4113 εἷς
1254 4049 1556 4126 μετάθεσιν,
1627 4044 1748 4103 ἀλλ’
1815 4044 1978 4106 οὕτως

322 4138 537 4215 ἄκριτόν
596 4158 654 4194 τε
683 4137 780 4194 καί
836 4134 1185 4194 ἀϐασάνιστον
1244 4138 1421 4216 ὥσπερ
1454 4137 1515 4193 ἐκ
1571 4136 1787 4215 πρώτης
1819 4135 1980 4192 ἀνέλ-

322 4249 511 4284 πιστον
585 4226 728 4283 εἶναι
800 4228 915 4294 τὴν
973 4225 1276 4301 μεταϐολὴν
1334 4226 1643 4305 πιστεύσας,
1705 4225 1981 4304 τιμωρίαις

324 4314 595 4382 ἐξέδωκεν.
680 4306 737 4374 Ὀ
822 4317 1019 4395 μάρτυς
1102 4316 1275 4372 τοίνυν
1343 4314 1511 4384 ἡδέως
1588 4317 1682 4379 τὰς
1765 4315 1979 4393 πληγὰς

325 4405 523 4467 ὲκείνας
586 4403 901 4485 δεχόμενος,
935 4408 1024 4463 καὶ
1076 4407 1167 4463 τὸν
1214 4406 1402 4484 Κύριον
1459 4403 1543 4461 ἐπ’
1578 4406 1763 4469 αὒταϊς
1821 4403 1978 4462 εὐλο-

2058 1983 2231 2045 etiam
2267 2002 2491 2063 genere
2522 1985 2739 2061 clarus,
2775 1986 2929 2049 sicut
2975 1987 3258 2063 diximus,
3291 1997 3350 2050 et
3380 2008 3450 2053 ex
3481 1991 3702 2055 illustri

2056 2071 2274 2134 familia
2311 2082 2553 2154 propter
2583 2075 2709 2138 haec
2736 2076 2912 2139 valde
2941 2077 3268 2157 angebatur
3295 2080 3515 2157 animo,
3547 2081 3704 2143 divi-

2059 2179 2255 2242 noque
2285 2163 2413 2225 zelo
2457 2165 2589 2243 ejus
2617 2165 3095 2228 inﬂammabatur
3140 2172 3393 2231 animus.
3427 2169 3579 2233 Hinc
3609 2171 3703 2235 fa-

2058 2259 2221 2314 ctum
2246 2259 2430 2327 est,ut
2452 2253 2528 2316 de
2549 2261 2764 2316 caetero
2780 2272 2899 2317 non
2919 2257 3174 2338 amplius
3197 2258 3489 2321 occultam
3514 2260 3704 2324 babe-

2057 2347 2149 2402 ret
2200 2340 2503 2421 pietatem,
2542 2361 2735 2424 neque
2784 2344 3041 2423 amplius
3081 2347 3417 2409 contineret
3463 2349 3706 2413 dicendi

2058 2428 2418 2493 libertatem:
2444 2430 2551 2493 sed
2574 2432 2734 2493 illam
2759 2433 3115 2496 ostendendi
3134 2437 3702 2516 opportunissimum

2061 2520 2172 2580 hoc
2191 2528 2423 2600 tempus
2451 2539 2584 2582 esse
2596 2528 2847 2595 ratus,et
2866 2523 2924 2583 in
2939 2521 3131 2584 lucem
3152 2523 3491 2605 proferendi
3506 2528 3699 2590 zelum

2059 2627 2236 2690 quem
2253 2609 2483 2688 jamdiu
2513 2610 2864 2691 paturiebat,
2885 2612 2961 2674 ad
2983 2610 3304 2691 impietatis
3320 2613 3697 2678 defensorem

2060 2699 2339 2761 continuo
2366 2700 2699 2763 accedens:
2731 2701 2875 2781 Cur,
2910 2702 3122 2782 inquit,
3155 2721 3188 2764 o
3219 2703 3548 2787 Cumbrici,
3581 2714 3697 2768 tam

2061 2789 2279 2850 misere
2303 2797 2362 2850 et
2392 2788 2708 2852 infeliciter
2727 2790 2789 2852 in
2813 2798 2970 2852 tuam
3001 2792 3255 2855 armaris
3283 2794 3699 2870 animam,dae-

2061 2896 2301 2939 menum
2351 2878 2663 2941 insensilia
2694 2889 2753 2941 et
2785 2881 2965 2942 surda
3007 2880 3263 2945 adorans
3292 2883 3613 2947 simulacra
3641 2895 3703 2950 et

2061 2967 2279 3028 multos
2328 2986 2640 3030 assumens
2669 2969 2741 3030 ad
2798 2970 3143 3033 societatem
3200 2971 3473 3035 infausta;
3526 2975 3703 3055 hujus

2058 3057 2520 3137 superstitionis,
2572 3073 2636 3122 ut
2665 3058 2756 3121 vel
2787 3059 2933 3138 ipsis
2974 3060 3274 3140 lapidibus
3302 3070 3360 3123 et
3391 3063 3567 3141 lignis
3609 3069 3703 3124 vi-

1999 3153 2039 3206 C
2065 3145 2316 3208 deamur
2338 3146 2609 3209 homines
2634 3149 2832 3210 minus
2860 3148 3083 3211 habere
3110 3168 3342 3223 sensus,
3367 3169 3502 3212 cum
3530 3171 3705 3233 opor-

2061 3243 2180 3297 teat
2202 3235 2396 3316 potius
2417 3254 2751 3315 agnoscere
2768 3237 2953 3299 Deum
2979 3255 3181 3301 verum
3209 3248 3267 3300 et
3295 3237 3702 3321 Servatorem,

2059 3333 2120 3388 et
2148 3325 2453 3387 ambulare
2485 3326 2546 3388 iu
2577 3327 2713 3389 luce
2747 3328 3027 3410 veritatis,
3060 3329 3267 3391 relicto
3297 3347 3504 3393 errore
3531 3340 3702 3394 tene-

2059 3413 2298 3477 brarum
2328 3424 2385 3476 et
2413 3415 2577 3477 omni
2605 3419 2860 3479 vanitate
2888 3417 2920 3478 ‘I

2137 3501 2238 3566 Ill.
2275 3503 2411 3566 Hazc
2432 3524 2566 3565 cum
2600 3506 2658 3566 in
2683 3506 2973 3588 principio
2991 3506 3236 3568 dixisset
3257 3508 3472 3570 Lucius
3496 3510 3703 3589 praasi-

2055 3591 2140 3667 di,
2174 3593 2466 3675 insipiens
2496 3594 2622 3670 ille,
2655 3603 2712 3657 et
2742 3597 2921 3677 plane
2951 3615 3179 3672 amens,
3215 3598 3412 3658 animo
3442 3615 3698 3674 morsus,

2054 3692 2116 3743 et
2145 3691 2431 3764 tanquam
2467 3685 2715 3764 impium
2747 3686 2892 3766 quid
2916 3693 2976 3746 et
2996 3685 3331 3760 sinistrum,
3352 3686 3537 3748 libere
3558 3705 3702 3768 pro-

2057 3773 2230 3834 latam
2292 3774 2429 3835 odio
2461 3775 2691 3838 habens
2745 3776 3076 3851 veritatem,
3112 3777 3242 3856 ejus
3290 3785 3455 3856 tergo
3505 3777 3703 3840 statim

2056 3864 2208 3944 jussi
2240 3863 2429 3942 infligi
2460 3865 2679 3945 plagas,
2714 3875 2771 3927 et
2801 3885 2911 3928 nec
2942 3885 3077 3928 eum
3125 3865 3289 3946 prius
3317 3869 3700 3948 conveniens,

2066 3972 2177 4015 nec
2207 3961 2460 4032 tantane,
2495 3974 2565 4017 an
2596 3975 2733 4017 eum
2768 3965 2968 4039 posset
3021 3975 3054 4017 a
3083 3974 3188 4019 sua
3218 3957 3531 4021 traducere
3556 3978 3703 4021 sen-

2065 4051 2245 4104 tentia
2280 4064 2296 4118 ;
2327 4044 2431 4105 sed
2464 4044 2687 4107 indicta
2707 4064 2883 4107 causa
2918 4055 2975 4108 et
3002 4047 3156 4109 citra
3182 4046 3357 4110 ullam
3391 4049 3701 4111 examina-

2063 4132 2310 4213 tionem,
2350 4146 2411 4194 ut
2446 4134 2540 4195 cui
2571 4136 2843 4197 crederet
2875 4136 3093 4198 nullam
3147 4154 3279 4199 esse
3309 4156 3475 4218 spem
3509 4149 3704 4201 muta-

2063 4223 2263 4302 tionis,
2295 4223 2538 4287 tradidit
2568 4225 2978 4287 cruciandum.
3013 4225 3226 4306 Martyr
3272 4227 3472 4306 itaque
3505 4229 3702 4306 plagas

2063 4312 2196 4373 illas
2226 4312 2482 4374 libenter
2511 4314 2836 4396 accipiens,
2873 4325 2931 4376 et
2963 4326 3206 4396 propter
3234 4334 3335 4377 eas
3388 4316 3702 4378 Dominum

2063 4402 2330 4476 laudans,
2365 4402 2632 4465 incitavit
2665 4403 2976 4484 pnnsidem
3010 4404 3081 4465 ad
3116 4404 3288 4483 longe
3328 4406 3615 4485 majorem
3648 4415 3707 4468 et

328 4502 458 4572 γῶν,
522 4497 595 4558 είς
656 4495 868 4569 μείζονα
919 4494 1134 4553 πολλῶν
1193 4497 1280 4552 καὶ
1342 4492 1727 4575 χαλεπωτέραν
1787 4495 1974 4568 μανίαν

2061 4492 2391 4569 graviorem
2414 4491 2699 4556 furorem.
2732 4495 2866 4575 lpse
2899 4501 3061 4555 certe
3092 4493 3198 4555 fuit
3225 4493 3339 4555 sibi
3369 4512 3544 4556 causa
3575 4513 3701 4557 ma-

336 4585 425 4638 τὸν
502 4584 739 4661 ἡγεμόνα
835 4584 1068 4662 ἠρέθιζεν
1078 4603 1093 4619 ⁸

340 4671 506 4744 ἑαυτῷ
585 4675 862 4731 καθίστατο
945 4674 1170 4753 πληγῶν
1242 4674 1441 4739 αἴτιος’
1501 4683 1655 4733 τοῦτο
1726 4674 1825 4751 γὰρ
1892 4673 1982 4729 καὶ

333 4758 582 4828 ἠϐούλετο
652 4761 722 4819 δι’
780 4760 1016 4839 ἀμοιϐῶν
1077 4764 1288 4828 πάντως
1355 4763 1611 4837 μειζόνων
1682 4763 1978 4836 ἐπιθυμίαν·

328 4848 428 4913 ἕως
489 4849 543 4906 οῗ
574 4872 630 4906 τε
663 4848 845 4926 δήμιοι
882 4852 1122 4917 παίοντες
1182 4851 1400 4927 ἔκαμον,
1433 4852 1520 4908 καὶ
1548 4853 1609 4908 τὸ
1640 4853 1796 4908 αύτοῦ
1825 4850 1980 4907 ἀπεί-

325 4960 457 5016 ρηκε
517 4944 702 5020 σῶμα,
733 4940 1044 5019 κατατριϐὲς
1073 4940 1176 5009 ἤδη
1230 4941 1514 5018 γενόμενον
1562 4952 1684 5003 ταῖς
1714 4938 1979 5018 πληγαῖς,

322 5028 490 5094 Αὗτὸς
544 5027 601 5084 δὲ
643 5032 742 5097 τὴν
800 5032 932 5107 πρὸς
984 5032 1114 5087 Θεὸν
1168 5029 1418 5087 ἀνάλτσιν
1471 5028 1690 5109 ηὔχετο,
1736 5028 1982 5109 ἐντυχεῖν

319 5118 509 5189 ἐκείνῳ
552 5120 753 5198 ποθῶν,
835 5118 918 5199 ἐφ’
975 5122 1020 5193 ᾧ
1079 5120 1427 5177 κατανεύοντα
1484 5117 1688 5194 μᾶλλον
1742 5117 1837 5175 καῖ
1892 5120 1983 5173 τὸν

313 5205 561 5285 ἡγεμόνα
592 5206 773 5287 εἶχεν,
807 5211 896 5265 οἷα
944 5207 997 5264 δὲ
1039 5209 1136 5276 τὴν
1194 5211 1324 5286 πρὸς
1371 5216 1608 5266 τοιοότον
1668 5206 1973 5284 ἀπαγορεύ-

316 5318 450 5354 οντα
511 5295 714 5370 πάλην,
763 5298 851 5355 καὶ
908 5300 1006 5365 τῆς
1063 5298 1261 5356 ἐκείνου
1313 5297 1558 5377 γλώττης
1614 5297 1712 5365 τὴν
1770 5295 1979 5375 παῤῥη-

312 5388 438 5444 σίαν
500 5389 560 5445 οὗ
616 5386 865 5467 φέροντα.
947 5397 1255 5466 Τοιγαρουν,
1317 5390 1445 5445 Επεί
1515 5409 1622 5458 σοι,
1683 5387 1866 5466 φησὶν,
1938 5386 1983 5442 ὦ

1179 4583 1364 4660 ἀμέλει
1448 4584 1534 4640 καὶ
1623 4581 1974 4664 σφοδροτέρων

2061 4580 2257 4659 jorum
2293 4580 2597 4660 plagarum
2626 4599 2639 4644 :
2680 4601 2813 4643 nam
2844 4583 2960 4645 hoc
2992 4583 3169 4644 etiam
3203 4583 3449 4645 omnino
3482 4583 3714 4647 volebat

2069 4677 2309 4749 propter
2352 4669 2739 4748 cupiditatem
2795 4673 3083 4751 majorum
3134 4674 3706 4754 remunerationum,

2065 4757 2258 4819 donec
2291 4768 2348 4819 et
2400 4760 2801 4838 percutientes
2853 4762 3094 4823 lictores
3147 4761 3368 4824 defessi
3398 4770 3616 4837 essent,
3652 4771 3713 4824 et

2065 4847 2438 4926 defatigatum
2495 4859 2656 4911 esset
2709 4850 2836 4930 ejus
2864 4866 3105 4930 corpus,
3140 4851 3299 4930 quod
3359 4851 3544 4929 plagis
3584 4852 3707 4931 jam

2066 4935 2258 4998 fuerat
2313 4938 2657 5000 contritum.
2709 4939 2840 5017 Ipse
2897 4955 3036 4999 vero
3095 4938 3468 5017 precabatur,
3522 4947 3583 5000 ut
3635 4940 3710 5001 ad

2068 5026 2252 5087 Deum
2302 5025 2724 5099 resolveretur,
2758 5027 2924 5087 illum
2986 5029 3305 5089 convenire
3335 5026 3707 5092 desiderans.

2066 5112 2467 5186 Quamobrem
2495 5124 2857 5177 annuentem
2885 5133 3121 5195 quoque
3143 5115 3350 5177 habuit
3370 5114 3707 5198 praasidem,

2066 5212 2128 5263 ut
2158 5203 2256 5283 qui
2301 5203 2646 5284 desperaret
2675 5223 2739 5266 se
2769 5222 2904 5266 eum
2942 5222 3116 5284 posse
3148 5204 3390 5267 vincere
3417 5206 3477 5267 in
3510 5213 3708 5267 certa-

2064 5292 2247 5365 mine,
2280 5301 2339 5353 et
2371 5292 2530 5355 illius
2552 5294 2767 5373 linguae
2797 5311 2915 5355 non
2941 5293 3126 5356 ferret
3152 5293 3510 5356 libertatem.
3545 5293 3709 5366 Quo-

2066 5386 2222 5443 niam
2259 5399 2422 5462 ergo,
2452 5383 2668 5463 inquit,
2695 5402 2729 5443 ο
2762 5382 2930 5457 Luci,
2962 5401 3119 5445 mors
3145 5382 3362 5445 esttibi
3393 5392 3578 5463 grata,
3604 5402 3713 5465 age

317 5476 539 5550 Λεύκιε,
570 5473 722 5555 φίλον
780 5479 809 5533 ὁ
858 5476 1100 5550 θάνατος,
1147 5475 1270 5556 φέρε
1328 5497 1421 5533 σου
1470 5481 1541 5551 τῇ
1599 5474 1843 5548 ἱπιθυμίᾳ
1898 5484 1974 5531 κα⁴

2069 5489 2179 5532 nos
2207 5491 2452 5549 quoque
2507 5471 2613 5533 tibi
2644 5473 2982 5551 largiamur,
3015 5473 3173 5553 quod
3205 5472 3535 5548 desideras,
3569 5493 3714 5555 quo-

320 5569 495 5640 ἡμεῖς
542 5564 916 5644 χαρισώμεθα,
951 5565 1184 5643 καθάπερ
1236 5567 1325 5623 καὶ
1373 5563 1602 5629 πολλοῖς
1633 5563 1794 5638 ἴσμεν
1852 5564 1974 5622 πολ-

2075 5560 2249 5623 modo
2283 5579 2389 5623 nos
2418 5561 2639 5623 scimus
2671 5580 2803 5624 esse
2832 5562 3074 5642 largitos
3104 5563 3307 5625 multis
3334 5563 3708 5645 Christianis,

322 5654 484 5718 λάκις
544 5660 652 5711 τῶν
709 5656 907 5731 ὁμοίως
967 5654 1328 5733 πλανωμένων
1384 5653 1709 5735 Χριστιανῶν
1766 5654 1974 5735 χαρισά·

2077 5651 2180 5733 qui
2202 5650 2555 5715 fallebantur
2566 5651 2842 5716 similiter
2858 5672 2871 5716 :
2889 5659 2947 5716 et
2966 5658 3163 5718 statim
3191 5652 3366 5736 jubet
3395 5660 3599 5718 sancto
3629 5653 3710 5716 ci-
