4056 6142
400 285 467 348 51
487 287 506 350 1
1742 291 1906 353 ΜΕΝ
1911 291 2024 354 SIS

2132 290 2492 354 ECEMBER.
3676 295 3786 360 512

400 417 576 482 vitate
624 418 870 499 expulso
901 428 1078 500 caput
1122 421 1441 502 amputari.
1475 419 1818 486 Ducebatur
1854 421 2044 504 itaque

2138 445 2310 500 μενοι.
2377 427 2475 485 Καὶ
2535 425 2723 484 αὐτίκα
2793 425 2997 486 κελεύει
3055 433 3154 496 τῆς
3210 427 3417 492 πόλεως
3475 427 3792 498 ἐκϐληθέντα

398 517 618 599 martyr
641 528 676 570 a
705 509 1038 587 lictoribus,
1068 529 1188 573 non
1216 519 1488 586 moestus,
1522 529 1633 574 nec
1662 510 1904 587 timens,
1937 530 2044 574 ne-

2135 515 2224 571 τὸν
2255 515 2407 593 ἅγιον
2440 515 2818 592 ἀποτμηθῆναι
2861 518 2959 586 τὴν
2987 517 3252 598 κεφαλήν,
3311 517 3531 599 ’¹Ηγετο
3565 519 3652 576 οὖν
3696 522 3791 580 ὑπὸ

395 616 512 678 que
544 597 726 660 ullum
760 599 984 661 doloris
1022 601 1330 677 vestigium
1364 600 1527 662 vultu
1560 619 1685 680 prae
1734 617 1799 660 se
1830 600 2044 677 ferens,

2135 605 2240 661 τῶν
2307 603 2512 680 δημίων
2571 607 2598 662 ὁ
2671 607 2892 684 μάρτυς,
2953 607 3013 665 οὒ
3068 597 3497 689 σκυθρωπάζων,
3559 609 3618 668 οὗ
3681 608 3790 667 δει-

395 687 498 749 sed
547 696 702 750 totus
736 690 900 751 laetus
949 698 1008 751 et
1038 689 1275 764 alacris,
1311 690 1560 769 perinde
1604 709 1671 752 ac
1702 689 1754 752 si
1785 690 2052 754 abduce-

395 787 588 859 retur,
622 798 740 839 non
772 787 836 840 ut
865 787 1041 861 caput
1071 780 1124 840 ei
1168 788 1594 858 amputaretur,
1631 779 1732 841 sed
1770 781 1964 860 potius
1995 789 2056 843 ut

396 876 784 929 coronaretur
817 888 830 930 :
881 868 1038 948 quod
1075 869 1316 949 quidem
1350 879 1477 932 orat
1526 870 1585 930 in
1619 869 1783 931 caelis
1835 889 2054 933 conse-

399 965 658 1018 cuturus.
697 957 908 1019 Procul
969 976 1109 1034 ergo
1140 957 1434 1021 abductus
1465 979 1498 1021 a
1540 959 1808 1040 civitate,
1840 959 1925 1022 sic
1959 963 2053 1041 pie

398 1053 864 1123 consummatur,
904 1056 961 1109 et
1011 1067 1146 1110 vere
1203 1048 1440 1110 beatum
1497 1050 1553 1121 ei
1601 1055 1777 1127 caput
1832 1068 2048 1130 ampu-

398 1135 696 1198 tatur.Sed
728 1155 866 1198 eum
890 1137 1264 1219 quidemjam
1291 1139 1576 1220 deinceps
1595 1138 1773 1201 habet
1803 1139 2039 1214 ccelum,

394 1241 525 1303 qua;
554 1243 672 1287 non
703 1228 1128 1309 corrumpitur,
1154 1246 1375 1290 corona
1403 1236 1779 1292 coronatum.

476 1495 575 1554 iV.
615 1493 760 1558 Cum
809 1503 1005 1556 autem
1041 1495 1366 1558 Cumbricii
1417 1498 1571 1559 fama
1606 1496 1958 1577 pervasisset
1987 1498 2044 1556 in

395 1603 605 1648 omnes
622 1597 837 1667 partes,
865 1596 922 1649 et
953 1588 1201 1650 laterent
1225 1608 1434 1652 omnes
1461 1588 1780 1652 Christiani
1809 1597 2048 1670 propter

396 1674 558 1736 illius
609 1677 1046 1753 crudelitatem,
1079 1679 1276 1740 divino
1307 1680 1432 1740 zelo
1464 1679 1728 1759 undique
1785 1689 2047 1740 armatus

2138 693 2291 766 λιῶν,
2325 693 2469 753 οὒδὲν
2529 698 2821 772 κατηφείας
2879 697 3038 777 ἴχνος
3083 697 3168 755 ἐπὶ
3220 703 3318 766 τῆς
3363 697 3535 775 ὅψεως
3578 700 3793 780 ὑποφαί-

2142 805 2268 857 νων,
2301 783 2438 840 ἀλλὰ
2496 783 2709 864 φαιδρὸς
2738 785 2861 851 ὅλος
2924 788 3011 844 καὶ
3041 787 3287 868 εὔθυμος,
3318 787 3497 866 ὥσπερ
3532 789 3627 846 οὒκ
3653 788 3790 846 ἀπο-

2137 877 2404 948 τμηθῆναι
2459 873 2688 948 μᾶλλον,
2721 875 2858 932 ἀλλὰ
2886 877 3170 956 στεφθῆναι
3213 877 3312 945 τὴν
3361 875 3599 958 κεφαλὴν
3659 878 3792 934 ἀπα·

2136 965 2385 1043 γόμενος,
2419 963 2578 1043 οὗπερ
2635 962 2734 1043 ἄρα
2793 968 2880 1022 καὶ
2937 970 3129 1046 τυχεῖν
3186 965 3241 1022 ἐν
3275 970 3520 1045 οὐρανοῖς
3581 964 3789 1042 ἔμελλε,

2136 1051 2322 1132 Πόρρω
2375 1053 2547 1110 τοίνυν
2619 1059 2720 1121 τῆς
2779 1054 2988 1122 πόλεως
3018 1057 3302 1136 ἀπαχθεὶς,
3338 1055 3504 1120 οὕτως
3555 1054 3789 1113 τελειου-

2127 1165 2237 1216 ται,
2295 1145 2382 1199 καὶ
2468 1144 2566 1211 τὴν
2646 1146 2908 1224 μακαρίαν
2986 1145 3151 1213 ὅντως
3209 1147 3565 1221 ἀποτέμνεται
3635 1167 3792 1222 κειρα·

2126 1233 2249 1301 λὴν.
2303 1232 2448 1290 Αλλὰ
2500 1242 2684 1292 τοῦτον
2734 1235 2834 1310 μὲν
2876 1234 2978 1302 ἤδη
3024 1233 3212 1293 λοιπὸν
3258 1236 3418 1316 εἶχεν
3472 1236 3500 1291 ὃ
3546 1239 3784 1314 οὐρανὸς,

2127 1324 2370 1405 στεφάνῳ
2426 1346 2484 1381 τε
2563 1325 2809 1403 ἀφθάρτῳ
2890 1326 3342 1403 κατεστεμμένον,
3399 1327 3484 1384 xci
3544 1323 3786 1404 ἀγγέλοις

2129 1416 2652 1493 συνευφραινόμενον.

2213 1505 2295 1565 Δ¹,
2359 1510 2645 1583 Πανκαχοῦ
2698 1503 2752 1559 δὲ
2784 1508 2881 1570 τῆς
2914 1504 3050 1560 κατά
3107 1505 3197 1560 τὸν
3240 1502 3549 1584 Κουϐρίκιον
3603 1503 3786 1582 φήμης

2129 1592 2537 1670 διαδραμούσης,
2612 1594 2698 1649 καὶ
2782 1599 3106 1671 Χριστιανῶν
3194 1593 3442 1650 ἁπάντων
3527 1591 3610 1648 διὰ
3690 1593 3784 1660 τὴν

2129 1683 2326 1740 ἐκείνου
2402 1682 2778 1760 κρυπτομένων
2853 1682 3134 1757 ὠμότητα,
3193 1681 3341 1758 ζήλῳ
3418 1684 3669 1739 πάντοθεν
3757 1675 3787 1732 ὅ

397 1763 660 1845 Thyrsus
738 1777 889 1842 (erat
943 1775 1139 1829 autem
1197 1768 1247 1829 is
1315 1787 1555 1848 quoque
1608 1770 1857 1831 honesto
1915 1769 2044 1830 loco

2133 1775 2327 1852 Θόρσος
2387 1772 2508 1846 θείῳ
2536 1771 2903 1837 καθοπλισθεῖς
2965 1771 3090 1851 (τῶν
3123 1775 3347 1850 εὖγενῶν
3408 1771 3582 1828 δὲκαὶ
3635 1773 3778 1833 οὗτος

397 1857 616 1937 natus),
671 1867 728 1920 et
787 1859 1172 1939 proficiscens
1220 1879 1290 1921 ex
1336 1862 1580 1938 regione
1631 1859 2043 1940 Bithynorum,

397 1946 556 2008 venit
578 1949 629 2008 ei
654 1947 713 2008 in
735 1955 1149 2028 conspectum,
1191 1959 1270 2028 et,
1298 1951 1487 2024 Salve,
1524 1950 1739 2030 inquit,
1761 1969 1794 2010 ο
1825 1952 2052 2030 optime

396 2054 639 2113 praeses.
671 2038 816 2100 Cum
852 2041 904 2098 is
933 2057 1074 2100 vero
1108 2041 1219 2120 ipsi
1250 2057 1492 2120 quoque
1521 2057 1722 2119 parem
1758 2038 2056 2100 reddidis-

395 2134 488 2186 set
514 2126 929 2189 salutationem
969 2147 981 2190 :
1048 2128 1316 2203 Licetne,
1352 2129 1499 2191 dixit
1529 2129 1818 2208 Thyrsus,
1853 2129 2055 2190 dicere

395 2215 584 2296 vobis,
616 2217 717 2297 qui
770 2217 977 2296 geritis
1009 2218 1409 2298 magistratus,
1442 2236 1510 2280 ea
1561 2233 1690 2299 quae
1720 2218 1858 2300 quis
1889 2218 2052 2292 velit,

395 2322 468 2366 an
510 2305 703 2368 solum
738 2316 973 2388 oportet
1031 2308 1242 2370 vestris
1269 2326 1336 2371 se
1360 2309 1544 2389 jussis
1585 2307 1964 2383 submittere,
1999 2316 2059 2369 et

398 2413 509 2457 nec
540 2414 742 2458 vocem
777 2397 1018 2476 quidem
1053 2399 1303 2460 omnino
1329 2398 1605 2460 emittere
1628 2406 1655 2462 ?
1685 2401 1912 2460 Praases
1940 2416 2051 2459 au-

399 2493 544 2560 tem,
578 2495 641 2547 ut
671 2485 922 2556 videtur.
953 2487 1176 2550 oblitus
1207 2487 1708 2568 quemadmodum
1753 2496 1890 2548 ante
1919 2505 2051 2548 cum

394 2593 526 2636 cum
581 2575 762 2638 Lucio
797 2578 987 2652 egerit
1022 2598 1035 2638 :
1096 2577 1277 2648 Licet,
1314 2577 1504 2654 inquit
1538 2599 1553 2648 ;
1617 2595 1812 2656 neque
1859 2575 1966 2636 ulli
1996 2577 2055 2637 in

395 2665 556 2727 hunc
588 2665 746 2727 diem
779 2665 1052 2745 adempta
1083 2666 1190 2726 fuit
1223 2668 1348 2727 huic
1379 2666 1620 2728 libertas
1651 2687 1664 2725 :
1714 2671 1772 2725 et
1801 2668 2056 2726 maxime

395 2754 444 2813 si
500 2772 566 2816 ea
603 2754 792 2832 possit
827 2754 1054 2832 dicere,
1089 2773 1218 2834 quae
1277 2756 1337 2814 in
1370 2773 1687 2815 commune
1719 2753 2049 2815 conferant.

394 2841 614 2921 Tyrsus
671 2850 910 2904 autem:
989 2842 1299 2917 Quaenam,
1354 2843 1570 2924 inquit,
1631 2843 1751 2905 dici
1809 2851 2054 2924 possunt

393 2929 630 2991 utiliora
675 2931 745 2991 iis
777 2948 912 3006 quae
943 2939 1190 3012 prosunt
1210 2932 1470 2994 animai?
1507 2931 1626 3012 Ego
1654 2951 1813 2994 enim
1838 2931 2052 2993 videns

393 3029 450 3081 te
481 3021 677 3082 multis
707 3022 990 3082 damnum
1023 3022 1368 3084 ait‘erentem
1417 3024 1474 3083 in
1506 3041 1602 3096 eo,
1643 3022 1799 3102 quod
1831 3029 1921 3082 est
1950 3041 2051 3082 sa-

396 3109 533 3170 lutis
584 3111 972 3190 praecipuum,
1009 3120 1066 3171 et
1096 3130 1130 3172 a
1179 3119 1340 3174 recta
1372 3111 1610 3192 quidem
1657 3110 2048 3172 abducentem

397 3201 714 3265 sententia.
779 3199 1196 3262 miserabiliter
1255 3211 1453 3263 autem
1513 3201 1912 3262 abducentem
1972 3199 2046 3261 ad

395 3307 658 3349 errorem
690 3289 1142 3350 simulacrorum
1174 3309 1186 3352 :
1242 3299 1298 3352 et
1331 3290 1505 3370 plane
1535 3289 1733 3351 sciens
1765 3299 1821 3352 te
1868 3298 2046 3350 totam

392 3377 548 3454 ignis
569 3379 903 3457 gehennam
939 3378 998 3438 in
1028 3388 1187 3440 tuum
1220 3387 1415 3460 caput,
1445 3379 1621 3440 autin
1653 3379 1908 3440 animam
1938 3398 2048 3459 po-

394 3467 514 3529 tius
537 3467 892 3538 accondcre,
915 3467 1051 3529 duxi
1079 3469 1361 3548 expedire
1395 3487 1525 3530 cum
1547 3488 1635 3544 ea,
1663 3487 1780 3546 qua
1802 3487 1904 3549 par
1935 3477 2046 3546 est,

395 3557 611 3618 ﬁducia
634 3576 701 3619 ac
721 3555 993 3618 libertate
1044 3557 1230 3619 libere
1261 3569 1453 3620 tecum
1496 3577 1694 3636 agere,
1730 3570 2048 3639 tecumque

390 3647 712 3727 disserere,
747 3656 805 3708 et
834 3665 906 3708 ex
938 3659 996 3709 te
1026 3647 1208 3722 scire,
1243 3667 1499 3724 quanam
1527 3651 1607 3710 de
1635 3666 1810 3710 causa
1839 3648 2046 3708 relicto

389 3737 520 3796 coeli
555 3745 612 3797 et
642 3745 814 3799 teme
842 3745 901 3798 et
922 3737 1232 3799 hominum
1256 3738 1508 3817 Opiﬁce,
1545 3757 1730 3819 opera
1766 3755 2046 3798 manuum

391 3844 523 3906 quae
546 3827 698 3888 facta
727 3835 862 3888 sunt
883 3827 955 3888 ab
989 3827 1354 3902 hominibus,
1382 3828 1635 3890 statuisti
1671 3829 1869 3910 potius
1894 3827 2044 3888 ado-

390 3933 549 3991 rare,
571 3917 730 3994 ligno
755 3917 994 3979 dicens:
1026 3915 1198 3979 Pater
1219 3937 1386 3980 meus
1410 3936 1474 3979 es
1501 3927 1584 3995 tu,
1613 3929 1675 3979 ut
1694 3918 1889 3980 dicam
1907 3936 2044 3978 cum

393 4004 591 4066 divino
610 4004 870 4068 Jeremia
897 4009 928 4054 ὃ
953 4027 968 4082 ;
997 4016 1053 4067 et
1083 4007 1286 4086 lapidi:
1317 4007 1404 4069 Tu
1437 4027 1530 4068 me
1555 4007 1808 4086 genuisti
1837 4029 1848 4066 :
1883 4015 1942 4067 et
1971 4006 2045 4066 ad

387 4092 600 4174 Deum,
634 4095 734 4175 qui
785 4105 843 4156 te
872 4098 1097 4174 genuit,
1133 4109 1361 4175 tergum
1410 4105 1664 4169 vertens,
1703 4105 1760 4157 et
1805 4115 1922 4157 non
1953 4095 2044 4156 fa-

385 4184 538 4244 ciem
575 4194 730 4246 tuam
771 4206 784 4248 :
820 4192 878 4245 et
905 4203 1083 4246 omne
1115 4186 1375 4248 studium
1419 4186 1763 4262 conferens,
1797 4184 2045 4246 nullam-

385 4293 503 4354 que
527 4281 640 4335 vim
677 4283 779 4337 aut
811 4276 1226 4338 necessitatem
1251 4279 1730 4356 praetermittens,
1755 4287 1821 4336 ut
1851 4275 2042 4336 omni-

386 4361 498 4425 bus
528 4364 882 4427 hominibus
909 4366 956 4425 si
990 4365 1120 4427 ﬁeri
1149 4367 1352 4446 possit,
1377 4365 1760 4446 persuadens,
1791 4373 1853 4426 ut
1877 4367 2044 4426 mala:

385 4453 684 4532 Opinionis
715 4455 833 4516 sint
865 4464 1058 4516 tecum
1095 4456 1430 4535 participes.

467 4542 538 4604 V.
572 4543 665 4605 Ad
691 4544 816 4604 haec
851 4561 1102 4624 praeses:
1139 4543 1484 4624 [inportuna
1510 4545 1636 4606 haec
1662 4551 1720 4605 et
1742 4542 1926 4605 nimia
1951 4544 2040 4606 di-

383 4633 558 4696 cendi
588 4632 852 4711 libertas,
879 4633 1140 4694 ostendit
1175 4643 1230 4695 te
1254 4633 1524 4696 laborare
1551 4631 1757 4694 morbo
1797 4651 2030 4710 eorum,

385 4723 490 4800 qui
521 4722 801 4784 dicuntur
832 4722 1172 4785 Christiani.
1210 4724 1743 4786 Verumenimvero
1767 4723 2029 4785 inanium

384 4813 598 4876 harum
648 4812 1181 4890 interrogationum
1238 4821 1296 4874 et
1355 4832 1640 4891 nugarum
1701 4812 2030 4874 solutiones

385 4903 558 4965 mitte
589 4902 686 4983 iis,
717 4903 817 4984 qui
851 4902 1063 4964 sedent
1092 4903 1155 4964 in
1201 4903 1442 4973 scholis,
1475 4902 1576 4980 qui
1609 4901 1857 4983 publicis
1906 4902 2029 4963 sci-

383 4993 522 5056 licet
553 5001 695 5055 sunt
750 4992 908 5053 curis
939 4992 1130 5056 vacui.
1186 4992 1278 5057 Illi
1309 4992 1468 5054 enim
1525 4991 1756 5069 singula
1811 4992 2025 5053 horum

383 5091 591 5162 aperte
625 5080 727 5143 tibi
759 5081 1010 5143 solvent.
1045 5084 1107 5146 In
1134 5083 1448 5164 praesentia
1465 5090 1660 5142 autem
1684 5080 1830 5142 cede
1842 5081 2029 5161 jussis

383 5170 785 5251 imperatoris,
813 5179 870 5232 et
903 5172 1198 5234 accedens
1229 5172 1343 5234 diis
1367 5171 1770 5234 sacriﬁcaﬁin
1803 5171 2020 5242 minus,

385 5261 864 5334 importunorum
924 5260 1238 5322 verborum
1297 5270 1689 5343 opportunam
1751 5260 2025 5322 invenies

385 5357 817 5410 tormentorum
866 5350 1437 5412 remunerationem.
1494 5350 1600 5414 Ille
1637 5366 1822 5412 vero:
1879 5351 2026 5410 Cum

385 5436 540 5510 sitis,
575 5439 785 5516 inquit,
841 5441 944 5501 Dei
998 5440 1276 5516 ﬁgmenta
1328 5439 1560 5502 ratione
1611 5438 1880 5518 praedita,
1916 5459 2030 5522 qua

460 5627 493 5681 ὅ
517 5626 744 5688 Jerem.
775 5643 836 5702 ιι,
874 5629 974 5690 27.

2133 1863 2249 1942 ἦν),
2314 1864 2399 1918 καὶ
2460 1867 2555 1928 τῆς
2592 1865 2755 1927 αὐτῆς
2815 1865 2920 1918 τῶν
2972 1864 3169 1917 Βιθυιῦν
3226 1862 3409 1942 χώρας
3454 1861 3777 1938 ὁρμώμενος,

2134 1953 2404 2030 πρόσεισιν
2463 1951 2549 2008 ἐπ’
2607 1951 2728 2026 ὄψιν
2802 1951 2966 2025 αὖτῷ,
3030 1953 3120 2006 καὶ
3187 1953 3427 2031 Χαίροις,
3489 1951 3670 2029 φησὶν,
3737 1949 3779 2004 ὦ

2136 2043 2382 2120 κράτιστε
2441 2042 2678 2120 ἡγεμών,
2745 2049 2848 2098 Τοὺ
2876 2039 2930 2096 δὲ
2973 2041 3070 2108 τὴν
3104 2040 3232 2107 ἴσην
3291 2043 3380 2097 καὶ
3425 2042 3582 2097 αότοῦ
3621 2041 3778 2118 πρόσ-

2137 2155 2290 2210 ρησιν
2348 2131 2848 2209 ἀνθυπενεγκόντος,
2909 2129 3188 2204 ”ΕΞεστιν,
3237 2130 3396 2186 εἶπεν
3463 2132 3490 2186 ὁ
3556 2129 3767 2206 Θόρσος,

2139 2221 2308 2300 λέγειν
2368 2222 2496 2296 πρὸς
2547 2222 2681 2294 ὑμᾶς
2737 2221 2860 2283 τοὺς
2917 2221 3001 2276 επὶ
3035 2219 3138 2276 τῶν
3181 2220 3368 2297 ἀρχων
3399 2219 3534 2297 ἅπερ
3587 2217 3648 2274 ἄν
3703 2239 3776 2282 τις

2137 2311 2224 2366 καὶ
2253 2307 2522 2386 βουλοιτο,
2554 2309 2590 2376 ἢ
2647 2311 2810 2382 μόνον
2859 2308 3175 2364 ὃποκόπτειν
3231 2304 3315 2363 δεῖ
3345 2320 3464 2374 τοῖς
3519 2306 3776 2383 ὑμετέροις

2139 2399 2508 2476 προστάγμασι
2567 2396 2703 2473 μηδέ
2746 2397 2978 2476 φθογγὴν
3038 2396 3175 2462 ὅλως
3222 2396 3621 2475 προϊεμένευς;
3686 2394 3776 2452 Καὶ

2139 2494 2166 2546 ὁ
2199 2492 2442 2570 ἡγεμὼν,
2478 2492 2549 2555 ὡς
2603 2489 2795 2560 ἔοικεν,
2829 2488 3278 2564 ἐπιλελησμένος,
3313 2487 3462 2554 ὅπως
3515 2488 3774 2568 ἐχρήσατο

2138 2582 2239 2658 πρὸ
2297 2581 2482 2636 τούτου
2516 2581 2736 2652 Λευκίῳ.
2801 2578 3053 2654 ’¹Εξεστι,
3087 2579 3238 2658 φησὶ,
3272 2581 3362 2635 καὶ
3413 2577 3574 2641 οὐδεὶς
3619 2575 3771 2654 μέχρι

2138 2670 2224 2725 καὶ
2282 2670 2513 2746 τήμερον
2567 2669 2666 2737 τήν
2724 2667 3017 2747 ἐλευθερίαν
3077 2668 3350 2748 ἀφῄρηται
3430 2667 3646 2740 ταύτην,
3691 2663 3770 2720 καὶ

2139 2757 2374 2833 μάλιστα
2433 2761 2476 2814 εἰ
2540 2761 2619 2814 κιαὶ
2675 2757 2864 2836 λόγους
2922 2756 3040 2837 ἔχει
3083 2754 3495 2819 λυσιτελοῦντας,
3518 2762 3592 2827 τῷ
3620 2758 3765 2824 κοινῷ

2135 2847 2468 2925 φθέγγεσθαι.
2536 2849 2688 2905 Καὶὸ
2754 2849 2976 2922 Θόρσος,
3016 2847 3111 2904 Καὶ
3169 2848 3245 2910 τίς
3307 2844 3374 2900 ἂν
3424 2841 3760 2922 ἔτερος,ἕφη,

2135 2934 2294 3014 λόγος
2359 2944 2450 2993 τοὺ
2503 2938 2600 3004 την
2669 2937 2854 3015 ψυχὴν
2911 2933 3242 2996 ὠφελοῦντος
3297 2931 3764 3007 λυσιτελέστεροςς

2137 3025 2278 3104 Ἐγὼ
2323 3027 2434 3104 γὰρ
2479 3028 2613 3103 ὁρῶν
2663 3023 2895 3088 πολλοὺς
2940 3027 3017 3098 τῴ
3075 3021 3348 3102 κεφαλαίῳ
3378 3017 3663 3097 ζημιοῦντά
3715 3037 3766 3072 σε

2135 3122 2230 3184 τῆς
2277 3116 2540 3194 σωτηρίας
2610 3114 2702 3172 καῖ
2758 3115 2851 3182 ιιῆς
2885 3115 2982 3188 μὲν
3037 3113 3192 3189 ὁρθῆς
3237 3112 3542 3191 ἀφιστῶντα
3598 3106 3765 3180 δόξης,

2135 3209 2263 3284 πρὸς
2323 3205 2506 3273 δὲτὴν
2564 3213 2670 3262 τῶν
2703 3203 2932 3261 εἰδώλων
2980 3203 3191 3269 ἀπάνην
3220 3201 3466 3264 ἐλεεινῶς
3509 3199 3770 3276 ἀπαγόμεο

2132 3319 2242 3370 νον,
2305 3298 2391 3352 καὶ
2423 3293 2650 3373 ἀκριϐῶς
2715 3293 2863 3357 εἰδὼς
2895 3293 2976 3350 ὅτι
3021 3294 3184 3371 πυρὸς
3218 3291 3350 3358 ὅλην
3385 3292 3596 3370 γέενναν
3643 3285 3769 3343 κατὰ

2131 3392 2226 3452 τῆς
2301 3387 2492 3449 οἰκείας
2555 3383 2793 3464 κεῳαλῆς
2871 3383 3122 3446 ἀνάπτεις
3183 3382 3219 3450 ἢ
3291 3381 3498 3455 μᾶλλον
3567 3379 3764 3455 ψυχῆς,

2135 3474 2396 3550 συμφέρον
2471 3472 2647 3550 ἔκρινα
2709 3473 2843 3545 μετὰ
2913 3472 3009 3539 τῆς
3078 3472 3458 3549 προσηκούσης
3529 3464 3769 3538 ἐλευθέρῳ

2129 3565 2428 3642 παρρησίας
2489 3565 2910 3641 προσενεχθῆναι
2970 3582 3077 3634 σοι,
3136 3560 3229 3616 καί
3289 3558 3613 3642 φιλαληθῶς,
3653 3550 3766 3642 δια-

2129 3641 2410 3732 λεχθῆναι,
2471 3654 2557 3708 καὶ
2625 3654 2814 3726 μαθεῖν
2877 3650 2998 3706 ὅτου
3056 3649 3215 3728 χάριν
3297 3650 3430 3704 Θεὸν
3500 3641 3765 3701 ἀπολιπὼν

2131 3743 2349 3820 οὖρανοῦ
2407 3742 2491 3798 καὶ
2550 3746 2652 3818 γῆς
2726 3743 2812 3797 καὶ
2891 3740 3181 3818 ἀνθρώπων
3244 3736 3590 3813 δημιουργὸν,
3647 3729 3766 3808 ἔργα

2131 3833 2330 3911 χειρῶν
2405 3828 2492 3888 ὑπ’
2551 3829 2839 3908 ἀνθρώπιον
2914 3828 3252 3903 πεποιημένα
3321 3826 3550 3906 ᾑρετίσω
3616 3839 3767 3898 προσ⁴

2129 3935 2308 3977 κυνεῖν
2368 3919 2594 3999 μᾶλλον,
2655 3927 2730 3993 τῷ
2787 3917 2922 3992 ξύλῳ
2990 3919 3176 3999 εἰπὼν,
3237 3915 3317 3973 ὅτι
3379 3938 3406 3976 σ
3439 3911 3616 3989 Πατήρ
3669 3927 3761 3983 μου

2129 4025 2182 4068 εϊ
2215 4012 2298 4084 σὺ,
2336 4033 2360 4069 ι
2427 4012 2486 4066 τὸ
2514 4017 2605 4066 τοῦ
2659 4010 2797 4067 θείου
2839 4009 2994 4086 φάναι
3057 3997 3329 4084 Ἰερεμίου,
3366 4007 3454 4063 καὶ
3499 4005 3574 4076 τῷ
3618 3999 3756 4072 λίθῳ,

2135 4119 2164 4158 α
2199 4101 2269 4156 Σὺ
2327 4099 2616 4177 ἐγέννησας
2668 4119 2757 4173 με,
2795 4121 2823 4153 ι
2887 4099 2974 4154 καὶ
3032 4095 3269 4176 στρέφων
3343 4095 3431 4152 ἐπὶ
3500 4091 3627 4148 Θεὸν
3675 4086 3760 4177 tot!

2127 4191 2456 4268 γεννήσαντα
2515 4209 2574 4244 σε
2633 4190 2771 4243 νῶτα
2839 4189 2928 4243 καὶ
2984 4190 3043 4245 οὗ
3099 4185 3386 4263 πρόσωπόν
3430 4189 3546 4255 σοῦ,
3597 4173 3759 4268 πᾶσάν

2127 4262 2182 4335 τε
2213 4279 2465 4358 εἰσφέρων
2511 4275 2761 4352 σπουδὴν,
2797 4279 2884 4332 καὶ
2943 4275 3088 4334 οὐδὲν
3122 4262 3239 4352 βίας
3293 4274 3328 4342 ἢ
3390 4273 3624 4350 ἀνάγκης
3679 4262 3756 4358 έλ.

2125 4356 2370 4442 λείπων,
2417 4377 2509 4427 τοῦ
2579 4369 2668 4424 καὶ
2744 4375 2943 4431 πάντας
3024 4365 3350 4442 ἀνθρώπους,
3415 4365 3458 4421 εἰ
3523 4356 3753 4430 δυνατὸν,

2058 4459 2337 4542 οπεῖσαι,
2368 4463 2465 4525 τῆς
2497 4457 2622 4524 ἴσης
2654 4461 2976 4524 κοινωνῆσαι
3006 4477 3088 4512 σοι
3112 4451 3441 4520 κακοδοξίας,

2207 4547 2294 4609 Ε’.
2369 4548 2504 4624 Πρὸς
2561 4553 2722 4603 ταῦτα
2791 4549 2817 4602 ὁ
2878 4543 3114 4624 ἡγεμών
3192 4545 3262 4601 Τὸ
3330 4542 3548 4618 ἄκαιρον
3607 4539 3753 4624 τοῦτο

2122 4642 2218 4703 τῆς
2276 4623 2568 4714 παῤῥησίας
2655 4637 2742 4692 καὶ
2825 4635 3069 4710 περιττὸν
3152 4633 3218 4688 τὰ
3272 4639 3376 4688 τῶν
3463 4623 3754 4714 λεγομέγφν

2119 4733 2448 4798 Χριστιαδῶν
2537 4727 2788 4783 νοσοῦντα
2877 4725 2964 4780 καὶ
3019 4723 3076 4778 σὲ
3149 4719 3538 4800 παραδείκνυσι.
3614 4709 3752 4800 Πλῆγ

2112 4817 2249 4872 ἆ).λά
2302 4816 2394 4879 τὰς
2469 4815 2564 4890 μὲν
2633 4822 2738 4871 τῶν
2799 4815 3040 4890 ματαίων
3121 4811 3319 4870 τούτων
3387 4811 3618 4869 πεύσεων
3671 4797 3754 4854 καί

2112 4905 2384 4985 φλυαριῶν
2428 4904 2694 4968 ἐπιλόσεις
2745 4903 2804 4959 ἔα
2861 4916 2977 4969 τοῖς
3035 4901 3117 4958 ἐπὶ
3147 4900 3358 4981 σχολῆς
3415 4892 3746 4985 καθημένοις,

2111 4983 2224 5053 δσοι
2284 4992 2530 5061 δηλονότι
2562 4997 2636 5069 μή
2679 5007 2801 5058 ταῖς
2857 4999 2962 5051 τῶν
2997 4990 3270 5065 δημοσίων
3327 4983 3748 5067 ἀπασχολοῦνται

2108 5085 2397 5165 φροντίσιν·
2470 5083 2666 5142 ἐκεῖνοι
2723 5084 2823 5162 γὰρ
2892 5081 3090 5140 ἕκαστά
3152 5103 3233 5137 σοι
3309 5080 3506 5136 τούτων
3572 5069 3745 5146 σαφῶς

2110 5173 2432 5232 ἔπιλόσουσυ
2493 5176 2555 5231 τὸ
2610 5171 2664 5230 δὲ
2718 5183 2806 5232 νῦν
2862 5171 3006 5250 ἒχως
3051 5183 3178 5233 τοῖς
3223 5167 3523 5246 βασιλικοῖς
3593 5172 3748 5233 προσ·

2109 5267 2375 5341 τάγμασιν
2445 5262 2616 5339 εἶξον,
2675 5263 2763 5320 καὶ
2817 5265 2970 5319 θῦσον
3036 5257 3342 5339 προσελθὼν
3397 5267 3514 5315 τοῖς
3576 5251 3738 5341 θξοτξ’

2112 5353 2155 5408 εί
2191 5325 2265 5408 ’δὲ
2325 5353 2428 5433 μὴ,
2481 5325 2654 5431 λόγών
2712 5352 2944 5430 ἀκαίρων
3001 5350 3258 5427 τιμωρίας
3316 5347 3551 5424 εὑρήσεις
3608 5325 3744 5433 ἆῖτξ·

2327 5416 2337 5427 .
2395 5416 2428 5433 ν,
2559 5416 2570 5431 .
2840 5416 2850 5430 .
3057 5416 3068 5424 .
3147 5416 3156 5427 .
3375 5416 3385 5424 .
3552 5432 3572 5442 _
3704 5416 3715 5429 .

2113 5439 2255 5497 δοσιν
2303 5443 2738 5520 επικαιροτάτην,
2776 5433 2832 5500 Ὀ
2864 5439 2941 5515 δὲ,
3006 5444 3230 5515 Λογικα,
3265 5438 3418 5517 φησὶ,
3451 5441 3575 5490 Θεου
3611 5416 3737 5476 πλ²’
