  <div class='ocr_page' id='page_1' title='image "/cluster/home/n/w/nwhite01/storage/ocr_20150623/116/mdp.39015008903554/264.png"; bbox 0 0 4056 6142; ppageno 0'>
   <div class='ocr_carea' id='block_1_1' title="bbox 311 309 424 374">
    <p class='ocr_par' dir='ltr' id='par_1_1' title="bbox 311 309 424 374">
     <span class='ocr_line' id='line_1_1' title="bbox 311 309 424 374; baseline 0.009 -1"><span class='ocrx_word' id='word_1_1' title='bbox 311 309 424 374; x_wconf 81' lang='grc'><strong>513</strong></span> 
     </span>
    </p>
   </div>
   <div class='ocr_carea' id='block_1_2' title="bbox 1228 300 2749 372">
    <p class='ocr_par' dir='ltr' id='par_1_2' title="bbox 1228 300 2749 372">
     <span class='ocr_line' id='line_1_2' title="bbox 1228 300 2749 372; baseline -0.005 0"><span class='ocrx_word' id='word_1_2' title='bbox 1228 306 1702 372; x_wconf 79' lang='lat' dir='ltr'><strong>MARTYRIUM</strong></span> <span class='ocrx_word' id='word_1_3' title='bbox 1746 302 1806 368; x_wconf 76' lang='lat'><strong>8.</strong></span> <span class='ocrx_word' id='word_1_4' title='bbox 1855 300 2144 367; x_wconf 83' lang='lat' dir='ltr'><strong>THYRSI</strong></span> <span class='ocrx_word' id='word_1_5' title='bbox 2195 301 2295 367; x_wconf 88' lang='lat' dir='ltr'><strong>ET</strong></span> <span class='ocrx_word' id='word_1_6' title='bbox 2339 302 2749 370; x_wconf 87' lang='lat' dir='ltr'><strong>SOCIORUM.</strong></span> 
     </span>
    </p>
   </div>
   <div class='ocr_carea' id='block_1_3' title="bbox 3564 306 3682 370">
    <p class='ocr_par' dir='ltr' id='par_1_3' title="bbox 3564 306 3682 370">
     <span class='ocr_line' id='line_1_3' title="bbox 3564 306 3682 370; baseline -0.017 0"><span class='ocrx_word' id='word_1_7' title='bbox 3564 306 3682 370; x_wconf 85' lang='grc'>514</span> 
     </span>
    </p>
   </div>
   <div class='ocr_carea' id='block_1_4' title="bbox 310 437 1981 522">
    <p class='ocr_par' dir='ltr' id='par_1_4' title="bbox 310 437 1981 522">
     <span class='ocr_line' id='line_1_4' title="bbox 310 437 1981 522; baseline -0.004 -19"><span class='ocrx_word' id='word_1_8' title='bbox 310 467 486 522; x_wconf 84' lang='grc' dir='ltr'>σματα</span> <span class='ocrx_word' id='word_1_9' title='bbox 528 445 706 520; x_wconf 75' lang='grc' dir='ltr'>ὄντας,</span> <span class='ocrx_word' id='word_1_10' title='bbox 757 445 856 502; x_wconf 70' lang='grc' dir='ltr'>καὶ</span> <span class='ocrx_word' id='word_1_11' title='bbox 913 443 1060 522; x_wconf 88' lang='grc' dir='ltr'>λόγῳ</span> <span class='ocrx_word' id='word_1_12' title='bbox 1117 443 1244 521; x_wconf 86' lang='grc' dir='ltr'>παρ’</span> <span class='ocrx_word' id='word_1_13' title='bbox 1298 443 1498 500; x_wconf 80' lang='grc' dir='ltr'>ἐκείνου</span> <span class='ocrx_word' id='word_1_14' title='bbox 1541 437 1981 516; x_wconf 46' lang='grc' dir='ltr'>τετιμημένουςν</span> 
     </span>
    </p>
   </div>
   <div class='ocr_carea' id='block_1_5' title="bbox 2053 437 3686 522">
    <p class='ocr_par' dir='ltr' id='par_1_5' title="bbox 2053 438 3686 519">
     <span class='ocr_line' id='line_1_5' title="bbox 2053 438 3686 519; baseline -0.001 -19"><span class='ocrx_word' id='word_1_15' title='bbox 2053 457 2142 501; x_wconf 79' lang='lat' dir='ltr'><strong>vos</strong></span> <span class='ocrx_word' id='word_1_16' title='bbox 2171 439 2275 503; x_wconf 87' lang='lat' dir='ltr'><strong>ille</strong></span> <span class='ocrx_word' id='word_1_17' title='bbox 2306 441 2639 518; x_wconf 82' lang='lat' dir='ltr'><strong>honoravit,</strong></span> <span class='ocrx_word' id='word_1_18' title='bbox 2675 440 2822 503; x_wconf 88' lang='lat' dir='ltr'><strong>nihil</strong></span> <span class='ocrx_word' id='word_1_19' title='bbox 2873 456 2975 502; x_wconf 87' lang='lat' dir='ltr'><strong>vos</strong></span> <span class='ocrx_word' id='word_1_20' title='bbox 3005 438 3188 500; x_wconf 94' lang='lat' dir='ltr'><strong>stulte</strong></span> <span class='ocrx_word' id='word_1_21' title='bbox 3219 439 3418 501; x_wconf 89' lang='lat' dir='ltr'><strong>facere</strong></span> <span class='ocrx_word' id='word_1_22' title='bbox 3448 445 3686 519; x_wconf 89' lang='lat' dir='ltr'><strong>oportet</strong></span> 
     </span>
    </p>
   </div>
   <div class='ocr_carea' id='block_1_6' title="bbox 310 529 1952 610">
    <p class='ocr_par' dir='ltr' id='par_1_6' title="bbox 310 529 1952 610">
     <span class='ocr_line' id='line_1_6' title="bbox 310 529 1952 610; baseline -0.007 -15"><span class='ocrx_word' id='word_1_23' title='bbox 310 536 417 594; x_wconf 68' lang='grc' dir='ltr'>οὔδ’</span> <span class='ocrx_word' id='word_1_24' title='bbox 463 538 638 594; x_wconf 79' lang='grc' dir='ltr'><strong>ὁτιοῦν</strong></span> <span class='ocrx_word' id='word_1_25' title='bbox 691 535 942 610; x_wconf 78' lang='grc' dir='ltr'>πράττειν</span> <span class='ocrx_word' id='word_1_26' title='bbox 999 535 1144 608; x_wconf 75' lang='grc' dir='ltr'>ἡμᾶς</span> <span class='ocrx_word' id='word_1_27' title='bbox 1195 533 1405 610; x_wconf 78' lang='grc' dir='ltr'><strong>ἀλόγως</strong></span> <span class='ocrx_word' id='word_1_28' title='bbox 1452 531 1588 590; x_wconf 69' lang='grc' dir='ltr'>οὕτω</span> <span class='ocrx_word' id='word_1_29' title='bbox 1649 531 1737 587; x_wconf 84' lang='grc' dir='ltr'><strong>καὶ</strong></span> <span class='ocrx_word' id='word_1_30' title='bbox 1788 529 1952 584; x_wconf 85' lang='grc' dir='ltr'>ἀσυν-</span> 
     </span>
    </p>
   </div>
   <div class='ocr_carea' id='block_1_7' title="bbox 310 617 1952 706">
    <p class='ocr_par' dir='ltr' id='par_1_7' title="bbox 310 617 1952 706">
     <span class='ocr_line' id='line_1_7' title="bbox 310 617 1952 706; baseline -0.006 -23"><span class='ocrx_word' id='word_1_31' title='bbox 310 647 442 690; x_wconf 85' lang='grc' dir='ltr'>ετως</span> <span class='ocrx_word' id='word_1_32' title='bbox 486 626 624 706; x_wconf 71' lang='grc' dir='ltr'>χρὴ,</span> <span class='ocrx_word' id='word_1_33' title='bbox 671 623 810 680; x_wconf 82' lang='grc' dir='ltr'>ἀ)λά</span> <span class='ocrx_word' id='word_1_34' title='bbox 837 623 1007 702; x_wconf 74' lang='grc' dir='ltr'>κρίφει</span> <span class='ocrx_word' id='word_1_35' title='bbox 1053 623 1227 679; x_wconf 88' lang='grc' dir='ltr'>πάντα</span> <span class='ocrx_word' id='word_1_36' title='bbox 1287 620 1483 678; x_wconf 76' lang='grc' dir='ltr'>διδόναι</span> <span class='ocrx_word' id='word_1_37' title='bbox 1549 621 1636 676; x_wconf 82' lang='grc' dir='ltr'>καὶ</span> <span class='ocrx_word' id='word_1_38' title='bbox 1679 617 1952 692; x_wconf 69' lang='grc' dir='ltr'>διασκέψει</span> 
     </span>
    </p>
   </div>
   <div class='ocr_carea' id='block_1_8' title="bbox 308 707 1954 792">
    <p class='ocr_par' dir='ltr' id='par_1_8' title="bbox 308 707 1954 792">
     <span class='ocr_line' id='line_1_8' title="bbox 308 707 1954 792; baseline -0.007 -20"><span class='ocrx_word' id='word_1_39' title='bbox 308 715 692 792; x_wconf 75' lang='grc' dir='ltr'>λελογισμένῃ.</span> <span class='ocrx_word' id='word_1_40' title='bbox 741 715 800 770; x_wconf 79' lang='grc' dir='ltr'><strong>Εἰ</strong></span> <span class='ocrx_word' id='word_1_41' title='bbox 833 711 889 768; x_wconf 76' lang='grc' dir='ltr'>δὲ</span> <span class='ocrx_word' id='word_1_42' title='bbox 933 713 1091 776; x_wconf 71' lang='grc' dir='ltr'>αὐτὸς</span> <span class='ocrx_word' id='word_1_43' title='bbox 1123 713 1241 779; x_wconf 76' lang='grc' dir='ltr'>είκῆ</span> <span class='ocrx_word' id='word_1_44' title='bbox 1268 709 1443 788; x_wconf 84' lang='grc' dir='ltr'>βούλει</span> <span class='ocrx_word' id='word_1_45' title='bbox 1487 710 1607 774; x_wconf 83' lang='grc' dir='ltr'>τοῖς</span> <span class='ocrx_word' id='word_1_46' title='bbox 1639 707 1848 786; x_wconf 80' lang='grc' dir='ltr'>ἀλόγως</span> <span class='ocrx_word' id='word_1_47' title='bbox 1879 713 1954 781; x_wconf 86' lang='grc' dir='ltr'>τῷ</span> 
     </span>
    </p>
   </div>
   <div class='ocr_carea' id='block_1_9' title="bbox 307 797 1954 881">
    <p class='ocr_par' dir='ltr' id='par_1_9' title="bbox 307 797 1954 881">
     <span class='ocr_line' id='line_1_9' title="bbox 307 797 1954 881; baseline -0.005 -21"><span class='ocrx_word' id='word_1_48' title='bbox 307 801 525 881; x_wconf 81' lang='grc' dir='ltr'>βασιλεῖ</span> <span class='ocrx_word' id='word_1_49' title='bbox 567 801 774 869; x_wconf 77' lang='grc' dir='ltr'>δόξασιν</span> <span class='ocrx_word' id='word_1_50' title='bbox 817 801 1058 872; x_wconf 69' lang='grc' dir='ltr'>ἔπεσθαι,</span> <span class='ocrx_word' id='word_1_51' title='bbox 1107 803 1239 876; x_wconf 73' lang='grc' dir='ltr'>ἐμοῦ</span> <span class='ocrx_word' id='word_1_52' title='bbox 1281 804 1368 858; x_wconf 70' lang='grc' dir='ltr'>νῦν</span> <span class='ocrx_word' id='word_1_53' title='bbox 1399 805 1458 858; x_wconf 77' lang='grc' dir='ltr'>οὗ</span> <span class='ocrx_word' id='word_1_54' title='bbox 1513 797 1826 873; x_wconf 80' lang='grc' dir='ltr'>πειθομένου</span> <span class='ocrx_word' id='word_1_55' title='bbox 1863 799 1954 853; x_wconf 83' lang='grc' dir='ltr'>τὸν</span> 
     </span>
    </p>
   </div>
   <div class='ocr_carea' id='block_1_10' title="bbox 307 888 1953 972">
    <p class='ocr_par' dir='ltr' id='par_1_10' title="bbox 307 888 1953 972">
     <span class='ocr_line' id='line_1_10' title="bbox 307 888 1953 972; baseline -0.002 -22"><span class='ocrx_word' id='word_1_56' title='bbox 307 895 724 972; x_wconf 78' lang='grc' dir='ltr'>Χριστιανισμὸν</span> <span class='ocrx_word' id='word_1_57' title='bbox 781 891 1180 970; x_wconf 78' lang='grc' dir='ltr'>ἐξομόσασθαι,</span> <span class='ocrx_word' id='word_1_58' title='bbox 1263 891 1324 946; x_wconf 76' lang='grc' dir='ltr'><strong>τὸ</strong></span> <span class='ocrx_word' id='word_1_59' title='bbox 1383 888 1794 968; x_wconf 76' lang='grc' dir='ltr'>διατεταγμένον</span> <span class='ocrx_word' id='word_1_60' title='bbox 1854 891 1953 946; x_wconf 76' lang='grc' dir='ltr'><strong>αὒ-</strong></span> 
     </span>
    </p>
   </div>
   <div class='ocr_carea' id='block_1_11' title="bbox 306 976 1954 1061">
    <p class='ocr_par' dir='ltr' id='par_1_11' title="bbox 306 976 1954 1061">
     <span class='ocr_line' id='line_1_11' title="bbox 306 976 1954 1061; baseline -0.005 -21"><span class='ocrx_word' id='word_1_61' title='bbox 306 985 394 1047; x_wconf 84' lang='grc' dir='ltr'>τὸς</span> <span class='ocrx_word' id='word_1_62' title='bbox 438 984 605 1056; x_wconf 86' lang='grc' dir='ltr'>ποίει,</span> <span class='ocrx_word' id='word_1_63' title='bbox 651 982 878 1059; x_wconf 85' lang='grc' dir='ltr'>κρίσεως</span> <span class='ocrx_word' id='word_1_64' title='bbox 937 981 1026 1038; x_wconf 84' lang='grc' dir='ltr'><strong>καὶ</strong></span> <span class='ocrx_word' id='word_1_65' title='bbox 1093 980 1256 1058; x_wconf 80' lang='grc' dir='ltr'>λόγου</span> <span class='ocrx_word' id='word_1_66' title='bbox 1300 979 1586 1061; x_wconf 73' lang='grc' dir='ltr'>φροντίζων</span> <span class='ocrx_word' id='word_1_67' title='bbox 1631 976 1801 1041; x_wconf 71' lang='grc' dir='ltr'>οὐδέν,</span> <span class='ocrx_word' id='word_1_68' title='bbox 1851 977 1954 1035; x_wconf 71' lang='grc' dir='ltr'>Καῖ</span> 
     </span>
    </p>
   </div>
   <div class='ocr_carea' id='block_1_12' title="bbox 312 1068 1955 1151">
    <p class='ocr_par' dir='ltr' id='par_1_12' title="bbox 312 1068 1955 1151">
     <span class='ocr_line' id='line_1_12' title="bbox 312 1068 1955 1151; baseline -0.004 -21"><span class='ocrx_word' id='word_1_69' title='bbox 312 1077 338 1130; x_wconf 78' lang='grc' dir='ltr'><strong>ὃ</strong></span> <span class='ocrx_word' id='word_1_70' title='bbox 389 1070 765 1151; x_wconf 78' lang='grc' dir='ltr'>Κουμϐρίκιος,</span> <span class='ocrx_word' id='word_1_71' title='bbox 825 1071 912 1146; x_wconf 82' lang='grc' dir='ltr'>Τῷ</span> <span class='ocrx_word' id='word_1_72' title='bbox 969 1076 1250 1149; x_wconf 78' lang='grc' dir='ltr'>προσηνῶς</span> <span class='ocrx_word' id='word_1_73' title='bbox 1309 1092 1393 1127; x_wconf 92' lang='grc' dir='ltr'><strong>σοι</strong></span> <span class='ocrx_word' id='word_1_74' title='bbox 1450 1070 1597 1150; x_wconf 79' lang='grc' dir='ltr'>τάχα</span> <span class='ocrx_word' id='word_1_75' title='bbox 1661 1068 1955 1149; x_wconf 79' lang='grc' dir='ltr'>προσφέρε-</span> 
     </span>
    </p>
   </div>
   <div class='ocr_carea' id='block_1_13' title="bbox 310 1159 1953 1241">
    <p class='ocr_par' dir='ltr' id='par_1_13' title="bbox 310 1159 1953 1241">
     <span class='ocr_line' id='line_1_13' title="bbox 310 1159 1953 1241; baseline -0.002 -22"><span class='ocrx_word' id='word_1_76' title='bbox 310 1166 449 1240; x_wconf 88' lang='grc' dir='ltr'>σθαι,</span> <span class='ocrx_word' id='word_1_77' title='bbox 525 1160 651 1241; x_wconf 72' lang='grc' dir='ltr'>ἔφη,</span> <span class='ocrx_word' id='word_1_78' title='bbox 708 1159 1082 1237; x_wconf 63' lang='grc' dir='ltr'><strong>αὐθαδέστερον</strong></span> <span class='ocrx_word' id='word_1_79' title='bbox 1139 1161 1279 1217; x_wconf 85' lang='grc' dir='ltr'>εἶναί</span> <span class='ocrx_word' id='word_1_80' title='bbox 1343 1182 1401 1216; x_wconf 91' lang='grc' dir='ltr'><strong>σε</strong></span> <span class='ocrx_word' id='word_1_81' title='bbox 1461 1159 1953 1237; x_wconf 86' lang='grc' dir='ltr'>παρεσκευάσαμεν.</span> 
     </span>
    </p>
   </div>
   <div class='ocr_carea' id='block_1_14' title="bbox 308 1248 1952 1328">
    <p class='ocr_par' dir='ltr' id='par_1_14' title="bbox 308 1248 1952 1328">
     <span class='ocr_line' id='line_1_14' title="bbox 308 1248 1952 1328; baseline -0.003 -21"><span class='ocrx_word' id='word_1_82' title='bbox 308 1251 457 1319; x_wconf 77' lang='grc' dir='ltr'>Πλὴν</span> <span class='ocrx_word' id='word_1_83' title='bbox 515 1251 653 1307; x_wconf 81' lang='grc' dir='ltr'><strong>ἀλλά</strong></span> <span class='ocrx_word' id='word_1_84' title='bbox 706 1252 919 1307; x_wconf 76' lang='grc' dir='ltr'>συνετὸν</span> <span class='ocrx_word' id='word_1_85' title='bbox 977 1252 1112 1328; x_wconf 84' lang='grc' dir='ltr'>ὁρῶν</span> <span class='ocrx_word' id='word_1_86' title='bbox 1173 1249 1338 1309; x_wconf 75' lang='grc' dir='ltr'>οὕτως</span> <span class='ocrx_word' id='word_1_87' title='bbox 1399 1270 1456 1304; x_wconf 88' lang='grc' dir='ltr'><strong>σε</strong></span> <span class='ocrx_word' id='word_1_88' title='bbox 1525 1251 1611 1305; x_wconf 84' lang='grc' dir='ltr'><strong>καὶ</strong></span> <span class='ocrx_word' id='word_1_89' title='bbox 1677 1248 1952 1327; x_wconf 80' lang='grc' dir='ltr'>ἀγχίνουν,</span> 
     </span>
    </p>
   </div>
   <div class='ocr_carea' id='block_1_15' title="bbox 308 1337 1958 1420">
    <p class='ocr_par' dir='ltr' id='par_1_15' title="bbox 308 1337 1958 1420">
     <span class='ocr_line' id='line_1_15' title="bbox 308 1337 1958 1420; baseline -0.004 -21"><span class='ocrx_word' id='word_1_90' title='bbox 308 1346 550 1420; x_wconf 79' lang='grc' dir='ltr'>παραινῶ</span> <span class='ocrx_word' id='word_1_91' title='bbox 592 1342 870 1408; x_wconf 81' lang='grc' dir='ltr'>πεισθῆναι</span> <span class='ocrx_word' id='word_1_92' title='bbox 913 1341 1016 1418; x_wconf 79' lang='grc' dir='ltr'><strong>πρὸ</strong></span> <span class='ocrx_word' id='word_1_93' title='bbox 1079 1345 1185 1396; x_wconf 90' lang='grc' dir='ltr'><strong>τῶν</strong></span> <span class='ocrx_word' id='word_1_94' title='bbox 1245 1337 1538 1397; x_wconf 85' lang='grc' dir='ltr'>κολάσεων.</span> <span class='ocrx_word' id='word_1_95' title='bbox 1618 1337 1791 1396; x_wconf 82' lang='grc' dir='ltr'>Καλὸν</span> <span class='ocrx_word' id='word_1_96' title='bbox 1861 1337 1958 1412; x_wconf 81' lang='grc' dir='ltr'>μὲν</span> 
     </span>
    </p>
   </div>
   <div class='ocr_carea' id='block_1_16' title="bbox 311 1426 1957 1510">
    <p class='ocr_par' dir='ltr' id='par_1_16' title="bbox 311 1426 1957 1510">
     <span class='ocr_line' id='line_1_16' title="bbox 311 1426 1957 1510; baseline -0.003 -23"><span class='ocrx_word' id='word_1_97' title='bbox 311 1432 408 1509; x_wconf 76' lang='grc' dir='ltr'>γὰρ</span> <span class='ocrx_word' id='word_1_98' title='bbox 464 1433 499 1497; x_wconf 78' lang='grc' dir='ltr'>ἡ</span> <span class='ocrx_word' id='word_1_99' title='bbox 563 1432 692 1510; x_wconf 79' lang='grc' dir='ltr'>πρὸς</span> <span class='ocrx_word' id='word_1_100' title='bbox 748 1432 809 1486; x_wconf 82' lang='grc' dir='ltr'>τὸ</span> <span class='ocrx_word' id='word_1_101' title='bbox 869 1428 1080 1505; x_wconf 82' lang='grc' dir='ltr'>βέλτιον</span> <span class='ocrx_word' id='word_1_102' title='bbox 1136 1426 1433 1504; x_wconf 76' lang='grc' dir='ltr'>μεταϐολὴ,</span> <span class='ocrx_word' id='word_1_103' title='bbox 1497 1429 1583 1484; x_wconf 85' lang='grc' dir='ltr'><strong>καὶ</strong></span> <span class='ocrx_word' id='word_1_104' title='bbox 1641 1427 1730 1484; x_wconf 82' lang='grc' dir='ltr'><strong>ὅτε</strong></span> <span class='ocrx_word' id='word_1_105' title='bbox 1759 1426 1957 1497; x_wconf 77' lang='grc' dir='ltr'>δήποτε</span> 
     </span>
    </p>
   </div>
   <div class='ocr_carea' id='block_1_17' title="bbox 313 1513 1957 1598">
    <p class='ocr_par' dir='ltr' id='par_1_17' title="bbox 313 1513 1957 1598">
     <span class='ocr_line' id='line_1_17' title="bbox 313 1513 1957 1598; baseline -0.003 -22"><span class='ocrx_word' id='word_1_106' title='bbox 313 1519 594 1598; x_wconf 80' lang='grc' dir='ltr'>γινομένη,</span> <span class='ocrx_word' id='word_1_107' title='bbox 641 1517 779 1577; x_wconf 82' lang='grc' dir='ltr'>ἀλλὰ.</span> <span class='ocrx_word' id='word_1_108' title='bbox 807 1520 868 1575; x_wconf 85' lang='grc' dir='ltr'>τὸ</span> <span class='ocrx_word' id='word_1_109' title='bbox 898 1520 1036 1594; x_wconf 79' lang='grc' dir='ltr'>μήτε</span> <span class='ocrx_word' id='word_1_110' title='bbox 1080 1519 1237 1575; x_wconf 76' lang='grc' dir='ltr'>αὒτὸν</span> <span class='ocrx_word' id='word_1_111' title='bbox 1286 1523 1476 1584; x_wconf 77' lang='grc' dir='ltr'>νοῆσαι</span> <span class='ocrx_word' id='word_1_112' title='bbox 1521 1518 1581 1574; x_wconf 81' lang='grc' dir='ltr'>τὸ</span> <span class='ocrx_word' id='word_1_113' title='bbox 1627 1515 1767 1589; x_wconf 78' lang='grc' dir='ltr'>δέον,</span> <span class='ocrx_word' id='word_1_114' title='bbox 1831 1513 1957 1591; x_wconf 71' lang='grc' dir='ltr'>μήθ’</span> 
     </span>
    </p>
   </div>
   <div class='ocr_carea' id='block_1_18' title="bbox 316 1604 1958 1689">
    <p class='ocr_par' dir='ltr' id='par_1_18' title="bbox 316 1604 1958 1689">
     <span class='ocr_line' id='line_1_18' title="bbox 316 1604 1958 1689; baseline -0.002 -25"><span class='ocrx_word' id='word_1_115' title='bbox 316 1609 481 1689; x_wconf 81' lang='grc' dir='ltr'>ἑτέρῳ</span> <span class='ocrx_word' id='word_1_116' title='bbox 530 1608 740 1687; x_wconf 82' lang='grc' dir='ltr'>λέγοντι</span> <span class='ocrx_word' id='word_1_117' title='bbox 798 1608 1102 1682; x_wconf 77' lang='grc' dir='ltr'>πεισθῆναι,</span> <span class='ocrx_word' id='word_1_118' title='bbox 1148 1604 1351 1670; x_wconf 79' lang='grc' dir='ltr'>πολλὰς</span> <span class='ocrx_word' id='word_1_119' title='bbox 1409 1605 1464 1662; x_wconf 77' lang='grc' dir='ltr'>δὲ</span> <span class='ocrx_word' id='word_1_120' title='bbox 1515 1607 1770 1684; x_wconf 84' lang='grc' dir='ltr'>πρότερον</span> <span class='ocrx_word' id='word_1_121' title='bbox 1819 1607 1958 1662; x_wconf 81' lang='grc' dir='ltr'>ὑπο-</span> 
     </span>
    </p>
   </div>
   <div class='ocr_carea' id='block_1_19' title="bbox 315 1695 1954 1778">
    <p class='ocr_par' dir='ltr' id='par_1_19' title="bbox 315 1695 1954 1778">
     <span class='ocr_line' id='line_1_19' title="bbox 315 1695 1954 1778; baseline -0.002 -24"><span class='ocrx_word' id='word_1_122' title='bbox 315 1701 567 1773; x_wconf 65' lang='grc' dir='ltr'>μείναντα</span> <span class='ocrx_word' id='word_1_123' title='bbox 621 1699 899 1778; x_wconf 85' lang='grc' dir='ltr'>τιμωρίας,</span> <span class='ocrx_word' id='word_1_124' title='bbox 955 1697 1140 1755; x_wconf 80' lang='grc' dir='ltr'>ἔπειτα</span> <span class='ocrx_word' id='word_1_125' title='bbox 1187 1698 1248 1752; x_wconf 75' lang='grc' dir='ltr'>τὸ</span> <span class='ocrx_word' id='word_1_126' title='bbox 1291 1695 1554 1775; x_wconf 77' lang='grc' dir='ltr'>συμφέρον</span> <span class='ocrx_word' id='word_1_127' title='bbox 1604 1698 1954 1772; x_wconf 80' lang='grc' dir='ltr'>μεταμαθεῖν,</span> 
     </span>
    </p>
   </div>
   <div class='ocr_carea' id='block_1_20' title="bbox 2037 527 3688 608">
    <p class='ocr_par' dir='ltr' id='par_1_20' title="bbox 2037 527 3688 608">
     <span class='ocr_line' id='line_1_20' title="bbox 2037 527 3688 608; baseline -0.001 -18"><span class='ocrx_word' id='word_1_128' title='bbox 2037 537 2098 590; x_wconf 89' lang='lat' dir='ltr'><strong>et</strong></span> <span class='ocrx_word' id='word_1_129' title='bbox 2126 538 2334 591; x_wconf 88' lang='lat' dir='ltr'><strong>contra</strong></span> <span class='ocrx_word' id='word_1_130' title='bbox 2354 530 2789 604; x_wconf 91' lang='lat' dir='ltr'><strong>rationem,sed</strong></span> <span class='ocrx_word' id='word_1_131' title='bbox 2817 528 3049 608; x_wconf 85' lang='lat' dir='ltr'><strong>judicio</strong></span> <span class='ocrx_word' id='word_1_132' title='bbox 3074 535 3131 589; x_wconf 89' lang='lat' dir='ltr'><strong>et</strong></span> <span class='ocrx_word' id='word_1_133' title='bbox 3165 527 3434 607; x_wconf 82' lang='lat' dir='ltr'><strong>diligenti</strong></span> <span class='ocrx_word' id='word_1_134' title='bbox 3469 528 3688 590; x_wconf 86' lang='lat' dir='ltr'><strong>exami-</strong></span> 
     </span>
    </p>
   </div>
   <div class='ocr_carea' id='block_1_21' title="bbox 2039 615 3687 700">
    <p class='ocr_par' dir='ltr' id='par_1_21' title="bbox 2039 615 3687 700">
     <span class='ocr_line' id='line_1_21' title="bbox 2039 615 3687 700; baseline 0.001 -22"><span class='ocrx_word' id='word_1_135' title='bbox 2039 621 2265 681; x_wconf 84' lang='lat' dir='ltr'><strong>nationi</strong></span> <span class='ocrx_word' id='word_1_136' title='bbox 2311 623 2512 682; x_wconf 86' lang='lat' dir='ltr'><strong>omnia</strong></span> <span class='ocrx_word' id='word_1_137' title='bbox 2546 621 2916 700; x_wconf 85' lang='lat' dir='ltr'><strong>permittere.</strong></span> <span class='ocrx_word' id='word_1_138' title='bbox 2953 617 3015 682; x_wconf 92' lang='lat' dir='ltr'><strong>Si</strong></span> <span class='ocrx_word' id='word_1_139' title='bbox 3063 625 3258 679; x_wconf 88' lang='lat' dir='ltr'><strong>autem</strong></span> <span class='ocrx_word' id='word_1_140' title='bbox 3295 615 3379 678; x_wconf 92' lang='lat' dir='ltr'><strong>vis</strong></span> <span class='ocrx_word' id='word_1_141' title='bbox 3425 617 3556 698; x_wconf 87' lang='lat' dir='ltr'><strong>ipse</strong></span> <span class='ocrx_word' id='word_1_142' title='bbox 3618 635 3687 679; x_wconf 86' lang='lat' dir='ltr'><strong>ea</strong></span> 
     </span>
    </p>
   </div>
   <div class='ocr_carea' id='block_1_22' title="bbox 2039 706 3686 788">
    <p class='ocr_par' dir='ltr' id='par_1_22' title="bbox 2039 706 3686 788">
     <span class='ocr_line' id='line_1_22' title="bbox 2039 706 3686 788; baseline -0.001 -19"><span class='ocrx_word' id='word_1_143' title='bbox 2039 710 2230 785; x_wconf 86' lang='lat' dir='ltr'><strong>sequi,</strong></span> <span class='ocrx_word' id='word_1_144' title='bbox 2257 728 2391 788; x_wconf 64' lang='lat' dir='ltr'><strong>quae</strong></span> <span class='ocrx_word' id='word_1_145' title='bbox 2412 710 2566 772; x_wconf 91' lang='lat' dir='ltr'><strong>citra</strong></span> <span class='ocrx_word' id='word_1_146' title='bbox 2596 710 2778 770; x_wconf 89' lang='lat' dir='ltr'><strong>ullam</strong></span> <span class='ocrx_word' id='word_1_147' title='bbox 2812 708 3102 770; x_wconf 89' lang='lat' dir='ltr'><strong>rationem</strong></span> <span class='ocrx_word' id='word_1_148' title='bbox 3137 707 3379 768; x_wconf 89' lang='lat' dir='ltr'><strong>decreta</strong></span> <span class='ocrx_word' id='word_1_149' title='bbox 3434 713 3572 768; x_wconf 89' lang='lat' dir='ltr'><strong>sunt</strong></span> <span class='ocrx_word' id='word_1_150' title='bbox 3612 706 3686 768; x_wconf 88' lang='lat' dir='ltr'><strong>ab</strong></span> 
     </span>
    </p>
   </div>
   <div class='ocr_carea' id='block_1_23' title="bbox 2037 797 3685 878">
    <p class='ocr_par' dir='ltr' id='par_1_23' title="bbox 2037 797 3685 878">
     <span class='ocr_line' id='line_1_23' title="bbox 2037 797 3685 878; baseline 0 -20"><span class='ocrx_word' id='word_1_151' title='bbox 2037 797 2522 878; x_wconf 85' lang='lat' dir='ltr'><strong>imperatoribus,</strong></span> <span class='ocrx_word' id='word_1_152' title='bbox 2557 818 2692 862; x_wconf 92' lang='lat' dir='ltr'><strong>cum</strong></span> <span class='ocrx_word' id='word_1_153' title='bbox 2719 798 2864 861; x_wconf 89' lang='lat' dir='ltr'><strong>mihi</strong></span> <span class='ocrx_word' id='word_1_154' title='bbox 2893 816 3052 860; x_wconf 90' lang='lat' dir='ltr'><strong>nunc</strong></span> <span class='ocrx_word' id='word_1_155' title='bbox 3075 816 3195 859; x_wconf 89' lang='lat' dir='ltr'><strong>non</strong></span> <span class='ocrx_word' id='word_1_156' title='bbox 3214 797 3289 858; x_wconf 87' lang='lat' dir='ltr'><strong>sit</strong></span> <span class='ocrx_word' id='word_1_157' title='bbox 3309 813 3685 878; x_wconf 82' lang='lat' dir='ltr'><strong>persuasum,</strong></span> 
     </span>
    </p>
   </div>
   <div class='ocr_carea' id='block_1_24' title="bbox 2038 881 3690 969">
    <p class='ocr_par' dir='ltr' id='par_1_24' title="bbox 2038 881 3690 969">
     <span class='ocr_line' id='line_1_24' title="bbox 2038 881 3690 969; baseline -0.004 -21"><span class='ocrx_word' id='word_1_158' title='bbox 2038 895 2102 949; x_wconf 93' lang='lat' dir='ltr'><strong>ut</strong></span> <span class='ocrx_word' id='word_1_159' title='bbox 2129 887 2398 967; x_wconf 90' lang='lat' dir='ltr'><strong>abjurem</strong></span> <span class='ocrx_word' id='word_1_160' title='bbox 2433 889 2975 962; x_wconf 86' lang='lat' dir='ltr'><strong>Christianismum,</strong></span> <span class='ocrx_word' id='word_1_161' title='bbox 3011 887 3101 949; x_wconf 88' lang='lat' dir='ltr'><strong>fac</strong></span> <span class='ocrx_word' id='word_1_162' title='bbox 3127 887 3258 969; x_wconf 91' lang='lat' dir='ltr'><strong>ipse</strong></span> <span class='ocrx_word' id='word_1_163' title='bbox 3282 886 3437 967; x_wconf 90' lang='lat' dir='ltr'><strong>quod</strong></span> <span class='ocrx_word' id='word_1_164' title='bbox 3467 897 3558 949; x_wconf 89' lang='lat' dir='ltr'><strong>est</strong></span> <span class='ocrx_word' id='word_1_165' title='bbox 3581 881 3690 948; x_wconf 82' lang='lat' dir='ltr'><strong>tibi</strong></span> 
     </span>
    </p>
   </div>
   <div class='ocr_carea' id='block_1_25' title="bbox 2039 975 3687 1057">
    <p class='ocr_par' dir='ltr' id='par_1_25' title="bbox 2039 975 3687 1057">
     <span class='ocr_line' id='line_1_25' title="bbox 2039 975 3687 1057; baseline 0 -19"><span class='ocrx_word' id='word_1_166' title='bbox 2039 977 2840 1042; x_wconf 79' lang='lat' dir='ltr'><strong>constitutum.Cumbricius</strong></span> <span class='ocrx_word' id='word_1_167' title='bbox 2860 997 2999 1041; x_wconf 89' lang='lat' dir='ltr'><strong>vero</strong></span> <span class='ocrx_word' id='word_1_168' title='bbox 3029 999 3042 1036; x_wconf 87' lang='lat'><strong>:</strong></span> <span class='ocrx_word' id='word_1_169' title='bbox 3068 979 3271 1052; x_wconf 88' lang='lat' dir='ltr'><strong>Forte,</strong></span> <span class='ocrx_word' id='word_1_170' title='bbox 3305 975 3687 1057; x_wconf 89' lang='lat' dir='ltr'><strong>inquit,quod</strong></span> 
     </span>
    </p>
   </div>
   <div class='ocr_carea' id='block_1_26' title="bbox 2039 1067 3690 1148">
    <p class='ocr_par' dir='ltr' id='par_1_26' title="bbox 2039 1067 3690 1148">
     <span class='ocr_line' id='line_1_26' title="bbox 2039 1067 3690 1148; baseline -0.001 -20"><span class='ocrx_word' id='word_1_171' title='bbox 2039 1072 2236 1128; x_wconf 82' lang='lat' dir='ltr'><strong>tecum</strong></span> <span class='ocrx_word' id='word_1_172' title='bbox 2267 1067 2524 1148; x_wconf 83' lang='lat' dir='ltr'><strong>benigne</strong></span> <span class='ocrx_word' id='word_1_173' title='bbox 2554 1079 2613 1132; x_wconf 90' lang='lat' dir='ltr'><strong>et</strong></span> <span class='ocrx_word' id='word_1_174' title='bbox 2645 1069 2865 1131; x_wconf 91' lang='lat' dir='ltr'><strong>leniter</strong></span> <span class='ocrx_word' id='word_1_175' title='bbox 2889 1067 3302 1148; x_wconf 90' lang='lat' dir='ltr'><strong>agamus,ideo</strong></span> <span class='ocrx_word' id='word_1_176' title='bbox 3335 1073 3390 1127; x_wconf 92' lang='lat' dir='ltr'><strong>te</strong></span> <span class='ocrx_word' id='word_1_177' title='bbox 3411 1084 3690 1145; x_wconf 86' lang='lat' dir='ltr'><strong>arrogan-</strong></span> 
     </span>
    </p>
   </div>
   <div class='ocr_carea' id='block_1_27' title="bbox 2041 1155 3690 1220">
    <p class='ocr_par' dir='ltr' id='par_1_27' title="bbox 2041 1155 3690 1220">
     <span class='ocr_line' id='line_1_27' title="bbox 2041 1155 3690 1220; baseline 0 -4"><span class='ocrx_word' id='word_1_178' title='bbox 2041 1161 2252 1218; x_wconf 90' lang='lat' dir='ltr'><strong>tiorem</strong></span> <span class='ocrx_word' id='word_1_179' title='bbox 2304 1157 2596 1220; x_wconf 76' lang='lat' dir='ltr'><strong>efﬁcimus</strong></span> <span class='ocrx_word' id='word_1_180' title='bbox 2653 1166 2711 1220; x_wconf 87' lang='lat' dir='ltr'><strong>et</strong></span> <span class='ocrx_word' id='word_1_181' title='bbox 2752 1157 3231 1220; x_wconf 89' lang='lat' dir='ltr'><strong>insolentiorem.</strong></span> <span class='ocrx_word' id='word_1_182' title='bbox 3265 1155 3384 1218; x_wconf 88' lang='lat' dir='ltr'><strong>Sed</strong></span> <span class='ocrx_word' id='word_1_183' title='bbox 3438 1174 3573 1217; x_wconf 94' lang='lat' dir='ltr'><strong>cum</strong></span> <span class='ocrx_word' id='word_1_184' title='bbox 3633 1164 3690 1216; x_wconf 91' lang='lat' dir='ltr'><strong>te</strong></span> 
     </span>
    </p>
   </div>
   <div class='ocr_carea' id='block_1_28' title="bbox 2040 1245 3690 1327">
    <p class='ocr_par' dir='ltr' id='par_1_28' title="bbox 2040 1245 3690 1327">
     <span class='ocr_line' id='line_1_28' title="bbox 2040 1245 3690 1327; baseline 0 -23"><span class='ocrx_word' id='word_1_185' title='bbox 2040 1246 2267 1308; x_wconf 87' lang='lat' dir='ltr'><strong>videam</strong></span> <span class='ocrx_word' id='word_1_186' title='bbox 2301 1247 2450 1309; x_wconf 89' lang='lat' dir='ltr'><strong>adeo</strong></span> <span class='ocrx_word' id='word_1_187' title='bbox 2478 1247 3140 1327; x_wconf 88' lang='lat' dir='ltr'><strong>intelligentem,ettam</strong></span> <span class='ocrx_word' id='word_1_188' title='bbox 3170 1247 3328 1308; x_wconf 89' lang='lat' dir='ltr'><strong>acuti</strong></span> <span class='ocrx_word' id='word_1_189' title='bbox 3359 1253 3418 1306; x_wconf 93' lang='lat' dir='ltr'><strong>et</strong></span> <span class='ocrx_word' id='word_1_190' title='bbox 3447 1245 3690 1306; x_wconf 86' lang='lat' dir='ltr'><strong>solertis</strong></span> 
     </span>
    </p>
   </div>
   <div class='ocr_carea' id='block_1_29' title="bbox 2041 1334 3685 1419">
    <p class='ocr_par' dir='ltr' id='par_1_29' title="bbox 2041 1334 3685 1419">
     <span class='ocr_line' id='line_1_29' title="bbox 2041 1334 3685 1419; baseline 0 -23"><span class='ocrx_word' id='word_1_191' title='bbox 2041 1335 2292 1414; x_wconf 85' lang='lat' dir='ltr'><strong>ingenii,</strong></span> <span class='ocrx_word' id='word_1_192' title='bbox 2332 1337 2556 1399; x_wconf 90' lang='lat' dir='ltr'><strong>suadeo</strong></span> <span class='ocrx_word' id='word_1_193' title='bbox 2617 1349 2683 1399; x_wconf 92' lang='lat' dir='ltr'><strong>ut</strong></span> <span class='ocrx_word' id='word_1_194' title='bbox 2742 1355 2951 1419; x_wconf 90' lang='lat' dir='ltr'><strong>pareas</strong></span> <span class='ocrx_word' id='word_1_195' title='bbox 3007 1344 3319 1417; x_wconf 86' lang='lat' dir='ltr'><strong>antequam</strong></span> <span class='ocrx_word' id='word_1_196' title='bbox 3374 1334 3685 1396; x_wconf 88' lang='lat' dir='ltr'><strong>crucieris.</strong></span> 
     </span>
    </p>
   </div>
   <div class='ocr_carea' id='block_1_30' title="bbox 2043 1424 3686 1508">
    <p class='ocr_par' dir='ltr' id='par_1_30' title="bbox 2043 1424 3686 1508">
     <span class='ocr_line' id='line_1_30' title="bbox 2043 1424 3686 1508; baseline -0.001 -20"><span class='ocrx_word' id='word_1_197' title='bbox 2043 1426 2190 1488; x_wconf 89' lang='lat' dir='ltr'><strong>Nam</strong></span> <span class='ocrx_word' id='word_1_198' title='bbox 2224 1427 2466 1504; x_wconf 89' lang='lat' dir='ltr'><strong>pulchra</strong></span> <span class='ocrx_word' id='word_1_199' title='bbox 2495 1427 2737 1508; x_wconf 89' lang='lat' dir='ltr'><strong>quidem</strong></span> <span class='ocrx_word' id='word_1_200' title='bbox 2785 1445 2882 1488; x_wconf 85' lang='lat' dir='ltr'><strong>res</strong></span> <span class='ocrx_word' id='word_1_201' title='bbox 2914 1435 3004 1487; x_wconf 87' lang='lat' dir='ltr'><strong>est</strong></span> <span class='ocrx_word' id='word_1_202' title='bbox 3058 1425 3300 1486; x_wconf 81' lang='lat' dir='ltr'><strong>mutatio</strong></span> <span class='ocrx_word' id='word_1_203' title='bbox 3352 1425 3411 1485; x_wconf 91' lang='lat' dir='ltr'><strong>in</strong></span> <span class='ocrx_word' id='word_1_204' title='bbox 3448 1424 3686 1506; x_wconf 88' lang='lat' dir='ltr'><strong>melius,</strong></span> 
     </span>
    </p>
   </div>
   <div class='ocr_carea' id='block_1_31' title="bbox 2043 1514 3687 1597">
    <p class='ocr_par' dir='ltr' id='par_1_31' title="bbox 2043 1514 3687 1597">
     <span class='ocr_line' id='line_1_31' title="bbox 2043 1514 3687 1597; baseline 0 -21"><span class='ocrx_word' id='word_1_205' title='bbox 2043 1515 2525 1597; x_wconf 88' lang='lat' dir='ltr'><strong>quandocunque</strong></span> <span class='ocrx_word' id='word_1_206' title='bbox 2557 1535 2626 1579; x_wconf 90' lang='lat' dir='ltr'><strong>ea</strong></span> <span class='ocrx_word' id='word_1_207' title='bbox 2678 1516 2829 1578; x_wconf 87' lang='lat' dir='ltr'><strong>facta</strong></span> <span class='ocrx_word' id='word_1_208' title='bbox 2883 1516 3078 1577; x_wconf 89' lang='lat' dir='ltr'><strong>fuerit.</strong></span> <span class='ocrx_word' id='word_1_209' title='bbox 3121 1514 3239 1577; x_wconf 91' lang='lat' dir='ltr'><strong>Sed</strong></span> <span class='ocrx_word' id='word_1_210' title='bbox 3274 1531 3468 1594; x_wconf 83' lang='lat' dir='ltr'><strong>neque</strong></span> <span class='ocrx_word' id='word_1_211' title='bbox 3494 1514 3687 1595; x_wconf 88' lang='lat' dir='ltr'><strong>ipsum</strong></span> 
     </span>
    </p>
   </div>
   <div class='ocr_carea' id='block_1_32' title="bbox 2042 1603 3693 1686">
    <p class='ocr_par' dir='ltr' id='par_1_32' title="bbox 2042 1603 3693 1686">
     <span class='ocr_line' id='line_1_32' title="bbox 2042 1603 3693 1686; baseline -0.001 -21"><span class='ocrx_word' id='word_1_212' title='bbox 2042 1603 2127 1679; x_wconf 90' lang='lat' dir='ltr'><strong>id,</strong></span> <span class='ocrx_word' id='word_1_213' title='bbox 2162 1605 2317 1686; x_wconf 90' lang='lat' dir='ltr'><strong>quod</strong></span> <span class='ocrx_word' id='word_1_214' title='bbox 2346 1613 2606 1686; x_wconf 83' lang='lat' dir='ltr'><strong>oportet,</strong></span> <span class='ocrx_word' id='word_1_215' title='bbox 2635 1606 2996 1685; x_wconf 84' lang='lat' dir='ltr'><strong>intelligere,</strong></span> <span class='ocrx_word' id='word_1_216' title='bbox 3043 1621 3239 1685; x_wconf 90' lang='lat' dir='ltr'><strong>neque</strong></span> <span class='ocrx_word' id='word_1_217' title='bbox 3270 1604 3444 1665; x_wconf 86' lang='lat' dir='ltr'><strong>alteri</strong></span> <span class='ocrx_word' id='word_1_218' title='bbox 3469 1604 3693 1666; x_wconf 88' lang='lat' dir='ltr'><strong>dicenti</strong></span> 
     </span>
    </p>
   </div>
   <div class='ocr_carea' id='block_1_33' title="bbox 2044 1692 3693 1778">
    <p class='ocr_par' dir='ltr' id='par_1_33' title="bbox 2044 1692 3693 1778">
     <span class='ocr_line' id='line_1_33' title="bbox 2044 1692 3693 1778; baseline 0.001 -23"><span class='ocrx_word' id='word_1_219' title='bbox 2044 1712 2254 1775; x_wconf 88' lang='lat' dir='ltr'><strong>parere</strong></span> <span class='ocrx_word' id='word_1_220' title='bbox 2289 1712 2302 1755; x_wconf 91' lang='lat'>:</span> <span class='ocrx_word' id='word_1_221' title='bbox 2338 1713 2470 1757; x_wconf 88' lang='lat' dir='ltr'><strong>cum</strong></span> <span class='ocrx_word' id='word_1_222' title='bbox 2500 1697 2684 1758; x_wconf 90' lang='lat' dir='ltr'><strong>multa</strong></span> <span class='ocrx_word' id='word_1_223' title='bbox 2713 1706 2906 1757; x_wconf 92' lang='lat' dir='ltr'><strong>autem</strong></span> <span class='ocrx_word' id='word_1_224' title='bbox 2942 1696 3109 1778; x_wconf 85' lang='lat' dir='ltr'><strong>prius</strong></span> <span class='ocrx_word' id='word_1_225' title='bbox 3171 1712 3383 1774; x_wconf 88' lang='lat' dir='ltr'><strong>passus</strong></span> <span class='ocrx_word' id='word_1_226' title='bbox 3435 1692 3516 1754; x_wconf 91' lang='lat' dir='ltr'><strong>sis</strong></span> <span class='ocrx_word' id='word_1_227' title='bbox 3568 1703 3693 1756; x_wconf 87' lang='lat' dir='ltr'><strong>tor-</strong></span> 
     </span>
    </p>
   </div>
   <div class='ocr_carea' id='block_1_34' title="bbox 315 1782 1981 1866">
    <p class='ocr_par' dir='ltr' id='par_1_34' title="bbox 315 1783 1960 1866">
     <span class='ocr_line' id='line_1_34' title="bbox 315 1783 1960 1866; baseline -0.004 -21"><span class='ocrx_word' id='word_1_228' title='bbox 315 1788 410 1845; x_wconf 72' lang='grc' dir='ltr'><strong>οὒκ</strong></span> <span class='ocrx_word' id='word_1_229' title='bbox 471 1789 633 1862; x_wconf 82' lang='grc' dir='ltr'>οἶμαι</span> <span class='ocrx_word' id='word_1_230' title='bbox 704 1789 994 1866; x_wconf 82' lang='grc' dir='ltr'>παρανοίας</span> <span class='ocrx_word' id='word_1_231' title='bbox 1067 1786 1316 1843; x_wconf 79' lang='grc' dir='ltr'>ὑπόνοιαν</span> <span class='ocrx_word' id='word_1_232' title='bbox 1398 1783 1725 1865; x_wconf 74' lang='grc' dir='ltr'>διαφυγεῖν..</span> <span class='ocrx_word' id='word_1_233' title='bbox 1791 1785 1960 1850; x_wconf 79' lang='grc' dir='ltr'>Χώρει</span> 
     </span>
    </p>
   </div>
   <div class='ocr_carea' id='block_1_35' title="bbox 2053 1782 3692 1866">
    <p class='ocr_par' dir='ltr' id='par_1_35' title="bbox 2053 1782 3692 1866">
     <span class='ocr_line' id='line_1_35' title="bbox 2053 1782 3692 1866; baseline 0 -22"><span class='ocrx_word' id='word_1_234' title='bbox 2053 1793 2266 1858; x_wconf 89' lang='lat' dir='ltr'><strong>menta,</strong></span> <span class='ocrx_word' id='word_1_235' title='bbox 2301 1783 2519 1847; x_wconf 89' lang='lat' dir='ltr'><strong>deinde</strong></span> <span class='ocrx_word' id='word_1_236' title='bbox 2569 1784 2831 1864; x_wconf 87' lang='lat' dir='ltr'><strong>abjicere</strong></span> <span class='ocrx_word' id='word_1_237' title='bbox 2888 1785 2973 1855; x_wconf 90' lang='lat' dir='ltr'><strong>id,</strong></span> <span class='ocrx_word' id='word_1_238' title='bbox 3028 1786 3185 1866; x_wconf 91' lang='lat' dir='ltr'><strong>quod</strong></span> <span class='ocrx_word' id='word_1_239' title='bbox 3221 1791 3310 1844; x_wconf 85' lang='lat' dir='ltr'><strong>est</strong></span> <span class='ocrx_word' id='word_1_240' title='bbox 3342 1782 3512 1858; x_wconf 87' lang='lat' dir='ltr'><strong>utile,</strong></span> <span class='ocrx_word' id='word_1_241' title='bbox 3572 1803 3692 1846; x_wconf 90' lang='lat' dir='ltr'><strong>uon</strong></span> 
     </span>
    </p>
   </div>
   <div class='ocr_carea' id='block_1_36' title="bbox 315 1873 1962 1956">
    <p class='ocr_par' dir='ltr' id='par_1_36' title="bbox 315 1873 1962 1956">
     <span class='ocr_line' id='line_1_36' title="bbox 315 1873 1962 1956; baseline -0.001 -24"><span class='ocrx_word' id='word_1_242' title='bbox 315 1876 593 1956; x_wconf 78' lang='grc' dir='ltr'>τιιιγαροῦν</span> <span class='ocrx_word' id='word_1_243' title='bbox 645 1875 748 1945; x_wconf 72' lang='grc' dir='ltr'>ἤδη</span> <span class='ocrx_word' id='word_1_244' title='bbox 797 1878 927 1955; x_wconf 83' lang='grc' dir='ltr'>πρὸς</span> <span class='ocrx_word' id='word_1_245' title='bbox 984 1878 1076 1934; x_wconf 86' lang='grc' dir='ltr'>τὸν</span> <span class='ocrx_word' id='word_1_246' title='bbox 1133 1878 1258 1933; x_wconf 80' lang='grc' dir='ltr'>ναὸν</span> <span class='ocrx_word' id='word_1_247' title='bbox 1319 1877 1406 1932; x_wconf 84' lang='grc' dir='ltr'>καὶ</span> <span class='ocrx_word' id='word_1_248' title='bbox 1436 1873 1679 1930; x_wconf 80' lang='grc' dir='ltr'>ἀποδίδου</span> <span class='ocrx_word' id='word_1_249' title='bbox 1721 1877 1866 1939; x_wconf 89' lang='grc' dir='ltr'>θεοῖς</span> <span class='ocrx_word' id='word_1_250' title='bbox 1897 1875 1962 1930; x_wconf 82' lang='grc' dir='ltr'><strong>τὰ</strong></span> 
     </span>
    </p>
   </div>
   <div class='ocr_carea' id='block_1_37' title="bbox 317 1961 1964 2044">
    <p class='ocr_par' dir='ltr' id='par_1_37' title="bbox 317 1961 1964 2044">
     <span class='ocr_line' id='line_1_37' title="bbox 317 1961 1964 2044; baseline -0.002 -21"><span class='ocrx_word' id='word_1_251' title='bbox 317 1965 674 2042; x_wconf 81' lang='grc' dir='ltr'>νενομισμένα</span> <span class='ocrx_word' id='word_1_252' title='bbox 703 1981 718 1996; x_wconf 90' lang='grc'><strong><em>⁸</em></strong></span> <span class='ocrx_word' id='word_1_253' title='bbox 784 1965 922 2022; x_wconf 75' lang='grc' dir='ltr'>οὕτω</span> <span class='ocrx_word' id='word_1_254' title='bbox 963 1967 1064 2044; x_wconf 81' lang='grc' dir='ltr'><strong>γὰρ</strong></span> <span class='ocrx_word' id='word_1_255' title='bbox 1113 1964 1208 2021; x_wconf 79' lang='grc' dir='ltr'>καί</span> <span class='ocrx_word' id='word_1_256' title='bbox 1257 1964 1362 2021; x_wconf 86' lang='grc' dir='ltr'><strong>τῶν</strong></span> <span class='ocrx_word' id='word_1_257' title='bbox 1415 1961 1788 2042; x_wconf 82' lang='grc' dir='ltr'>προλαϐόντων</span> <span class='ocrx_word' id='word_1_258' title='bbox 1832 1986 1964 2042; x_wconf 80' lang='grc' dir='ltr'>συγ-</span> 
     </span>
    </p>
   </div>
   <div class='ocr_carea' id='block_1_38' title="bbox 321 2053 1962 2133">
    <p class='ocr_par' dir='ltr' id='par_1_38' title="bbox 321 2053 1962 2133">
     <span class='ocr_line' id='line_1_38' title="bbox 321 2053 1962 2133; baseline 0.011 -39"><span class='ocrx_word' id='word_1_259' title='bbox 321 2055 548 2133; x_wconf 70' lang='grc' dir='ltr'>γνώμην</span> <span class='ocrx_word' id='word_1_260' title='bbox 592 2053 768 2132; x_wconf 68' lang='grc' dir='ltr'>λήψῃ,</span> <span class='ocrx_word' id='word_1_261' title='bbox 816 2056 903 2111; x_wconf 82' lang='grc' dir='ltr'>καὶ</span> <span class='ocrx_word' id='word_1_262' title='bbox 945 2056 1159 2131; x_wconf 82' lang='grc' dir='ltr'>βασιλεῖ</span> <span class='ocrx_word' id='word_1_263' title='bbox 1201 2060 1277 2128; x_wconf 79' lang='grc' dir='ltr'><strong>τῷ</strong></span> <span class='ocrx_word' id='word_1_264' title='bbox 1330 2053 1549 2132; x_wconf 88' lang='grc' dir='ltr'>μεγάλῳ</span> <span class='ocrx_word' id='word_1_265' title='bbox 1619 2055 1962 2133; x_wconf 82' lang='grc' dir='ltr'>οἷκειωθήσῃ,</span> 
     </span>
    </p>
   </div>
   <div class='ocr_carea' id='block_1_39' title="bbox 317 2143 1967 2222">
    <p class='ocr_par' dir='ltr' id='par_1_39' title="bbox 317 2143 1967 2222">
     <span class='ocr_line' id='line_1_39' title="bbox 317 2143 1967 2222; baseline 0 -22"><span class='ocrx_word' id='word_1_266' title='bbox 317 2145 406 2200; x_wconf 80' lang='grc' dir='ltr'><strong>καὶ</strong></span> <span class='ocrx_word' id='word_1_267' title='bbox 436 2144 555 2216; x_wconf 84' lang='grc' dir='ltr'>μεθ’</span> <span class='ocrx_word' id='word_1_268' title='bbox 586 2145 741 2220; x_wconf 79' lang='grc' dir='ltr'>ἡμῶν</span> <span class='ocrx_word' id='word_1_269' title='bbox 790 2144 889 2220; x_wconf 75' lang='grc' dir='ltr'>’ἑση</span> <span class='ocrx_word' id='word_1_270' title='bbox 947 2143 1031 2200; x_wconf 79' lang='grc' dir='ltr'>διὰ</span> <span class='ocrx_word' id='word_1_271' title='bbox 1086 2145 1199 2220; x_wconf 88' lang='grc' dir='ltr'>βίου</span> <span class='ocrx_word' id='word_1_272' title='bbox 1243 2145 1570 2221; x_wconf 85' lang='grc' dir='ltr'>τιμώμενος,</span> <span class='ocrx_word' id='word_1_273' title='bbox 1614 2143 1716 2203; x_wconf 77' lang='grc' dir='ltr'>Καῖ</span> <span class='ocrx_word' id='word_1_274' title='bbox 1767 2147 1793 2200; x_wconf 89' lang='grc' dir='ltr'>ὁ</span> <span class='ocrx_word' id='word_1_275' title='bbox 1825 2145 1967 2222; x_wconf 84' lang='grc' dir='ltr'>μάρ-</span> 
     </span>
    </p>
   </div>
   <div class='ocr_carea' id='block_1_40' title="bbox 314 2231 1965 2314">
    <p class='ocr_par' dir='ltr' id='par_1_40' title="bbox 314 2231 1965 2314">
     <span class='ocr_line' id='line_1_40' title="bbox 314 2231 1965 2314; baseline -0.001 -24"><span class='ocrx_word' id='word_1_276' title='bbox 314 2255 406 2298; x_wconf 84' lang='grc' dir='ltr'><strong>τυς</strong></span> <span class='ocrx_word' id='word_1_277' title='bbox 441 2251 460 2268; x_wconf 87' lang='grc'><strong><em>⁸</em></strong></span> <span class='ocrx_word' id='word_1_278' title='bbox 519 2231 663 2311; x_wconf 84' lang='grc' dir='ltr'>Ἐγὼ</span> <span class='ocrx_word' id='word_1_279' title='bbox 717 2233 884 2294; x_wconf 74' lang='grc' dir='ltr'>πάλαι</span> <span class='ocrx_word' id='word_1_280' title='bbox 954 2231 1269 2308; x_wconf 82' lang='grc' dir='ltr'>διέσκεμμαι</span> <span class='ocrx_word' id='word_1_281' title='bbox 1327 2235 1445 2312; x_wconf 82' lang='grc' dir='ltr'>περὶ</span> <span class='ocrx_word' id='word_1_282' title='bbox 1500 2239 1606 2290; x_wconf 91' lang='grc' dir='ltr'><strong>τῶν</strong></span> <span class='ocrx_word' id='word_1_283' title='bbox 1667 2234 1965 2314; x_wconf 83' lang='grc' dir='ltr'>παρόντων,</span> 
     </span>
    </p>
   </div>
   <div class='ocr_carea' id='block_1_41' title="bbox 316 2320 1969 2402">
    <p class='ocr_par' dir='ltr' id='par_1_41' title="bbox 316 2320 1969 2402">
     <span class='ocr_line' id='line_1_41' title="bbox 316 2320 1969 2402; baseline -0.001 -23"><span class='ocrx_word' id='word_1_284' title='bbox 316 2324 406 2379; x_wconf 82' lang='grc' dir='ltr'>καὶ</span> <span class='ocrx_word' id='word_1_285' title='bbox 453 2322 550 2379; x_wconf 71' lang='grc' dir='ltr'><strong>οὒκ</strong></span> <span class='ocrx_word' id='word_1_286' title='bbox 579 2321 898 2399; x_wconf 79' lang='grc' dir='ltr'>ἀμελετήτῳ</span> <span class='ocrx_word' id='word_1_287' title='bbox 949 2345 1039 2398; x_wconf 87' lang='grc' dir='ltr'><strong>μοι</strong></span> <span class='ocrx_word' id='word_1_288' title='bbox 1085 2321 1222 2385; x_wconf 78' lang='grc' dir='ltr'>ὅλως</span> <span class='ocrx_word' id='word_1_289' title='bbox 1276 2320 1600 2402; x_wconf 79' lang='grc' dir='ltr'>προσέϐαλες</span> <span class='ocrx_word' id='word_1_290' title='bbox 1659 2329 1745 2380; x_wconf 81' lang='grc' dir='ltr'><strong>νῦν</strong></span> <span class='ocrx_word' id='word_1_291' title='bbox 1777 2342 1793 2357; x_wconf 88' lang='grc'><strong>·</strong></span> <span class='ocrx_word' id='word_1_292' title='bbox 1855 2323 1969 2379; x_wconf 76' lang='grc' dir='ltr'>ἐπεὶ</span> 
     </span>
    </p>
   </div>
   <div class='ocr_carea' id='block_1_42' title="bbox 319 2409 1964 2492">
    <p class='ocr_par' dir='ltr' id='par_1_42' title="bbox 319 2409 1964 2492">
     <span class='ocr_line' id='line_1_42' title="bbox 319 2409 1964 2492; baseline 0.001 -25"><span class='ocrx_word' id='word_1_293' title='bbox 319 2409 559 2474; x_wconf 79' lang='grc' dir='ltr'>πολλοῖς</span> <span class='ocrx_word' id='word_1_294' title='bbox 619 2413 872 2490; x_wconf 86' lang='grc' dir='ltr'>πρότερον</span> <span class='ocrx_word' id='word_1_295' title='bbox 927 2414 988 2468; x_wconf 83' lang='grc' dir='ltr'>τὸ</span> <span class='ocrx_word' id='word_1_296' title='bbox 1046 2419 1268 2491; x_wconf 85' lang='grc' dir='ltr'>πρᾶγμα</span> <span class='ocrx_word' id='word_1_297' title='bbox 1315 2411 1600 2490; x_wconf 84' lang='grc' dir='ltr'>λογισμοῖς</span> <span class='ocrx_word' id='word_1_298' title='bbox 1653 2413 1964 2492; x_wconf 81' lang='grc' dir='ltr'>βασανίσας,</span> 
     </span>
    </p>
   </div>
   <div class='ocr_carea' id='block_1_43' title="bbox 319 2499 1968 2580">
    <p class='ocr_par' dir='ltr' id='par_1_43' title="bbox 319 2499 1968 2580">
     <span class='ocr_line' id='line_1_43' title="bbox 319 2499 1968 2580; baseline 0 -24"><span class='ocrx_word' id='word_1_299' title='bbox 319 2503 410 2557; x_wconf 79' lang='grc' dir='ltr'>καὶ</span> <span class='ocrx_word' id='word_1_300' title='bbox 469 2506 576 2557; x_wconf 87' lang='grc' dir='ltr'><strong>τῶν</strong></span> <span class='ocrx_word' id='word_1_301' title='bbox 618 2501 894 2580; x_wconf 77' lang='grc' dir='ltr'>ἡμετέρων</span> <span class='ocrx_word' id='word_1_302' title='bbox 938 2501 1192 2576; x_wconf 67' lang='grc' dir='ltr'>εἰδώλων,</span> <span class='ocrx_word' id='word_1_303' title='bbox 1265 2501 1342 2559; x_wconf 80' lang='grc' dir='ltr'>ἔτι</span> <span class='ocrx_word' id='word_1_304' title='bbox 1401 2499 1450 2557; x_wconf 78' lang='grc' dir='ltr'>δὶ</span> <span class='ocrx_word' id='word_1_305' title='bbox 1514 2509 1618 2560; x_wconf 88' lang='grc' dir='ltr'><strong>τῶν</strong></span> <span class='ocrx_word' id='word_1_306' title='bbox 1661 2503 1968 2576; x_wconf 78' lang='grc' dir='ltr'>ἀκαθάρτων</span> 
     </span>
    </p>
   </div>
   <div class='ocr_carea' id='block_1_44' title="bbox 321 2589 1969 2671">
    <p class='ocr_par' dir='ltr' id='par_1_44' title="bbox 321 2589 1969 2671">
     <span class='ocr_line' id='line_1_44' title="bbox 321 2589 1969 2671; baseline 0.001 -25"><span class='ocrx_word' id='word_1_307' title='bbox 321 2593 520 2667; x_wconf 83' lang='grc' dir='ltr'>βωμῶν</span> <span class='ocrx_word' id='word_1_308' title='bbox 564 2612 622 2647; x_wconf 90' lang='grc' dir='ltr'><strong>τε</strong></span> <span class='ocrx_word' id='word_1_309' title='bbox 683 2594 770 2647; x_wconf 86' lang='grc' dir='ltr'><strong>κᾶὶ</strong></span> <span class='ocrx_word' id='word_1_310' title='bbox 823 2595 1011 2648; x_wconf 85' lang='grc' dir='ltr'>θυσιῶν</span> <span class='ocrx_word' id='word_1_311' title='bbox 1063 2591 1309 2670; x_wconf 72' lang='grc' dir='ltr'>ἐσχάτως</span> <span class='ocrx_word' id='word_1_312' title='bbox 1367 2592 1760 2671; x_wconf 81' lang='grc' dir='ltr'>καταγελάσας,</span> <span class='ocrx_word' id='word_1_313' title='bbox 1833 2589 1969 2649; x_wconf 70' lang='grc' dir='ltr'>οὕτω</span> 
     </span>
    </p>
   </div>
   <div class='ocr_carea' id='block_1_45' title="bbox 324 2679 1965 2762">
    <p class='ocr_par' dir='ltr' id='par_1_45' title="bbox 324 2679 1965 2762">
     <span class='ocr_line' id='line_1_45' title="bbox 324 2679 1965 2762; baseline 0 -26"><span class='ocrx_word' id='word_1_314' title='bbox 324 2681 416 2748; x_wconf 77' lang='grc' dir='ltr'>τὴν</span> <span class='ocrx_word' id='word_1_315' title='bbox 471 2679 648 2748; x_wconf 81' lang='grc' dir='ltr'>ἁληθῆ</span> <span class='ocrx_word' id='word_1_316' title='bbox 707 2682 792 2737; x_wconf 77' lang='grc' dir='ltr'>καὶ</span> <span class='ocrx_word' id='word_1_317' title='bbox 835 2683 1231 2760; x_wconf 79' lang='grc' dir='ltr'>’καθαρωτάτην</span> <span class='ocrx_word' id='word_1_318' title='bbox 1299 2689 1405 2738; x_wconf 89' lang='grc' dir='ltr'><strong>τῶν</strong></span> <span class='ocrx_word' id='word_1_319' title='bbox 1482 2685 1810 2762; x_wconf 83' lang='grc' dir='ltr'>Χριστιανῶν</span> <span class='ocrx_word' id='word_1_320' title='bbox 1871 2683 1965 2737; x_wconf 83' lang='grc' dir='ltr'>πί-</span> 
     </span>
    </p>
   </div>
   <div class='ocr_carea' id='block_1_46' title="bbox 321 2770 1965 2850">
    <p class='ocr_par' dir='ltr' id='par_1_46' title="bbox 321 2770 1965 2850">
     <span class='ocr_line' id='line_1_46' title="bbox 321 2770 1965 2850; baseline 0.002 -25"><span class='ocrx_word' id='word_1_321' title='bbox 321 2791 433 2828; x_wconf 84' lang='grc' dir='ltr'>στιν</span> <span class='ocrx_word' id='word_1_322' title='bbox 467 2771 714 2845; x_wconf 74' lang='grc' dir='ltr'>εἷλόμην,</span> <span class='ocrx_word' id='word_1_323' title='bbox 760 2770 927 2828; x_wconf 61' lang='grc' dir='ltr'><strong>τὨστε</strong></span> <span class='ocrx_word' id='word_1_324' title='bbox 971 2772 1026 2827; x_wconf 79' lang='grc' dir='ltr'><strong>εἶ’</strong></span> <span class='ocrx_word' id='word_1_325' title='bbox 1079 2772 1130 2828; x_wconf 87' lang='grc' dir='ltr'><strong>τί</strong></span> <span class='ocrx_word' id='word_1_326' title='bbox 1173 2793 1256 2829; x_wconf 92' lang='grc' dir='ltr'><strong>σοι</strong></span> <span class='ocrx_word' id='word_1_327' title='bbox 1314 2773 1456 2850; x_wconf 82' lang='grc' dir='ltr'>παρὰ</span> <span class='ocrx_word' id='word_1_328' title='bbox 1503 2779 1594 2829; x_wconf 83' lang='grc' dir='ltr'><strong>τοῦ</strong></span> <span class='ocrx_word' id='word_1_329' title='bbox 1649 2774 1965 2850; x_wconf 77' lang='grc' dir='ltr'>κρατοῦντος</span> 
     </span>
    </p>
   </div>
   <div class='ocr_carea' id='block_1_47' title="bbox 323 2857 1416 2941">
    <p class='ocr_par' dir='ltr' id='par_1_47' title="bbox 323 2857 1416 2941">
     <span class='ocr_line' id='line_1_47' title="bbox 323 2857 1416 2941; baseline 0.001 -25"><span class='ocrx_word' id='word_1_330' title='bbox 323 2857 435 2917; x_wconf 82' lang='grc' dir='ltr'>καθ’</span> <span class='ocrx_word' id='word_1_331' title='bbox 480 2860 635 2936; x_wconf 80' lang='grc' dir='ltr'>ἡμῶν</span> <span class='ocrx_word' id='word_1_332' title='bbox 671 2859 1070 2941; x_wconf 71' lang='grc' dir='ltr'>ἐπιτέτραπται,</span> <span class='ocrx_word' id='word_1_333' title='bbox 1097 2861 1174 2936; x_wconf 76' lang='grc' dir='ltr'>μὴ</span> <span class='ocrx_word' id='word_1_334' title='bbox 1205 2861 1416 2936; x_wconf 81' lang='grc' dir='ltr'>ἀμέλει.</span> 
     </span>
    </p>
   </div>
   <div class='ocr_carea' id='block_1_48' title="bbox 410 3125 1961 3209">
    <p class='ocr_par' dir='ltr' id='par_1_48' title="bbox 410 3125 1961 3209">
     <span class='ocr_line' id='line_1_48' title="bbox 410 3125 1961 3209; baseline -0.003 -21"><span class='ocrx_word' id='word_1_335' title='bbox 410 3125 505 3201; x_wconf 73' lang='grc' dir='ltr'><strong>ς’.</strong></span> <span class='ocrx_word' id='word_1_336' title='bbox 543 3128 704 3190; x_wconf 76' lang='grc' dir='ltr'>Εὒθὺς</span> <span class='ocrx_word' id='word_1_337' title='bbox 767 3130 854 3186; x_wconf 74' lang='grc' dir='ltr'><strong>οὖν</strong></span> <span class='ocrx_word' id='word_1_338' title='bbox 914 3128 1145 3209; x_wconf 87' lang='grc' dir='ltr'>ἐκεῖνος,</span> <span class='ocrx_word' id='word_1_339' title='bbox 1179 3130 1264 3184; x_wconf 86' lang='grc' dir='ltr'><strong>καὶ</strong></span> <span class='ocrx_word' id='word_1_340' title='bbox 1297 3127 1460 3185; x_wconf 87' lang='grc' dir='ltr'>πάλαι</span> <span class='ocrx_word' id='word_1_341' title='bbox 1503 3125 1826 3194; x_wconf 81' lang='grc' dir='ltr'>διοιδοῦντος</span> <span class='ocrx_word' id='word_1_342' title='bbox 1870 3129 1961 3186; x_wconf 68' lang='grc' dir='ltr'><strong>αὖ.</strong></span> 
     </span>
    </p>
   </div>
   <div class='ocr_carea' id='block_1_49' title="bbox 328 3219 1966 3298">
    <p class='ocr_par' dir='ltr' id='par_1_49' title="bbox 328 3219 1966 3298">
     <span class='ocr_line' id='line_1_49' title="bbox 328 3219 1966 3298; baseline 0.003 -28"><span class='ocrx_word' id='word_1_343' title='bbox 328 3221 404 3290; x_wconf 88' lang='grc' dir='ltr'>τῷ</span> <span class='ocrx_word' id='word_1_344' title='bbox 444 3219 535 3273; x_wconf 71' lang='grc' dir='ltr'>τοῦ</span> <span class='ocrx_word' id='word_1_345' title='bbox 589 3221 789 3293; x_wconf 82' lang='grc' dir='ltr'>θυμοῦ,</span> <span class='ocrx_word' id='word_1_346' title='bbox 850 3219 1150 3280; x_wconf 87' lang='grc' dir='ltr'>νεανίσκους</span> <span class='ocrx_word' id='word_1_347' title='bbox 1207 3219 1353 3280; x_wconf 80' lang='grc' dir='ltr'>τινὰς</span> <span class='ocrx_word' id='word_1_348' title='bbox 1410 3219 1546 3275; x_wconf 84' lang='grc' dir='ltr'>κατᾶ</span> <span class='ocrx_word' id='word_1_349' title='bbox 1615 3223 1785 3298; x_wconf 62' lang='grc' dir='ltr'>χεῖρα</span> <span class='ocrx_word' id='word_1_350' title='bbox 1840 3241 1966 3298; x_wconf 85' lang='grc' dir='ltr'>γεν-</span> 
     </span>
    </p>
   </div>
   <div class='ocr_carea' id='block_1_50' title="bbox 329 3305 1967 3388">
    <p class='ocr_par' dir='ltr' id='par_1_50' title="bbox 329 3305 1967 3388">
     <span class='ocr_line' id='line_1_50' title="bbox 329 3305 1967 3388; baseline 0.002 -25"><span class='ocrx_word' id='word_1_351' title='bbox 329 3307 522 3381; x_wconf 75' lang='grc' dir='ltr'>ναίους,</span> <span class='ocrx_word' id='word_1_352' title='bbox 615 3305 853 3386; x_wconf 78' lang='grc' dir='ltr'>σφοδρῶς</span> <span class='ocrx_word' id='word_1_353' title='bbox 913 3305 1320 3387; x_wconf 78' lang='grc' dir='ltr'>ἐναλλομένους,</span> <span class='ocrx_word' id='word_1_354' title='bbox 1394 3307 1492 3372; x_wconf 67' lang='grc' dir='ltr'><strong>πὺξ</strong></span> <span class='ocrx_word' id='word_1_355' title='bbox 1561 3308 1654 3364; x_wconf 82' lang='grc' dir='ltr'>τὸν</span> <span class='ocrx_word' id='word_1_356' title='bbox 1734 3309 1967 3388; x_wconf 86' lang='grc' dir='ltr'>μάρτυρα</span> 
     </span>
    </p>
   </div>
   <div class='ocr_carea' id='block_1_51' title="bbox 328 3393 1968 3477">
    <p class='ocr_par' dir='ltr' id='par_1_51' title="bbox 328 3393 1968 3477">
     <span class='ocr_line' id='line_1_51' title="bbox 328 3393 1968 3477; baseline 0.003 -27"><span class='ocrx_word' id='word_1_357' title='bbox 328 3393 535 3452; x_wconf 80' lang='grc' dir='ltr'>ἐκέλευε</span> <span class='ocrx_word' id='word_1_358' title='bbox 598 3399 798 3476; x_wconf 87' lang='grc' dir='ltr'>παίειν,</span> <span class='ocrx_word' id='word_1_359' title='bbox 855 3395 1039 3453; x_wconf 78' lang='grc' dir='ltr'>ἔπειτα</span> <span class='ocrx_word' id='word_1_360' title='bbox 1096 3398 1278 3474; x_wconf 82' lang='grc' dir='ltr'>ἷμᾶσιν</span> <span class='ocrx_word' id='word_1_361' title='bbox 1347 3397 1504 3454; x_wconf 78' lang='grc' dir='ltr'>αὒτὸν</span> <span class='ocrx_word' id='word_1_362' title='bbox 1571 3398 1806 3477; x_wconf 76' lang='grc' dir='ltr'>ἰσχυρῶς</span> <span class='ocrx_word' id='word_1_363' title='bbox 1874 3399 1968 3456; x_wconf 84' lang='grc' dir='ltr'><strong>ἀπ’</strong></span> 
     </span>
    </p>
   </div>
   <div class='ocr_carea' id='block_1_52' title="bbox 329 3484 1969 3568">
    <p class='ocr_par' dir='ltr' id='par_1_52' title="bbox 329 3484 1969 3568">
     <span class='ocr_line' id='line_1_52' title="bbox 329 3484 1969 3568; baseline 0.002 -28"><span class='ocrx_word' id='word_1_364' title='bbox 329 3484 503 3563; x_wconf 80' lang='grc' dir='ltr'>ἄκρων</span> <span class='ocrx_word' id='word_1_365' title='bbox 534 3486 737 3566; x_wconf 82' lang='grc' dir='ltr'>χειρῶν</span> <span class='ocrx_word' id='word_1_366' title='bbox 786 3489 917 3562; x_wconf 76' lang='grc' dir='ltr'><strong>ί)μοῦ</strong></span> <span class='ocrx_word' id='word_1_367' title='bbox 975 3486 1060 3543; x_wconf 76' lang='grc' dir='ltr'><strong>καὶ</strong></span> <span class='ocrx_word' id='word_1_368' title='bbox 1117 3485 1288 3545; x_wconf 84' lang='grc' dir='ltr'>ποδῶν</span> <span class='ocrx_word' id='word_1_369' title='bbox 1321 3485 1596 3561; x_wconf 78' lang='grc' dir='ltr'>διαδήσας,</span> <span class='ocrx_word' id='word_1_370' title='bbox 1643 3489 1828 3563; x_wconf 84' lang='grc' dir='ltr'>βιαίως</span> <span class='ocrx_word' id='word_1_371' title='bbox 1887 3488 1969 3568; x_wconf 72' lang='grc' dir='ltr'>ἐφ’</span> 
     </span>
    </p>
   </div>
   <div class='ocr_carea' id='block_1_53' title="bbox 326 3574 1967 3656">
    <p class='ocr_par' dir='ltr' id='par_1_53' title="bbox 326 3574 1967 3656">
     <span class='ocr_line' id='line_1_53' title="bbox 326 3574 1967 3656; baseline 0.003 -26"><span class='ocrx_word' id='word_1_372' title='bbox 326 3576 549 3654; x_wconf 73' lang='grc' dir='ltr'>ἑκάτερα</span> <span class='ocrx_word' id='word_1_373' title='bbox 621 3574 800 3632; x_wconf 67' lang='grc' dir='ltr'>εἷλκεν</span> <span class='ocrx_word' id='word_1_374' title='bbox 834 3624 848 3651; x_wconf 94' lang='grc'><strong>,</strong></span> <span class='ocrx_word' id='word_1_375' title='bbox 904 3575 1042 3634; x_wconf 82' lang='grc' dir='ltr'>ὥστε</span> <span class='ocrx_word' id='word_1_376' title='bbox 1112 3581 1332 3644; x_wconf 82' lang='grc' dir='ltr'>Αυθῆναι</span> <span class='ocrx_word' id='word_1_377' title='bbox 1402 3581 1544 3649; x_wconf 65' lang='grc' dir='ltr'>αὐτῷ</span> <span class='ocrx_word' id='word_1_378' title='bbox 1603 3583 1709 3634; x_wconf 87' lang='grc' dir='ltr'><strong>τῶν</strong></span> <span class='ocrx_word' id='word_1_379' title='bbox 1767 3577 1967 3656; x_wconf 76' lang='grc' dir='ltr'>ἄρθρων</span> 
     </span>
    </p>
   </div>
   <div class='ocr_carea' id='block_1_54' title="bbox 325 3663 1971 3744">
    <p class='ocr_par' dir='ltr' id='par_1_54' title="bbox 325 3663 1971 3744">
     <span class='ocr_line' id='line_1_54' title="bbox 325 3663 1971 3744; baseline 0.001 -24"><span class='ocrx_word' id='word_1_380' title='bbox 325 3665 418 3728; x_wconf 78' lang='grc' dir='ltr'>τὰς</span> <span class='ocrx_word' id='word_1_381' title='bbox 462 3663 742 3743; x_wconf 75' lang='grc' dir='ltr'>ἁρμονίας,</span> <span class='ocrx_word' id='word_1_382' title='bbox 773 3668 860 3722; x_wconf 81' lang='grc' dir='ltr'><strong>καὶ</strong></span> <span class='ocrx_word' id='word_1_383' title='bbox 890 3666 962 3731; x_wconf 78' lang='grc' dir='ltr'>εἷς</span> <span class='ocrx_word' id='word_1_384' title='bbox 995 3665 1133 3744; x_wconf 88' lang='grc' dir='ltr'>μέρη</span> <span class='ocrx_word' id='word_1_385' title='bbox 1181 3667 1274 3723; x_wconf 84' lang='grc' dir='ltr'><strong>καί</strong></span> <span class='ocrx_word' id='word_1_386' title='bbox 1327 3667 1466 3742; x_wconf 85' lang='grc' dir='ltr'>μέλη</span> <span class='ocrx_word' id='word_1_387' title='bbox 1497 3669 1588 3722; x_wconf 86' lang='grc' dir='ltr'>τὸν</span> <span class='ocrx_word' id='word_1_388' title='bbox 1632 3664 1789 3741; x_wconf 79' lang='grc' dir='ltr'>ἄνδρα</span> <span class='ocrx_word' id='word_1_389' title='bbox 1848 3666 1971 3722; x_wconf 83' lang='grc' dir='ltr'>δια-</span> 
     </span>
    </p>
   </div>
   <div class='ocr_carea' id='block_1_55' title="bbox 327 3752 1972 3837">
    <p class='ocr_par' dir='ltr' id='par_1_55' title="bbox 327 3752 1972 3837">
     <span class='ocr_line' id='line_1_55' title="bbox 327 3752 1972 3837; baseline 0.001 -27"><span class='ocrx_word' id='word_1_390' title='bbox 327 3758 652 3821; x_wconf 78' lang='grc' dir='ltr'>σπασθῆναι.</span> <span class='ocrx_word' id='word_1_391' title='bbox 717 3752 777 3813; x_wconf 89' lang='grc' dir='ltr'><strong>Ὀ</strong></span> <span class='ocrx_word' id='word_1_392' title='bbox 822 3753 897 3832; x_wconf 77' lang='grc' dir='ltr'>δὲ,</span> <span class='ocrx_word' id='word_1_393' title='bbox 964 3757 1050 3812; x_wconf 87' lang='grc' dir='ltr'>καὶ</span> <span class='ocrx_word' id='word_1_394' title='bbox 1119 3763 1336 3815; x_wconf 81' lang='grc' dir='ltr'>τοιαῦτα</span> <span class='ocrx_word' id='word_1_395' title='bbox 1376 3757 1630 3837; x_wconf 80' lang='grc' dir='ltr'>πάσχων,</span> <span class='ocrx_word' id='word_1_396' title='bbox 1694 3758 1754 3812; x_wconf 73' lang='grc' dir='ltr'>οὗ</span> <span class='ocrx_word' id='word_1_397' title='bbox 1810 3756 1972 3831; x_wconf 88' lang='grc' dir='ltr'>μόνον</span> 
     </span>
    </p>
   </div>
   <div class='ocr_carea' id='block_1_56' title="bbox 327 3841 1972 3923">
    <p class='ocr_par' dir='ltr' id='par_1_56' title="bbox 327 3841 1972 3923">
     <span class='ocr_line' id='line_1_56' title="bbox 327 3841 1972 3923; baseline 0.001 -23"><span class='ocrx_word' id='word_1_398' title='bbox 327 3841 514 3911; x_wconf 80' lang='grc' dir='ltr'>ὀδύνης</span> <span class='ocrx_word' id='word_1_399' title='bbox 590 3842 739 3900; x_wconf 69' lang='grc' dir='ltr'>οὐδὲν</span> <span class='ocrx_word' id='word_1_400' title='bbox 808 3845 895 3902; x_wconf 86' lang='grc' dir='ltr'><strong>ἐπὶ</strong></span> <span class='ocrx_word' id='word_1_401' title='bbox 952 3852 1044 3903; x_wconf 79' lang='grc' dir='ltr'><strong>τοῦ</strong></span> <span class='ocrx_word' id='word_1_402' title='bbox 1097 3845 1388 3923; x_wconf 72' lang='grc' dir='ltr'>προσώπου</span> <span class='ocrx_word' id='word_1_403' title='bbox 1443 3844 1712 3920; x_wconf 79' lang='grc' dir='ltr'>σύμϐολον</span> <span class='ocrx_word' id='word_1_404' title='bbox 1767 3845 1972 3913; x_wconf 72' lang='grc' dir='ltr'>ἐπεσῆ-</span> 
     </span>
    </p>
   </div>
   <div class='ocr_carea' id='block_1_57' title="bbox 325 3932 1975 4016">
    <p class='ocr_par' dir='ltr' id='par_1_57' title="bbox 325 3932 1975 4016">
     <span class='ocr_line' id='line_1_57' title="bbox 325 3932 1975 4016; baseline 0 -24"><span class='ocrx_word' id='word_1_405' title='bbox 325 3954 536 4010; x_wconf 79' lang='grc' dir='ltr'>μαινεν,</span> <span class='ocrx_word' id='word_1_406' title='bbox 599 3933 737 3990; x_wconf 78' lang='grc' dir='ltr'>ἀλλὰ</span> <span class='ocrx_word' id='word_1_407' title='bbox 793 3935 881 3992; x_wconf 81' lang='grc' dir='ltr'>καὶ</span> <span class='ocrx_word' id='word_1_408' title='bbox 940 3932 1278 4016; x_wconf 71' lang='grc' dir='ltr'>φαιδρότερος</span> <span class='ocrx_word' id='word_1_409' title='bbox 1354 3934 1560 4011; x_wconf 81' lang='grc' dir='ltr'>μᾶλλον</span> <span class='ocrx_word' id='word_1_410' title='bbox 1626 3936 1827 4013; x_wconf 75' lang='grc' dir='ltr'>ἐωρατο</span> <span class='ocrx_word' id='word_1_411' title='bbox 1888 3936 1975 3992; x_wconf 81' lang='grc' dir='ltr'>καὶ</span> 
     </span>
    </p>
   </div>
   <div class='ocr_carea' id='block_1_58' title="bbox 323 4022 1972 4106">
    <p class='ocr_par' dir='ltr' id='par_1_58' title="bbox 323 4022 1972 4106">
     <span class='ocr_line' id='line_1_58' title="bbox 323 4022 1972 4106; baseline 0.002 -28"><span class='ocrx_word' id='word_1_412' title='bbox 323 4022 536 4080; x_wconf 78' lang='grc' dir='ltr'>θάλλων</span> <span class='ocrx_word' id='word_1_413' title='bbox 578 4037 702 4087; x_wconf 73' lang='grc' dir='ltr'>ταῖς</span> <span class='ocrx_word' id='word_1_414' title='bbox 735 4039 989 4104; x_wconf 88' lang='grc' dir='ltr'>παρειαῖς</span> <span class='ocrx_word' id='word_1_415' title='bbox 1028 4041 1042 4056; x_wconf 91' lang='grc'><strong>·</strong></span> <span class='ocrx_word' id='word_1_416' title='bbox 1093 4025 1151 4082; x_wconf 77' lang='grc' dir='ltr'><strong>οὗ</strong></span> <span class='ocrx_word' id='word_1_417' title='bbox 1193 4024 1258 4094; x_wconf 81' lang='grc' dir='ltr'><strong>δὴ</strong></span> <span class='ocrx_word' id='word_1_418' title='bbox 1321 4026 1479 4106; x_wconf 87' lang='grc' dir='ltr'>χάριν</span> <span class='ocrx_word' id='word_1_419' title='bbox 1533 4027 1636 4106; x_wconf 72' lang='grc' dir='ltr'>οὐχ</span> <span class='ocrx_word' id='word_1_420' title='bbox 1677 4026 1857 4082; x_wconf 76' lang='grc' dir='ltr'>ἱκανὸν</span> <span class='ocrx_word' id='word_1_421' title='bbox 1899 4027 1972 4089; x_wconf 82' lang='grc' dir='ltr'><strong>εἰς</strong></span> 
     </span>
    </p>
   </div>
   <div class='ocr_carea' id='block_1_59' title="bbox 326 4112 1972 4194">
    <p class='ocr_par' dir='ltr' id='par_1_59' title="bbox 326 4112 1972 4194">
     <span class='ocr_line' id='line_1_59' title="bbox 326 4112 1972 4194; baseline 0.001 -26"><span class='ocrx_word' id='word_1_422' title='bbox 326 4116 586 4192; x_wconf 85' lang='grc' dir='ltr'>τιμωρίαν</span> <span class='ocrx_word' id='word_1_423' title='bbox 630 4116 658 4171; x_wconf 74' lang='grc' dir='ltr'>ὁ</span> <span class='ocrx_word' id='word_1_424' title='bbox 702 4114 915 4183; x_wconf 76' lang='grc' dir='ltr'>ἀπηνὴς</span> <span class='ocrx_word' id='word_1_425' title='bbox 969 4117 1031 4172; x_wconf 83' lang='grc' dir='ltr'>τὸ</span> <span class='ocrx_word' id='word_1_426' title='bbox 1074 4122 1296 4194; x_wconf 84' lang='grc' dir='ltr'>πρᾶγμα</span> <span class='ocrx_word' id='word_1_427' title='bbox 1347 4115 1590 4190; x_wconf 82' lang='grc' dir='ltr'>νομίσας,</span> <span class='ocrx_word' id='word_1_428' title='bbox 1623 4114 1801 4179; x_wconf 77' lang='grc' dir='ltr'>ἄλλως</span> <span class='ocrx_word' id='word_1_429' title='bbox 1831 4138 1888 4172; x_wconf 90' lang='grc' dir='ltr'><strong>τε</strong></span> <span class='ocrx_word' id='word_1_430' title='bbox 1919 4112 1972 4170; x_wconf 78' lang='grc' dir='ltr'>δὲ</span> 
     </span>
    </p>
   </div>
   <div class='ocr_carea' id='block_1_60' title="bbox 326 4201 1972 4284">
    <p class='ocr_par' dir='ltr' id='par_1_60' title="bbox 326 4201 1972 4284">
     <span class='ocr_line' id='line_1_60' title="bbox 326 4201 1972 4284; baseline 0.001 -26"><span class='ocrx_word' id='word_1_431' title='bbox 326 4203 415 4258; x_wconf 86' lang='grc' dir='ltr'><strong>καὶ</strong></span> <span class='ocrx_word' id='word_1_432' title='bbox 474 4208 544 4279; x_wconf 78' lang='grc' dir='ltr'><strong>τῇ</strong></span> <span class='ocrx_word' id='word_1_433' title='bbox 589 4201 902 4283; x_wconf 74' lang='grc' dir='ltr'>φαιδρότητι</span> <span class='ocrx_word' id='word_1_434' title='bbox 960 4205 1049 4262; x_wconf 79' lang='grc' dir='ltr'><strong>καὶ</strong></span> <span class='ocrx_word' id='word_1_435' title='bbox 1097 4212 1174 4278; x_wconf 81' lang='grc' dir='ltr'>τῷ</span> <span class='ocrx_word' id='word_1_436' title='bbox 1218 4204 1358 4262; x_wconf 77' lang='grc' dir='ltr'>ἄνθει</span> <span class='ocrx_word' id='word_1_437' title='bbox 1402 4213 1494 4262; x_wconf 84' lang='grc' dir='ltr'>τοῦ</span> <span class='ocrx_word' id='word_1_438' title='bbox 1552 4205 1836 4284; x_wconf 85' lang='grc' dir='ltr'>προσώπου</span> <span class='ocrx_word' id='word_1_439' title='bbox 1878 4206 1972 4282; x_wconf 86' lang='grc' dir='ltr'><strong>βα-</strong></span> 
     </span>
    </p>
   </div>
   <div class='ocr_carea' id='block_1_61' title="bbox 331 4291 1974 4375">
    <p class='ocr_par' dir='ltr' id='par_1_61' title="bbox 331 4291 1974 4375">
     <span class='ocr_line' id='line_1_61' title="bbox 331 4291 1974 4375; baseline 0.002 -26"><span class='ocrx_word' id='word_1_440' title='bbox 331 4293 555 4373; x_wconf 78' lang='grc' dir='ltr'>σκήνας,</span> <span class='ocrx_word' id='word_1_441' title='bbox 602 4291 714 4349; x_wconf 87' lang='grc' dir='ltr'>λύει</span> <span class='ocrx_word' id='word_1_442' title='bbox 757 4293 855 4370; x_wconf 74' lang='grc' dir='ltr'>μὲν</span> <span class='ocrx_word' id='word_1_443' title='bbox 917 4296 1009 4350; x_wconf 71' lang='grc' dir='ltr'>τὸν</span> <span class='ocrx_word' id='word_1_444' title='bbox 1059 4295 1296 4375; x_wconf 85' lang='grc' dir='ltr'>μάρτυρα</span> <span class='ocrx_word' id='word_1_445' title='bbox 1343 4299 1450 4351; x_wconf 88' lang='grc' dir='ltr'><strong>τῶν</strong></span> <span class='ocrx_word' id='word_1_446' title='bbox 1496 4292 1728 4370; x_wconf 80' lang='grc' dir='ltr'>δεσμῶν,</span> <span class='ocrx_word' id='word_1_447' title='bbox 1776 4293 1974 4374; x_wconf 80' lang='grc' dir='ltr'>σιδήρῳ</span> 
     </span>
    </p>
   </div>
   <div class='ocr_carea' id='block_1_62' title="bbox 331 4378 1970 4463">
    <p class='ocr_par' dir='ltr' id='par_1_62' title="bbox 331 4378 1970 4463">
     <span class='ocr_line' id='line_1_62' title="bbox 331 4378 1970 4463; baseline 0.004 -27"><span class='ocrx_word' id='word_1_448' title='bbox 331 4378 385 4436; x_wconf 77' lang='grc' dir='ltr'>δὲ</span> <span class='ocrx_word' id='word_1_449' title='bbox 434 4383 503 4437; x_wconf 82' lang='grc' dir='ltr'>τὰ</span> <span class='ocrx_word' id='word_1_450' title='bbox 558 4380 797 4463; x_wconf 74' lang='grc' dir='ltr'>βλέφαρα</span> <span class='ocrx_word' id='word_1_451' title='bbox 857 4385 952 4441; x_wconf 75' lang='grc' dir='ltr'>καί</span> <span class='ocrx_word' id='word_1_452' title='bbox 1005 4385 1107 4452; x_wconf 77' lang='grc' dir='ltr'><strong>τὴν</strong></span> <span class='ocrx_word' id='word_1_453' title='bbox 1178 4383 1302 4461; x_wconf 73' lang='grc' dir='ltr'>ὄψιν</span> <span class='ocrx_word' id='word_1_454' title='bbox 1359 4385 1802 4443; x_wconf 83' lang='grc' dir='ltr'>κατακεντεῖσθαι</span> <span class='ocrx_word' id='word_1_455' title='bbox 1875 4407 1970 4442; x_wconf 72' lang='grc' dir='ltr'>κε-</span> 
     </span>
    </p>
   </div>
   <div class='ocr_carea' id='block_1_63' title="bbox 331 4468 1970 4554">
    <p class='ocr_par' dir='ltr' id='par_1_63' title="bbox 331 4468 1970 4554">
     <span class='ocr_line' id='line_1_63' title="bbox 331 4468 1970 4554; baseline 0.002 -28"><span class='ocrx_word' id='word_1_456' title='bbox 331 4468 494 4531; x_wconf 85' lang='grc' dir='ltr'>λεύει.</span> <span class='ocrx_word' id='word_1_457' title='bbox 561 4471 760 4530; x_wconf 82' lang='grc' dir='ltr'>Τούτου</span> <span class='ocrx_word' id='word_1_458' title='bbox 817 4470 871 4528; x_wconf 74' lang='grc' dir='ltr'>δὲ</span> <span class='ocrx_word' id='word_1_459' title='bbox 929 4472 1236 4552; x_wconf 85' lang='grc' dir='ltr'>γενομένου,</span> <span class='ocrx_word' id='word_1_460' title='bbox 1299 4473 1436 4531; x_wconf 81' lang='grc' dir='ltr'>θείου</span> <span class='ocrx_word' id='word_1_461' title='bbox 1497 4475 1676 4549; x_wconf 79' lang='grc' dir='ltr'>τινὸς,</span> <span class='ocrx_word' id='word_1_462' title='bbox 1735 4475 1970 4554; x_wconf 89' lang='grc' dir='ltr'>καθάπερ</span> 
     </span>
    </p>
   </div>
   <div class='ocr_carea' id='block_1_64' title="bbox 2049 1872 3695 1956">
    <p class='ocr_par' dir='ltr' id='par_1_64' title="bbox 2049 1872 3695 1956">
     <span class='ocr_line' id='line_1_64' title="bbox 2049 1872 3695 1956; baseline -0.001 -21"><span class='ocrx_word' id='word_1_463' title='bbox 2049 1873 2320 1939; x_wconf 86' lang='lat' dir='ltr'><strong>existimo</strong></span> <span class='ocrx_word' id='word_1_464' title='bbox 2352 1874 2413 1936; x_wconf 94' lang='lat' dir='ltr'><strong>id</strong></span> <span class='ocrx_word' id='word_1_465' title='bbox 2467 1875 2728 1955; x_wconf 81' lang='lat' dir='ltr'><strong>effugere</strong></span> <span class='ocrx_word' id='word_1_466' title='bbox 2758 1874 3161 1956; x_wconf 87' lang='lat' dir='ltr'><strong>suspicionem</strong></span> <span class='ocrx_word' id='word_1_467' title='bbox 3195 1873 3492 1937; x_wconf 69' lang='lat' dir='ltr'><strong>amentiae.</strong></span> <span class='ocrx_word' id='word_1_468' title='bbox 3528 1872 3695 1934; x_wconf 88' lang='lat' dir='ltr'><strong>Vade</strong></span> 
     </span>
    </p>
   </div>
   <div class='ocr_carea' id='block_1_65' title="bbox 2049 1962 3696 2046">
    <p class='ocr_par' dir='ltr' id='par_1_65' title="bbox 2049 1962 3696 2046">
     <span class='ocr_line' id='line_1_65' title="bbox 2049 1962 3696 2046; baseline -0.001 -21"><span class='ocrx_word' id='word_1_469' title='bbox 2049 1982 2189 2043; x_wconf 87' lang='lat' dir='ltr'><strong>ergo</strong></span> <span class='ocrx_word' id='word_1_470' title='bbox 2212 1966 2338 2044; x_wconf 84' lang='lat' dir='ltr'><strong>jam</strong></span> <span class='ocrx_word' id='word_1_471' title='bbox 2389 1963 2462 2025; x_wconf 88' lang='lat' dir='ltr'><strong>ad</strong></span> <span class='ocrx_word' id='word_1_472' title='bbox 2516 1966 2828 2046; x_wconf 90' lang='lat' dir='ltr'><strong>templum,</strong></span> <span class='ocrx_word' id='word_1_473' title='bbox 2889 1972 2948 2026; x_wconf 89' lang='lat' dir='ltr'><strong>et</strong></span> <span class='ocrx_word' id='word_1_474' title='bbox 2989 1964 3104 2026; x_wconf 82' lang='lat' dir='ltr'><strong>diis</strong></span> <span class='ocrx_word' id='word_1_475' title='bbox 3161 1962 3347 2024; x_wconf 85' lang='lat' dir='ltr'><strong>redde</strong></span> <span class='ocrx_word' id='word_1_476' title='bbox 3377 1983 3513 2043; x_wconf 85' lang='lat' dir='ltr'><strong>quae</strong></span> <span class='ocrx_word' id='word_1_477' title='bbox 3535 1964 3696 2043; x_wconf 88' lang='lat' dir='ltr'><strong>justa</strong></span> 
     </span>
    </p>
   </div>
   <div class='ocr_carea' id='block_1_66' title="bbox 2049 2053 3694 2136">
    <p class='ocr_par' dir='ltr' id='par_1_66' title="bbox 2049 2053 3694 2136">
     <span class='ocr_line' id='line_1_66' title="bbox 2049 2053 3694 2136; baseline 0 -22"><span class='ocrx_word' id='word_1_478' title='bbox 2049 2063 2208 2116; x_wconf 86' lang='lat' dir='ltr'><strong>sunt.</strong></span> <span class='ocrx_word' id='word_1_479' title='bbox 2242 2053 2342 2115; x_wconf 88' lang='lat' dir='ltr'><strong>Sic</strong></span> <span class='ocrx_word' id='word_1_480' title='bbox 2373 2056 2536 2114; x_wconf 89' lang='lat' dir='ltr'><strong>enim</strong></span> <span class='ocrx_word' id='word_1_481' title='bbox 2567 2063 2628 2115; x_wconf 91' lang='lat' dir='ltr'><strong>et</strong></span> <span class='ocrx_word' id='word_1_482' title='bbox 2656 2071 2891 2131; x_wconf 90' lang='lat' dir='ltr'><strong>eorum,</strong></span> <span class='ocrx_word' id='word_1_483' title='bbox 2935 2071 3067 2136; x_wconf 71' lang='lat' dir='ltr'><strong>quae</strong></span> <span class='ocrx_word' id='word_1_484' title='bbox 3095 2061 3553 2134; x_wconf 74' lang='lat' dir='ltr'><strong>praecesserunt,</strong></span> <span class='ocrx_word' id='word_1_485' title='bbox 3587 2071 3694 2114; x_wconf 87' lang='lat' dir='ltr'><strong>ve—</strong></span> 
     </span>
    </p>
   </div>
   <div class='ocr_carea' id='block_1_67' title="bbox 2051 2142 3695 2224">
    <p class='ocr_par' dir='ltr' id='par_1_67' title="bbox 2051 2142 3695 2224">
     <span class='ocr_line' id='line_1_67' title="bbox 2051 2142 3695 2224; baseline -0.001 -20"><span class='ocrx_word' id='word_1_486' title='bbox 2051 2143 2210 2204; x_wconf 91' lang='lat' dir='ltr'><strong>niam</strong></span> <span class='ocrx_word' id='word_1_487' title='bbox 2247 2143 2653 2224; x_wconf 89' lang='lat' dir='ltr'><strong>conseqneris,</strong></span> <span class='ocrx_word' id='word_1_488' title='bbox 2690 2153 2748 2205; x_wconf 92' lang='lat' dir='ltr'><strong>et</strong></span> <span class='ocrx_word' id='word_1_489' title='bbox 2805 2163 3018 2223; x_wconf 85' lang='lat' dir='ltr'><strong>magno</strong></span> <span class='ocrx_word' id='word_1_490' title='bbox 3073 2142 3421 2222; x_wconf 83' lang='lat' dir='ltr'><strong>imperatori</strong></span> <span class='ocrx_word' id='word_1_491' title='bbox 3481 2143 3695 2204; x_wconf 81' lang='lat' dir='ltr'><strong>evades</strong></span> 
     </span>
    </p>
   </div>
   <div class='ocr_carea' id='block_1_68' title="bbox 2053 2231 3698 2314">
    <p class='ocr_par' dir='ltr' id='par_1_68' title="bbox 2053 2231 3698 2314">
     <span class='ocr_line' id='line_1_68' title="bbox 2053 2231 3698 2314; baseline 0.001 -21"><span class='ocrx_word' id='word_1_492' title='bbox 2053 2231 2383 2306; x_wconf 84' lang='lat' dir='ltr'><strong>familiaris,</strong></span> <span class='ocrx_word' id='word_1_493' title='bbox 2412 2241 2470 2293; x_wconf 91' lang='lat' dir='ltr'><strong>et</strong></span> <span class='ocrx_word' id='word_1_494' title='bbox 2501 2240 2622 2294; x_wconf 92' lang='lat' dir='ltr'><strong>toto</strong></span> <span class='ocrx_word' id='word_1_495' title='bbox 2655 2233 2786 2294; x_wconf 64' lang='lat' dir='ltr'><strong>vitae</strong></span> <span class='ocrx_word' id='word_1_496' title='bbox 2817 2243 3086 2314; x_wconf 89' lang='lat' dir='ltr'><strong>tempore</strong></span> <span class='ocrx_word' id='word_1_497' title='bbox 3109 2251 3142 2292; x_wconf 91' lang='lat' dir='ltr'><strong>a</strong></span> <span class='ocrx_word' id='word_1_498' title='bbox 3173 2231 3343 2292; x_wconf 90' lang='lat' dir='ltr'><strong>nobis</strong></span> <span class='ocrx_word' id='word_1_499' title='bbox 3376 2232 3432 2291; x_wconf 90' lang='lat' dir='ltr'><strong>in</strong></span> <span class='ocrx_word' id='word_1_500' title='bbox 3469 2232 3698 2294; x_wconf 86' lang='lat' dir='ltr'><strong>honore</strong></span> 
     </span>
    </p>
   </div>
   <div class='ocr_carea' id='block_1_69' title="bbox 2053 2320 3696 2402">
    <p class='ocr_par' dir='ltr' id='par_1_69' title="bbox 2053 2320 3696 2402">
     <span class='ocr_line' id='line_1_69' title="bbox 2053 2320 3696 2402; baseline -0.001 -19"><span class='ocrx_word' id='word_1_501' title='bbox 2053 2321 2395 2384; x_wconf 86' lang='lat' dir='ltr'><strong>habeberis.</strong></span> <span class='ocrx_word' id='word_1_502' title='bbox 2431 2320 2646 2402; x_wconf 79' lang='lat' dir='ltr'><strong>Martyr</strong></span> <span class='ocrx_word' id='word_1_503' title='bbox 2675 2331 2871 2383; x_wconf 90' lang='lat' dir='ltr'><strong>autem</strong></span> <span class='ocrx_word' id='word_1_504' title='bbox 2911 2340 2923 2384; x_wconf 92' lang='lat'>:</span> <span class='ocrx_word' id='word_1_505' title='bbox 2960 2323 3106 2402; x_wconf 88' lang='lat' dir='ltr'><strong>Ego,</strong></span> <span class='ocrx_word' id='word_1_506' title='bbox 3146 2321 3359 2401; x_wconf 84' lang='lat' dir='ltr'><strong>inquit,</strong></span> <span class='ocrx_word' id='word_1_507' title='bbox 3393 2321 3468 2382; x_wconf 89' lang='lat' dir='ltr'><strong>de</strong></span> <span class='ocrx_word' id='word_1_508' title='bbox 3515 2321 3696 2382; x_wconf 87' lang='lat' dir='ltr'><strong>rebus</strong></span> 
     </span>
    </p>
   </div>
   <div class='ocr_carea' id='block_1_70' title="bbox 2057 2411 3693 2491">
    <p class='ocr_par' dir='ltr' id='par_1_70' title="bbox 2057 2411 3693 2491">
     <span class='ocr_line' id='line_1_70' title="bbox 2057 2411 3693 2491; baseline -0.001 -19"><span class='ocrx_word' id='word_1_509' title='bbox 2057 2411 2449 2491; x_wconf 65' lang='lat' dir='ltr'><strong>prmsentibus</strong></span> <span class='ocrx_word' id='word_1_510' title='bbox 2508 2411 2610 2471; x_wconf 85' lang='lat' dir='ltr'><strong>diu</strong></span> <span class='ocrx_word' id='word_1_511' title='bbox 2659 2411 3009 2491; x_wconf 85' lang='lat' dir='ltr'><strong>deliberavi,</strong></span> <span class='ocrx_word' id='word_1_512' title='bbox 3045 2429 3240 2489; x_wconf 89' lang='lat' dir='ltr'><strong>neque</strong></span> <span class='ocrx_word' id='word_1_513' title='bbox 3300 2428 3396 2470; x_wconf 88' lang='lat' dir='ltr'><strong>me</strong></span> <span class='ocrx_word' id='word_1_514' title='bbox 3450 2412 3693 2472; x_wconf 90' lang='lat' dir='ltr'><strong>omnino</strong></span> 
     </span>
    </p>
   </div>
   <div class='ocr_carea' id='block_1_71' title="bbox 2053 2499 3692 2581">
    <p class='ocr_par' dir='ltr' id='par_1_71' title="bbox 2053 2499 3692 2581">
     <span class='ocr_line' id='line_1_71' title="bbox 2053 2499 3692 2581; baseline -0.001 -19"><span class='ocrx_word' id='word_1_515' title='bbox 2053 2520 2364 2581; x_wconf 84' lang='lat' dir='ltr'><strong>aggressus</strong></span> <span class='ocrx_word' id='word_1_516' title='bbox 2381 2521 2535 2563; x_wconf 85' lang='lat' dir='ltr'><strong>nunc</strong></span> <span class='ocrx_word' id='word_1_517' title='bbox 2550 2519 2612 2562; x_wconf 92' lang='lat' dir='ltr'><strong>es</strong></span> <span class='ocrx_word' id='word_1_518' title='bbox 2628 2501 2872 2562; x_wconf 88' lang='lat' dir='ltr'><strong>minime</strong></span> <span class='ocrx_word' id='word_1_519' title='bbox 2889 2499 3540 2581; x_wconf 59' lang='lat' dir='ltr'><strong>praemeditatumNam</strong></span> <span class='ocrx_word' id='word_1_520' title='bbox 3557 2518 3692 2561; x_wconf 90' lang='lat' dir='ltr'><strong>cum</strong></span> 
     </span>
    </p>
   </div>
   <div class='ocr_carea' id='block_1_72' title="bbox 2051 2589 3689 2672">
    <p class='ocr_par' dir='ltr' id='par_1_72' title="bbox 2051 2589 3689 2672">
     <span class='ocr_line' id='line_1_72' title="bbox 2051 2589 3689 2672; baseline -0.002 -20"><span class='ocrx_word' id='word_1_521' title='bbox 2051 2608 2176 2652; x_wconf 89' lang='lat' dir='ltr'><strong>rem</strong></span> <span class='ocrx_word' id='word_1_522' title='bbox 2217 2591 2384 2672; x_wconf 88' lang='lat' dir='ltr'><strong>prius</strong></span> <span class='ocrx_word' id='word_1_523' title='bbox 2409 2591 2613 2653; x_wconf 91' lang='lat' dir='ltr'><strong>multis</strong></span> <span class='ocrx_word' id='word_1_524' title='bbox 2645 2590 3079 2652; x_wconf 82' lang='lat' dir='ltr'><strong>examinassem</strong></span> <span class='ocrx_word' id='word_1_525' title='bbox 3111 2589 3689 2666; x_wconf 84' lang='lat' dir='ltr'><strong>ratiocinationibus,</strong></span> 
     </span>
    </p>
   </div>
   <div class='ocr_carea' id='block_1_73' title="bbox 2052 2678 3696 2760">
    <p class='ocr_par' dir='ltr' id='par_1_73' title="bbox 2052 2678 3696 2760">
     <span class='ocr_line' id='line_1_73' title="bbox 2052 2678 3696 2760; baseline -0.001 -19"><span class='ocrx_word' id='word_1_526' title='bbox 2052 2689 2108 2741; x_wconf 94' lang='lat' dir='ltr'><strong>et</strong></span> <span class='ocrx_word' id='word_1_527' title='bbox 2139 2689 2332 2742; x_wconf 90' lang='lat' dir='ltr'><strong>vestra</strong></span> <span class='ocrx_word' id='word_1_528' title='bbox 2359 2680 2699 2755; x_wconf 89' lang='lat' dir='ltr'><strong>simulacra,</strong></span> <span class='ocrx_word' id='word_1_529' title='bbox 2731 2679 3158 2760; x_wconf 83' lang='lat' dir='ltr'><strong>immundaque</strong></span> <span class='ocrx_word' id='word_1_530' title='bbox 3187 2678 3394 2740; x_wconf 88' lang='lat' dir='ltr'><strong>altaria</strong></span> <span class='ocrx_word' id='word_1_531' title='bbox 3421 2689 3483 2739; x_wconf 86' lang='lat' dir='ltr'><strong>et</strong></span> <span class='ocrx_word' id='word_1_532' title='bbox 3512 2679 3696 2740; x_wconf 90' lang='lat' dir='ltr'><strong>sacri-</strong></span> 
     </span>
    </p>
   </div>
   <div class='ocr_carea' id='block_1_74' title="bbox 2051 2767 3694 2849">
    <p class='ocr_par' dir='ltr' id='par_1_74' title="bbox 2051 2767 3694 2849">
     <span class='ocr_line' id='line_1_74' title="bbox 2051 2767 3694 2849; baseline -0.001 -19"><span class='ocrx_word' id='word_1_533' title='bbox 2051 2769 2184 2832; x_wconf 85' lang='lat' dir='ltr'><strong>ﬁcia</strong></span> <span class='ocrx_word' id='word_1_534' title='bbox 2208 2788 2441 2831; x_wconf 88' lang='lat' dir='ltr'><strong>summe</strong></span> <span class='ocrx_word' id='word_1_535' title='bbox 2462 2769 2807 2843; x_wconf 88' lang='lat' dir='ltr'><strong>irrisissem,</strong></span> <span class='ocrx_word' id='word_1_536' title='bbox 2838 2787 3043 2849; x_wconf 85' lang='lat' dir='ltr'><strong>puram</strong></span> <span class='ocrx_word' id='word_1_537' title='bbox 3070 2775 3127 2830; x_wconf 92' lang='lat' dir='ltr'><strong>et</strong></span> <span class='ocrx_word' id='word_1_538' title='bbox 3147 2785 3348 2830; x_wconf 86' lang='lat' dir='ltr'><strong>veram</strong></span> <span class='ocrx_word' id='word_1_539' title='bbox 3375 2767 3549 2829; x_wconf 85' lang='lat' dir='ltr'><strong>ﬁdem</strong></span> <span class='ocrx_word' id='word_1_540' title='bbox 3577 2769 3694 2830; x_wconf 85' lang='lat' dir='ltr'><strong>ele—</strong></span> 
     </span>
    </p>
   </div>
   <div class='ocr_carea' id='block_1_75' title="bbox 2050 2857 3690 2938">
    <p class='ocr_par' dir='ltr' id='par_1_75' title="bbox 2050 2857 3690 2938">
     <span class='ocr_line' id='line_1_75' title="bbox 2050 2857 3690 2938; baseline 0.001 -19"><span class='ocrx_word' id='word_1_541' title='bbox 2050 2858 2107 2936; x_wconf 87' lang='lat' dir='ltr'><strong>gi</strong></span> <span class='ocrx_word' id='word_1_542' title='bbox 2136 2859 2630 2923; x_wconf 87' lang='lat' dir='ltr'><strong>Christianorum.</strong></span> <span class='ocrx_word' id='word_1_543' title='bbox 2666 2857 3070 2933; x_wconf 83' lang='lat' dir='ltr'><strong>Quamobrem</strong></span> <span class='ocrx_word' id='word_1_544' title='bbox 3096 2857 3146 2918; x_wconf 90' lang='lat' dir='ltr'><strong>si</strong></span> <span class='ocrx_word' id='word_1_545' title='bbox 3169 2857 3313 2938; x_wconf 90' lang='lat' dir='ltr'><strong>quid</strong></span> <span class='ocrx_word' id='word_1_546' title='bbox 3347 2857 3455 2918; x_wconf 90' lang='lat' dir='ltr'><strong>tibi</strong></span> <span class='ocrx_word' id='word_1_547' title='bbox 3486 2867 3690 2921; x_wconf 89' lang='lat' dir='ltr'><strong>contra</strong></span> 
     </span>
    </p>
   </div>
   <div class='ocr_carea' id='block_1_76' title="bbox 2051 2947 3693 3030">
    <p class='ocr_par' dir='ltr' id='par_1_76' title="bbox 2051 2947 3693 3030">
     <span class='ocr_line' id='line_1_76' title="bbox 2051 2947 3693 3030; baseline -0.001 -21"><span class='ocrx_word' id='word_1_548' title='bbox 2051 2967 2160 3010; x_wconf 91' lang='lat' dir='ltr'><strong>nos</strong></span> <span class='ocrx_word' id='word_1_549' title='bbox 2195 2953 2550 3026; x_wconf 87' lang='lat' dir='ltr'><strong>permissum</strong></span> <span class='ocrx_word' id='word_1_550' title='bbox 2583 2957 2672 3011; x_wconf 90' lang='lat' dir='ltr'><strong>est</strong></span> <span class='ocrx_word' id='word_1_551' title='bbox 2727 2949 2799 3011; x_wconf 88' lang='lat' dir='ltr'><strong>ab</strong></span> <span class='ocrx_word' id='word_1_552' title='bbox 2857 2949 3243 3030; x_wconf 87' lang='lat' dir='ltr'><strong>imperatore,</strong></span> <span class='ocrx_word' id='word_1_553' title='bbox 3277 2965 3354 3010; x_wconf 89' lang='lat' dir='ltr'><strong>ne</strong></span> <span class='ocrx_word' id='word_1_554' title='bbox 3385 2947 3468 3010; x_wconf 89' lang='lat' dir='ltr'><strong>sis</strong></span> <span class='ocrx_word' id='word_1_555' title='bbox 3495 2948 3693 3028; x_wconf 90' lang='lat' dir='ltr'><strong>negli-</strong></span> 
     </span>
    </p>
   </div>
   <div class='ocr_carea' id='block_1_77' title="bbox 2050 3056 2218 3118">
    <p class='ocr_par' dir='ltr' id='par_1_77' title="bbox 2050 3056 2218 3118">
     <span class='ocr_line' id='line_1_77' title="bbox 2050 3056 2218 3118; baseline 0.012 -18"><span class='ocrx_word' id='word_1_556' title='bbox 2050 3056 2218 3118; x_wconf 89' lang='lat' dir='ltr'><strong>gens.</strong></span> 
     </span>
    </p>
   </div>
   <div class='ocr_carea' id='block_1_78' title="bbox 2130 3126 3704 3207">
    <p class='ocr_par' dir='ltr' id='par_1_78' title="bbox 2130 3126 3704 3207">
     <span class='ocr_line' id='line_1_78' title="bbox 2130 3126 3704 3207; baseline -0.001 -17"><span class='ocrx_word' id='word_1_557' title='bbox 2130 3126 2230 3190; x_wconf 80' lang='lat' dir='ltr'><strong>Vl.</strong></span> <span class='ocrx_word' id='word_1_558' title='bbox 2267 3129 2477 3192; x_wconf 87' lang='lat' dir='ltr'><strong>Statim</strong></span> <span class='ocrx_word' id='word_1_559' title='bbox 2512 3147 2651 3207; x_wconf 87' lang='lat' dir='ltr'><strong>ergo</strong></span> <span class='ocrx_word' id='word_1_560' title='bbox 2684 3146 2817 3190; x_wconf 90' lang='lat' dir='ltr'><strong>cum</strong></span> <span class='ocrx_word' id='word_1_561' title='bbox 2850 3127 2937 3189; x_wconf 94' lang='lat' dir='ltr'><strong>illi</strong></span> <span class='ocrx_word' id='word_1_562' title='bbox 2983 3127 3216 3207; x_wconf 81' lang='lat' dir='ltr'><strong>jamdiu</strong></span> <span class='ocrx_word' id='word_1_563' title='bbox 3265 3132 3704 3189; x_wconf 89' lang='lat' dir='ltr'><strong>intumesceret</strong></span> 
     </span>
    </p>
   </div>
   <div class='ocr_carea' id='block_1_79' title="bbox 2052 3217 3698 3298">
    <p class='ocr_par' dir='ltr' id='par_1_79' title="bbox 2052 3217 3698 3298">
     <span class='ocr_line' id='line_1_79' title="bbox 2052 3217 3698 3298; baseline 0 -20"><span class='ocrx_word' id='word_1_564' title='bbox 2052 3219 2729 3294; x_wconf 87' lang='lat' dir='ltr'><strong>animus,adolescentes</strong></span> <span class='ocrx_word' id='word_1_565' title='bbox 2749 3219 2974 3298; x_wconf 86' lang='lat' dir='ltr'><strong>aliquot</strong></span> <span class='ocrx_word' id='word_1_566' title='bbox 2998 3235 3174 3279; x_wconf 85' lang='lat' dir='ltr'><strong>manu</strong></span> <span class='ocrx_word' id='word_1_567' title='bbox 3195 3217 3484 3298; x_wconf 85' lang='lat' dir='ltr'><strong>valentes,</strong></span> <span class='ocrx_word' id='word_1_568' title='bbox 3516 3217 3698 3278; x_wconf 88' lang='lat' dir='ltr'><strong>vehe-</strong></span> 
     </span>
    </p>
   </div>
   <div class='ocr_carea' id='block_1_80' title="bbox 2054 3308 3698 3390">
    <p class='ocr_par' dir='ltr' id='par_1_80' title="bbox 2054 3308 3698 3390">
     <span class='ocr_line' id='line_1_80' title="bbox 2054 3308 3698 3390; baseline 0 -21"><span class='ocrx_word' id='word_1_569' title='bbox 2054 3315 2288 3371; x_wconf 91' lang='lat' dir='ltr'><strong>menter</strong></span> <span class='ocrx_word' id='word_1_570' title='bbox 2317 3309 2693 3385; x_wconf 87' lang='lat' dir='ltr'><strong>insultantes,</strong></span> <span class='ocrx_word' id='word_1_571' title='bbox 2721 3309 2902 3388; x_wconf 87' lang='lat' dir='ltr'><strong>jussit</strong></span> <span class='ocrx_word' id='word_1_572' title='bbox 2931 3310 3146 3390; x_wconf 81' lang='lat' dir='ltr'><strong>pugnis</strong></span> <span class='ocrx_word' id='word_1_573' title='bbox 3195 3308 3426 3370; x_wconf 65' lang='lat' dir='ltr'><strong>casdere</strong></span> <span class='ocrx_word' id='word_1_574' title='bbox 3479 3316 3698 3389; x_wconf 75' lang='lat' dir='ltr'><strong>marty-</strong></span> 
     </span>
    </p>
   </div>
   <div class='ocr_carea' id='block_1_81' title="bbox 2052 3397 3702 3460">
    <p class='ocr_par' dir='ltr' id='par_1_81' title="bbox 2052 3397 3702 3460">
     <span class='ocr_line' id='line_1_81' title="bbox 2052 3397 3702 3460; baseline 0.001 -1"><span class='ocrx_word' id='word_1_575' title='bbox 2052 3415 2204 3459; x_wconf 85' lang='lat' dir='ltr'><strong>rem.</strong></span> <span class='ocrx_word' id='word_1_576' title='bbox 2240 3398 2468 3460; x_wconf 90' lang='lat' dir='ltr'><strong>Deinde</strong></span> <span class='ocrx_word' id='word_1_577' title='bbox 2496 3417 2627 3460; x_wconf 88' lang='lat' dir='ltr'><strong>cum</strong></span> <span class='ocrx_word' id='word_1_578' title='bbox 2669 3418 2806 3460; x_wconf 92' lang='lat' dir='ltr'><strong>eum</strong></span> <span class='ocrx_word' id='word_1_579' title='bbox 2828 3398 2974 3460; x_wconf 90' lang='lat' dir='ltr'><strong>loris</strong></span> <span class='ocrx_word' id='word_1_580' title='bbox 2997 3417 3030 3460; x_wconf 93' lang='lat' dir='ltr'><strong>e</strong></span> <span class='ocrx_word' id='word_1_581' title='bbox 3053 3401 3304 3460; x_wconf 90' lang='lat' dir='ltr'><strong>summis</strong></span> <span class='ocrx_word' id='word_1_582' title='bbox 3334 3397 3611 3460; x_wconf 85' lang='lat' dir='ltr'><strong>manibus</strong></span> <span class='ocrx_word' id='word_1_583' title='bbox 3639 3407 3702 3460; x_wconf 92' lang='lat' dir='ltr'><strong>et</strong></span> 
     </span>
    </p>
   </div>
   <div class='ocr_carea' id='block_1_82' title="bbox 2055 3488 3702 3568">
    <p class='ocr_par' dir='ltr' id='par_1_82' title="bbox 2055 3488 3702 3568">
     <span class='ocr_line' id='line_1_82' title="bbox 2055 3488 3702 3568; baseline 0.003 -24"><span class='ocrx_word' id='word_1_584' title='bbox 2055 3488 2308 3568; x_wconf 78' lang='lat' dir='ltr'><strong>pedibus</strong></span> <span class='ocrx_word' id='word_1_585' title='bbox 2365 3489 2596 3550; x_wconf 84' lang='lat' dir='ltr'><strong>fortiter</strong></span> <span class='ocrx_word' id='word_1_586' title='bbox 2651 3490 3014 3568; x_wconf 88' lang='lat' dir='ltr'><strong>alligassent,</strong></span> <span class='ocrx_word' id='word_1_587' title='bbox 3076 3488 3360 3565; x_wconf 86' lang='lat' dir='ltr'><strong>utrinque</strong></span> <span class='ocrx_word' id='word_1_588' title='bbox 3408 3488 3702 3550; x_wconf 88' lang='lat' dir='ltr'><strong>violenter</strong></span> 
     </span>
    </p>
   </div>
   <div class='ocr_carea' id='block_1_83' title="bbox 2054 3578 3700 3659">
    <p class='ocr_par' dir='ltr' id='par_1_83' title="bbox 2054 3578 3700 3659">
     <span class='ocr_line' id='line_1_83' title="bbox 2054 3578 3700 3659; baseline 0.001 -21"><span class='ocrx_word' id='word_1_589' title='bbox 2054 3578 2390 3659; x_wconf 84' lang='lat' dir='ltr'><strong>trahebant,</strong></span> <span class='ocrx_word' id='word_1_590' title='bbox 2423 3579 2572 3640; x_wconf 91' lang='lat' dir='ltr'><strong>adeo</strong></span> <span class='ocrx_word' id='word_1_591' title='bbox 2604 3586 2667 3639; x_wconf 89' lang='lat' dir='ltr'><strong>ut</strong></span> <span class='ocrx_word' id='word_1_592' title='bbox 2693 3579 2749 3640; x_wconf 90' lang='lat' dir='ltr'><strong>ei</strong></span> <span class='ocrx_word' id='word_1_593' title='bbox 2778 3579 3150 3640; x_wconf 85' lang='lat' dir='ltr'><strong>solverentur</strong></span> <span class='ocrx_word' id='word_1_594' title='bbox 3203 3595 3521 3658; x_wconf 88' lang='lat' dir='ltr'><strong>compages</strong></span> <span class='ocrx_word' id='word_1_595' title='bbox 3545 3579 3700 3639; x_wconf 86' lang='lat' dir='ltr'><strong>arti-</strong></span> 
     </span>
    </p>
   </div>
   <div class='ocr_carea' id='block_1_84' title="bbox 2055 3665 3703 3748">
    <p class='ocr_par' dir='ltr' id='par_1_84' title="bbox 2055 3665 3703 3748">
     <span class='ocr_line' id='line_1_84' title="bbox 2055 3665 3703 3748; baseline 0 -20"><span class='ocrx_word' id='word_1_596' title='bbox 2055 3667 2856 3748; x_wconf 89' lang='lat' dir='ltr'><strong>culorum,membratimque</strong></span> <span class='ocrx_word' id='word_1_597' title='bbox 2887 3677 2944 3729; x_wconf 91' lang='lat' dir='ltr'><strong>et</strong></span> <span class='ocrx_word' id='word_1_598' title='bbox 2967 3665 3362 3747; x_wconf 88' lang='lat' dir='ltr'><strong>particulatim</strong></span> <span class='ocrx_word' id='word_1_599' title='bbox 3395 3667 3445 3726; x_wconf 91' lang='lat' dir='ltr'><strong>is</strong></span> <span class='ocrx_word' id='word_1_600' title='bbox 3469 3666 3703 3728; x_wconf 89' lang='lat' dir='ltr'><strong>discer-</strong></span> 
     </span>
    </p>
   </div>
   <div class='ocr_carea' id='block_1_85' title="bbox 2057 3754 3700 3835">
    <p class='ocr_par' dir='ltr' id='par_1_85' title="bbox 2057 3754 3700 3835">
     <span class='ocr_line' id='line_1_85' title="bbox 2057 3754 3700 3835; baseline 0.001 -18"><span class='ocrx_word' id='word_1_601' title='bbox 2057 3762 2320 3835; x_wconf 90' lang='lat' dir='ltr'><strong>peretur.</strong></span> <span class='ocrx_word' id='word_1_602' title='bbox 2355 3754 2463 3816; x_wconf 92' lang='lat' dir='ltr'><strong>Ille</strong></span> <span class='ocrx_word' id='word_1_603' title='bbox 2519 3765 2716 3817; x_wconf 90' lang='lat' dir='ltr'><strong>autem</strong></span> <span class='ocrx_word' id='word_1_604' title='bbox 2777 3756 3014 3817; x_wconf 88' lang='lat' dir='ltr'><strong>etiamsi</strong></span> <span class='ocrx_word' id='word_1_605' title='bbox 3061 3757 3191 3817; x_wconf 66' lang='lat' dir='ltr'><strong>haec</strong></span> <span class='ocrx_word' id='word_1_606' title='bbox 3225 3763 3546 3834; x_wconf 88' lang='lat' dir='ltr'><strong>pateretur,</strong></span> <span class='ocrx_word' id='word_1_607' title='bbox 3581 3775 3700 3818; x_wconf 86' lang='lat' dir='ltr'><strong>non</strong></span> 
     </span>
    </p>
   </div>
   <div class='ocr_carea' id='block_1_86' title="bbox 2059 3844 3698 3925">
    <p class='ocr_par' dir='ltr' id='par_1_86' title="bbox 2059 3844 3698 3925">
     <span class='ocr_line' id='line_1_86' title="bbox 2059 3844 3698 3925; baseline 0.001 -20"><span class='ocrx_word' id='word_1_608' title='bbox 2059 3844 2237 3906; x_wconf 92' lang='lat' dir='ltr'><strong>modo</strong></span> <span class='ocrx_word' id='word_1_609' title='bbox 2269 3845 2428 3906; x_wconf 87' lang='lat' dir='ltr'><strong>vultu</strong></span> <span class='ocrx_word' id='word_1_610' title='bbox 2456 3846 2684 3908; x_wconf 93' lang='lat' dir='ltr'><strong>nullum</strong></span> <span class='ocrx_word' id='word_1_611' title='bbox 2739 3845 2976 3924; x_wconf 88' lang='lat' dir='ltr'><strong>signum</strong></span> <span class='ocrx_word' id='word_1_612' title='bbox 3025 3846 3249 3906; x_wconf 88' lang='lat' dir='ltr'><strong>doloris</strong></span> <span class='ocrx_word' id='word_1_613' title='bbox 3288 3862 3416 3925; x_wconf 26' lang='lat' dir='ltr'><strong>[praa</strong></span> <span class='ocrx_word' id='word_1_614' title='bbox 3447 3863 3512 3907; x_wconf 90' lang='lat' dir='ltr'><strong>se</strong></span> <span class='ocrx_word' id='word_1_615' title='bbox 3544 3846 3698 3921; x_wconf 89' lang='lat' dir='ltr'><strong>tulit,</strong></span> 
     </span>
    </p>
   </div>
   <div class='ocr_carea' id='block_1_87' title="bbox 2057 3933 3706 4016">
    <p class='ocr_par' dir='ltr' id='par_1_87' title="bbox 2057 3933 3706 4016">
     <span class='ocr_line' id='line_1_87' title="bbox 2057 3933 3706 4016; baseline 0.002 -22"><span class='ocrx_word' id='word_1_616' title='bbox 2057 3934 2162 3995; x_wconf 88' lang='lat' dir='ltr'><strong>sed</strong></span> <span class='ocrx_word' id='word_1_617' title='bbox 2181 3935 2456 3996; x_wconf 77' lang='lat' dir='ltr'><strong>visus‘est</strong></span> <span class='ocrx_word' id='word_1_618' title='bbox 2479 3935 2677 4016; x_wconf 88' lang='lat' dir='ltr'><strong>potius</strong></span> <span class='ocrx_word' id='word_1_619' title='bbox 2701 3935 2916 4016; x_wconf 54' lang='lat' dir='ltr'><strong>latior,</strong></span> <span class='ocrx_word' id='word_1_620' title='bbox 2941 3933 3417 4015; x_wconf 80' lang='lat' dir='ltr'><strong>florentibusque</strong></span> <span class='ocrx_word' id='word_1_621' title='bbox 3440 3935 3608 4014; x_wconf 88' lang='lat' dir='ltr'><strong>genis</strong></span> <span class='ocrx_word' id='word_1_622' title='bbox 3637 3953 3706 3997; x_wconf 89' lang='lat' dir='ltr'><strong>ac</strong></span> 
     </span>
    </p>
   </div>
   <div class='ocr_carea' id='block_1_88' title="bbox 2059 4024 3706 4106">
    <p class='ocr_par' dir='ltr' id='par_1_88' title="bbox 2059 4024 3706 4106">
     <span class='ocr_line' id='line_1_88' title="bbox 2059 4024 3706 4106; baseline 0.001 -21"><span class='ocrx_word' id='word_1_623' title='bbox 2059 4025 2396 4106; x_wconf 86' lang='lat' dir='ltr'><strong>purpureis.</strong></span> <span class='ocrx_word' id='word_1_624' title='bbox 2432 4024 2557 4097; x_wconf 87' lang='lat' dir='ltr'><strong>Qua</strong></span> <span class='ocrx_word' id='word_1_625' title='bbox 2618 4025 2693 4087; x_wconf 92' lang='lat' dir='ltr'><strong>de</strong></span> <span class='ocrx_word' id='word_1_626' title='bbox 2742 4043 2920 4088; x_wconf 87' lang='lat' dir='ltr'><strong>causa</strong></span> <span class='ocrx_word' id='word_1_627' title='bbox 2972 4026 3085 4087; x_wconf 89' lang='lat' dir='ltr'><strong>hoc</strong></span> <span class='ocrx_word' id='word_1_628' title='bbox 3138 4043 3256 4086; x_wconf 91' lang='lat' dir='ltr'><strong>non</strong></span> <span class='ocrx_word' id='word_1_629' title='bbox 3309 4025 3584 4087; x_wconf 83' lang='lat' dir='ltr'><strong>sufficere</strong></span> <span class='ocrx_word' id='word_1_630' title='bbox 3634 4025 3706 4087; x_wconf 87' lang='lat' dir='ltr'><strong>ad</strong></span> 
     </span>
    </p>
   </div>
   <div class='ocr_carea' id='block_1_89' title="bbox 2056 4113 3698 4196">
    <p class='ocr_par' dir='ltr' id='par_1_89' title="bbox 2056 4113 3698 4196">
     <span class='ocr_line' id='line_1_89' title="bbox 2056 4113 3698 4196; baseline 0 -20"><span class='ocrx_word' id='word_1_631' title='bbox 2056 4114 2382 4177; x_wconf 90' lang='lat' dir='ltr'><strong>cruciatum</strong></span> <span class='ocrx_word' id='word_1_632' title='bbox 2403 4115 2508 4178; x_wconf 89' lang='lat' dir='ltr'><strong>illa</strong></span> <span class='ocrx_word' id='word_1_633' title='bbox 2545 4113 2794 4178; x_wconf 92' lang='lat' dir='ltr'><strong>immitis</strong></span> <span class='ocrx_word' id='word_1_634' title='bbox 2826 4115 3170 4190; x_wconf 89' lang='lat' dir='ltr'><strong>arbitratus,</strong></span> <span class='ocrx_word' id='word_1_635' title='bbox 3207 4124 3267 4178; x_wconf 91' lang='lat' dir='ltr'><strong>et</strong></span> <span class='ocrx_word' id='word_1_636' title='bbox 3296 4114 3517 4196; x_wconf 85' lang='lat' dir='ltr'><strong>alioqui</strong></span> <span class='ocrx_word' id='word_1_637' title='bbox 3545 4115 3698 4176; x_wconf 82' lang='lat' dir='ltr'><strong>invi-</strong></span> 
     </span>
    </p>
   </div>
   <div class='ocr_carea' id='block_1_90' title="bbox 2057 4205 3693 4285">
    <p class='ocr_par' dir='ltr' id='par_1_90' title="bbox 2057 4205 3693 4285">
     <span class='ocr_line' id='line_1_90' title="bbox 2057 4205 3693 4285; baseline 0 -19"><span class='ocrx_word' id='word_1_638' title='bbox 2057 4206 2210 4266; x_wconf 89' lang='lat' dir='ltr'><strong>dens</strong></span> <span class='ocrx_word' id='word_1_639' title='bbox 2235 4205 2525 4267; x_wconf 89' lang='lat' dir='ltr'><strong>alacritati</strong></span> <span class='ocrx_word' id='word_1_640' title='bbox 2577 4213 2636 4266; x_wconf 91' lang='lat' dir='ltr'><strong>et</strong></span> <span class='ocrx_word' id='word_1_641' title='bbox 2685 4206 2821 4267; x_wconf 84' lang='lat' dir='ltr'><strong>flori</strong></span> <span class='ocrx_word' id='word_1_642' title='bbox 2852 4206 3070 4280; x_wconf 88' lang='lat' dir='ltr'><strong>vultus,</strong></span> <span class='ocrx_word' id='word_1_643' title='bbox 3105 4214 3420 4284; x_wconf 83' lang='lat' dir='ltr'><strong>martyrem</strong></span> <span class='ocrx_word' id='word_1_644' title='bbox 3454 4205 3693 4285; x_wconf 87' lang='lat' dir='ltr'><strong>quidem</strong></span> 
     </span>
    </p>
   </div>
   <div class='ocr_carea' id='block_1_91' title="bbox 2057 4294 3696 4374">
    <p class='ocr_par' dir='ltr' id='par_1_91' title="bbox 2057 4294 3696 4374">
     <span class='ocr_line' id='line_1_91' title="bbox 2057 4294 3696 4374; baseline -0.001 -18"><span class='ocrx_word' id='word_1_645' title='bbox 2057 4295 2290 4356; x_wconf 91' lang='lat' dir='ltr'><strong>solvite</strong></span> <span class='ocrx_word' id='word_1_646' title='bbox 2330 4295 2622 4372; x_wconf 83' lang='lat' dir='ltr'><strong>vinculis;</strong></span> <span class='ocrx_word' id='word_1_647' title='bbox 2657 4298 2795 4358; x_wconf 87' lang='lat' dir='ltr'><strong>cilia</strong></span> <span class='ocrx_word' id='word_1_648' title='bbox 2851 4312 2992 4358; x_wconf 88' lang='lat' dir='ltr'><strong>vero</strong></span> <span class='ocrx_word' id='word_1_649' title='bbox 3020 4303 3077 4356; x_wconf 91' lang='lat' dir='ltr'><strong>et</strong></span> <span class='ocrx_word' id='word_1_650' title='bbox 3111 4295 3314 4356; x_wconf 91' lang='lat' dir='ltr'><strong>oculos</strong></span> <span class='ocrx_word' id='word_1_651' title='bbox 3339 4294 3511 4374; x_wconf 87' lang='lat' dir='ltr'><strong>jubet</strong></span> <span class='ocrx_word' id='word_1_652' title='bbox 3539 4295 3696 4356; x_wconf 88' lang='lat' dir='ltr'><strong>ferro</strong></span> 
     </span>
    </p>
   </div>
   <div class='ocr_carea' id='block_1_92' title="bbox 2059 4383 3695 4465">
    <p class='ocr_par' dir='ltr' id='par_1_92' title="bbox 2059 4383 3695 4465">
     <span class='ocr_line' id='line_1_92' title="bbox 2059 4383 3695 4465; baseline -0.001 -18"><span class='ocrx_word' id='word_1_653' title='bbox 2059 4385 2319 4448; x_wconf 88' lang='lat' dir='ltr'><strong>confodi.</strong></span> <span class='ocrx_word' id='word_1_654' title='bbox 2353 4384 2478 4448; x_wconf 89' lang='lat' dir='ltr'><strong>Hoc</strong></span> <span class='ocrx_word' id='word_1_655' title='bbox 2528 4393 2723 4448; x_wconf 83' lang='lat' dir='ltr'><strong>autem</strong></span> <span class='ocrx_word' id='word_1_656' title='bbox 2785 4387 2935 4448; x_wconf 88' lang='lat' dir='ltr'><strong>facto</strong></span> <span class='ocrx_word' id='word_1_657' title='bbox 2991 4385 3174 4447; x_wconf 91' lang='lat' dir='ltr'><strong>veluti</strong></span> <span class='ocrx_word' id='word_1_658' title='bbox 3217 4383 3413 4445; x_wconf 89' lang='lat' dir='ltr'><strong>divina</strong></span> <span class='ocrx_word' id='word_1_659' title='bbox 3441 4384 3695 4465; x_wconf 88' lang='lat' dir='ltr'><strong>quadam</strong></span> 
     </span>
    </p>
   </div>
   <div class='ocr_carea' id='block_1_93' title="bbox 2058 4473 3701 4558">
    <p class='ocr_par' dir='ltr' id='par_1_93' title="bbox 2058 4473 3701 4558">
     <span class='ocr_line' id='line_1_93' title="bbox 2058 4473 3701 4558; baseline -0.002 -21"><span class='ocrx_word' id='word_1_660' title='bbox 2058 4475 2306 4537; x_wconf 87' lang='lat' dir='ltr'><strong>audacia</strong></span> <span class='ocrx_word' id='word_1_661' title='bbox 2341 4476 2603 4555; x_wconf 84' lang='lat' dir='ltr'><strong>repletus</strong></span> <span class='ocrx_word' id='word_1_662' title='bbox 2624 4475 3230 4558; x_wconf 77' lang='lat' dir='ltr'><strong>Thyrsus,praesidem</strong></span> <span class='ocrx_word' id='word_1_663' title='bbox 3259 4473 3471 4554; x_wconf 87' lang='lat' dir='ltr'><strong>majori</strong></span> <span class='ocrx_word' id='word_1_664' title='bbox 3493 4493 3701 4554; x_wconf 83' lang='lat' dir='ltr'><strong>argue-</strong></span> 
     </span>
    </p>
   </div>
   <div class='ocr_carea' id='block_1_94' title="bbox 338 4551 1981 4647">
    <p class='ocr_par' dir='ltr' id='par_1_94' title="bbox 338 4551 1974 4647">
     <span class='ocr_line' id='line_1_94' title="bbox 338 4551 1974 4647; baseline 0.006 -34"><span class='ocrx_word' id='word_1_665' title='bbox 445 4561 658 4639; x_wconf 85' lang='grc' dir='ltr'>Θύρσος,</span> <span class='ocrx_word' id='word_1_666' title='bbox 737 4551 960 4641; x_wconf 83' lang='grc' dir='ltr'>θάρσους</span> <span class='ocrx_word' id='word_1_667' title='bbox 1051 4562 1434 4644; x_wconf 79' lang='grc' dir='ltr'>ὑποπλησθεὶς,</span> <span class='ocrx_word' id='word_1_668' title='bbox 1513 4565 1648 4640; x_wconf 84' lang='grc' dir='ltr'><strong>μετά</strong></span> <span class='ocrx_word' id='word_1_669' title='bbox 1729 4551 1974 4627; x_wconf 84' lang='grc' dir='ltr'>πλείονος</span> 
     </span>
    </p>
   </div>
   <div class='ocr_carea' id='block_1_95' title="bbox 2053 4551 3701 4647">
    <p class='ocr_par' dir='ltr' id='par_1_95' title="bbox 2059 4551 3701 4647">
     <span class='ocr_line' id='line_1_95' title="bbox 2059 4551 3701 4647; baseline -0.001 -20"><span class='ocrx_word' id='word_1_670' title='bbox 2059 4561 2162 4627; x_wconf 90' lang='lat' dir='ltr'><strong>bat</strong></span> <span class='ocrx_word' id='word_1_671' title='bbox 2191 4551 2494 4640; x_wconf 79' lang='lat' dir='ltr'><strong>libertate,</strong></span> <span class='ocrx_word' id='word_1_672' title='bbox 2529 4574 2588 4627; x_wconf 92' lang='lat' dir='ltr'><strong>et</strong></span> <span class='ocrx_word' id='word_1_673' title='bbox 2618 4567 2690 4628; x_wconf 88' lang='lat' dir='ltr'><strong>iis</strong></span> <span class='ocrx_word' id='word_1_674' title='bbox 2719 4551 2850 4647; x_wconf 68' lang='lat' dir='ltr'><strong>qua:</strong></span> <span class='ocrx_word' id='word_1_675' title='bbox 2879 4551 2952 4627; x_wconf 87' lang='lat' dir='ltr'><strong>ab</strong></span> <span class='ocrx_word' id='word_1_676' title='bbox 2977 4566 3076 4626; x_wconf 90' lang='lat' dir='ltr'><strong>illo</strong></span> <span class='ocrx_word' id='word_1_677' title='bbox 3101 4551 3452 4646; x_wconf 80' lang='lat' dir='ltr'><strong>patiebatur,</strong></span> <span class='ocrx_word' id='word_1_678' title='bbox 3486 4551 3701 4627; x_wconf 80' lang='lat' dir='ltr'><strong>uteba-</strong></span> 
     </span>
    </p>
   </div>
   <div class='ocr_carea' id='block_1_96' title="bbox 342 4644 1978 4732">
    <p class='ocr_par' dir='ltr' id='par_1_96' title="bbox 342 4644 1978 4732">
     <span class='ocr_line' id='line_1_96' title="bbox 342 4644 1978 4732; baseline 0.006 -30"><span class='ocrx_word' id='word_1_679' title='bbox 342 4644 546 4727; x_wconf 72' lang='grc' dir='ltr'>ἤλεγχε</span> <span class='ocrx_word' id='word_1_680' title='bbox 599 4648 800 4725; x_wconf 82' lang='grc' dir='ltr'>μᾶλλον</span> <span class='ocrx_word' id='word_1_681' title='bbox 855 4653 950 4708; x_wconf 82' lang='grc' dir='ltr'><strong>τὸν</strong></span> <span class='ocrx_word' id='word_1_682' title='bbox 1009 4653 1252 4732; x_wconf 76' lang='grc' dir='ltr'>ὴγεμόνα</span> <span class='ocrx_word' id='word_1_683' title='bbox 1321 4658 1418 4720; x_wconf 78' lang='grc' dir='ltr'><strong>τῆς</strong></span> <span class='ocrx_word' id='word_1_684' title='bbox 1502 4653 1814 4732; x_wconf 75' lang='grc' dir='ltr'>παρρησίας,</span> <span class='ocrx_word' id='word_1_685' title='bbox 1889 4654 1978 4711; x_wconf 78' lang='grc' dir='ltr'><strong>καὶ</strong></span> 
     </span>
    </p>
   </div>
   <div class='ocr_carea' id='block_1_97' title="bbox 339 4735 1977 4824">
    <p class='ocr_par' dir='ltr' id='par_1_97' title="bbox 339 4735 1977 4824">
     <span class='ocr_line' id='line_1_97' title="bbox 339 4735 1977 4824; baseline 0.004 -32"><span class='ocrx_word' id='word_1_686' title='bbox 339 4735 426 4802; x_wconf 84' lang='grc' dir='ltr'>οἶς</span> <span class='ocrx_word' id='word_1_687' title='bbox 482 4737 686 4820; x_wconf 82' lang='grc' dir='ltr'>ἔπασχε</span> <span class='ocrx_word' id='word_1_688' title='bbox 717 4740 846 4821; x_wconf 81' lang='grc' dir='ltr'>παρ’</span> <span class='ocrx_word' id='word_1_689' title='bbox 887 4740 1109 4822; x_wconf 85' lang='grc' dir='ltr'>ἐκείνου,</span> <span class='ocrx_word' id='word_1_690' title='bbox 1157 4744 1288 4822; x_wconf 79' lang='grc' dir='ltr'>πρὸς</span> <span class='ocrx_word' id='word_1_691' title='bbox 1327 4741 1592 4809; x_wconf 78' lang='grc' dir='ltr'>ἀπόδειξιν</span> <span class='ocrx_word' id='word_1_692' title='bbox 1635 4747 1842 4824; x_wconf 72' lang='grc' dir='ltr'>ἐχρῆτο</span> <span class='ocrx_word' id='word_1_693' title='bbox 1869 4751 1977 4801; x_wconf 87' lang='grc' dir='ltr'><strong>τῶν</strong></span> 
     </span>
    </p>
   </div>
   <div class='ocr_carea' id='block_1_98' title="bbox 333 4824 1974 4914">
    <p class='ocr_par' dir='ltr' id='par_1_98' title="bbox 333 4824 1974 4914">
     <span class='ocr_line' id='line_1_98' title="bbox 333 4824 1974 4914; baseline 0.004 -31"><span class='ocrx_word' id='word_1_694' title='bbox 333 4824 660 4908; x_wconf 74' lang='grc' dir='ltr'>λεγομένων,</span> <span class='ocrx_word' id='word_1_695' title='bbox 726 4832 1004 4912; x_wconf 87' lang='grc' dir='ltr'>Πρόσσχες</span> <span class='ocrx_word' id='word_1_696' title='bbox 1064 4831 1152 4889; x_wconf 71' lang='grc' dir='ltr'>ἐπ’</span> <span class='ocrx_word' id='word_1_697' title='bbox 1207 4833 1328 4909; x_wconf 78' lang='grc' dir='ltr'>ἐμὲ,</span> <span class='ocrx_word' id='word_1_698' title='bbox 1385 4832 1583 4914; x_wconf 77' lang='grc' dir='ltr'>λέγων,</span> <span class='ocrx_word' id='word_1_699' title='bbox 1615 4834 1793 4891; x_wconf 69' lang='grc' dir='ltr'>ὅντινα</span> <span class='ocrx_word' id='word_1_700' title='bbox 1826 4835 1886 4890; x_wconf 89' lang='grc' dir='ltr'><strong>τό</strong></span> <span class='ocrx_word' id='word_1_701' title='bbox 1915 4857 1974 4912; x_wconf 88' lang='grc' dir='ltr'><strong>γε</strong></span> 
     </span>
    </p>
   </div>
   <div class='ocr_carea' id='block_1_99' title="bbox 331 4917 1976 5002">
    <p class='ocr_par' dir='ltr' id='par_1_99' title="bbox 331 4917 1976 5002">
     <span class='ocr_line' id='line_1_99' title="bbox 331 4917 1976 5002; baseline 0.005 -29"><span class='ocrx_word' id='word_1_702' title='bbox 331 4917 406 4982; x_wconf 77' lang='grc' dir='ltr'><strong>εἰς</strong></span> <span class='ocrx_word' id='word_1_703' title='bbox 457 4918 517 4975; x_wconf 79' lang='grc' dir='ltr'>σὲ</span> <span class='ocrx_word' id='word_1_704' title='bbox 568 4919 701 4986; x_wconf 75' lang='grc' dir='ltr'>ἧκον</span> <span class='ocrx_word' id='word_1_705' title='bbox 757 4923 962 5000; x_wconf 87' lang='grc' dir='ltr'>μυρίοις</span> <span class='ocrx_word' id='word_1_706' title='bbox 1017 4921 1313 5002; x_wconf 85' lang='grc' dir='ltr'>παραδίδως</span> <span class='ocrx_word' id='word_1_707' title='bbox 1380 4925 1648 4998; x_wconf 75' lang='grc' dir='ltr'>θανάτοις,</span> <span class='ocrx_word' id='word_1_708' title='bbox 1723 4925 1815 4980; x_wconf 86' lang='grc' dir='ltr'><strong>καί</strong></span> <span class='ocrx_word' id='word_1_709' title='bbox 1876 4927 1976 4992; x_wconf 78' lang='grc' dir='ltr'>τὴν</span> 
     </span>
    </p>
   </div>
   <div class='ocr_carea' id='block_1_100' title="bbox 329 5006 1976 5091">
    <p class='ocr_par' dir='ltr' id='par_1_100' title="bbox 329 5006 1976 5091">
     <span class='ocr_line' id='line_1_100' title="bbox 329 5006 1976 5091; baseline 0.005 -28"><span class='ocrx_word' id='word_1_710' title='bbox 329 5006 535 5088; x_wconf 74' lang='grc' dir='ltr'>ἄφατον</span> <span class='ocrx_word' id='word_1_711' title='bbox 571 5008 664 5065; x_wconf 74' lang='grc' dir='ltr'><strong>τοῦ</strong></span> <span class='ocrx_word' id='word_1_712' title='bbox 706 5010 837 5088; x_wconf 81' lang='grc' dir='ltr'>ἐμοῦ</span> <span class='ocrx_word' id='word_1_713' title='bbox 889 5019 1119 5091; x_wconf 79' lang='grc' dir='ltr'>Χριστοῦ</span> <span class='ocrx_word' id='word_1_714' title='bbox 1174 5011 1395 5089; x_wconf 83' lang='grc' dir='ltr'>δύναμιν</span> <span class='ocrx_word' id='word_1_715' title='bbox 1463 5013 1764 5088; x_wconf 78' lang='grc' dir='ltr'>κατανόει,</span> <span class='ocrx_word' id='word_1_716' title='bbox 1830 5013 1976 5077; x_wconf 80' lang='grc' dir='ltr'>ὅπως</span> 
     </span>
    </p>
   </div>
   <div class='ocr_carea' id='block_1_101' title="bbox 325 5098 1976 5180">
    <p class='ocr_par' dir='ltr' id='par_1_101' title="bbox 325 5098 1976 5180">
     <span class='ocr_line' id='line_1_101' title="bbox 325 5098 1976 5180; baseline 0.004 -27"><span class='ocrx_word' id='word_1_717' title='bbox 325 5099 472 5174; x_wconf 81' lang='grc' dir='ltr'>ἡμᾶς</span> <span class='ocrx_word' id='word_1_718' title='bbox 515 5098 738 5176; x_wconf 79' lang='grc' dir='ltr'>θάρσους</span> <span class='ocrx_word' id='word_1_719' title='bbox 795 5100 1374 5180; x_wconf 83' lang='grc' dir='ltr'>ἐμπίπλησι,”δύναμίν</span> <span class='ocrx_word' id='word_1_720' title='bbox 1426 5123 1485 5159; x_wconf 89' lang='grc' dir='ltr'><strong>τε</strong></span> <span class='ocrx_word' id='word_1_721' title='bbox 1538 5104 1815 5179; x_wconf 74' lang='grc' dir='ltr'>οὐρανόθεν</span> <span class='ocrx_word' id='word_1_722' title='bbox 1873 5125 1976 5160; x_wconf 85' lang='grc' dir='ltr'>πε·-</span> 
     </span>
    </p>
   </div>
   <div class='ocr_carea' id='block_1_102' title="bbox 327 5190 1976 5273">
    <p class='ocr_par' dir='ltr' id='par_1_102' title="bbox 327 5190 1976 5273">
     <span class='ocr_line' id='line_1_102' title="bbox 327 5190 1976 5273; baseline 0.004 -30"><span class='ocrx_word' id='word_1_723' title='bbox 327 5193 621 5266; x_wconf 79' lang='grc' dir='ltr'>ριζωννύει,</span> <span class='ocrx_word' id='word_1_724' title='bbox 678 5190 767 5246; x_wconf 78' lang='grc' dir='ltr'><strong>καὶ</strong></span> <span class='ocrx_word' id='word_1_725' title='bbox 821 5196 920 5259; x_wconf 81' lang='grc' dir='ltr'><strong>τῆς</strong></span> <span class='ocrx_word' id='word_1_726' title='bbox 1004 5191 1250 5270; x_wconf 87' lang='grc' dir='ltr'>γλυκείας</span> <span class='ocrx_word' id='word_1_727' title='bbox 1309 5193 1469 5250; x_wconf 76' lang='grc' dir='ltr'>αὐτοῦ</span> <span class='ocrx_word' id='word_1_728' title='bbox 1528 5205 1809 5250; x_wconf 85' lang='grc' dir='ltr'>κοινωνεῖν</span> <span class='ocrx_word' id='word_1_729' title='bbox 1877 5193 1976 5273; x_wconf 78' lang='grc' dir='ltr'>ἐφ-</span> 
     </span>
    </p>
   </div>
   <div class='ocr_carea' id='block_1_103' title="bbox 327 5277 1980 5361">
    <p class='ocr_par' dir='ltr' id='par_1_103' title="bbox 327 5277 1980 5361">
     <span class='ocr_line' id='line_1_103' title="bbox 327 5277 1980 5361; baseline 0.004 -28"><span class='ocrx_word' id='word_1_730' title='bbox 327 5277 472 5344; x_wconf 87' lang='grc' dir='ltr'>ίησιν</span> <span class='ocrx_word' id='word_1_731' title='bbox 528 5278 857 5357; x_wconf 80' lang='grc' dir='ltr'>ὡραιότητος</span> <span class='ocrx_word' id='word_1_732' title='bbox 894 5297 909 5314; x_wconf 85' lang='grc'>⁶</span> <span class='ocrx_word' id='word_1_733' title='bbox 957 5281 1064 5357; x_wconf 72' lang='grc' dir='ltr'>ὅσῳ</span> <span class='ocrx_word' id='word_1_734' title='bbox 1128 5284 1228 5361; x_wconf 81' lang='grc' dir='ltr'>γὰρ</span> <span class='ocrx_word' id='word_1_735' title='bbox 1269 5280 1529 5346; x_wconf 83' lang='grc' dir='ltr'>πλειόνως</span> <span class='ocrx_word' id='word_1_736' title='bbox 1583 5304 1676 5358; x_wconf 86' lang='grc' dir='ltr'><strong>μοι</strong></span> <span class='ocrx_word' id='word_1_737' title='bbox 1719 5283 1780 5339; x_wconf 80' lang='grc' dir='ltr'>τὸ</span> <span class='ocrx_word' id='word_1_738' title='bbox 1821 5289 1980 5359; x_wconf 88' lang='grc' dir='ltr'>σῶμα</span> 
     </span>
    </p>
   </div>
   <div class='ocr_carea' id='block_1_104' title="bbox 325 5365 1979 5452">
    <p class='ocr_par' dir='ltr' id='par_1_104' title="bbox 325 5365 1979 5452">
     <span class='ocr_line' id='line_1_104' title="bbox 325 5365 1979 5452; baseline 0.004 -28"><span class='ocrx_word' id='word_1_739' title='bbox 325 5365 586 5449; x_wconf 75' lang='grc' dir='ltr'>λυμαίνῃ,</span> <span class='ocrx_word' id='word_1_740' title='bbox 646 5371 882 5446; x_wconf 82' lang='grc' dir='ltr'>τοσούτῳ</span> <span class='ocrx_word' id='word_1_741' title='bbox 920 5373 1015 5430; x_wconf 80' lang='grc' dir='ltr'><strong>καὶ</strong></span> <span class='ocrx_word' id='word_1_742' title='bbox 1063 5370 1283 5430; x_wconf 84' lang='grc' dir='ltr'>πλείονά</span> <span class='ocrx_word' id='word_1_743' title='bbox 1340 5395 1432 5449; x_wconf 89' lang='grc' dir='ltr'><strong>μοι</strong></span> <span class='ocrx_word' id='word_1_744' title='bbox 1488 5369 1825 5452; x_wconf 83' lang='grc' dir='ltr'>περιϐάλλεις</span> <span class='ocrx_word' id='word_1_745' title='bbox 1881 5373 1979 5441; x_wconf 73' lang='grc' dir='ltr'>τὴν</span> 
     </span>
    </p>
   </div>
   <div class='ocr_carea' id='block_1_105' title="bbox 2065 4653 3700 4736">
    <p class='ocr_par' dir='ltr' id='par_1_105' title="bbox 2065 4653 3700 4736">
     <span class='ocr_line' id='line_1_105' title="bbox 2065 4653 3700 4736; baseline -0.001 -20"><span class='ocrx_word' id='word_1_746' title='bbox 2065 4663 2162 4717; x_wconf 91' lang='lat' dir='ltr'><strong>tur</strong></span> <span class='ocrx_word' id='word_1_747' title='bbox 2190 4655 2262 4717; x_wconf 89' lang='lat' dir='ltr'><strong>ad</strong></span> <span class='ocrx_word' id='word_1_748' title='bbox 2286 4673 2355 4716; x_wconf 89' lang='lat' dir='ltr'><strong>ea</strong></span> <span class='ocrx_word' id='word_1_749' title='bbox 2386 4655 2715 4736; x_wconf 89' lang='lat' dir='ltr'><strong>probanda,</strong></span> <span class='ocrx_word' id='word_1_750' title='bbox 2751 4675 2884 4734; x_wconf 84' lang='lat' dir='ltr'><strong>quae</strong></span> <span class='ocrx_word' id='word_1_751' title='bbox 2921 4655 2993 4717; x_wconf 91' lang='lat' dir='ltr'><strong>ab</strong></span> <span class='ocrx_word' id='word_1_752' title='bbox 3026 4673 3095 4717; x_wconf 90' lang='lat' dir='ltr'><strong>eo</strong></span> <span class='ocrx_word' id='word_1_753' title='bbox 3127 4653 3480 4716; x_wconf 89' lang='lat' dir='ltr'><strong>dicebantur</strong></span> <span class='ocrx_word' id='word_1_754' title='bbox 3513 4654 3700 4719; x_wconf 91' lang='lat' dir='ltr'><strong>:Ani-</strong></span> 
     </span>
    </p>
   </div>
   <div class='ocr_carea' id='block_1_106' title="bbox 2062 4744 3703 4826">
    <p class='ocr_par' dir='ltr' id='par_1_106' title="bbox 2062 4744 3703 4826">
     <span class='ocr_line' id='line_1_106' title="bbox 2062 4744 3703 4826; baseline -0.001 -19"><span class='ocrx_word' id='word_1_755' title='bbox 2062 4763 2224 4807; x_wconf 88' lang='lat' dir='ltr'><strong>mum</strong></span> <span class='ocrx_word' id='word_1_756' title='bbox 2275 4744 2348 4806; x_wconf 88' lang='lat' dir='ltr'><strong>ad</strong></span> <span class='ocrx_word' id='word_1_757' title='bbox 2405 4763 2502 4807; x_wconf 91' lang='lat' dir='ltr'><strong>me</strong></span> <span class='ocrx_word' id='word_1_758' title='bbox 2553 4745 2814 4820; x_wconf 87' lang='lat' dir='ltr'><strong>attende,</strong></span> <span class='ocrx_word' id='word_1_759' title='bbox 2850 4745 3078 4820; x_wconf 89' lang='lat' dir='ltr'><strong>dicens,</strong></span> <span class='ocrx_word' id='word_1_760' title='bbox 3113 4763 3315 4826; x_wconf 88' lang='lat' dir='ltr'><strong>quem,</strong></span> <span class='ocrx_word' id='word_1_761' title='bbox 3352 4744 3508 4826; x_wconf 86' lang='lat' dir='ltr'><strong>quod</strong></span> <span class='ocrx_word' id='word_1_762' title='bbox 3541 4745 3612 4806; x_wconf 90' lang='lat' dir='ltr'><strong>ad</strong></span> <span class='ocrx_word' id='word_1_763' title='bbox 3646 4751 3703 4807; x_wconf 91' lang='lat' dir='ltr'><strong>te</strong></span> 
     </span>
    </p>
   </div>
   <div class='ocr_carea' id='block_1_107' title="bbox 2059 4833 3703 4916">
    <p class='ocr_par' dir='ltr' id='par_1_107' title="bbox 2059 4833 3703 4916">
     <span class='ocr_line' id='line_1_107' title="bbox 2059 4833 3703 4916; baseline -0.001 -20"><span class='ocrx_word' id='word_1_764' title='bbox 2059 4834 2302 4916; x_wconf 86' lang='lat' dir='ltr'><strong>quidem</strong></span> <span class='ocrx_word' id='word_1_765' title='bbox 2333 4836 2563 4911; x_wconf 89' lang='lat' dir='ltr'><strong>attinet,</strong></span> <span class='ocrx_word' id='word_1_766' title='bbox 2596 4835 3142 4898; x_wconf 87' lang='lat' dir='ltr'><strong>innumerabilibus</strong></span> <span class='ocrx_word' id='word_1_767' title='bbox 3164 4834 3460 4896; x_wconf 88' lang='lat' dir='ltr'><strong>tradidisti</strong></span> <span class='ocrx_word' id='word_1_768' title='bbox 3492 4833 3703 4896; x_wconf 89' lang='lat' dir='ltr'><strong>morti-</strong></span> 
     </span>
    </p>
   </div>
   <div class='ocr_carea' id='block_1_108' title="bbox 2063 4923 3702 5004">
    <p class='ocr_par' dir='ltr' id='par_1_108' title="bbox 2063 4923 3702 5004">
     <span class='ocr_line' id='line_1_108' title="bbox 2063 4923 3702 5004; baseline -0.001 -19"><span class='ocrx_word' id='word_1_769' title='bbox 2063 4923 2213 5002; x_wconf 86' lang='lat' dir='ltr'><strong>bus;</strong></span> <span class='ocrx_word' id='word_1_770' title='bbox 2245 4931 2304 4986; x_wconf 90' lang='lat' dir='ltr'><strong>et</strong></span> <span class='ocrx_word' id='word_1_771' title='bbox 2333 4925 2469 4987; x_wconf 90' lang='lat' dir='ltr'><strong>vide</strong></span> <span class='ocrx_word' id='word_1_772' title='bbox 2526 4925 2885 4987; x_wconf 82' lang='lat' dir='ltr'><strong>ineﬂ‘abilem</strong></span> <span class='ocrx_word' id='word_1_773' title='bbox 2943 4924 3160 4988; x_wconf 87' lang='lat' dir='ltr'><strong>Christi</strong></span> <span class='ocrx_word' id='word_1_774' title='bbox 3194 4925 3308 4985; x_wconf 88' lang='lat' dir='ltr'><strong>mei</strong></span> <span class='ocrx_word' id='word_1_775' title='bbox 3359 4924 3702 5004; x_wconf 87' lang='lat' dir='ltr'><strong>potentiam,</strong></span> 
     </span>
    </p>
   </div>
   <div class='ocr_carea' id='block_1_109' title="bbox 2065 5012 3709 5095">
    <p class='ocr_par' dir='ltr' id='par_1_109' title="bbox 2065 5012 3709 5095">
     <span class='ocr_line' id='line_1_109' title="bbox 2065 5012 3709 5095; baseline -0.002 -18"><span class='ocrx_word' id='word_1_776' title='bbox 2065 5012 2567 5094; x_wconf 88' lang='lat' dir='ltr'><strong>quemadmodum</strong></span> <span class='ocrx_word' id='word_1_777' title='bbox 2621 5033 2728 5076; x_wconf 92' lang='lat' dir='ltr'><strong>nos</strong></span> <span class='ocrx_word' id='word_1_778' title='bbox 2786 5015 3030 5095; x_wconf 85' lang='lat' dir='ltr'><strong>impleat</strong></span> <span class='ocrx_word' id='word_1_779' title='bbox 3091 5013 3336 5075; x_wconf 88' lang='lat' dir='ltr'><strong>audacia</strong></span> <span class='ocrx_word' id='word_1_780' title='bbox 3391 5019 3450 5075; x_wconf 86' lang='lat' dir='ltr'><strong>et</strong></span> <span class='ocrx_word' id='word_1_781' title='bbox 3494 5012 3709 5074; x_wconf 89' lang='lat' dir='ltr'><strong>virtute</strong></span> 
     </span>
    </p>
   </div>
   <div class='ocr_carea' id='block_1_110' title="bbox 2066 5101 3707 5184">
    <p class='ocr_par' dir='ltr' id='par_1_110' title="bbox 2066 5101 3707 5184">
     <span class='ocr_line' id='line_1_110' title="bbox 2066 5101 3707 5184; baseline -0.002 -19"><span class='ocrx_word' id='word_1_782' title='bbox 2066 5123 2176 5165; x_wconf 91' lang='lat' dir='ltr'><strong>nos</strong></span> <span class='ocrx_word' id='word_1_783' title='bbox 2205 5102 2476 5182; x_wconf 87' lang='lat' dir='ltr'><strong>accingat</strong></span> <span class='ocrx_word' id='word_1_784' title='bbox 2499 5103 2736 5166; x_wconf 75' lang='lat' dir='ltr'><strong>coalitus</strong></span> <span class='ocrx_word' id='word_1_785' title='bbox 2763 5125 2778 5180; x_wconf 92' lang='lat'><strong>;</strong></span> <span class='ocrx_word' id='word_1_786' title='bbox 2812 5112 2870 5165; x_wconf 92' lang='lat' dir='ltr'><strong>et</strong></span> <span class='ocrx_word' id='word_1_787' title='bbox 2901 5102 3225 5184; x_wconf 88' lang='lat' dir='ltr'><strong>permittat,</strong></span> <span class='ocrx_word' id='word_1_788' title='bbox 3257 5109 3322 5164; x_wconf 89' lang='lat' dir='ltr'><strong>ut</strong></span> <span class='ocrx_word' id='word_1_789' title='bbox 3374 5101 3485 5162; x_wconf 90' lang='lat' dir='ltr'><strong>sim</strong></span> <span class='ocrx_word' id='word_1_790' title='bbox 3520 5105 3707 5183; x_wconf 81' lang='lat' dir='ltr'><strong>parti-</strong></span> 
     </span>
    </p>
   </div>
   <div class='ocr_carea' id='block_1_111' title="bbox 2064 5191 3713 5274">
    <p class='ocr_par' dir='ltr' id='par_1_111' title="bbox 2064 5191 3713 5274">
     <span class='ocr_line' id='line_1_111' title="bbox 2064 5191 3713 5274; baseline -0.002 -19"><span class='ocrx_word' id='word_1_791' title='bbox 2064 5212 2209 5274; x_wconf 89' lang='lat' dir='ltr'><strong>ceps</strong></span> <span class='ocrx_word' id='word_1_792' title='bbox 2262 5194 2520 5274; x_wconf 83' lang='lat' dir='ltr'><strong>propriae</strong></span> <span class='ocrx_word' id='word_1_793' title='bbox 2575 5195 2705 5273; x_wconf 86' lang='lat' dir='ltr'><strong>ejus</strong></span> <span class='ocrx_word' id='word_1_794' title='bbox 2764 5193 3169 5255; x_wconf 87' lang='lat' dir='ltr'><strong>formositatis.</strong></span> <span class='ocrx_word' id='word_1_795' title='bbox 3233 5193 3377 5254; x_wconf 91' lang='lat' dir='ltr'><strong>Nam</strong></span> <span class='ocrx_word' id='word_1_796' title='bbox 3411 5209 3530 5272; x_wconf 90' lang='lat' dir='ltr'><strong>quo</strong></span> <span class='ocrx_word' id='word_1_797' title='bbox 3563 5191 3713 5252; x_wconf 90' lang='lat' dir='ltr'><strong>mihi</strong></span> 
     </span>
    </p>
   </div>
   <div class='ocr_carea' id='block_1_112' title="bbox 2065 5279 3711 5364">
    <p class='ocr_par' dir='ltr' id='par_1_112' title="bbox 2065 5279 3711 5364">
     <span class='ocr_line' id='line_1_112' title="bbox 2065 5279 3711 5364; baseline -0.001 -20"><span class='ocrx_word' id='word_1_798' title='bbox 2065 5301 2285 5364; x_wconf 88' lang='lat' dir='ltr'><strong>corpus</strong></span> <span class='ocrx_word' id='word_1_799' title='bbox 2318 5283 2505 5361; x_wconf 87' lang='lat' dir='ltr'><strong>magis</strong></span> <span class='ocrx_word' id='word_1_800' title='bbox 2527 5281 2829 5363; x_wconf 90' lang='lat' dir='ltr'><strong>perdis,eo</strong></span> <span class='ocrx_word' id='word_1_801' title='bbox 2853 5283 3143 5363; x_wconf 89' lang='lat' dir='ltr'><strong>majorem</strong></span> <span class='ocrx_word' id='word_1_802' title='bbox 3178 5281 3320 5344; x_wconf 91' lang='lat' dir='ltr'><strong>mihi</strong></span> <span class='ocrx_word' id='word_1_803' title='bbox 3341 5279 3552 5360; x_wconf 86' lang='lat' dir='ltr'><strong>adjicis</strong></span> <span class='ocrx_word' id='word_1_804' title='bbox 3574 5281 3711 5363; x_wconf 81' lang='lat' dir='ltr'><strong>pul-</strong></span> 
     </span>
    </p>
   </div>
   <div class='ocr_carea' id='block_1_113' title="bbox 2067 5370 3715 5453">
    <p class='ocr_par' dir='ltr' id='par_1_113' title="bbox 2067 5370 3715 5453">
     <span class='ocr_line' id='line_1_113' title="bbox 2067 5370 3715 5453; baseline 0 -19"><span class='ocrx_word' id='word_1_805' title='bbox 2067 5372 2494 5436; x_wconf 90' lang='lat' dir='ltr'><strong>chritudinem.</strong></span> <span class='ocrx_word' id='word_1_806' title='bbox 2517 5371 2662 5445; x_wconf 77' lang='lat' dir='ltr'><strong>Quae</strong></span> <span class='ocrx_word' id='word_1_807' title='bbox 2693 5373 2854 5436; x_wconf 89' lang='lat' dir='ltr'><strong>enim</strong></span> <span class='ocrx_word' id='word_1_808' title='bbox 2883 5391 2989 5453; x_wconf 89' lang='lat' dir='ltr'><strong>pro</strong></span> <span class='ocrx_word' id='word_1_809' title='bbox 3021 5371 3275 5436; x_wconf 92' lang='lat' dir='ltr'><strong>Domino</strong></span> <span class='ocrx_word' id='word_1_810' title='bbox 3307 5370 3715 5453; x_wconf 90' lang='lat' dir='ltr'><strong>suscipiuntur</strong></span> 
     </span>
    </p>
   </div>
   <div class='ocr_carea' id='block_1_114' title="bbox 326 5457 1981 5544">
    <p class='ocr_par' dir='ltr' id='par_1_114' title="bbox 326 5457 1981 5542">
     <span class='ocr_line' id='line_1_114' title="bbox 326 5457 1981 5542; baseline 0.004 -30"><span class='ocrx_word' id='word_1_811' title='bbox 326 5457 642 5538; x_wconf 72' lang='grc' dir='ltr'>εὖμορφίαν.</span> <span class='ocrx_word' id='word_1_812' title='bbox 703 5459 780 5517; x_wconf 81' lang='grc' dir='ltr'><strong>Τὰ</strong></span> <span class='ocrx_word' id='word_1_813' title='bbox 857 5460 956 5540; x_wconf 83' lang='grc' dir='ltr'>γὰρ</span> <span class='ocrx_word' id='word_1_814' title='bbox 1029 5461 1159 5539; x_wconf 76' lang='grc' dir='ltr'>ὑπὲρ</span> <span class='ocrx_word' id='word_1_815' title='bbox 1215 5468 1309 5518; x_wconf 81' lang='grc' dir='ltr'>τοῦ</span> <span class='ocrx_word' id='word_1_816' title='bbox 1385 5462 1654 5520; x_wconf 70' lang='grc' dir='ltr'>Δεσπότο.)</span> <span class='ocrx_word' id='word_1_817' title='bbox 1719 5462 1981 5542; x_wconf 87' lang='grc' dir='ltr'>στίγματα</span> 
     </span>
    </p>
   </div>
   <div class='ocr_carea' id='block_1_115' title="bbox 2053 5457 3716 5544">
    <p class='ocr_par' dir='ltr' id='par_1_115' title="bbox 2070 5461 3716 5544">
     <span class='ocr_line' id='line_1_115' title="bbox 2070 5461 3716 5544; baseline 0.001 -22"><span class='ocrx_word' id='word_1_818' title='bbox 2070 5462 2366 5540; x_wconf 83' lang='lat' dir='ltr'><strong>stigmata,</strong></span> <span class='ocrx_word' id='word_1_819' title='bbox 2401 5465 2606 5543; x_wconf 84' lang='lat' dir='ltr'><strong>quovis</strong></span> <span class='ocrx_word' id='word_1_820' title='bbox 2631 5469 2983 5527; x_wconf 90' lang='lat' dir='ltr'><strong>ornamento</strong></span> <span class='ocrx_word' id='word_1_821' title='bbox 3007 5461 3314 5544; x_wconf 89' lang='lat' dir='ltr'><strong>pulchrius</strong></span> <span class='ocrx_word' id='word_1_822' title='bbox 3336 5461 3626 5524; x_wconf 81' lang='lat' dir='ltr'><strong>adornant</strong></span> <span class='ocrx_word' id='word_1_823' title='bbox 3659 5469 3716 5524; x_wconf 88' lang='lat' dir='ltr'><strong>ct</strong></span> 
     </span>
    </p>
   </div>
   <div class='ocr_carea' id='block_1_116' title="bbox 328 5548 1981 5635">
    <p class='ocr_par' dir='ltr' id='par_1_116' title="bbox 328 5548 1981 5632">
     <span class='ocr_line' id='line_1_116' title="bbox 328 5548 1981 5632; baseline 0.004 -28"><span class='ocrx_word' id='word_1_824' title='bbox 328 5549 532 5614; x_wconf 82' lang='grc' dir='ltr'>παντὸς</span> <span class='ocrx_word' id='word_1_825' title='bbox 603 5548 921 5630; x_wconf 80' lang='grc' dir='ltr'>ὡραιότερον</span> <span class='ocrx_word' id='word_1_826' title='bbox 966 5549 1170 5627; x_wconf 84' lang='grc' dir='ltr'>κόσμου</span> <span class='ocrx_word' id='word_1_827' title='bbox 1241 5552 1330 5608; x_wconf 84' lang='grc' dir='ltr'><strong>καὶ</strong></span> <span class='ocrx_word' id='word_1_828' title='bbox 1391 5553 1569 5632; x_wconf 76' lang='grc' dir='ltr'>ψυχὰς</span> <span class='ocrx_word' id='word_1_829' title='bbox 1627 5552 1715 5611; x_wconf 80' lang='grc' dir='ltr'><strong>καὶ</strong></span> <span class='ocrx_word' id='word_1_830' title='bbox 1761 5551 1981 5628; x_wconf 80' lang='grc' dir='ltr'>σώματα</span> 
     </span>
    </p>
   </div>
   <div class='ocr_carea' id='block_1_117' title="bbox 2053 5548 3712 5635">
    <p class='ocr_par' dir='ltr' id='par_1_117' title="bbox 2074 5552 3712 5635">
     <span class='ocr_line' id='line_1_117' title="bbox 2074 5552 3712 5635; baseline -0.001 -21"><span class='ocrx_word' id='word_1_831' title='bbox 2074 5552 2307 5614; x_wconf 86' lang='lat' dir='ltr'><strong>animos</strong></span> <span class='ocrx_word' id='word_1_832' title='bbox 2338 5559 2396 5613; x_wconf 91' lang='lat' dir='ltr'><strong>et</strong></span> <span class='ocrx_word' id='word_1_833' title='bbox 2429 5570 2680 5634; x_wconf 89' lang='lat' dir='ltr'><strong>corpora</strong></span> <span class='ocrx_word' id='word_1_834' title='bbox 2715 5575 2728 5612; x_wconf 91' lang='lat'><strong>:</strong></span> <span class='ocrx_word' id='word_1_835' title='bbox 2765 5561 2819 5616; x_wconf 82' lang='lat' dir='ltr'><strong>et</strong></span> <span class='ocrx_word' id='word_1_836' title='bbox 2851 5552 3113 5631; x_wconf 84' lang='lat' dir='ltr'><strong>sanguis,</strong></span> <span class='ocrx_word' id='word_1_837' title='bbox 3145 5553 3242 5633; x_wconf 90' lang='lat' dir='ltr'><strong>qui</strong></span> <span class='ocrx_word' id='word_1_838' title='bbox 3276 5569 3382 5634; x_wconf 93' lang='lat' dir='ltr'><strong>pro</strong></span> <span class='ocrx_word' id='word_1_839' title='bbox 3413 5553 3542 5635; x_wconf 88' lang='lat' dir='ltr'><strong>ipso</strong></span> <span class='ocrx_word' id='word_1_840' title='bbox 3573 5552 3712 5614; x_wconf 86' lang='lat' dir='ltr'><strong>fun-</strong></span> 
     </span>
    </p>
   </div>
  </div>
