4056 6142
343 287 459 353 515

1647 283 1812 347 ΜΕΝ
1817 283 1935 346 SIS
1972 279 2403 348 DECEMBER.

3593 277 3710 350 516

345 420 528 500 ditur,
562 418 743 481 veluti
774 431 882 482 nos
903 417 1158 499 irrigans
1188 418 1368 482 efﬁcit
1424 426 1489 480 ut
1519 419 1708 481 simus
1734 417 1897 482 vultu
1928 421 1981 478 el

2069 416 2480 491 καλλωπίζουσι,
2540 418 2627 475 καὶ
2696 416 2758 474 τὸ
2818 414 2948 493 ὑπὲρ
3006 414 3163 472 αὐτοῦ
3213 415 3479 494 χεόμενον
3540 413 3706 488 αἷμα,

344 511 480 574 laeto
512 516 570 571 et
597 508 800 571 alacri.

415 689 528 748 VII.
553 688 641 749 Ad
663 690 782 770 haec
802 698 990 748 autem
1018 688 1208 746 viritle
1222 690 1451 761 pestifer
1467 698 1520 747 et
1542 691 1980 752 exitiosus.cum

344 800 464 844 non
496 781 742 843 haberet
770 779 911 861 quid
942 788 1166 859 ageret,
1194 788 1294 841 aut
1338 781 1637 862 quomodo
1668 781 1781 846 viri
1822 780 1983 845 illius

342 870 616 951 generosi
645 870 1003 950 reprimeret
1025 869 1306 951 loquendi
1339 870 1698 947 libertatem,
1734 880 1791 934 et
1822 871 1981 935 illius

342 961 556 1040 lingua
588 959 796 1020 vitaret
820 958 1016 1038 plagas
1044 980 1057 1017 :
1090 958 1149 1019 ei
1165 977 1304 1021 vero
1326 961 1698 1023 cruciaretur
1720 960 1975 1037 animus,

345 1058 406 1111 et
430 1050 519 1111 ira
546 1047 826 1124 ferveret,
851 1047 1024 1127 jubet
1041 1048 1357 1128 glandibus
1387 1049 1570 1112 aeneis
1601 1051 1729 1130 ejus
1760 1051 1975 1112 verbe-

341 1148 499 1199 ratas
531 1134 799 1197 maxillas
829 1154 946 1198 una
970 1155 1105 1198 cum
1140 1136 1422 1199 dentibus
1480 1140 1679 1200 excuti
1709 1136 1972 1217 martyri.

344 1226 462 1290 Sed
496 1245 628 1288 cum
653 1226 813 1288 hunc
833 1244 1070 1307 quoque
1092 1227 1414 1290 sustineret
1433 1228 1757 1289 cruciatum
1783 1228 1979 1290 athle-

347 1324 422 1391 ta,
458 1315 669 1376 eadem
689 1333 823 1390 qua;
843 1315 1008 1395 prius
1031 1324 1159 1377 erat
1183 1315 1240 1377 ei
1264 1317 1463 1377 laetitia
1485 1325 1545 1379 et
1566 1317 1892 1397 alacritate,
1924 1324 1983 1380 et

341 1405 404 1466 in
425 1403 590 1466 omni
614 1410 884 1484 tempore
907 1403 1299 1466 benedicebat
1323 1404 1666 1483 Domino,et
1697 1414 1981 1486 perpetuo

343 1494 407 1556 in
435 1511 538 1556 ore
561 1494 690 1573 ejus
721 1492 1042 1555 cauebatur
1073 1496 1204 1574 ejus
1235 1496 1491 1557 laudatio
1526 1516 1538 1557 :
1578 1514 1709 1576 quae
1737 1495 1978 1576 quidem

342 1586 449 1646 ira:
469 1583 773 1646 fornacem
803 1583 1230 1659 accendebant,
1257 1593 1317 1645 et
1344 1586 1640 1647 ﬂammam
1667 1585 1852 1664 magis
1873 1603 1982 1647 ex-

2065 507 2299 577 καθάπερ
2376 505 2590 585 ἀρδεῧον
2658 504 2804 582 ἡμᾶς
2839 553 2854 578 ,
2944 505 3199 581 ἀνθηροὺς
3282 504 3382 571 τὴν
3438 503 3561 578 ὄψιν
3618 503 3712 559 καὶ

2066 594 2312 675 φαιδροὺς
2336 597 2477 653 εἶναι
2510 595 2919 675 παρασκευάζει.

2146 685 2230 749 Ζ¹,
2262 688 2399 763 Πρὸς
2440 693 2605 744 ταῦτα
2648 689 2675 742 6
2733 684 2943 759 λυμεὼν
3002 683 3235 763 ἐκεῖνος,
3269 684 3363 741 οὒκ
3412 683 3556 763 ἔχων
3585 681 3613 738 6'
3658 704 3709 738 τι

2066 776 2159 833 καί
2222 774 2478 856 δράσειεν,
2523 775 2560 843 ἢ
2603 778 2716 837 πῶς
2775 772 2978 852 ἐπίσχῃ
3022 779 3099 847 τῷ
3154 773 3378 850 γενναίῳ
3419 772 3518 839 τὴν
3561 769 3706 850 παῤ-

2063 865 2273 945 ῥησίαν,
2328 865 2422 922 καί
2465 864 2559 927 τὰς
2605 864 2710 921 ἀπὸ
2767 868 2864 930 τῆς
2917 860 3164 940 γλώττης
3230 864 3388 920 αύτοῦ
3440 862 3711 940 μάστιγας

2064 953 2331 1033 διαφύγοι,
2390 952 2645 1034 ἐσφάδαζε
2693 951 2748 1008 δὲ
2794 954 2820 1009 6
2881 953 3068 1025 θυμὸς,
3114 953 3203 1007 καὶ
3262 952 3328 1007 τὰ
3383 951 3478 1018 τῆς
3541 952 3706 1029 ὀργῆς

2064 1046 2205 1119 αὖτῷ
2247 1042 2477 1124 ἤκμαζε,
2535 1043 2737 1099 κελεύει
2798 1040 3088 1118 στροϐίλοις
3146 1040 3384 1120 χαλκοῖς
3438 1042 3531 1106 τὰς
3581 1061 3709 1096 σια-

2061 1133 2218 1212 γόνας
2279 1135 2436 1191 αὐτοῦ
2496 1131 2791 1206 παιομένας
2838 1130 3023 1193 αὒτοϊς
3081 1127 3285 1186 ὀδοῦσιν
3328 1130 3710 1207 ἐκκρουσθῆναι

2064 1230 2155 1279 τοῦ
2212 1223 2493 1302 μάρτυρος,
2553 1220 2720 1278 Ἀλλὰ
2787 1221 2874 1277 καὶ
2951 1220 3151 1285 ταύτην
3207 1220 3542 1293 ὑπομένοντα
3607 1219 3708 1288 τήν

2064 1312 2320 1390 τιμωρίαν
2370 1314 2462 1368 τὸν
2506 1311 2766 1384 ἀθλητὴν,
2817 1312 2848 1378 ἦ
2900 1310 3034 1377 αὑτὴ
3093 1306 3376 1387 φαιδρότης
3436 1309 3564 1388 εἶχε
3620 1310 3714 1365 καὶ

2066 1401 2400 1482 γενναιότης,
2461 1401 2663 1480 εὖῖόγει
2709 1420 2764 1455 τε
2821 1400 2912 1455 τὸν
2958 1398 3146 1475 Κύριον
3200 1400 3254 1454 ἐν
3314 1399 3469 1453 παντὶ
3512 1404 3705 1474 καιρῷ,

2063 1491 2160 1548 καὶ
2191 1489 2273 1546 διὰ
2304 1493 2502 1555 παντὸς
2560 1493 2594 1559 ἡ
2653 1487 2857 1551 αἵνεσις
2913 1488 3070 1544 αἱ)τοῦ
3122 1487 3177 1543 ἐν
3223 1493 3298 1561 τῷ
3329 1488 3554 1561 στόματι
3601 1491 3702 1545 αὗ-

2064 1588 2157 1638 τοῦ
2197 1579 2354 1656 ᾓδετο
2389 1598 2402 1611 ·
2464 1580 2598 1659 ἅπερ
2653 1581 2747 1636 τοῦ
2802 1581 2965 1651 θυμοῦ
2995 1576 3070 1633 ἔτι
3098 1576 3197 1644 τὴν
3228 1576 3451 1650 κάμινον
3500 1576 3708 1643 ἀνῆπτε

342 1672 604 1737 uitabant
634 1672 893 1753 praesidi.
929 1672 1078 1745 Quid
1105 1691 1245 1753 ergo
1267 1673 1298 1733 ‘2
1335 1676 1426 1737 Ne
1457 1684 1649 1755 putes,
1699 1674 1914 1755 inquit,
1948 1693 1981 1736 0

2068 1671 2140 1745 τῷ
2174 1669 2425 1749 ἡγεμόνι,
2459 1673 2544 1728 καὶ
2573 1674 2673 1736 τὴν
2723 1668 2896 1748 φλόγα
2926 1665 3129 1755 μαλλον
3167 1664 3415 1755 διήγειρε.
3455 1667 3512 1723 Τί
3566 1668 3653 1721 οὖν
3689 1686 3709 1740 ;

339 1763 584 1844 Thyrse,
620 1762 747 1824 fore
775 1771 839 1823 ut
864 1762 1176 1844 hucusque
1207 1762 1313 1826 tibi
1345 1754 1653 1845 sistentur,
1686 1754 1817 1845 quae
1846 1772 1981 1826 sunt

2069 1757 2362 1835 Μηδαμῶς,
2395 1759 2521 1839 ἔφη,
2553 1758 2760 1834 νόμιζε,
2813 1758 3001 1835 Θύρσε,
3064 1754 3143 1812 ὅτι
3188 1754 3354 1834 μέχρι
3398 1756 3580 1812 τούτου
3622 1777 3706 1812 σοι

338 1840 542 1933 gravia
570 1859 630 1914 et
653 1869 889 1932 aspera.
917 1840 1228 1933 Naquuae
1249 1840 1683 1933 praecesserunt
1704 1840 1978 1935 quidem,

2068 1849 2131 1905 τὰ
2186 1847 2328 1905 δεινά
2372 1850 2645 1918 στήσεται,
2695 1848 2770 1905 Τὰ
2826 1846 2922 1922 μὲν
2991 1845 3091 1923 γὰρ
3146 1840 3481 1922 προλαϐόντα
3542 1846 3710 1922 μικρά

336 1931 507 2005 erant
536 1959 711 2023 parva
729 1931 1268 2022 iqueedam,etﬁquaé
1291 1951 1517 2006 temere
1550 1931 1783 2024 tempus
1813 1942 1981 2004 nobis

2068 1960 2182 1994 τινα
2236 1938 2326 2017 ἦν,
2363 1938 2450 1994 καὶ
2478 1937 2575 1993 οἶα
2604 1938 2739 2011 ἡμῖν
2772 1937 2799 1992 6
2829 1936 3010 2013 καιρὸς
3057 1931 3360 2013 ἐσχεδίασε,
3393 1933 3457 1990 τὰ
3513 1931 3557 1989 δ’
3613 1933 3706 1989 ἐν-

340 2020 669 2112 suggessit:
700 2048 833 2111 qua;
863 2039 1058 2094 autem
1088 2020 1401 2113 deinceps,
1436 2020 1711 2094 ostendet
1739 2031 1849 2094 tibi
1875 2049 1979 2093 ex-

2068 2030 2241 2087 τεῦθεν
2287 2029 2322 2094 ἡ
2377 2026 2534 2104 πεϊρά
2592 2047 2674 2081 σοι
2733 2023 2903 2097 δείξει,
2960 2024 3047 2080 καὶ
3105 2022 3229 2100 εἴση
3294 2020 3487 2080 λοιπὸν
3543 2025 3709 2082 ὁποῖα

342 2121 659 2201 perientia,
696 2128 754 2182 et
782 2120 936 2184 scies
970 2119 1045 2182 de
1071 2112 1543 2202 caetero,iqualia
1572 2130 1709 2184 sunt
1740 2121 1981 2202 praemia

2068 2117 2201 2174 κατὰ
2257 2122 2363 2174 τῶν
2434 2118 2664 2172 ἀπειθῶν
2720 2115 2786 2170 τὰ
2862 2113 3135 2192 ἐπίχειρα.
3225 2112 3321 2170 Καὶ
3376 2114 3403 2168 6
3462 2112 3659 2192 μάρτυς
3688 2160 3706 2187 ,

343 2228 574 2291 eorum,
604 2209 705 2291 qui
735 2228 855 2271 non
894 2209 1205 2275 obediuut.
1253 2211 1473 2292 Martyr
1500 2219 1697 2274 autem
1729 2231 1743 2271 :
1794 2210 1979 2291 Euge,

2073 2207 2224 2284 Εὖγε,
2260 2206 2414 2264 εἶπεν
2450 2222 2463 2236 ’
2515 2204 2651 2263 ἀλλὰ
2681 2203 2757 2277 μῆ
2788 2204 3058 2292 φθονήσῃς
3101 2205 3238 2292 ἡμῖν
3295 2206 3402 2292 τῶν
3443 2203 3710 2292 μεγίστων

337 2288 570 2381 inquit,
588 2288 664 2362 ne
689 2299 814 2361 haec
847 2299 1102 2362 maxima
1123 2300 1297 2363 nobis
1323 2288 1478 2363 bona
1500 2299 1813 2363 invideris.
1849 2288 1981 2364 Non

2068 2296 2265 2353 τούτων
2309 2295 2509 2357 καλῶν.
2563 2297 2636 2353 ()6
2701 2293 2973 2371 φθονήσω,
3019 2290 3145 2371 ἔφη,
3190 2288 3326 2346 ἀλλὰ
3370 2290 3574 2363 μᾶλλόν
3626 2314 3711 2349 σοι

337 2388 640 2467 invidebo,
666 2389 993 2470 inquit,sed
1028 2389 1131 2452 illa
1161 2389 1267 2452 tibi
1302 2408 1407 2471 pro
1441 2391 1670 2453 viribus
1691 2390 1980 2471 suppedi-

2068 2385 2163 2442 καὶ
2203 2387 2268 2443 τα
2325 2384 2514 2442 δυνατᾶ
2572 2381 3050 2458 ἐπιδαψιλεύσομαι
3086 2400 3101 2415 ⁶
3165 2381 3253 2436 καὶ
3314 2381 3499 2440 αὐτίκα
3544 2381 3711 2454 μόλι-

340 2479 478 2542 tabo
498 2478 716 2542 aﬂ‘atim
740 2486 797 2540 et
818 2477 1340 2543 muniﬁce.Statim
1358 2487 1555 2542 autem
1581 2496 1763 2559 supra
1783 2481 1978 2559 ignem

2068 2472 2182 2541 ϐδος
2263 2474 2506 2552 ὑπεράνω
2620 2475 2780 2551 σωρὸς
2883 2472 3104 2542 ἐτήκετο
3132 2519 3149 2544 ,
3239 2472 3326 2527 καὶ
3408 2472 3713 2549 προετίθετο

342 2568 725 2651 liquefactum
759 2577 849 2630 est
879 2568 1210 2648 plumbum,
1246 2575 1306 2630 et
1336 2568 1525 2631 lectus
1565 2568 1673 2629 fuit
1707 2568 1981 2648 proposi-

2068 2563 2242 2638 κλίνη,
2290 2565 2377 2619 καὶ
2434 2564 2644 2640 πρηνὴς
2688 2559 2773 2618 ἐπ’
2830 2565 2994 2629 αὒτῆς
3037 2563 3066 2616 ὀ
3109 2559 3309 2624 δίκαιος
3351 2561 3708 2625 κατετείνετο,

342 2650 463 2738 tus,
494 2666 555 2722 et
581 2675 766 2739 super
819 2675 955 2718 eum
1004 2675 1228 2737 pronus
1283 2665 1566 2719 extensus
1624 2656 1734 2719 fuit
1758 2658 1978 2736 justus.

2069 2653 2166 2711 Καὶ
2224 2652 2411 2709 σκόπει
2457 2674 2547 2727 μοι
2590 2656 2682 2709 τοῦ
2740 2650 3008 2728 ἡγεμόνος
3078 2652 3300 2708 ἐνταῦθα
3358 2651 3423 2706 τὸ
3477 2657 3711 2728 κακοῦρ-

335 2737 450 2811 Hic
475 2766 613 2810 vero
647 2737 795 2808 mihi
825 2746 1161 2821 considera,
1195 2764 1375 2823 quam
1409 2754 1567 2808 esset
1598 2764 1816 2828 praeses
1864 2746 1981 2807 im-

2068 2762 2161 2819 γον
2209 2741 2305 2799 καὶ
2364 2740 2607 2804 σκολιόν,
2643 2740 2852 2807 Γόητας
2910 2743 3054 2815 αὐτῷ
3111 2761 3262 2804 τινας
3307 2737 3503 2815 μεταξὺ
3561 2761 3705 2818 παρ-

338 2836 561 2919 probus
606 2845 667 2897 et
725 2852 1063 2916 perversus.
1116 2833 1359 2900 Interim
1418 2836 1490 2897 ad
1549 2855 1686 2898 eum
1741 2835 1981 2898 adducit

2068 2831 2181 2909 άγει
2235 2833 2325 2887 καὶ
2377 2830 2624 2894 πιθανοὺς
2655 2878 2671 2910 ,
2733 2832 3062 2908 πειρώμενος
3147 2828 3353 2886 ἐκλύειν
3410 2829 3504 2885 τὸν
3553 2828 3704 2885 τόνον

337 2917 624 3007 quosdam
660 2924 1141 3005 praestigiatores,
1168 2933 1226 2988 et
1257 2926 1360 3003 qui
1394 2927 1700 3005 erantapti
1732 2925 1806 2987 ad
1837 2943 1981 3006 per-

2068 2922 2141 2995 τῷ
2184 2920 2427 2999 μαίρτυρι.
2480 2918 2551 2979 O’t'
2598 2941 2660 3000 γε
2717 2917 2782 2978 δὴ
2843 2922 2931 2975 καὶ
2976 2917 3145 2988 ἡδέως
3177 2921 3437 2995 ὡμίλουν,
3466 2919 3554 2975 καὶ
3580 2939 3705 2974 συν-

338 3014 732 3096 suadendum,
769 3021 1003 3076 tcutans
1034 3020 1307 3096 martyris
1344 3014 1680 3078 dissolvere
1709 3022 1768 3077 et
1796 3034 1981 3078 ener-

2068 3010 2341 3069 εϐούλεοον
2403 3009 2636 3069 ἐνδοῦναι
2696 3014 2795 3079 τῆς
2867 3007 3074 3077 πολλῆς
3126 3009 3323 3077 ταύτης
3386 3007 3708 3086 ἐνστάσεως,

338 3124 475 3170 vare
504 3105 902 3169 constantiam
932 3124 947 3168 :
983 3105 1087 3188 qui
1137 3105 1380 3187 quidem
1437 3125 1571 3168 cum
1619 3125 1692 3169 eo
1715 3106 1981 3187 jucunde

2068 3105 2164 3159 καὶ
2197 3100 2297 3177 ὀψέ
2329 3123 2460 3159 ποτε
2510 3103 2790 3167 πεισθῆναι
2847 3105 2923 3174 τῷ
2977 3099 3229 3177 ἡγεμόνι.
3289 3097 3439 3157 Οὕτω
3486 3097 3586 3176 γὰρ
3615 3097 3715 3154 καί

339 3194 852 3276 colloquebantur,
887 3204 949 3257 et
975 3185 1394 3269 consulebant,
1420 3204 1485 3258 ut
1524 3185 1745 3275 aliquid
1772 3196 1981 3256 remit-

2068 3192 2156 3248 τὸν
2201 3190 2533 3267 ἐπικειμενόν
2588 3211 2671 3247 σοι
2731 3185 3024 3266 διαδράσεις
3049 3235 3067 3262 ,
3127 3188 3276 3268 φασὶ,
3335 3185 3569 3276 κίνδυνον
3605 3186 3715 3276 ,καὶ

340 3294 494 3350 teret
516 3274 597 3347 de
639 3286 750 3347 hac
780 3284 965 3347 nimia
997 3285 1350 3365 pertinacia,
1384 3292 1443 3346 et
1473 3274 1713 3348 tandem
1746 3292 1981 3365 pareret

2068 3280 2279 3360 ἀγαθῶν
2352 3280 2601 3358 μεγάλων
2658 3276 2890 3355 μεθέξεις
2927 3294 2943 3309 ⁸
3001 3277 3361 3355 συγγνώσεται
3418 3274 3475 3332 δὲ
3532 3275 3621 3333 καὶ
3683 3277 3714 3332 6

339 3375 581 3457 praesidi
612 3392 627 3439 :
654 3373 752 3438 Sic
773 3379 959 3450 enim,
991 3375 1354 3455 inquiunt,et
1377 3373 1702 3437 imminens
1732 3373 1981 3455 effugies

2070 3370 2198 3435 Θεός
2258 3392 2351 3427 σου
2410 3368 2619 3435 πάντως
2660 3368 2729 3436 τῆ
2774 3366 3016 3439 ἀσθενείᾳ
3042 3371 3141 3435 τῆς
3194 3368 3423 3448 φύσεως,
3483 3367 3571 3422 καὶ
3614 3366 3713 3422 οὖ·-

340 3453 698 3546 periculum,
732 3472 792 3528 et
813 3453 1160 3543 magnorum
1187 3464 1307 3526 eris
1326 3463 1622 3526 bonorum
1648 3453 1979 3545 particeps:

2068 3457 2153 3516 δὲν
2207 3462 2298 3518 ἐπὶ
2346 3458 2499 3516 τοῦτο
2555 3457 2885 3539 χαλεπανεῖ,
2919 3457 3286 3537 φιλάνθρωπος
3322 3456 3398 3521 ὢν
3440 3455 3507 3514 τὰ
3542 3453 3715 3513 πολλὰ

337 3545 609 3634 ignoscet
635 3565 836 3617 autem
890 3559 1132 3616 omnino
1183 3552 1341 3615 Deus
1398 3560 1533 3615 tuus
1593 3552 1981 3617 imbecillitati

2069 3555 2157 3611 καὶ
2186 3550 2447 3632 χρηστὸς,
2480 3550 2553 3612 ὡς
2584 3545 2867 3624 ἀκούομεν,

339 3632 569 3708 naturae
627 3644 826 3707 ethoc
882 3644 1125 3707 omnino
1155 3661 1273 3705 non
1322 3660 1463 3723 agre
1519 3644 1694 3720 feret,
1728 3661 1864 3705 cum
1914 3645 1991 3706 sit
2050 3658 2265 3722 magna
2317 3656 2388 3701 ex
2443 3644 2609 3718 parte
2654 3635 2952 3715 benignus
3001 3641 3061 3697 et
3108 3635 3395 3712 clemens,
3426 3639 3493 3697 ut
3538 3632 3714 3697 audi-

340 3753 555 3798 Vtmus.

421 3831 574 3894 VIII.
606 3830 827 3910 Martyr
853 3848 993 3892 vero
1029 3851 1042 3893 :
1081 3831 1331 3911 Propter
1363 3829 1477 3892 hoc
1507 3829 1726 3910 ipsum,
1759 3830 1976 3912 inquit,

2142 3830 2237 3893 ﬂ’.
2274 3830 2372 3886 Καὶ
2400 3827 2428 3882 6
2488 3823 2707 3904 μάρτυς,
2744 3820 2825 3879 Δι’
2858 3822 2982 3880 αὒτὸ
3040 3822 3137 3896 μὲν
3183 3819 3273 3878 οὖν
3316 3826 3498 3895 τοῦτο,
3554 3821 3710 3901 φησὶ,

340 3919 511 3982 stabo
534 3918 791 3999 fortiter,
825 3928 885 3982 et
916 3938 1023 4000 pro
1048 3919 1177 4001 ipso
1227 3926 1525 3982 tormenta
1552 3911 1885 3982 sustinebo.
1918 3919 1978 3981 Si

2068 3920 2313 4000 γενναίως
2344 3914 2613 3990 στήσομαι
2659 3911 2886 3989 μᾶλλον,
2949 3911 3040 3969 καί
3097 3932 3194 3975 τας
3234 3911 3365 3991 δπέρ
3406 3912 3566 3970 αὐτοῦ
3606 3912 3712 3988 βα-

340 4007 500 4070 enim
533 4025 659 4088 vos,
690 3998 825 4070 cum
853 3998 1407 4090 auditis—nunquam
1441 4008 1979 4089 terminanda,qua3

2068 3998 2249 4072 σάνους
2300 4007 2570 4081 ὑπομενῶ.
2636 4003 2695 4060 Ei
2751 4002 2852 4081 γὰρ
2912 4002 3057 4058 αἱ)τοὶ
3120 3998 3367 4090 κολάσεις
3421 3999 3718 4090 ἀτελευτή-

336 4114 443 4158 vos
474 4087 737 4177 manent,
773 4097 1088 4178 supplicia,
1126 4087 1500 4180 nequaquam
1535 4087 1975 4173 convertimini,

2068 4119 2177 4163 τους
2230 4094 2511 4156 ἀκούοντες
2562 4090 2944 4171 περιμενούσας
2993 4092 3152 4166 ὑμᾶς,
3208 4089 3429 4166 σύμενον
3458 4087 3701 4166 οὒδαμῶς

339 4202 536 4267 neque
564 4177 1170 4268 declinatisapertum
1206 4177 1420 4250 animae
1458 4186 1786 4269 periculum
1825 4205 1838 4247 :
1872 4205 1980 4249 cur

2068 4185 2452 4266 ἐπιστρέφεσθε,
2501 4179 2617 4240 οδδὲ
2686 4182 2777 4239 τὸν
2842 4185 3085 4260 προφανῆ
3142 4177 3375 4239 κίνδυνον
3433 4178 3702 4237 ἐκκλίνετε

337 4294 459 4338 non
491 4294 600 4355 ego
631 4275 761 4352 hos,
786 4276 890 4357 qui
918 4285 1054 4339 sunt
1073 4277 1147 4339 ad
1177 4285 1437 4357 tempus,
1461 4295 1673 4356 magno
1702 4283 1760 4339 et
1789 4294 1977 4357 gene-

2068 4282 2160 4345 τῆς
2225 4279 2433 4355 ψυχῆς,
2466 4272 2515 4329 τί
2551 4273 2734 4329 παθὼν
2775 4270 2884 4349 ἐγὼ
2927 4270 3005 4346 μὴ
3052 4269 3304 4365 γενναίως
3457 4271 3711 4348 προσκαί.

337 4383 477 4428 roso
498 4365 698 4428 animo
718 4368 1102 4430 sustinuerim
1125 4366 1551 4447 cruciatus,qui
1581 4385 1831 4447 regnum
1852 4384 1978 4429 cce-

337 4454 532 4517 lorum
584 4455 809 4518 habent
861 4456 1434 4532 remunerationem,
1497 4463 1558 4518 et
1611 4454 1788 4532 bona,
1848 4475 1984 4534 quae

339 4551 479 4605 sunt
501 4551 632 4624 post
661 4544 841 4607 ﬁnem
866 4564 976 4607 nos
996 4550 1409 4626 exceptura,et
1429 4552 1717 4626 perpetuo
1736 4543 1981 4608 futura?

339 4631 459 4696 Sed
490 4632 776 4713 quamdiu
810 4651 915 4696 vos
945 4633 1203 4714 maligne
1231 4642 1426 4696 vestra
1444 4643 1661 4715 sponte
1680 4652 1783 4696 vos
1812 4651 1983 4714 gere-

337 4721 653 4801 tis,contra
667 4729 782 4784 tam
802 4723 1181 4786 manifestam
1201 4723 1632 4787 contendentes
1648 4723 1986 4787 veritatem?

336 4811 487 4875 adeo
517 4819 583 4874 ut
612 4813 704 4875 vel
765 4814 878 4877 hoc
935 4814 1247 4896 plumbum
1300 4824 1519 4878 vestras
1568 4814 1808 4877 malitiae
1835 4814 1987 4877 ferat

336 4902 769 4979 testimonium,
802 4912 864 4966 et
914 4903 1130 4966 multos
1182 4902 1380 4967 tradat
1409 4904 1559 4985 igni,
1593 4905 1691 4986 qui
1721 4923 1841 4967 non
1872 4924 1983 4987 po«-

336 5000 456 5056 test
483 4992 804 5074 exstingui,
823 5001 900 5063 ut
928 4992 1303 5075 impietatem
1334 5003 1590 5058 vestram
1630 4994 1984 5058 immedica-

338 5080 520 5146 bilem
553 5083 761 5166 puniat
789 5083 850 5146 in
871 5091 1160 5147 aeternum
1186 5083 1218 5144 ?
1237 5086 1433 5166 Atque
1456 5084 1555 5148 ille
1584 5084 1827 5166 quidem
1861 5085 1988 5149 hac

344 5171 602 5249 dicebat,
664 5173 862 5237 divina
916 5175 1048 5254 ejus
1101 5192 1210 5237 cor
1273 5173 1565 5255 implente
1617 5175 1828 5253 gratia.
1888 5174 1982 5238 Illi

338 5275 536 5326 autem
570 5263 728 5344 (vilia
756 5265 919 5326 enim
949 5272 1110 5335 sunt,
1142 5263 1477 5328 aitdivinus
1500 5266 1613 5328 Job
1644 5268 1696 5346 4,
1727 5265 1852 5328 veri
1874 5264 1984 5327 viri

335 5352 538 5429 verba)
567 5371 702 5415 eum
726 5351 939 5434 nugari
970 5361 1245 5433 putantes
1275 5364 1336 5416 et
1363 5354 1528 5437 loqui
1560 5363 1814 5436 temere,
1853 5355 1982 5418 fer-

337 5457 484 5502 vens
512 5441 708 5505 adhuc
748 5440 1060 5524 plumbum
1084 5448 1144 5505 et
1169 5442 1334 5505 valde
1362 5444 1629 5508 candens
1660 5445 1722 5507 in
1752 5446 1983 5509 nudum

420 5630 453 5683 4
480 5629 613 5694 Job.
647 5648 768 5710 xu,
798 5629 897 5694 24.

2063 4388 2184 4445 ρους
2241 4367 2426 4428 ταύτας
2479 4362 2824 4437 ὑπομείναιμι
2876 4360 3157 4436 τιμωρίας,
3216 4356 3487 4436 βασιλείαν
3545 4361 3708 4435 οὖρα-

2064 4457 2168 4514 νῶν
2223 4454 2455 4534 ἐχούσας
2511 4451 2867 4527 ἀντιμισθίαν,
2917 4452 3009 4508 καὶ
3052 4449 3222 4529 ἀγαθὰ
3269 4449 3337 4506 τά
3392 4450 3527 4526 μετᾶ
3557 4448 3710 4513 τέλος

2063 4549 2207 4623 ἡμᾶς
2268 4541 2583 4621 ἐκδεξόμενα
2639 4541 2732 4599 καὶ
2786 4538 2872 4598 διὰ
2923 4541 3121 4604 παντὸς
3157 4538 3479 4615 θάλψοντα;
3545 4537 3716 4597 Ἀλλὰ

2066 4637 2230 4717 μέχρι
2273 4635 2412 4699 τίνος
2473 4630 2869 4701 ἐθελονακεϊτε,
2915 4631 3047 4708 πρὸς
3101 4626 3259 4717 οὕτω
3292 4629 3521 4709 φανερὲν
3550 4628 3716 4709 φιλο-

2068 4731 2363 4787 νεικοῦντες
2420 4720 2710 4801 ἀλήθειαν,
2763 4719 2858 4777 τίνα
2933 4720 3023 4777 καὶ
3079 4716 3331 4796 μόλιϐδος
3405 4718 3558 4782 οὗτος
3614 4719 3715 4788 τῆς

2065 4816 2214 4891 ὑμῶν
2254 4814 2441 4875 κακίας
2477 4807 2760 4890 μαρτύριον
2810 4813 2869 4885 ᾗ,
2931 4810 3022 4865 καὶ
3064 4807 3294 4874 πολλοὺς
3344 4815 3423 4884 τῷ
3476 4807 3722 4881 ἀσϐέστῳ

2067 4901 2287 4983 παραδῶ
2339 4902 2508 4982 πυρὶ,
2571 4900 2784 4956 ἀνίατον
2824 4895 3074 4955 ἀσέϐειαν
3128 4896 3407 4971 κολάζοντι
3468 4899 3716 4971 αἰωνίως,

2072 4985 2129 5051 ’0
2183 4992 2282 5067 μὲν
2338 4992 2425 5048 οὗν
2467 4995 2686 5047 τοιαότα
2740 4987 2918 5066 ἔλεγε,
2980 4988 3120 5050 θείας
3151 4988 3375 5069 χάριτος
3404 4986 3718 5067 πληρούσης

2068 5085 2227 5141 αὑτοῦ
2254 5086 2353 5150 τὴν
2381 5078 2618 5159 καρδίαν.
2653 5082 2713 5139 Οἱ
2743 5077 2821 5159 δὲ,
2861 5100 2886 5134 ιι
2917 5077 3102 5137 Φαῦλα
3129 5080 3292 5160 γὰρ,›
3327 5079 3487 5160 φησὶν
3518 5081 3547 5136 6
3574 5081 3719 5143 θεῖος

2067 5172 2211 5254 Ἰὼϐ,
2251 5192 2276 5230 ι
2311 5168 2498 5251 ἀνδρὸς
2555 5169 2810 5238 ἀληθινοῦ
2854 5169 3091 5247 ῥήματα,
3132 5192 3156 5230 υ
3192 5180 3383 5250 ληρεῖν
3410 5169 3573 5226 αὐτὸν
3602 5169 3721 5236 οἰη-

2062 5263 2237 5327 θέντες
2295 5260 2393 5319 καῖ
2452 5262 2570 5328 εἰκῆ
2614 5260 2956 5341 φθέγγεσθαι,
3002 5258 3191 5330 ζέοντα
3237 5266 3329 5316 τὸν
3359 5256 3611 5335 μόλιϐδον
3643 5257 3719 5315 ἔτι

2065 5355 2153 5413 καὶ
2184 5352 2433 5432 διάπυρον
2461 5353 2698 5432 ἰσχυρῶς
2758 5349 2845 5407 ἐπὶ
2901 5355 3116 5429 γυμνῶν
3167 5352 3273 5409 τῶν
3317 5351 3500 5408 νώτων
3556 5350 3723 5411 αὑτοῦ

2066 5442 2422 5524 καταχέουσι.
2484 5444 2581 5499 Καὶ
2633 5443 2661 5498 6
2715 5436 2965 5517 μόλιϐδος
3024 5438 3352 5506 ἐπιπολαίως
3402 5438 3537 5498 αὔτα
3564 5436 3720 5497 δίεισι
