  <div class='ocr_page' id='page_1' title='image "/cluster/home/n/w/nwhite01/storage/ocr_20150623/116/mdp.39015008903554/266.png"; bbox 0 0 4056 6142; ppageno 0'>
   <div class='ocr_carea' id='block_1_1' title="bbox 328 292 443 363">
    <p class='ocr_par' dir='ltr' id='par_1_1' title="bbox 328 292 443 363">
     <span class='ocr_line' id='line_1_1' title="bbox 328 292 443 363; baseline -0.017 0"><span class='ocrx_word' id='word_1_1' title='bbox 328 292 443 363; x_wconf 85' lang='grc'><strong>51⁵7</strong></span> 
     </span>
    </p>
   </div>
   <div class='ocr_carea' id='block_1_2' title="bbox 1250 280 2767 393">
    <p class='ocr_par' dir='ltr' id='par_1_2' title="bbox 1250 280 2767 393">
     <span class='ocr_line' id='line_1_2' title="bbox 1250 280 2767 393; baseline -0.005 -34"><span class='ocrx_word' id='word_1_2' title='bbox 1250 293 1721 360; x_wconf 85' lang='lat' dir='ltr'><strong>MARTYRIUM</strong></span> <span class='ocrx_word' id='word_1_3' title='bbox 1769 280 1832 355; x_wconf 83' lang='lat' dir='ltr'><strong>S.</strong></span> <span class='ocrx_word' id='word_1_4' title='bbox 1879 286 2168 355; x_wconf 82' lang='lat' dir='ltr'><strong>THYRSI</strong></span> <span class='ocrx_word' id='word_1_5' title='bbox 2223 283 2318 353; x_wconf 86' lang='lat' dir='ltr'><strong>ET</strong></span> <span class='ocrx_word' id='word_1_6' title='bbox 2363 287 2767 355; x_wconf 84' lang='lat' dir='ltr'><strong>SOCIORUM.</strong></span> 
     </span>
    </p>
   </div>
   <div class='ocr_carea' id='block_1_3' title="bbox 3577 282 3693 359">
    <p class='ocr_par' dir='ltr' id='par_1_3' title="bbox 3577 282 3693 359">
     <span class='ocr_line' id='line_1_3' title="bbox 3577 282 3693 359; baseline 0.026 -4"><span class='ocrx_word' id='word_1_7' title='bbox 3577 282 3693 359; x_wconf 76' lang='grc'><strong>518</strong></span> 
     </span>
    </p>
   </div>
   <div class='ocr_carea' id='block_1_4' title="bbox 328 423 1972 509">
    <p class='ocr_par' dir='ltr' id='par_1_4' title="bbox 328 424 1972 509">
     <span class='ocr_line' id='line_1_4' title="bbox 328 424 1972 509; baseline -0.003 -21"><span class='ocrx_word' id='word_1_8' title='bbox 328 434 416 489; x_wconf 83' lang='grc' dir='ltr'><strong>καὶ</strong></span> <span class='ocrx_word' id='word_1_9' title='bbox 471 429 682 509; x_wconf 79' lang='grc' dir='ltr'>κούφως</span> <span class='ocrx_word' id='word_1_10' title='bbox 742 429 805 485; x_wconf 79' lang='grc' dir='ltr'>τὸ</span> <span class='ocrx_word' id='word_1_11' title='bbox 832 428 1081 507; x_wconf 86' lang='grc' dir='ltr'>παράπαν</span> <span class='ocrx_word' id='word_1_12' title='bbox 1114 424 1261 485; x_wconf 73' lang='grc' dir='ltr'>οὗδέν</span> <span class='ocrx_word' id='word_1_13' title='bbox 1289 427 1685 504; x_wconf 80' lang='grc' dir='ltr'>λυμηνάμενος,</span> <span class='ocrx_word' id='word_1_14' title='bbox 1731 426 1972 483; x_wconf 76' lang='grc' dir='ltr'>Ἐκεῖθεν</span> 
     </span>
    </p>
   </div>
   <div class='ocr_carea' id='block_1_5' title="bbox 2058 423 3695 509">
    <p class='ocr_par' dir='ltr' id='par_1_5' title="bbox 2060 423 3695 507">
     <span class='ocr_line' id='line_1_5' title="bbox 2060 423 3695 507; baseline 0.002 -21"><span class='ocrx_word' id='word_1_15' title='bbox 2060 425 2194 505; x_wconf 84' lang='lat' dir='ltr'><strong>ejus</strong></span> <span class='ocrx_word' id='word_1_16' title='bbox 2226 433 2453 506; x_wconf 80' lang='lat' dir='ltr'><strong>tergum</strong></span> <span class='ocrx_word' id='word_1_17' title='bbox 2484 426 2818 490; x_wconf 74' lang='lat' dir='ltr'><strong>effundunt.</strong></span> <span class='ocrx_word' id='word_1_18' title='bbox 2855 423 3170 488; x_wconf 87' lang='lat' dir='ltr'><strong>Plumbum</strong></span> <span class='ocrx_word' id='word_1_19' title='bbox 3197 442 3334 486; x_wconf 84' lang='lat' dir='ltr'><strong>vero</strong></span> <span class='ocrx_word' id='word_1_20' title='bbox 3366 423 3426 486; x_wconf 93' lang='lat' dir='ltr'><strong>in</strong></span> <span class='ocrx_word' id='word_1_21' title='bbox 3448 427 3695 507; x_wconf 81' lang='lat' dir='ltr'><strong>superﬁ-</strong></span> 
     </span>
    </p>
   </div>
   <div class='ocr_carea' id='block_1_6' title="bbox 327 516 1970 598">
    <p class='ocr_par' dir='ltr' id='par_1_6' title="bbox 327 516 1970 598">
     <span class='ocr_line' id='line_1_6' title="bbox 327 516 1970 598; baseline -0.004 -21"><span class='ocrx_word' id='word_1_22' title='bbox 327 520 383 577; x_wconf 76' lang='grc' dir='ltr'>δὲ</span> <span class='ocrx_word' id='word_1_23' title='bbox 413 519 604 598; x_wconf 85' lang='grc' dir='ltr'>ἇθρόυν</span> <span class='ocrx_word' id='word_1_24' title='bbox 658 519 896 592; x_wconf 83' lang='grc' dir='ltr'>καθάπερ</span> <span class='ocrx_word' id='word_1_25' title='bbox 948 539 1000 574; x_wconf 86' lang='grc' dir='ltr'>τι.</span> <span class='ocrx_word' id='word_1_26' title='bbox 1053 518 1217 594; x_wconf 78' lang='grc' dir='ltr'>ῥευμα</span> <span class='ocrx_word' id='word_1_27' title='bbox 1269 518 1609 597; x_wconf 85' lang='grc' dir='ltr'>μετενεχθεὶς</span> <span class='ocrx_word' id='word_1_28' title='bbox 1654 516 1830 596; x_wconf 81' lang='grc' dir='ltr'>(ἔργον</span> <span class='ocrx_word' id='word_1_29' title='bbox 1872 523 1970 584; x_wconf 83' lang='grc' dir='ltr'>τῆς</span> 
     </span>
    </p>
   </div>
   <div class='ocr_carea' id='block_1_7' title="bbox 329 605 1971 687">
    <p class='ocr_par' dir='ltr' id='par_1_7' title="bbox 329 605 1971 687">
     <span class='ocr_line' id='line_1_7' title="bbox 329 605 1971 687; baseline -0.001 -23"><span class='ocrx_word' id='word_1_30' title='bbox 329 614 426 677; x_wconf 76' lang='grc' dir='ltr'>σῆς</span> <span class='ocrx_word' id='word_1_31' title='bbox 478 615 657 681; x_wconf 77' lang='grc' dir='ltr'>τοῦτο,</span> <span class='ocrx_word' id='word_1_32' title='bbox 694 607 908 687; x_wconf 78' lang='grc' dir='ltr'>Χριστὲ,</span> <span class='ocrx_word' id='word_1_33' title='bbox 941 605 1262 686; x_wconf 78' lang='grc' dir='ltr'>δυνάμεως),</span> <span class='ocrx_word' id='word_1_34' title='bbox 1324 605 1555 670; x_wconf 86' lang='grc' dir='ltr'>πολλοὺς</span> <span class='ocrx_word' id='word_1_35' title='bbox 1614 607 1824 686; x_wconf 76' lang='grc' dir='ltr'>ἀναιρεῖ</span> <span class='ocrx_word' id='word_1_36' title='bbox 1865 613 1971 663; x_wconf 86' lang='grc' dir='ltr'><strong>τῶν</strong></span> 
     </span>
    </p>
   </div>
   <div class='ocr_carea' id='block_1_8' title="bbox 314 689 1968 773">
    <p class='ocr_par' dir='ltr' id='par_1_8' title="bbox 314 689 1968 773">
     <span class='ocr_line' id='line_1_8' title="bbox 314 689 1968 773; baseline -0.002 -16"><span class='ocrx_word' id='word_1_37' title='bbox 314 699 583 759; x_wconf 73' lang='grc' dir='ltr'>ἀπίστων.</span> <span class='ocrx_word' id='word_1_38' title='bbox 657 689 716 755; x_wconf 66' lang='grc' dir='ltr'>Ὀ</span> <span class='ocrx_word' id='word_1_39' title='bbox 774 698 873 772; x_wconf 77' lang='grc' dir='ltr'>μὲν</span> <span class='ocrx_word' id='word_1_40' title='bbox 931 696 1020 754; x_wconf 79' lang='grc' dir='ltr'><strong>οὖν</strong></span> <span class='ocrx_word' id='word_1_41' title='bbox 1064 697 1265 773; x_wconf 81' lang='grc' dir='ltr'>μάρτυς</span> <span class='ocrx_word' id='word_1_42' title='bbox 1323 693 1563 763; x_wconf 77' lang='grc' dir='ltr'>ἀϐλαϐὴς</span> <span class='ocrx_word' id='word_1_43' title='bbox 1626 697 1724 764; x_wconf 73' lang='grc' dir='ltr'><strong>τῆς</strong></span> <span class='ocrx_word' id='word_1_44' title='bbox 1781 696 1968 765; x_wconf 79' lang='grc' dir='ltr'>κλίνης</span> 
     </span>
    </p>
   </div>
   <div class='ocr_carea' id='block_1_9' title="bbox 317 783 1968 866">
    <p class='ocr_par' dir='ltr' id='par_1_9' title="bbox 317 783 1968 866">
     <span class='ocr_line' id='line_1_9' title="bbox 317 783 1968 866; baseline -0.001 -21"><span class='ocrx_word' id='word_1_45' title='bbox 317 788 602 846; x_wconf 77' lang='grc' dir='ltr'>ἀνίσταται</span> <span class='ocrx_word' id='word_1_46' title='bbox 637 802 652 818; x_wconf 84' lang='grc'><strong><em>⁸</em></strong></span> <span class='ocrx_word' id='word_1_47' title='bbox 713 788 776 843; x_wconf 79' lang='grc' dir='ltr'>τὸ</span> <span class='ocrx_word' id='word_1_48' title='bbox 832 790 1004 859; x_wconf 80' lang='grc' dir='ltr'>θαῦμα</span> <span class='ocrx_word' id='word_1_49' title='bbox 1052 784 1108 841; x_wconf 74' lang='grc' dir='ltr'>δὲ</span> <span class='ocrx_word' id='word_1_50' title='bbox 1167 783 1430 866; x_wconf 77' lang='grc' dir='ltr'><strong>περιδεεῖς</strong></span> <span class='ocrx_word' id='word_1_51' title='bbox 1475 785 1671 866; x_wconf 79' lang='grc' dir='ltr'>σφόδρα</span> <span class='ocrx_word' id='word_1_52' title='bbox 1716 787 1836 851; x_wconf 79' lang='grc' dir='ltr'>τοὺς</span> <span class='ocrx_word' id='word_1_53' title='bbox 1870 809 1968 844; x_wconf 83' lang='grc' dir='ltr'>πα-</span> 
     </span>
    </p>
   </div>
   <div class='ocr_carea' id='block_1_10' title="bbox 316 874 1969 957">
    <p class='ocr_par' dir='ltr' id='par_1_10' title="bbox 316 874 1969 957">
     <span class='ocr_line' id='line_1_10' title="bbox 316 874 1969 957; baseline -0.002 -21"><span class='ocrx_word' id='word_1_54' title='bbox 316 879 505 957; x_wconf 88' lang='grc' dir='ltr'>ρόντας</span> <span class='ocrx_word' id='word_1_55' title='bbox 536 876 839 955; x_wconf 61' lang='grc' dir='ltr'>ἐργάζεται,</span> <span class='ocrx_word' id='word_1_56' title='bbox 874 875 1011 933; x_wconf 77' lang='grc' dir='ltr'>πάνυ</span> <span class='ocrx_word' id='word_1_57' title='bbox 1067 874 1120 932; x_wconf 72' lang='grc' dir='ltr'>δὲ</span> <span class='ocrx_word' id='word_1_58' title='bbox 1185 878 1272 933; x_wconf 83' lang='grc' dir='ltr'><strong>καὶ</strong></span> <span class='ocrx_word' id='word_1_59' title='bbox 1327 876 1482 933; x_wconf 79' lang='grc' dir='ltr'>αὑτὸν</span> <span class='ocrx_word' id='word_1_60' title='bbox 1531 874 1817 943; x_wconf 60' lang='grc' dir='ltr'>ἐκπλήττει</span> <span class='ocrx_word' id='word_1_61' title='bbox 1877 879 1969 933; x_wconf 82' lang='grc' dir='ltr'><strong>τὸν</strong></span> 
     </span>
    </p>
   </div>
   <div class='ocr_carea' id='block_1_11' title="bbox 318 968 583 1046">
    <p class='ocr_par' dir='ltr' id='par_1_11' title="bbox 318 968 583 1046">
     <span class='ocr_line' id='line_1_11' title="bbox 318 968 583 1046; baseline 0.008 -22"><span class='ocrx_word' id='word_1_62' title='bbox 318 971 454 1046; x_wconf 77' lang='grc' dir='ltr'>ἧγεμ</span> <span class='ocrx_word' id='word_1_63' title='bbox 463 968 559 1024; x_wconf 86' lang='grc' dir='ltr'><strong>όνα</strong></span> <span class='ocrx_word' id='word_1_64' title='bbox 571 1014 583 1026; x_wconf 95' lang='grc'>.</span> 
     </span>
    </p>
   </div>
   <div class='ocr_carea' id='block_1_12' title="bbox 402 1230 1966 1311">
    <p class='ocr_par' dir='ltr' id='par_1_12' title="bbox 402 1230 1966 1311">
     <span class='ocr_line' id='line_1_12' title="bbox 402 1230 1966 1311; baseline -0.002 -21"><span class='ocrx_word' id='word_1_65' title='bbox 402 1232 493 1295; x_wconf 83' lang='lat'><strong>8’.</strong></span> <span class='ocrx_word' id='word_1_66' title='bbox 540 1231 692 1301; x_wconf 73' lang='grc' dir='ltr'>Πλὴν</span> <span class='ocrx_word' id='word_1_67' title='bbox 719 1231 858 1290; x_wconf 80' lang='grc' dir='ltr'>ἀλλὰ</span> <span class='ocrx_word' id='word_1_68' title='bbox 887 1230 1002 1289; x_wconf 81' lang='grc' dir='ltr'>δέον</span> <span class='ocrx_word' id='word_1_69' title='bbox 1032 1243 1289 1311; x_wconf 72' lang='grc' dir='ltr'>συνεῖναι,</span> <span class='ocrx_word' id='word_1_70' title='bbox 1326 1233 1413 1288; x_wconf 83' lang='grc' dir='ltr'>γαὶ</span> <span class='ocrx_word' id='word_1_71' title='bbox 1441 1232 1519 1295; x_wconf 80' lang='grc' dir='ltr'><strong>τίς</strong></span> <span class='ocrx_word' id='word_1_72' title='bbox 1555 1232 1582 1288; x_wconf 82' lang='grc' dir='ltr'><strong>δ</strong></span> <span class='ocrx_word' id='word_1_73' title='bbox 1626 1237 1841 1288; x_wconf 80' lang='grc' dir='ltr'>τοιαῦτα</span> <span class='ocrx_word' id='word_1_74' title='bbox 1873 1230 1966 1287; x_wconf 85' lang='grc' dir='ltr'>δυ-</span> 
     </span>
    </p>
   </div>
   <div class='ocr_carea' id='block_1_13' title="bbox 323 1319 1968 1401">
    <p class='ocr_par' dir='ltr' id='par_1_13' title="bbox 323 1319 1968 1401">
     <span class='ocr_line' id='line_1_13' title="bbox 323 1319 1968 1401; baseline -0.001 -22"><span class='ocrx_word' id='word_1_75' title='bbox 323 1325 476 1386; x_wconf 79' lang='grc' dir='ltr'>νατὸς</span> <span class='ocrx_word' id='word_1_76' title='bbox 507 1335 689 1379; x_wconf 80' lang='grc' dir='ltr'><strong>ποιεῖν</strong></span> <span class='ocrx_word' id='word_1_77' title='bbox 730 1321 1042 1401; x_wconf 71' lang='grc' dir='ltr'><strong>ἐπιγνῶναι,</strong></span> <span class='ocrx_word' id='word_1_78' title='bbox 1102 1323 1130 1377; x_wconf 83' lang='grc' dir='ltr'>ὁ</span> <span class='ocrx_word' id='word_1_79' title='bbox 1186 1319 1241 1376; x_wconf 74' lang='grc' dir='ltr'>δὲ</span> <span class='ocrx_word' id='word_1_80' title='bbox 1288 1323 1484 1400; x_wconf 72' lang='grc' dir='ltr'>τυφλὸς</span> <span class='ocrx_word' id='word_1_81' title='bbox 1540 1320 1607 1389; x_wconf 81' lang='grc' dir='ltr'>ἦν</span> <span class='ocrx_word' id='word_1_82' title='bbox 1649 1321 1968 1401; x_wconf 75' lang='grc' dir='ltr'><strong>αὐτόχρημα</strong></span> 
     </span>
    </p>
   </div>
   <div class='ocr_carea' id='block_1_14' title="bbox 322 1406 1964 1490">
    <p class='ocr_par' dir='ltr' id='par_1_14' title="bbox 322 1406 1964 1490">
     <span class='ocr_line' id='line_1_14' title="bbox 322 1406 1964 1490; baseline -0.002 -22"><span class='ocrx_word' id='word_1_83' title='bbox 322 1411 616 1475; x_wconf 73' lang='grc' dir='ltr'><strong>ἐθελούσιος</strong></span> <span class='ocrx_word' id='word_1_84' title='bbox 651 1430 669 1449; x_wconf 77' lang='grc' dir='ltr'><strong>ο</strong></span> <span class='ocrx_word' id='word_1_85' title='bbox 711 1435 734 1467; x_wconf 78' lang='grc' dir='ltr'><strong>ε</strong></span> <span class='ocrx_word' id='word_1_86' title='bbox 774 1410 959 1468; x_wconf 76' lang='grc' dir='ltr'>Εἴδετε</span> <span class='ocrx_word' id='word_1_87' title='bbox 990 1411 1091 1489; x_wconf 79' lang='grc' dir='ltr'>γὰρ</span> <span class='ocrx_word' id='word_1_88' title='bbox 1141 1407 1449 1483; x_wconf 72' lang='grc' dir='ltr'>πλεονάκις,</span> <span class='ocrx_word' id='word_1_89' title='bbox 1487 1434 1516 1465; x_wconf 63' lang='grc' dir='ltr'><strong>ι</strong></span> <span class='ocrx_word' id='word_1_90' title='bbox 1553 1406 1783 1474; x_wconf 73' lang='grc' dir='ltr'>Ἠσαίας</span> <span class='ocrx_word' id='word_1_91' title='bbox 1814 1410 1964 1490; x_wconf 75' lang='grc' dir='ltr'>φησὶ,</span> 
     </span>
    </p>
   </div>
   <div class='ocr_carea' id='block_1_15' title="bbox 328 1498 1972 1581">
    <p class='ocr_par' dir='ltr' id='par_1_15' title="bbox 328 1498 1972 1581">
     <span class='ocr_line' id='line_1_15' title="bbox 328 1498 1972 1581; baseline -0.001 -25"><span class='ocrx_word' id='word_1_92' title='bbox 328 1521 357 1561; x_wconf 70' lang='grc' dir='ltr'>ι</span> <span class='ocrx_word' id='word_1_93' title='bbox 394 1503 481 1557; x_wconf 87' lang='grc' dir='ltr'><strong>καὶ</strong></span> <span class='ocrx_word' id='word_1_94' title='bbox 535 1502 632 1556; x_wconf 79' lang='grc' dir='ltr'>οὑκ</span> <span class='ocrx_word' id='word_1_95' title='bbox 689 1498 1030 1581; x_wconf 67' lang='grc' dir='ltr'>ἐφυλάξασθε.</span> <span class='ocrx_word' id='word_1_96' title='bbox 1064 1499 1404 1578; x_wconf 80' lang='grc' dir='ltr'>Ἀνεῳγμένα</span> <span class='ocrx_word' id='word_1_97' title='bbox 1447 1500 1513 1555; x_wconf 76' lang='grc' dir='ltr'>τὰ</span> <span class='ocrx_word' id='word_1_98' title='bbox 1541 1501 1652 1555; x_wconf 82' lang='grc' dir='ltr'>ὦτα</span> <span class='ocrx_word' id='word_1_99' title='bbox 1683 1500 1853 1575; x_wconf 69' lang='grc' dir='ltr'>ὑμῶν,</span> <span class='ocrx_word' id='word_1_100' title='bbox 1886 1498 1972 1555; x_wconf 84' lang='grc' dir='ltr'><strong>καὶ</strong></span> 
     </span>
    </p>
   </div>
   <div class='ocr_carea' id='block_1_16' title="bbox 328 1589 1971 1668">
    <p class='ocr_par' dir='ltr' id='par_1_16' title="bbox 328 1589 1971 1668">
     <span class='ocr_line' id='line_1_16' title="bbox 328 1589 1971 1668; baseline -0.002 -21"><span class='ocrx_word' id='word_1_101' title='bbox 328 1592 424 1647; x_wconf 61' lang='grc' dir='ltr'><strong>οὒκ</strong></span> <span class='ocrx_word' id='word_1_102' title='bbox 481 1590 825 1658; x_wconf 81' lang='grc' dir='ltr'>είσηκούσατε</span> <span class='ocrx_word' id='word_1_103' title='bbox 851 1607 868 1625; x_wconf 89' lang='grc'><strong>·</strong></span> <span class='ocrx_word' id='word_1_104' title='bbox 920 1609 944 1647; x_wconf 66' lang='grc' dir='ltr'><strong>ε</strong></span> <span class='ocrx_word' id='word_1_105' title='bbox 994 1590 1087 1644; x_wconf 83' lang='grc' dir='ltr'><strong>καὶ</strong></span> <span class='ocrx_word' id='word_1_106' title='bbox 1121 1589 1369 1668; x_wconf 86' lang='grc' dir='ltr'>ὠργίζετο</span> <span class='ocrx_word' id='word_1_107' title='bbox 1399 1589 1534 1646; x_wconf 77' lang='grc' dir='ltr'>κατὰ</span> <span class='ocrx_word' id='word_1_108' title='bbox 1577 1595 1669 1645; x_wconf 78' lang='grc' dir='ltr'><strong>τοῦ</strong></span> <span class='ocrx_word' id='word_1_109' title='bbox 1712 1610 1971 1668; x_wconf 75' lang='grc' dir='ltr'>μαρτυρυς</span> 
     </span>
    </p>
   </div>
   <div class='ocr_carea' id='block_1_17' title="bbox 329 1677 1972 1758">
    <p class='ocr_par' dir='ltr' id='par_1_17' title="bbox 329 1677 1972 1758">
     <span class='ocr_line' id='line_1_17' title="bbox 329 1677 1972 1758; baseline -0.002 -22"><span class='ocrx_word' id='word_1_110' title='bbox 329 1679 562 1753; x_wconf 79' lang='grc' dir='ltr'>μᾶλλον,</span> <span class='ocrx_word' id='word_1_111' title='bbox 624 1679 712 1735; x_wconf 83' lang='grc' dir='ltr'><strong>καὶ</strong></span> <span class='ocrx_word' id='word_1_112' title='bbox 755 1679 951 1757; x_wconf 87' lang='grc' dir='ltr'>γόητα,</span> <span class='ocrx_word' id='word_1_113' title='bbox 998 1678 1087 1734; x_wconf 84' lang='grc' dir='ltr'>καὶ</span> <span class='ocrx_word' id='word_1_114' title='bbox 1145 1680 1445 1758; x_wconf 75' lang='grc' dir='ltr'>φαρμακὸν,</span> <span class='ocrx_word' id='word_1_115' title='bbox 1499 1678 1586 1734; x_wconf 82' lang='grc' dir='ltr'><strong>καὶ</strong></span> <span class='ocrx_word' id='word_1_116' title='bbox 1637 1677 1701 1733; x_wconf 76' lang='grc' dir='ltr'><strong>τὰ</strong></span> <span class='ocrx_word' id='word_1_117' title='bbox 1754 1684 1972 1734; x_wconf 76' lang='grc' dir='ltr'>τοιαῦτα</span> 
     </span>
    </p>
   </div>
   <div class='ocr_carea' id='block_1_18' title="bbox 2055 513 3691 594">
    <p class='ocr_par' dir='ltr' id='par_1_18' title="bbox 2055 513 3691 594">
     <span class='ocr_line' id='line_1_18' title="bbox 2055 513 3691 594; baseline 0.001 -19"><span class='ocrx_word' id='word_1_118' title='bbox 2055 515 2146 576; x_wconf 90' lang='lat' dir='ltr'><strong>cie</strong></span> <span class='ocrx_word' id='word_1_119' title='bbox 2182 523 2410 577; x_wconf 87' lang='lat' dir='ltr'><strong>tantum</strong></span> <span class='ocrx_word' id='word_1_120' title='bbox 2443 522 2499 577; x_wconf 89' lang='lat' dir='ltr'><strong>et</strong></span> <span class='ocrx_word' id='word_1_121' title='bbox 2530 515 2732 576; x_wconf 81' lang='lat' dir='ltr'><strong>leviter</strong></span> <span class='ocrx_word' id='word_1_122' title='bbox 2776 514 2835 576; x_wconf 89' lang='lat' dir='ltr'><strong>id</strong></span> <span class='ocrx_word' id='word_1_123' title='bbox 2888 513 3233 594; x_wconf 76' lang='lat' dir='ltr'><strong>attingebat,</strong></span> <span class='ocrx_word' id='word_1_124' title='bbox 3269 513 3419 576; x_wconf 80' lang='lat' dir='ltr'><strong>nihil</strong></span> <span class='ocrx_word' id='word_1_125' title='bbox 3449 517 3691 577; x_wconf 86' lang='lat' dir='ltr'><strong>omnino</strong></span> 
     </span>
    </p>
   </div>
   <div class='ocr_carea' id='block_1_19' title="bbox 2052 603 3694 685">
    <p class='ocr_par' dir='ltr' id='par_1_19' title="bbox 2052 603 3694 685">
     <span class='ocr_line' id='line_1_19' title="bbox 2052 603 3694 685; baseline 0 -20"><span class='ocrx_word' id='word_1_126' title='bbox 2052 621 2188 665; x_wconf 92' lang='lat' dir='ltr'><strong>eum</strong></span> <span class='ocrx_word' id='word_1_127' title='bbox 2249 605 2582 666; x_wconf 82' lang='lat' dir='ltr'><strong>offendens.</strong></span> <span class='ocrx_word' id='word_1_128' title='bbox 2648 603 2818 666; x_wconf 88' lang='lat' dir='ltr'><strong>Illinc</strong></span> <span class='ocrx_word' id='word_1_129' title='bbox 2868 614 3065 666; x_wconf 89' lang='lat' dir='ltr'><strong>autem</strong></span> <span class='ocrx_word' id='word_1_130' title='bbox 3112 615 3360 685; x_wconf 89' lang='lat' dir='ltr'><strong>repente</strong></span> <span class='ocrx_word' id='word_1_131' title='bbox 3416 611 3694 685; x_wconf 90' lang='lat' dir='ltr'><strong>tanquam</strong></span> 
     </span>
    </p>
   </div>
   <div class='ocr_carea' id='block_1_20' title="bbox 2052 694 3691 776">
    <p class='ocr_par' dir='ltr' id='par_1_20' title="bbox 2052 694 3691 776">
     <span class='ocr_line' id='line_1_20' title="bbox 2052 694 3691 776; baseline 0.001 -22"><span class='ocrx_word' id='word_1_132' title='bbox 2052 694 2333 756; x_wconf 89' lang='lat' dir='ltr'><strong>ﬂuentem</strong></span> <span class='ocrx_word' id='word_1_133' title='bbox 2382 694 2617 776; x_wconf 86' lang='lat' dir='ltr'><strong>aliquod</strong></span> <span class='ocrx_word' id='word_1_134' title='bbox 2711 696 3014 776; x_wconf 84' lang='lat' dir='ltr'><strong>proﬂuens</strong></span> <span class='ocrx_word' id='word_1_135' title='bbox 3079 704 3248 775; x_wconf 80' lang='lat' dir='ltr'><strong>(opus</strong></span> <span class='ocrx_word' id='word_1_136' title='bbox 3333 702 3422 755; x_wconf 90' lang='lat' dir='ltr'><strong>est</strong></span> <span class='ocrx_word' id='word_1_137' title='bbox 3468 694 3605 775; x_wconf 85' lang='lat' dir='ltr'><strong>hoc,</strong></span> <span class='ocrx_word' id='word_1_138' title='bbox 3657 713 3691 755; x_wconf 91' lang='grc' dir='ltr'><strong>ο</strong></span> 
     </span>
    </p>
   </div>
   <div class='ocr_carea' id='block_1_21' title="bbox 2052 782 3694 859">
    <p class='ocr_par' dir='ltr' id='par_1_21' title="bbox 2052 782 3694 859">
     <span class='ocr_line' id='line_1_21' title="bbox 2052 782 3694 859; baseline 0 -14"><span class='ocrx_word' id='word_1_139' title='bbox 2052 782 2306 859; x_wconf 86' lang='lat' dir='ltr'><strong>Christe,</strong></span> <span class='ocrx_word' id='word_1_140' title='bbox 2335 791 2449 846; x_wconf 73' lang='lat' dir='ltr'><strong>tuae</strong></span> <span class='ocrx_word' id='word_1_141' title='bbox 2480 783 2725 857; x_wconf 87' lang='lat' dir='ltr'><strong>virtutis)</strong></span> <span class='ocrx_word' id='word_1_142' title='bbox 2773 783 3066 845; x_wconf 84' lang='lat' dir='ltr'><strong>interimit</strong></span> <span class='ocrx_word' id='word_1_143' title='bbox 3116 783 3333 845; x_wconf 90' lang='lat' dir='ltr'><strong>multos</strong></span> <span class='ocrx_word' id='word_1_144' title='bbox 3389 799 3465 845; x_wconf 81' lang='lat' dir='ltr'><strong>ex</strong></span> <span class='ocrx_word' id='word_1_145' title='bbox 3496 784 3694 846; x_wconf 88' lang='lat' dir='ltr'><strong>incre-</strong></span> 
     </span>
    </p>
   </div>
   <div class='ocr_carea' id='block_1_22' title="bbox 2051 871 3688 954">
    <p class='ocr_par' dir='ltr' id='par_1_22' title="bbox 2051 871 3688 954">
     <span class='ocr_line' id='line_1_22' title="bbox 2051 871 3688 954; baseline -0.001 -21"><span class='ocrx_word' id='word_1_146' title='bbox 2051 872 2430 954; x_wconf 86' lang='lat' dir='ltr'><strong>dulis.Atque</strong></span> <span class='ocrx_word' id='word_1_147' title='bbox 2462 880 2681 954; x_wconf 83' lang='lat' dir='ltr'><strong>martyr</strong></span> <span class='ocrx_word' id='word_1_148' title='bbox 2712 873 2954 954; x_wconf 88' lang='lat' dir='ltr'><strong>quidem</strong></span> <span class='ocrx_word' id='word_1_149' title='bbox 2981 892 3013 934; x_wconf 93' lang='lat' dir='ltr'><strong>e</strong></span> <span class='ocrx_word' id='word_1_150' title='bbox 3044 872 3198 934; x_wconf 89' lang='lat' dir='ltr'><strong>lecto</strong></span> <span class='ocrx_word' id='word_1_151' title='bbox 3222 871 3688 953; x_wconf 69' lang='lat' dir='ltr'><strong>surgitillaasus:</strong></span> 
     </span>
    </p>
   </div>
   <div class='ocr_carea' id='block_1_23' title="bbox 2050 961 3695 1042">
    <p class='ocr_par' dir='ltr' id='par_1_23' title="bbox 2050 961 3695 1042">
     <span class='ocr_line' id='line_1_23' title="bbox 2050 961 3695 1042; baseline 0.002 -20"><span class='ocrx_word' id='word_1_152' title='bbox 2050 962 2398 1023; x_wconf 87' lang='lat' dir='ltr'><strong>miraculum</strong></span> <span class='ocrx_word' id='word_1_153' title='bbox 2434 981 2574 1026; x_wconf 83' lang='lat' dir='ltr'><strong>vero</strong></span> <span class='ocrx_word' id='word_1_154' title='bbox 2608 963 2836 1042; x_wconf 80' lang='lat' dir='ltr'><strong>ingenti</strong></span> <span class='ocrx_word' id='word_1_155' title='bbox 2865 963 3079 1025; x_wconf 80' lang='lat' dir='ltr'><strong>timore</strong></span> <span class='ocrx_word' id='word_1_156' title='bbox 3105 961 3284 1023; x_wconf 84' lang='lat' dir='ltr'><strong>afﬁcit</strong></span> <span class='ocrx_word' id='word_1_157' title='bbox 3308 979 3414 1023; x_wconf 88' lang='lat' dir='ltr'><strong>eos</strong></span> <span class='ocrx_word' id='word_1_158' title='bbox 3436 962 3540 1039; x_wconf 89' lang='lat' dir='ltr'><strong>qui</strong></span> <span class='ocrx_word' id='word_1_159' title='bbox 3560 963 3695 1025; x_wconf 90' lang='lat' dir='ltr'><strong>ade-</strong></span> 
     </span>
    </p>
   </div>
   <div class='ocr_carea' id='block_1_24' title="bbox 2046 1049 3695 1134">
    <p class='ocr_par' dir='ltr' id='par_1_24' title="bbox 2046 1049 3695 1134">
     <span class='ocr_line' id='line_1_24' title="bbox 2046 1049 3695 1134; baseline 0.002 -23"><span class='ocrx_word' id='word_1_160' title='bbox 2046 1058 2217 1124; x_wconf 86' lang='lat' dir='ltr'><strong>rant;</strong></span> <span class='ocrx_word' id='word_1_161' title='bbox 2252 1053 2396 1134; x_wconf 91' lang='lat' dir='ltr'><strong>quin</strong></span> <span class='ocrx_word' id='word_1_162' title='bbox 2424 1053 2600 1114; x_wconf 90' lang='lat' dir='ltr'><strong>etiam</strong></span> <span class='ocrx_word' id='word_1_163' title='bbox 2636 1052 2830 1133; x_wconf 86' lang='lat' dir='ltr'><strong>ipsum</strong></span> <span class='ocrx_word' id='word_1_164' title='bbox 2868 1051 3178 1132; x_wconf 85' lang='lat' dir='ltr'><strong>praesidem</strong></span> <span class='ocrx_word' id='word_1_165' title='bbox 3210 1049 3379 1112; x_wconf 85' lang='lat' dir='ltr'><strong>valde</strong></span> <span class='ocrx_word' id='word_1_166' title='bbox 3406 1050 3695 1133; x_wconf 84' lang='lat' dir='ltr'><strong>obstupe-</strong></span> 
     </span>
    </p>
   </div>
   <div class='ocr_carea' id='block_1_25' title="bbox 2050 1140 2219 1202">
    <p class='ocr_par' dir='ltr' id='par_1_25' title="bbox 2050 1140 2219 1202">
     <span class='ocr_line' id='line_1_25' title="bbox 2050 1140 2219 1202; baseline 0 -1"><span class='ocrx_word' id='word_1_167' title='bbox 2050 1140 2219 1202; x_wconf 88' lang='lat' dir='ltr'><strong>facit.</strong></span> 
     </span>
    </p>
   </div>
   <div class='ocr_carea' id='block_1_26' title="bbox 2131 1229 3691 1312">
    <p class='ocr_par' dir='ltr' id='par_1_26' title="bbox 2131 1229 3691 1312">
     <span class='ocr_line' id='line_1_26' title="bbox 2131 1229 3691 1312; baseline 0.001 -19"><span class='ocrx_word' id='word_1_168' title='bbox 2131 1229 2228 1295; x_wconf 91' lang='lat' dir='ltr'><strong>lX.</strong></span> <span class='ocrx_word' id='word_1_169' title='bbox 2265 1230 2549 1294; x_wconf 79' lang='lat' dir='ltr'><strong>Caeterum</strong></span> <span class='ocrx_word' id='word_1_170' title='bbox 2588 1250 2721 1293; x_wconf 89' lang='lat' dir='ltr'><strong>cum</strong></span> <span class='ocrx_word' id='word_1_171' title='bbox 2746 1238 3048 1312; x_wconf 77' lang='lat' dir='ltr'><strong>oporteret</strong></span> <span class='ocrx_word' id='word_1_172' title='bbox 3072 1229 3410 1310; x_wconf 78' lang='lat' dir='ltr'><strong>intelligere</strong></span> <span class='ocrx_word' id='word_1_173' title='bbox 3433 1239 3490 1293; x_wconf 87' lang='lat' dir='ltr'><strong>et</strong></span> <span class='ocrx_word' id='word_1_174' title='bbox 3510 1249 3691 1312; x_wconf 79' lang='lat' dir='ltr'><strong>agno-</strong></span> 
     </span>
    </p>
   </div>
   <div class='ocr_carea' id='block_1_27' title="bbox 2051 1320 3699 1401">
    <p class='ocr_par' dir='ltr' id='par_1_27' title="bbox 2051 1320 3699 1401">
     <span class='ocr_line' id='line_1_27' title="bbox 2051 1320 3699 1401; baseline 0.003 -21"><span class='ocrx_word' id='word_1_175' title='bbox 2051 1337 2219 1383; x_wconf 88' lang='lat' dir='ltr'><strong>scere</strong></span> <span class='ocrx_word' id='word_1_176' title='bbox 2252 1321 2526 1401; x_wconf 86' lang='lat' dir='ltr'><strong>quisnam</strong></span> <span class='ocrx_word' id='word_1_177' title='bbox 2561 1329 2744 1395; x_wconf 83' lang='lat' dir='ltr'><strong>esset,</strong></span> <span class='ocrx_word' id='word_1_178' title='bbox 2780 1320 2878 1401; x_wconf 90' lang='lat' dir='ltr'><strong>qui</strong></span> <span class='ocrx_word' id='word_1_179' title='bbox 2912 1327 3111 1401; x_wconf 85' lang='lat' dir='ltr'><strong>posset</strong></span> <span class='ocrx_word' id='word_1_180' title='bbox 3166 1320 3292 1381; x_wconf 72' lang='lat' dir='ltr'><strong>haac</strong></span> <span class='ocrx_word' id='word_1_181' title='bbox 3320 1320 3537 1398; x_wconf 87' lang='lat' dir='ltr'><strong>facere,</strong></span> <span class='ocrx_word' id='word_1_182' title='bbox 3571 1331 3699 1385; x_wconf 88' lang='lat' dir='ltr'><strong>erat</strong></span> 
     </span>
    </p>
   </div>
   <div class='ocr_carea' id='block_1_28' title="bbox 2054 1407 3694 1493">
    <p class='ocr_par' dir='ltr' id='par_1_28' title="bbox 2054 1407 3694 1493">
     <span class='ocr_line' id='line_1_28' title="bbox 2054 1407 3694 1493; baseline 0.003 -24"><span class='ocrx_word' id='word_1_183' title='bbox 2054 1408 2158 1470; x_wconf 90' lang='lat' dir='ltr'><strong>ille</strong></span> <span class='ocrx_word' id='word_1_184' title='bbox 2183 1428 2289 1472; x_wconf 85' lang='lat' dir='ltr'><strong>sua</strong></span> <span class='ocrx_word' id='word_1_185' title='bbox 2338 1418 2548 1491; x_wconf 87' lang='lat' dir='ltr'><strong>sponte</strong></span> <span class='ocrx_word' id='word_1_186' title='bbox 2583 1428 2719 1471; x_wconf 84' lang='lat' dir='ltr'><strong>vere</strong></span> <span class='ocrx_word' id='word_1_187' title='bbox 2750 1428 2939 1472; x_wconf 64' lang='lat' dir='ltr'><strong>caecus</strong></span> <span class='ocrx_word' id='word_1_188' title='bbox 2977 1427 2990 1471; x_wconf 90' lang='lat'><strong>:</strong></span> <span class='ocrx_word' id='word_1_189' title='bbox 3031 1407 3272 1470; x_wconf 87' lang='lat' dir='ltr'><strong>Vidistis</strong></span> <span class='ocrx_word' id='word_1_190' title='bbox 3304 1409 3462 1471; x_wconf 92' lang='lat' dir='ltr'><strong>enim</strong></span> <span class='ocrx_word' id='word_1_191' title='bbox 3514 1426 3694 1493; x_wconf 80' lang='lat' dir='ltr'><strong>saepe,</strong></span> 
     </span>
    </p>
   </div>
   <div class='ocr_carea' id='block_1_29' title="bbox 2054 1498 3699 1580">
    <p class='ocr_par' dir='ltr' id='par_1_29' title="bbox 2054 1498 3699 1580">
     <span class='ocr_line' id='line_1_29' title="bbox 2054 1498 3699 1580; baseline 0.002 -20"><span class='ocrx_word' id='word_1_192' title='bbox 2054 1499 2248 1580; x_wconf 88' lang='lat' dir='ltr'><strong>inquit</strong></span> <span class='ocrx_word' id='word_1_193' title='bbox 2278 1501 2482 1575; x_wconf 88' lang='lat' dir='ltr'><strong>Isaias,</strong></span> <span class='ocrx_word' id='word_1_194' title='bbox 2519 1508 2576 1562; x_wconf 91' lang='lat' dir='ltr'><strong>et</strong></span> <span class='ocrx_word' id='word_1_195' title='bbox 2630 1518 2750 1561; x_wconf 92' lang='lat' dir='ltr'><strong>non</strong></span> <span class='ocrx_word' id='word_1_196' title='bbox 2801 1498 3211 1570; x_wconf 85' lang='lat' dir='ltr'><strong>custodiistis;</strong></span> <span class='ocrx_word' id='word_1_197' title='bbox 3260 1505 3480 1579; x_wconf 62' lang='lat' dir='ltr'><strong>apertas</strong></span> <span class='ocrx_word' id='word_1_198' title='bbox 3525 1518 3699 1563; x_wconf 86' lang='lat' dir='ltr'><strong>aures</strong></span> 
     </span>
    </p>
   </div>
   <div class='ocr_carea' id='block_1_30' title="bbox 2054 1585 3701 1666">
    <p class='ocr_par' dir='ltr' id='par_1_30' title="bbox 2054 1585 3701 1666">
     <span class='ocr_line' id='line_1_30' title="bbox 2054 1585 3701 1666; baseline 0.001 -17"><span class='ocrx_word' id='word_1_199' title='bbox 2054 1597 2284 1666; x_wconf 58' lang='lat' dir='ltr'><strong>vestras,</strong></span> <span class='ocrx_word' id='word_1_200' title='bbox 2343 1598 2401 1651; x_wconf 86' lang='lat' dir='ltr'><strong>et</strong></span> <span class='ocrx_word' id='word_1_201' title='bbox 2433 1608 2549 1651; x_wconf 91' lang='lat' dir='ltr'><strong>non</strong></span> <span class='ocrx_word' id='word_1_202' title='bbox 2582 1588 2893 1652; x_wconf 86' lang='lat' dir='ltr'><strong>audivistis</strong></span> <span class='ocrx_word' id='word_1_203' title='bbox 2919 1590 2971 1648; x_wconf 80' lang='lat'><strong>5.</strong></span> <span class='ocrx_word' id='word_1_204' title='bbox 3021 1585 3092 1649; x_wconf 90' lang='lat' dir='ltr'><strong>Et</strong></span> <span class='ocrx_word' id='word_1_205' title='bbox 3138 1588 3329 1666; x_wconf 71' lang='lat' dir='ltr'><strong>magis</strong></span> <span class='ocrx_word' id='word_1_206' title='bbox 3382 1587 3565 1651; x_wconf 87' lang='lat' dir='ltr'><strong>iratus</strong></span> <span class='ocrx_word' id='word_1_207' title='bbox 3592 1589 3701 1652; x_wconf 84' lang='lat' dir='ltr'><strong>fuit</strong></span> 
     </span>
    </p>
   </div>
   <div class='ocr_carea' id='block_1_31' title="bbox 2057 1676 3699 1760">
    <p class='ocr_par' dir='ltr' id='par_1_31' title="bbox 2057 1676 3699 1760">
     <span class='ocr_line' id='line_1_31' title="bbox 2057 1676 3699 1760; baseline 0.002 -22"><span class='ocrx_word' id='word_1_208' title='bbox 2057 1680 2316 1760; x_wconf 80' lang='lat' dir='ltr'><strong>martyri,</strong></span> <span class='ocrx_word' id='word_1_209' title='bbox 2352 1687 2410 1740; x_wconf 93' lang='lat' dir='ltr'><strong>et</strong></span> <span class='ocrx_word' id='word_1_210' title='bbox 2439 1696 2573 1740; x_wconf 88' lang='lat' dir='ltr'><strong>eum</strong></span> <span class='ocrx_word' id='word_1_211' title='bbox 2606 1679 2833 1739; x_wconf 86' lang='lat' dir='ltr'><strong>vocavit</strong></span> <span class='ocrx_word' id='word_1_212' title='bbox 2867 1676 3353 1759; x_wconf 60' lang='lat' dir='ltr'><strong>praestigiatorem</strong></span> <span class='ocrx_word' id='word_1_213' title='bbox 3382 1686 3441 1739; x_wconf 89' lang='lat' dir='ltr'><strong>et</strong></span> <span class='ocrx_word' id='word_1_214' title='bbox 3469 1680 3699 1743; x_wconf 83' lang='lat' dir='ltr'><strong>veneﬁ-</strong></span> 
     </span>
    </p>
   </div>
   <div class='ocr_carea' id='block_1_32' title="bbox 330 1765 1972 1849">
    <p class='ocr_par' dir='ltr' id='par_1_32' title="bbox 330 1765 1968 1845">
     <span class='ocr_line' id='line_1_32' title="bbox 330 1765 1968 1845; baseline -0.001 -20"><span class='ocrx_word' id='word_1_215' title='bbox 330 1768 535 1831; x_wconf 77' lang='grc' dir='ltr'>ἐκάλει.</span> <span class='ocrx_word' id='word_1_216' title='bbox 602 1767 828 1825; x_wconf 79' lang='grc' dir='ltr'>’Ἔπειτα</span> <span class='ocrx_word' id='word_1_217' title='bbox 890 1768 1071 1843; x_wconf 85' lang='grc' dir='ltr'>μέντοι</span> <span class='ocrx_word' id='word_1_218' title='bbox 1128 1768 1215 1823; x_wconf 78' lang='grc' dir='ltr'><strong>καὶ</strong></span> <span class='ocrx_word' id='word_1_219' title='bbox 1269 1765 1602 1845; x_wconf 74' lang='grc' dir='ltr'>πικροτέραις</span> <span class='ocrx_word' id='word_1_220' title='bbox 1635 1768 1789 1824; x_wconf 71' lang='grc' dir='ltr'>αὑτὸν</span> <span class='ocrx_word' id='word_1_221' title='bbox 1838 1766 1968 1824; x_wconf 80' lang='grc' dir='ltr'>ὑπέ-</span> 
     </span>
    </p>
   </div>
   <div class='ocr_carea' id='block_1_33' title="bbox 2058 1765 3700 1849">
    <p class='ocr_par' dir='ltr' id='par_1_33' title="bbox 2058 1765 3700 1849">
     <span class='ocr_line' id='line_1_33' title="bbox 2058 1765 3700 1849; baseline 0.002 -21"><span class='ocrx_word' id='word_1_222' title='bbox 2058 1785 2212 1849; x_wconf 90' lang='lat' dir='ltr'><strong>cum,</strong></span> <span class='ocrx_word' id='word_1_223' title='bbox 2247 1775 2307 1829; x_wconf 92' lang='lat' dir='ltr'><strong>et</strong></span> <span class='ocrx_word' id='word_1_224' title='bbox 2338 1786 2467 1847; x_wconf 83' lang='lat' dir='ltr'><strong>quae</strong></span> <span class='ocrx_word' id='word_1_225' title='bbox 2496 1778 2631 1829; x_wconf 89' lang='lat' dir='ltr'><strong>sunt</strong></span> <span class='ocrx_word' id='word_1_226' title='bbox 2668 1767 3005 1847; x_wconf 88' lang='lat' dir='ltr'><strong>hujusmodi</strong></span> <span class='ocrx_word' id='word_1_227' title='bbox 3035 1785 3051 1844; x_wconf 89' lang='lat'><strong>;</strong></span> <span class='ocrx_word' id='word_1_228' title='bbox 3105 1765 3326 1829; x_wconf 88' lang='lat' dir='ltr'><strong>deinde</strong></span> <span class='ocrx_word' id='word_1_229' title='bbox 3354 1766 3530 1829; x_wconf 87' lang='lat' dir='ltr'><strong>etiam</strong></span> <span class='ocrx_word' id='word_1_230' title='bbox 3563 1787 3700 1831; x_wconf 90' lang='lat' dir='ltr'><strong>eum</strong></span> 
     </span>
    </p>
   </div>
   <div class='ocr_carea' id='block_1_34' title="bbox 326 1854 1972 1937">
    <p class='ocr_par' dir='ltr' id='par_1_34' title="bbox 326 1854 1968 1937">
     <span class='ocr_line' id='line_1_34' title="bbox 326 1854 1968 1937; baseline -0.001 -23"><span class='ocrx_word' id='word_1_231' title='bbox 326 1856 493 1915; x_wconf 79' lang='grc' dir='ltr'>ϐαλλε</span> <span class='ocrx_word' id='word_1_232' title='bbox 544 1859 846 1937; x_wconf 77' lang='grc' dir='ltr'><strong>τιμωρίαις,</strong></span> <span class='ocrx_word' id='word_1_233' title='bbox 913 1855 1066 1913; x_wconf 79' lang='grc' dir='ltr'>Ἀλλ’</span> <span class='ocrx_word' id='word_1_234' title='bbox 1109 1856 1316 1919; x_wconf 76' lang='grc' dir='ltr'>ἐκεῖνος</span> <span class='ocrx_word' id='word_1_235' title='bbox 1371 1854 1606 1931; x_wconf 64' lang='grc' dir='ltr'>διέμενε)</span> <span class='ocrx_word' id='word_1_236' title='bbox 1641 1855 1716 1913; x_wconf 75' lang='grc' dir='ltr'>ἔτι</span> <span class='ocrx_word' id='word_1_237' title='bbox 1753 1857 1849 1924; x_wconf 81' lang='grc' dir='ltr'><strong>τὴν</strong></span> <span class='ocrx_word' id='word_1_238' title='bbox 1882 1858 1968 1913; x_wconf 77' lang='grc' dir='ltr'><strong>αὑ-</strong></span> 
     </span>
    </p>
   </div>
   <div class='ocr_carea' id='block_1_35' title="bbox 2058 1854 3700 1937">
    <p class='ocr_par' dir='ltr' id='par_1_35' title="bbox 2058 1855 3700 1937">
     <span class='ocr_line' id='line_1_35' title="bbox 2058 1855 3700 1937; baseline 0.001 -19"><span class='ocrx_word' id='word_1_239' title='bbox 2058 1858 2463 1919; x_wconf 81' lang='lat' dir='ltr'><strong>acerbioribus</strong></span> <span class='ocrx_word' id='word_1_240' title='bbox 2494 1857 2692 1919; x_wconf 73' lang='lat' dir='ltr'><strong>all‘ecit</strong></span> <span class='ocrx_word' id='word_1_241' title='bbox 2726 1856 3060 1937; x_wconf 89' lang='lat' dir='ltr'><strong>suppliciis.</strong></span> <span class='ocrx_word' id='word_1_242' title='bbox 3104 1855 3216 1919; x_wconf 89' lang='lat' dir='ltr'><strong>Sed</strong></span> <span class='ocrx_word' id='word_1_243' title='bbox 3248 1856 3348 1918; x_wconf 91' lang='lat' dir='ltr'><strong>ille</strong></span> <span class='ocrx_word' id='word_1_244' title='bbox 3370 1859 3700 1937; x_wconf 85' lang='lat' dir='ltr'><strong>permansit</strong></span> 
     </span>
    </p>
   </div>
   <div class='ocr_carea' id='block_1_36' title="bbox 326 1944 1972 2026">
    <p class='ocr_par' dir='ltr' id='par_1_36' title="bbox 326 1945 1972 2026">
     <span class='ocr_line' id='line_1_36' title="bbox 326 1945 1972 2026; baseline -0.001 -21"><span class='ocrx_word' id='word_1_245' title='bbox 326 1949 431 2016; x_wconf 78' lang='grc' dir='ltr'><strong>τὴν</strong></span> <span class='ocrx_word' id='word_1_246' title='bbox 488 1945 696 2026; x_wconf 83' lang='grc' dir='ltr'>ἀνδρίαν</span> <span class='ocrx_word' id='word_1_247' title='bbox 756 1945 1204 2026; x_wconf 78' lang='grc' dir='ltr'>ἐπιδεικνυμένος,</span> <span class='ocrx_word' id='word_1_248' title='bbox 1259 1948 1347 2003; x_wconf 85' lang='grc' dir='ltr'><strong>καὶ</strong></span> <span class='ocrx_word' id='word_1_249' title='bbox 1407 1945 1559 2026; x_wconf 61' lang='grc' dir='ltr'>φωνή</span> <span class='ocrx_word' id='word_1_250' title='bbox 1610 1969 1691 2009; x_wconf 91' lang='grc' dir='ltr'><strong>τις</strong></span> <span class='ocrx_word' id='word_1_251' title='bbox 1748 1947 1972 2016; x_wconf 73' lang='grc' dir='ltr'>ἠκούετο</span> 
     </span>
    </p>
   </div>
   <div class='ocr_carea' id='block_1_37' title="bbox 2058 1944 3699 2026">
    <p class='ocr_par' dir='ltr' id='par_1_37' title="bbox 2058 1944 3699 2024">
     <span class='ocr_line' id='line_1_37' title="bbox 2058 1944 3699 2024; baseline 0.001 -17"><span class='ocrx_word' id='word_1_252' title='bbox 2058 1964 2416 2008; x_wconf 88' lang='lat' dir='ltr'><strong>conservans</strong></span> <span class='ocrx_word' id='word_1_253' title='bbox 2437 1946 2630 2008; x_wconf 88' lang='lat' dir='ltr'><strong>adhuc</strong></span> <span class='ocrx_word' id='word_1_254' title='bbox 2657 1946 2930 2008; x_wconf 90' lang='lat' dir='ltr'><strong>eamdem</strong></span> <span class='ocrx_word' id='word_1_255' title='bbox 2954 1945 3137 2007; x_wconf 90' lang='lat' dir='ltr'><strong>animi</strong></span> <span class='ocrx_word' id='word_1_256' title='bbox 3170 1944 3603 2024; x_wconf 79' lang='lat' dir='ltr'><strong>fortitudinem,</strong></span> <span class='ocrx_word' id='word_1_257' title='bbox 3639 1959 3699 2010; x_wconf 90' lang='lat' dir='ltr'><strong>et</strong></span> 
     </span>
    </p>
   </div>
   <div class='ocr_carea' id='block_1_38' title="bbox 327 2035 1972 2117">
    <p class='ocr_par' dir='ltr' id='par_1_38' title="bbox 327 2035 1972 2115">
     <span class='ocr_line' id='line_1_38' title="bbox 327 2035 1972 2115; baseline -0.001 -22"><span class='ocrx_word' id='word_1_258' title='bbox 327 2035 528 2094; x_wconf 79' lang='grc' dir='ltr'>ἄνωθεν</span> <span class='ocrx_word' id='word_1_259' title='bbox 588 2035 994 2115; x_wconf 80' lang='grc' dir='ltr'>ἐπιθαῤῥύνουσα</span> <span class='ocrx_word' id='word_1_260' title='bbox 1051 2035 1214 2093; x_wconf 86' lang='grc' dir='ltr'>πλέον</span> <span class='ocrx_word' id='word_1_261' title='bbox 1267 2037 1357 2092; x_wconf 84' lang='grc' dir='ltr'>τὸν</span> <span class='ocrx_word' id='word_1_262' title='bbox 1407 2035 1644 2104; x_wconf 75' lang='grc' dir='ltr'>ἀθλητὴν</span> <span class='ocrx_word' id='word_1_263' title='bbox 1669 2084 1685 2115; x_wconf 89' lang='grc'><strong>,</strong></span> <span class='ocrx_word' id='word_1_264' title='bbox 1732 2037 1828 2093; x_wconf 71' lang='grc' dir='ltr'>καὶ</span> <span class='ocrx_word' id='word_1_265' title='bbox 1880 2036 1972 2098; x_wconf 79' lang='grc' dir='ltr'>τὰς</span> 
     </span>
    </p>
   </div>
   <div class='ocr_carea' id='block_1_39' title="bbox 2058 2035 3698 2117">
    <p class='ocr_par' dir='ltr' id='par_1_39' title="bbox 2058 2035 3698 2117">
     <span class='ocr_line' id='line_1_39' title="bbox 2058 2035 3698 2117; baseline 0.002 -23"><span class='ocrx_word' id='word_1_266' title='bbox 2058 2052 2162 2096; x_wconf 81' lang='lat' dir='ltr'><strong>vox</strong></span> <span class='ocrx_word' id='word_1_267' title='bbox 2193 2037 2462 2116; x_wconf 70' lang='lat' dir='ltr'><strong>quaedam</strong></span> <span class='ocrx_word' id='word_1_268' title='bbox 2498 2054 2566 2097; x_wconf 90' lang='lat' dir='ltr'><strong>ex</strong></span> <span class='ocrx_word' id='word_1_269' title='bbox 2590 2035 2710 2098; x_wconf 84' lang='lat' dir='ltr'><strong>alto</strong></span> <span class='ocrx_word' id='word_1_270' title='bbox 2733 2044 2826 2097; x_wconf 88' lang='lat' dir='ltr'><strong>est</strong></span> <span class='ocrx_word' id='word_1_271' title='bbox 2846 2035 3215 2117; x_wconf 65' lang='lat' dir='ltr'><strong>audita,qu:e</strong></span> <span class='ocrx_word' id='word_1_272' title='bbox 3244 2035 3482 2097; x_wconf 76' lang='lat' dir='ltr'><strong>athletae</strong></span> <span class='ocrx_word' id='word_1_273' title='bbox 3515 2037 3698 2117; x_wconf 78' lang='lat' dir='ltr'><strong>magis</strong></span> 
     </span>
    </p>
   </div>
   <div class='ocr_carea' id='block_1_40' title="bbox 328 2122 1972 2205">
    <p class='ocr_par' dir='ltr' id='par_1_40' title="bbox 328 2122 1972 2205">
     <span class='ocr_line' id='line_1_40' title="bbox 328 2122 1972 2205; baseline -0.002 -22"><span class='ocrx_word' id='word_1_274' title='bbox 328 2127 428 2203; x_wconf 78' lang='grc' dir='ltr'>μὲν</span> <span class='ocrx_word' id='word_1_275' title='bbox 485 2126 593 2184; x_wconf 83' lang='grc' dir='ltr'><strong>τῶν</strong></span> <span class='ocrx_word' id='word_1_276' title='bbox 650 2125 853 2183; x_wconf 77' lang='grc' dir='ltr'>ἀσεϐῶν</span> <span class='ocrx_word' id='word_1_277' title='bbox 904 2125 1083 2205; x_wconf 77' lang='grc' dir='ltr'>ψυχὰς</span> <span class='ocrx_word' id='word_1_278' title='bbox 1139 2122 1451 2205; x_wconf 72' lang='grc' dir='ltr'>θορυὸοὗσα,</span> <span class='ocrx_word' id='word_1_279' title='bbox 1487 2126 1575 2181; x_wconf 83' lang='grc' dir='ltr'>καὶ</span> <span class='ocrx_word' id='word_1_280' title='bbox 1636 2127 1706 2187; x_wconf 80' lang='grc' dir='ltr'><strong>είς</strong></span> <span class='ocrx_word' id='word_1_281' title='bbox 1752 2124 1972 2204; x_wconf 77' lang='grc' dir='ltr'>ἀμηχα-</span> 
     </span>
    </p>
   </div>
   <div class='ocr_carea' id='block_1_41' title="bbox 2058 2122 3702 2205">
    <p class='ocr_par' dir='ltr' id='par_1_41' title="bbox 2058 2122 3702 2204">
     <span class='ocr_line' id='line_1_41' title="bbox 2058 2122 3702 2204; baseline 0.003 -20"><span class='ocrx_word' id='word_1_282' title='bbox 2058 2122 2310 2186; x_wconf 89' lang='lat' dir='ltr'><strong>addebat</strong></span> <span class='ocrx_word' id='word_1_283' title='bbox 2327 2126 2613 2187; x_wconf 91' lang='lat' dir='ltr'><strong>animum:</strong></span> <span class='ocrx_word' id='word_1_284' title='bbox 2646 2124 3034 2204; x_wconf 89' lang='lat' dir='ltr'><strong>etimpiorum</strong></span> <span class='ocrx_word' id='word_1_285' title='bbox 3056 2123 3298 2201; x_wconf 83' lang='lat' dir='ltr'><strong>quidem</strong></span> <span class='ocrx_word' id='word_1_286' title='bbox 3326 2126 3702 2204; x_wconf 88' lang='lat' dir='ltr'><strong>perturbabat</strong></span> 
     </span>
    </p>
   </div>
   <div class='ocr_carea' id='block_1_42' title="bbox 328 2212 1972 2297">
    <p class='ocr_par' dir='ltr' id='par_1_42' title="bbox 328 2212 1972 2296">
     <span class='ocr_line' id='line_1_42' title="bbox 328 2212 1972 2296; baseline -0.001 -24"><span class='ocrx_word' id='word_1_287' title='bbox 328 2218 442 2273; x_wconf 86' lang='grc' dir='ltr'>νίαν</span> <span class='ocrx_word' id='word_1_288' title='bbox 495 2213 857 2296; x_wconf 71' lang='grc' dir='ltr'>ἒμὸάλλουσα,</span> <span class='ocrx_word' id='word_1_289' title='bbox 917 2215 1039 2279; x_wconf 86' lang='grc' dir='ltr'>τοὺς</span> <span class='ocrx_word' id='word_1_290' title='bbox 1092 2212 1327 2279; x_wconf 75' lang='grc' dir='ltr'>εὐσεϐεῖς</span> <span class='ocrx_word' id='word_1_291' title='bbox 1384 2212 1439 2270; x_wconf 78' lang='grc' dir='ltr'>δὲ</span> <span class='ocrx_word' id='word_1_292' title='bbox 1483 2219 1550 2291; x_wconf 80' lang='grc' dir='ltr'><strong>τῇ</strong></span> <span class='ocrx_word' id='word_1_293' title='bbox 1590 2219 1690 2282; x_wconf 78' lang='grc' dir='ltr'>τῆς</span> <span class='ocrx_word' id='word_1_294' title='bbox 1750 2217 1972 2279; x_wconf 88' lang='grc' dir='ltr'>πίστεως</span> 
     </span>
    </p>
   </div>
   <div class='ocr_carea' id='block_1_43' title="bbox 2058 2212 3703 2297">
    <p class='ocr_par' dir='ltr' id='par_1_43' title="bbox 2058 2212 3703 2297">
     <span class='ocr_line' id='line_1_43' title="bbox 2058 2212 3703 2297; baseline 0.003 -24"><span class='ocrx_word' id='word_1_295' title='bbox 2058 2212 2310 2290; x_wconf 89' lang='lat' dir='ltr'><strong>animos,</strong></span> <span class='ocrx_word' id='word_1_296' title='bbox 2359 2214 2698 2292; x_wconf 89' lang='lat' dir='ltr'><strong>dubiosque</strong></span> <span class='ocrx_word' id='word_1_297' title='bbox 2740 2214 3034 2276; x_wconf 75' lang='lat' dir='ltr'><strong>reddebat</strong></span> <span class='ocrx_word' id='word_1_298' title='bbox 3063 2222 3122 2274; x_wconf 92' lang='lat' dir='ltr'><strong>et</strong></span> <span class='ocrx_word' id='word_1_299' title='bbox 3163 2215 3474 2294; x_wconf 84' lang='lat' dir='ltr'><strong>perplexos</strong></span> <span class='ocrx_word' id='word_1_300' title='bbox 3510 2236 3523 2278; x_wconf 89' lang='lat'>:</span> <span class='ocrx_word' id='word_1_301' title='bbox 3569 2217 3703 2297; x_wconf 87' lang='lat' dir='ltr'><strong>pios</strong></span> 
     </span>
    </p>
   </div>
   <div class='ocr_carea' id='block_1_44' title="bbox 326 2302 1972 2385">
    <p class='ocr_par' dir='ltr' id='par_1_44' title="bbox 326 2302 1972 2385">
     <span class='ocr_line' id='line_1_44' title="bbox 326 2302 1972 2385; baseline -0.004 -21"><span class='ocrx_word' id='word_1_302' title='bbox 326 2305 496 2385; x_wconf 79' lang='grc' dir='ltr'>πέτρᾳ</span> <span class='ocrx_word' id='word_1_303' title='bbox 545 2304 991 2385; x_wconf 78' lang='grc' dir='ltr'>ἐπιστηρίζουσα,</span> <span class='ocrx_word' id='word_1_304' title='bbox 1051 2308 1149 2360; x_wconf 65' lang='grc' dir='ltr'><strong>καὶ</strong></span> <span class='ocrx_word' id='word_1_305' title='bbox 1209 2302 1429 2361; x_wconf 75' lang='grc' dir='ltr'>πλείονα</span> <span class='ocrx_word' id='word_1_306' title='bbox 1504 2305 1601 2372; x_wconf 77' lang='grc' dir='ltr'>τὴν</span> <span class='ocrx_word' id='word_1_307' title='bbox 1686 2306 1972 2383; x_wconf 74' lang='grc' dir='ltr'>προθυμίαν</span> 
     </span>
    </p>
   </div>
   <div class='ocr_carea' id='block_1_45' title="bbox 2058 2302 3704 2385">
    <p class='ocr_par' dir='ltr' id='par_1_45' title="bbox 2058 2303 3704 2384">
     <span class='ocr_line' id='line_1_45' title="bbox 2058 2303 3704 2384; baseline 0.002 -20"><span class='ocrx_word' id='word_1_308' title='bbox 2058 2310 2252 2364; x_wconf 78' lang='lat' dir='ltr'><strong>autem</strong></span> <span class='ocrx_word' id='word_1_309' title='bbox 2286 2303 2425 2366; x_wconf 85' lang='lat' dir='ltr'><strong>ﬁdei</strong></span> <span class='ocrx_word' id='word_1_310' title='bbox 2460 2311 2623 2384; x_wconf 84' lang='lat' dir='ltr'><strong>petra</strong></span> <span class='ocrx_word' id='word_1_311' title='bbox 2652 2303 3016 2377; x_wconf 89' lang='lat' dir='ltr'><strong>stabiliebat,</strong></span> <span class='ocrx_word' id='word_1_312' title='bbox 3043 2303 3354 2383; x_wconf 85' lang='lat' dir='ltr'><strong>majusque</strong></span> <span class='ocrx_word' id='word_1_313' title='bbox 3378 2311 3436 2366; x_wconf 88' lang='lat' dir='ltr'><strong>et</strong></span> <span class='ocrx_word' id='word_1_314' title='bbox 3454 2306 3704 2367; x_wconf 89' lang='lat' dir='ltr'><strong>alacrius</strong></span> 
     </span>
    </p>
   </div>
   <div class='ocr_carea' id='block_1_46' title="bbox 328 2393 1974 2473">
    <p class='ocr_par' dir='ltr' id='par_1_46' title="bbox 328 2393 1974 2473">
     <span class='ocr_line' id='line_1_46' title="bbox 328 2393 1974 2473; baseline -0.001 -21"><span class='ocrx_word' id='word_1_315' title='bbox 328 2395 521 2459; x_wconf 66' lang='grc' dir='ltr'>αὐτοῖς</span> <span class='ocrx_word' id='word_1_316' title='bbox 574 2393 797 2456; x_wconf 81' lang='grc' dir='ltr'>ἐνιεϊσα.</span> <span class='ocrx_word' id='word_1_317' title='bbox 845 2395 917 2452; x_wconf 76' lang='grc' dir='ltr'><strong>Οὒ</strong></span> <span class='ocrx_word' id='word_1_318' title='bbox 959 2393 1130 2472; x_wconf 77' lang='grc' dir='ltr'>φέρων</span> <span class='ocrx_word' id='word_1_319' title='bbox 1172 2402 1452 2471; x_wconf 80' lang='grc' dir='ltr'>τοιγαροῦν</span> <span class='ocrx_word' id='word_1_320' title='bbox 1482 2394 1579 2458; x_wconf 77' lang='grc' dir='ltr'><strong>τὴν</strong></span> <span class='ocrx_word' id='word_1_321' title='bbox 1634 2394 1895 2473; x_wconf 76' lang='grc' dir='ltr'>αἰσχύνην</span> <span class='ocrx_word' id='word_1_322' title='bbox 1947 2396 1974 2450; x_wconf 83' lang='grc' dir='ltr'><strong>ὁ</strong></span> 
     </span>
    </p>
   </div>
   <div class='ocr_carea' id='block_1_47' title="bbox 330 2481 1970 2563">
    <p class='ocr_par' dir='ltr' id='par_1_47' title="bbox 330 2481 1970 2563">
     <span class='ocr_line' id='line_1_47' title="bbox 330 2481 1970 2563; baseline 0 -23"><span class='ocrx_word' id='word_1_323' title='bbox 330 2484 578 2562; x_wconf 72' lang='grc' dir='ltr'>ἡγεμὼν,</span> <span class='ocrx_word' id='word_1_324' title='bbox 632 2484 725 2539; x_wconf 82' lang='grc' dir='ltr'>τὸν</span> <span class='ocrx_word' id='word_1_325' title='bbox 779 2483 933 2561; x_wconf 77' lang='grc' dir='ltr'>ἅγιον</span> <span class='ocrx_word' id='word_1_326' title='bbox 990 2483 1181 2540; x_wconf 77' lang='grc' dir='ltr'>αὖτίκα</span> <span class='ocrx_word' id='word_1_327' title='bbox 1226 2487 1293 2559; x_wconf 76' lang='grc' dir='ltr'><strong>τῇ</strong></span> <span class='ocrx_word' id='word_1_328' title='bbox 1334 2481 1544 2563; x_wconf 71' lang='grc' dir='ltr'>φυλακῄ</span> <span class='ocrx_word' id='word_1_329' title='bbox 1603 2482 1970 2561; x_wconf 82' lang='grc' dir='ltr'>παραπέμπει,</span> 
     </span>
    </p>
   </div>
   <div class='ocr_carea' id='block_1_48' title="bbox 336 2568 1973 2651">
    <p class='ocr_par' dir='ltr' id='par_1_48' title="bbox 336 2568 1973 2651">
     <span class='ocr_line' id='line_1_48' title="bbox 336 2568 1973 2651; baseline -0.002 -23"><span class='ocrx_word' id='word_1_330' title='bbox 336 2570 507 2646; x_wconf 79' lang='grc' dir='ltr'>δεσμὰ</span> <span class='ocrx_word' id='word_1_331' title='bbox 545 2572 792 2649; x_wconf 84' lang='grc' dir='ltr'>περιθεὶς,</span> <span class='ocrx_word' id='word_1_332' title='bbox 858 2571 1041 2651; x_wconf 49' lang='grc' dir='ltr'>χρείαν</span> <span class='ocrx_word' id='word_1_333' title='bbox 1072 2574 1214 2627; x_wconf 84' lang='grc' dir='ltr'>εἶναι</span> <span class='ocrx_word' id='word_1_334' title='bbox 1265 2569 1510 2632; x_wconf 87' lang='grc' dir='ltr'>πλείονος</span> <span class='ocrx_word' id='word_1_335' title='bbox 1554 2572 1717 2627; x_wconf 77' lang='grc' dir='ltr'>εἰπὼν</span> <span class='ocrx_word' id='word_1_336' title='bbox 1748 2568 1973 2629; x_wconf 62' lang='grc' dir='ltr'>διασκέ-</span> 
     </span>
    </p>
   </div>
   <div class='ocr_carea' id='block_1_49' title="bbox 340 2660 1976 2738">
    <p class='ocr_par' dir='ltr' id='par_1_49' title="bbox 340 2660 1976 2738">
     <span class='ocr_line' id='line_1_49' title="bbox 340 2660 1976 2738; baseline -0.001 -21"><span class='ocrx_word' id='word_1_337' title='bbox 340 2666 485 2736; x_wconf 82' lang='grc' dir='ltr'>ψεως</span> <span class='ocrx_word' id='word_1_338' title='bbox 531 2662 617 2717; x_wconf 85' lang='grc' dir='ltr'><strong>καὶ</strong></span> <span class='ocrx_word' id='word_1_339' title='bbox 657 2660 979 2737; x_wconf 80' lang='grc' dir='ltr'>καινοτέρων</span> <span class='ocrx_word' id='word_1_340' title='bbox 1027 2666 1306 2738; x_wconf 84' lang='grc' dir='ltr'>τιμωριῶν</span> <span class='ocrx_word' id='word_1_341' title='bbox 1338 2660 1472 2717; x_wconf 86' lang='grc' dir='ltr'><strong>κατά</strong></span> <span class='ocrx_word' id='word_1_342' title='bbox 1515 2669 1608 2719; x_wconf 80' lang='grc' dir='ltr'><strong>τοῦ</strong></span> <span class='ocrx_word' id='word_1_343' title='bbox 1635 2667 1976 2738; x_wconf 76' lang='grc' dir='ltr'>τερατοποιοῦ</span> 
     </span>
    </p>
   </div>
   <div class='ocr_carea' id='block_1_50' title="bbox 332 2740 1976 2827">
    <p class='ocr_par' dir='ltr' id='par_1_50' title="bbox 332 2740 1976 2827">
     <span class='ocr_line' id='line_1_50' title="bbox 332 2740 1976 2827; baseline -0.002 -20"><span class='ocrx_word' id='word_1_344' title='bbox 332 2747 484 2807; x_wconf 82' lang='grc' dir='ltr'>τοῦδε</span> <span class='ocrx_word' id='word_1_345' title='bbox 513 2751 600 2806; x_wconf 73' lang='grc' dir='ltr'><strong>καὶ</strong></span> <span class='ocrx_word' id='word_1_346' title='bbox 629 2747 799 2809; x_wconf 85' lang='grc' dir='ltr'>δεινου</span> <span class='ocrx_word' id='word_1_347' title='bbox 842 2750 937 2817; x_wconf 71' lang='grc' dir='ltr'><strong>τὴν</strong></span> <span class='ocrx_word' id='word_1_348' title='bbox 965 2748 1245 2808; x_wconf 76' lang='grc' dir='ltr'>ἀπόνοιαν.</span> <span class='ocrx_word' id='word_1_349' title='bbox 1286 2740 1342 2806; x_wconf 71' lang='grc' dir='ltr'>Ὀ</span> <span class='ocrx_word' id='word_1_350' title='bbox 1373 2747 1428 2805; x_wconf 79' lang='grc' dir='ltr'>δὲ</span> <span class='ocrx_word' id='word_1_351' title='bbox 1488 2750 1799 2827; x_wconf 88' lang='grc' dir='ltr'>θερμότερον</span> <span class='ocrx_word' id='word_1_352' title='bbox 1856 2751 1976 2806; x_wconf 88' lang='grc' dir='ltr'>τότε</span> 
     </span>
    </p>
   </div>
   <div class='ocr_carea' id='block_1_51' title="bbox 330 2837 1979 2918">
    <p class='ocr_par' dir='ltr' id='par_1_51' title="bbox 330 2837 1979 2918">
     <span class='ocr_line' id='line_1_51' title="bbox 330 2837 1979 2918; baseline -0.002 -22"><span class='ocrx_word' id='word_1_353' title='bbox 330 2838 665 2918; x_wconf 75' lang='grc' dir='ltr'>προσέπιπτε</span> <span class='ocrx_word' id='word_1_354' title='bbox 694 2843 772 2911; x_wconf 81' lang='grc' dir='ltr'>τῷ</span> <span class='ocrx_word' id='word_1_355' title='bbox 826 2841 1095 2918; x_wconf 78' lang='grc' dir='ltr'>Δεσπότῃ,</span> <span class='ocrx_word' id='word_1_356' title='bbox 1126 2840 1213 2895; x_wconf 83' lang='grc' dir='ltr'><strong>καὶ</strong></span> <span class='ocrx_word' id='word_1_357' title='bbox 1267 2837 1479 2912; x_wconf 84' lang='grc' dir='ltr'>μείζονα</span> <span class='ocrx_word' id='word_1_358' title='bbox 1539 2841 1637 2905; x_wconf 68' lang='grc' dir='ltr'>τὴν</span> <span class='ocrx_word' id='word_1_359' title='bbox 1692 2840 1822 2917; x_wconf 83' lang='grc' dir='ltr'>πρὸς</span> <span class='ocrx_word' id='word_1_360' title='bbox 1879 2839 1979 2894; x_wconf 81' lang='grc' dir='ltr'>αύ-</span> 
     </span>
    </p>
   </div>
   <div class='ocr_carea' id='block_1_52' title="bbox 326 2926 1979 3002">
    <p class='ocr_par' dir='ltr' id='par_1_52' title="bbox 326 2926 1979 3002">
     <span class='ocr_line' id='line_1_52' title="bbox 326 2926 1979 3002; baseline -0.002 -16"><span class='ocrx_word' id='word_1_361' title='bbox 326 2930 421 2986; x_wconf 75' lang='grc' dir='ltr'><strong>τίρν</strong></span> <span class='ocrx_word' id='word_1_362' title='bbox 475 2929 739 2986; x_wconf 78' lang='grc' dir='ltr'>οἶκείωσιν</span> <span class='ocrx_word' id='word_1_363' title='bbox 795 2927 1089 3002; x_wconf 77' lang='grc' dir='ltr'>ἐπεζήτει,</span> <span class='ocrx_word' id='word_1_364' title='bbox 1144 2927 1509 2995; x_wconf 79' lang='grc' dir='ltr'>υἱοθετηθῆναί</span> <span class='ocrx_word' id='word_1_365' title='bbox 1567 2949 1622 2985; x_wconf 86' lang='grc' dir='ltr'><strong>τε</strong></span> <span class='ocrx_word' id='word_1_366' title='bbox 1695 2929 1837 3000; x_wconf 77' lang='grc' dir='ltr'>αύτῷ</span> <span class='ocrx_word' id='word_1_367' title='bbox 1893 2926 1979 2983; x_wconf 79' lang='grc' dir='ltr'><strong>διὰ</strong></span> 
     </span>
    </p>
   </div>
   <div class='ocr_carea' id='block_1_53' title="bbox 328 3014 1977 3097">
    <p class='ocr_par' dir='ltr' id='par_1_53' title="bbox 328 3014 1977 3097">
     <span class='ocr_line' id='line_1_53' title="bbox 328 3014 1977 3097; baseline -0.002 -22"><span class='ocrx_word' id='word_1_368' title='bbox 328 3025 427 3076; x_wconf 78' lang='grc' dir='ltr'>τοῦ</span> <span class='ocrx_word' id='word_1_369' title='bbox 483 3017 849 3093; x_wconf 77' lang='grc' dir='ltr'>βαπτίσματος</span> <span class='ocrx_word' id='word_1_370' title='bbox 897 3015 1126 3097; x_wconf 65' lang='grc' dir='ltr'>ηὔχετο.</span> <span class='ocrx_word' id='word_1_371' title='bbox 1188 3014 1311 3075; x_wconf 74' lang='grc' dir='ltr'><strong>Ἔτι</strong></span> <span class='ocrx_word' id='word_1_372' title='bbox 1352 3017 1451 3095; x_wconf 83' lang='grc' dir='ltr'><strong>γὰρ</strong></span> <span class='ocrx_word' id='word_1_373' title='bbox 1496 3017 1735 3093; x_wconf 78' lang='grc' dir='ltr'>ἀμύητος</span> <span class='ocrx_word' id='word_1_374' title='bbox 1766 3016 1854 3089; x_wconf 76' lang='grc' dir='ltr'><strong>ἧν,</strong></span> <span class='ocrx_word' id='word_1_375' title='bbox 1888 3018 1977 3073; x_wconf 82' lang='grc' dir='ltr'><strong>καὶ</strong></span> 
     </span>
    </p>
   </div>
   <div class='ocr_carea' id='block_1_54' title="bbox 2059 2392 3708 2473">
    <p class='ocr_par' dir='ltr' id='par_1_54' title="bbox 2059 2392 3708 2473">
     <span class='ocr_line' id='line_1_54' title="bbox 2059 2392 3708 2473; baseline 0.002 -21"><span class='ocrx_word' id='word_1_376' title='bbox 2059 2392 2241 2453; x_wconf 90' lang='lat' dir='ltr'><strong>animi</strong></span> <span class='ocrx_word' id='word_1_377' title='bbox 2264 2392 2527 2454; x_wconf 88' lang='lat' dir='ltr'><strong>studium</strong></span> <span class='ocrx_word' id='word_1_378' title='bbox 2553 2392 3003 2456; x_wconf 79' lang='lat' dir='ltr'><strong>aﬂ‘erebat.Non</strong></span> <span class='ocrx_word' id='word_1_379' title='bbox 3028 2392 3229 2454; x_wconf 76' lang='lat' dir='ltr'><strong>ferens</strong></span> <span class='ocrx_word' id='word_1_380' title='bbox 3261 2393 3460 2472; x_wconf 90' lang='lat' dir='ltr'><strong>itaque</strong></span> <span class='ocrx_word' id='word_1_381' title='bbox 3489 2412 3708 2473; x_wconf 75' lang='lat' dir='ltr'><strong>praeses</strong></span> 
     </span>
    </p>
   </div>
   <div class='ocr_carea' id='block_1_55' title="bbox 2058 2480 3698 2558">
    <p class='ocr_par' dir='ltr' id='par_1_55' title="bbox 2058 2480 3698 2558">
     <span class='ocr_line' id='line_1_55' title="bbox 2058 2480 3698 2558; baseline 0.002 -17"><span class='ocrx_word' id='word_1_382' title='bbox 2058 2480 2345 2558; x_wconf 87' lang='lat' dir='ltr'><strong>dedecus,</strong></span> <span class='ocrx_word' id='word_1_383' title='bbox 2380 2490 2645 2543; x_wconf 77' lang='lat' dir='ltr'><strong>sanctum</strong></span> <span class='ocrx_word' id='word_1_384' title='bbox 2679 2489 2875 2544; x_wconf 86' lang='lat' dir='ltr'><strong>statim</strong></span> <span class='ocrx_word' id='word_1_385' title='bbox 2906 2482 3168 2542; x_wconf 86' lang='lat' dir='ltr'><strong>vinctum</strong></span> <span class='ocrx_word' id='word_1_386' title='bbox 3199 2481 3374 2541; x_wconf 88' lang='lat' dir='ltr'><strong>mittit</strong></span> <span class='ocrx_word' id='word_1_387' title='bbox 3404 2481 3466 2543; x_wconf 93' lang='lat' dir='ltr'><strong>in</strong></span> <span class='ocrx_word' id='word_1_388' title='bbox 3496 2491 3698 2545; x_wconf 85' lang='lat' dir='ltr'><strong>custo-</strong></span> 
     </span>
    </p>
   </div>
   <div class='ocr_carea' id='block_1_56' title="bbox 2058 2569 3699 2651">
    <p class='ocr_par' dir='ltr' id='par_1_56' title="bbox 2058 2569 3699 2651">
     <span class='ocr_line' id='line_1_56' title="bbox 2058 2569 3699 2651; baseline 0.002 -20"><span class='ocrx_word' id='word_1_389' title='bbox 2058 2570 2458 2648; x_wconf 88' lang='lat' dir='ltr'><strong>diam,dicens</strong></span> <span class='ocrx_word' id='word_1_390' title='bbox 2481 2590 2636 2651; x_wconf 90' lang='lat' dir='ltr'><strong>opus</strong></span> <span class='ocrx_word' id='word_1_391' title='bbox 2660 2589 2793 2633; x_wconf 92' lang='lat' dir='ltr'><strong>esse</strong></span> <span class='ocrx_word' id='word_1_392' title='bbox 2817 2570 3022 2650; x_wconf 86' lang='lat' dir='ltr'><strong>majori</strong></span> <span class='ocrx_word' id='word_1_393' title='bbox 3046 2569 3570 2644; x_wconf 86' lang='lat' dir='ltr'><strong>deliberatione,et</strong></span> <span class='ocrx_word' id='word_1_394' title='bbox 3585 2590 3699 2634; x_wconf 31' lang='lat' dir='ltr'><strong>nos</strong></span> 
     </span>
    </p>
   </div>
   <div class='ocr_carea' id='block_1_57' title="bbox 2058 2660 3699 2724">
    <p class='ocr_par' dir='ltr' id='par_1_57' title="bbox 2058 2660 3699 2724">
     <span class='ocr_line' id='line_1_57' title="bbox 2058 2660 3699 2724; baseline 0.002 -3"><span class='ocrx_word' id='word_1_395' title='bbox 2058 2661 2143 2722; x_wconf 89' lang='lat' dir='ltr'><strong>vis</strong></span> <span class='ocrx_word' id='word_1_396' title='bbox 2176 2660 2485 2722; x_wconf 90' lang='lat' dir='ltr'><strong>tormentis</strong></span> <span class='ocrx_word' id='word_1_397' title='bbox 2523 2660 2806 2722; x_wconf 87' lang='lat' dir='ltr'><strong>adversus</strong></span> <span class='ocrx_word' id='word_1_398' title='bbox 2836 2661 2995 2721; x_wconf 92' lang='lat' dir='ltr'><strong>hunc</strong></span> <span class='ocrx_word' id='word_1_399' title='bbox 3027 2668 3426 2722; x_wconf 90' lang='lat' dir='ltr'><strong>monstrorum</strong></span> <span class='ocrx_word' id='word_1_400' title='bbox 3457 2661 3699 2724; x_wconf 80' lang='lat' dir='ltr'><strong>eﬂ‘ecto-</strong></span> 
     </span>
    </p>
   </div>
   <div class='ocr_carea' id='block_1_58' title="bbox 2059 2748 3700 2831">
    <p class='ocr_par' dir='ltr' id='par_1_58' title="bbox 2059 2748 3700 2831">
     <span class='ocr_line' id='line_1_58' title="bbox 2059 2748 3700 2831; baseline 0.001 -20"><span class='ocrx_word' id='word_1_401' title='bbox 2059 2768 2211 2831; x_wconf 91' lang='lat' dir='ltr'><strong>rem,</strong></span> <span class='ocrx_word' id='word_1_402' title='bbox 2245 2749 2423 2829; x_wconf 87' lang='lat' dir='ltr'><strong>hujus</strong></span> <span class='ocrx_word' id='word_1_403' title='bbox 2453 2756 2541 2811; x_wconf 92' lang='lat' dir='ltr'><strong>est</strong></span> <span class='ocrx_word' id='word_1_404' title='bbox 2575 2749 2826 2830; x_wconf 82' lang='lat' dir='ltr'><strong>insignis</strong></span> <span class='ocrx_word' id='word_1_405' title='bbox 2848 2748 3113 2811; x_wconf 89' lang='lat' dir='ltr'><strong>amentia</strong></span> <span class='ocrx_word' id='word_1_406' title='bbox 3138 2757 3201 2811; x_wconf 85' lang='lat' dir='ltr'><strong>et</strong></span> <span class='ocrx_word' id='word_1_407' title='bbox 3225 2748 3565 2813; x_wconf 88' lang='lat' dir='ltr'><strong>insolentia.</strong></span> <span class='ocrx_word' id='word_1_408' title='bbox 3590 2751 3700 2813; x_wconf 90' lang='lat' dir='ltr'><strong>Ille</strong></span> 
     </span>
    </p>
   </div>
   <div class='ocr_carea' id='block_1_59' title="bbox 2063 2837 3701 2920">
    <p class='ocr_par' dir='ltr' id='par_1_59' title="bbox 2063 2837 3701 2920">
     <span class='ocr_line' id='line_1_59' title="bbox 2063 2837 3701 2920; baseline 0.001 -22"><span class='ocrx_word' id='word_1_409' title='bbox 2063 2856 2202 2900; x_wconf 85' lang='lat' dir='ltr'><strong>vero</strong></span> <span class='ocrx_word' id='word_1_410' title='bbox 2229 2847 2367 2899; x_wconf 90' lang='lat' dir='ltr'><strong>tunc</strong></span> <span class='ocrx_word' id='word_1_411' title='bbox 2392 2838 2641 2901; x_wconf 90' lang='lat' dir='ltr'><strong>Domino</strong></span> <span class='ocrx_word' id='word_1_412' title='bbox 2672 2837 3047 2920; x_wconf 85' lang='lat' dir='ltr'><strong>supplicabat</strong></span> <span class='ocrx_word' id='word_1_413' title='bbox 3064 2837 3574 2913; x_wconf 84' lang='lat' dir='ltr'><strong>vehementius,et</strong></span> <span class='ocrx_word' id='word_1_414' title='bbox 3597 2857 3701 2900; x_wconf 51' lang='lat' dir='ltr'><strong>ron</strong></span> 
     </span>
    </p>
   </div>
   <div class='ocr_carea' id='block_1_60' title="bbox 2061 2925 3701 3010">
    <p class='ocr_par' dir='ltr' id='par_1_60' title="bbox 2061 2925 3701 3010">
     <span class='ocr_line' id='line_1_60' title="bbox 2061 2925 3701 3010; baseline 0 -21"><span class='ocrx_word' id='word_1_415' title='bbox 2061 2927 2233 3006; x_wconf 80' lang='lat' dir='ltr'><strong>gabat</strong></span> <span class='ocrx_word' id='word_1_416' title='bbox 2254 2934 2316 2989; x_wconf 93' lang='lat' dir='ltr'><strong>ut</strong></span> <span class='ocrx_word' id='word_1_417' title='bbox 2341 2928 2395 2988; x_wconf 88' lang='lat' dir='ltr'><strong>ei</strong></span> <span class='ocrx_word' id='word_1_418' title='bbox 2426 2927 2602 2991; x_wconf 84' lang='lat' dir='ltr'><strong>ﬁeret</strong></span> <span class='ocrx_word' id='word_1_419' title='bbox 2642 2926 3057 3007; x_wconf 90' lang='lat' dir='ltr'><strong>conjunctior:</strong></span> <span class='ocrx_word' id='word_1_420' title='bbox 3121 2925 3603 3010; x_wconf 87' lang='lat' dir='ltr'><strong>precabaturque</strong></span> <span class='ocrx_word' id='word_1_421' title='bbox 3636 2938 3701 2990; x_wconf 87' lang='lat' dir='ltr'><strong>ut</strong></span> 
     </span>
    </p>
   </div>
   <div class='ocr_carea' id='block_1_61' title="bbox 2060 3016 3700 3098">
    <p class='ocr_par' dir='ltr' id='par_1_61' title="bbox 2060 3016 3700 3098">
     <span class='ocr_line' id='line_1_61' title="bbox 2060 3016 3700 3098; baseline 0.001 -19"><span class='ocrx_word' id='word_1_422' title='bbox 2060 3035 2168 3097; x_wconf 88' lang='lat' dir='ltr'><strong>per</strong></span> <span class='ocrx_word' id='word_1_423' title='bbox 2180 3016 2538 3098; x_wconf 86' lang='lat' dir='ltr'><strong>baptismum</strong></span> <span class='ocrx_word' id='word_1_424' title='bbox 2554 3016 2937 3098; x_wconf 86' lang='lat' dir='ltr'><strong>adoptaretur</strong></span> <span class='ocrx_word' id='word_1_425' title='bbox 2956 3020 3011 3078; x_wconf 92' lang='lat' dir='ltr'><strong>in</strong></span> <span class='ocrx_word' id='word_1_426' title='bbox 3028 3016 3525 3081; x_wconf 86' lang='lat' dir='ltr'><strong>ﬂlium.Nondum</strong></span> <span class='ocrx_word' id='word_1_427' title='bbox 3540 3019 3700 3080; x_wconf 90' lang='lat' dir='ltr'><strong>enim</strong></span> 
     </span>
    </p>
   </div>
   <div class='ocr_carea' id='block_1_62' title="bbox 330 3104 1972 3188">
    <p class='ocr_par' dir='ltr' id='par_1_62' title="bbox 330 3104 1972 3182">
     <span class='ocr_line' id='line_1_62' title="bbox 330 3104 1972 3182; baseline 0 -19"><span class='ocrx_word' id='word_1_428' title='bbox 330 3108 400 3166; x_wconf 74' lang='grc' dir='ltr'><strong>τὰ</strong></span> <span class='ocrx_word' id='word_1_429' title='bbox 456 3111 783 3181; x_wconf 77' lang='grc' dir='ltr'>Χριστιανῶν</span> <span class='ocrx_word' id='word_1_430' title='bbox 843 3105 990 3163; x_wconf 75' lang='grc' dir='ltr'>οὔπω</span> <span class='ocrx_word' id='word_1_431' title='bbox 1042 3104 1417 3182; x_wconf 80' lang='grc' dir='ltr'>τετελεσμένος</span> <span class='ocrx_word' id='word_1_432' title='bbox 1444 3153 1461 3182; x_wconf 82' lang='grc'><strong>,</strong></span> <span class='ocrx_word' id='word_1_433' title='bbox 1511 3106 1763 3170; x_wconf 73' lang='grc' dir='ltr'>κακεῖνος</span> <span class='ocrx_word' id='word_1_434' title='bbox 1833 3108 1972 3180; x_wconf 71' lang='grc' dir='ltr'>αδτῷ</span> 
     </span>
    </p>
   </div>
   <div class='ocr_carea' id='block_1_63' title="bbox 2058 3104 3701 3188">
    <p class='ocr_par' dir='ltr' id='par_1_63' title="bbox 2058 3106 3701 3188">
     <span class='ocr_line' id='line_1_63' title="bbox 2058 3106 3701 3188; baseline 0.002 -21"><span class='ocrx_word' id='word_1_435' title='bbox 2058 3115 2183 3168; x_wconf 88' lang='lat' dir='ltr'><strong>erat</strong></span> <span class='ocrx_word' id='word_1_436' title='bbox 2219 3107 2514 3188; x_wconf 76' lang='lat' dir='ltr'><strong>mysteriis</strong></span> <span class='ocrx_word' id='word_1_437' title='bbox 2539 3107 2834 3177; x_wconf 82' lang='lat' dir='ltr'><strong>initiatus.</strong></span> <span class='ocrx_word' id='word_1_438' title='bbox 2871 3116 2927 3169; x_wconf 91' lang='lat' dir='ltr'><strong>et</strong></span> <span class='ocrx_word' id='word_1_439' title='bbox 2984 3107 3249 3169; x_wconf 90' lang='lat' dir='ltr'><strong>nondum</strong></span> <span class='ocrx_word' id='word_1_440' title='bbox 3278 3106 3608 3185; x_wconf 79' lang='lat' dir='ltr'><strong>absolutus,</strong></span> <span class='ocrx_word' id='word_1_441' title='bbox 3640 3109 3701 3170; x_wconf 91' lang='lat' dir='ltr'><strong>in</strong></span> 
     </span>
    </p>
   </div>
   <div class='ocr_carea' id='block_1_64' title="bbox 324 3194 1972 3274">
    <p class='ocr_par' dir='ltr' id='par_1_64' title="bbox 324 3194 1972 3274">
     <span class='ocr_line' id='line_1_64' title="bbox 324 3194 1972 3274; baseline -0.001 -20"><span class='ocrx_word' id='word_1_442' title='bbox 324 3197 636 3270; x_wconf 81' lang='grc' dir='ltr'>παρίσταται</span> <span class='ocrx_word' id='word_1_443' title='bbox 696 3198 815 3274; x_wconf 82' lang='grc' dir='ltr'>περὶ</span> <span class='ocrx_word' id='word_1_444' title='bbox 873 3194 1038 3272; x_wconf 83' lang='grc' dir='ltr'>μέσας</span> <span class='ocrx_word' id='word_1_445' title='bbox 1099 3195 1314 3271; x_wconf 80' lang='grc' dir='ltr'>νύκτας,</span> <span class='ocrx_word' id='word_1_446' title='bbox 1347 3194 1625 3273; x_wconf 82' lang='grc' dir='ltr'>καὶδιπλῇ</span> <span class='ocrx_word' id='word_1_447' title='bbox 1655 3197 1717 3252; x_wconf 69' lang='grc' dir='ltr'><strong>τὸ</strong></span> <span class='ocrx_word' id='word_1_448' title='bbox 1772 3196 1972 3273; x_wconf 73' lang='grc' dir='ltr'>βάπτι-</span> 
     </span>
    </p>
   </div>
   <div class='ocr_carea' id='block_1_65' title="bbox 2058 3194 3701 3274">
    <p class='ocr_par' dir='ltr' id='par_1_65' title="bbox 2058 3194 3701 3261">
     <span class='ocr_line' id='line_1_65' title="bbox 2058 3194 3701 3261; baseline 0.001 -3"><span class='ocrx_word' id='word_1_449' title='bbox 2058 3194 2237 3258; x_wconf 86' lang='lat' dir='ltr'><strong>rebus</strong></span> <span class='ocrx_word' id='word_1_450' title='bbox 2267 3195 2762 3260; x_wconf 88' lang='lat' dir='ltr'><strong>Christianorum.</strong></span> <span class='ocrx_word' id='word_1_451' title='bbox 2794 3198 2899 3259; x_wconf 90' lang='lat' dir='ltr'><strong>Ille</strong></span> <span class='ocrx_word' id='word_1_452' title='bbox 2945 3215 3084 3260; x_wconf 89' lang='lat' dir='ltr'><strong>vero</strong></span> <span class='ocrx_word' id='word_1_453' title='bbox 3114 3195 3275 3261; x_wconf 90' lang='lat' dir='ltr'><strong>circa</strong></span> <span class='ocrx_word' id='word_1_454' title='bbox 3308 3197 3564 3260; x_wconf 89' lang='lat' dir='ltr'><strong>mediam</strong></span> <span class='ocrx_word' id='word_1_455' title='bbox 3589 3216 3701 3260; x_wconf 87' lang='lat' dir='ltr'><strong>no-</strong></span> 
     </span>
    </p>
   </div>
   <div class='ocr_carea' id='block_1_66' title="bbox 325 3281 1972 3368">
    <p class='ocr_par' dir='ltr' id='par_1_66' title="bbox 325 3281 1972 3365">
     <span class='ocr_line' id='line_1_66' title="bbox 325 3281 1972 3365; baseline 0 -23"><span class='ocrx_word' id='word_1_456' title='bbox 325 3308 439 3351; x_wconf 80' lang='grc' dir='ltr'><strong>σμα</strong></span> <span class='ocrx_word' id='word_1_457' title='bbox 495 3283 698 3365; x_wconf 83' lang='grc' dir='ltr'>δίδωσι,</span> <span class='ocrx_word' id='word_1_458' title='bbox 756 3291 845 3342; x_wconf 81' lang='grc' dir='ltr'><strong>νῦν</strong></span> <span class='ocrx_word' id='word_1_459' title='bbox 902 3284 999 3361; x_wconf 80' lang='grc' dir='ltr'>μὲν</span> <span class='ocrx_word' id='word_1_460' title='bbox 1056 3281 1125 3341; x_wconf 88' lang='grc' dir='ltr'><strong>δι’</strong></span> <span class='ocrx_word' id='word_1_461' title='bbox 1172 3283 1381 3362; x_wconf 75' lang='grc' dir='ltr'>ὕδατος,</span> <span class='ocrx_word' id='word_1_462' title='bbox 1429 3284 1546 3361; x_wconf 79' lang='grc' dir='ltr'>μετ’</span> <span class='ocrx_word' id='word_1_463' title='bbox 1591 3283 1770 3362; x_wconf 82' lang='grc' dir='ltr'>ὀλίγον</span> <span class='ocrx_word' id='word_1_464' title='bbox 1799 3283 1972 3343; x_wconf 76' lang='grc' dir='ltr'>δὲκαὶ</span> 
     </span>
    </p>
   </div>
   <div class='ocr_carea' id='block_1_67' title="bbox 2058 3281 3701 3368">
    <p class='ocr_par' dir='ltr' id='par_1_67' title="bbox 2058 3285 3701 3368">
     <span class='ocr_line' id='line_1_67' title="bbox 2058 3285 3701 3368; baseline 0.001 -21"><span class='ocrx_word' id='word_1_465' title='bbox 2058 3291 2213 3348; x_wconf 89' lang='lat' dir='ltr'><strong>ctem</strong></span> <span class='ocrx_word' id='word_1_466' title='bbox 2240 3285 2312 3348; x_wconf 80' lang='lat' dir='ltr'><strong>ad</strong></span> <span class='ocrx_word' id='word_1_467' title='bbox 2337 3303 2474 3348; x_wconf 86' lang='lat' dir='ltr'><strong>eum</strong></span> <span class='ocrx_word' id='word_1_468' title='bbox 2496 3285 2748 3361; x_wconf 87' lang='lat' dir='ltr'><strong>accedit,</strong></span> <span class='ocrx_word' id='word_1_469' title='bbox 2773 3295 2832 3348; x_wconf 90' lang='lat' dir='ltr'><strong>et</strong></span> <span class='ocrx_word' id='word_1_470' title='bbox 2852 3286 3212 3368; x_wconf 88' lang='lat' dir='ltr'><strong>baptismum</strong></span> <span class='ocrx_word' id='word_1_471' title='bbox 3234 3285 3335 3348; x_wconf 88' lang='lat' dir='ltr'><strong>dat</strong></span> <span class='ocrx_word' id='word_1_472' title='bbox 3357 3285 3413 3349; x_wconf 92' lang='lat' dir='ltr'><strong>ei</strong></span> <span class='ocrx_word' id='word_1_473' title='bbox 3446 3287 3701 3368; x_wconf 88' lang='lat' dir='ltr'><strong>duplici-</strong></span> 
     </span>
    </p>
   </div>
   <div class='ocr_carea' id='block_1_68' title="bbox 327 3373 1709 3455">
    <p class='ocr_par' dir='ltr' id='par_1_68' title="bbox 327 3373 1709 3455">
     <span class='ocr_line' id='line_1_68' title="bbox 327 3373 1709 3455; baseline 0.002 -23"><span class='ocrx_word' id='word_1_474' title='bbox 327 3374 415 3432; x_wconf 81' lang='grc' dir='ltr'><strong>διὰ</strong></span> <span class='ocrx_word' id='word_1_475' title='bbox 458 3375 766 3455; x_wconf 72' lang='grc' dir='ltr'>μαρτυρίου,</span> <span class='ocrx_word' id='word_1_476' title='bbox 799 3373 930 3454; x_wconf 82' lang='grc' dir='ltr'>ὅπερ</span> <span class='ocrx_word' id='word_1_477' title='bbox 959 3373 1024 3443; x_wconf 82' lang='grc' dir='ltr'><strong>δὴ</strong></span> <span class='ocrx_word' id='word_1_478' title='bbox 1055 3376 1147 3432; x_wconf 84' lang='grc' dir='ltr'><strong>καί</strong></span> <span class='ocrx_word' id='word_1_479' title='bbox 1180 3375 1337 3439; x_wconf 74' lang='grc' dir='ltr'>αὐτός</span> <span class='ocrx_word' id='word_1_480' title='bbox 1366 3375 1709 3436; x_wconf 68' lang='grc' dir='ltr'><strong>ἔεϐαπτίσατο⁸</strong></span> 
     </span>
    </p>
   </div>
   <div class='ocr_carea' id='block_1_69' title="bbox 410 3641 2035 3724">
    <p class='ocr_par' dir='ltr' id='par_1_69' title="bbox 410 3641 2035 3724">
     <span class='ocr_line' id='line_1_69' title="bbox 410 3641 2035 3724; baseline -0.002 -22"><span class='ocrx_word' id='word_1_481' title='bbox 410 3652 479 3706; x_wconf 76' lang='lat' dir='ltr'><strong>I&#39;.</strong></span> <span class='ocrx_word' id='word_1_482' title='bbox 527 3644 689 3708; x_wconf 75' lang='grc' dir='ltr'>Εύθῦς</span> <span class='ocrx_word' id='word_1_483' title='bbox 746 3644 834 3702; x_wconf 78' lang='grc' dir='ltr'><strong>οὗν</strong></span> <span class='ocrx_word' id='word_1_484' title='bbox 875 3643 932 3699; x_wconf 72' lang='lat' dir='ltr'><strong>a7.</strong></span> <span class='ocrx_word' id='word_1_485' title='bbox 962 3664 1020 3700; x_wconf 88' lang='grc' dir='ltr'><strong>τε</strong></span> <span class='ocrx_word' id='word_1_486' title='bbox 1049 3643 1195 3723; x_wconf 82' lang='grc' dir='ltr'>θύραι</span> <span class='ocrx_word' id='word_1_487' title='bbox 1238 3652 1335 3715; x_wconf 79' lang='grc' dir='ltr'><strong>τῆς</strong></span> <span class='ocrx_word' id='word_1_488' title='bbox 1393 3641 1632 3724; x_wconf 71' lang='grc' dir='ltr'>φυλακῆς</span> <span class='ocrx_word' id='word_1_489' title='bbox 1686 3644 1972 3719; x_wconf 77' lang='grc' dir='ltr'>αὒτόματοι</span> <span class='ocrx_word' id='word_1_490' title='bbox 2028 3670 2035 3679; x_wconf 91' lang='grc'><strong>·</strong></span> 
     </span>
    </p>
   </div>
   <div class='ocr_carea' id='block_1_70' title="bbox 327 3730 1975 3813">
    <p class='ocr_par' dir='ltr' id='par_1_70' title="bbox 327 3730 1975 3813">
     <span class='ocr_line' id='line_1_70' title="bbox 327 3730 1975 3813; baseline -0.001 -22"><span class='ocrx_word' id='word_1_491' title='bbox 327 3732 683 3812; x_wconf 85' lang='grc' dir='ltr'>διηνοίγοντο,</span> <span class='ocrx_word' id='word_1_492' title='bbox 735 3735 822 3790; x_wconf 85' lang='grc' dir='ltr'><strong>καὶ</strong></span> <span class='ocrx_word' id='word_1_493' title='bbox 865 3734 972 3790; x_wconf 80' lang='grc' dir='ltr'><strong>τῶν</strong></span> <span class='ocrx_word' id='word_1_494' title='bbox 1031 3730 1241 3807; x_wconf 81' lang='grc' dir='ltr'>δεσμῶν</span> <span class='ocrx_word' id='word_1_495' title='bbox 1297 3736 1325 3790; x_wconf 85' lang='grc' dir='ltr'>ὁ</span> <span class='ocrx_word' id='word_1_496' title='bbox 1386 3734 1582 3811; x_wconf 81' lang='grc' dir='ltr'>μάρτυς</span> <span class='ocrx_word' id='word_1_497' title='bbox 1626 3732 1830 3813; x_wconf 80' lang='grc' dir='ltr'>ἐλύετο,</span> <span class='ocrx_word' id='word_1_498' title='bbox 1886 3733 1975 3790; x_wconf 82' lang='grc' dir='ltr'><strong>καὶ</strong></span> 
     </span>
    </p>
   </div>
   <div class='ocr_carea' id='block_1_71' title="bbox 326 3820 1973 3904">
    <p class='ocr_par' dir='ltr' id='par_1_71' title="bbox 326 3820 1973 3904">
     <span class='ocr_line' id='line_1_71' title="bbox 326 3820 1973 3904; baseline -0.002 -23"><span class='ocrx_word' id='word_1_499' title='bbox 326 3824 429 3893; x_wconf 74' lang='grc' dir='ltr'><strong>τῆς</strong></span> <span class='ocrx_word' id='word_1_500' title='bbox 485 3828 728 3904; x_wconf 76' lang='grc' dir='ltr'>φυλακῆς</span> <span class='ocrx_word' id='word_1_501' title='bbox 787 3820 1033 3903; x_wconf 77' lang='grc' dir='ltr'>ἐξελθὼν,</span> <span class='ocrx_word' id='word_1_502' title='bbox 1081 3823 1213 3902; x_wconf 89' lang='grc' dir='ltr'>πρός</span> <span class='ocrx_word' id='word_1_503' title='bbox 1260 3844 1377 3880; x_wconf 87' lang='grc' dir='ltr'>τινα</span> <span class='ocrx_word' id='word_1_504' title='bbox 1426 3821 1622 3879; x_wconf 82' lang='grc' dir='ltr'>Φιλέαν</span> <span class='ocrx_word' id='word_1_505' title='bbox 1672 3820 1830 3900; x_wconf 77' lang='grc' dir='ltr'>ἄνδρα</span> <span class='ocrx_word' id='word_1_506' title='bbox 1875 3824 1973 3888; x_wconf 81' lang='grc' dir='ltr'>τῆς</span> 
     </span>
    </p>
   </div>
   <div class='ocr_carea' id='block_1_72' title="bbox 318 3911 1973 3992">
    <p class='ocr_par' dir='ltr' id='par_1_72' title="bbox 318 3911 1973 3992">
     <span class='ocr_line' id='line_1_72' title="bbox 318 3911 1973 3992; baseline 0.002 -22"><span class='ocrx_word' id='word_1_507' title='bbox 318 3912 637 3992; x_wconf 79' lang='grc' dir='ltr'>’Καισαρέων</span> <span class='ocrx_word' id='word_1_508' title='bbox 710 3911 997 3981; x_wconf 63' lang='grc' dir='ltr'>ἐκκλησίας</span> <span class='ocrx_word' id='word_1_509' title='bbox 1076 3912 1364 3970; x_wconf 65' lang='grc' dir='ltr'>ἐπίσκοπον</span> <span class='ocrx_word' id='word_1_510' title='bbox 1437 3912 1789 3991; x_wconf 75' lang='grc' dir='ltr'>ἀφικνεῖται,</span> <span class='ocrx_word' id='word_1_511' title='bbox 1859 3911 1919 3974; x_wconf 68' lang='grc' dir='ltr'>ὃς</span> <span class='ocrx_word' id='word_1_512' title='bbox 1955 3956 1973 3989; x_wconf 85' lang='grc'><strong>,</strong></span> 
     </span>
    </p>
   </div>
   <div class='ocr_carea' id='block_1_73' title="bbox 327 4000 1975 4085">
    <p class='ocr_par' dir='ltr' id='par_1_73' title="bbox 327 4000 1975 4085">
     <span class='ocr_line' id='line_1_73' title="bbox 327 4000 1975 4085; baseline 0.001 -25"><span class='ocrx_word' id='word_1_513' title='bbox 327 4000 414 4060; x_wconf 75' lang='grc' dir='ltr'><strong>διὰ</strong></span> <span class='ocrx_word' id='word_1_514' title='bbox 466 4005 590 4067; x_wconf 78' lang='grc' dir='ltr'>τοὺς</span> <span class='ocrx_word' id='word_1_515' title='bbox 630 4003 694 4061; x_wconf 79' lang='grc' dir='ltr'><strong>ἐκ</strong></span> <span class='ocrx_word' id='word_1_516' title='bbox 745 4010 852 4060; x_wconf 88' lang='grc' dir='ltr'><strong>τῶν</strong></span> <span class='ocrx_word' id='word_1_517' title='bbox 909 4002 1112 4060; x_wconf 80' lang='grc' dir='ltr'>ἀσεϐῶν</span> <span class='ocrx_word' id='word_1_518' title='bbox 1171 4000 1388 4085; x_wconf 75' lang='grc' dir='ltr'>φόϐους,</span> <span class='ocrx_word' id='word_1_519' title='bbox 1450 4005 1541 4061; x_wconf 87' lang='grc' dir='ltr'><strong>τόν</strong></span> <span class='ocrx_word' id='word_1_520' title='bbox 1591 4025 1647 4060; x_wconf 86' lang='grc' dir='ltr'><strong>τε</strong></span> <span class='ocrx_word' id='word_1_521' title='bbox 1676 4007 1858 4080; x_wconf 89' lang='grc' dir='ltr'>θρόνον</span> <span class='ocrx_word' id='word_1_522' title='bbox 1888 4006 1975 4062; x_wconf 83' lang='grc' dir='ltr'><strong>καὶ</strong></span> 
     </span>
    </p>
   </div>
   <div class='ocr_carea' id='block_1_74' title="bbox 324 4093 1975 4174">
    <p class='ocr_par' dir='ltr' id='par_1_74' title="bbox 324 4093 1975 4174">
     <span class='ocr_line' id='line_1_74' title="bbox 324 4093 1975 4174; baseline 0 -24"><span class='ocrx_word' id='word_1_523' title='bbox 324 4094 422 4159; x_wconf 79' lang='grc' dir='ltr'><strong>τὰς</strong></span> <span class='ocrx_word' id='word_1_524' title='bbox 481 4093 718 4160; x_wconf 70' lang='grc' dir='ltr'>συνάξεις</span> <span class='ocrx_word' id='word_1_525' title='bbox 794 4093 1181 4172; x_wconf 65' lang='grc' dir='ltr'>ἐκτρεπόμενος</span> <span class='ocrx_word' id='word_1_526' title='bbox 1208 4142 1224 4174; x_wconf 84' lang='grc'><strong>,</strong></span> <span class='ocrx_word' id='word_1_527' title='bbox 1307 4094 1570 4172; x_wconf 75' lang='grc' dir='ltr'>ἀφανίζων</span> <span class='ocrx_word' id='word_1_528' title='bbox 1651 4094 1718 4163; x_wconf 80' lang='grc' dir='ltr'><strong>ἧν</strong></span> <span class='ocrx_word' id='word_1_529' title='bbox 1790 4094 1975 4151; x_wconf 75' lang='grc' dir='ltr'>ἑαυτὸν</span> 
     </span>
    </p>
   </div>
   <div class='ocr_carea' id='block_1_75' title="bbox 324 4174 1976 4259">
    <p class='ocr_par' dir='ltr' id='par_1_75' title="bbox 324 4174 1976 4259">
     <span class='ocr_line' id='line_1_75' title="bbox 324 4174 1976 4259; baseline 0.001 -19"><span class='ocrx_word' id='word_1_530' title='bbox 324 4185 415 4240; x_wconf 80' lang='grc' dir='ltr'><strong>καὶ</strong></span> <span class='ocrx_word' id='word_1_531' title='bbox 468 4185 854 4259; x_wconf 66' lang='grc' dir='ltr'>κρυπτόμενος.</span> <span class='ocrx_word' id='word_1_532' title='bbox 925 4174 985 4241; x_wconf 67' lang='grc' dir='ltr'>Ὀ</span> <span class='ocrx_word' id='word_1_533' title='bbox 1066 4186 1236 4241; x_wconf 87' lang='grc' dir='ltr'>τοίνυν</span> <span class='ocrx_word' id='word_1_534' title='bbox 1324 4183 1614 4247; x_wconf 83' lang='grc' dir='ltr'>ἐπίσκοπος</span> <span class='ocrx_word' id='word_1_535' title='bbox 1672 4183 1823 4248; x_wconf 75' lang='grc' dir='ltr'>οὗτος</span> <span class='ocrx_word' id='word_1_536' title='bbox 1886 4185 1976 4242; x_wconf 87' lang='grc' dir='ltr'>καὶ</span> 
     </span>
    </p>
   </div>
   <div class='ocr_carea' id='block_1_76' title="bbox 321 4271 1969 4353">
    <p class='ocr_par' dir='ltr' id='par_1_76' title="bbox 321 4271 1969 4353">
     <span class='ocr_line' id='line_1_76' title="bbox 321 4271 1969 4353; baseline 0.001 -24"><span class='ocrx_word' id='word_1_537' title='bbox 321 4271 490 4329; x_wconf 80' lang='grc' dir='ltr'>πάλαι</span> <span class='ocrx_word' id='word_1_538' title='bbox 546 4274 668 4352; x_wconf 83' lang='grc' dir='ltr'>περὶ</span> <span class='ocrx_word' id='word_1_539' title='bbox 724 4275 816 4330; x_wconf 70' lang='grc' dir='ltr'>τοῦ</span> <span class='ocrx_word' id='word_1_540' title='bbox 844 4276 1041 4353; x_wconf 86' lang='grc' dir='ltr'>Θύρσου</span> <span class='ocrx_word' id='word_1_541' title='bbox 1071 4274 1160 4330; x_wconf 87' lang='grc' dir='ltr'><strong>καὶ</strong></span> <span class='ocrx_word' id='word_1_542' title='bbox 1214 4279 1314 4342; x_wconf 81' lang='grc' dir='ltr'>τῆς</span> <span class='ocrx_word' id='word_1_543' title='bbox 1373 4271 1666 4353; x_wconf 80' lang='grc' dir='ltr'>παῤῥησίας</span> <span class='ocrx_word' id='word_1_544' title='bbox 1718 4276 1783 4350; x_wconf 76' lang='grc' dir='ltr'><strong>ᾗς</strong></span> <span class='ocrx_word' id='word_1_545' title='bbox 1838 4275 1969 4332; x_wconf 87' lang='grc' dir='ltr'>ἐπε-</span> 
     </span>
    </p>
   </div>
   <div class='ocr_carea' id='block_1_77' title="bbox 323 4357 1969 4441">
    <p class='ocr_par' dir='ltr' id='par_1_77' title="bbox 323 4357 1969 4441">
     <span class='ocr_line' id='line_1_77' title="bbox 323 4357 1969 4441; baseline 0.001 -23"><span class='ocrx_word' id='word_1_546' title='bbox 323 4357 527 4426; x_wconf 81' lang='grc' dir='ltr'>δείξατο</span> <span class='ocrx_word' id='word_1_547' title='bbox 578 4364 665 4419; x_wconf 72' lang='grc' dir='ltr'>ιιαὶ</span> <span class='ocrx_word' id='word_1_548' title='bbox 746 4360 955 4441; x_wconf 80' lang='grc' dir='ltr'>ἀνδρίας</span> <span class='ocrx_word' id='word_1_549' title='bbox 1036 4362 1266 4437; x_wconf 69' lang='grc' dir='ltr'>ἀκούων,</span> <span class='ocrx_word' id='word_1_550' title='bbox 1357 4363 1445 4420; x_wconf 79' lang='grc' dir='ltr'>καὶ</span> <span class='ocrx_word' id='word_1_551' title='bbox 1522 4361 1606 4419; x_wconf 81' lang='grc' dir='ltr'>διὰ</span> <span class='ocrx_word' id='word_1_552' title='bbox 1706 4364 1969 4439; x_wconf 83' lang='grc' dir='ltr'>θαύματος</span> 
     </span>
    </p>
   </div>
   <div class='ocr_carea' id='block_1_78' title="bbox 325 4450 1970 4532">
    <p class='ocr_par' dir='ltr' id='par_1_78' title="bbox 325 4450 1970 4532">
     <span class='ocr_line' id='line_1_78' title="bbox 325 4450 1970 4532; baseline 0.001 -24"><span class='ocrx_word' id='word_1_553' title='bbox 325 4451 486 4508; x_wconf 70' lang='grc' dir='ltr'>αὑτὸν</span> <span class='ocrx_word' id='word_1_554' title='bbox 542 4452 630 4508; x_wconf 82' lang='grc' dir='ltr'><strong>καὶ</strong></span> <span class='ocrx_word' id='word_1_555' title='bbox 656 4455 824 4527; x_wconf 80' lang='grc' dir='ltr'>τιμῆς</span> <span class='ocrx_word' id='word_1_556' title='bbox 868 4450 1036 4532; x_wconf 75' lang='grc' dir='ltr'>ἄγων,</span> <span class='ocrx_word' id='word_1_557' title='bbox 1092 4450 1279 4519; x_wconf 79' lang='grc' dir='ltr'>ἐπειδὴ</span> <span class='ocrx_word' id='word_1_558' title='bbox 1333 4450 1686 4531; x_wconf 80' lang='grc' dir='ltr'>προσελθόντα</span> <span class='ocrx_word' id='word_1_559' title='bbox 1718 4455 1765 4510; x_wconf 82' lang='grc' dir='ltr'>οἱ</span> <span class='ocrx_word' id='word_1_560' title='bbox 1817 4475 1970 4522; x_wconf 83' lang='grc' dir='ltr'>τηνι-</span> 
     </span>
    </p>
   </div>
   <div class='ocr_carea' id='block_1_79' title="bbox 321 4539 1971 4621">
    <p class='ocr_par' dir='ltr' id='par_1_79' title="bbox 321 4539 1971 4621">
     <span class='ocr_line' id='line_1_79' title="bbox 321 4539 1971 4621; baseline 0.002 -27"><span class='ocrx_word' id='word_1_561' title='bbox 321 4545 495 4596; x_wconf 79' lang='grc' dir='ltr'>καῦτα</span> <span class='ocrx_word' id='word_1_562' title='bbox 548 4539 713 4616; x_wconf 72' lang='grc' dir='ltr'>εἶδεν,</span> <span class='ocrx_word' id='word_1_563' title='bbox 747 4539 935 4598; x_wconf 73' lang='grc' dir='ltr'>ἔπεσεν</span> <span class='ocrx_word' id='word_1_564' title='bbox 993 4543 1067 4605; x_wconf 80' lang='grc' dir='ltr'>ὡς</span> <span class='ocrx_word' id='word_1_565' title='bbox 1122 4541 1283 4621; x_wconf 83' lang='grc' dir='ltr'>εἶχεν</span> <span class='ocrx_word' id='word_1_566' title='bbox 1314 4542 1458 4605; x_wconf 81' lang='grc' dir='ltr'>εὐθὺς</span> <span class='ocrx_word' id='word_1_567' title='bbox 1490 4543 1622 4621; x_wconf 83' lang='grc' dir='ltr'>πρὸς</span> <span class='ocrx_word' id='word_1_568' title='bbox 1650 4542 1772 4607; x_wconf 81' lang='grc' dir='ltr'>τοὺς</span> <span class='ocrx_word' id='word_1_569' title='bbox 1804 4542 1971 4606; x_wconf 87' lang='grc' dir='ltr'>πόδας</span> 
     </span>
    </p>
   </div>
   <div class='ocr_carea' id='block_1_80' title="bbox 333 4628 1965 4709">
    <p class='ocr_par' dir='ltr' id='par_1_80' title="bbox 333 4628 1965 4709">
     <span class='ocr_line' id='line_1_80' title="bbox 333 4628 1965 4709; baseline 0.004 -27"><span class='ocrx_word' id='word_1_570' title='bbox 333 4628 495 4683; x_wconf 72' lang='grc' dir='ltr'>αὺτοῦ</span> <span class='ocrx_word' id='word_1_571' title='bbox 522 4642 538 4658; x_wconf 86' lang='grc'><em>’</em></span> <span class='ocrx_word' id='word_1_572' title='bbox 594 4629 839 4694; x_wconf 77' lang='grc' dir='ltr'>κάκεῖνος</span> <span class='ocrx_word' id='word_1_573' title='bbox 900 4631 1216 4709; x_wconf 80' lang='grc' dir='ltr'>προσπεσὼν</span> <span class='ocrx_word' id='word_1_574' title='bbox 1274 4632 1470 4705; x_wconf 85' lang='grc' dir='ltr'>ὁμοίως</span> <span class='ocrx_word' id='word_1_575' title='bbox 1535 4637 1612 4706; x_wconf 83' lang='grc' dir='ltr'>τῷ</span> <span class='ocrx_word' id='word_1_576' title='bbox 1667 4629 1965 4708; x_wconf 82' lang='grc' dir='ltr'>ἐπισκόπῳ,</span> 
     </span>
    </p>
   </div>
   <div class='ocr_carea' id='block_1_81' title="bbox 329 4700 2039 4802">
    <p class='ocr_par' dir='ltr' id='par_1_81' title="bbox 329 4700 2039 4802">
     <span class='ocr_line' id='line_1_81' title="bbox 329 4700 2039 4802; baseline 0.005 -30"><span class='ocrx_word' id='word_1_577' title='bbox 329 4717 574 4784; x_wconf 57' lang='lat' dir='ltr'><strong>sunset</strong></span> <span class='ocrx_word' id='word_1_578' title='bbox 611 4740 664 4775; x_wconf 88' lang='grc' dir='ltr'><strong>τε</strong></span> <span class='ocrx_word' id='word_1_579' title='bbox 706 4720 887 4792; x_wconf 78' lang='grc' dir='ltr'>αὐτὸν,</span> <span class='ocrx_word' id='word_1_580' title='bbox 942 4700 1073 4800; x_wconf 76' lang='grc' dir='ltr'>’και,</span> <span class='ocrx_word' id='word_1_581' title='bbox 1138 4721 1227 4788; x_wconf 74' lang='grc' dir='ltr'><strong>Μὴ</strong></span> <span class='ocrx_word' id='word_1_582' title='bbox 1290 4700 1511 4799; x_wconf 59' lang='grc' dir='ltr'>ἅρπαζε,</span> <span class='ocrx_word' id='word_1_583' title='bbox 1571 4700 1711 4794; x_wconf 79' lang='grc' dir='ltr'>τίμιε</span> <span class='ocrx_word' id='word_1_584' title='bbox 1773 4700 2039 4802; x_wconf 42' lang='lat' dir='ltr'><strong>naue,”</strong></span> 
     </span>
    </p>
   </div>
   <div class='ocr_carea' id='block_1_82' title="bbox 326 4804 1963 4892">
    <p class='ocr_par' dir='ltr' id='par_1_82' title="bbox 326 4804 1963 4892">
     <span class='ocr_line' id='line_1_82' title="bbox 326 4804 1963 4892; baseline 0.005 -30"><span class='ocrx_word' id='word_1_585' title='bbox 326 4804 504 4886; x_wconf 76' lang='grc' dir='ltr'>ἔλεγε,</span> <span class='ocrx_word' id='word_1_586' title='bbox 547 4808 609 4864; x_wconf 82' lang='grc' dir='ltr'>τὸ</span> <span class='ocrx_word' id='word_1_587' title='bbox 638 4808 765 4887; x_wconf 87' lang='grc' dir='ltr'>παρ’</span> <span class='ocrx_word' id='word_1_588' title='bbox 794 4808 954 4886; x_wconf 75' lang='grc' dir='ltr'>ἡμῶν</span> <span class='ocrx_word' id='word_1_589' title='bbox 1005 4807 1379 4889; x_wconf 71' lang='grc' dir='ltr'>ὀφειλόμενον.</span> <span class='ocrx_word' id='word_1_590' title='bbox 1421 4809 1785 4889; x_wconf 77' lang='grc' dir='ltr'>Εύλογτ,θῆναι</span> <span class='ocrx_word' id='word_1_591' title='bbox 1843 4811 1963 4892; x_wconf 67' lang='grc' dir='ltr'>γάρ,</span> 
     </span>
    </p>
   </div>
   <div class='ocr_carea' id='block_1_83' title="bbox 326 4895 1971 4977">
    <p class='ocr_par' dir='ltr' id='par_1_83' title="bbox 326 4895 1971 4977">
     <span class='ocr_line' id='line_1_83' title="bbox 326 4895 1971 4977; baseline 0.002 -24"><span class='ocrx_word' id='word_1_592' title='bbox 326 4899 425 4956; x_wconf 74' lang='grc' dir='ltr'><strong>οὒκ</strong></span> <span class='ocrx_word' id='word_1_593' title='bbox 486 4895 801 4975; x_wconf 75' lang='grc' dir='ltr'>εδλογῆσαι,</span> <span class='ocrx_word' id='word_1_594' title='bbox 865 4896 1359 4977; x_wconf 87' lang='grc' dir='ltr'>προσεληλύθαμεν.</span> <span class='ocrx_word' id='word_1_595' title='bbox 1420 4905 1524 4957; x_wconf 80' lang='grc' dir='ltr'>Τοῦ</span> <span class='ocrx_word' id='word_1_596' title='bbox 1583 4898 1874 4959; x_wconf 79' lang='grc' dir='ltr'>ἐπισκόπου</span> <span class='ocrx_word' id='word_1_597' title='bbox 1915 4900 1971 4957; x_wconf 76' lang='grc' dir='ltr'>δὲ</span> 
     </span>
    </p>
   </div>
   <div class='ocr_carea' id='block_1_84' title="bbox 322 4984 1970 5068">
    <p class='ocr_par' dir='ltr' id='par_1_84' title="bbox 322 4984 1970 5068">
     <span class='ocr_line' id='line_1_84' title="bbox 322 4984 1970 5068; baseline 0.002 -27"><span class='ocrx_word' id='word_1_598' title='bbox 322 4984 525 5064; x_wconf 83' lang='grc' dir='ltr'>χρῆναι</span> <span class='ocrx_word' id='word_1_599' title='bbox 581 4984 787 5061; x_wconf 83' lang='grc' dir='ltr'>μᾶλλον</span> <span class='ocrx_word' id='word_1_600' title='bbox 817 4987 974 5044; x_wconf 75' lang='grc' dir='ltr'>αὑτὸν</span> <span class='ocrx_word' id='word_1_601' title='bbox 1026 4988 1266 5066; x_wconf 75' lang='grc' dir='ltr'>εὖλογεϊν</span> <span class='ocrx_word' id='word_1_602' title='bbox 1311 4986 1577 5068; x_wconf 75' lang='grc' dir='ltr'>εἰπόντος,</span> <span class='ocrx_word' id='word_1_603' title='bbox 1610 4988 1706 5045; x_wconf 74' lang='grc' dir='ltr'>οἶα</span> <span class='ocrx_word' id='word_1_604' title='bbox 1734 4986 1970 5064; x_wconf 88' lang='grc' dir='ltr'>δοκίμιον</span> 
     </span>
    </p>
   </div>
   <div class='ocr_carea' id='block_1_85' title="bbox 318 5074 1969 5157">
    <p class='ocr_par' dir='ltr' id='par_1_85' title="bbox 318 5074 1969 5157">
     <span class='ocr_line' id='line_1_85' title="bbox 318 5074 1969 5157; baseline 0.002 -27"><span class='ocrx_word' id='word_1_605' title='bbox 318 5074 519 5153; x_wconf 82' lang='grc' dir='ltr'>ἀρετῆς</span> <span class='ocrx_word' id='word_1_606' title='bbox 573 5076 757 5132; x_wconf 79' lang='grc' dir='ltr'>ἱκανὸν</span> <span class='ocrx_word' id='word_1_607' title='bbox 805 5076 1220 5157; x_wconf 83' lang='grc' dir='ltr'>παρασχόμενον</span> <span class='ocrx_word' id='word_1_608' title='bbox 1244 5124 1261 5151; x_wconf 86' lang='grc'><strong>,</strong></span> <span class='ocrx_word' id='word_1_609' title='bbox 1307 5078 1395 5134; x_wconf 76' lang='grc' dir='ltr'>καὶ</span> <span class='ocrx_word' id='word_1_610' title='bbox 1450 5076 1821 5157; x_wconf 78' lang='grc' dir='ltr'>λαμπροτέραν</span> <span class='ocrx_word' id='word_1_611' title='bbox 1870 5079 1969 5142; x_wconf 76' lang='grc' dir='ltr'>τὴν</span> 
     </span>
    </p>
   </div>
   <div class='ocr_carea' id='block_1_86' title="bbox 315 5162 1967 5247">
    <p class='ocr_par' dir='ltr' id='par_1_86' title="bbox 315 5162 1967 5247">
     <span class='ocr_line' id='line_1_86' title="bbox 315 5162 1967 5247; baseline 0.003 -28"><span class='ocrx_word' id='word_1_612' title='bbox 315 5162 519 5233; x_wconf 79' lang='grc' dir='ltr'>στολὴν</span> <span class='ocrx_word' id='word_1_613' title='bbox 545 5171 641 5222; x_wconf 79' lang='grc' dir='ltr'><strong>τοῦ</strong></span> <span class='ocrx_word' id='word_1_614' title='bbox 674 5165 979 5242; x_wconf 85' lang='grc' dir='ltr'>Πνεύματος</span> <span class='ocrx_word' id='word_1_615' title='bbox 1009 5164 1095 5222; x_wconf 83' lang='grc' dir='ltr'><strong>διὰ</strong></span> <span class='ocrx_word' id='word_1_616' title='bbox 1139 5166 1238 5235; x_wconf 83' lang='grc' dir='ltr'><strong>τῆς</strong></span> <span class='ocrx_word' id='word_1_617' title='bbox 1286 5171 1393 5223; x_wconf 87' lang='grc' dir='ltr'><strong>τῶν</strong></span> <span class='ocrx_word' id='word_1_618' title='bbox 1453 5166 1713 5247; x_wconf 76' lang='grc' dir='ltr'>χαλεπῶν</span> <span class='ocrx_word' id='word_1_619' title='bbox 1754 5168 1967 5244; x_wconf 80' lang='grc' dir='ltr'>ὑπομο-</span> 
     </span>
    </p>
   </div>
   <div class='ocr_carea' id='block_1_87' title="bbox 312 5252 1967 5335">
    <p class='ocr_par' dir='ltr' id='par_1_87' title="bbox 312 5252 1967 5335">
     <span class='ocr_line' id='line_1_87' title="bbox 312 5252 1967 5335; baseline 0.001 -25"><span class='ocrx_word' id='word_1_620' title='bbox 312 5258 413 5321; x_wconf 82' lang='grc' dir='ltr'>νῆς</span> <span class='ocrx_word' id='word_1_621' title='bbox 468 5252 855 5335; x_wconf 75' lang='grc' dir='ltr'>ἐργασάμενον,</span> <span class='ocrx_word' id='word_1_622' title='bbox 917 5257 944 5311; x_wconf 79' lang='grc' dir='ltr'><strong>δ</strong></span> <span class='ocrx_word' id='word_1_623' title='bbox 999 5256 1224 5334; x_wconf 80' lang='grc' dir='ltr'>μάρτυς,</span> <span class='ocrx_word' id='word_1_624' title='bbox 1273 5252 1353 5311; x_wconf 89' lang='grc' dir='ltr'><strong>Δι’</strong></span> <span class='ocrx_word' id='word_1_625' title='bbox 1411 5256 1536 5312; x_wconf 76' lang='grc' dir='ltr'>αὐτὸ</span> <span class='ocrx_word' id='word_1_626' title='bbox 1565 5255 1664 5330; x_wconf 78' lang='grc' dir='ltr'>μὲν</span> <span class='ocrx_word' id='word_1_627' title='bbox 1695 5255 1784 5312; x_wconf 76' lang='grc' dir='ltr'>οὖν</span> <span class='ocrx_word' id='word_1_628' title='bbox 1812 5262 1967 5313; x_wconf 81' lang='grc' dir='ltr'>τοῦτο</span> 
     </span>
    </p>
   </div>
   <div class='ocr_carea' id='block_1_88' title="bbox 312 5342 1966 5425">
    <p class='ocr_par' dir='ltr' id='par_1_88' title="bbox 312 5342 1966 5425">
     <span class='ocr_line' id='line_1_88' title="bbox 312 5342 1966 5425; baseline 0.001 -25"><span class='ocrx_word' id='word_1_629' title='bbox 312 5343 402 5400; x_wconf 84' lang='grc' dir='ltr'><strong>καὶ</strong></span> <span class='ocrx_word' id='word_1_630' title='bbox 450 5342 813 5424; x_wconf 84' lang='grc' dir='ltr'>παραγέγονα,</span> <span class='ocrx_word' id='word_1_631' title='bbox 870 5342 995 5423; x_wconf 75' lang='grc' dir='ltr'>ἔφη,</span> <span class='ocrx_word' id='word_1_632' title='bbox 1057 5343 1197 5402; x_wconf 83' lang='grc' dir='ltr'>ὥστε</span> <span class='ocrx_word' id='word_1_633' title='bbox 1272 5344 1359 5401; x_wconf 84' lang='grc' dir='ltr'><strong>καὶ</strong></span> <span class='ocrx_word' id='word_1_634' title='bbox 1412 5344 1622 5421; x_wconf 79' lang='grc' dir='ltr'>ἱμάτιον</span> <span class='ocrx_word' id='word_1_635' title='bbox 1678 5344 1966 5425; x_wconf 80' lang='grc' dir='ltr'>ἀφθαρσίας</span> 
     </span>
    </p>
   </div>
   <div class='ocr_carea' id='block_1_89' title="bbox 309 5430 1964 5514">
    <p class='ocr_par' dir='ltr' id='par_1_89' title="bbox 309 5430 1964 5514">
     <span class='ocr_line' id='line_1_89' title="bbox 309 5430 1964 5514; baseline 0.001 -24"><span class='ocrx_word' id='word_1_636' title='bbox 309 5430 652 5514; x_wconf 71' lang='grc' dir='ltr'>ἐνδύσασθαι,</span> <span class='ocrx_word' id='word_1_637' title='bbox 710 5434 798 5490; x_wconf 82' lang='grc' dir='ltr'><strong>καὶ</strong></span> <span class='ocrx_word' id='word_1_638' title='bbox 877 5431 946 5490; x_wconf 82' lang='grc' dir='ltr'><strong>δι’</strong></span> <span class='ocrx_word' id='word_1_639' title='bbox 1023 5432 1212 5499; x_wconf 69' lang='grc' dir='ltr'>ὕδατος</span> <span class='ocrx_word' id='word_1_640' title='bbox 1288 5434 1437 5511; x_wconf 77' lang='grc' dir='ltr'>ἁγίου</span> <span class='ocrx_word' id='word_1_641' title='bbox 1510 5435 1596 5492; x_wconf 78' lang='grc' dir='ltr'>καὶ</span> <span class='ocrx_word' id='word_1_642' title='bbox 1656 5435 1964 5513; x_wconf 87' lang='grc' dir='ltr'>Πνεύματος</span> 
     </span>
    </p>
   </div>
   <div class='ocr_carea' id='block_1_90' title="bbox 392 5633 902 5719">
    <p class='ocr_par' dir='ltr' id='par_1_90' title="bbox 392 5633 902 5719">
     <span class='ocr_line' id='line_1_90' title="bbox 392 5633 902 5719; baseline 0.01 -21"><span class='ocrx_word' id='word_1_643' title='bbox 392 5633 573 5700; x_wconf 75' lang='lat' dir='ltr'><strong>519a.</strong></span> <span class='ocrx_word' id='word_1_644' title='bbox 609 5652 807 5719; x_wconf 79' lang='lat' dir='ltr'><strong>mni,</strong></span> <span class='ocrx_word' id='word_1_645' title='bbox 842 5642 902 5704; x_wconf 90' lang='lat'><strong>8.</strong></span> 
     </span>
    </p>
   </div>
   <div class='ocr_carea' id='block_1_91' title="bbox 2057 3375 3700 3457">
    <p class='ocr_par' dir='ltr' id='par_1_91' title="bbox 2057 3375 3700 3457">
     <span class='ocr_line' id='line_1_91' title="bbox 2057 3375 3700 3457; baseline 0.002 -21"><span class='ocrx_word' id='word_1_646' title='bbox 2057 3383 2171 3450; x_wconf 89' lang='lat' dir='ltr'><strong>ter,</strong></span> <span class='ocrx_word' id='word_1_647' title='bbox 2206 3393 2367 3437; x_wconf 90' lang='lat' dir='ltr'><strong>nunc</strong></span> <span class='ocrx_word' id='word_1_648' title='bbox 2397 3375 2641 3456; x_wconf 90' lang='lat' dir='ltr'><strong>quidem</strong></span> <span class='ocrx_word' id='word_1_649' title='bbox 2676 3393 2783 3456; x_wconf 89' lang='lat' dir='ltr'><strong>per</strong></span> <span class='ocrx_word' id='word_1_650' title='bbox 2819 3394 3058 3457; x_wconf 91' lang='lat' dir='ltr'><strong>aquam,</strong></span> <span class='ocrx_word' id='word_1_651' title='bbox 3114 3376 3291 3456; x_wconf 77' lang='lat' dir='ltr'><strong>paulo</strong></span> <span class='ocrx_word' id='word_1_652' title='bbox 3319 3383 3451 3457; x_wconf 91' lang='lat' dir='ltr'><strong>post</strong></span> <span class='ocrx_word' id='word_1_653' title='bbox 3499 3386 3700 3442; x_wconf 89' lang='lat' dir='ltr'><strong>autem</strong></span> 
     </span>
    </p>
   </div>
   <div class='ocr_carea' id='block_1_92' title="bbox 2058 3464 3702 3548">
    <p class='ocr_par' dir='ltr' id='par_1_92' title="bbox 2058 3464 3702 3548">
     <span class='ocr_line' id='line_1_92' title="bbox 2058 3464 3702 3548; baseline 0.004 -24"><span class='ocrx_word' id='word_1_654' title='bbox 2058 3464 2233 3526; x_wconf 87' lang='lat' dir='ltr'><strong>etiam</strong></span> <span class='ocrx_word' id='word_1_655' title='bbox 2285 3482 2395 3546; x_wconf 91' lang='lat' dir='ltr'><strong>per</strong></span> <span class='ocrx_word' id='word_1_656' title='bbox 2423 3465 2787 3547; x_wconf 85' lang='lat' dir='ltr'><strong>martyrium,</strong></span> <span class='ocrx_word' id='word_1_657' title='bbox 2836 3485 2955 3547; x_wconf 88' lang='lat' dir='ltr'><strong>quo</strong></span> <span class='ocrx_word' id='word_1_658' title='bbox 3008 3465 3252 3548; x_wconf 82' lang='lat' dir='ltr'><strong>quidem</strong></span> <span class='ocrx_word' id='word_1_659' title='bbox 3302 3466 3429 3547; x_wconf 91' lang='lat' dir='ltr'><strong>ipse</strong></span> <span class='ocrx_word' id='word_1_660' title='bbox 3461 3484 3702 3548; x_wconf 83' lang='lat' dir='ltr'><strong>quoque</strong></span> 
     </span>
    </p>
   </div>
   <div class='ocr_carea' id='block_1_93' title="bbox 2054 3551 2547 3633">
    <p class='ocr_par' dir='ltr' id='par_1_93' title="bbox 2054 3551 2547 3633">
     <span class='ocr_line' id='line_1_93' title="bbox 2054 3551 2547 3633; baseline 0.008 -20"><span class='ocrx_word' id='word_1_661' title='bbox 2054 3551 2168 3615; x_wconf 84' lang='lat' dir='ltr'><strong>fuit</strong></span> <span class='ocrx_word' id='word_1_662' title='bbox 2200 3552 2547 3633; x_wconf 85' lang='lat' dir='ltr'><strong>baptizatus.</strong></span> 
     </span>
    </p>
   </div>
   <div class='ocr_carea' id='block_1_94' title="bbox 2136 3643 3702 3725">
    <p class='ocr_par' dir='ltr' id='par_1_94' title="bbox 2136 3643 3702 3725">
     <span class='ocr_line' id='line_1_94' title="bbox 2136 3643 3702 3725; baseline 0.002 -22"><span class='ocrx_word' id='word_1_663' title='bbox 2136 3643 2214 3704; x_wconf 85' lang='lat' dir='ltr'><strong>X.</strong></span> <span class='ocrx_word' id='word_1_664' title='bbox 2250 3643 2461 3704; x_wconf 90' lang='lat' dir='ltr'><strong>Statim</strong></span> <span class='ocrx_word' id='word_1_665' title='bbox 2494 3662 2633 3723; x_wconf 82' lang='lat' dir='ltr'><strong>ergo</strong></span> <span class='ocrx_word' id='word_1_666' title='bbox 2651 3647 2849 3725; x_wconf 69' lang='lat' dir='ltr'><strong>januaa</strong></span> <span class='ocrx_word' id='word_1_667' title='bbox 2886 3645 3145 3707; x_wconf 88' lang='lat' dir='ltr'><strong>carceris</strong></span> <span class='ocrx_word' id='word_1_668' title='bbox 3175 3659 3283 3706; x_wconf 90' lang='lat' dir='ltr'><strong>sua</strong></span> <span class='ocrx_word' id='word_1_669' title='bbox 3306 3650 3520 3724; x_wconf 85' lang='lat' dir='ltr'><strong>sponte</strong></span> <span class='ocrx_word' id='word_1_670' title='bbox 3562 3652 3702 3706; x_wconf 88' lang='lat' dir='ltr'><strong>sunt</strong></span> 
     </span>
    </p>
   </div>
   <div class='ocr_carea' id='block_1_95' title="bbox 2056 3732 3700 3815">
    <p class='ocr_par' dir='ltr' id='par_1_95' title="bbox 2056 3732 3700 3815">
     <span class='ocr_line' id='line_1_95' title="bbox 2056 3732 3700 3815; baseline 0.002 -24"><span class='ocrx_word' id='word_1_671' title='bbox 2056 3739 2367 3810; x_wconf 81' lang='lat' dir='ltr'><strong>apertae,et</strong></span> <span class='ocrx_word' id='word_1_672' title='bbox 2395 3732 2622 3795; x_wconf 91' lang='lat' dir='ltr'><strong>solutus</strong></span> <span class='ocrx_word' id='word_1_673' title='bbox 2645 3734 2757 3796; x_wconf 84' lang='lat' dir='ltr'><strong>fuit</strong></span> <span class='ocrx_word' id='word_1_674' title='bbox 2779 3742 3002 3815; x_wconf 81' lang='lat' dir='ltr'><strong>martyr</strong></span> <span class='ocrx_word' id='word_1_675' title='bbox 3030 3752 3063 3795; x_wconf 91' lang='lat' dir='ltr'><strong>a</strong></span> <span class='ocrx_word' id='word_1_676' title='bbox 3085 3732 3338 3796; x_wconf 88' lang='lat' dir='ltr'><strong>vinculis</strong></span> <span class='ocrx_word' id='word_1_677' title='bbox 3367 3753 3384 3809; x_wconf 89' lang='lat'><strong>;</strong></span> <span class='ocrx_word' id='word_1_678' title='bbox 3408 3739 3467 3794; x_wconf 83' lang='lat' dir='ltr'><strong>et</strong></span> <span class='ocrx_word' id='word_1_679' title='bbox 3495 3749 3700 3810; x_wconf 73' lang='lat' dir='ltr'><strong>egres-</strong></span> 
     </span>
    </p>
   </div>
   <div class='ocr_carea' id='block_1_96' title="bbox 2057 3822 3699 3905">
    <p class='ocr_par' dir='ltr' id='par_1_96' title="bbox 2057 3822 3699 3905">
     <span class='ocr_line' id='line_1_96' title="bbox 2057 3822 3699 3905; baseline 0.002 -23"><span class='ocrx_word' id='word_1_680' title='bbox 2057 3836 2162 3883; x_wconf 90' lang='lat' dir='ltr'><strong>sus</strong></span> <span class='ocrx_word' id='word_1_681' title='bbox 2187 3838 2220 3881; x_wconf 95' lang='lat' dir='ltr'><strong>e</strong></span> <span class='ocrx_word' id='word_1_682' title='bbox 2249 3839 2495 3883; x_wconf 90' lang='lat' dir='ltr'><strong>carcere</strong></span> <span class='ocrx_word' id='word_1_683' title='bbox 2525 3823 2686 3885; x_wconf 88' lang='lat' dir='ltr'><strong>venit</strong></span> <span class='ocrx_word' id='word_1_684' title='bbox 2714 3823 2786 3885; x_wconf 91' lang='lat' dir='ltr'><strong>ad</strong></span> <span class='ocrx_word' id='word_1_685' title='bbox 2834 3822 3153 3905; x_wconf 88' lang='lat' dir='ltr'><strong>quemdam</strong></span> <span class='ocrx_word' id='word_1_686' title='bbox 3186 3822 3457 3886; x_wconf 89' lang='lat' dir='ltr'><strong>Phileam</strong></span> <span class='ocrx_word' id='word_1_687' title='bbox 3500 3822 3699 3885; x_wconf 59' lang='lat' dir='ltr'><strong>Cresa-</strong></span> 
     </span>
    </p>
   </div>
   <div class='ocr_carea' id='block_1_97' title="bbox 2058 3910 3701 3994">
    <p class='ocr_par' dir='ltr' id='par_1_97' title="bbox 2058 3910 3701 3994">
     <span class='ocr_line' id='line_1_97' title="bbox 2058 3910 3701 3994; baseline 0.001 -23"><span class='ocrx_word' id='word_1_688' title='bbox 2058 3910 2358 3972; x_wconf 87' lang='lat' dir='ltr'><strong>reensium</strong></span> <span class='ocrx_word' id='word_1_689' title='bbox 2375 3910 2661 3974; x_wconf 84' lang='lat' dir='ltr'><strong>Ecclesiae</strong></span> <span class='ocrx_word' id='word_1_690' title='bbox 2677 3913 3026 3994; x_wconf 79' lang='lat' dir='ltr'><strong>episcopum</strong></span> <span class='ocrx_word' id='word_1_691' title='bbox 3037 3911 3164 3990; x_wconf 88' lang='lat' dir='ltr'><strong>,qui</strong></span> <span class='ocrx_word' id='word_1_692' title='bbox 3188 3919 3701 3993; x_wconf 86' lang='lat' dir='ltr'><strong>propterterrores</strong></span> 
     </span>
    </p>
   </div>
   <div class='ocr_carea' id='block_1_98' title="bbox 2058 3998 3699 4083">
    <p class='ocr_par' dir='ltr' id='par_1_98' title="bbox 2058 3998 3699 4083">
     <span class='ocr_line' id='line_1_98' title="bbox 2058 3998 3699 4083; baseline 0.001 -23"><span class='ocrx_word' id='word_1_693' title='bbox 2058 3998 2407 4080; x_wconf 88' lang='lat' dir='ltr'><strong>impiorum,</strong></span> <span class='ocrx_word' id='word_1_694' title='bbox 2440 4008 2500 4064; x_wconf 89' lang='lat' dir='ltr'><strong>et</strong></span> <span class='ocrx_word' id='word_1_695' title='bbox 2530 4001 2736 4065; x_wconf 91' lang='lat' dir='ltr'><strong>sedem</strong></span> <span class='ocrx_word' id='word_1_696' title='bbox 2775 4011 2833 4063; x_wconf 90' lang='lat' dir='ltr'><strong>et</strong></span> <span class='ocrx_word' id='word_1_697' title='bbox 2860 4009 3046 4064; x_wconf 73' lang='lat' dir='ltr'><strong>cretus</strong></span> <span class='ocrx_word' id='word_1_698' title='bbox 3071 4000 3400 4076; x_wconf 88' lang='lat' dir='ltr'><strong>declinans,</strong></span> <span class='ocrx_word' id='word_1_699' title='bbox 3433 4002 3699 4083; x_wconf 82' lang='lat' dir='ltr'><strong>seipsum</strong></span> 
     </span>
    </p>
   </div>
   <div class='ocr_carea' id='block_1_99' title="bbox 2057 4088 3699 4174">
    <p class='ocr_par' dir='ltr' id='par_1_99' title="bbox 2057 4088 3699 4174">
     <span class='ocr_line' id='line_1_99' title="bbox 2057 4088 3699 4174; baseline 0.001 -22"><span class='ocrx_word' id='word_1_700' title='bbox 2057 4088 2291 4152; x_wconf 86' lang='lat' dir='ltr'><strong>celabat</strong></span> <span class='ocrx_word' id='word_1_701' title='bbox 2319 4098 2378 4154; x_wconf 90' lang='lat' dir='ltr'><strong>et</strong></span> <span class='ocrx_word' id='word_1_702' title='bbox 2402 4091 2876 4156; x_wconf 88' lang='lat' dir='ltr'><strong>occultabat.Hic</strong></span> <span class='ocrx_word' id='word_1_703' title='bbox 2909 4109 3048 4168; x_wconf 83' lang='lat' dir='ltr'><strong>ergo</strong></span> <span class='ocrx_word' id='word_1_704' title='bbox 3079 4090 3526 4174; x_wconf 82' lang='lat' dir='ltr'><strong>episcopus,qui</strong></span> <span class='ocrx_word' id='word_1_705' title='bbox 3555 4091 3699 4154; x_wconf 89' lang='lat' dir='ltr'><strong>olim</strong></span> 
     </span>
    </p>
   </div>
   <div class='ocr_carea' id='block_1_100' title="bbox 2054 4178 3698 4262">
    <p class='ocr_par' dir='ltr' id='par_1_100' title="bbox 2054 4178 3698 4262">
     <span class='ocr_line' id='line_1_100' title="bbox 2054 4178 3698 4262; baseline 0.001 -21"><span class='ocrx_word' id='word_1_706' title='bbox 2054 4179 2131 4242; x_wconf 89' lang='lat' dir='ltr'><strong>de</strong></span> <span class='ocrx_word' id='word_1_707' title='bbox 2162 4178 2419 4261; x_wconf 88' lang='lat' dir='ltr'><strong>Thyrso,</strong></span> <span class='ocrx_word' id='word_1_708' title='bbox 2453 4189 2514 4243; x_wconf 92' lang='lat' dir='ltr'><strong>et</strong></span> <span class='ocrx_word' id='word_1_709' title='bbox 2560 4180 2637 4245; x_wconf 92' lang='lat' dir='ltr'><strong>de</strong></span> <span class='ocrx_word' id='word_1_710' title='bbox 2680 4182 2811 4262; x_wconf 88' lang='lat' dir='ltr'><strong>ejus</strong></span> <span class='ocrx_word' id='word_1_711' title='bbox 2839 4181 3111 4243; x_wconf 87' lang='lat' dir='ltr'><strong>libertate</strong></span> <span class='ocrx_word' id='word_1_712' title='bbox 3154 4187 3214 4243; x_wconf 91' lang='lat' dir='ltr'><strong>et</strong></span> <span class='ocrx_word' id='word_1_713' title='bbox 3241 4180 3427 4242; x_wconf 88' lang='lat' dir='ltr'><strong>animi</strong></span> <span class='ocrx_word' id='word_1_714' title='bbox 3467 4181 3698 4261; x_wconf 76' lang='lat' dir='ltr'><strong>magni-</strong></span> 
     </span>
    </p>
   </div>
   <div class='ocr_carea' id='block_1_101' title="bbox 2053 4268 3700 4352">
    <p class='ocr_par' dir='ltr' id='par_1_101' title="bbox 2053 4268 3700 4352">
     <span class='ocr_line' id='line_1_101' title="bbox 2053 4268 3700 4352; baseline 0.002 -22"><span class='ocrx_word' id='word_1_715' title='bbox 2053 4268 2259 4352; x_wconf 84' lang='lat' dir='ltr'><strong>tudine</strong></span> <span class='ocrx_word' id='word_1_716' title='bbox 2288 4270 2617 4350; x_wconf 88' lang='lat' dir='ltr'><strong>audiverat,</strong></span> <span class='ocrx_word' id='word_1_717' title='bbox 2653 4290 2787 4334; x_wconf 91' lang='lat' dir='ltr'><strong>eum</strong></span> <span class='ocrx_word' id='word_1_718' title='bbox 2801 4289 2913 4349; x_wconf 88' lang='lat' dir='ltr'><strong>que</strong></span> <span class='ocrx_word' id='word_1_719' title='bbox 2936 4268 3365 4350; x_wconf 87' lang='lat' dir='ltr'><strong>admirabatur,</strong></span> <span class='ocrx_word' id='word_1_720' title='bbox 3401 4280 3462 4332; x_wconf 91' lang='lat' dir='ltr'><strong>et</strong></span> <span class='ocrx_word' id='word_1_721' title='bbox 3489 4273 3553 4333; x_wconf 91' lang='lat' dir='ltr'><strong>in</strong></span> <span class='ocrx_word' id='word_1_722' title='bbox 3583 4271 3700 4333; x_wconf 87' lang='lat' dir='ltr'><strong>ho-</strong></span> 
     </span>
    </p>
   </div>
   <div class='ocr_carea' id='block_1_102' title="bbox 2054 4358 3699 4437">
    <p class='ocr_par' dir='ltr' id='par_1_102' title="bbox 2054 4358 3699 4437">
     <span class='ocr_line' id='line_1_102' title="bbox 2054 4358 3699 4437; baseline 0 -15"><span class='ocrx_word' id='word_1_723' title='bbox 2054 4378 2201 4422; x_wconf 91' lang='lat' dir='ltr'><strong>nore</strong></span> <span class='ocrx_word' id='word_1_724' title='bbox 2236 4358 2518 4437; x_wconf 89' lang='lat' dir='ltr'><strong>habebat,</strong></span> <span class='ocrx_word' id='word_1_725' title='bbox 2551 4377 2685 4426; x_wconf 91' lang='lat' dir='ltr'><strong>cum</strong></span> <span class='ocrx_word' id='word_1_726' title='bbox 2746 4378 2882 4422; x_wconf 92' lang='lat' dir='ltr'><strong>eum</strong></span> <span class='ocrx_word' id='word_1_727' title='bbox 2941 4367 3083 4421; x_wconf 90' lang='lat' dir='ltr'><strong>tunc</strong></span> <span class='ocrx_word' id='word_1_728' title='bbox 3125 4358 3268 4421; x_wconf 85' lang='lat' dir='ltr'><strong>vidit</strong></span> <span class='ocrx_word' id='word_1_729' title='bbox 3296 4359 3370 4421; x_wconf 92' lang='lat' dir='ltr'><strong>ad</strong></span> <span class='ocrx_word' id='word_1_730' title='bbox 3400 4376 3466 4422; x_wconf 89' lang='lat' dir='ltr'><strong>se</strong></span> <span class='ocrx_word' id='word_1_731' title='bbox 3521 4377 3699 4422; x_wconf 85' lang='lat' dir='ltr'><strong>acoe-</strong></span> 
     </span>
    </p>
   </div>
   <div class='ocr_carea' id='block_1_103' title="bbox 2056 4447 3702 4532">
    <p class='ocr_par' dir='ltr' id='par_1_103' title="bbox 2056 4447 3702 4532">
     <span class='ocr_line' id='line_1_103' title="bbox 2056 4447 3702 4532; baseline 0.001 -21"><span class='ocrx_word' id='word_1_732' title='bbox 2056 4447 2223 4524; x_wconf 89' lang='lat' dir='ltr'><strong>dere,</strong></span> <span class='ocrx_word' id='word_1_733' title='bbox 2262 4451 2533 4530; x_wconf 88' lang='lat' dir='ltr'><strong>protinus</strong></span> <span class='ocrx_word' id='word_1_734' title='bbox 2564 4451 2817 4532; x_wconf 85' lang='lat' dir='ltr'><strong>procidit</strong></span> <span class='ocrx_word' id='word_1_735' title='bbox 2845 4448 2916 4512; x_wconf 89' lang='lat' dir='ltr'><strong>ad</strong></span> <span class='ocrx_word' id='word_1_736' title='bbox 2951 4449 3085 4530; x_wconf 91' lang='lat' dir='ltr'><strong>ejus</strong></span> <span class='ocrx_word' id='word_1_737' title='bbox 3115 4447 3435 4530; x_wconf 80' lang='lat' dir='ltr'><strong>pedes.llle</strong></span> <span class='ocrx_word' id='word_1_738' title='bbox 3463 4466 3702 4532; x_wconf 86' lang='lat' dir='ltr'><strong>quoque</strong></span> 
     </span>
    </p>
   </div>
   <div class='ocr_carea' id='block_1_104' title="bbox 2055 4538 3700 4622">
    <p class='ocr_par' dir='ltr' id='par_1_104' title="bbox 2055 4538 3700 4622">
     <span class='ocr_line' id='line_1_104' title="bbox 2055 4538 3700 4622; baseline 0 -21"><span class='ocrx_word' id='word_1_739' title='bbox 2055 4556 2188 4601; x_wconf 91' lang='lat' dir='ltr'><strong>cum</strong></span> <span class='ocrx_word' id='word_1_740' title='bbox 2220 4538 2495 4602; x_wconf 90' lang='lat' dir='ltr'><strong>similiter</strong></span> <span class='ocrx_word' id='word_1_741' title='bbox 2527 4540 2886 4621; x_wconf 89' lang='lat' dir='ltr'><strong>procidisset</strong></span> <span class='ocrx_word' id='word_1_742' title='bbox 2924 4540 2996 4602; x_wconf 92' lang='lat' dir='ltr'><strong>ad</strong></span> <span class='ocrx_word' id='word_1_743' title='bbox 3030 4539 3216 4620; x_wconf 86' lang='lat' dir='ltr'><strong>pedes</strong></span> <span class='ocrx_word' id='word_1_744' title='bbox 3244 4538 3528 4622; x_wconf 87' lang='lat' dir='ltr'><strong>episcopi,</strong></span> <span class='ocrx_word' id='word_1_745' title='bbox 3562 4557 3700 4602; x_wconf 89' lang='lat' dir='ltr'><strong>eum</strong></span> 
     </span>
    </p>
   </div>
   <div class='ocr_carea' id='block_1_105' title="bbox 2057 4627 3702 4711">
    <p class='ocr_par' dir='ltr' id='par_1_105' title="bbox 2057 4627 3702 4711">
     <span class='ocr_line' id='line_1_105' title="bbox 2057 4627 3702 4711; baseline 0.001 -21"><span class='ocrx_word' id='word_1_746' title='bbox 2057 4629 2334 4710; x_wconf 77' lang='lat' dir='ltr'><strong>erigit,et:</strong></span> <span class='ocrx_word' id='word_1_747' title='bbox 2360 4627 2785 4711; x_wconf 89' lang='lat' dir='ltr'><strong>Noli,inquit,o</strong></span> <span class='ocrx_word' id='word_1_748' title='bbox 2806 4629 3151 4694; x_wconf 83' lang='lat' dir='ltr'><strong>venerande</strong></span> <span class='ocrx_word' id='word_1_749' title='bbox 3172 4628 3702 4710; x_wconf 76' lang='lat' dir='ltr'><strong>Pater,pr:eripere</strong></span> 
     </span>
    </p>
   </div>
   <div class='ocr_carea' id='block_1_106' title="bbox 2054 4716 3699 4797">
    <p class='ocr_par' dir='ltr' id='par_1_106' title="bbox 2054 4716 3699 4797">
     <span class='ocr_line' id='line_1_106' title="bbox 2054 4716 3699 4797; baseline -0.001 -17"><span class='ocrx_word' id='word_1_750' title='bbox 2054 4716 2138 4794; x_wconf 90' lang='lat' dir='ltr'><strong>id,</strong></span> <span class='ocrx_word' id='word_1_751' title='bbox 2174 4718 2335 4797; x_wconf 91' lang='lat' dir='ltr'><strong>quod</strong></span> <span class='ocrx_word' id='word_1_752' title='bbox 2363 4737 2400 4780; x_wconf 89' lang='lat' dir='ltr'><strong>a</strong></span> <span class='ocrx_word' id='word_1_753' title='bbox 2429 4718 2602 4781; x_wconf 88' lang='lat' dir='ltr'><strong>nobis</strong></span> <span class='ocrx_word' id='word_1_754' title='bbox 2634 4719 2741 4780; x_wconf 91' lang='lat' dir='ltr'><strong>tibi</strong></span> <span class='ocrx_word' id='word_1_755' title='bbox 2792 4718 3088 4796; x_wconf 90' lang='lat' dir='ltr'><strong>debetur;</strong></span> <span class='ocrx_word' id='word_1_756' title='bbox 3121 4718 3485 4781; x_wconf 86' lang='lat' dir='ltr'><strong>accessimus</strong></span> <span class='ocrx_word' id='word_1_757' title='bbox 3510 4719 3699 4793; x_wconf 88' lang='lat' dir='ltr'><strong>enim,</strong></span> 
     </span>
    </p>
   </div>
   <div class='ocr_carea' id='block_1_107' title="bbox 2055 4806 3700 4889">
    <p class='ocr_par' dir='ltr' id='par_1_107' title="bbox 2055 4806 3700 4889">
     <span class='ocr_line' id='line_1_107' title="bbox 2055 4806 3700 4889; baseline 0 -19"><span class='ocrx_word' id='word_1_758' title='bbox 2055 4815 2122 4870; x_wconf 92' lang='lat' dir='ltr'><strong>ut</strong></span> <span class='ocrx_word' id='word_1_759' title='bbox 2149 4806 2628 4871; x_wconf 89' lang='lat' dir='ltr'><strong>benedictionem</strong></span> <span class='ocrx_word' id='word_1_760' title='bbox 2647 4825 3129 4889; x_wconf 85' lang='lat' dir='ltr'><strong>assequeremur,</strong></span> <span class='ocrx_word' id='word_1_761' title='bbox 3147 4826 3266 4869; x_wconf 92' lang='lat' dir='ltr'><strong>non</strong></span> <span class='ocrx_word' id='word_1_762' title='bbox 3285 4815 3347 4869; x_wconf 92' lang='lat' dir='ltr'><strong>ut</strong></span> <span class='ocrx_word' id='word_1_763' title='bbox 3376 4806 3700 4870; x_wconf 83' lang='lat' dir='ltr'><strong>benedice-</strong></span> 
     </span>
    </p>
   </div>
   <div class='ocr_carea' id='block_1_108' title="bbox 2054 4896 3702 4978">
    <p class='ocr_par' dir='ltr' id='par_1_108' title="bbox 2054 4896 3702 4978">
     <span class='ocr_line' id='line_1_108' title="bbox 2054 4896 3702 4978; baseline -0.001 -20"><span class='ocrx_word' id='word_1_764' title='bbox 2054 4914 2281 4961; x_wconf 89' lang='lat' dir='ltr'><strong>remus.</strong></span> <span class='ocrx_word' id='word_1_765' title='bbox 2317 4898 2462 4960; x_wconf 90' lang='lat' dir='ltr'><strong>Cum</strong></span> <span class='ocrx_word' id='word_1_766' title='bbox 2495 4897 2744 4961; x_wconf 80' lang='lat' dir='ltr'><strong>dixisset</strong></span> <span class='ocrx_word' id='word_1_767' title='bbox 2802 4906 3000 4959; x_wconf 85' lang='lat' dir='ltr'><strong>autem</strong></span> <span class='ocrx_word' id='word_1_768' title='bbox 3057 4896 3393 4978; x_wconf 88' lang='lat' dir='ltr'><strong>episcopus,</strong></span> <span class='ocrx_word' id='word_1_769' title='bbox 3428 4904 3702 4976; x_wconf 84' lang='lat' dir='ltr'><strong>oportere</strong></span> 
     </span>
    </p>
   </div>
   <div class='ocr_carea' id='block_1_109' title="bbox 2056 4984 3697 5067">
    <p class='ocr_par' dir='ltr' id='par_1_109' title="bbox 2056 4984 3697 5067">
     <span class='ocr_line' id='line_1_109' title="bbox 2056 4984 3697 5067; baseline 0.002 -21"><span class='ocrx_word' id='word_1_770' title='bbox 2056 5003 2194 5047; x_wconf 90' lang='lat' dir='ltr'><strong>eum</strong></span> <span class='ocrx_word' id='word_1_771' title='bbox 2227 4984 2611 5067; x_wconf 83' lang='lat' dir='ltr'><strong>benedicere,</strong></span> <span class='ocrx_word' id='word_1_772' title='bbox 2642 4994 2705 5049; x_wconf 84' lang='lat' dir='ltr'><strong>ut</strong></span> <span class='ocrx_word' id='word_1_773' title='bbox 2724 4985 2828 5067; x_wconf 90' lang='lat' dir='ltr'><strong>qui</strong></span> <span class='ocrx_word' id='word_1_774' title='bbox 2876 4987 3229 5067; x_wconf 83' lang='lat' dir='ltr'><strong>praebuisset</strong></span> <span class='ocrx_word' id='word_1_775' title='bbox 3250 4984 3397 5047; x_wconf 79' lang='lat' dir='ltr'><strong>satis</strong></span> <span class='ocrx_word' id='word_1_776' title='bbox 3429 5003 3697 5065; x_wconf 75' lang='lat' dir='ltr'><strong>magnam</strong></span> 
     </span>
    </p>
   </div>
   <div class='ocr_carea' id='block_1_110' title="bbox 2053 5072 3709 5156">
    <p class='ocr_par' dir='ltr' id='par_1_110' title="bbox 2053 5072 3709 5156">
     <span class='ocr_line' id='line_1_110' title="bbox 2053 5072 3709 5156; baseline 0.003 -22"><span class='ocrx_word' id='word_1_777' title='bbox 2053 5074 2286 5136; x_wconf 89' lang='lat' dir='ltr'><strong>virtutis</strong></span> <span class='ocrx_word' id='word_1_778' title='bbox 2317 5074 2752 5156; x_wconf 90' lang='lat' dir='ltr'><strong>probationem,</strong></span> <span class='ocrx_word' id='word_1_779' title='bbox 2789 5083 2849 5137; x_wconf 91' lang='lat' dir='ltr'><strong>et</strong></span> <span class='ocrx_word' id='word_1_780' title='bbox 2906 5072 3376 5155; x_wconf 79' lang='lat' dir='ltr'><strong>splendidiorem</strong></span> <span class='ocrx_word' id='word_1_781' title='bbox 3408 5074 3709 5139; x_wconf 73' lang='lat' dir='ltr'><strong>etfecisset</strong></span> 
     </span>
    </p>
   </div>
   <div class='ocr_carea' id='block_1_111' title="bbox 2056 5163 3702 5246">
    <p class='ocr_par' dir='ltr' id='par_1_111' title="bbox 2056 5163 3702 5246">
     <span class='ocr_line' id='line_1_111' title="bbox 2056 5163 3702 5246; baseline 0.002 -21"><span class='ocrx_word' id='word_1_782' title='bbox 2056 5171 2276 5227; x_wconf 88' lang='lat' dir='ltr'><strong>vestem</strong></span> <span class='ocrx_word' id='word_1_783' title='bbox 2302 5165 2542 5245; x_wconf 89' lang='lat' dir='ltr'><strong>spiritus</strong></span> <span class='ocrx_word' id='word_1_784' title='bbox 2569 5183 2673 5246; x_wconf 90' lang='lat' dir='ltr'><strong>per</strong></span> <span class='ocrx_word' id='word_1_785' title='bbox 2688 5181 3034 5245; x_wconf 77' lang='lat' dir='ltr'><strong>aSperarum</strong></span> <span class='ocrx_word' id='word_1_786' title='bbox 3061 5173 3124 5226; x_wconf 86' lang='lat' dir='ltr'><strong>et</strong></span> <span class='ocrx_word' id='word_1_787' title='bbox 3144 5163 3474 5227; x_wconf 78' lang='lat' dir='ltr'><strong>difﬁcilium</strong></span> <span class='ocrx_word' id='word_1_788' title='bbox 3498 5181 3702 5228; x_wconf 90' lang='lat' dir='ltr'><strong>rerum</strong></span> 
     </span>
    </p>
   </div>
   <div class='ocr_carea' id='block_1_112' title="bbox 2050 5251 3697 5335">
    <p class='ocr_par' dir='ltr' id='par_1_112' title="bbox 2050 5251 3697 5335">
     <span class='ocr_line' id='line_1_112' title="bbox 2050 5251 3697 5335; baseline 0.002 -22"><span class='ocrx_word' id='word_1_789' title='bbox 2050 5251 2456 5329; x_wconf 88' lang='lat' dir='ltr'><strong>tolerantiam,</strong></span> <span class='ocrx_word' id='word_1_790' title='bbox 2492 5260 2753 5335; x_wconf 89' lang='lat' dir='ltr'><strong>martyr:</strong></span> <span class='ocrx_word' id='word_1_791' title='bbox 2793 5255 3049 5334; x_wconf 83' lang='lat' dir='ltr'><strong>Propter</strong></span> <span class='ocrx_word' id='word_1_792' title='bbox 3077 5253 3191 5316; x_wconf 92' lang='lat' dir='ltr'><strong>hoc</strong></span> <span class='ocrx_word' id='word_1_793' title='bbox 3221 5254 3441 5335; x_wconf 90' lang='lat' dir='ltr'><strong>ipsum,</strong></span> <span class='ocrx_word' id='word_1_794' title='bbox 3480 5254 3697 5333; x_wconf 89' lang='lat' dir='ltr'><strong>inquit,</strong></span> 
     </span>
    </p>
   </div>
   <div class='ocr_carea' id='block_1_113' title="bbox 2050 5342 3702 5427">
    <p class='ocr_par' dir='ltr' id='par_1_113' title="bbox 2050 5342 3702 5427">
     <span class='ocr_line' id='line_1_113' title="bbox 2050 5342 3702 5427; baseline 0.001 -22"><span class='ocrx_word' id='word_1_795' title='bbox 2050 5342 2167 5405; x_wconf 89' lang='lat' dir='ltr'><strong>huc</strong></span> <span class='ocrx_word' id='word_1_796' title='bbox 2196 5343 2447 5425; x_wconf 89' lang='lat' dir='ltr'><strong>accessi,</strong></span> <span class='ocrx_word' id='word_1_797' title='bbox 2497 5351 2563 5406; x_wconf 90' lang='lat' dir='ltr'><strong>ut</strong></span> <span class='ocrx_word' id='word_1_798' title='bbox 2591 5343 2876 5407; x_wconf 90' lang='lat' dir='ltr'><strong>induerer</strong></span> <span class='ocrx_word' id='word_1_799' title='bbox 2908 5349 3069 5406; x_wconf 88' lang='lat' dir='ltr'><strong>veste</strong></span> <span class='ocrx_word' id='word_1_800' title='bbox 3118 5342 3611 5427; x_wconf 82' lang='lat' dir='ltr'><strong>incorruptionis,</strong></span> <span class='ocrx_word' id='word_1_801' title='bbox 3643 5353 3702 5408; x_wconf 87' lang='lat' dir='ltr'><strong>et</strong></span> 
     </span>
    </p>
   </div>
   <div class='ocr_carea' id='block_1_114' title="bbox 2049 5431 3698 5515">
    <p class='ocr_par' dir='ltr' id='par_1_114' title="bbox 2049 5431 3698 5515">
     <span class='ocr_line' id='line_1_114' title="bbox 2049 5431 3698 5515; baseline 0.001 -19"><span class='ocrx_word' id='word_1_802' title='bbox 2049 5451 2158 5514; x_wconf 89' lang='lat' dir='ltr'><strong>per</strong></span> <span class='ocrx_word' id='word_1_803' title='bbox 2179 5450 2390 5515; x_wconf 88' lang='lat' dir='ltr'><strong>aquam</strong></span> <span class='ocrx_word' id='word_1_804' title='bbox 2416 5440 2474 5496; x_wconf 93' lang='lat' dir='ltr'><strong>et</strong></span> <span class='ocrx_word' id='word_1_805' title='bbox 2498 5431 2785 5515; x_wconf 90' lang='lat' dir='ltr'><strong>Spiritum</strong></span> <span class='ocrx_word' id='word_1_806' title='bbox 2810 5440 3079 5498; x_wconf 85' lang='lat' dir='ltr'><strong>sanctum</strong></span> <span class='ocrx_word' id='word_1_807' title='bbox 3099 5434 3698 5514; x_wconf 76' lang='lat' dir='ltr'><strong>regenerarer.Non-</strong></span> 
     </span>
    </p>
   </div>
  </div>
