4056 6142
401 266 519 334 519

1698 260 1980 330 MENSIS
2024 261 2454 329 DECEMBER.

402 403 543 466 dum
577 401 736 464 enim
769 419 899 464 sum
934 399 1196 462 divinum
1248 398 1608 480 baptismum
1659 409 2040 474 consecutus,

2138 402 2545 480 Ξιναγεννηθῆναι
2581 422 2595 435 ·

3653 262 3771 332 520

2668 403 2816 459 οὔπω
2877 404 2976 481 γὰρ
3046 402 3140 460 τοῦ
3211 404 3346 460 θείου
3405 405 3771 480 βαπτίσματος

405 497 496 558 Ne
514 491 814 557 cuncteris
836 491 1108 570 ergo,sed
1142 490 1326 551 facias
1357 508 1488 570 quae
1518 489 1882 565 desidero,et
1912 508 2046 571 quae

2138 491 2480 568 ιατηξίωμαι.
2531 493 2617 560 Μὴ
2659 491 2821 568 μέλλε
2880 493 3052 549 τοίνυν
3079 541 3095 562 ,
3169 491 3305 552 ἀλλὰ
3347 494 3484 550 ποίει
3530 494 3597 550 τὰ
3638 494 3777 549 κατὰ

407 583 608 664 pietati
655 581 1042 644 conveniunt.
1098 578 1240 641 Cum
1297 579 1567 656 protinus
1615 597 1756 658 ergo
1811 589 2048 658 peracta

405 681 627 749 essent,
664 690 796 752 quae
823 671 883 732 in
918 689 987 731 eo
1023 669 1467 746 ﬁunt,Tbyrsus
1497 677 1764 730 sanctum
1800 669 2049 749 suscipit

403 762 804 844 baptismum;
844 768 902 821 et
934 758 1151 820 deinde
1198 757 1490 838 adjiciens
1525 777 1538 820 :
1600 757 1855 820 Domine
1909 760 2046 822 Jesu

405 853 668 930 Christe,
700 852 861 913 Deus
893 845 1255 920 meus,dicit,
1291 846 1392 923 qui
1425 865 1518 906 me
1551 846 1827 925 dignatus
1858 866 1922 908 es
1944 865 2051 928 per

404 958 618 1020 aquam
649 936 1050 1001 consummari
1108 945 1165 997 et
1215 935 1529 1016 Spiritum,
1565 935 1809 1014 dignare
1840 955 1956 1012 me,
1985 944 2050 997 ut

404 1050 512 1110 ego
535 1028 770 1102 eodem,
801 1045 922 1106 quo
954 1033 1039 1101 tu,
1075 1025 1343 1104 baptizer
1394 1025 1711 1106 baptismo,
1746 1036 1804 1087 et
1847 1027 2044 1088 bibam

405 1130 567 1182 tuum
600 1117 870 1189 calicem,
907 1123 966 1177 et
1017 1123 1129 1176 tuae
1189 1115 1364 1177 morti
1415 1114 1782 1178 conformer.
1819 1116 2048 1179 Deinde

403 1209 581 1272 etiam
615 1225 752 1270 cum
784 1224 970 1286 pauca
1002 1211 1160 1267 esset
1191 1206 1422 1267 locutus
1454 1223 1590 1266 cum
1629 1205 1937 1286 episcopo,
1991 1215 2050 1268 et

401 1319 468 1362 se
492 1297 744 1360 invicem
768 1295 1028 1376 imperiti
1053 1302 1253 1357 essent
1277 1294 2050 1376 benedictionibus,martyr

397 1389 717 1453 revertitur
739 1387 801 1448 in
832 1405 1160 1461 carcerem,
1192 1392 1589 1466 praetereunte
1637 1384 1694 1446 ei
1723 1385 1922 1447 divino
1954 1385 2046 1447 lu-

403 1480 564 1543 mine
595 1489 656 1541 et
685 1477 1080 1554 sequentibus
1111 1474 1486 1554 angelis,utii
1515 1483 1719 1556 aperte
1743 1474 2042 1553 videbant,

401 1572 503 1647 qui
529 1567 696 1646 digni
728 1574 896 1627 erant
923 1564 1149 1626 videre.
1184 1564 1312 1636 Quo
1364 1565 1421 1623 in
1473 1564 1604 1627 loco
1652 1582 1863 1626 rursus
1894 1582 2041 1625 con-

401 1660 586 1722 suetis
613 1656 955 1736 invigilabat
984 1653 1350 1736 precibus,et
1380 1670 1511 1716 cum
1536 1656 1660 1717 Deo
1691 1653 2047 1734 loquebatur

401 1767 510 1830 per
539 1749 745 1810 otium.

481 1841 585 1902 ΧΙ.
617 1835 754 1901 Alio
785 1845 978 1898 autem
1008 1834 1191 1896 alium
1221 1834 1499 1896 studente
1521 1835 1758 1895 vincere
1789 1833 1848 1894 in
1881 1833 2041 1906 vitio,

2127 582 2350 658 γνώμην
2392 582 2509 658 ἐμοὶ
2556 583 2642 638 καὶ
2707 587 2773 657 τῇ
2841 579 3109 655 θεοσεϐείᾳ
3180 583 3542 660 προσήκοντα.
3603 582 3776 640 Τελε-

2130 669 2354 727 σθέντων
2398 675 2485 729 οὒν
2563 673 2708 734 εὐθὺς
2772 678 2876 726 τῶν
2941 672 2996 726 ἐν
3040 673 3208 745 τούτῳ
3264 674 3684 748 νενομισμένων,
3748 674 3777 728 ὁ

2133 760 2328 838 Θύρσος
2374 763 2434 816 τὸ
2503 761 2654 838 ἅγιον
2721 761 2996 836 βάπτισμα
3066 759 3308 840 δέχεται,
3367 763 3455 818 καὶ
3509 763 3778 838 προσθεὶς,

2135 849 2288 925 Κύριε
2320 847 2497 917 Ἰησοῧ
2530 850 2751 928 Χριστὲ,
2794 852 2821 905 ὁ
2854 850 2981 915 Θεός
3012 873 3138 930 μου,
3175 849 3353 928 λέγει,
3387 854 3414 906 ὁ
3447 851 3782 916 καταξιώσας

2131 961 2197 1014 με
2242 937 2309 994 δι’
2369 938 2554 1001 ὕδατος
2612 939 2953 1006 τελειωθῆναι
3020 941 3104 995 καὶ
3173 941 3503 1015 Πνεύματος,
3572 943 3660 997 καὶ
3717 941 3780 996 τὸ

2129 1029 2405 1104 βάπτισμα
2437 1031 2463 1085 ὃ
2509 1030 2660 1094 αὑτὸς
2719 1026 2988 1086 ἐϐαπτίσω
3036 1030 3392 1104 βαπτίσασθαι
3423 1078 3437 1101 ,
3494 1032 3647 1095 αὑτός
3709 1052 3778 1105 με

2132 1119 2217 1173 καὶ
2277 1120 2336 1173 τὸ
2397 1118 2649 1193 ποτήριόν
2705 1140 2798 1175 σου
2848 1132 3016 1190 πιεῖν,
3073 1120 3158 1174 καὶ
3218 1123 3780 1198 συμμορφωθῆναιτῷ

2129 1207 2339 1280 θανάτῳ
2397 1229 2485 1270 ςου
2563 1205 2912 1272 καταξίωσον.
2991 1209 3126 1264 Εἶτα
3206 1210 3293 1264 καὶ
3355 1216 3431 1282 τῷ
3501 1209 3779 1280 ἒπισκόπῳ

2133 1299 2293 1373 μικρὰ
2352 1295 2713 1371 συλλαλήσας,
2788 1299 2875 1353 καὶ
2959 1296 3252 1360 ἀντιδόντες
3341 1297 3600 1368 ἀλλήλοις
3681 1300 3778 1362 τὰς

2132 1385 2390 1464 εὐλογίας,
2453 1389 2481 1441 ὁ
2525 1387 2722 1464 μείρτυς
2780 1387 2910 1465 πρὸς
2971 1389 3032 1442 τὸ
3108 1385 3473 1465 δεσμωτήριον
3533 1387 3776 1467 ἐπανῄει,

2130 1478 2307 1554 φωτὸς
2354 1477 2495 1550 αὕτῷ
2561 1477 2695 1532 θείου
2753 1477 3160 1554 προηγουμένου
3221 1479 3305 1533 καὶ
3365 1476 3609 1554 ἀγγέλων
3668 1499 3782 1533 πα-

2131 1565 2460 1642 ρεπομένων,
2523 1568 2596 1628 ὡς
2683 1563 2911 1644 ἀκριϐῶς
2973 1563 3113 1621 εἶδον
3154 1613 3170 1638 ,
3247 1588 3336 1628 ους
3394 1565 3525 1623 ἰδεῖν
3585 1566 3729 1632 ἀξιον
3768 1588 3782 1600 ·

2132 1654 2250 1710 ἔνθα
2293 1656 2377 1711 καὶ
2413 1653 2571 1711 πάλιν
2605 1669 2725 1720 ταῖς
2759 1657 3002 1722 συνήθεσι
3056 1669 3386 1735 προσευχαῖς
3426 1655 3780 1736 ἐπηγρύπνει,

2073 1777 2107 1825 Β
2132 1754 2218 1799 και
2246 1751 2324 1815 τῷ
2357 1751 2470 1818 Θεῷ
2503 1745 2636 1801 κατὰ
2667 1743 2876 1824 σχολὴν
2908 1742 3196 1822 διελέγετο,

2213 1824 2322 1891 Μ’.
2361 1833 2506 1890 Ἀλλ’
2541 1832 2657 1890 οὑδὲ
2711 1834 2888 1889 ἄλλων
2930 1834 2984 1889 ἐν
3032 1834 3189 1906 κακίᾳ
3248 1839 3396 1906 νικᾷν
3454 1833 3782 1906 σπουδάζον-

399 1935 458 1989 et
487 1923 837 2006 imperatori
867 1923 928 1984 in
963 1923 1173 2001 primis
1203 1922 1388 2004 impio
1440 1923 1680 1984 volente
1723 1920 2048 2001 gratiﬁcari

2138 1947 2245 1998 τος,
2279 1928 2472 2000 καὶτῷ
2530 1923 2929 2000 δυσσεϐεστάτῳ
2986 1933 3063 1999 τῷ
3119 1925 3320 1982 πλείονι
3367 1931 3466 1993 τῆς
3520 1927 3781 2004 πονηρίας

403 2016 630 2096 majore
678 2012 1085 2094 improbitate,
1148 2012 1421 2076 Silvanus
1478 2030 1716 2093 quoque
1775 2011 2039 2092 quidam,

2138 2016 2435 2092 χαρίζεσθαι
2516 2015 2842 2092 βουλαμένου
2913 2017 2999 2071 καὶ
3085 2014 3340 2080 Σιλϐανός
3418 2038 3523 2094 τις,
3597 2016 3782 2092 κόμης

391 2123 612 2185 genere
665 2101 905 2185 quidem
933 2101 1136 2183 Persa,
1165 2101 1449 2181 dignitate
1477 2109 1675 2163 autem
1720 2119 1946 2176 comes,
1981 2102 2042 2162 in

2138 2105 2225 2178 αὲν
2280 2106 2339 2160 τὸ
2396 2103 2621 2179 ἀξίωμα,
2682 2103 2885 2178 Πέρσης
2928 2103 2981 2160 δὲ
3044 2105 3100 2161 τὸ
3150 2105 3323 2182 γένος,
3383 2107 3477 2171 τὰς
3528 2105 3582 2161 δὲ
3638 2107 3781 2162 κατὰ

399 2194 704 2277 suppliciis
727 2210 869 2256 vero
893 2192 967 2255 de
993 2192 1106 2273 piis
1123 2191 1430 2254 sumendis
1460 2191 1722 2253 crudelis
1754 2202 1815 2252 et
1843 2190 2046 2253 inexo-

2138 2200 2233 2249 τῶν
2289 2191 2515 2252 εὐσεϐῶν
2578 2195 2832 2270 τιμωρίας
2891 2195 3037 2270 ὠμός
3111 2216 3168 2250 τε
3240 2197 3326 2251 οιαὶ
3383 2195 3774 2272 ἀπαραίτητος,

402 2285 632 2361 rabilis,
669 2284 839 2365 petiit
875 2282 948 2345 ab
981 2282 1362 2362 imperatore,
1398 2289 1462 2343 ut
1491 2289 1651 2343 esset
1683 2281 2049 2342 examinator
2128 2284 2286 2362 χάριν
2355 2287 2524 2362 ᾕτησε
2610 2286 2697 2340 τὸν
2765 2282 3013 2360 βασιλέα,
3123 2285 3156 2341 ἅ

403 2393 612 2439 eorum
635 2373 862 2451 quibus
894 2372 1249 2454 permissum
1284 2379 1374 2434 est
1404 2371 1617 2451 punire
1650 2370 2038 2432 Christianos.

405 2469 552 2531 Cum
585 2482 726 2544 ergo
748 2463 1024 2536 liberam,
1057 2472 1117 2524 et
1165 2461 1492 2523 reddendae
1535 2459 1751 2521 rationi
1783 2478 1902 2520 non
1935 2457 2046 2520 ob—

405 2555 721 2619 noxiamin
735 2571 838 2614 eos
859 2552 1194 2631 accepisset
1216 2547 2047 2628 potestatem,venitNicaaam,

406 2644 689 2709 libamina
721 2651 778 2704 et
799 2641 1088 2703 sacriﬁcia
1118 2655 1408 2718 peragens
1437 2635 1831 2708 daemonibus,
1877 2645 1934 2697 et
1963 2636 2051 2698 eis

403 2733 667 2799 convivia
689 2729 1003 2794 celebrans
1025 2727 1314 2805 sanguine
1339 2724 1953 2788 Christianorum.Hic
1977 2725 2051 2788 de

407 2842 618 2902 magno
649 2820 874 2899 Thyrso
907 2817 964 2879 ei
997 2816 1388 2894 signiﬁcatur,
1424 2815 1581 2895 quod
1614 2825 1671 2876 et
1701 2815 1879 2878 nullis
1898 2815 2051 2878 vinci

2128 2284 2286 2362 χάριν
2355 2287 2524 2362 ᾕτησε
2610 2286 2697 2340 τὸν
2765 2282 3013 2360 βασιλέα,

2132 2373 2470 2451 Χριστιανοὺς
2568 2373 2810 2444 κολάζειν
2896 2373 3360 2451 ἐπιτετραμμένων

2134 2461 2434 2520 Ἀνεύθυνον
2515 2461 2602 2518 οὖν
2683 2461 2768 2518 ἔπ’

3123 2285 3258 2341 ὥστε
3344 2285 3583 2362 γενέσθαι
3666 2287 3778 2341 τῶν

3461 2373 3746 2444 ἐξεταστής
3763 2420 3776 2434 .

2855 2463 3035 2526 αὐτοῖς
3107 2463 3204 2530 τὴν
3270 2462 3500 2528 ἐξουσίαν
3571 2462 3781 2544 λαϐὼν,

2133 2549 2389 2624 ἐπιδημεῖ
2417 2556 2484 2626 τῇ
2515 2553 2727 2622 Νικαίᾳ,
2761 2550 2987 2616 σπονδὰς
3045 2564 3163 2616 τοῖς
3219 2550 3427 2627 δαίμοσι
3471 2554 3558 2608 καὶ
3599 2555 3786 2617 θυσίας

2133 2639 2413 2718 ἐπιτελῶν,
2466 2641 2553 2696 καὶ
2609 2646 2933 2718 Χριστιανῶν
2989 2641 3172 2705 αὐτοὺς
3223 2640 3472 2699 ἐνεστιῶν
3528 2641 3786 2717 α’ίμασιν,

2133 2729 2389 2787 Ἐνταῦθα
2436 2729 2691 2804 μηνύεται
2745 2729 2810 2787 τὰ
2852 2729 2990 2786 κατὰ
3045 2730 3137 2786 τὸν
3194 2730 3365 2807 μέγαν
3423 2731 3620 2810 Θύρσον
3677 2731 3782 2787 αύ-

2134 2825 2232 2893 τῷ,
2305 2820 2377 2882 ὡς
2440 2817 2531 2886 εἴη
2613 2819 2863 2894 βασάνοις
2920 2841 2977 2875 τε
3055 2819 3253 2882 πάσαις
3324 2817 3622 2901 ἀνάλωτος,
3693 2824 3786 2879 καὶ

408 2919 611 2994 posset
628 2905 1394 2988 tormentis,miraculisque
1407 2916 1467 2966 et
1481 2903 1766 2994 prodigiis
1777 2905 2050 2967 homines

2138 2910 2360 2984 θαύμασι
2431 2910 2521 2964 καὶ
2616 2908 2909 2986 τεραστίοις
3007 2908 3310 2987 ἀνθρώπους
3407 2909 3719 2980 ἐκπλήττων
3750 2957 3772 2985 ,

405 2993 904 3082 obstupefaceret.
939 2996 1149 3060 Statim
1201 3003 1399 3057 autem
1431 2993 1613 3056 mittit
1643 2995 1929 3075 quosdam
1983 3013 2050 3057 ex

2138 2999 2222 3055 καὶ
2277 2999 2461 3055 αὐτίκα
2518 2997 2720 3072 πέμπει
2797 2999 2944 3063 τινὰς
2999 3003 3104 3055 τῶν
3185 3001 3300 3078 περὶ
3376 2998 3534 3056 αὐτὸν
3568 3046 3586 3076 ,
3642 3000 3783 3058 ὥστε

405 3093 552 3172 suis,
584 3097 645 3152 ut
674 3088 852 3151 simul
884 3085 1126 3169 quidem
1187 3094 1247 3147 et
1277 3085 1467 3146 virum
1501 3093 1810 3146 servarent
1847 3089 2049 3161 tutius,

2138 3090 2266 3164 δμοῦ
2321 3089 2418 3162 μὲν
2489 3086 2882 3168 ἀσφαλέστερον
2954 3090 3046 3145 τὸν
3124 3085 3282 3165 ἄνδρα
3355 3102 3583 3167 τηρεῖν,
3643 3091 3781 3164 ὁμοῦ

407 3191 467 3244 et
495 3180 690 3242 verbis
718 3195 958 3260 quoque
987 3177 1103 3257 ipsi
1124 3193 1260 3237 eum
1279 3174 1750 3255 adorirentur,et
1777 3173 2047 3254 compel-

2138 3177 2187 3234 δὲ
2239 3176 2326 3234 καί
2379 3177 2568 3256 λόγους
2625 3177 2917 3256 προτείνειν
2970 3173 3092 3250 παρ’
3171 3178 3371 3235 ἑαυτῶν
3405 3224 3422 3253 ,
3487 3177 3581 3236 καί
3649 3201 3783 3234 συν-

405 3275 601 3336 lerent
623 3268 695 3332 ad
727 3267 1056 3346 negantiam
1082 3265 1535 3344 religionem,et
1567 3272 1796 3326 terrore
1819 3264 2051 3326 comitis

402 3361 668 3424 animum
694 3359 827 3438 ejus
845 3357 1007 3437 prius
1031 3354 1721 3418 labefactarent.Deinde
1751 3354 1878 3433 ipse
1900 3373 2053 3434 quo-

404 3470 523 3532 que
553 3449 788 3512 accedit
823 3470 834 3511 :
864 3456 922 3508 et
953 3448 1210 3526 primum
1239 3444 1484 3524 quidem
1517 3445 1834 3521 magniﬁce
1863 3445 2050 3532 sacri:

406 3527 541 3604 ﬁcat
567 3539 845 3613 Maximo,
879 3542 982 3618 qui
1039 3545 1129 3598 est
1184 3534 1338 3616 apud
1402 3553 1526 3616 eos,
1579 3534 1731 3598 Jovi.
1770 3527 2058 3614 Sequenti

401 3640 600 3695 autem
631 3629 728 3690 die
760 3645 893 3689 cum
928 3627 1105 3689 simul
1140 3643 1275 3687 cum
1301 3623 1644 3688 Cumbricio
1670 3623 1920 3687 sedisset
1948 3642 2063 3705 pro

408 3720 711 3795 tribunali,
745 3727 803 3780 et
832 3717 1123 3798 Thyrsum
1155 3714 1286 3779 sisti
1315 3724 1606 3796 curasset,
1640 3715 1919 3777 omnibus
1947 3734 2054 3776 au-

408 3811 711 3874 dientibus
729 3827 796 3870 ea
817 3807 993 3887 jubet
1022 3805 1162 3886 legi,
1197 3824 1328 3886 quae
1358 3805 1598 3868 fuerant
1627 3805 1792 3884 prius
1824 3805 2054 3868 exami-

407 3909 564 3962 nata.
597 3898 764 3970 Quod
797 3915 929 3958 cum
963 3896 1183 3958 factum
1217 3903 1374 3956 esset
1407 3914 1420 3954 :
1455 3893 1543 3956 Ne
1591 3895 1922 3968 existimes,
1959 3896 2058 3956 in-

409 3992 556 4070 quit,
591 4007 624 4049 0
657 3986 903 4066 Thyrse,
963 4003 1030 4046 ea
1061 4002 1194 4065 quae
1224 3984 1447 4046 instant
1476 3984 1603 4046 fore
1631 3983 1853 4046 similia
1902 4001 2058 4064 prm—

407 4075 782 4150 cedcntibus,
820 4075 924 4136 sed
959 4075 1116 4155 quod
1171 4074 1520 4154 imperatori
1549 4074 1780 4136 futurus
1809 4093 1874 4136 es
1904 4093 2054 4136 con-

399 4167 690 4250 junctior,
724 4178 784 4228 et
816 4185 932 4246 quo
959 4163 1064 4226 tibi
1091 4164 1346 4244 majores
1368 4163 1754 4226 habebuntur
1772 4164 2053 4239 honores,

409 4262 457 4323 si
485 4258 644 4321 illius
694 4257 956 4320 decretis
1012 4256 1334 4336 parueris:
1390 4273 1460 4316 eo
1509 4272 1718 4315 rursus
1747 4253 2054 4316 acerbiora

406 4350 632 4411 senties
660 4346 1036 4428 supplicia,si
1062 4363 1271 4426 pergas
1296 4345 1448 4406 hanc
1477 4343 1813 4423 improbam
1847 4352 2057 4405 tenere

2135 3271 2294 3324 ωθεϊν
2338 3268 2412 3329 εἰς
2469 3265 2688 3344 ἄρνησιν
2734 3266 2825 3324 τοῦ
2881 3263 3234 3342 σεϐάσματος,
3283 3267 3377 3323 καί
3421 3273 3492 3344 τῇ
3537 3274 3630 3326 τοῦ
3676 3271 3782 3325 κό-

2137 3378 2306 3432 μητος
2337 3357 2492 3436 φήμῃ
2523 3357 2618 3424 την
2665 3354 2864 3413 ἐκείνου
2923 3357 3331 3433 προκατασείειν
3382 3358 3590 3436 ψυχήν.
3641 3359 3784 3416 Εἶτα

2135 3445 2222 3502 λαὶ
2278 3447 2433 3508 αὐτὸς
2492 3447 2836 3525 παραγίνεται
2869 3445 2955 3500 καὶ
2999 3452 3185 3523 πρῶτα
3229 3445 3324 3520 μὲν
3380 3446 3486 3502 θύει
3544 3446 3786 3526 μεγαλο-

2135 3540 2351 3614 πρεπῶς
2383 3543 2459 3609 τῷ
2489 3535 2610 3615 παρ’
2659 3537 2839 3599 αὐτοῖς
2871 3535 3106 3613 μεγίστῳ
3160 3535 3241 3590 Διί
3275 3550 3288 3564 ⁸
3337 3535 3405 3612 τῇ
3436 3533 3488 3591 δὲ
3522 3536 3643 3603 ἐξῆς
3680 3537 3779 3593 ἐπί

2136 3627 2378 3702 βήματος
2422 3625 2533 3700 ἅμα
2593 3622 2922 3701 Κουμϐρικίῳ
2990 3625 3229 3698 καθίσας,
3286 3626 3374 3680 καὶ
3427 3627 3518 3682 τὸν
3579 3627 3782 3697 Θύρσον

2138 3714 2614 3794 παραστησάμενος
2671 3715 2741 3778 εἰς
2800 3713 3029 3782 ἐπήκοον
3089 3714 3305 3770 πάντων
3375 3714 3782 3794 ἀναγνωσθῆναι

2138 3806 2204 3862 τὰ
2259 3803 2695 3883 προεξητασμένα
2724 3819 2743 3838 ⁶
2795 3802 2855 3858 οὗ
2904 3801 3214 3882 γενομένου,
3245 3803 3334 3870 Μὴ
3367 3805 3570 3880 νόμιζε,
3605 3810 3786 3882 εἶπεν,

2137 3897 2183 3950 ὦ
2227 3894 2416 3972 Θύρσε,
2445 3892 2794 3971 παραπλήσιά
2823 3914 2906 3948 σοι
2937 3892 3002 3948 τὰ
3033 3894 3270 3970 παρόντα
3313 3907 3431 3957 τοῖς
3483 3893 3784 3973 προλαϐοῦ-

2139 4007 2220 4041 σιν
2265 3982 2504 4058 ἔσεσθαι,
2537 3981 2656 4039 ἀλλ’
2688 3981 2797 4055 ὅσῳ
2839 3983 3044 4058 μείζους
3092 3985 3141 4039 αἱ
3187 3982 3311 4061 παρ’
3339 3986 3497 4060 ἡμῶν
3529 4007 3612 4043 σοι
3653 3987 3787 4065 πρὸς

2139 4075 2231 4130 τὸν
2289 4073 2648 4153 αὐτοκράτορα
2706 4073 2999 4135 οἷκειώσεις
3077 4073 3166 4129 καὶ
3234 4075 3384 4148 τιμαὶ
3440 4076 3786 4152 γενήσονται,

2136 4161 2290 4242 εἴπερ
2347 4163 2446 4240 ἄρα
2489 4164 2585 4220 καὶ
2628 4175 2744 4226 τοῖς
2775 4163 2974 4219 ὲκείνου
3017 4167 3238 4240 πεισθῇς
3293 4161 3638 4242 διατάγμασι,
3685 4187 3787 4222 το-

2137 4255 2308 4330 σούτῳ
2367 4252 2526 4311 πάλιν
2590 4255 2678 4310 καὶ
2735 4252 3053 4332 πικροτέρων
3103 4255 3330 4331 αἰσθήσῃ
3386 4253 3780 4334 κολαστηρίων,

2139 4347 2182 4401 εἰ
2223 4343 2322 4412 τήν
2381 4343 2548 4410 αὐτὴν
2607 4344 2883 4420 ἑπιμείνῃς
2937 4339 3236 4422 πρεσϐεύων
3299 4342 3630 4410 κακοδοξίαν.
3684 4347 3784 4404 Καὶ

408 4423 1024 4517 ορὶιιὶοηεηὶξΜοτινῐ
1043 4423 1225 4496 vero:
1252 4433 1363 4504 Qui
1393 4451 1488 4494 me
1519 4434 1621 4512 tui,
1659 4431 1876 4513 inquit,
1911 4452 2050 4496 con-

2139 4435 2166 4489 ὁ
2211 4433 2434 4511 μάρτυς,
2498 4423 2554 4490 Ὀ
2607 4433 2696 4490 καὶ
2729 4431 2982 4512 πρότερόν
3027 4453 3116 4512 με,
3164 4434 3318 4512 φησὶ,
3366 4434 3639 4513 κρείττονα
3669 4433 3782 4490 δεί-

405 4526 648 4589 fessoris
671 4525 978 4606 suppliciis
998 4523 1139 4585 fecit
1157 4521 1876 4604 potentiorem,Dominus
1888 4541 2050 4586 meus

2139 4521 2228 4588 ξας
2283 4529 2373 4579 τοῦ
2427 4521 2791 4601 συμπαρέδρου
2847 4529 2938 4580 τοῦ
3011 4528 3100 4579 σοῦ
3162 4521 3531 4601 κολαστηρίων
3592 4523 3785 4602 Κύριός

407 4617 580 4678 Jesus
603 4614 898 4688 Christus,
934 4614 1058 4694 ipse
1090 4611 1236 4674 mihi
1270 4631 1506 4693 quoque
1536 4631 1693 4674 nunc
1723 4613 2050 4689 assistet,et

2138 4636 2236 4690 μου
2290 4610 2495 4679 ἰησοῦς
2555 4613 2801 4692 Χριστὸς,
2865 4614 3018 4678 αὐτὸς
3083 4612 3486 4691 παραστήσεταί
3537 4635 3630 4689 μοι
3694 4615 3784 4670 καὶ

407 4723 442 4768 a
469 4704 679 4766 vestris
711 4703 984 4765 manibus
1017 4703 1253 4785 eripiet,
1286 4704 1386 4783 qui
1427 4703 1547 4783 ipsi
1577 4702 1687 4764 soli
1725 4702 1944 4776 servio,
1993 4711 2050 4764 et

407 4812 545 4857 eum
575 4793 768 4856 solum
793 4792 927 4854 novi
948 4791 1135 4854 Deum
1174 4809 1186 4851 :
1223 4792 1545 4854 simulacra
1591 4799 1788 4854 autem
1813 4797 1872 4853 et
1908 4791 2052 4853 deos

406 4884 676 4963 gentium
707 4889 978 4961 apertum
1005 4881 1326 4944 ludibrium
1359 4899 1500 4944 voco
1519 4888 1578 4944 et
1602 4881 2050 4961 deceptionem.

410 4976 528 5041 Sed
558 4975 607 5036 si
641 4975 881 5036 mittens
909 4973 1028 5034 vim
1058 4971 1296 5053 afferre,
1343 4971 1524 5032 mavis
1555 4975 1962 5051 persuasione,
1998 4977 2056 5031 et

407 5066 542 5146 ejus
561 5064 720 5145 quod
744 5069 972 5126 rectum
997 5059 1345 5140 est,judici0
1370 5061 1758 5136 contendere,
1780 5059 1878 5121 dic
1908 5059 2055 5120 mihi

400 5155 793 5234 jam,cutnam
817 5159 878 5216 et
900 5150 1402 5232 quemadmodum
1427 5169 1524 5213 me
1554 5149 1643 5212 vis
1666 5149 2007 5212 sacriﬁcare
2029 5154 2056 5211 ’ἰ

406 5243 527 5322 Ego
557 5251 756 5306 autem
787 5243 835 5304 si
865 5241 1014 5304 nihil
1074 5248 1279 5321 potero
1330 5239 1764 5316 contradicere,
1832 5237 2054 5320 parebo

409 5333 678 5408 omnino,
709 5342 772 5395 et
801 5350 920 5394 non
954 5330 1242 5394 adversus
1270 5349 1369 5394 res
1397 5331 1620 5394 validas
1650 5330 1914 5393 inaniter
1941 5328 2050 5392 de-

411 5421 674 5483 certabo.

489 5508 620 5571 ΧΠ.
655 5509 971 5590 Excipiens
1002 5509 1200 5590 itaque
1231 5509 1430 5570 statim
1462 5510 1732 5573 Silvanus
1760 5530 1773 5575 :
1810 5511 2048 5586 Eamus,

407 5598 622 5680 inquit,
653 5599 714 5660 in
745 5599 1057 5680 templum,
1092 5606 1150 5663 et
1180 5605 1320 5660 tunc
1345 5595 1450 5662 tibi
1485 5600 1600 5663 erit
1632 5601 2048 5678 manifestum,

2135 4709 2242 4782 νῦν,
2303 4703 2391 4758 καὶ
2429 4706 2536 4758 τῶν
2578 4702 2845 4781 ὑμετέρων
2905 4701 3162 4768 ἐξελεϊται
3223 4707 3446 4782 χειρῶν,
3500 4705 3592 4759 τὸν
3636 4705 3783 4776 αὖτῷ

2136 4792 2284 4868 μόνῳ
2313 4790 2655 4868 λατρεύοντα,
2707 4794 2794 4849 καὶ
2837 4791 2998 4867 μόνον
3041 4793 3199 4849 αὐτὸν
3250 4791 3420 4849 εἰδότα
3477 4794 3632 4869 Θεὸν,
3692 4790 3785 4848 εἴ·

2136 4881 2279 4938 δωλα
2335 4880 2390 4936 δὲ
2447 4884 2535 4939 καὶ
2590 4883 2711 4945 τοὺς
2779 4881 3051 4961 ⁹Ελλήνων
3099 4882 3247 4945 θεοὺς
3278 4880 3488 4961 γέλωτα
3520 4885 3665 4955 σαφῆ
3694 4884 3784 4938 καὶ

2138 4971 2350 5039 ἀπάτην
2394 4970 2785 5032 ἀποκαλοῦντα.
2827 4956 3035 5047 ηΟμως,
3067 4974 3112 5028 εἰ
3171 4974 3232 5028 τὸ
3290 4956 3557 5048 βιάζεσθαι
3614 4972 3784 5032 λοπὸν

2135 5065 2314 5120 πειθοῖ
2371 5059 2578 5137 μᾶλλον
2635 5059 2810 5137 βούλει
2857 5063 2945 5118 καὶ
2998 5063 3163 5140 κρίσει
3192 5067 3284 5118 τοῦ
3341 5063 3500 5140 ὑγιῶς
3559 5062 3785 5142 ἔχοντος

2136 5149 2385 5228 δικάζειν,
2449 5151 2572 5229 λέγε
2615 5152 2704 5226 μοὶ
2748 5149 2851 5218 ἤδη
2907 5151 3006 5207 τίνι
3051 5153 3140 5208 καὶ
3183 5151 3332 5214 ὅπως
3379 5173 3446 5227 με
3503 5151 3644 5208 θύειν
3686 5173 3786 5209 κε-

2136 5241 2308 5306 λεύεις
2343 5261 2359 5322 ς
2418 5240 2564 5318 Ἐγὼ
2613 5239 2668 5296 δὲ
2705 5259 2720 5315 ;
2755 5241 2798 5297 εἰ
2829 5241 2907 5316 μή
2952 5263 3004 5298 τι
3049 5243 3136 5298 καὶ
3179 5241 3333 5305 αὐτὸς
3365 5239 3658 5318 ἀντιλέγειν
3689 5240 3786 5298 δυ-

2136 5333 2391 5409 νήσομαι,
2451 5332 2807 5405 πεισθήσομαι
2871 5330 3108 5405 πάντως,
3170 5332 3259 5388 καὶ
3288 5331 3348 5387 οὐ
3404 5331 3638 5407 ματαίαν
3695 5330 3786 5387 ’ἐν-

2137 5443 2320 5478 στασιν
2352 5418 2626 5498 πράγμασι
2655 5420 2903 5499 ἰσχυροῖς
2937 5418 3224 5491 ἀντιθήσω.

2216 5510 2329 5570 1Β¹.
2379 5501 2689 5566 Τπολαϐὼν
2732 5509 2900 5568 τοίνυν
2946 5509 3134 5575 εὐθέως
3163 5513 3190 5566 ὁ
3243 5507 3528 5585 Σιλϐανδς,
3577 5509 3783 5566 Ἀπίω-

2136 5621 2256 5678 μεν,
2303 5597 2430 5678 ἔφη,
2478 5598 2608 5678 πρὸς
2651 5599 2743 5654 τὸν
2801 5599 2949 5679 ναὸν,
3005 5600 3096 5655 καί
3159 5606 3451 5669 τηνικαῦτα
3479 5600 3525 5676 ᾧ
3567 5597 3786 5676 μέλλεις
