4056 6142
294 243 388 309 521

1207 251 1677 316 MARTYRIUM
1719 253 1780 316 3.
1837 251 2125 317 THYBSI
2175 255 2274 319 ET
2318 255 2724 320 SOCIORUM.

3540 259 3660 326 522

293 381 441 461 θύειν,
497 383 720 462 φανερός
789 405 870 441 σοι
947 385 1247 461 γενήσεται.
1322 383 1686 465 Ἀφικομένων
1751 390 1922 446 τοίνυν

2018 386 2100 450 cui
2149 387 2232 450 sis
2280 389 2748 454 sacriﬁcaturus.
2806 391 2954 453 Cum
3010 390 3074 453 in
3138 391 3472 472 proximum
3517 412 3658 474 ergo

294 474 450 528 αύτῶν
501 474 572 537 τίς
616 475 707 528 τὸν
750 472 976 541 πλησίον
1030 477 1177 550 ναὸν,
1208 477 1266 539 ὃς
1314 475 1484 546 δήπου
1511 479 1597 534 καὶ
1641 476 1930 536 ’Λπόλλω-

296 583 372 624 νος
411 560 503 640 ἦν,
553 563 578 618 6
622 570 822 638 κόμης,
858 563 1043 638 Οῦτος,
1079 564 1178 644 ἔφη
1210 563 1374 631 δείξας
1407 568 1468 623 τὸ
1509 563 1747 644 ἄγαλμα,
1781 567 1929 631 οὗτος

294 650 345 705 ὃν
402 654 644 726 τιμῶμεν
704 651 856 714 Θεός·
913 655 1094 710 τοῦτον
1147 655 1528 734 ἱλεωσάμενος,
1595 659 1784 737 Ούρσε,
1843 658 1931 713 καὶ

293 738 456 794 θυσίαν
515 741 908 818 προσενεγκὼν,
964 745 1183 821 φρουράν
1243 765 1300 800 τε
1360 743 1572 824 ἀσφαλῆ
1631 743 1783 819 ἕξεις,
1841 747 1930 803 καὶ

288 829 376 894 τὴν
443 833 552 884 τῶν
614 828 791 886 ἄλλων
847 833 978 888 θεῶν
1029 829 1300 910 κερδήσεις
1362 833 1656 908 εὐμένειαν.
1733 835 1828 892 Καὶ
1901 837 1928 891 6

288 918 500 996 μάρτυς,
565 910 741 997 "091,
803 923 972 1000 φησὶ,
1020 921 1138 978 τίνα
1191 943 1250 977 τε
1306 920 1551 1001 προσάξω
1594 924 1796 998 θυσίαν,
1841 924 1934 980 καὶ

286 1007 427 1070 ὅπως
483 1007 638 1064 αῦτὸν
669 1006 981 1083 ἰλεώσομαι.
1049 1010 1146 1067 Καὶ
1199 1009 1548 1089 προσχόντων
1592 1013 1734 1086 αῦτῷ
1785 1012 1926 1069 πάν-

284 1119 403 1170 των,
441 1099 514 1161 εἰς
577 1099 794 1173 οὐρανὸν
851 1097 1056 1161 ἐκεῖνος
1101 1113 1295 1178 χεῖρας
1345 1100 1457 1175 ἅμα
1500 1102 1586 1157 καὶ
1626 1099 1927 1181 ὀφθαλμοὺς

286 1187 555 1264 ἀνασχὼν,
591 1187 690 1253 την
749 1186 950 1266 ἄφατον
992 1195 1086 1246 τοῦ
1132 1195 1263 1244 Θεοῦ
1320 1186 1535 1264 δύναμιν
1594 1189 1924 1254 ἐκγαλεῖται,

292 1277 380 1334 Καὶ
436 1276 662 1352 βροντῆς
694 1276 879 1354 ἀθρόον
944 1276 1387 1358 καταρραγείσης,
1422 1280 1448 1334 6
1499 1278 1589 1336 τοῦ
1641 1277 1926 1336 Ἀπόλλω-

290 1389 369 1428 νος
402 1365 608 1444 ἀνδριας
642 1367 713 1432 εἷς
757 1371 859 1443 γῆν
910 1389 967 1423 τε
999 1367 1244 1425 πέπτωκε
1301 1368 1385 1424 καὶ
1429 1368 1503 1433 εἰς
1532 1368 1677 1425 κόνιν
1721 1368 1925 1433 ἐλύετο.

291 1455 656 1533 Ἐπιστραφεὶς
707 1457 877 1513 τοίνυν
937 1458 1068 1535 πρὸς
1125 1458 1247 1520 τοὺς
1300 1462 1658 1534 περιεστῶτας
1705 1460 1731 1514 6
1785 1459 1927 1536 μάρ-

290 1568 395 1618 τυς,
447 1536 654 1624 Ὀρᾶτε,
724 1538 932 1622 εἶπεν,¹
965 1546 1044 1602 ὅτι
1102 1545 1390 1621 πλάσματα
1455 1548 1616 1621 μόνον
1687 1549 1733 1605 οἱ
1803 1546 1929 1626 παρ’

289 1636 411 1708 ὑμῖν
462 1635 599 1708 θεοὶ,
648 1634 784 1712 μηδὲ
844 1635 1008 1710 ψιλήν
1035 1657 1155 1692 τινα
1205 1644 1297 1693 τοῦ
1326 1635 1573 1702 ἀληθινοῦ
1617 1639 1748 1695 Θεοῦ
1789 1639 1927 1696 ὑπο-

289 1737 466 1794 μεῖναι
511 1723 700 1790 κλῆσιν
761 1724 1090 1800 δυνάμενοι,
1140 1727 1273 1801 Πρὸς
1331 1732 1494 1782 ταῦτα
1542 1729 1705 1801 θυμου
1767 1728 1927 1784 πνεὺ-
1953 1765 1989 1815 Β

289 1835 379 1875 σας
439 1816 468 1869 6
501 1811 780 1892 Σιλϐανὸς,
818 1811 958 1892 Ἐγώ
1009 1836 1102 1870 σου
1132 1815 1224 1879 τὰς
1269 1815 1542 1893 γοητείας,
1588 1815 1716 1895 ἔφη,
1747 1815 1926 1873 τέλεον

287 1903 531 1981 ἐκτρίψας
595 1903 802 1981 ἀφανιῶ
862 1907 949 1961 καὶ
1019 1903 1188 1982 δείξω,
1236 1906 1284 1962 τί
1343 1929 1425 1963 σοι
1484 1908 1544 1962 τὸ
1588 1906 1682 1963 ἀπ’
1756 1911 1928 1965 αὐτῶν

285 1993 494 2072 ὄφελος.
558 1995 654 2051 Καὶ
725 1993 908 2050 αὐτίκα
975 1995 1059 2053 εἴς
1123 2017 1173 2050 τι
1246 1995 1556 2074 μηχάνημα
1613 1993 1855 2062 σιδηροῦν
1901 1996 1928 2051 6

287 2084 481 2160 μάρτυς
525 2079 777 2150 ἐϐέϐλητο
826 2085 913 2140 καὶ
976 2082 1195 2163 σιδηροῖ
1253 2085 1436 2142 τοῦτον
1497 2083 1758 2151 διέξαινον
1801 2083 1928 2144 ὄνυ-

283 2194 404 2252 χες,
438 2171 534 2229 καΐ
566 2173 678 2235 ἶνες
725 2173 823 2248 μὲν
883 2180 972 2231 τοῦ
1029 2176 1276 2250 σώματος
1317 2174 1659 2254 ἀπεσπῶντο,
1693 2177 1744 2231 αἱ
1795 2175 1929 2253 σείρι-

283 2284 370 2338 κεης
426 2260 482 2318 δὲ
513 2264 585 2326 εἰς
645 2267 747 2340 γῆν
805 2276 1056 2341 συνεχεῖς
1099 2261 1398 2341 κατέῤῥεονο
1460 2270 1550 2320 τοῦ
1582 2261 1637 2319 δὲ
1685 2265 1744 2320 τὸ
1792 2263 1928 2343 πρό-

283 2356 445 2426 θυμον
489 2351 581 2408 οὐκ
631 2351 858 2429 ἐξέλυον,
894 2350 1030 2408 ἀλλὰ
1089 2353 1176 2409 καὶ
1222 2351 1382 2409 πλέον
1441 2352 1599 2410 αῦτοῦ
1627 2354 1716 2410 τὸν
1771 2353 1932 2424 ζῆλον

284 2442 383 2497 καί
412 2443 474 2496 τὸ
500 2443 682 2518 θερμὸν
714 2441 1037 2520 ἀνηρέθιζον.

369 2707 478 2771 ll".
540 2707 688 2766 Ἐπεὶ
745 2705 799 2763 δὲ
856 2707 1042 2766 λοιπὸν
1108 2708 1367 2766 ἐκλείπειν
1425 2709 1601 2785 ἐῴκει,
1665 2712 1752 2768 καὶ
1809 2708 1926 2767 οὐδὲ

284 2799 473 2874 μικρὸν
547 2797 922 2879 ὑπολελεῖφθαι
990 2799 1133 2872 αὒτῷ
1216 2803 1314 2868 τῆς
1401 2805 1543 2870 ζωῆς
1631 2799 1923 2878 ἐνομίζετο,

281 2889 482 2944 ἀνίεται
541 2887 635 2960 μὲν
694 2894 798 2943 τῶν
842 2887 1112 2967 βασάνων,
1174 2889 1656 2964 παραστησάμενος
1713 2889 1767 2943 δὲ
1826 2891 1927 2946 αὖ·

283 2979 373 3033 τὸν
431 2979 458 3032 6
501 2976 701 3052 κόμης.
738 2975 947 3056 Βούλει,
981 2979 1131 3056 φησὶ,
1168 2979 1253 3033 καὶ
1297 2980 1438 3042 αὖθις
1469 2991 1590 3041 ναῖς
1649 2976 1928 3055 προτέραις

285 3064 520 3140 ἐπῳδαῖς
593 3088 686 3124 σου
745 3068 830 3122 καὶ
909 3068 1178 3145 γοητείαις
1250 3068 1556 3146 χρήσασθαι
1627 3067 1763 3124 κατὰ
1827 3069 1932 3121 τῶν

281 3159 438 3235 θεῶν,
469 3156 559 3212 ἵνα
611 3178 692 3213 σοι
724 3159 811 3213 καὶ
869 3153 1134 3235 δευτέραις
1181 3156 1343 3213 πάλιν
1389 3158 1551 3231 ἡμεῖς
1585 3169 1707 3221 ταῖς
1766 3155 1930 3212 ἀποι-

279 3245 403 3306 ὄαῖς
453 3244 970 3324 ἀντιχαρισώμεθας
1034 3245 1216 3303 Καίτοι
1259 3247 1318 3302 τὸ
1376 3251 1532 3321 σῶμα
1586 3243 1710 3301 ὅλον
1739 3246 1801 3301 τὸ
1841 3245 1933 3300 σὸν

277 3335 550 3390 ἀνάλωται
609 3348 730 3400 ταῖς
789 3335 1062 3410 βασάνοις*
1111 3341 1300 3414 μικροῦ
1358 3333 1413 3390 δέ
1457 3355 1515 3391 σε
1571 3335 1659 3391 καὶ
1701 3336 1734 3402 ἡ
1777 3334 1932 3414 ψυχὴ

273 3423 607 3481 καταλείπει·
672 3425 826 3490 αὐτὸς
880 3422 960 3504 δὲ,
991 3426 1050 3481 ὃν
1099 3423 1229 3495 σέϐή
1274 3426 1359 3482 καὶ
1408 3426 1598 3502 βοηθὸν
1643 3426 1783 3482 εἷναί
1838 3446 1932 3482 σου

278 3513 486 3594 λέγεις,
522 3515 652 3579 Θεὸς
714 3524 870 3588 ποῦς
917 3513 1083 3572 Ἀλλὰ
1127 3515 1289 3595 μέχρι
1345 3515 1486 3579 τίνος
1516 3513 1779 3590 ἐπιμένων
1833 3513 1930 3590 ἔσῃ

277 3619 402 3668 τοῖς
461 3605 746 3675 ἀνανήτοις
791 3607 877 3660 καὶ
937 3607 993 3660 τὸ
1052 3606 1315 3684 συμφέρον
1357 3606 1459 3684 πρὸ
1488 3606 1595 3660 τῶν
1650 3602 1932 3682 ὀφθαλμῶν

276 3717 361 3752 σοι
425 3695 666 3769 κείμενον
709 3696 770 3750 o6
828 3693 1036 3770 θεάσῃ,
1088 3695 1186 3751 Καὶ
1245 3697 1272 3750 6
1333 3694 1552 3772 μάρτυς,
1587 3693 1647 3750 Τί
1703 3691 1805 3767 δαὶ,
1841 3694 1934 3750 οὒκ

279 3786 525 3860 αἰσθάνῃ,
577 3784 726 3864 φησὶ,
761 3788 860 3851 τῆς
920 3784 976 3838 ἓν
1034 3781 1150 3858 ἐμοὶ
1205 3782 1296 3838 τοῦ
1351 3789 1574 3860 Χριστοῦ
1635 3779 1929 3858 δυνάμεως,

275 3872 644 3940 ἐπιδηλότατά
694 3893 787 3949 μοι
852 3871 1248 3950 παρισταμένης
1307 3873 1392 3928 καὶ
1448 3873 1579 3950 πρὸς
1651 3870 1934 3949 ἐπαγωγὰς

277 3964 536 4026 ταιαύτας
615 3962 1004 4041 ἐνισχυούσηςς
1067 3964 1184 4028 Πῶς
1251 3961 1350 4038 γὰρ
1405 3959 1466 4016 ἂν
1537 3959 1730 4040 γεῶδες
1800 3959 1936 4017 οὕτω

274 4059 442 4128 σῶμα
487 4055 580 4109 καί
630 4053 840 4117 ἀσθενὲς
868 4052 1049 4108 ἱκανὸν
1105 4055 1172 4118 ἧν
1228 4049 1573 4118 τηλικαύταις
1632 4050 1935 4106 ἀντιπεσεῖν

276 4140 654 4224 χαλεπότησι,
690 4141 764 4216 μὴ
826 4145 923 4208 τῆς
968 4137 1163 4197 ἄνωθεν
1221 4144 1362 4216 αὒτῷ
1403 4140 1571 4217 ῥοπῆς
1621 4136 1937 4206 ἐπιϐοηθού-

277 4223 384 4300 σης
425 4252 442 4306 τ,
500 4223 595 4296 Ὠς
641 4231 728 4288 οὖν
772 4227 1000 4310 ἀκριϐῶς
1053 4229 1200 4294 εἰδὼς
1261 4228 1342 4286 ὅτι
1401 4253 1490 4306 μοι
1535 4231 1856 4306 ἀμετάθετος
1899 4231 1934 4298 ἡ

275 4322 568 4402 ὁμολογία,
602 4323 695 4378 καὶ
745 4321 812 4377 τὰ
857 4322 958 4387 τῆς
1003 4324 1223 4398 γνώμης
1268 4324 1363 4380 οὒκ
1388 4319 1475 4394 ἂν,
1523 4320 1576 4378 εἴ
1617 4342 1668 4377 τι
1712 4320 1805 4376 καί
1835 4319 1932 4397 γέ-

276 4434 458 4487 νοιτο,
491 4409 815 4490 μεταϐάλοι,
862 4412 923 4467 το
983 4411 1120 4467 κατὰ
1183 4417 1302 4466 νοῦν
1356 4411 1520 4486 ποίει,
1559 4411 1647 4467 καὶ
1705 4407 1932 4486 μηδενὸς

2013 479 2299 558 templum
2333 478 2598 554 ivissent,
2635 479 2792 560 quod
2819 489 2947 543 erat
2971 480 3290 561 Apollinis,
3326 480 3420 545 hic
3453 500 3656 546 comes

2011 565 2179 647 dixit,
2212 567 2540 631 ostendens
2569 567 2889 648 imaginem
2930 587 2944 632 :
2979 572 3094 634 Hic
3147 581 3242 633 est
3268 570 3443 648 deus,
3478 590 3658 653 quem

2013 655 2266 717 colimus
2292 675 2306 719 :
2335 675 2472 718 cum
2503 675 2636 719 eum
2670 657 3018 738 placaveris,
3044 679 3079 722 ο
3107 660 3354 743 Thyrse,
3387 671 3450 724 at
3478 662 3658 726 obtu-

2012 745 2155 808 leris
2184 745 2832 821 sacriﬁcium,validum
2857 747 3107 811 habebis
3127 749 3436 814 custodem
3471 761 3533 813 et
3553 751 3662 814 ali-

2012 852 2180 896 orum
2213 835 2460 897 deorum
2511 836 2746 914 parabis
2795 835 2902 898 tibi
2934 837 3436 902 benevolentiam.
3489 840 3660 905 Mar-

2011 931 2098 1003 tyr
2123 932 2320 986 autem
2361 947 2374 988 :
2405 924 2578 999 Vide,
2615 926 2833 1007 inquit,
2866 926 3166 1008 quodnam
3199 928 3444 991 offeram
3474 930 3663 992 sacri-

2011 1013 2303 1085 ﬁcium,et
2330 1014 2834 1096 quemadmodum
2866 1033 3001 1077 eum
3037 1015 3313 1097 placabo.
3346 1018 3494 1081 Cum
3521 1036 3658 1080 om-

2011 1120 2120 1164 nes
2149 1121 2284 1166 vero
2316 1104 2377 1165 in
2410 1123 2544 1168 eum
2568 1104 2836 1167 animum
2870 1105 3289 1187 attendissent,
3313 1106 3417 1169 ille
3447 1125 3661 1170 manus

2009 1191 2188 1253 simul
2219 1202 2277 1254 et
2306 1193 2508 1256 oculos
2534 1194 2592 1255 in
2624 1194 2841 1256 coelum
2878 1194 3096 1257 tollens
3121 1196 3228 1258 Dei
3249 1195 3526 1258 virtutem
3559 1197 3660 1259 in-

2013 1291 2174 1343 vocat
2196 1282 2558 1344 ineffabilem
2585 1302 2598 1343 :
2639 1291 2697 1344 et
2732 1301 2868 1346 cum
2895 1285 3116 1346 tonitru
3138 1294 3389 1366 repente
3418 1287 3658 1368 erupis-

2012 1380 2126 1450 set,
2161 1370 2222 1432 in
2253 1379 2471 1432 terram
2501 1371 2719 1434 cecidit
2743 1381 2938 1434 statua
2961 1374 3278 1454 Apollinis,
3311 1382 3371 1436 et
3397 1375 3664 1439 resoluta

2010 1459 2208 1521 fuitin
2242 1461 2528 1522 cinerem.
2591 1460 2928 1523 Conversus
2987 1480 3128 1540 ergo
3181 1472 3401 1544 martyr
3431 1463 3506 1527 ad
3557 1483 3661 1528 eos

2013 1548 2115 1628 qui
2138 1549 2658 1612 circumsistebant
2686 1571 2699 1611 :
2733 1549 3364 1634 Videte,inquit,quod
3395 1551 3496 1632 qui
3518 1561 3662 1615 sunt

2011 1638 2165 1716 apud
2195 1657 2297 1700 vos
2353 1639 2457 1713 dii,
2506 1647 2643 1701 sunt
2700 1640 2890 1702 solum
2924 1640 3230 1723 ﬁgmenta,
3265 1641 3365 1723 qui
3394 1659 3506 1704 nec
3537 1643 3662 1705 veri

2012 1726 2116 1790 Dei
2153 1737 2398 1807 possunt
2424 1729 2513 1790 vel
2547 1732 2731 1792 solam
2766 1730 3072 1793 sustinere
3104 1729 3664 1796 invocationem.Ad

2011 1817 2137 1878 haec
2167 1817 2255 1878 ira
2284 1817 2684 1880 inﬂammatus
2711 1819 3043 1899 Sylvanus:
3077 1818 3196 1898 Ego
3238 1828 3389 1896 tuas,
3439 1819 3660 1900 inquit,

2014 1906 2340 1987 praestigias
2371 1907 2616 1969 omnino
2647 1916 2955 1971 conteram
2989 1915 3047 1970 et
3077 1907 3316 1983 delebo,
3349 1918 3413 1971 et
3443 1918 3650 1972 osten-

2011 1996 2144 2058 dam
2178 2015 2450 2077 quaenam
2504 1997 2870 2078 percipiatur
2925 2015 2994 2059 ex
3047 1996 3137 2060 eis
3165 1997 3411 2059 utilitas.
3444 1998 3661 2061 Conti-

2011 2105 2129 2146 nuo
2161 2095 2358 2148 autem
2390 2085 2648 2166 injectus
2679 2095 2770 2149 est
2801 2094 3020 2167 martyr
3047 2086 3108 2148 in
3152 2086 3407 2150 ferream
3440 2105 3658 2168 quam-

2014 2175 2148 2236 dam
2186 2175 2546 2250 machinam,
2581 2184 2640 2236 et
2693 2193 2829 2238 eum
2879 2175 3025 2237 ferri
3069 2175 3491 2259 discerpebant
3520 2196 3666 2259 pec-
3727 2218 3731 2222 -

2013 2264 2194 2340 tines,
2257 2272 2314 2326 et
2365 2262 2776 2326 avellebantur
2832 2263 3076 2344 quidem
3141 2264 3309 2327 ﬁbrae
3358 2264 3659 2346 corporis,

2015 2372 2224 2415 carnes
2281 2371 2419 2416 vero
2470 2353 2766 2414 continuae
2821 2353 3173 2415 deﬂuebant
3225 2355 3286 2415 in
3360 2361 3582 2417 terram
3645 2375 3663 2417 :

2015 2451 2354 2524 promptum
2403 2450 2601 2503 autem
2647 2449 2706 2503 et
2763 2440 2961 2504 alacre
2992 2442 3124 2522 ejus
3171 2441 3354 2505 animi
3400 2442 3664 2506 studium

2009 2550 2130 2594 non
2159 2531 2580 2610 dissolvebant,
2619 2530 2725 2594 sed
2755 2531 2886 2611 ejus
2917 2530 3108 2594 zelum
3137 2539 3196 2594 et
3230 2531 3510 2595 ardorem
3533 2550 3655 2596 ma-

2008 2621 2099 2701 gis
2129 2621 2464 2683 irritabant.

2091 2709 2243 2773 XIII.
2279 2710 2571 2783 Quoniam
2611 2718 2807 2774 autem
2834 2710 2992 2772 visus
3023 2718 3151 2774 erat
3179 2710 3462 2792 deﬁcere,
3497 2719 3556 2774 et
3582 2729 3661 2774 ne

2013 2800 2324 2861 minimum
2343 2799 2587 2879 quidem
2603 2803 2737 2863 vitae
2749 2806 2800 2862 ei
2821 2799 3172 2862 videbantur
3186 2817 3320 2862 esse
3338 2799 3662 2881 reliquum,

2012 2889 2312 2951 relaxatur
2338 2889 2576 2970 quidem
2634 2909 2667 2951 e
2701 2888 3011 2952 tormentis
3047 2911 3060 2953 :
3123 2909 3260 2952 cum
3293 2907 3430 2950 eum
3461 2898 3664 2952 autem

2014 2979 2342 3040 sistendum
2377 2988 2900 3042 curassetcomes:
2937 2977 3064 3055 Vis,
3099 2979 3315 3059 inquit,
3343 2996 3553 3040 rursus
3582 2979 3667 3041 uti

2017 3067 2316 3148 prioribus
2348 3068 2463 3130 tuis
2498 3067 3006 3132 incantationibus
3039 3075 3097 3129 et
3129 3067 3438 3132 maleﬁciis
3459 3075 3667 3130 contra

2016 3156 2181 3234 deos,
2218 3166 2280 3218 ut
2309 3157 2416 3219 tibi
2471 3176 2709 3238 quoque
2759 3175 2968 3220 rursus
3019 3157 3341 3237 largiamur
3367 3157 3666 3220 secundas

2016 3246 2578 3308 remunerationes?
2608 3247 2795 3327 Atqui
2844 3255 3036 3310 totum
3088 3253 3258 3308 tuum
3285 3265 3504 3327 corpus
3539 3255 3665 3308 tor-

2016 3336 2234 3398 mentis
2259 3344 2354 3398 est
2381 3347 2803 3416 consumptum
2844 3356 2856 3396 :
2911 3335 3350 3416 propemodum
3379 3353 3517 3398 vero
3555 3334 3664 3399 tibi

2015 3444 2253 3507 quoque
2279 3425 2481 3489 deﬁcit
2509 3426 2872 3506 anima.Ipse
2914 3432 3136 3501 autem,
3185 3443 3362 3507 quem
3394 3424 3567 3500 colis,
3604 3433 3667 3487 et

2013 3533 2190 3595 quem
2217 3524 2378 3576 tuum
2411 3515 2563 3577 dicis
2591 3515 2923 3594 adjutorem
2960 3533 3091 3576 esse
3125 3515 3338 3589 Deum,
3373 3513 3477 3574 ubi
3525 3512 3666 3575 est?

2015 3602 2130 3667 Sed
2160 3603 2419 3684 quandiu
2452 3602 2866 3683 perseverabis
2888 3602 2949 3663 in
2981 3603 3055 3664 iis
3077 3621 3209 3682 quae
3239 3609 3378 3664 sunt
3407 3601 3664 3670 inutilia.

2017 3702 2223 3754 etnon
2253 3692 2482 3754 videbis
2539 3692 2703 3766 utile,
2738 3691 2896 3772 quod
2957 3699 3050 3753 est
3103 3689 3476 3771 propositum
3525 3697 3666 3752 ante

2017 3780 2272 3844 oculos?
2328 3782 2550 3857 Martyr
2601 3799 2789 3842 vero:
2844 3779 2991 3852 Quid
3052 3797 3172 3840 non
3201 3778 3412 3854 sentis,
3449 3778 3663 3859 inquit,

2016 3871 2262 3946 Christi,
2294 3887 2425 3950 quae
2456 3878 2546 3931 est
2576 3870 2634 3931 in
2664 3887 2782 3950 me,
2816 3869 3115 3944 virtutem,
3149 3885 3283 3949 quae
3310 3867 3459 3930 mihi
3489 3869 3662 3930 adest

2019 3958 2535 4040 manifestissime,
2569 3969 2630 4021 et
2652 3977 2752 4020 me
2782 3958 3072 4020 adversus
3098 3958 3206 4020 hos
3227 3958 3486 4020 insultus
3515 3975 3668 4020 con-

2018 4048 2260 4112 ﬁrmat?
2287 4049 2595 4122 Quomodo
2628 4047 2789 4110 enim
2823 4064 3039 4127 corpus
3085 4055 3390 4108 terrenum
3423 4055 3482 4108 et
3513 4046 3667 4108 adeo

2019 4138 2414 4212 imbecillum,
2471 4145 2668 4218 posset
2724 4136 2934 4198 talibus
2986 4135 3266 4198 resistere
3324 4137 3664 4210 tormentis,

2019 4228 2068 4290 si
2131 4247 2250 4290 non
2304 4225 2359 4290 ei
2408 4243 2668 4306 superne
2725 4225 2994 4286 divinum
3043 4223 3288 4287 daretur
3335 4224 3670 4287 auxilium?

2016 4317 2088 4381 Ut
2118 4317 2218 4400 qui
2243 4335 2384 4396 ergo
2414 4325 2578 4378 certe
2635 4315 2789 4377 scias
2833 4333 2967 4377 esse
3026 4312 3466 4375 immutabilem
3521 4312 3672 4376 mihi

2018 4407 2479 4487 confessionem,
2511 4415 2570 4468 et
2603 4405 2766 4467 nulla
2796 4404 3026 4467 ratione
3074 4421 3272 4465 meum
3323 4419 3497 4483 posse
3537 4403 3672 4465 ani-

279 4501 537 4580 ἀπόσχου
591 4502 698 4558 τῶν
752 4499 1106 4579 δεδογμένων.
1159 4500 1288 4558 Τότε
1331 4497 1531 4567 λέϐητα
1589 4500 1798 4579 μεγέθει
1835 4498 1932 4575 μέ-

2022 4515 2182 4558 mum
2233 4493 2523 4575 converti,
2557 4494 2651 4557 fac
2683 4494 2841 4576 quod
2877 4491 2985 4555 tibi
3019 4493 3203 4554 visum
3261 4490 3466 4565 fuerit,
3527 4499 3588 4553 et
3639 4509 3675 4553 a

285 4611 481 4667 γιστον
533 4589 928 4667 διακομισθῆναι
987 4588 1240 4654 κελεύσας
1270 4591 1297 4646 6
1353 4587 1633 4669 Σιλϐανὸς,
1669 4589 1756 4646 καὶ
1811 4595 1938 4645 τοῦ-

297 4699 394 4736 τον
463 4677 560 4753 μὲν
613 4678 796 4745 ὕδατος
879 4677 1172 4758 πληρώσας
1249 4679 1336 4735 καὶ
1418 4680 1650 4758 ἰσχυρῶς
1718 4678 1938 4751 καύσας,

282 4769 537 4848 σχοινίον
585 4765 638 4824 δὲ
682 4775 790 4826 τῶν
832 4775 926 4826 τοῦ
975 4768 1173 4846 Θύρσου
1221 4763 1399 4824 ποδῶν
1455 4765 1704 4842 ἐκδήσας,
1753 4767 1945 4834 καθίη-

279 4882 372 4916 σιν
435 4858 592 4915 αὐτὸν
643 4861 780 4916 κατὰ
831 4858 1092 4938 κεφαλήν.
1152 4849 1208 4916 (Ο
1253 4855 1322 4933 δ’,
1353 4861 1406 4914 ἐν
1463 4858 1685 4932 τοιούτῳ
1730 4855 1946 4928 κινδύνῳ

278 4948 537 5027 ληφθεὶς,
574 4949 670 5006 οῦκ
712 4948 900 5028 ἠπόρει
956 4958 1050 5007 τοῦ
1109 4949 1493 5025 βοηθήσοντος,
1551 4945 1702 5004 Ἀλλ’
1763 4949 1790 5004 6
1848 4945 1945 5022 μὲν

277 5038 474 5096 ἐκάλει
521 5040 768 5118 Χριστὸν,
799 5037 928 5115 ὑπέρ
987 5038 1047 5095 οῦ
1099 5045 1263 5094 ταῦτα
1318 5038 1405 5094 καὶ
1448 5039 1682 5117 πάσχειν
1741 5035 1946 5092 ε’ίλετοο

273 5132 309 5188 ὁ
377 5125 548 5195 λέϐης
606 5127 660 5183 δὲ
718 5130 902 5184 αὐτίκα
955 5126 1264 5206 ἐρρήγνυτο,
1297 5129 1385 5184 καὶ
1440 5128 1499 5184 τὸ
1548 5124 1682 5204 ὕδωρ
1733 5124 1945 5206 ἐχεῖτο,

271 5219 370 5275 καὶ
439 5214 677 5284 ἀϐλαϐὴς
748 5219 777 5273 6
828 5215 1025 5296 μάρτυς
1097 5217 1344 5287 ἐσώζετο.
1402 5217 1465 5274 '0
1533 5213 1786 5283 δικαστὴς
1857 5214 1944 5271 οὖν

271 5306 430 5365 οὕτω
473 5312 713 5390 φανερῶς
743 5307 845 5362 ὑπὸ
893 5318 1012 5371 τοῖς
1072 5306 1320 5363 ἁπάντων
1360 5304 1656 5385 ὀφθαλμοῖς
1713 5306 1942 5384 αἰσχυν-

269 5399 416 5475 θεὶς,
475 5392 861 5475 σοϐαρωτέροις
904 5393 1056 5472 δῇθεν
1098 5395 1197 5463 τὴν
1245 5396 1503 5476 αἰσχύνην
1558 5393 1941 5472 περιεκάλυπτε

267 5487 516 5566 ῥήμασι,
565 5486 712 5543 Κατὰ
754 5492 948 5543 σαυτοῦ
1002 5484 1291 5566 κέχρησαι,
1349 5483 1540 5564 λέγων,
1579 5485 1766 5562 Θύρσε,
1815 5498 1940 5549 ταῖς

268 5576 587 5658 γοητείαις,
649 5573 800 5651 νοσῳ
851 5575 953 5655 γὰρ
1015 5572 1076 5631 ἂν
1139 5573 1545 5656 ἀντιτεχνᾶσθαι
1611 5570 1934 5657 σπουδαζῃς,

624 5722 886 5788 Ρλτιιοιι.
932 5724 1048 5789 GR.
1092 5723 1300 5789 CXVI.

2024 4586 2186 4648 nullo
2215 4585 2450 4647 abstine
2479 4603 2688 4646 eorum
2722 4602 2855 4665 qua:
2880 4581 3357 4646 statueris.Tunc
3387 4599 3521 4644 cum
3540 4583 3672 4660 jus-

2027 4676 2204 4739 sisset
2234 4675 2519 4755 Sylvanus
2553 4674 2873 4736 maximum
2905 4672 3104 4734 alIerri
3136 4671 3424 4745 lebetem,
3457 4678 3516 4732 et
3538 4689 3672 4732 eum

2029 4765 2272 4848 quidem
2304 4783 2456 4845 aqua
2487 4764 2880 4844 implevisset,
2915 4769 2976 4822 et
3022 4761 3412 4823 vehementer
3438 4758 3676 4848 bullire

2028 4855 2336 4935 fecisset,e
2366 4853 2578 4934 Thyrsi
2609 4862 2804 4916 autem
2836 4849 3090 4932 pedibus
3122 4851 3326 4912 funem
3347 4847 3673 4924 alligasset,

2030 4963 2163 5007 eum
2199 4943 2444 5006 demisit
2498 4943 2714 5022 capite.
2748 4941 2854 5002 Ille
2891 4957 3029 5000 vere
3059 4956 3134 5000 ne
3164 4943 3225 4998 in
3281 4937 3383 4999 tali
3432 4937 3676 5017 quidem

2029 5032 2300 5116 periculo
2332 5029 2876 5110 constitutugeguit
2901 5027 3242 5090 defensore.
3266 5025 3383 5087 Sed
3407 5025 3521 5116 ille
3538 5025 3676 5106 qui-

2032 5115 2172 5186 dem
2209 5121 2506 5186 Christum
2535 5119 2989 5198 invocabat,pro
3021 5135 3136 5197 quo
3173 5116 3301 5177 haec
3327 5121 3443 5195 pati
3475 5115 3678 5194 elege-

2026 5223 2120 5276 rat
2147 5230 2164 5289 ;
2219 5209 2384 5272 lebes
2413 5217 2608 5272 autem
2640 5207 2912 5290 protinus
2943 5211 3034 5267 est
3060 5204 3390 5285 disruptus,
3443 5211 3502 5266 et
3524 5220 3683 5282 aqua

2028 5311 2117 5365 est
2139 5300 2346 5374 elfusa,
2377 5307 2436 5362 et
2459 5297 2682 5360 illmsus
2715 5301 3107 5359 conservatus
3125 5292 3240 5355 fuit
3268 5301 3508 5372 nnartyr.
3546 5297 3682 5355 l’or-

2025 5411 2097 5455 ro
2127 5399 2331 5453 autem
2357 5388 2543 5469 judex
2581 5397 2697 5450 tam
2757 5393 2964 5468 aperte
3022 5382 3363 5447 videntibus
3411 5383 3688 5445 omibus

2024 5482 2254 5564 pudore
2280 5479 2558 5554 affectus,
2589 5474 3116 5557 arrogantioribus
3144 5473 3348 5564 utique
3381 5482 3443 5538 et
3469 5491 3686 5556 super-

2023 5563 2292 5636 hioribus
2319 5569 2524 5634 verbis
2553 5568 2793 5649 tegebat
2819 5567 3091 5632 dedecus
3119 5587 3136 5632 z
3168 5563 3234 5627 In
3276 5564 3555 5646 teipsum,
3587 5565 3674 5628 di-

3224 5711 3296 5777 17
