4056 6142
396 214 515 289 523

1713 214 1994 283 MENSIS
2034 205 2463 280 DECEMBER.

3650 197 3767 267 524

395 374 562 435 cens,
595 375 632 419 o
662 355 912 439 Thyrae,
945 356 1139 420 uteris
1169 353 1491 438 praestigiis
1518 360 1578 417 et
1617 351 2039 415 incantationi-

2128 353 2251 428 ἐμοὶ
2324 353 2424 427 μὲν
2476 349 2694 408 πλείονα
2765 349 2856 405 τὸν
2902 347 3067 423 θυμὸν
3132 345 3407 420 ἀνάπτεις,
3470 346 3646 416 σαυτῷ
3712 337 3770 397 δὲ

396 446 532 511 bus.
570 444 719 510 Nam
750 465 866 529 quo
899 448 1084 527 magis
1115 451 1320 508 contra
1377 443 1600 523 aliquid
1652 441 2037 522 machinaris,

397 536 818 619 mihiquidem
879 537 1028 599 iram
1084 540 1266 615 magis
1321 531 1602 595 accendis
1641 549 1655 590 :
1691 533 1750 593 in
1784 532 2039 612 teipsum

396 642 539 691 vero
571 626 883 691 acerbiora
912 642 1221 706 comparas
1249 621 1564 704 supplicia.

475 716 636 781 XIV.
669 716 789 782 Sed
823 725 963 780 tunc
992 713 1232 798 quidem
1290 731 1425 775 cum
1485 718 1643 775 esset
1699 713 1829 774 aliis
1879 711 2042 773 curis

397 814 742 888 occupatus,
781 813 1093 886 martyrem
1148 820 1356 865 rursus
1384 800 1563 864 tradit
1590 803 1652 863 in
1685 800 2040 864 custodiam.

394 897 609 960 Postea
642 905 839 958 autem
872 911 1004 957 cum
1057 893 1380 974 Apameam
1435 892 1797 954 maritimam
1830 909 2031 973 quam-

398 984 533 1048 dam
566 984 865 1046 civitatem
899 1001 1031 1045 cum
1066 982 1226 1045 illius
1272 983 1391 1045 loci
1423 981 1677 1063 praeside
1707 990 1867 1044 esset
1899 1000 2039 1061 pro-

396 1072 685 1151 fecturus,
730 1073 990 1136 vinculis
1019 1071 1244 1154 Thyrso
1274 1071 1532 1152 injectis,
1565 1070 1738 1151 jubet
1769 1089 1901 1132 eum
1938 1088 2046 1151 per

398 1180 524 1238 eos,
558 1164 658 1245 qui
686 1163 882 1245 ipsum
915 1161 1508 1246 sequebantur,pone
1536 1158 1867 1224 trahi.Cum
1904 1178 2043 1223 vero

399 1270 521 1314 non
548 1253 754 1333 procul
782 1261 985 1317 essent
1031 1270 1066 1314 a
1097 1250 1357 1333 civitate,
1411 1249 1730 1312 arbitratus
1759 1249 2040 1329 Sylvanns

395 1341 657 1423 primum
686 1343 929 1424 quidem
959 1351 1133 1424 turpe
1173 1359 1305 1404 esse
1356 1358 1492 1403 eum
1548 1338 2037 1413 circumducere;

397 1431 619 1494 deinde
648 1432 830 1496 etiam
864 1440 923 1495 et
949 1431 1322 1519 vinculorum
1357 1437 1418 1492 et
1446 1429 1636 1519 longa;
1668 1428 1775 1489 viae
1801 1445 2041 1519 perpes.

395 1520 652 1593 sionem,
688 1521 927 1604 pietatis
974 1516 1366 1585 constantiam
1416 1518 1715 1581 relaxasse
1775 1516 2038 1597 martyri,

397 1609 575 1673 aliam
606 1627 817 1674 rursus
852 1611 908 1672 ei
936 1610 1182 1674 adhibet
1234 1608 1731 1690 periclitationem
1767 1629 1781 1669 :
1814 1615 1874 1669 et
1905 1625 2039 1667 cum

2125 441 2438 522 πικροτέρας
2470 440 2879 511 κατασκευάζεις
2921 438 3017 502 τὰς
3047 435 3325 515 τιμωρίας.

2206 548 2324 610 ΙΔ¹.
2372 545 2519 605 Αλλὰ
2550 546 2669 603 τότε
2729 547 2825 619 μὲν
2871 544 3075 623 ἑτέραις
3108 543 3371 624 φροντίσιν
3428 536 3773 619 ἀσχοληθεὶς,

2125 636 2334 718 φυλακῇ
2420 638 2470 694 αὶ
2516 638 2659 699 αὖθις
2717 639 2809 691 τὸν
2866 634 3101 713 μάρτυρα
3159 630 3354 687 δίδωσι.
3420 629 3563 685 Μετὰ
3612 637 3780 686 ταῦτα

2119 714 2179 783 δὲ
2238 714 2372 803 πρὸς
2431 724 2729 801 Ἀπάμειαν
2798 722 2953 780 πόλιν
2998 722 3116 778 τινὰ
3174 716 3595 777 ἒπίθαλαττίδιον
3663 714 3781 791 ἅμα

2123 817 2199 890 τῷ
2259 802 2342 873 ἐπὶ
2403 821 2495 872 τοῦ
2547 815 2711 873 τόπιιυ
2754 811 2976 892 ἄρχοντι
3022 809 3231 888 μέλλων
3294 808 3556 887 ἀπαίρειν,
3608 802 3781 878 δεσμὰ

2124 912 2200 979 τῷ
2262 904 2444 984 Θύρσῳ
2501 901 2825 983 περιϐαλὼν,
2894 900 3098 957 κελεύει
3150 897 3234 954 διᾶ
3276 904 3380 954 τῶν
3435 893 3780 976 ὶφεπομένων

2124 982 2345 1051 ὄπισθεν
2395 992 2662 1053 ἕλκεσθαι.
2723 990 2873 1048 Ἐπεὶ
2933 989 2986 1046 δὲ
3017 989 3094 1065 μη
3140 986 3318 1066 πόρῤω
3368 984 3472 1053 ἤδη
3514 985 3612 1051 τῆς
3669 982 3779 1039 πόη

2125 1082 2261 1148 λεως
2306 1084 2473 1157 ὦσαν,
2508 1080 2726 1157 νομίσας
2784 1082 2814 1135 ὁ
2866 1076 3126 1142 Σιλϐανὸς
3158 1082 3340 1153 πρῶτα
3365 1073 3462 1150 μὲν
3508 1076 3603 1140 τὴν
3649 1071 3774 1128 ἅτι-

2126 1194 2226 1248 μον
2269 1171 2635 1250 περιαγωγὴν,
2682 1167 2865 1225 ἔπειτα
2910 1165 2964 1223 δὲ
3009 1169 3097 1224 καὶ
3139 1168 3238 1234 τὴν
3295 1164 3355 1220 ἐκ
3392 1163 3485 1232 τῆς
3540 1161 3658 1219 ὁδοῦ
3715 1182 3776 1217 τε

2125 1263 2212 1318 καὶ
2267 1269 2373 1317 τῶν
2426 1258 2635 1335 δεσμῶν
2690 1256 3047 1315 κακοπάθειαν
3105 1257 3385 1313 ὕπανειναι
3439 1254 3581 1310 αὐτῶ
3632 1250 3775 1328 πάρ-

2125 1373 2237 1428 τυρι
2280 1352 2371 1407 τὸν
2429 1350 2579 1407 τόνον
2636 1354 2734 1415 τῆς
2779 1343 3068 1420 εὖσεϐείας,
3100 1358 3290 1425 πεῖραν
3348 1344 3490 1417 αὖτῷ
3532 1342 3618 1399 καὶ
3664 1341 3780 1400 πά-

2124 1439 2207 1496 λιν
2264 1438 2445 1517 ἑτέραν
2504 1438 2782 1515 προσάγει,
2834 1436 2919 1492 καὶ
2973 1435 3072 1503 τὴν
3128 1434 3340 1511 πορείαν
3414 1432 3599 1507 μικρὸν
3649 1431 3781 1487 ἐπι-

2126 1530 2275 1610 σχὼν
2332 1528 2653 1608 παρίστησιν
2711 1523 2800 1583 ὑπ’
2876 1524 2998 1600 ὄψιν
3057 1528 3196 1596 αὖτῷ
3266 1525 3356 1579 τὶν
3426 1521 3644 1601 Θύρσον,
3691 1521 3785 1575 καὶ

2128 1608 2213 1676 ’Ἥ
2264 1620 2464 1695 θύσειν,
2496 1615 2697 1694 ἔλεγεν,
2733 1615 2872 1694 εἰπὲ,
2905 1617 2941 1682 ἢ
3007 1620 3099 1671 τοῦ
3152 1619 3246 1691 ζῇν
3284 1611 3476 1676 ἀθλίως
3532 1608 3784 1667 ἀπαλλαο

398 1696 724 1794 ingressum
746 1700 1046 1773 paululum
1071 1698 1722 1794 sustinuiisset'perducit
1753 1697 2039 1794 Thyrsum

2128 1709 2296 1787 γήσῃ.
2355 1707 2458 1765 Τοῦ
2515 1704 2571 1761 δὲ
2617 1704 2713 1762 καί
2756 1703 2953 1770 ταύτην
3010 1700 3291 1759 ἀκόλουθον
3346 1723 3445 1767 την
3502 1698 3787 1778 ἆποκρισιν

395 1778 460 1845 in
488 1799 659 1845 suum
686 1790 1166 1865 conspectum,et
1186 1782 1368 1844 dixit:
1399 1780 1511 1842 Vel
1539 1780 1637 1873 dic
1660 1787 1716 1841 te
1737 1778 2039 1873 sacrifica-

2129 1778 2260 1861 ταῖς.
2307 1793 2695 1873 προλαϐούσαις
2769 1792 3153 1869 ποιησαμένου,
3216 1790 3530 1852 ἔπειπόντος
3589 1785 3643 1845 δὲ
3688 1789 3782 1845 καὶ

402 1880 622 1952 turum,
656 1876 748 1939 vel
781 1895 815 1939 a
843 1878 957 1940 vita
989 1878 1209 1939 misere
1268 1873 1546 1938 excedas.
1582 1872 1728 1937 Cum
1759 1872 1810 1934 is
1839 1880 2040 1935 autem

396 1962 701 2044 prioribus
727 1984 1103 2049 consequens
1133 1965 1402 2028 dedisset
1423 1980 1803 2046 responsum,
1825 1964 2041 2043 quine-

395 2051 539 2116 tiam
590 2054 997 2138 subjunxisset
1031 2075 1044 2117 :
1093 2059 1218 2121 [mo
1248 2073 1388 2117 vero
1420 2060 1632 2116 vestrae
1663 2068 1802 2114 mox
1831 2069 2035 2114 erum-

395 2150 543 2224 pent
568 2145 887 2223 animae,ad
907 2145 1196 2227 majorem
1228 2149 1375 2208 iram
1398 2143 1512 2224 ipsi
1535 2150 1671 2204 sunt
1698 2139 1945 2222 incitati,
1979 2148 2038 2204 et

388 2231 606 2313 jubent
633 2254 769 2297 eum
829 2254 963 2300 cum
1023 2235 1210 2319 plagis
1268 2234 1422 2296 trahi
1459 2232 1785 2313 Apameam
1818 2249 2033 2308 usque.

392 2319 524 2385 Illic
544 2340 680 2388 vero
711 2344 845 2389 cum
876 2326 1216 2407 suis,aiunt,
1249 2323 1562 2407 praestigiis
1588 2322 1649 2384 in
1672 2339 1836 2384 mare
1853 2321 2038 2399 jacia-

392 2419 495 2476 tur
525 2434 538 2473 :
573 2415 637 2477 in
666 2434 784 2498 quo
815 2417 1006 2479 malus
1036 2416 1191 2478 male
1221 2413 1460 2496 peribit,
1496 2421 1557 2475 et
1602 2431 1712 2473 nec
1760 2410 2028 2491 sepultu-

393 2519 520 2565 ram
550 2505 792 2586 quidem
824 2513 1228 2586 consequetur
1260 2512 1392 2585 post
1448 2508 1725 2563 mortem.
1759 2500 2033 2562 Nondum

397 2604 795 2672 pervenerant
823 2595 883 2656 in
915 2595 1232 2674 civitatem,
1265 2601 1323 2654 et
1352 2590 1624 2670 martyris
1668 2588 1866 2651 evenit
1891 2608 2040 2669 pree-

396 2679 601 2745 dictio.
634 2684 784 2746 Nam
833 2683 1115 2763 Sylvanus
1143 2681 1382 2762 quidem
1414 2685 1664 2758 repente
1702 2678 1811 2739 fuit
1846 2697 2038 2740 mem-

399 2768 523 2832 bris
548 2771 819 2849 solutus;
852 2770 1225 2834 Cumbricius
1280 2776 1475 2832 autem
1507 2768 1845 2830 vehementi
1874 2768 2044 2830 febre

399 2866 739 2940 correptus,
770 2860 946 2923 ambo
998 2858 1419 2922 miserabiliter
1464 2858 1643 2920 vitam
1677 2865 1885 2939 quarto
1943 2858 2043 2922 die

399 2946 635 3011 finiere.
667 2948 883 3012 Fertur
909 2967 1074 3027 vero,
1099 2957 1318 3012 terram
1349 2967 1467 3010 non
1490 2947 1803 3009 admisisse
1834 2965 2041 3010 eorum

402 3036 875 3116 corpora,donec
900 3049 1119 3121 martyr
1148 3045 1447 3120 precatus,
1481 3054 1610 3099 eam
1633 3035 2041 3117 prosilientem

402 3132 463 3186 et
494 3144 559 3188 se
588 3125 916 3191 vibrantem
952 3127 1227 3209 placavit,
1280 3134 1339 3188 et
1388 3126 1620 3188 miseris
1648 3125 1769 3188 illis
1821 3142 2040 3186 recon-

401 3214 650 3281 ciliavit.

478 3303 764 3370 XV.Cum
800 3306 899 3369 isti
929 3314 1047 3370 tam
1078 3304 1404 3368 infeliciter
1429 3323 1463 3366 e
1484 3303 1599 3366 vita
1623 3305 2035 3383 excessissent,

401 3400 461 3455 et
481 3396 678 3461 suaiin
703 3403 1017 3477 martyrem
1041 3394 1373 3458 insolentiae
1389 3395 1580 3474 justas
1603 3411 1809 3474 pmnas
1831 3394 2040 3457 dedis-

2129 1883 2206 1943 ὅτι
2239 1884 2452 1942 Μᾶλλον
2509 1885 2670 1959 ὑμεῖς
2715 1883 2838 1939 ὅσον
2869 1889 3018 1940 οὔπω
3076 1882 3169 1945 τὰς
3201 1881 3383 1959 ψυχὰς
3426 1876 3775 1957 ἆποῤῥήξετε,

2125 1976 2196 2040 εἷς
2268 1975 2479 2050 μείζονα
2541 1973 2631 2029 τὸν
2673 1974 2835 2047 θυμὸν
2894 1972 3037 2028 αὐτοὶ
3096 1968 3447 2048 διηγείροντο,
3506 1969 3594 2025 καὶ
3656 1989 3781 2023 συν-

2124 2065 2337 2122 ἐπεσθαι
2382 2065 2516 2139 μετὰ
2568 2062 2680 2130 πλῆ
2698 2063 2792 2140 τῶν
2844 2061 2983 2126 αὖθις
3046 2058 3205 2140 ἄχρις
3266 2059 3558 2134 Ἀπαμείας
3616 2056 3781 2113 αὐτόν

2119 2154 2440 2211 κελεύουσινο
2502 2153 2715 2210 Ἐκεϊσε
2771 2150 2823 2207 δὲ
2878 2151 3063 2214 αὖταϊς
3106 2149 3372 2226 γοητείαις
3443 2146 3769 2226 ἆπεῤῥίφθω,

2119 2244 2267 2325 φησί,
2316 2244 2450 2300 κατὰ
2504 2247 2602 2309 τῆς
2681 2240 2970 2319 θαλάττης,
3004 2240 3057 2295 ἓν
3113 2241 3149 2315 ᾗ
3219 2244 3395 2302 κακῶς
3452 2236 3768 2309 ἀπολεῖται,

2118 2332 2254 2409 μηδέ
2318 2336 2490 2412 ταφῆς
2549 2337 2672 2409 γοῦν
2744 2352 2884 2397 τινος
2950 2329 3084 2405 μετὰ
3137 2330 3360 2386 θάνατον
3431 2326 3769 2401 ἀξιούμενος,

2119 2421 2278 2480 Οὔπω
2346 2423 2477 2501 πρὸς
2529 2421 2627 2488 τὴν
2678 2418 2833 2501 πόλιν
2893 2419 3052 2495 ἦσαν,
3114 2418 3201 2475 καὶ
3277 2419 3311 2486 ἡ
3366 2425 3458 2476 τοῦ
3506 2413 3773 2494 μάρτυρος

2120 2509 2348 2576 ὲξέϐαινε
2389 2495 2732 2588 ’πρόῤῥησιᾳ
2802 2495 3086 2574 ⁹Σιλϐεινίκ
3173 2507 3270 2582 μὲν
3344 2507 3445 2586 γὰρ
3529 2507 3775 2584 παρεθεὶς

2122 2601 2308 2679 ἀθρόον
2367 2598 2434 2656 τοὶ
2518 2597 2681 2677 μέλη,
2760 2596 3110 2677 Κουμϐρίκιος
3186 2595 3238 2653 δὲ
3316 2596 3525 2675 πυρετῷ
3597 2592 3778 2674 λάϐρῳ

2124 2688 2363 2768 ληφθεὶς,
2427 2686 2670 2750 ἐλεεινῶς
2728 2687 2891 2766 ἄμφω
2940 2689 3031 2743 τὸν
3079 2686 3190 2763 βίον
3247 2697 3552 2761 τεταρταῖοι
3611 2704 3776 2740 κατε-

2124 2777 2307 2837 λυσαν.
2358 2778 2448 2834 Τὰ
2478 2777 2701 2853 σώματα
2752 2774 2806 2831 δὲ
2839 2778 3009 2833 αὐτῶν
3066 2777 3225 2852 λόγος
3275 2773 3392 2854 ἕχει
3422 2773 3521 2842 τὴν
3564 2778 3663 2851 γῆν
3691 2772 3771 2848 μὴ

2125 2867 2450 2948 προσίεσθαι,
2513 2866 2638 2941 ἕως,
2704 2863 3124 2941 προσευξάμενος
3194 2866 3221 2920 ὁ
3265 2870 3489 2943 μάρτυς,
3551 2859 3772 2940 ἐπράϋνέ

2125 2979 2182 3014 τε
2253 2957 2415 3025 αὐτὴν
2476 2954 2842 3032 παλλομένην,
2903 2956 2991 3012 καὶ
3044 2967 3164 3018 τοῖς
3237 2952 3495 3019 ἐλεεινοῖς
3549 2952 3770 3017 ἐκείνοις

2128 3044 2424 3117 κατήλλαξε
2435 3094 2448 3108 .

2203 3314 2317 3374 ῐΕ’.
2378 3313 2586 3372 Τούτων
2617 3313 2670 3370 δὲ
2730 3312 2865 3371 οὕτω
2907 3312 3181 3391 δυστυχῶς
3210 3311 3302 3370 τόν
3331 3311 3442 3390 βίον
3471 3330 3770 3390 καταστρε-

2123 3404 2360 3484 ψάντων,
2412 3406 2501 3461 καὶ
2556 3403 2701 3470 ἀξίαν
2758 3405 2855 3472 τῆς
2926 3404 2998 3468 εἰς
3056 3404 3147 3459 τὸν
3203 3403 3438 3480 μάρτυρα
3495 3402 3771 3482 παροινίας

401 3491 556 3573 sent,
593 3486 652 3547 in
683 3485 952 3547 custodia
982 3493 1040 3546 et
1089 3484 1341 3546 vinculis
1383 3481 1646 3573 Thyrsus
1677 3483 1750 3544 ab
1782 3483 1911 3573 illo
1941 3483 2039 3545 die

2128 3481 2427 3550 ’δεδωκότων
2482 3493 2579 3561 τήν
2636 3492 2807 3573 δίκην,
2866 3495 2968 3551 ὑπὸ
3034 3489 3242 3572 φυλακῃ
3310 3493 3400 3548 καὶ
3459 3481 3679 3567 δεομοτς
3737 3493 3767 3548 ὁ

399 3572 608 3652 viginti
639 3582 760 3636 tres
785 3574 917 3637 dies
940 3574 1135 3636 fuerat
1164 3581 1571 3663 conservatus.
1607 3571 1836 3635 Deinde
1882 3573 2039 3636 venit

2128 3584 2322 3661 Θόρσος
2397 3584 2578 3663 τρίτην
2652 3582 2704 3649 ἐξ
2777 3571 2975 3640 ἐκείνου
3036 3571 3126 3638 καὶ
3177 3583 3421 3650 εἷκοστην
3503 3583 3771 3658 τετήρητο

401 3663 645 3752 quidam
677 3662 831 3726 alius
860 3681 1103 3745 praeses,
1131 3681 1249 3725 non
1272 3663 1459 3725 solius
1487 3662 1639 3742 ejus,
1675 3681 1848 3744 quam
1883 3663 2039 3744 prior

2128 3673 2226 3740 τὴν
2301 3662 2527 3750 ἡμέραν.
2594 3672 2731 3729 Εἶτα
2787 3671 3059 3752 ἐφίσταταί
3141 3692 3221 3733 τις
3274 3671 3493 3748 ἡγεμὼν
3564 3669 3765 3748 ἕτερος,

400 3751 678 3829 habebat,
717 3755 1047 3835 potestatis,
1083 3754 1188 3815 sed
1218 3770 1452 3815 morum
1485 3752 1661 3813 etiam
1688 3771 2039 3819 successor:

2129 3763 2186 3819 οὓ
2241 3761 2338 3829 τῆς
2371 3761 2603 3827 ἐξουσίας
2656 3767 2748 3818 τοῦ
2799 3751 3052 3840 προτέρου
3109 3758 3303 3836 μόνης,
3355 3757 3491 3816 ἄλλα
3540 3760 3629 3816 καὶ
3683 3765 3781 3819 τοῦ

404 3842 510 3921 qui
538 3841 790 3906 barbara
819 3843 1017 3922 lingua
1062 3842 1478 3905 nominabatur
1528 3841 1789 3906 Bandus.
1824 3845 1878 3905 ls
1909 3862 2039 3906 cum

2128 3851 2323 3930 τρόπου
2380 3848 2650 3930 διάδοχος,
2683 3847 2928 3930 βαρϐάρῳ
2975 3847 3195 3927 γλώσσῃ
3254 3845 3449 3913 Βᾰνδος
3508 3848 3776 3925 ὀνομαζό-

402 3930 668 3993 venisset
694 3934 1113 4010 Apameam,et
1142 3934 1201 3994 in
1227 3931 1427 3994 medio
1447 3932 2039 4014 concionis,qu:eipsi

2128 3960 2306 4014 μενος.
2368 3941 2554 4020 Οὗτος,
2630 3950 2728 4007 τήν
2783 3938 3074 4014 Ἀπαμέων
3141 3936 3480 4013 καταλαϐὼν,
3536 3937 3621 3995 ἐπὶ
3673 3942 3776 4007 τῆς

405 4028 539 4080 erat
568 4030 939 4102 congregata,
970 4022 1397 4097 constituisset,
1425 4029 1484 4083 et
1513 4039 1643 4102 quae
1674 4021 1750 4083 de
1778 4022 2039 4104 impera-

2128 4028 2488 4105 ἀθροισθείσης
2546 4049 2604 4084 τε
2671 4027 2789 4092 θέας
2849 4031 2989 4102 αὒτῷ
3060 4028 3148 4085 καὶ
3204 4028 3550 4107 πανηγύρεως
3601 4048 3775 4085 κατα-

406 4115 535 4198 tore
563 4109 686 4173 dici
719 4113 932 4186 solent,
968 4111 1237 4189 dixisset,
1301 4120 1573 4173 scrutans
1634 4110 1853 4172 deinde
1909 4132 2039 4193 quae

2128 4117 2278 4193 στὰς,
2340 4117 2427 4173 καὶ
2480 4117 2546 4174 τὰ
2591 4118 2791 4187 συνήθη
2835 4118 2954 4195 περὶ
2997 4117 3088 4173 τοῦ
3158 4115 3422 4195 βασιλέως
3477 4115 3775 4198 διεξελθὼν,

404 4196 564 4261 facta
582 4200 905 4263 fuerantab
928 4200 1003 4263 iis
1020 4201 1120 4283 qui
1141 4201 1335 4282 ipsum
1363 4209 1825 4282 praecesserunt,
1849 4210 1909 4262 et
1939 4221 2039 4264 ac-

2128 4209 2249 4263 εῖτα
2320 4206 2409 4261 καὶ
2481 4206 2575 4268 τὰς
2647 4212 2753 4262 τῶν
2810 4208 2910 4285 πρὸ
2967 4207 3123 4264 αὐτοῦ
3189 4206 3401 4285 πράξεις
3459 4196 3773 4286 ἆνερευνῶν,

407 4297 467 4349 ta
488 4288 724 4353 illorum
745 4291 1083 4373 perlegens,
1115 4290 1322 4352 incidit
1347 4293 1403 4350 in
1426 4308 1493 4351 ea
1526 4308 1656 4370 quae
1682 4290 1758 4351 de
1787 4300 2039 4372 martyre

2128 4295 2215 4351 καὶ
2270 4295 2337 4350 τὰ
2385 4294 2600 4352 ἒκείνων
2657 4294 2821 4352 ἐπιὼν
2876 4296 3258 4372 ὑπομνήματα,
3291 4295 3600 4377 ἐντυγχάνει
3648 4309 3773 4361 τοῖς

404 4376 630 4481 Thyrso
651 4382 892 4481 decreta
912 4382 1166 4443 fuerant.
1191 4378 1262 4480 Iit
1296 4396 1429 4441 cum
1457 4378 1670 4481 partim
1705 4379 1944 4481 quidem
1975 4401 2039 4481 ex

2128 4384 2245 4461 περῖ
2271 4391 2391 4481 ,τοῦ
2448 4384 2710 4464 μάρτυρος
2759 4384 2959 4464 Θύρσου
3013 4383 3422 4464 ὲψηφισμένοιςο
3477 4376 3565 4442 καὶ
3614 4391 3772 4444 τοῦτο

408 4471 575 4544 actis,
610 4471 821 4552 partim
853 4479 1047 4531 autem
1073 4487 1143 4530 ex
1172 4466 1696 4530 circumstantibus
1728 4469 1927 4531 omnia
1959 4470 2039 4531 di-

2130 4473 2228 4548 μὲν
2264 4472 2367 4528 ἀπὸ
2425 4479 2531 4529 τῶν
2578 4474 3003 4550 ὑπομνημάτων,
3036 4480 3189 4531 τοῦτο
3247 4471 3301 4528 δὲ
3356 4473 3444 4531 καὶ
3499 4471 3606 4531 ἀπὸ
3662 4480 3772 4532 τῶν

409 4557 985 4639 dicisset,publicum
1010 4560 1071 4620 in
1092 4559 1249 4621 diem
1281 4565 1626 4639 sequentem
1659 4558 1712 4618 ei
1745 4559 2039 4622 theatrum

2128 4561 2494 4640 περιεστώτων
2564 4564 2736 4619 πάντα
2815 4563 3156 4643 καταμαθὼν,
3215 4560 3472 4638 δημόσιον
3528 4565 3602 4629 είς
3670 4564 3771 4632 τὴν

411 4657 729 4728 congregat
758 4669 773 4709 :
813 4658 872 4711 et
916 4667 1048 4711 cum
1083 4647 1547 4710 examinandum
1582 4646 1872 4728 Thyrsum
1908 4668 2039 4730 pro-

2128 4648 2249 4718 ἑξῆς
2305 4650 2448 4725 αὒτῷ
2495 4650 2711 4732 θέατρον
2753 4652 3095 4730 συναθροίζει,
3130 4653 3218 4709 καὶ
3273 4652 3438 4729 μέσον
3468 4656 3540 4717 εἱς
3596 4651 3777 4719 ὲξέταο

407 4737 677 4800 duxisset
702 4739 765 4801 in
797 4737 1059 4800 medium
1096 4759 1109 4796 :
1144 4736 1232 4798 Tu
1264 4755 1353 4811 es,
1380 4736 1592 4815 inquit,
1621 4737 1907 4818 Thyrsus,
1943 4741 2039 4820 qui

2128 4760 2207 4796 σιν
2241 4740 2330 4797 τὸν
2388 4741 2584 4819 Θύρσον
2639 4742 2985 4822 παραγαγὼν,
3031 4742 3103 4797 Σὺ
3147 4742 3202 4797 ετ
3251 4742 3469 4820 Θύρσὸς,
3517 4742 3698 4820 εἶπεν,
3743 4744 3773 4800 ὁ

406 4826 833 4910 imperatorum
863 4828 1032 4907 jussa
1061 4823 1421 4889 contumelia
1469 4824 1676 4902 afﬁcis,
1710 4834 1770 4888 et
1798 4825 1857 4887 in
1889 4846 1959 4889 ea
1987 4838 2045 4892 te

400 4918 738 4983 insolenter
764 4917 946 4999 geris,
979 4926 1038 4980 et
1091 4920 1284 4997 magni
1314 4912 1412 4977 dei
1469 4915 1766 4996 Apollinis
1816 4918 2043 4979 contri-

404 5008 542 5070 visti
564 5016 815 5072 statuam
836 5014 865 5072 ?
894 5006 1003 5071 llle
1020 5024 1161 5069 vero
1190 5025 1206 5067 :
1232 5004 1350 5085 Ego
1383 5022 1538 5079 sum,
1572 5003 1894 5088 inquit,qui
1924 5027 2044 5070 non

408 5116 589 5182 pareo
611 5100 831 5181 iniquis
859 5097 1297 5180 edictis,neque
1313 5093 1592 5176 operibus
1616 5113 1898 5158 manuum
1933 5098 2043 5159 ho-

407 5190 633 5252 minum
667 5189 853 5252 offero
879 5186 1237 5249 sacriﬁcium
1271 5203 1285 5244 :
1321 5184 1427 5246 sed
1458 5184 1573 5245 soli
1596 5185 1831 5247 Christo
1863 5185 2044 5247 sacri-

407 5278 518 5342 fico
540 5278 899 5343 sacriﬁcium
918 5276 1200 5356 laudis,et
1227 5293 1361 5336 eum
1389 5292 1589 5337 verum
1625 5274 1810 5336 Deum
1844 5280 2040 5336 nomi-

408 5390 509 5435 no.
532 5367 648 5433 Ille
677 5377 873 5431 autem
900 5365 1176 5429 similiter
1202 5381 1449 5445 nugans,
1482 5374 1656 5446 atque
1679 5364 1916 5443 judices
1941 5367 2043 5445 qui

408 5465 931 5545 praecesserant,et
950 5463 1161 5539 putans
1173 5472 1237 5516 se
1261 5472 1431 5545 posse
1450 5453 1624 5543 minis
1640 5462 1866 5517 terrere
1877 5471 2036 5545 eum,

408 5540 513 5644 qui
543 5552 756 5617 terreri
788 5568 908 5614 non
938 5555 1166 5634 poterat
1196 5566 1210 5613 :
1243 5547 1331 5610 Tu
1357 5540 1628 5624 fortasse,
1658 5545 1873 5625 inquit,
1904 5543 2042 5606 ideo

2125 4831 2199 4892 εἰς
2255 4829 2321 4885 τὰ
2376 4830 2483 4885 τῶν
2551 4830 2950 4911 αὐτοκρατόρων
3018 4831 3402 4910 προστάγματα
3473 4829 3771 4912 ἐξυϐρίζων,

2124 4919 2213 4974 καὶ
2268 4919 2330 4974 τὸ
2400 4922 2494 4976 τοῦ
2564 4919 2800 4997 μεγάλου
2867 4922 2986 4977 θεοῦ
3070 4918 3408 4987 Ἀπόλλωνος
3492 4923 3776 5001 συντρίψας

2125 5006 2395 5087 ἄγαλμα,
2456 5009 2584 5089 Καὶ,
2636 5009 2717 5074 ὃς.
2779 5006 2920 5087 Ἐγώ
2996 5011 3128 5088 εἰμι,
3177 5010 3303 5091 ἔφη,
3349 5013 3377 5068 ὁ
3445 5011 3778 5090 παρανόμοις

2124 5095 2382 5175 δόγμασιν
2470 5095 2724 5177 ἀπειθῶν,
2786 5099 2875 5155 καὶ
2951 5095 3089 5174 μηδὲ
3170 5105 3370 5179 χειρῶν
3439 5099 3780 5180 ἆνθρώπίνῶν

2125 5185 2299 5265 ἔργοις
2371 5186 2550 5244 θυσίαν
2621 5187 2929 5266 προσάγων,
2978 5186 3116 5246 ἀλλὰ
3172 5188 3321 5261 μόνῳ
3374 5191 3508 5247 θύων
3567 5194 3780 5269 Χριστῷ

2123 5276 2302 5357 θυσίαν
2361 5274 2633 5357 αἰνέσεως,
2681 5278 2773 5334 καὶ
2811 5284 2999 5335 τοῦτον
3050 5275 3254 5355 ἀψευδῆ
3287 5280 3417 5336 Θεὸν
3476 5280 3776 5355 ὀνομάζων.

2128 5355 2185 5424 ²Ο
2242 5364 2300 5421 δὲ
2356 5366 2443 5422 καὶ
2501 5355 2657 5431 αὐτὸς
2716 5365 2878 5443 ὅμοια
2920 5380 3038 5430 τοῖς
3093 5365 3415 5448 προλαϐοῦσι
3486 5366 3664 5449 ληρῶν
3707 5365 3781 5424 δί-

2126 5468 2374 5534 κασταῐς,
2425 5456 2512 5512 καὶ
2569 5454 2824 5521 ἀπειλαῖς
2880 5454 3112 5537 φοϐῆσαι
3169 5456 3339 5515 δοκῶν
3408 5460 3500 5517 τὸν
3560 5458 3774 5526 ἀπτόη-

2122 5566 2243 5623 σον,
2319 5543 2721 5628 Παραπλησίου,
2775 5545 2903 5627 ἔφη,
2963 5544 3299 5628 δικαστηρίου
3362 5562 3487 5616 τοῖς
3563 5546 3773 5635 προλαη
