4056 6142
426 270 550 342 527

1735 253 2018 339 MENSIS
2056 268 2487 336 DEGEMBER.

3695 261 3808 329 528

435 410 546 482 ipsi
568 415 770 468 contra
787 407 995 467 callide
1018 407 1427 480 excogitant.at
1448 420 1555 478 ego
1577 405 1682 462 tibi
1697 405 1870 463 simul
1897 415 1950 462 et
1973 404 2060 462 dir

2167 407 2384 482 τρόπον,
2419 405 2487 464 δι’
2543 407 2604 472 ἃς
2667 407 2821 465 αὒτόἰ
2855 406 3011 464 πάλιν
3054 405 3527 485 ἀντιμηχανῶνται
3571 399 3810 481 ῥᾳδιουρ-

433 495 653 558 ﬁcilem
684 502 744 557 et
770 494 1030 558 celerem
1055 500 1307 556 mortem
1341 491 1783 572 excogitaban
1817 509 2085 570 praesen—

432 585 576 649 tiam
631 592 831 648 autem
867 603 961 646 me
989 584 1366 646 festinantem
1421 580 1746 645 Caesaream
1778 581 1877 642 hic
1930 600 2083 661 quo-

435 695 556 758 que
584 694 682 738 me
712 672 1169 756 sequatur,dixit
1189 672 1262 734 iis
1285 674 1418 752 quis
1438 670 1734 746 astabant,
1758 671 1813 732 vi
1838 680 2080 745 tractus,

439 778 500 832 et
520 768 706 849 virgis
733 766 932 830 valide
961 774 1191 844 tergum
1223 773 1518 840 caesus,ut-
1533 763 1657 826 illic
1688 773 2086 841 consequatur

435 877 504 920 ea
536 876 668 940 qua;
689 856 1010 930 desiderat,
1035 854 1279 936 praemia
1299 861 1361 917 et
1387 855 1926 916 remunerationes.
1959 853 2084 915 Hoc

427 955 629 1010 autem
659 947 838 1026 facto,
874 953 1181 1025 postquam
1213 944 1650 1008 intellexissent
1679 945 2084 1007 Cmsareenses

433 1055 648 1098 novum
680 1035 754 1096 ad
779 1052 882 1096 eos
911 1034 1261 1096 adventasse
1295 1035 1634 1116 praesidem,
1661 1034 1764 1115 qui
1791 1034 2082 1115 Tbyrsum

430 1123 766 1188 adducebat
792 1125 852 1185 in
883 1123 1154 1198 vinculis,
1183 1142 1394 1188 omnes
1415 1125 1590 1187 simul
1625 1125 1918 1197 exierunt,
1953 1141 2084 1203 spe—

427 1215 521 1278 cie
543 1214 785 1296 quidem
807 1222 872 1275 ut
897 1213 1136 1296 praesidi
1158 1215 1319 1276 irent
1342 1214 1600 1290 obviam,
1619 1233 1828 1278 revera
1857 1221 2078 1299 autem,

425 1302 609 1366 visuri
629 1303 950 1384 Thyrsum.
984 1302 1592 1368 Desiderabantenim
1626 1323 1760 1366 eum
1787 1303 2083 1376 videre,ut

425 1395 530 1476 qui
557 1393 650 1455 vel
681 1412 750 1456 ex
779 1395 893 1456 hoc
915 1393 1041 1455 solo
1068 1402 1311 1475 possent
1329 1393 1616 1475 consequi
1638 1392 2081 1473 gratiam.Post-

429 1502 606 1566 quam
622 1501 762 1546 vero
784 1483 1023 1546 fuerunt
1052 1485 1112 1545 in
1149 1483 1404 1560 civitate,
1433 1495 1663 1564 martyr
1693 1483 1934 1562 quidem
1966 1489 2082 1542 sta-

425 1576 530 1636 tim
561 1574 870 1653 conjectus
903 1579 994 1634 est
1022 1572 1084 1634 in
1113 1591 1419 1636 carcerem
1449 1591 1464 1650 ;
1498 1573 1849 1635 consultanti
1885 1579 2080 1633 autem

2168 496 2310 576 γίας,
2372 497 2493 554 ἀλλ’
2547 497 2656 575 ἐγώ
2713 520 2795 555 σοι
2841 496 3084 576 χαλεπὸν
3128 497 3262 569 ὃμοῦ
3320 495 3405 551 καὶ
3462 493 3632 572 ταχὺν
3688 490 3812 547 ἐπι-

2171 588 2348 656 νοήσω
2406 590 2497 644 τὸν
2526 589 2771 647 θάνατον.
2834 588 2909 645 Τὰ
2954 584 3006 641 δὲ
3055 595 3142 644 νῦν
3186 583 3516 663 ἐπειγομένῳ
3550 604 3639 658 μοι
3683 580 3814 656 πρὸς

2167 677 2266 744 τὴν
2327 679 2641 756 Καισάρειαν
2692 678 2926 752 ἒμέσθω,
2982 677 3131 756 φησὶ,
3171 679 3258 732 καὶ
3314 678 3482 750 οὗτος,
3520 675 3649 752 πρὸς
3693 670 3814 731 τοὺς

2167 774 2524 843 περιεστῶτας
2596 769 2752 824 εἶπεν
2807 765 2951 841 ἰδὼν,
3016 765 3303 840 ἑλκόμενός
3369 785 3427 821 τε
3485 765 3612 840 πρὸς
3668 760 3814 835 βίαν»

2166 855 2262 911 καί
2313 854 2521 932 ῥάϐδοις
2553 857 2788 936 ἰσχυρῶς
2849 857 2914 912 τὰ
2948 861 3089 912 νῶτα
3131 854 3444 929 παιόμενος,
3479 855 3550 918 ὡς
3593 851 3654 906 ἂν
3699 848 3818 905 ἐκεῖ

2166 967 2272 1001 των
2339 945 2772 1020 ἐπιθυμουμὲνων
2840 943 3096 1024 βραϐείων
3170 945 3325 1023 τύχοι
3395 945 3482 1000 καὶ
3549 937 3814 1017 ἀμοιϐὦν.

2167 1035 2362 1092 Τούτου
2419 1033 2474 1090 δὲ
2532 1057 2838 1112 γενομενου,
2899 1035 2985 1090 ἐπὶ
3040 1037 3255 1110 μάθοιεν
3313 1036 3360 1089 o't
3418 1032 3472 1088 ἐν
3530 1029 3816 1107 Καισαρείᾳ

2164 1125 2256 1180 τὸν
2327 1124 2444 1181 νέον
2501 1124 2776 1204 ἐπιφοιτᾷν
2857 1127 3038 1186 αὐτοῖς
3106 1121 3372 1201 ἡγεμόνα,
3443 1123 3532 1178 τὸν
3616 1120 3817 1197 Θύρσον

2165 1215 2266 1270 ὑπὸ
2323 1211 2543 1288 δεσμοῖς
2606 1213 2964 1290 ἐπαγόμενον,
3009 1211 3228 1283 ἐξήεσαν
3285 1214 3418 1278 ὁμοῦ
3468 1210 3685 1283 πάντες,
3735 1212 3818 1280 τῷ

2166 1303 2263 1372 μὲν
2322 1299 2502 1359 δοκεῖν
2552 1310 2627 1377 τῷ
2657 1303 2884 1378 ἡγεμόνι
2938 1302 3455 1381 προϋπαντήσοντες,
3489 1305 3566 1372 τῷ
3621 1297 3819 1364 ἀληθεῖ

2165 1391 2218 1448 δὲ
2286 1394 2378 1448 τὸν
2437 1393 2632 1470 Θύρσον
2706 1390 2983 1467 ὀψόμενον
3057 1391 3172 1448 ἐπεὶ
3229 1392 3318 1448 καὶ
3390 1391 3549 1452 πόθος
3621 1389 3817 1452 αὐτοὺς

2162 1483 2292 1562 εἶχε
2343 1487 2444 1548 τῆς
2498 1481 2696 1539 ἐκείνου
2743 1481 2889 1560 θέας,
2921 1483 2994 1545 ὡς
3041 1482 3219 1538 ἱκανὸν
3271 1479 3330 1535 ὃν
3363 1482 3450 1537 καὶ
3493 1479 3598 1535 απὸ
3641 1480 3820 1554 μόνης

2161 1595 2224 1650 γε
2295 1573 2489 1638 ταύτης
2548 1571 2770 1649 χάριτος
2842 1584 3166 1650 μετασχεῖν.
3225 1570 3373 1626 Ἐπεὶ
3432 1567 3486 1625 δὲ
3535 1569 3619 1625 καὶ
3676 1569 3824 1624 κατὰ

424 1668 674 1741 praesldi,
698 1667 1044 1740 quibusnam
1073 1668 1262 1726 modis
1309 1684 1441 1728 eum
1471 1679 1860 1739 consumeret,
1894 1669 2069 1724 visum

2161 1663 2260 1728 τὴν
2322 1659 2478 1718 πόλιν
2529 1661 2688 1740 ἦσαν,
2747 1661 2837 1716 τὸν
2909 1662 3146 1739 μάρτυρα
3202 1660 3300 1734 μὲν
3358 1659 3501 1720 εὐθὺς
3564 1658 3691 1738 εἶχε
3754 1659 3822 1714 τὸ

425 1762 522 1817 est
537 1771 673 1816 eum
701 1752 764 1815 in
795 1751 1016 1815 bestias
1035 1753 1363 1816 immittere
1389 1773 1404 1830 ;
1433 1755 1587 1816 hanc
1620 1755 1779 1816 enim
1799 1752 2069 1835 judicavit

2164 1749 2551 1829 δεσμωτήριον³
2602 1749 2947 1824 σκεπτομένῳ
3006 1749 3060 1806 δὲ
3117 1752 3197 1823 τῷ
3241 1749 3488 1826 ἡγεμόνι,
3545 1746 3690 1812 ὅπως
3747 1747 3818 1804 ἂν

421 1855 672 1906 mortem
699 1860 827 1903 esse
855 1847 1312 1912 acerbissimam,
1337 1859 1391 1906 et
1421 1862 1550 1920 quas
1581 1846 1750 1906 vitari
1778 1863 1891 1906 non
1916 1857 2069 1919 pote-

2169 1843 2322 1899 αὐτὸν
2399 1843 2485 1897 καὶ
2541 1841 2674 1897 τίσιν
2751 1839 3002 1916 ἀναλώσῃ
3075 1841 3316 1917 τρόποις,
3367 1840 3564 1916 Θηρίοις
3639 1837 3818 1903 ἔδοξεν

423 1941 538 1997 rat.
567 1933 746 1998 Jubet
775 1951 916 2012 ergo
947 1934 1020 1997 ad
1038 1941 1233 2015 ipsum
1261 1941 1526 1996 montem
1552 1942 1776 1996 turrem
1802 1933 2069 1994 mdiﬁcar.

2168 1931 2472 2011 ἐπαφεῖναι·
2535 1930 2687 1992 οὗτος
2756 1931 2854 2006 γὰρ
2927 1932 3068 2004 αὖτῷ
3122 1931 3207 1986 καὶ
3252 1929 3484 1985 θανάτων
3537 1928 3714 2006 ἐκρίθη
3785 1931 3818 1984 ὁ

421 2027 767 2100 Ιίεηοιιω,θι
787 2042 966 2086 saevas
987 2029 1136 2086 feras
1149 2026 1340 2087 omnis
1360 2027 1590 2100 generis
1615 2028 1675 2084 in
1691 2041 1816 2084 eam
1831 2027 2080 2092 immitti;

421 2112 577 2176 fame
605 2131 745 2176 vero
779 2112 1101 2174 multorum
1153 2113 1386 2174 dierum
1417 2111 1637 2174 irritari
1668 2129 1769 2172 eas
1798 2111 1870 2172 ad
1904 2112 2079 2172 saevi-

421 2203 586 2283 tiam,
612 2212 672 2265 et
691 2203 916 2266 deinde
934 2202 997 2264 in
1026 2201 1289 2265 medium
1315 2220 1520 2264 earum
1541 2201 1711 2282 injici
1731 2209 2072 2281 martyrem.

503 2295 648 2357 Cum
701 2293 828 2356 haec
857 2299 1053 2354 autem
1097 2295 1361 2374 perfecta
1387 2292 1642 2354 fuissent
1670 2292 1908 2370 triginta
1939 2291 2073 2352 die-

417 2381 558 2460 bus,
594 2384 935 2446 universum
990 2383 1274 2464 populum
1305 2382 1367 2444 in
1418 2384 1770 2444 concionem
1830 2399 2075 2458 congre—

424 2482 750 2554 gatcomes
798 2473 872 2536 ad
903 2472 1190 2554 templum
1247 2473 1428 2547 lovis,
1462 2470 1964 2552 splendidumque
2019 2479 2079 2532 et

424 2564 767 2644 magniﬁcat
816 2568 980 2643 parat
1025 2563 1433 2623 sacriﬁcium:
1492 2570 1551 2625 et
1600 2560 1687 2621 sic
1719 2578 1752 2621 ο
1811 2561 2078 2622 custodia

423 2654 626 2719 educit
644 2653 935 2733 Thyrsum
956 2650 1312 2712 tradendum
1329 2649 1559 2710 bestiis.
1591 2647 1760 2721 Quod
1782 2667 1920 2710 vero
1953 2659 2077 2711 erat

422 2748 678 2810 omnium
693 2743 1182 2817 gravissimum.et
1204 2742 1457 2800 validum
1479 2741 1551 2800 ad
1573 2743 1699 2814 ejus
1724 2743 2069 2801 movendum

421 2834 712 2905 animum,
765 2836 823 2890 et
863 2827 1234 2890 incitandum
1284 2828 1358 2889 ad
1404 2826 1885 2906 abnegationem,
1934 2847 2066 2889 cnm

418 2921 534 2983 hoc
564 2920 715 2982 forte
746 2917 1136 2997 excogitasset
1183 2917 1482 2998 inimicus,
1517 2936 1652 2979 eum
1679 2916 2069 2979 circumstans

419 3010 738 3071 multitudo
790 3018 1176 3088 cognatorum
1223 3016 1280 3069 et
1330 3007 1654 3069 amicorum
1707 3007 1970 3086 rogabat,
2007 3015 2070 3068 ut

2168 2021 2482 2099 πικρότατός
2527 2041 2583 2076 τε
2616 2021 2701 2076 καὶ
2754 2018 3208 2097 ἀφυλακτότατος.
3260 2017 3471 2076 Κελεύει
3503 2027 3629 2094 γοῦν
3671 2019 3817 2096 πύρ-

2171 2134 2263 2189 γον
2324 2132 2378 2166 τε
2431 2112 2562 2186 πρὸς
2619 2111 2760 2182 αὗτῴ
2831 2108 2937 2185 ὄρει
2998 2107 3197 2174 ξύλινον
3268 2105 3675 2181 οἰκοδομηθῆναι
3721 2118 3818 2171 καὶ

2161 2205 2324 2279 θῆρας
2368 2199 2575 2276 ἀγρίους
2633 2198 2769 2253 εἴσω
2827 2196 3191 2261 παντοδαποὺς
3252 2195 3627 2270 ἒπιϐληθῆναι,
3675 2198 3817 2274 πρὸς

2161 2291 2216 2346 δε
2292 2291 2377 2346 καὶ
2439 2287 2582 2362 λιμῷ
2667 2287 2984 2365 πολυημέρῳ
3041 2286 3364 2366 διερεσθῆναι
3430 2287 3635 2349 τούτοις
3707 2290 3817 2353 τήν

2158 2379 2472 2457 ἀγριότητα,
2509 2377 2691 2434 ἔπειτα
2764 2379 2834 2442 εὶς
2899 2378 3088 2454 μέσους
3166 2377 3350 2440 αὐτοὺς
3407 2376 3659 2456 ἀφεθῆναι
3715 2377 3816 2431 τὸν

2161 2490 2416 2547 μαρτυρα.

2243 2559 2450 2616 Τούτων
2524 2557 2577 2613 δὲ
2651 2559 2723 2620 εἰς
2795 2557 3076 2634 τριάκοντα
3157 2555 3506 2614 τελεσθέντων
3577 2556 3810 2632 ἡμέρας,

2161 2647 2436 2723 πάνδημον
2494 2648 2636 2726 παρὰ
2693 2654 2771 2722 τῷ
2829 2650 2938 2722 ναῷ
2979 2654 3072 2705 τοῦ
3105 2649 3228 2711 Διὸς
3261 2650 3288 2704 ὁ
3349 2648 3526 2720 κόμης
3584 2647 3812 2724 ἀθροίζει

2159 2740 2496 2817 πανήγυριν,
2581 2738 2669 2794 καὶ
2757 2735 3021 2804 πολυτελῆ
3105 2738 3284 2795 θυσίαν
3393 2738 3809 2815 παρασκευάζειο

2157 2829 2244 2885 καὶ
2303 2827 2468 2891 οὕτως
2524 2827 2630 2884 ἀπὸ
2686 2832 2786 2893 τῆς
2835 2825 3074 2907 φυλακῆς
3129 2827 3246 2905 ἄγει
3295 2827 3385 2884 τὸν
3448 2827 3644 2906 Θύρσον
3687 2839 3808 2891 τοῖς

2154 2921 2356 2995 θηρίοις
2409 2900 2860 2992 ἐκδοθησόμενονξ
2894 2900 2955 2974 Ὀ
2999 2914 3054 2971 δὲ
3098 2900 3309 2973 πάντων
3366 2916 3433 2984 ἧν
3477 2900 3804 2995 χαλεπώταο

2152 3031 2265 3080 τον,
2300 3009 2387 3065 καὶ
2436 3008 2656 3086 ἰσχυρὸν
2713 3005 2896 3084 ψυχὴν
2954 3004 3244 3080 διασεῖσαι,
3293 3007 3381 3062 καὶ
3437 3004 3804 3083 παρακαλέσαι

421 3099 538 3161 sibi
569 3105 866 3180 parceret,
903 3105 961 3160 et
1000 3098 1287 3177 etfugeret
1313 3097 1678 3159 horrendum
1709 3095 1852 3158 illud
1881 3115 2069 3176 genus

2157 3099 2282 3177 πρὸς
2343 3094 2583 3176 ἄρνησιν,
2642 3103 2736 3152 τοῦ
2779 3095 2971 3174 ἐχθρού
3033 3095 3178 3175 τάχα
3234 3097 3320 3153 καὶ
3362 3104 3517 3153 τοῦτο
3573 3117 3803 3174 σοφισα-

419 3187 720 3269 supplicii,
777 3187 1052 3248 faciendo
1096 3185 1254 3264 quod
1305 3185 1674 3265 jubebatur:
1738 3185 1836 3248 Sic
1884 3186 2066 3262 enim,

412 3276 670 3353 aiebant,
707 3295 827 3338 non
857 3276 1052 3337 solum
1085 3274 1248 3336 nulla
1280 3275 1433 3337 mala
1464 3275 1730 3356 patieris,
1753 3275 1859 3336 sed
1893 3275 2069 3337 etiam

410 3367 674 3429 honores
731 3365 1146 3446 consequeris,
1211 3372 1269 3425 et
1325 3365 1444 3426 eris
1499 3366 1846 3445 imperatori
1901 3365 2072 3427 valde

409 3456 744 3526 familiaris.
799 3455 905 3517 Ille
937 3463 1136 3517 autem
1193 3471 1570 3534 nequaquam
1621 3455 1694 3516 ad
1728 3455 1852 3516 haec
1904 3455 2064 3528 fecit,

410 3546 572 3626 quod
629 3546 806 3627 primi
835 3553 1138 3626 parentes,
1173 3544 1275 3606 sed
1327 3544 1527 3623 potius
1561 3545 1616 3606 id
1649 3545 1807 3622 quod
1858 3543 2066 3623 David,

408 3653 530 3698 non
582 3634 856 3717 praebens
886 3653 1061 3697 aures
1092 3631 1327 3695 acerbis
1373 3633 1758 3714 serpentibus
1789 3643 1848 3696 et
1898 3635 2068 3697 malis

410 3725 880 3800 consultoribus,
915 3725 1134 3787 surdus
1162 3741 1303 3786 vero
1331 3730 1457 3784 erat
1489 3725 1638 3786 sicut
1686 3725 1812 3802 ille,
1847 3732 1906 3787 et
1931 3744 2067 3788 mu-

410 3824 528 3898 tus,
562 3835 680 3879 non
710 3833 906 3893 aures,
942 3834 1061 3877 non
1093 3833 1181 3890 os,
1217 3812 1463 3877 omnino
1501 3815 1803 3896 aperiens.

477 4083 665 4141 XVIII.
687 4083 1008 4143 Adducitur
1025 4092 1217 4143 autem
1236 4085 1305 4144 ad
1321 4086 1741 4157 praesidem,qui
1756 4085 2064 4156 peragebat

406 4167 904 4232 sacriﬁcium.Ille
925 4188 1063 4232 vero
1085 4190 1218 4232 cum
1247 4172 1494 4234 vidisset
1513 4179 1852 4251 martyrem:
1884 4171 2058 4246 Ecce,

403 4259 818 4340 inquit,supra
835 4259 1074 4321 modum
1092 4260 1309 4323 fuimus
1324 4261 1384 4323 in
1410 4271 1464 4322 te
1479 4261 1934 4340 clementes,qui
1958 4260 2064 4322 tibi

402 4348 475 4410 ad
496 4348 949 4411 deliberandum
971 4357 1197 4412 tantum
1225 4353 1514 4430 temporis
1543 4350 1970 4412 concessimus.
2001 4350 2064 4413 Si

2155 3187 2338 3266 μένου,
2384 3187 2586 3252 πλῆθος
2645 3187 2801 3242 αὐτὸν
2842 3186 3182 3264 περιστάντες
3239 3190 3508 3261 συγγενῶν
3566 3185 3654 3240 καὶ
3711 3185 3807 3264 φί-

2154 3276 2261 3332 λων
2331 3277 2604 3354 φείσασθαι
2688 3275 2873 3331 ἑαυτοῦ
2943 3277 3232 3354 παρῄνουν,
3301 3272 3397 3330 καὶ
3458 3273 3519 3330 τὸ
3588 3275 3810 3351 φρικτὸν

2154 3365 2331 3422 ἐκεῖνο
2389 3363 2667 3443 διαφυγεῖν
2717 3369 2812 3431 τῆς
2871 3363 3180 3438 κολάσεως,
3230 3361 3494 3441 πράξαντα
3534 3363 3596 3418 τὸ
3639 3383 3807 3419 κεκε-

2153 3454 2460 3529 λευσμενον.
2497 3452 2648 3511 Οὕτω
2698 3455 2797 3532 γὰρ
2831 3457 2890 3512 οὐ
2934 3456 3095 3529 μόνον
3143 3453 3424 3532 ἀπείρατος
3454 3451 3549 3528 ἔσῃ
3595 3459 3800 3528 κακῶν,

2153 3543 2403 3619 ἔφασκον,
2437 3542 2571 3600 ἀλλὰ
2631 3545 2719 3600 καὶ
2772 3551 2943 3620 τιμῶν
3001 3542 3345 3617 ἀπολαύσείς,
3401 3545 3486 3599 καὶ
3543 3542 3807 3619 μεγίστην

2151 3633 2282 3700 ἕξεις
2333 3636 2476 3714 παρὰ
2505 3631 2720 3710 βασιλεῖ
2748 3634 2846 3701 τὴν
2903 3635 3188 3692 οἰκείωσιν.
3252 3624 3308 3689 ’0
3365 3629 3424 3687 δὲ
3480 3633 3608 3711 πρὸς
3637 3630 3806 3688 ταῦτα

2149 3727 2211 3781 τὸ
2253 3732 2360 3781 τῶν
2417 3723 2764 3802 προπατόρων
2823 3724 2921 3796 μὲν
2963 3722 3231 3798 οὒδαμῶς,
3263 3723 3326 3778 τὸ
3383 3731 3474 3779 τοῦ
3521 3719 3689 3777 Δαυ³ιδ
3743 3719 3804 3778 δὲ

2145 3813 2350 3891 μᾶλλον
2410 3813 2576 3871 ἐποίει
2639 3813 2716 3888 μὴ
2777 3811 2945 3875 διδοὺς
3000 3813 3067 3869 τὰ
3108 3816 3220 3868 ὦτα
3263 3824 3478 3885 πικροῖς
3525 3809 3672 3890 ὄφεσι
3711 3813 3804 3868 καὶ

2145 3903 2341 3967 δεινοῖς
2386 3901 2724 3980 συμϐούλοις,
2775 3902 2953 3982 κωφὸς
2979 3900 3034 3958 δὲ
3083 3904 3174 3977 ἦν,
3209 3903 3282 3966 ὡς
3329 3900 3537 3964 ἐκεῖνος
3567 3898 3800 3974 δηλαδὴ,

2145 3996 2232 4050 καὶ
2263 3991 2483 4069 ἅλαλος,
2519 3993 2596 4070 μή
2629 3993 2818 4068 ἀκοὴν,
2853 3994 2932 4059 μὴ
2975 3993 3148 4068 στόμα
3177 3992 3238 4048 τὸ
3271 3991 3519 4068 παράπαν
3548 3989 3802 4068 ἀνοίγων.

2227 4082 2342 4145 ω’.
2365 4086 2453 4156 Τῴ
2482 4081 2706 4159 ἡγεμόνι
2739 4081 2817 4158 δὲ,
2851 4083 2924 4146 ὡς
2949 4081 3106 4160 εἶχε,
3133 4081 3228 4149 τὴν
3258 4080 3436 4137 θυσίαν
3465 4077 3796 4136 ἐπιτελοῦντι

2143 4175 2486 4253 παρίσταται.
2543 4173 2804 4236 Κάκεῖνος
2837 4173 2926 4228 τὸν
2958 4171 3194 4249 μάρτυρα
3253 4170 3604 4249 θεασάμενος,
3637 4165 3795 4248 Ἰδοὺ,

2144 4265 2298 4343 φησὶ,
2329 4262 2425 4320 καὶ
2480 4262 2613 4340 πέρα
2676 4271 2769 4320 τοῦ
2831 4263 3045 4340 μετρίου
3100 4259 3457 4340 φιλάνθρωποί
3485 4281 3567 4315 σοι
3625 4257 3794 4337 γεγό-

2144 4375 2329 4429 ναμεν,
2389 4351 2642 4410 τοσοῦτον
2711 4351 2920 4415 ἀνέντες
2982 4353 3163 4422 καιρὸν
3237 4351 3312 4414 εἷς
3370 4347 3669 4424 διάσκεψιν.
3734 4350 3794 4406 Ei

402 4454 544 4515 ergo
563 4445 618 4499 et
640 4439 766 4518 ipse
789 4457 859 4500 ea
881 4457 1015 4517 quae
1031 4439 1403 4520 oportet,tibi
1425 4439 1805 4521 consuluisti,
1834 4448 1892 4502 et
1913 4459 1980 4502 ex
2005 4449 2060 4502 te

2157 4443 2240 4500 ιὲν
2301 4443 2388 4500 οὖν
2449 4443 2538 4498 καὶ
2587 4442 2743 4507 αὐτὸς
2802 4445 3007 4514 σεαυτῷ
3062 4442 3129 4496 τὰ
3180 4438 3364 4497 δέοντα
3401 4435 3793 4514 συμϐεϐούλευ-

400 4527 826 4605 cognosvistiid
841 4528 996 4608 quod
1012 4528 1118 4590 tibi
1134 4529 1396 4590 futurum
1425 4527 1702 4604 estutile;
1731 4548 1864 4591 cum
1890 4538 1948 4591 et
1981 4540 2067 4593 to-

397 4621 516 4676 tam
541 4615 786 4695 patriam
807 4617 1009 4679 videas
1032 4620 1157 4681 ,Ιονί
1181 4618 1438 4680 maxime
1467 4617 1579 4680 deo
1600 4619 2059 4696 sacriﬁcantem,

397 4703 806 4787 sacriﬁcaipse
819 4725 1055 4788 quoque
1068 4709 1384 4779 accedens,
1417 4715 1475 4768 et
1498 4707 1751 4770 liberare
1773 4709 1844 4770 ab
1866 4710 2058 4770 omni-

395 4792 511 4856 bus
540 4795 718 4858 minis
748 4805 806 4858 et
838 4798 1146 4878 periculis,
1172 4806 1233 4860 et
1262 4797 1336 4858 ab
1368 4798 1583 4869 acerbo
1617 4798 1746 4860 vitae
1764 4799 2061 4862 exitu.Sin

395 4884 616 4966 minus,
657 4894 713 4948 te
744 4884 1066 4949 bestiarum
1100 4887 1445 4968 discerpent
1477 4906 1708 4966 ungues
1739 4896 1798 4949 et
1825 4888 2056 4961 dentes,

394 4981 603 5038 contra
622 4993 753 5056 quae
779 4975 979 5038 nullus
1001 4975 1114 5038 erit
1137 4976 1382 5038 omnino
1402 4975 1508 5037 tibi
1531 4978 1854 5059 adjutor,et
1878 4980 1977 5059 qui
2002 4987 2058 5039 te

389 5087 422 5128 ιι
446 5071 613 5130 malis
637 5070 1077 5143 liberet.Martyr
1105 5087 1242 5130 vero
1267 5073 1493 5144 ﬁngens
1517 5071 1826 5144 quamdam
1857 5076 2057 5145 utique

389 5155 822 5237 ptenitentiam:
855 5157 976 5235 Ego
1001 5156 1264 5237 quidem,
1285 5158 1499 5238 inquit,
1519 5158 1879 5238 jampridem
1911 5159 2055 5222 satis

389 5244 917 5326 mihiconsului,et
934 5246 1046 5308 nisi
1069 5247 1282 5327 Apollo
1298 5255 1381 5328 ,ut
1399 5249 1499 5328 qui
1525 5248 1600 5310 sit
1621 5247 1927 5328 despectui
1943 5249 2052 5309 Ita-

385 5332 1010 5428 bitus,‘succenseret,
1039 5354 1172 5398 cum
1199 5337 1363 5428 solus
1386 5357 1417 5398 a
1437 5357 1531 5399 me
1555 5335 2053 5428 colaturJupiter,

384 5440 508 5484 non
539 5424 968 5488 abscessissem
987 5443 1192 5486 nunca
1220 5427 1374 5489 meis
1395 5426 1767 5504 civibus,sed
1789 5431 1864 5490 de
1888 5424 2056 5490 more

381 5528 520 5575 cum
579 5515 667 5576 eis
723 5513 1184 5578 sacriﬁcassem.
1251 5515 1354 5577 His
1412 5517 1654 5593 auditis,
1695 5517 1919 5581 lmtatus
1965 5527 2058 5581 est

378 5613 702 5688 pmsesmt
722 5605 821 5687 qui
838 5606 962 5687 jam
983 5622 1344 5688 generosum
1376 5605 1548 5671 illum
1573 5607 1830 5688 cepisset
1858 5607 2056 5691 Thyr-

2147 4555 2264 4607 κας,
2316 4533 2401 4588 καί
2451 4533 2513 4588 τὸ
2565 4544 2810 4590 συνοῖσον
2863 4531 3076 4587 οἴκοθεν
3132 4528 3323 4609 ἔγνως,
3373 4530 3496 4584 επεὶ
3546 4529 3632 4584 καὶ
3693 4528 3795 4595 τὴν

2144 4621 2368 4702 πατρίδα
2439 4628 2613 4679 πᾶσαν
2673 4625 2797 4699 ὁρᾷς
2853 4621 3074 4678 θύουσαν
3139 4621 3221 4676 Διὶ
3251 4626 3330 4694 τῷ
3376 4624 3614 4696 μεγιστῷ
3660 4621 3790 4698 θεῷ,

2143 4716 2298 4769 θῦσον
2339 4713 2424 4769 καὶ
2483 4713 2638 4777 αὐτὸς
2695 4708 3000 4790 προσελθὼν
3058 4711 3144 4766 καὶ
3202 4709 3416 4766 πάντων
3465 4709 3621 4787 ὁμοῦ,
3681 4714 3791 4763 τῶν

2143 4802 2400 4875 ἀπειλῶν,
2461 4807 2552 4858 τοῦ
2609 4799 2866 4874 κινδύνου,
2927 4797 3023 4856 καῖ
3092 4803 3191 4865 τῆς
3253 4803 3442 4876 πικρᾶς
3502 4801 3595 4853 τοῦ
3672 4796 3790 4872 βίου

2143 4892 2514 4970 καταστροφῆς
2573 4889 2936 4968 ἆπαλλάγηθι’
2997 4889 3042 4944 εἰ
3097 4886 3152 4944 δὲ
3199 4888 3303 4963 μὴ,
3335 4886 3532 4964 θηρίων
3591 4885 3787 4966 ὄνυχές

2142 5003 2200 5038 σε
2259 4983 2348 5039 καὶ
2407 4980 2612 5044 ὀδόντες
2660 4977 3118 5058 διασπαραξουσιν,
3153 4975 3236 5057 ἐφ’
3281 4981 3368 5041 οἷς
3425 4973 3588 5040 οὒδεὶς
3647 4973 3789 5040 ὅλως

2141 5073 2169 5128 ὁ
2234 5072 2443 5149 βοηθῶν
2503 5070 2649 5127 ἔσται
2693 5091 2776 5126 σοι
2848 5069 2934 5126 καὶ
2991 5074 3096 5124 τῶν
3156 5065 3339 5125 δεινῶν
3395 5063 3785 5142 ἐξαιρούμενος,

2145 5165 2240 5220 Καὶ
2284 5165 2311 5218 ὁ
2372 5161 2570 5241 μάρτυς
2619 5159 2958 5236 πλασάμενος
3015 5156 3169 5226 δήθέν
3223 5178 3342 5214 τινα
3403 5153 3782 5230 μεταμέλειαν,

2141 5250 2288 5331 Ἐγὼ
2362 5251 2554 5331 πάλαι,
2612 5251 2794 5330 φησὶν,
2855 5251 3050 5310 ἱκανῶς
3107 5246 3322 5324 ἰμαυτῷ
3379 5241 3780 5320 συνεϐούλευσα,

2141 5346 2226 5398 καὶ
2257 5341 2307 5397 ei
2355 5361 2415 5419 γε
2475 5341 2552 5416 μὴ
2603 5343 2630 5396 ὁ
2678 5337 2956 5396 Ἀπόλλων
3000 5341 3092 5395 οἷα
3134 5336 3442 5415 παροραθεὶς
3468 5333 3779 5413 ἠγανάκτει,

2141 5431 2310 5506 μάνου
2371 5429 2672 5504 τιμωμένου
2726 5427 2854 5506 παρ’
2907 5429 3024 5503 ἐμοὶ
3073 5433 3167 5484 τοῦ
3223 5425 3368 5501 Διὸς,
3416 5423 3511 5480 οὒκ
3553 5423 3615 5480 ἂν
3672 5428 3779 5480 τῶν

2142 5521 2348 5577 οἰκείων
2398 5517 2513 5598 ἄρτι
2557 5518 2792 5576 πολιτῶν
2836 5518 3180 5598 ἀπελείφθην,
3211 5513 3332 5570 ἀλλ’
3386 5513 3541 5590 ἔθυσα
3571 5511 3632 5570 ἂν
3685 5513 3778 5571 σὺν

2141 5612 2328 5672 αὐτοῖς
2381 5630 2445 5664 τα
2513 5605 2890 5688 νενομισμένα.
2962 5606 3138 5674 ’Ἦσθη
3194 5603 3394 5662 τούτων
3463 5602 3693 5668 ἀκούσας
3747 5603 3778 5660 ὁ
