4056 6142
277 361 395 430 529

1227 363 1698 428 MARTYRIUM
1742 362 1803 426 S.
1857 362 2145 427 THYRSI
2190 362 2289 427 ET
2332 362 2735 428 SOCIOHUM.

3532 371 3650 438 530

273 496 514 575 ἡγεμὼν,
591 497 685 552 οἷα
730 495 824 552 τὸν
880 507 1127 570 γενναῖον
1174 492 1281 563 ἤδη
1339 494 1537 574 Θύρσον
1610 492 1770 570 ἐλὼν,
1831 499 1909 555 καῖ

1999 513 2157 577 sum,
2190 505 2248 558 et
2272 496 2469 559 statim
2500 515 2638 560 cum
2671 513 2743 559 eo
2773 496 2940 561 laetus
2961 498 3032 562 ad
3068 500 3356 581 templum
3385 503 3642 581 accedit,

271 585 458 642 w’nim
526 585 731 665 χαίρων
790 585 882 643 σὺν
932 586 1075 659 αὖτῷ
1123 586 1253 663 πρὸς
1282 584 1374 641 τὸν
1419 586 1544 641 ναὸν
1575 584 1911 667 ἀφικνεῖται,

273 675 397 753 καὶ,
431 682 621 747 Θῦσον,
676 674 848 753 ἔλεγε,
895 680 1080 749 μόνον,
1142 673 1261 731 ἐπεὶ
1321 672 1428 752 ἐγώ
1470 694 1552 730 σοι
1584 675 1764 732 τούτου
1815 675 1913 755 ἐγ-

269 764 474 842 γυητὴς
507 764 804 844 ἀξιόχρεως
846 765 920 828 ὡς
980 761 1143 829 οὺδείς
1203 785 1283 820 σοι
1341 764 1583 840 μηνίσειε
1613 766 1718 821 τὼν
1751 768 1909 825 θεῶν.

268 853 643 934 Προσσχόντος
701 854 871 911 τοίνυν
930 863 1021 914 τοῦ
1073 852 1384 933 μάρτυρος,
1438 854 1534 910 καὶ
1591 875 1708 911 τινα
1778 857 1910 932 πρὸς

265 944 357 1000 τὸν
398 941 578 1010 ἀληθῆ
642 944 771 1000 Θεὸν
822 944 992 1024 εὕχὴν
1043 943 1381 1019 ὑπειπόντος,
1410 943 1597 1019 ἀθρόον
1627 946 1819 1023 χρῆμά
1859 967 1911 1002 τι

267 1039 489 1107 σεισμοῦ
572 1031 795 1110 φοϐεροῦ
871 1035 1222 1109 κατασκῆψαν
1281 1031 1540 1109 συντρίϐει
1610 1033 1710 1107 μὲν
1783 1036 1910 1090 αὑτὸ

267 1124 330 1179 τὸ
358 1121 453 1178 τοῦ
500 1123 626 1186 Διὸς
681 1120 899 1199 ἄγαλμα
953 1123 1042 1179 καὶ
1089 1124 1164 1186 εἰς
1211 1120 1402 1201 ἔδαφος
1432 1129 1703 1202 κατασπᾷ,
1736 1144 1909 1181 κατα-

270 1213 399 1268 σείει
459 1209 514 1267 δὲ
566 1218 638 1285 τῷ
680 1209 827 1291 φόϐῳ
882 1213 975 1277 τὰς
1022 1218 1127 1269 τῶν
1171 1212 1409 1269 ἀπίστων
1456 1213 1660 1294 ψυχὰς,
1691 1215 1780 1270 καὶ
1808 1214 1909 1280 τὴν

267 1302 449 1360 θυσίαν
492 1300 870 1381 ἀπολιπόντες,
917 1304 964 1360 οἱ
1035 1303 1132 1378 μὲν
1185 1306 1222 1379 ᾗ
1280 1300 1457 1358 ποδῶν
1524 1303 1689 1382 εἶχον
1749 1302 1909 1382 ἔφευ-

268 1412 387 1466 γον,
435 1391 594 1464 μόνος
647 1389 702 1446 δὲ
757 1392 893 1448 κατά
948 1392 1040 1448 τὸν
1096 1393 1222 1448 ναὸν
1277 1390 1516 1459 ἀθλητὴς
1572 1391 1906 1451 ὑπελείπετο.

266 1481 449 1543 Συντὶς
506 1481 597 1535 οὖν
651 1480 749 1546 τὴν
806 1481 1018 1546 ἀπάτην
1059 1483 1088 1537 6
1134 1482 1391 1558 ἡγεμὼν,
1453 1482 1625 1555 ἑαυτῷ
1668 1482 1768 1556 μὲν
1811 1484 1908 1549 τῆς

266 1567 660 1647 φιλανθρωπίας
701 1568 880 1647 ὥσπερ
939 1571 1028 1627 καὶ
1088 1575 1185 1637 τῆς
1226 1571 1604 1650 χρηστότητος
1663 1569 1909 1646 ἐπεμέμο

268 1680 422 1733 φετο,
482 1659 718 1737 ἦγρίαινε
758 1659 814 1716 δὲ
858 1658 1060 1736 μᾶλλον
1120 1660 1257 1717 κατα
1308 1668 1405 1717 τοῦ
1464 1661 1749 1740 μάρτυρος,
1815 1661 1910 1719 όίτε

1998 593 2057 647 et
2086 585 2276 648 solum
2300 585 2447 649 dicit
2480 587 2534 648 ei
2575 604 2589 649 :
2625 587 2929 653 Sacriﬁca.
2963 590 3088 670 Ego
3142 590 3303 655 enim
3359 610 3489 656 sum
3539 593 3647 659 tibi

1997 674 2178 755 hujus
2203 675 2294 736 rei
2326 676 2643 755 ﬁdejussor
2673 675 3119 758 idoneus,quod
3150 679 3258 742 tibi
3284 682 3484 745 nullus
3503 681 3644 746 deo-

1994 783 2128 825 rum
2160 765 2470 827 irascetur.
2508 765 2651 829 Cum
2685 783 2825 845 ergo
2864 775 3133 831 attentus
3183 778 3345 833 esset
3394 779 3638 854 martyr,

1997 861 2057 916 et
2079 854 2152 916 ad
2184 873 2388 917 verum
2421 857 2607 917 Deum
2631 856 2918 936 quasdam
2964 857 3216 921 fudisset
3273 878 3509 941 preces,
3540 880 3642 926 re-

1996 951 2172 1023 pente
2205 943 2382 1005 veluti
2404 943 2645 1020 quidam
2677 944 2961 1007 terribilis
2987 946 3224 1011 irruens
3243 957 3636 1027 terraemotus,

1994 1035 2247 1095 conterit
2276 1032 2520 1110 quidem
2573 1034 2757 1115 ipsam
2810 1033 2976 1097 Jovis
3007 1037 3352 1117 imaginem,
3387 1048 3445 1101 et
3474 1040 3644 1105 humi

1992 1122 2243 1202 dejicit;
2276 1130 2436 1185 metu
2471 1132 2668 1186 autem
2718 1122 2995 1187 labefecit
3021 1126 3254 1189 animos
3284 1128 3639 1208 inﬁdelium,

1993 1214 2093 1293 qui
2124 1212 2331 1275 relicto
2363 1213 2683 1289 sacriticio,
2734 1212 3015 1290 fugerunt
3047 1235 3222 1297 quam
3256 1226 3505 1298 potuere
3531 1237 3639 1283 ce-

1992 1302 2259 1378 lerrime,
2319 1303 2381 1363 in
2437 1302 2658 1381 templo
2710 1319 2849 1364 vero
2881 1305 3172 1368 remansit
3201 1306 3364 1368 solus
3391 1307 3633 1371 athleta.

1993 1392 2139 1455 Cum
2176 1391 2378 1472 itaque
2425 1391 2694 1453 fraudem
2747 1391 3137 1458 intellexisset
3195 1413 3437 1477 praeses,
3468 1415 3649 1460 suam.

1993 1480 2235 1563 quidem
2259 1479 2575 1543 accusabat
2627 1480 3060 1559 benignitatem
3121 1491 3180 1545 et
3209 1484 3633 1551 clementiam:

1994 1570 2363 1633 eﬂ‘erebatur
2428 1580 2625 1634 autem
2683 1570 2968 1633 adversus
3020 1580 3360 1654 martyrem,
3409 1582 3474 1637 ut
3529 1567 3638 1658 qui

1992 1661 2196 1721 fuisset
2247 1662 2557 1740 deceptus,
2598 1667 2657 1722 et
2711 1679 2831 1723 non
2884 1662 3076 1725 solum
3126 1682 3247 1727 non
3304 1672 3636 1745 persuasis-
3701 1683 3717 1696 λ

264 1749 642 1823 ἡπατημένος,
702 1751 789 1807 καὶ
844 1752 904 1807 οὔ
962 1750 1123 1825 μόνον
1197 1753 1258 1807 οὗ
1334 1751 1544 1819 πείσας,
1616 1750 1755 1808 ἀλλὰ
1823 1753 1909 1808 καὶ

1995 1758 2105 1825 set,
2133 1750 2236 1812 sed
2272 1750 2446 1813 etiam
2509 1759 2623 1814 tam
2686 1750 2906 1830 insigni
2962 1752 3212 1815 atl'ectus
3261 1764 3421 1817 esset
3468 1755 3635 1835 igno-

266 1839 533 1918 αἱσχύνην
581 1839 747 1904 οὕτως
809 1838 1047 1919 ὀφλήσεις
1106 1845 1368 1919 περιφαδῆ
1394 1889 1410 1914 ,
1469 1842 1556 1898 καὶ
1613 1839 1698 1897 διὰ
1756 1850 1909 1900 τοῦτο

1995 1840 2180 1901 minia
2211 1860 2225 1899 :
2262 1848 2321 1900 et
2371 1840 2507 1902 ideo
2537 1839 2754 1902 acerba
2817 1847 3009 1903 morte
3067 1860 3203 1905 eum
3235 1842 3476 1907 afﬁcere
3503 1851 3634 1907 stu-

264 1936 441 2005 πικρῷ
490 1929 699 1986 θανὰτω
744 1929 1019 2004 μετελθεῖν
1064 1929 1277 1987 ἔσπευδε
1337 1932 1430 1987 τὸν
1486 1933 1575 1987 καὶ
1632 1931 1749 1988 κατ’
1810 1934 1909 1988 αὖ·

1996 1927 2195 2009 debat,
2228 1929 2329 2009 qui
2359 1936 2417 1990 et
2447 1929 2644 2009 ipsum
2677 1937 2735 1992 et
2758 1928 2921 1992 illius
2950 1929 3097 1993 deos
3152 1940 3267 1994 tam
3297 1930 3457 2012 gravi
3486 1933 3633 1995 afl'e-

261 2025 356 2075 τοῦ
413 2017 511 2074 καὶ
567 2021 704 2075 κατὰ
760 2025 869 2077 τῶν
942 2020 1142 2078 ἐκείνου
1206 2023 1339 2077 θεῶν
1422 2019 1636 2100 χαλεπὰ
1692 2028 1909 2078 τοιαῦτα

1995 2017 2176 2079 cisset
2200 2017 2444 2098 injuria.

263 2106 574 2186 ἒξυϐρικότα
586 2157 600 2171 .

349 2196 457 2260 ΙΘ’,
508 2197 670 2263 Εἰδὼς
715 2199 885 2256 τοίνυν
917 2202 991 2265 ὡς
1032 2198 1184 2277 ἔργον
1216 2201 1360 2273 αὖτῷ
1388 2199 1593 2276 γένοιτο
1621 2201 1682 2256 τὸ
1714 2200 1906 2257 ἐπιτα-

2072 2195 2202 2260 ΧΧ.
2236 2197 2382 2260 Cum
2410 2215 2549 2277 ergo
2570 2198 2774 2272 sciret,
2802 2198 2956 2279 quod
2979 2200 3244 2278 jusserat
3269 2198 3462 2261 statim
3489 2201 3637 2263 effe-

260 2309 397 2363 γμα,
432 2289 525 2344 καὶ
554 2288 634 2344 ὅτι
677 2290 874 2366 πύργος
905 2287 1249 2369 ᾠκοδομήθη,
1284 2289 1351 2346 τά
1377 2311 1436 2347 τε
1466 2290 1618 2359 θηρία
1647 2294 1725 2361 τῷ
1767 2289 1909 2364 λιμῷ

1995 2297 2149 2347 ctum
2180 2286 2384 2364 fuisse,
2421 2296 2477 2349 et
2505 2295 2726 2349 turrem
2778 2286 2964 2350 fuisse
2989 2287 3364 2365 aediﬁcatam,
3398 2298 3457 2352 et
3481 2290 3638 2353 fame

267 2376 578 2455 παρωξύνθη
619 2379 721 2445 την
764 2379 1081 2458 ἀγριότητα,
1126 2381 1213 2436 καὶ
1268 2377 1384 2437 οὐδὲ
1442 2379 1644 2447 Λιθίνης
1674 2378 1736 2434 ἂν
1766 2376 1909 2435 ἀπό-

1995 2392 2125 2437 esse
2154 2375 2386 2439 irritam
2419 2376 2746 2439 bestiarum
2795 2375 3117 2453 feritatem,
3153 2385 3218 2439 ut
3263 2396 3376 2441 nec
3416 2398 3452 2441 a
3482 2380 3636 2461 lapi-

264 2486 500 2543 σχοιντο
539 2468 770 2546 φύσεως,
817 2467 1076 2545 βληθῆναι
1110 2470 1246 2525 κατᾶ
1278 2468 1442 2531 μέσον
1497 2468 1667 2525 αὐτῶν
1711 2467 1909 2525 κελεύει

1995 2466 2104 2526 dea
2134 2465 2372 2545 quidem
2425 2464 2851 2528 abstinuissent
2895 2473 3127 2541 natura,
3155 2465 3329 2547 jubet
3357 2467 3642 2530 athletam

270 2556 367 2609 τὸν
394 2553 644 2627 ἀθλητήν.
682 2556 895 2637 Ἠσρίετο
939 2562 1027 2614 οὖν
1082 2560 1244 2632 μόνος
1276 2558 1458 2623 αὐτοῖς
1490 2561 1517 2614 ὁ
1549 2558 1769 2636 μάρτυς,
1804 2580 1909 2633 μυ-

2000 2555 2208 2634 projici
2238 2556 2296 2615 in
2330 2555 2591 2617 medium
2623 2572 2857 2618 earum.
2899 2554 3075 2618 Solus
3107 2573 3250 2633 ergo
3280 2555 3392 2618 fuit
3423 2564 3644 2637 martyr

270 2644 404 2721 ρίων
443 2642 625 2708 ἔξωθεν
666 2645 954 2722 ὀφθαλμῶν
997 2648 1168 2704 πάντα
1232 2648 1560 2724 βλεπόντων,
1625 2646 1777 2705 Ἀλλ’
1820 2652 1909 2706 οὒκ

1998 2643 2301 2717 dimissus,
2336 2644 2479 2706 foris
2509 2644 2698 2706 oculis
2750 2642 3295 2708 innumerabilibus
3323 2645 3526 2708 omnia
3550 2646 3644 2709 vi-

267 2735 341 2799 ἧν
398 2735 597 2807 μόνος,
659 2734 796 2791 ἀλλά
856 2758 934 2800 τις
991 2735 1188 2793 ἄνωθεν
1253 2741 1395 2810 αὐτῷ
1454 2738 1541 2793 καὶ
1597 2738 1710 2793 θεία
1753 2738 1914 2817 χάρις

270 2828 470 2902 παρῆν,
535 2822 655 2890 ἥτις
709 2828 794 2882 καὶ
842 2824 958 2901 μεθ’
1018 2825 1209 2905 ἑτέρων
1251 2833 1410 2903 τριῶν
1471 2827 1686 2905 ὁρᾶσθαι
1731 2834 1911 2883 τοῦτον

273 2911 462 2970 ἐποίει.
526 2911 844 2991 Περιστάντσ
905 2915 1075 2972 τοίνυν
1138 2918 1293 2975 αὐτὸν
1365 2913 1545 2988 κύκλῳ
1601 2916 1664 2971 τὰ
1734 2915 1913 2993 θηρία,

274 3002 443 3077 πρᾶόν
486 3025 533 3059 τι
592 3005 678 3059 καὶ
734 3002 933 3082 ἥμερον
988 3004 1288 3077 ἐνητένιζον
1324 3024 1335 3037 °
1374 3004 1471 3061 καὶ
1500 3005 1792 3085 προσφιλὲς
1823 3006 1914 3060 τὸν

273 3093 508 3170 μάρτυρα
579 3094 909 3169 περιέσαινον
937 3140 952 3165 ,
1006 3095 1187 3169 ὥσπερ
1257 3095 1318 3152 ἐκ
1390 3093 1592 3151 πολ).οὖ
1649 3096 1912 3174 χειροήθη

1997 2733 2599 2797 deniibusCaaterum
2634 2752 2751 2795 non
2784 2741 2912 2795 erat
2939 2733 3125 2813 solus,
3160 2733 3268 2796 sed
3299 2734 3567 2816 quaedam
3586 2735 3645 2797 ei

2000 2822 2197 2884 divina
2224 2840 2258 2883 a
2286 2825 2520 2903 superis
2548 2822 2752 2884 aderat
2787 2822 2994 2903 gratia,
3018 2841 3156 2901 quae
3185 2822 3425 2903 quidem
3456 2824 3645 2888 facie-

2003 2910 2126 2985 bat,
2160 2922 2223 2974 ut
2255 2911 2554 2974 videretur
2581 2912 2631 2972 is
2657 2929 2790 2974 cum
2823 2911 3012 2974 tribus
3038 2912 3349 2975 aliis.Cum
3379 2932 3515 2975 eum
3545 2930 3645 2976 er-

2000 3020 2072 3080 go
2105 3000 2164 3061 in
2204 3000 2411 3062 orbem
2463 3000 3001 3065 circumdedissent
3062 3000 3284 3074 bestias,
3323 3002 3556 3081 placide
3586 3009 3648 3065 et

2000 3099 2314 3152 mansuete
2344 3108 2480 3153 eum
2514 3089 2970 3170 aspiciebaut,et
3000 3090 3245 3171 martyri
3268 3091 3461 3155 amice
3482 3091 3653 3154 blan-

267 3180 368 3236 καί
420 3182 641 3241 τιθασσά
697 3186 783 3240 καὶ
846 3186 1045 3255 συνήθη
1104 3186 1275 3258 τούτῳ
1328 3183 1683 3263 γεγενημένα,
1746 3184 1909 3248 Αὐτὸς

1999 3179 2341 3252 diebantur,
2375 3179 2622 3283 perinde
2653 3180 2792 3283 acsi
2827 3180 2955 3283 jam
2986 3179 3088 3242 diu
3114 3180 3367 3243 fuissent
3408 3181 3646 3283 cicures

262 3267 319 3326 δὲ
376 3285 566 3351 χεῖρας
636 3275 706 3334 εἰς
786 3277 1004 3350 οὐρανὸν
1060 3275 1313 3355 ἀνασχὼν
1347 3321 1362 3348 ,
1427 3278 1742 3352 Εὖχαριστῶ
1801 3295 1907 3348 σοι,

267 3362 421 3437 Κύριε
467 3362 646 3427 Ἰησοῦ
706 3365 927 3438 Χριστὲ,
1004 3369 1180 3438 εἶπεν,
1227 3365 1308 3420 ὅτι
1381 3362 1625 3429 ἐδόξασας
1670 3363 1725 3419 ὲν
1785 3363 1914 3437 ἔμοῖ

262 3453 325 3506 τὸ
367 3451 522 3529 ἅγιον
564 3450 733 3528 ὄνομα
789 3475 906 3525 σου,
939 3454 1026 3510 καὶ
1068 3454 1481 3530 ὲθαυμάστωσας
1512 3453 1578 3509 τὰ
1608 3451 1733 3518 ὲλέη
1789 3474 1907 3533 σου,

265 3541 510 3614 στόματᾶ
570 3564 661 3616 μοι
721 3544 963 3621 φιμώσας
1019 3546 1216 3622 θηρῶν,
1277 3543 1514 3619 καθάπερ
1561 3540 1786 3613 Δανιὴλ,
1832 3548 1909 3616 τῷ

265 3637 343 3703 σῷ
373 3631 672 3694 θεράποντι.
722 3632 886 3693 Aine:
929 3633 1016 3689 οὖν
1076 3636 1103 3689 6
1157 3635 1242 3690 καὶ
1291 3633 1413 3688 τότε
1477 3635 1565 3688 καὶ
1605 3641 1690 3690 νῦν
1736 3653 1914 3702 παρα-

265 3719 427 3786 δόξως
474 3721 616 3777 οὕτω
660 3719 945 3800 διενεργῶν
990 3723 1057 3779 τά
1113 3720 1379 3801 παράδοξα
1411 3719 1720 3794 εὖδόκησον,
1754 3722 1914 3795 βασι-

265 3809 381 3889 λεῦ,
440 3810 536 3866 καί
592 3812 847 3868 ταυτὶτά
890 3810 1045 3891 ἄγρια
1106 3818 1217 3883 ζῶα
1280 3811 1489 3889 ἀοράτῳ
1542 3831 1635 3867 σου
1676 3810 1763 3866 καὶ
1818 3831 1913 3866 τε-

265 3899 562 3978 λεσιουργῴ
610 3901 826 3975 νεύματι
870 3904 941 3966 εἷς
984 3903 1080 3966 τὰς
1133 3902 1375 3972 συνήθεις
1432 3900 1656 3957 ἕκαστον
1716 3899 1911 3980 χωρῆο

264 4012 351 4046 σαι
396 3987 673 4067 διατριϐὰς
709 4038 725 4063 ,
784 3998 892 4047 τῶν
947 3990 1224 4067 παρόντων
1282 3989 1477 4065 μηδενί
1535 3989 1907 4065 λυμηνάμενα,

263 4087 438 4137 Ταῦτα
509 4078 933 4157 προσευξάμενος
1013 4086 1090 4154 τῷ
1150 4084 1315 4160 Θεῷ,
1374 4081 1506 4157 πρὸς
1565 4080 1686 4142 τοὺς
1745 4082 1912 4152 θῆρας

261 4168 628 4248 ἔπιστραιρεὶς,
676 4168 765 4226 Ἐν
802 4170 1048 4245 ὀνόματι,
1096 4172 1248 4250 φησὶ,
1295 4176 1389 4227 τοῦ
1443 4168 1695 4236 ἀληθινοῦ
1752 4175 1907 4241 Θεοῦ,

262 4258 479 4314 ἐπάνιτε
539 4257 701 4315 πάλιν
773 4257 891 4315 ὅθεν
949 4259 1172 4316 ἕκαστον
1231 4258 1542 4338 ἐληλύθατε,
1589 4257 1725 4333 μηδὲ
1783 4259 1911 4332 μίαν

261 4344 451 4419 μηδενὶ
520 4344 725 4423 βλάϐην
782 4347 1144 4427 ἐπαγαγόντα.
1228 4350 1421 4408 Αὐτίκα
1493 4356 1618 4427 γοῦν
1692 4351 1740 4404 οἱ
1813 4347 1911 4422 μὲν

259 4440 421 4514 θῆρες
475 4435 669 4513 ὥρμων
703 4456 717 4469 ·
778 4443 884 4493 τῶν
928 4437 985 4494 δὲ
1038 4439 1466 4516 περιεστηκότων
1517 4436 1621 4494 δέει
1676 4435 1911 4516 ληφθέν-

1998 3281 2054 3330 et
2070 3276 2482 3344 mansuetae,et
2501 3269 2557 3331 ei
2579 3267 3065 3350 familiareslpse
3076 3278 3273 3332 autem
3289 3269 3563 3333 manibus
3583 3270 3647 3332 in

1994 3356 2174 3419 altum
2199 3358 2445 3420 sublatis
2482 3378 2495 3418 :
2527 3359 2657 3438 Ago
2688 3357 2818 3434 tibi,
2870 3358 3087 3439 inquit,
3118 3358 3363 3440 gratias,
3394 3358 3647 3422 Domine

1991 3453 2126 3510 Jesu
2161 3453 2406 3516 Christe,
2433 3454 2588 3524 quod
2610 3454 2670 3509 in
2688 3467 2777 3510 me
2798 3460 2960 3511 tuum
2985 3466 3200 3511 nomen
3222 3464 3488 3512 sanctum
3512 3453 3638 3512 clie-

1990 3537 2123 3599 cisti
2144 3538 2469 3613 gloriosum
2501 3546 2559 3599 et
2580 3538 2829 3598 effecisti
2856 3537 3244 3600 admirabiles
3265 3543 3396 3601 tuas
3415 3538 3649 3601 miseri-

2001 3625 2593 3700 cordias,bestiarum
2615 3644 2718 3687 ora
2733 3625 3234 3700 obstruens,sicut
3252 3626 3392 3687 olim
3418 3628 3646 3688 Danielt

1999 3722 2097 3777 tuo
2121 3715 2368 3777 famulo.
2393 3714 2480 3776 Tu
2511 3732 2674 3793 ergo,
2702 3714 2804 3795 qui
2835 3723 2894 3777 et
2923 3723 3061 3777 tunc
3093 3724 3152 3775 et
3184 3732 3343 3776 nunc
3374 3715 3520 3778 facis
3547 3734 3646 3779 res

1997 3811 2113 3865 tam
2148 3802 2628 3885 admirabiles,et
2656 3812 2772 3864 tam
2799 3811 3013 3883 praeter
3029 3803 3646 3887 opinionem,et‘ﬁce,o

1997 3909 2124 3967 rex,
2159 3894 2387 3956 efficaci
2420 3902 2518 3955 tuo
2551 3901 2718 3975 nutu,
2752 3895 2853 3975 qui
2910 3891 3022 3955 sub
3051 3901 3357 3974 aspectum
3394 3912 3511 3956 non
3539 3913 3640 3958 ca-

1993 3982 2101 4057 dit,
2139 3985 2323 4045 ntbaa
2375 3982 2517 4046 fera}
2575 3992 2844 4062 agrestes
2894 3983 3149 4045 redeant
3179 4001 3554 4065 unaquaeque
3582 3984 3645 4047 in

1992 4089 2093 4130 sua
2129 4075 2553 4137 habitaculaex
2587 4078 2658 4134 iis
2677 4075 2775 4147 qui
2795 4074 3323 4139 adsunt,nemiuem
3350 4075 3642 4134 laedentes.

1993 4160 2118 4217 Hzec
2140 4175 2268 4217 cum
2293 4160 2472 4218 Deum
2498 4169 2647 4217 esset
2670 4160 3036 4231 precatus.ad
3057 4159 3268 4218 besdas
3291 4173 3640 4220 conversus:

1994 4244 2060 4308 In
2080 4245 2697 4326 nomine,inquit,veri
2719 4244 3225 4319 Dei,revertimini
3245 4247 3642 4327 rursus,unde

1996 4360 2365 4424 unaquaeque
2395 4350 2661 4419 venerat,
2696 4340 2922 4404 nemini
2980 4340 3265 4403 damnum
3296 4342 3638 4405 atl‘erentes.

1995 4432 2277 4495 Protinus
2334 4450 2472 4511 ergo
2531 4431 2739 4495 bestiae
2771 4431 3013 4512 quidem
3047 4430 3464 4513 erumpebant.
3497 4433 3643 4494 Cum

263 4546 376 4582 των
411 4571 427 4603 ,
484 4525 568 4580 καὶ
614 4523 776 4582 ἄλλο)
834 4525 1108 4607 ἀλλαχόσε
1166 4526 1441 4605 διαφυγεῖν
1526 4526 1862 4604 ὡρμημένων
1892 4564 1908 4591 ,

1997 4541 2134 4583 vero
2168 4522 2346 4582 timor
2389 4521 2707 4584 invasisset
2738 4539 2841 4583 eos
2898 4520 3000 4601 qui
3056 4519 3542 4598 circumstabant,
3577 4529 3641 4585 et

269 4589 459 4669 ἱκετεία
498 4611 665 4689 δρόμοι)
708 4614 893 4689 πολλῴ
947 4589 1077 4693 πρὸς
1136 4617 1238 4682 τὴν
1267 4589 1421 4682 ,ὕλην
1472 4589 1698 4695 ὶχιςύρει,
1729 4615 1818 4670 καὶ
1849 4589 1909 4669 τδ

1995 4610 2091 4673 alii
2122 4611 2238 4672 alio
2268 4609 2472 4690 fugere
2525 4589 2981 4690 contenderent,
3040 4609 3159 4673 illm
3219 4628 3427 4689 magno
3458 4627 3638 4672 cursu

267 4705 445 4775 θαῦμα
505 4701 727 4769 πολλοὺς
785 4705 1091 4783 ἐπηγάγετο
1173 4710 1279 4762 τῶν
1362 4704 1624 4779 ἀπίστων,
1686 4707 1772 4760 καὶ
1832 4703 1910 4777 τῷ

264 4796 479 4868 Χριστῷ
501 4795 650 4869 μερὶς
677 4796 1035 4868 προσετίθετο.

350 4880 439 4939 κ’.
478 4884 635 4942 Γνοὺς
681 4883 736 4939 δὲ
765 4891 928 4940 ταῦτα
958 4887 985 4941 6
1034 4886 1277 4964 ἡγεμὼν,
1328 4886 1380 4941 ἐν
1411 4883 1595 4962 ἀπόρῳ
1623 4882 1689 4951 ἦν
1722 4891 1813 4940 τοῦ
1860 4886 1911 4940 τί

261 4970 380 5051 χρὴ
438 4984 614 5028 ποιεῖν
643 5020 660 5051 ,
718 4972 812 5030 καί
892 4974 1005 5039 πῶς
1077 4973 1140 5028 ἂν
1197 4973 1353 5039 ἀξίως
1419 4976 1575 5031 αὒτὸν
1624 4973 1904 5049 ἀμύναιτο.

263 5061 367 5119 Διά
423 5081 504 5117 τοι
561 5069 716 5118 τοῦτο
770 5061 865 5118 καί
920 5061 1088 5138 δεσμὰ
1147 5066 1366 5135 περιθεὶς
1427 5065 1570 5137 αὖτῷ
1613 5064 1748 5119 κατὰ
1802 5070 1907 5119 πᾶν

257 5148 421 5227 μέρος
465 5156 561 5206 τού
599 5149 871 5230 σώματος,
906 5154 968 5208 τὸ
999 5152 1095 5228 μὲν
1127 5159 1215 5208 νῦν
1258 5152 1388 5232 ἔχον
1438 5154 1513 5215 είς
1543 5151 1905 5230 δεσμωτήριον

255 5236 540 5314 ὶμϐάλλει,
601 5238 749 5304 ἐντὸς
793 5239 846 5296 δὲ
890 5243 1097 5320 ἡμερῶν
1153 5242 1346 5319 ὀλίγων
1407 5244 1478 5302 εἷς
1536 5240 1904 5298 Ἀπολλωνίαν

256 5326 472 5384 ἀπιέναι
531 5327 766 5403 μέλλων,
801 5329 957 5396 πόλις
1016 5330 1070 5387 δὲ
1126 5333 1259 5398 αὕτη
1317 5335 1378 5390 οὗ
1419 5330 1554 5388 πολὺ
1590 5331 1903 5408 Καισαρείας

256 5417 564 5497 ἀπέχουσα,
619 5417 821 5474 κελεύει
879 5420 965 5476 καὶ
1015 5421 1106 5476 τὸν
1164 5421 1361 5496 Θύρσον
1407 5421 1510 5476 ὑπὸ
1553 5420 1902 5497 στρατιώταις

258 5508 550 5585 συρόμενον
621 5506 861 5569 ἔπεσθαι.
916 5508 1168 5572 Ἐπιστὰς
1224 5510 1398 5566 τοίνυν
1469 5515 1535 5584 τῇ
1592 5510 1768 5583 πόλει,
1814 5511 1903 5565 καὶ

261 5597 398 5653 κατά
443 5595 667 5674 γνώμην
710 5597 777 5652 ταὶ
813 5598 929 5654 ἐκεῖ
975 5597 1302 5673 διαθέμενος,
1351 5597 1534 5667 ἑπειδθ⁸
1564 5601 1651 5654 καὶ
1682 5598 1802 5663 τοὺς
1849 5597 1901 5656 ἐν

266 5687 400 5763 αὐτῇ
468 5686 668 5751 πάντας
728 5695 978 5765 τρόπαιον
1034 5688 1209 5746 θέσθαι
1279 5691 1377 5759 τῆς
1432 5686 1671 5750 ἀσεϐείας
1735 5688 1902 5763 ἠϐού-

1993 4699 2317 4762 tendebant
2342 4699 2416 4761 ad
2440 4698 2682 4780 sylvam.
2716 4698 3069 4760 Miraculum
3090 4704 3289 4760 autem
3314 4698 3532 4760 multos
3551 4699 3641 4760 in-

1994 4789 2158 4851 duxit
2180 4786 2537 4859 infidelium,
2572 4787 2673 4868 qui
2702 4784 2921 4849 Christi
2945 4787 3099 4866 parti
3123 4805 3186 4849 se
3205 4786 3632 4866 adjunxerunt.

2073 4878 2354 4941 XX.Cum
2388 4885 2586 4939 autem
2614 4877 2737 4938 haec
2767 4876 3136 4954 cognovisset
3167 4894 3409 4955 praeses,
3438 4878 3497 4936 in
3526 4876 3634 4937 du-

1991 4966 2091 5029 bio
2124 4976 2270 5047 erat,
2307 4966 2591 5047 quidnam
2627 4974 2784 5025 esset
2813 4963 2928 5025 sibi
2954 4962 3391 5038 faciendum,et
3418 4981 3630 5043 quem-

1992 5056 2313 5117 admodum
2345 5074 2483 5116 eum
2517 5053 2909 5116 ulcisceretur
2941 5070 3044 5129 pro
3077 5053 3326 5113 meritis.
3357 5051 3629 5131 Propter-

1988 5164 2059 5208 ea
2089 5146 2368 5206 omnibus
2399 5142 2665 5223 corporis
2698 5140 2962 5223 partibus
2993 5141 3044 5202 ei
3085 5140 3323 5218 injectis
3353 5139 3626 5217 vinculis,

1984 5235 2045 5296 in
2077 5233 2389 5317 praesentia
2446 5232 2689 5308 quidem
2749 5248 2883 5293 eum
2920 5229 3167 5308 conjicit
3195 5229 3255 5289 in
3295 5246 3622 5291 carcerem.

1989 5324 2134 5388 Cum
2167 5342 2306 5385 vero
2328 5322 2483 5384 intra
2507 5339 2725 5401 paucos
2745 5320 2874 5381 dies
2896 5317 3195 5380 arbiturus
3216 5325 3371 5380 esset
3388 5317 3626 5398 Apollo-

1988 5420 2137 5475 nium
2162 5420 2249 5488 (ea
2270 5424 2459 5474 autem
2483 5415 2684 5471 civitas
2704 5429 2819 5471 non
2843 5412 3040 5484 procul
3067 5412 3227 5470 abest
3261 5427 3290 5469 a
3327 5411 3618 5480 Caesarea),

1980 5505 2154 5586 jubet
2181 5505 2467 5583 Thyrsum
2523 5502 2692 5577 sequi
2744 5506 2996 5561 tractum
3047 5516 3080 5557 a
3130 5496 3436 5559 militibus.
3473 5495 3619 5559 Cum

1986 5594 2245 5659 venisset
2276 5611 2417 5671 ergo
2446 5591 2507 5653 in
2529 5590 2914 5664 civitatem,et
2934 5605 3030 5649 res
3052 5586 3171 5648 illic
3195 5586 3527 5648 ordinasset
3549 5604 3619 5647 ex

1985 5682 2302 5760 sententia,
2336 5681 2615 5762 quoniam
2647 5677 2722 5741 de
2752 5674 3031 5739 omnibus
3073 5693 3203 5758 quae
3231 5676 3292 5739 in
3323 5694 3394 5738 ea
3421 5682 3611 5748 erant,
