4028 6138
437 330 546 398 531

1742 331 2024 396 MENSIS
2070 330 2498 396 DEGEMBER.

3689 331 3801 398 532

432 464 669 530 volebat
701 464 933 546 erigere
962 473 1249 547 trepasum
1303 464 1653 546 impietatis,
1691 474 1756 528 ut
1806 473 1866 526 et
1896 466 2068 529 sacri-

2171 466 2319 544 λετο,
2377 469 2515 527 ὥστε
2573 471 2662 527 καὶ
2716 484 2996 528 κοινωνεῖν
3071 472 3214 547 αὐτῷ
3283 476 3381 541 τῆς
3453 474 3658 553 θυσίας,
3714 457 3800 530 καὶ

435 555 555 621 ﬁcii
585 564 783 618 essent
807 573 938 617 cum
966 573 1037 617 eo
1060 554 1468 636 participes,et
1495 554 1567 616 ad
1601 553 1761 616 illius
1791 554 1936 618 deos
1964 557 2087 618 ani-

435 665 597 709 mum
631 644 1556 726 adjungerent,statuitoportere
1588 662 1690 705 eos
1723 644 2083 708 terrefacere

434 755 545 820 per
574 754 738 800 suam
773 735 837 797 in
865 733 1156 815 Thyrsum
1192 733 1608 796 crudelitatem
1646 755 1659 793 :
1698 741 1762 795 ut
1792 743 1977 815 metu,
2008 753 2083 797 ne

435 826 643 890 eadem
663 824 750 887 eis
771 824 1348 899 inferrentur,nemo
1372 830 1530 887 esset
1556 824 1658 903 qui
1676 842 1791 885 non
1817 833 2075 903 pareret.

433 915 753 981 Nesciebat
785 931 921 975 vero
944 931 1029 989 se,
1066 922 1130 974 ut
1153 912 1392 987 dicitur,
1426 912 1687 992 gladium
1720 913 1782 974 in
1812 916 2077 992 seipsum

431 1022 668 1069 acuere.
719 1003 1027 1066 Publicam
1075 1002 1317 1083 quidem
1373 1002 1434 1063 in
1486 1001 1704 1080 templo
1757 1001 2076 1082 Apollinis,

432 1095 592 1178 quod
609 1092 1052 1174 omnibus,quaa
1074 1092 1197 1154 illic
1227 1100 1419 1167 erant,
1445 1099 1504 1152 et
1533 1091 1651 1153 alla
1681 1092 2077 1171 magnificen-

434 1187 606 1268 tia,et
631 1183 956 1263 imaginum
982 1180 1361 1244 multitudine
1378 1188 1503 1243 erat
1528 1180 1783 1243 maxime
1813 1180 2073 1262 insigne,

432 1282 752 1355 congregat
781 1272 1158 1336 concionem.
1205 1268 1381 1332 Jubet
1432 1278 1627 1332 autem
1659 1270 1945 1351 quosdam
1972 1270 2075 1350 ju-

429 1384 635 1439 venes,
671 1369 869 1426 mente
900 1360 1197 1440 crudeles,
1237 1377 1411 1420 manu
1457 1359 1742 1440 valentes,
1779 1367 1913 1421 ante
1946 1358 2076 1420 illas

432 1456 732 1531 idolorum
754 1450 1043 1530 imagines
1066 1458 1381 1529 martyrem
1404 1448 2077 1528 adducentes,gravibus

434 1542 572 1610 dum
629 1543 812 1624 virgis
868 1538 1287 1602 conscindere.
1347 1538 1456 1601 ille
1504 1556 1641 1600 vero
1688 1549 1968 1619 tanquam
2018 1537 2080 1599 in

431 1632 660 1699 somnis
688 1650 761 1694 ea
785 1630 1116 1711 patiens,ad
1153 1646 1224 1690 ea
1254 1645 1387 1704 quae
1417 1637 1588 1691 erant
1620 1628 1867 1689 molesta
1892 1637 1951 1689 et
1978 1645 2077 1690 as-

433 1742 598 1808 pera,
634 1721 783 1785 nihil
843 1739 907 1783 se
965 1716 1375 1808 convertebat,
1409 1716 1514 1780 sed
1548 1717 1619 1808 ad
1651 1734 1853 1808 verum
1890 1720 2077 1780 Deum

2166 573 2285 623 τοῖς
2345 559 2544 617 ἐκείνου
2596 559 2948 640 προσανέχειν
2989 564 3135 625 θεοῖς
3171 578 3187 595 ⁸
3233 560 3346 618 δεῖν
3403 561 3541 641 ἔγνω
3587 561 3672 619 διὰ
3701 564 3798 627 τῆς

2165 650 2237 714 είς
2294 650 2383 706 τὸν
2443 650 2638 727 Θύρσον
2693 649 2978 724 ὠμότητος
3049 651 3236 716 αὐτοὺς
3306 650 3663 731 καταπλῆξαι,
3727 654 3801 716 ὡς

2163 735 2225 793 ἂν
2280 743 2356 811 τῷ
2416 736 2565 817 φόϐῳ
2606 743 2707 805 τῆς
2750 739 2857 795 τῶν
2924 740 3119 810 ὁμοίων
3190 739 3475 819 ἐπαγωγῆς
3535 741 3800 814 ἀπειθήσῃ

2162 823 2371 902 μηδείς.
2423 825 2708 885 Ἐλάνθανε
2764 825 2860 903 δὲ,
2907 829 2965 884 τὸ
3021 837 3113 888 τοῦ
3179 829 3340 907 λόγου
3370 875 3386 900 ,
3445 829 3560 887 καθ’
3614 830 3803 885 ἐπωτοῦ

2163 916 2261 983 τὴν
2315 916 2591 996 μάχαιραν
2640 916 2870 979 ἀκονῶν,
2930 916 3215 991 Πάνδημον
3283 918 3379 994 μὲν
3451 919 3550 996 γὰρ
3595 921 3666 982 εἰς
3712 919 3805 974 τὸν

2161 1006 2287 1062 ναὸν
2334 1012 2425 1062 τοῦ
2455 1003 2823 1082 Ἀπόλλωνος,
2864 1006 2920 1070 ὃς
2950 1012 3055 1063 τῶν
3090 1006 3207 1064 ἐκεῖ
3234 1006 3446 1065 πάντων
3475 1014 3544 1085 τῇ
3573 1028 3631 1065 τε
3660 1006 3802 1083 ἄλλῃ

2161 1092 2475 1167 πολυτελείᾳ
2502 1096 2600 1151 καῖ’
2639 1101 2715 1169 τῷ
2758 1094 2949 1166 πλήθει
2991 1100 3098 1152 τῶν
3145 1095 3468 1174 ἀγαλμάτων
3524 1097 3800 1172 ἐπισημόο

2158 1208 2314 1252 τατος
2363 1187 2453 1256 ἦν,
2545 1186 2766 1266 ἀθροίζει
2850 1189 3143 1266 πανήγυριν
3178 1205 3191 1219 ⁸
3283 1187 3486 1246 κελεύει
3541 1188 3597 1245 δέ
3652 1208 3804 1253 τινας

2159 1273 2329 1349 νέους,
2389 1277 2488 1344 τὴν
2545 1277 2768 1355 γνώμην
2825 1278 3029 1359 ὠμοὺς,
3107 1279 3205 1346 τὴν
3272 1291 3438 1359 χεῖρα
3509 1279 3803 1358 γενναίους,

2159 1366 2262 1444 πρὸ
2359 1370 2463 1421 τῶν
2551 1365 2625 1423 εἰδ
2644 1365 2838 1422 ολικῶν
2930 1367 3142 1424 ἐκείνων
3241 1367 3563 1447 ἀγαλμάτων
3642 1390 3811 1447 περι-ο

2160 1454 2386 1517 στάντας
2437 1456 2526 1535 τὸν
2571 1455 2826 1533 μάρτδρα,
2879 1454 3089 1533 ῥάϐδοις
3144 1457 3379 1535 βαρείαις
3425 1459 3583 1516 ai)sz
3624 1478 3805 1514 κατι-

2160 1540 2400 1605 κόπτειν.
2466 1533 2523 1601 Ὀ
2582 1541 2660 1617 δὲ,
2706 1543 2941 1617 καθάπερ
2975 1544 3097 1623 ὄναρ
3136 1533 3226 1603 τὰή
3254 1546 3490 1624 παρόντα
3548 1547 3809 1626 πάσχων,

2160 1629 2296 1688 οὕτω
2353 1633 2484 1708 πρὸς
2542 1629 2688 1689 οὖδὲν
2746 1632 2852 1690 τῶν
2908 1631 3165 1712 ἀλγεινῶν
3226 1633 3602 1714 ἐπεστρέφετο,
3657 1635 3804 1692 ἀλλὰ

2159 1719 2257 1785 τὴν
2315 1717 2548 1781 διάνοιαν
2592 1720 2648 1776 εὖ
2703 1721 3065 1800 παραπέμψας
3123 1724 3209 1779 επὶ
3266 1725 3357 1780 τὸν
3400 1723 3573 1791 ἁληθῆ
3644 1721 3805 1780 δικαι

432 1806 600 1878 suam
623 1811 1026 1875 transmittens
1050 1807 1600 1887 cogitationem,qui
1626 1820 1685 1867 et
1708 1806 1950 1887 abyssos
1972 1825 2068 1869 ex-

2162 1808 2318 1882 στήν,
2371 1810 2462 1866 τὸν
2505 1812 2591 1867 καὶ
2637 1808 2894 1874 ἀϐύσσους
2970 1811 3302 1888 ξηραίνοντα,
3361 1815 3452 1869 καί
3498 1813 3596 1889 ὅρη
3650 1814 3809 1888 μόνῳ

431 1904 638 1981 siccat,
676 1910 733 1965 et
756 1907 986 1963 montes
1039 1897 1167 1959 solo
1189 1904 1433 1974 aspectu
1465 1895 1769 1977 liquefacit
1812 1916 1826 1955 :
1863 1895 2068 1958 Veniat

2159 1898 2237 1972 τῷ
2278 1897 2545 1974 βλέμματι
2600 1901 2859 1972 τήγοντα,
2910 1898 3143 1958 Ἐλθέτω
3187 1902 3221 1969 ἡ
3271 1902 3393 1981 χείρ
3438 1923 3531 1959 σου
3561 1900 3646 1957 ἐπ’
3675 1903 3797 1982 ἐμὲ,

432 2010 644 2056 manus
674 1999 772 2053 tua
800 2006 979 2070 super
1017 2006 1135 2066 me,
1169 1985 1382 2066 inquit,
1412 1984 1750 2059 Domine,et
1772 2004 1846 2046 ne
1870 1986 2068 2065 procul

2160 1986 2526 2066 προσηύχετο,
2591 1990 2764 2066 Κύριε,
2813 1990 2898 2046 καὶ
2949 1990 3025 2065 μὴ
3087 1991 3356 2069 μακρύνῃς
3398 1992 3495 2057 τὴν
3550 1992 3798 2066 βοήθειάν

430 2082 643 2146 abesse
674 2079 820 2142 velis
849 2074 1136 2139 auxilium
1166 2082 1331 2135 tuum
1361 2091 1394 2134 a
1442 2091 1560 2147 me,
1595 2072 1699 2134 sed
1731 2073 1971 2135 attende
2003 2073 2073 2134 ad

432 2169 845 2236 defensionem
878 2174 1161 2240 meam,et
1193 2182 1267 2225 ne
1299 2162 1524 2244 pudore
1553 2162 1799 2238 alliciar,
1826 2163 1981 2243 quod
2017 2171 2073 2225 te

432 2260 717 2325 invocavi.
742 2257 882 2321 Haec
912 2255 1015 2318 ille
1044 2253 1288 2332 quidem
1320 2259 1409 2314 est
1442 2260 1714 2329 precatus
1748 2269 1762 2311 :
1796 2251 1952 2313 Deus
1974 2271 2074 2314 au-

432 2361 551 2414 tem
574 2350 783 2413 eﬂecta
806 2344 1071 2409 reddidit
1089 2361 1127 2405 e
1147 2341 1555 2424 superis.Nam
1582 2350 1634 2401 et
1657 2353 1904 2422 repente
1927 2343 2068 2404 hor-

427 2439 623 2505 ribilis
646 2438 932 2519 strepitus
962 2432 1318 2497 audiebatur
1345 2431 1407 2519 in
1425 2430 1765 2519 icivitate,et
1790 2431 2072 2519 acutissi-

430 2532 546 2593 mis
595 2518 839 2607 quidem
884 2523 1160 2586 dolorum
1213 2518 1471 2581 stimulis
1497 2519 1678 2596 judex
1710 2518 2067 2607 feriebantur;

429 2606 643 2683 solutae
665 2625 804 2679 sunt
825 2622 1025 2676 autem
1043 2611 1305 2672 dexterae
1332 2607 1604 2686 martyris
1634 2606 1979 2680 tortoribus,
2016 2616 2073 2669 et

427 2708 594 2772 humi
612 2706 844 2785 dejecta
862 2709 949 2763 est
970 2697 1285 2785 multitudo
1298 2695 1711 2785 imaginum,et
1726 2694 1891 2785 hu_mi
1910 2696 2074 2776 jace-

429 2798 529 2859 bat
542 2782 1033 2874 turpiter.Divina
1045 2804 1186 2865 ergo
1204 2784 1774 2874 voluptaterepletus
1785 2782 2067 2866 Thyrsus:

430 2886 551 2949 Cur
581 2873 700 2945 non
729 2881 843 2943 diis
869 2878 983 2940 tuis
1015 2894 1253 2938 manum
1291 2873 1566 2955 porrigis,
1617 2874 1876 2937 irridens
1905 2875 2071 2939 dice-

430 2973 532 3035 bat
549 2967 917 3052 praesidi,qui
939 2976 1055 3029 tam
1076 2968 1328 3047 turpiter
1340 2967 1564 3047 jacent,
1600 2971 1659 3025 et
1685 2972 1782 3025 tuo
1806 2965 2075 3044 indigent

427 3060 814 3137 auxilio;sed
838 3059 901 3119 in
929 3057 1124 3119 medio
1155 3074 1257 3117 eos
1287 3054 1544 3135 despicis
1581 3055 1835 3131 theatro,
1870 3054 1942 3115 ad
1986 3055 2070 3116 ir-

426 3149 745 3213 ridendum
779 3146 1075 3229 expositos
1103 3145 1179 3206 iis
1199 3145 1302 3225 qui
1326 3162 1442 3206 non
1469 3143 1823 3205 ementium?
1848 3142 1953 3204 Ille
1971 3162 2072 3204 au-

428 3249 547 3303 tem
579 3239 692 3302 etsi
718 3237 996 3316 gravibus
1052 3244 1397 3313 tangeretur
1428 3233 1756 3308 doloribus,
1792 3250 1915 3293 non
1949 3241 2071 3294 erat

427 3334 625 3391 tamen
654 3328 782 3409 ejus
809 3326 1013 3386 vitium
1039 3322 1325 3387 curabile.
1353 3320 1496 3403 Sed,
1530 3320 1807 3384 scelerati
1834 3320 2064 3402 Thyrsi,

324 3481 337 3491 ε
426 3416 649 3493 aiebat,
698 3415 1022 3499 praestigiae
1078 3412 1408 3492 graviorem
1455 3411 1597 3471 mihi
1661 3416 1850 3472 morte
1892 3416 2066 3473 vitam

424 3508 668 3572 omnino
697 3505 989 3571 efficiunt.

500 3686 653 3753 XXI.
684 3686 826 3750 Erat
856 3692 1051 3748 autem
1081 3680 1411 3763 Apolloniae
1440 3678 1527 3741 vir
1546 3679 2064 3759 quidam,nomine

420 3775 1084 3859 Callinicus,nobilitate
1107 3772 1302 3835 clarus
1333 3779 1390 3832 ct
1417 3769 1840 3859 intelligentia,
1873 3780 1932 3832 et
1961 3771 2062 3852 qui

418 3870 482 3931 in
505 3868 722 3950 patrios
745 3858 890 3929 deos
921 3881 1159 3946 semper
1183 3880 1447 3941 magnam
1473 3858 1823 3950 ostendebat
1843 3878 1908 3950 su
1919 3878 2059 3941 per-

418 3948 743 4031 stitionem,
779 3964 1026 4036 eratque
1064 3953 1304 4016 illorum
1336 3950 1614 4012 sacerdos
1644 3954 1702 4011 et
1734 3948 2007 4011 minister
2041 3971 2056 4011 :

419 4053 478 4108 et
508 4045 641 4108 ideo
673 4052 1044 4125 aeque,atque
1068 4042 1151 4104 dii
1175 4061 1209 4103 a
1239 4039 1463 4104 Graecis
1487 4036 1766 4100 omnibus
1790 4038 2058 4100 habeba-

419 4143 516 4197 tur
543 4135 606 4197 in
635 4135 888 4198 honore.
945 4132 1001 4195 is
1043 4130 1406 4213 jampridem
1459 4127 1772 4190 attendens
1831 4145 1900 4188 ea
1930 4146 2062 4208 quae

418 4222 774 4286 mirabiliter
794 4231 853 4285 et
882 4231 1094 4304 praeter
1114 4221 1455 4300 opinionem
1479 4217 1531 4276 vi
1562 4232 1822 4304 superna
1841 4214 2059 4278 ﬁebant

416 4331 452 4376 a
482 4302 908 4394 martyre,cum
940 4311 1117 4375 etiam
1142 4308 1467 4387 imaginum
1489 4302 1856 4394 interfuisset
1887 4321 2059 4367 ever-

416 4390 661 4477 sioni,ei
691 4390 938 4463 vidisset
963 4399 1207 4470 malum,
1241 4394 1401 4477 quod
1434 4392 1730 4454 ceciderat
1752 4390 1812 4453 in
1846 4394 2056 4472 praesi-

415 4491 578 4563 dem,
610 4489 755 4551 deos
784 4489 1026 4570 quidem
1058 4503 1197 4548 suos
1230 4500 1455 4563 magna!
1486 4480 1917 4543 condemnabat
1948 4480 2052 4543 im-

2160 2099 2253 2135 σου
2294 2076 2387 2133 ἀπ’
2418 2077 2570 2157 ἐμοῦ,
2604 2077 2740 2135 ἀλλὰ
2784 2077 3053 2159 πρόσσχες
3099 2081 3172 2145 εἷς
3204 2080 3299 2146 τὴν
3332 2079 3612 2156 ἀντίληψιν
3671 2104 3796 2154 μου,

2157 2167 2243 2223 καὶ
2297 2165 2374 2241 μὴ
2404 2167 2869 2246 καταισχυνθείην,
2906 2167 2985 2224 ὅτι
3044 2167 3453 2243 ἒπεκαλεσάμην
3485 2190 3567 2228 σε.
3624 2173 3800 2228 Τάῦτα

2155 2257 2358 2318 ἐκεῖνος
2448 2255 2544 2329 μὲν
2618 2254 2841 2335 ηὔχετο,
2925 2257 3054 2321 Θεὸς
3125 2256 3180 2313 δὲ
3250 2257 3446 2315 ἄνωθεν
3529 2258 3789 2318 ἐπετέλει.

2158 2343 2366 2406 Κτύπος
2435 2345 2535 2422 γὰρ
2592 2344 2777 2420 ἀθρόον
2839 2345 2893 2401 ἐν
2954 2352 3022 2422 τῇ
3071 2344 3225 2402 πόλει
3282 2348 3495 2427 φρικτὸς
3543 2348 3790 2424 ἠκούετο,

2156 2436 2241 2489 val
2287 2432 2551 2499 ὀξυτάτοις
2607 2436 2707 2509 μὲν
2744 2435 2978 2513 κέντροις
3007 2435 3202 2493 ὀδυνὼι
3262 2440 3290 2492 δ
3337 2436 3560 2509 δικάζων
3619 2438 3791 2494 ἐϐάλ-

2156 2522 2299 2602 λετο,
2347 2537 2601 2601 παρεῖντο
2638 2524 2691 2579 δὲ
2736 2526 2830 2589 τὰς
2873 2523 3042 2591 δεξιὰς
3109 2527 3155 2583 οἱ
3214 2528 3304 2583 τοῦ
3361 2527 3624 2606 μάρτυρος
3683 2552 3790 2585 κα-

2155 2609 2366 2692 λασταὶ,
2435 2614 2521 2669 καὶ
2601 2615 2632 2681 ἡ
2687 2621 2792 2671 τῶν
2864 2614 3187 2693 ἀγαλμάτων
3249 2617 3449 2682 πληθὺς
3509 2621 3796 2695 καθῃρεῖτο

2156 2700 2242 2755 καὶ
2300 2702 2373 2765 είς
2430 2706 2533 2778 γῆν
2574 2702 2775 2778 ἀτίμως
2827 2702 3114 2783 ὲῤῥίπτετο.
3165 2704 3319 2769 Θείας
3366 2708 3537 2765 τοίνυν
3567 2709 3594 2763 ὁ
3652 2708 3792 2785 Θύρ-

2158 2810 2246 2854 σος
2305 2787 2496 2857 ἡδονῆς
2544 2789 2865 2872 πληρωθεὶς,
2903 2793 3000 2849 Διᾶ
3056 2793 3105 2850 τί
3135 2794 3212 2870 μὴ
3243 2807 3407 2874 χεῖρα
3437 2807 3550 2859 τοϊς
3579 2795 3788 2857 οἰκείοις

2155 2879 2358 2957 όρὲγεις
2426 2882 2593 2955 θεοῖς,
2654 2880 3022 2962 ἐπιχλευάζων
3072 2882 3252 2961 ὥσπερ
3308 2886 3438 2963 φησὶ
3496 2886 3621 2961 πρὸς
3693 2886 3787 2941 τὸν

2154 2969 2422 3046 ἡγεμόνα,
2482 2969 2716 3050 αἰσχρῶς
2790 2969 2928 3027 οὕτω
2984 2970 3248 3045 κειμένοις
3278 3020 3293 3050 ,
3356 2974 3444 3030 καὶ
3496 2975 3592 3040 τῆς
3650 2976 3792 3050 παρᾶ

2154 3065 2248 3115 σοῦ
2301 3055 2568 3134 δεομένοις
2622 3062 2946 3139 ἱπικουρίας,
3004 3058 3125 3116 ἀλλ’
3200 3059 3255 3116 ἐν
3319 3061 3467 3135 μὲστρ
3542 3069 3791 3139 περιορᾷς

2156 3146 2341 3208 αὖτοὺς
2397 3154 2474 3220 τῷ
2526 3148 2768 3228 θεάτρῳ,
2838 3147 3041 3227 γέλωτα
3098 3148 3472 3228 προκειμένους
3534 3164 3654 3213 τοῖς
3712 3153 3792 3223 μὴ

2153 3232 2546 3313 τυφλώττουσιν
2581 3256 2597 3311 ;
2645 3230 2702 3295 Ὀ
2748 3235 2828 3313 δὲ,
2881 3238 2969 3294 καὶ
3012 3235 3215 3302 ὀδύναις
3249 3251 3469 3314 πικραῖς
3512 3238 3791 3316 βαλλόμε-

2155 3342 2265 3396 νος,
2316 3324 2414 3391 τὴν
2470 3327 2657 3381 κακίαν
2701 3325 2846 3401 ὅμως
2900 3329 2995 3383 οὐκ
3047 3327 3111 3395 ἧν
3157 3327 3394 3408 ἰάσιμος,
3426 3327 3568 3391 ἀλλ’,
3605 3331 3666 3385 Αἱ
3699 3330 3793 3386 to;

2150 3410 2452 3489 ἀλιτηρίου,
2500 3413 2696 3493 ἔφασκε
2725 3463 2741 3489 ,
2802 3416 3001 3494 Θύρσου
3084 3430 3334 3495 γοητεῖαι
3402 3415 3790 3499 χαλεπωτέραν

2150 3521 2241 3575 μοι
2285 3502 2507 3562 θανάτου
2535 3505 2731 3567 παντὸς
2765 3503 3072 3585 ἐργάζονται
3105 3507 3202 3574 τὴν
3231 3508 3397 3578 ζωήν,

2228 3679 2365 3741 ΚΛ¹.
2413 3674 2511 3737 Ἦν
2554 3679 2608 3736 δὲ
2653 3682 2796 3761 παρὰ
2839 3689 2907 3761 τῇ
2962 3682 3298 3760 Ἀπολλωνίᾳ
3357 3686 3664 3755 Καλλίνικός
3706 3712 3787 3753 τις

2142 3767 2276 3847 ἀνήρ
2334 3767 2525 3848 ὄνομα,
2573 3772 2777 3850 εὐγενίᾳ
2829 3774 2915 3830 καὶ
2955 3772 3158 3831 συνέσει
3222 3774 3506 3856 διαφτνής,
3574 3777 3786 3847 πολλὴν

2141 3878 2199 3913 τε
2242 3857 2324 3914 ἀεὶ
2376 3862 2497 3936 περὶ
2551 3862 2673 3928 τοὺς
2725 3865 3000 3943 πατρῴους
3050 3866 3201 3928 θεοὺς
3246 3866 3345 3933 τὴν
3378 3864 3786 3943 δεισιδαιμονίαν

2142 3946 2564 4025 ἑπιδεικνυμένος
2600 3999 2616 4026 ,
2703 3954 2791 4009 καὶ
2873 3954 3036 4032 ἱερεὺς
3125 3954 3336 4011 ἐκείνων
3397 3959 3482 4013 καί
3541 3959 3786 4036 Θεράπων

2141 4037 2329 4112 τελῶν,
2394 4041 2480 4096 καὶ
2563 4038 2647 4097 διὰ
2716 4049 2878 4099 ταῦτα
2939 4041 3030 4099 ἴσα
3091 4047 3234 4110 θεοῖς
3299 4043 3576 4116 Ἐλλήνων
3632 4050 3787 4105 παισὶ

2142 4126 2470 4203 τιμώμενος,
2532 4132 2694 4196 Οὗτος
2737 4144 2855 4193 τοῖς
2898 4130 3205 4211 παραδόξως
3266 4134 3461 4193 ἄνωθεν
3523 4136 3784 4212 τελουμέ-

2143 4236 2252 4280 νοις
2313 4218 2412 4275 ὕπὸ
2475 4226 2568 4277 τοῦ
2631 4220 2887 4299 μάρτυρος
2958 4222 3045 4277 καὶ
3103 4221 3267 4279 πάλαι
3351 4225 3633 4306 προσέχων
3692 4230 3786 4283 τὸν

2142 4312 2282 4385 νοῦν,
2358 4306 2543 4374 ἐπειδὴ
2600 4311 2687 4365 καὶ
2761 4315 2829 4387 τῇ
2886 4310 2990 4366 τῶν
3066 4310 3266 4376 ξοάνων
3341 4316 3525 4391 παρὼν
3582 4315 3782 4394 ὑπῆρξε

2139 4403 2505 4476 καταστροφῇ,
2565 4403 2651 4455 καὶ
2706 4400 2766 4455 τὸ
2827 4405 3178 4476 κατασκῆψαν
3251 4404 3325 4467 είς
3396 4405 3485 4460 τὸν
3541 4404 3779 4485 ἄρχοντα

2100 4553 2107 4559 _
2138 4482 2251 4539 εἶδε
2295 4487 2482 4566 κακὸν,
2532 4486 2801 4544 ἀσθένειαν
2859 4489 2959 4561 μὲν
2990 4489 3199 4558 πολλὴν
3228 4495 3334 4548 τνῦν
3364 4482 3585 4550 οἰκείων
3612 4482 3775 4551 sing-

415 4577 754 4641 becillitatis
788 4595 801 4640 :
840 4579 1070 4639 semine
1102 4582 1300 4638 autem
1330 4571 1566 4661 pietatis
1597 4571 1654 4632 in
1688 4570 1886 4661 animo
1917 4590 2053 4633 sus-

2153 4594 2247 4661 γνω
2301 4576 2455 4654 θεῶν,
2511 4577 2604 4631 τὸν
2661 4579 2854 4655 σπόρον
2886 4574 2932 4633 δ’
2977 4577 3030 4634 ὲν
3074 4586 3142 4656 τῇ
3202 4586 3356 4661 ψυχῇ
3386 4587 3483 4649 τῆς
3514 4581 3777 4650 εὐσεϐείας

417 4676 615 4747 cepto,
648 4672 870 4728 sensim
897 4666 1050 4746 apud
1076 4683 1139 4726 se
1177 4682 1190 4726 :
1226 4662 1397 4738 Quia
1417 4660 1534 4740 Thy
1554 4658 2056 4740 rso,inquit,pm-

416 4756 632 4819 dicaris
652 4754 940 4837 Deus,qui
966 4762 1051 4817 tot
1074 4764 1133 4817 et
1151 4763 1310 4817 tanta
1334 4770 1440 4833 per
1464 4769 1597 4812 eum
1622 4747 2056 4811 admirabiliter

411 4845 607 4908 fecisti
638 4845 926 4927 prodigia,
965 4854 1025 4907 tu
1057 4862 1292 4924 quoque
1326 4860 1422 4903 me
1468 4850 1743 4920 tanquam
1775 4846 2055 4900 recenter

411 4935 667 4999 electum
704 4935 954 4997 militem
988 4934 1249 5015 suscipe,
1286 4941 1343 4994 et
1389 4948 1482 4992 me
1512 4930 1635 5009 jam
1669 4927 1954 4990 conﬁrma
1983 4947 2052 4991 ac

409 5024 733 5088 corrobora
761 5024 1056 5087 adversus
1102 5024 1375 5085 inimicos
1428 5019 1707 5082 veritatis.
1742 5015 1880 5079 Haec
1911 5035 2045 5078 cum

2136 4658 2439 4737 δεξάμενος,
2528 4663 2699 4742 ἡρέμα
2783 4665 2898 4724 καθ’
2985 4668 3192 4749 ἑαυτὸν,
3260 4658 3317 4728 ’ὁ
3385 4671 3488 4728 ὑπὸ
3574 4673 3774 4744 Θύρσου

2134 4751 2559 4828 κηρυττόμενος,
2618 4753 2759 4836 ἔφη,
2834 4757 3005 4831 Θεὸς,
3068 4760 3096 4814 ὁ
3170 4761 3415 4837 τεράστια
3470 4759 3536 4816 δι’
3611 4761 3772 4819 αὺτοῦ

2133 4841 2362 4897 τοσαῦτα
2415 4844 2911 4923 θιυματουργήσας,
2966 4847 3126 4910 αὐτὸς
3171 4848 3266 4904 οἷα
3311 4848 3584 4906 νεόλεκτον
3628 4850 3769 4926 κάμέ

2133 4929 2462 5018 στρατιώτην
2516 4929 2780 5009 ὑπόδεξαι,
2826 4936 2914 4991 καὶ
2962 4937 3098 4992 κατὰ
3140 4941 3244 4993 τῶν
3298 4937 3504 5018 ἐχθρῶν
3534 4937 3636 5006 ἤδη
3666 4946 3766 5007 τῆς

2132 5017 2376 5085 ἀληθείας
2427 5019 2730 5101 ἐνίσχυσον,
2793 5029 2967 5081 Ταῦτα
3020 5024 3137 5081 καθ’
3183 5017 3369 5083 ἑαυτὸν
3397 5035 3474 5103 τῷ
3505 5036 3620 5103 Θεῷ
3661 5030 3769 5086 τῶν

406 5116 562 5195 apud
620 5133 686 5177 se
761 5133 894 5176 cum
980 5114 1387 5176 universorum
1462 5111 1581 5172 Deo
1639 5104 2045 5198 disseruisset,

2153 5105 2279 5198 Qtva
2346 5105 2642 5198 διαλεχθεὶς
2669 5158 2685 5185 ,
2730 5195 2746 5198 Α
2774 5112 3017 5190 πρόσεισι
3092 5116 3426 5194 μυκτηρίζων
3499 5119 3767 5198 εὐτέχνως

404 5205 637 5267 accedit
660 5204 974 5285 praesidem
997 5200 1592 5267 artiﬁcioseirridens
1627 5221 1639 5257 :
1674 5195 2041 5287 Clarissime,

2258 5196 2519 5274 ἡγεμόνα,
2569 5201 2681 5279 καὶ,
2728 5195 2791 5255 Ὠ
2836 5199 3201 5279 λαμπρότατε,
3272 5205 3457 5283 φησὶν,
3522 5195 3763 5287 ἠγεμὼν,

402 5292 617 5374 inquit,
652 5284 892 5373 praises,
929 5293 1026 5355 hic
1076 5294 1279 5369 homo,
1313 5294 1412 5373 qui
1461 5287 1768 5351 tormentis
1827 5286 2044 5347 misere

2154 5284 2275 5350 ὗτος
2335 5288 2361 5341 ὁ
2432 5298 2553 5350 ταῖς
2605 5288 2852 5365 βασάνοις
2908 5289 3099 5354 ἀθλίως
3156 5290 3605 5372 κατατριϐόμενος
3664 5284 3765 5351 ἂνξ

403 5383 755 5459 conteritur,
815 5386 1020 5446 Jovem
1076 5400 1421 5463 supremum
1487 5379 1731 5467 deorum
1797 5376 2037 5467 inter-

2153 5397 2351 5455 ρωπος,
2396 5378 2488 5434 τὸν
2533 5375 2734 5435 ὕπατον
2789 5380 3040 5445 ἁπάντων
3087 5384 3204 5438 θεὸν
3267 5386 3384 5458 Δία,
3445 5386 3518 5449 εἰς
3570 5384 3762 5467 ἔδαφος

400 5487 526 5531 Iam
586 5470 805 5549 dejecit
861 5479 918 5533 et
977 5472 1273 5551 contrivit,
1339 5468 1627 5533 Phoebum
1700 5464 2035 5553 Apollinem

2157 5464 2488 5546 zzaamicr,
2524 5467 2821 5545 συνέτριψε,
2874 5470 2967 5526 τὸν
3022 5469 3224 5528 Φοῖϐον
3267 5470 3584 5531 Ἀπόλλωνα
3644 5464 3757 5553 τρί-

394 5558 518 5638 jam
553 5557 724 5619 tertio
750 5561 1040 5638 confregit
1066 5581 1078 5623 :
1105 5561 1247 5641 quin
1273 5559 1450 5621 etiam
1471 5558 1665 5638 ipsum
1690 5552 2031 5630 Herculem,

2153 5577 2204 5611 ον
2236 5553 2339 5623 ἥδη
2370 5555 2588 5623 κατέαξε
2625 5573 2638 5587 ⁸
2677 5559 2766 5615 καὶ
2795 5559 2957 5616 αὒτὸν
2987 5558 3040 5615 δὲ
3071 5562 3162 5618 τὸν
3190 5563 3246 5617 ἒν
3301 5561 3553 5637 πολέμοις
3614 5552 3760 5637 ἀήτ-

396 5647 497 5731 qui
517 5647 578 5711 in
604 5645 779 5712 bellis
800 5657 888 5711 est
913 5648 1548 5732 invictus,prostravit;
1578 5665 1695 5711 non
1728 5641 2026 5724 manibus,

2153 5665 2275 5712 ητον
2353 5644 2620 5726 Ἠρακλέα
2695 5645 2886 5727 ῥᾳδίως
2971 5651 3323 5734 κατήνεγκεν,
3396 5652 3456 5708 οὗ
3526 5663 3756 5743 χειρῶν,
