4028 6138
313 339 426 408 533

1235 340 1702 403 MARTYRIUM
1752 338 1810 400 S.
1871 336 2159 400 THYBSI
2209 337 2309 400 ET
2353 333 2755 399 SOCIORUM.

3565 339 3682 408 534

313 477 413 558 οὔχ
471 477 678 553 ὃπλων,
753 481 814 535 οὗ
890 477 1062 556 ξίφους
1128 474 1213 533 ἐπ’
1290 475 1460 534 αὒτών
1517 473 1741 546 δεηθεὶς,
1815 469 1950 527 ἀλλὰ

2034 487 2150 530 non
2194 468 2396 545 armis,
2434 487 2550 530 non
2586 485 2720 530 esse
2749 467 3036 531 adversus
3067 487 3204 532 eum
3247 472 3539 553 indigens,
3577 479 3682 539 sed

316 569 456 644 ψιλῷ
510 568 712 645 ῥήματι
768 568 915 642 μόνῳ
973 566 1068 622 καί
1114 565 1300 634 κλήσει
1352 566 1594 643 Χριστοῦ,
1656 565 1742 618 καὶ
1790 567 1953 617 ταῦτα

313 660 533 736 σταυρὸν
583 656 784 713 ἆκείνου
829 659 916 714 καὶ
970 656 1190 714 θάνατον
1233 657 1626 730 ὖπομείναντος.
1696 654 1751 708 Εἰ
1785 654 1954 708 τοίνυν

305 770 372 821 τῃ
439 746 667 824 ὑμετέρᾳ
727 744 877 802 δοκεῖ
918 745 1146 818 ἐξουσίᾳ,
1207 743 1583 821 προσελθόντες
1657 739 1751 797 κᾶν
1828 741 1952 816 γοῦν

309 827 573 914 Ἠρακλέα
646 836 737 892 τᾶν
812 833 1148 898 Ἀλεξίκακον
1215 836 1331 890 θεὸν
1405 833 1807 905 ἀναστήσωμεν,
1865 828 1952 884 καὶ

304 924 603 1004 δεηθῶμεν,
665 923 959 981 αἷδεσθέντα
1023 924 1088 979 τὰ
1141 922 1305 979 πάλαι
1349 924 1465 997 περὶ
1517 923 1672 976 αὒτοῦ
1729 916 1951 995 θρυλούο-

305 1036 464 1089 μενα,
532 1019 871 1090 παραστῆναι
959 1011 1387 1092 τυραννουμένοις
1470 1018 1547 1082 τῷ
1631 1009 1785 1086 ματρὶ
1873 1006 1952 1061 Διὶ

304 1109 402 1160 καί
445 1107 525 1177 τῷ
579 1103 702 1176 θείῳ
746 1101 1070 1159 Ἀπόλλωνι·
1135 1104 1280 1158 οὗτοι
1342 1102 1441 1180 γὰρ
1508 1101 1612 1155 ἀπὸ
1669 1099 1822 1174 βαθεῖ
1875 1096 1952 1169 τῷ

304 1193 442 1249 ὗπνα
526 1191 793 1249 καθεύδειν
877 1191 1107 1251 δοκοῦσι’
1197 1190 1292 1247 καί
1377 1184 1946 1266 τεσσαρεσκαιδέκατον

308 1282 464 1340 ἆθλον
508 1283 695 1339 τοῦτον
722 1287 863 1355 αὗτῷ
892 1285 1289 1360 ἀναγράψομεν,

392 1371 499 1429 ΚΒο
593 1375 656 1430 Op
845 1371 896 1392 δε
1071 1373 1080 1390 ι
1252 1371 1264 1387 ς
1372 1394 1388 1404 _
1416 1367 1446 1424 λ
1491 1370 1502 1389 ι
1636 1369 1662 1422 ὁ
1714 1368 1735 1406 ιι,
1862 1365 1876 1386 \

507 1418 522 1433 ο
645 1397 666 1428 J
723 1391 942 1428 συνιοων
999 1393 1170 1427 τοινυν
1215 1393 1309 1438 την
1377 1395 1413 1449 χ.
1453 1390 1576 1434 ευην
1706 1387 1946 1442 ηγεμων,

308 1473 382 1524 Ως
431 1465 519 1518 οὖν
581 1461 734 1534 ἐμοῦ,
793 1462 918 1539 ἔφη,
977 1463 1226 1538 πονήρως
1279 1459 1392 1538 ἄρτι
1465 1456 1819 1531 διακειμένου,
1866 1456 1953 1510 καὶ

304 1551 538 1615 ἀσθενῶς
585 1549 834 1630 ἔχοντος,
885 1551 1153 1627 πορευθεὶς
1217 1550 1370 1612 «arb;
1425 1546 1639 1603 ἱλέωσαί
1698 1565 1752 1599 τε
1822 1543 1960 1616 ἡμῖν

301 1641 427 1703 τοὺς
472 1641 643 1718 θεοὺς,
707 1643 793 1696 καὶ
852 1641 988 1695 κατὰ
1043 1646 1136 1696 τοῦ
1178 1643 1524 1716 τερατοποιοῦ
1591 1635 1768 1690 τούτου
1819 1631 1958 1706 Θύρ-

2035 559 2160 620 solo
2191 558 2368 620 verbo
2393 557 2550 618 nudo
2570 565 2628 618 et
2648 557 2868 621 Christi
2895 559 3267 622 invocatione
3293 580 3306 624 :
3343 562 3522 644 idque
3547 583 3683 628 cum

2034 648 2134 709 ille
2165 666 2401 710 crucem
2427 654 2486 708 et
2517 653 2770 708 mortem
2805 647 3175 712 sustinuerit.
3211 652 3272 712 Si
3302 669 3442 731 ergo
3475 662 3684 717 vestrae

2032 737 2264 798 videtur
2307 737 2604 818 potentiae,
2645 736 3016 811 accedamus,
3046 747 3103 800 et
3127 738 3467 816 Herculem,
3504 742 3681 805 deum

2034 828 2130 907 qui
2163 830 2221 886 in
2255 825 2422 887 malis
2451 825 2563 886 fert
2615 843 2813 906 opem,
2841 827 3158 905 erigamus,
3195 837 3254 891 et
3283 847 3581 910 rogemus,
3617 841 3684 894 ut:

2032 916 2361 994 respiciens
2409 933 2500 988 ea,
2535 932 2666 994 quin
2715 916 2831 994 jam
2864 916 3005 978 olim
3035 917 3110 979 de
3168 917 3299 998 ipso
3351 921 3676 998 jactentur,

2033 1005 2185 1066 adsit
2217 1003 2522 1086 tyrannide
2538 1005 2840 1083 oppressis
2869 1005 2994 1066 δονί
3022 1007 3173 1087 patri
3206 1008 3480 1069 etdiviuo
3504 1011 3682 1091 Apol-

2033 1092 2140 1156 lini
2194 1095 2257 1175 (ii
2290 1094 2447 1154 enim
2498 1092 2773 1155 videntur
2801 1094 3066 1158 dormire
3106 1095 3264 1176 gravi
3297 1117 3508 1160 somno
3564 1118 3674 1180 ορ-

2035 1184 2244 1264 pressi,
2309 1193 2366 1245 et
2411 1185 2522 1245 hoc
2582 1185 2636 1245 ei
2693 1193 2964 1262 quartum
3016 1185 3316 1248 decimum
3373 1196 3676 1252 certamen

2032 1273 2418 1335 ascribemus.

2114 1360 2286 1424 XXII.
2323 1363 2664 1425 Irrisionem
2696 1370 2894 1425 autem
2923 1382 3037 1424 non
3068 1363 3406 1444 intelligens
3429 1385 3672 1448 praeses:

2045 1453 2188 1514 Cum
2211 1471 2372 1530 ergo,
2393 1452 2602 1533 inquit,
2632 1472 2726 1515 me
2751 1453 2903 1513 male
2933 1452 3206 1530 habeam,
3235 1456 3415 1517 etsim
3440 1457 3676 1518 inﬁrma

2042 1541 2402 1622 valetudine,
2427 1542 2574 1603 vade
2598 1543 2749 1621 ipse,
2782 1551 2840 1603 et
2874 1541 3046 1603 nobis
3073 1542 3239 1622 placa
3266 1543 3430 1617 deos,
3479 1553 3538 1607 et
3565 1546 3674 1607 ad-

2047 1649 2274 1692 versum
2338 1632 2740 1711 prodigiorum
2797 1631 3132 1696 eil‘ectorem
3171 1633 3328 1694 hunc
3382 1633 3671 1714 Thyrsum

301 1751 397 1785 σου
465 1727 674 1804 σπουδῇ
734 1728 1104 1794 διανάστησον,
1173 1730 1270 1786 Καὶ
1313 1731 1339 1783 ὃ
1405 1724 1735 1790 Καλλίδικος,
1791 1718 1957 1776 Ἀλλὰ

2042 1722 2158 1782 cito
2183 1738 2285 1782 eos
2317 1718 2524 1779 excita.
2558 1719 2876 1781 Callinicus
2905 1737 3041 1780 vero
3075 1736 3093 1792 ;
3129 1719 3246 1781 Sed
3278 1720 3555 1795 arbitror,
3589 1723 3676 1783 in-

297 1817 522 1891 νςμίξω,
580 1818 727 1886 εἷπε,
795 1818 1058 1895 μεγίστην
1134 1819 1275 1873 εἶναι
1343 1822 1434 1872 τοῦ
1493 1807 1956 1875 καταϐεϐληκότπ

2043 1812 2188 1890 quit,
2215 1825 2349 1872 esse
2380 1808 2691 1871 maximam
2724 1809 3048 1888 potentiam
3083 1809 3212 1885 Dei,
3239 1811 3337 1890 qui
3371 1829 3473 1872 eos
3503 1811 3673 1890 deje-

296 1911 421 1964 θεοῦ
473 1908 574 1974 τὴν
617 1905 856 1982 δύναμιν,
920 1909 1006 1962 καὶ
1063 1904 1271 1962 δέδοικα
1330 1907 1402 1968 ὡς
1459 1901 1574 1960 οὐδὲ
1620 1901 1797 1979 σφίσιν
1857 1896 1955 1952 αὒ-

295 2010 420 2059 τοϊς
497 1996 764 2064 ἐπαμῦναι
855 1995 1188 2065 δυνήσονται.
1267 1995 1519 2051 Ἐνταῦθα
1597 1991 1802 2054 συνίησι
1860 1985 1954 2052 τὴν

309 2087 325 2104 ν
396 2087 407 2104 ν
618 2087 629 2105 3
704 2086 714 2102 ο
859 2089 872 2104 ο
1102 2086 1116 2106 \
1230 2073 1294 2106 ’⁷η
1350 2105 1356 2106 ,
1484 2095 1518 2106 γε
1650 2077 1815 2106 νμἾἸῙ

299 2087 519 2152 ἀπάτην
604 2087 631 2141 ὀ
701 2086 942 2164 τηγεμὼν,
1033 2086 1143 2162 καὶ,
1230 2077 1399 2141 τΗπου
1471 2095 1556 2155 σὺ,
1650 2077 1952 2148 Καλλίνικε,

300 2177 458 2253 φησὶ,
493 2186 612 2236 ταῖς
646 2182 736 2230 τοῦ
799 2182 989 2250 μιαροῦ
1021 2176 1205 2232 τούτου
1251 2175 1519 2250 γοητείαις
1551 2168 1724 2230 ἑάλως
1759 2188 1775 2238 ;
1843 2163 1955 2220 K5.-

302 2278 489 2327 κεῖνος
552 2261 668 2322 οὐδὲ
740 2262 1053 2342 φθέγξασθαί
1112 2285 1162 2318 τι
1234 2262 1391 2319 πλέον
1452 2261 1609 2316 αὐτὸν
1670 2253 1957 2318 ἀναμείνας

305 2351 458 2431 (οὒδέ
514 2354 609 2430 γαρ
680 2341 1081 2431 ἐπικρύπτεσθαι
1159 2353 1219 2408 τὸ
1291 2350 1477 2408 λοιπὸν
1548 2349 1799 2425 ἠνείχετο
1855 2341 2007 2413 τὴν,

311 2439 607 2521 εὗσᾶὄειαν)
669 2441 752 2506 εἴς
811 2463 866 2496 τε
897 2442 1162 2516 δωμάτιον
1222 2441 1362 2504 εὐθὺς
1396 2441 1467 2501 ὠς
1501 2439 1661 2516 εἶχεν
1718 2433 1959 2512 ἀποδρα-

309 2532 456 2602 μὼν,
488 2531 704 2602 κείρεται
735 2532 830 2592 τὰς
878 2533 959 2585 ἐπὶ
1014 2537 1078 2607 τῇ
1139 2529 1345 2609 κεφαλῇ
1394 2530 1606 2607 τρίχας,
1642 2535 1942 2600 περιαιρεῖ-

300 2641 392 2675 ται
451 2621 534 2674 τὸν
576 2620 832 2696 πώγωνα,
879 2618 1162 2675 ἀποδύεται
1234 2620 1299 2676 τὰ
1353 2619 1560 2692 ἱμάτια,
1615 2615 1706 2672 καί
1745 2614 1943 2686 ἑλόμεο

304 2729 390 2772 νος
451 2709 577 2764 αὐτὰ
619 2723 743 2771 ταῖς
804 2711 959 2787 χερσὶ
1015 2711 1216 2782 κομίζει
1275 2708 1437 2786 μέχρι
1499 2714 1590 2762 τοῦ
1652 2703 1938 2782 ἡγεμόνος,

285 2797 384 2853 καί
427 2820 528 2874 πρν
585 2803 689 2853 τῶν
742 2800 940 2855 ἐκείνου
995 2805 1158 2854 ταῦτα
1203 2795 1379 2854 ποδῶν
1434 2795 1751 2873 ἀπορρίψας,
1791 2789 1941 2856 Δέξαι

290 2909 396 2960 μου
446 2889 540 2943 τὰ)
598 2889 812 2967 τρίχας,
873 2889 917 2944 ὦ
966 2889 1207 2962 ἡγεμὼν,
1255 2886 1380 2964 ἔφη,
1430 2887 1514 2941 καὶ
1574 2883 1671 2950 τὴν
1719 2881 1940 2951 στολὴν,

289 2979 354 3039 ἃς
440 2976 687 3050 θυμάτων
751 2980 936 3033 κνίσσα
1008 2977 1099 3032 καὶ
1177 2976 1378 3036 καπτὸς
1465 2974 1552 3029 καὶ
1625 2969 1944 3051 χειμάρρους

2040 1901 2141 1974 cit,
2175 1909 2231 1961 et
2281 1917 2494 1960 vereor
2521 1917 2596 1960 ne
2627 1898 2741 1960 sibi
2774 1899 3014 1980 quidem
3046 1899 3190 1979 ipsis
3221 1900 3452 1980 possint
3497 1917 3672 1982 opem

2039 1991 2216 2052 ferre.
2244 1989 2410 2050 Tunc
2442 2006 2661 2068 praeses
2694 1987 2892 2049 dolum
2925 1987 3204 2067 intelligit
3237 2007 3252 2048 :
3299 1995 3395 2051 et:
3431 1987 3580 2050 Num
3611 1997 3675 2051 tu

2039 2097 2301 2159 quoque,
2334 2077 2548 2156 inquit,
2584 2097 2617 2138 ο
2673 2078 2983 2151 Callinice,
3016 2078 3127 2138 viri
3183 2078 3361 2158 hujus
3403 2077 3673 2148 scelerati

2040 2175 2246 2246 captus
2295 2185 2358 2228 es
2391 2166 2755 2247 praestigiis?
2813 2166 2917 2227 Ille
2959 2175 3178 2236 autem.
3211 2185 3345 2228 cum
3403 2185 3480 2228 ne
3533 2185 3670 2229 eum

2037 2257 2276 2338 quidem
2298 2255 2552 2335 amplius
2575 2255 2730 2335 loqui
2767 2254 3145 2317 sustinuisset
3171 2264 3382 2336 (neque
3413 2257 3572 2317 enim
3596 2257 3672 2318 de

2036 2359 2249 2409 caetero
2283 2346 2562 2425 pietatem
2605 2344 2785 2405 celari
2835 2343 3170 2424 patiebatur
3212 2345 3411 2424 (statin
3453 2362 3670 2407 excur-

2037 2454 2176 2496 rens
2230 2436 2291 2495 in
2345 2433 2788 2512 domunculam,
2845 2431 3046 2493 tondet
3102 2433 3366 2514 capillos,
3425 2433 3670 2514 deponit

2027 2525 2294 2593 barbam,
2323 2522 2482 2586 exuit
2511 2531 2703 2584 vestes
2735 2539 2748 2584 :
2788 2531 2844 2583 et
2875 2540 3004 2582 cum
3041 2539 3142 2584 eas
3180 2521 3518 2584 sustulisset
3552 2541 3672 2584 ma-

2028 2615 2226 2688 nibus,
2263 2621 2456 2694 portat
2511 2630 2697 2691 usque
2751 2612 2824 2672 ad
2865 2611 3200 2690 praesidem,
3257 2620 3318 2673 et
3361 2629 3493 2672 cum
3539 2611 3672 2674 illas

2021 2704 2266 2783 jecisset
2316 2711 2450 2764 ante
2479 2705 2664 2782 pedcs
2700 2723 2711 2763 :
2766 2701 3007 2780 Accipe,
3043 2699 3256 2780 inquit,
3291 2701 3443 2780 pilos
3475 2718 3667 2774 meos,

2027 2813 2060 2854 o
2118 2811 2360 2872 praeses,
2397 2800 2456 2853 et
2485 2800 2704 2853 vestem
2739 2808 2872 2870 quae
2921 2789 3095 2850 nidor
3125 2789 3579 2863 sacriﬁciorum,
3613 2798 3673 2852 et

2027 2882 2240 2954 fumus,
2277 2891 2337 2942 et
2385 2889 2619 2942 torrens
2671 2879 2997 2956 sanguinis,
3032 2887 3088 2941 et
3148 2878 3424 2959 mysteria
3453 2877 3670 2940 daemo-

2026 2989 2166 3031 num
2203 2971 2561 3051 polluerunt.
2621 2967 2764 3030 Nam
2798 2987 2932 3029 cum
2994 2968 3080 3028 eis
3119 2985 3354 3048 quoque
3407 2966 3665 3047 priorem

291 3066 559 3139 αἱμάτων,
616 3067 703 3121 καὶ
763 3065 967 3121 τελεταὶ
1026 3066 1287 3139 δαιμόνων
1347 3063 1630 3138 ἐμόλυναν.
1696 3069 1944 3115 Συναπο-

2031 3060 2310 3139 abjiciore
2342 3077 2632 3138 errorem,
2663 3066 2728 3118 ut
2759 3059 2857 3136 qui
2902 3075 3112 3118 novam
3144 3056 3378 3119 vivendi
3412 3056 3664 3118 formam

293 3152 560 3228 ϐάλλομαο
639 3155 738 3232 γὰρ
801 3159 986 3214 αὐτοῖς
1061 3157 1149 3210 καὶ
1223 3155 1324 3220 τὴν
1393 3152 1648 3230 προτέραν
1705 3149 1939 3222 ἀπάτην,

2031 3149 2382 3231 acceperim,
2415 3159 2472 3211 et
2492 3149 2615 3227 jam
2645 3148 2834 3209 factus
2863 3147 2972 3207 sim
2999 3145 3393 3210 Christianus.

294 3243 576 3320 ποηφὸραν
653 3241 727 3322 (τ)
789 3244 975 3310 καινὴν
1033 3242 1414 3320 ἀλλαξάμενος,
1475 3242 1563 3296 καὶ
1631 3240 1942 3310 Χριστιανὸς

295 3330 403 3398 ἤδη
437 3353 630 3409 γεγενη
638 3325 813 3406 μένος.

383 3421 513 3481 Kl".
580 3412 637 3479 t0
670 3421 886 3498 ἡγεμὼν
945 3424 1031 3477 οὖν
1081 3422 1178 3487 τὴν
1223 3421 1413 3498 ἀθρόαν
1445 3418 1742 3495 μεταϐολὴν
1797 3417 1940 3473 ἐκεί-

289 3533 392 3576 νην
453 3508 844 3587 καταπλαγείς,
895 3512 953 3568 Τί
1001 3509 1079 3579 δὲ,
1136 3508 1434 3588 Καλλίνικε,
1488 3511 1638 3589 φησὶ,
1693 3517 1937 3566 τοσοῦτον

291 3602 349 3656 αἱ
406 3607 497 3655 τοῦ
556 3600 755 3677 γόητος
814 3599 1014 3656 ἐκείνου
1073 3599 1306 3679 ἴσχυσαν
1359 3611 1654 3678 τερατεϊαι,
1715 3600 1788 3660 ὡς
1851 3598 1939 3652 καὶ

287 3691 353 3744 σὲ
396 3690 493 3755 τὴν
553 3690 797 3766 γενναίαν
856 3689 1063 3768 ψυχὴν,
1125 3691 1214 3744 τὸν
1271 3690 1562 3767 θεράποντα
1620 3693 1725 3743 τῶν
1781 3687 1936 3760 θεῶν,

283 3780 385 3834 τὸν
442 3780 718 3857 ὓποιρὴτην
769 3778 1008 3853 ἐκείνων,
1071 3780 1160 3834 τὸν
1204 3779 1344 3857 ἱερέα
1406 3780 1496 3834 τὸν
1554 3776 1761 3844 πολλῆς
1813 3776 1937 3852 παρ’

281 3867 464 3923 αὖτῶν
529 3867 868 3946 τυγχάνοντα
946 3869 1237 3947 εὔμενείας,
1309 3870 1407 3934 τῆς
1481 3867 1698 3944 πατρίου
1765 3885 1935 3940 μετα-

279 3958 484 4024 στῆσαι
528 3956 836 4034 θρησκείας,
901 3959 984 4013 καὶ
1057 3959 1128 4019 εἰς
1172 3957 1410 4036 ἐσχάτην
1487 3955 1754 4012 ἀπώλειαν
1811 3953 1934 4010 ἐπι-

281 4046 647 4124 σπάσασθαις
733 4048 828 4102 Καὶ
885 4048 913 4101 ὁ
989 4045 1317 4118 Καλλίνικος,
1375 4045 1470 4102 Ἐκ
1527 4046 1741 4102 πολλῶν
1811 4043 1928 4118 μὲν,

281 4134 454 4214 φησί,
514 4135 804 4206 πέπεισμαι
874 4137 962 4190 καὶ
1020 4133 1219 4212 ἄλλων,
1275 4133 1505 4210 μάλιστα
1563 4131 1615 4188 δὲ
1687 4155 1778 4208 μοι
1835 4133 1931 4198 τῆς

280 4225 540 4290 τοιαύτης
628 4221 930 4297 μεταϐολῆς
1016 4225 1044 4279 ὁ
1127 4228 1397 4299 Ἑρακλῆς
1486 4227 1638 4286 αὐτὸς
1729 4222 1927 4299 αἴτιος,

285 4315 572 4374 τοσούτους
643 4313 742 4388 μὲν
808 4312 1018 4385 ἄθλους,
1079 4314 1150 4374 ὡς

286 4405 570 4481 πανταχοῦ
639 4400 904 4474 διανύσας,
964 4409 1050 4457 νῦν
1119 4402 1171 4457 δὲ
1246 4401 1381 4478 μηδὲ
1440 4411 1568 4476 πρὸς
1641 4401 1797 4476 ψιλόν
1872 4422 1928 4456 τε

288 4491 438 4567 ῥῆμα
477 4489 620 4546 τοῦδε
682 4498 774 4547 τοῦ
803 4489 987 4568 ἀνδρὸς
1042 4491 1334 4572 ἀντισχὼν,
1369 4491 1488 4548 ἀλλ’
1549 4491 1738 4554 ἀθλίως
1791 4489 1929 4547 οὕτω

295 4581 625 4658 καταπεσὴν,
685 4581 772 4636 καὶ
847 4579 1011 4646 δείξας
1098 4582 1172 4644 ὣς
1231 4583 1330 4658 ἂρα
1385 4580 1509 4647 ἡδὺς
1586 4583 1770 4660 μῦθος,
1833 4580 1930 4636 ὅσα

295 4667 416 4744 περὶ
463 4669 607 4726 αὑτοῦ
635 4690 690 4725 τε
753 4669 841 4725 καὶ
889 4675 994 4725 τῶν
1039 4668 1216 4726 ἄλλων
1273 4674 1405 4727 θεῶν
1473 4683 1590 4732 τοῖς
1637 4669 1930 4746 ἀνθρώποις

283 4756 706 4833 διατεθρύληται,
768 4759 916 4823 Αὖθις
968 4759 1055 4814 οὖν
1111 4760 1139 4815 ὁ
1186 4761 1428 4838 ἡγεμὼν,
1467 4758 1741 4834 Οὐδαμῶς.
1804 4757 1926 4836 ἔφη,

1127 4182 1219 4212 κν,
1275 4182 1397 4210 ιη...

1127 4228 1397 4302 Ἑρακλῆς

1223 4316 1268 4368 οἱ
1341 4315 1457 4392 περὶ
1519 4313 1673 4369 αὒτοῦ
1761 4311 1927 4384 ὕθλοι,

277 4844 406 4902 ἀλλ’
481 4847 507 4902 6
574 4851 658 4915 δῆς
715 4847 916 4904 ἐκείνου
973 4849 1218 4926 γοητείας
1299 4850 1387 4904 καὶ
1443 4855 1546 4904 τῶν
1623 4848 1820 4923 ὁμοίων
1872 4843 1953 4901 σε’

273 4937 517 5013 τερέτών
572 4936 849 4993 ἀνέπεισεν
879 4937 1038 5016 ἔρως,
1072 4939 1311 5013 οἰόμενον
1368 4939 1430 4993 τὰ
1486 4938 1578 4993 ἴσα
1630 4940 1717 4994 καὶ
1776 4938 1929 4994 αὐτὸν

271 5023 686 5083 ἓπιδείκνυσθαι.
767 5024 912 5093 Πλὴν
983 5025 1100 5084 οὔτε
1173 5029 1263 5083 τὸν
1332 5026 1497 5103 γόητα
1575 5028 1662 5082 καὶ
1728 5027 1925 5083 πλάνον

271 5114 518 5194 ἓκεῖνον,
553 5115 671 5171 οὔτε
724 5136 781 5169 σε
812 5123 976 5170 ταῦτα
1023 5117 1283 5190 ὀνήσειεν,
1318 5118 1362 5171 εί
1407 5117 1485 5191 μὴ
1522 5119 1707 5172 θᾶττον
1755 5136 1926 5191 μετα-

273 5203 460 5261 ϐαλὼν
527 5203 610 5284 ἔφ’
689 5204 776 5267 οἷς
864 5203 1289 5281 ἐπλημμέλησας
1351 5207 1443 5268 τὰς
1519 5205 1774 5283 προτέρας
1842 5205 1928 5261 καὶ

272 5295 438 5368 τιμὰς
468 5306 590 5358 τοῖς
620 5297 764 5358 θεοῖς
795 5293 1071 5367 ἆποδῴης.

365 5383 499 5448 ΚΔ’,
590 5374 649 5440 Ὀ
701 5381 756 5438 δὲ
813 5386 910 5450 τὴν
967 5392 1058 5441 τοῦ
1139 5385 1402 5463 ἡγεμόνος
1463 5385 1640 5442 ἄνοιαν
1697 5392 1932 5465 φανερῶς

274 5474 490 5552 ἐλέγξαι
534 5471 866 5549 βουλόμενος
915 5471 1044 5548 (ᾔδει
1102 5476 1222 5552 γὰρ,
1287 5473 1404 5550 ᾔδει
1473 5481 1652 5555 σαφῶς
1711 5474 1790 5530 ὅτι
1852 5471 1935 5530 καὶ

274 5569 419 5639 αύτῷ
478 5563 742 5640 παρέσται
803 5563 1014 5624 πάντως
1071 5564 1098 5618 ὁ
1157 5571 1250 5620 τοῦ
1303 5566 1497 5642 Θύρσου
1541 5567 1670 5628 Θεὸς
1727 5565 1812 5620 καὶ
1871 5565 1934 5618 τὰ

1900 5653 1926 5673 .,.

273 5662 448 5715 οἰκεῖα
509 5652 600 5710 ἔπ’
659 5650 802 5726 αὐτῷ
879 5649 1026 5717 δείξει
1087 5653 1387 5730 τεράστια),
1425 5655 1582 5728 Επεὶ,
1647 5654 1828 5734 φησὶν,
1889 5653 1935 5709 ὦ

2103 3326 2302 3390 XXIII.
2338 3327 2562 3390 Preeses
2593 3336 2787 3390 autem
2817 3327 2918 3390 illa
2967 3328 3282 3407 repentina
3312 3323 3660 3403 obstupefa-

2024 3426 2152 3478 ctus
2187 3421 2532 3479 mutatione:
2570 3416 2720 3489 Quid
2750 3437 2910 3490 vero,
2947 3417 3158 3497 inquit,
3201 3415 3504 3489 Callinice,
3538 3426 3664 3478 tan-

2024 3512 2144 3567 tum
2176 3507 2334 3568 illius
2368 3507 2811 3587 przestigiatoris
2847 3507 3164 3568 valuerunt
3191 3504 3485 3588 prodigia,
3516 3517 3575 3570 ut
3608 3521 3664 3572 te

2021 3614 2370 3674 geni-rasam
2402 3597 2686 3670 animam,
2721 3596 3054 3656 ministrum
3085 3595 3357 3674 deorum,
3390 3594 3658 3664 illorum-

2026 3705 2138 3766 que
2164 3689 2512 3764 interpetem
2529 3693 2585 3746 et
2611 3684 3116 3764 sacerdotem,qui
3139 3686 3211 3745 ab
3235 3685 3347 3748 illis
3382 3711 3656 3769 magnam

2021 3775 2359 3854 assequeris
2409 3773 2904 3853 benevolentiam,
2969 3771 3325 3836 abduxerim
3383 3799 3416 3841 a
3474 3781 3659 3861 patria

2019 3865 2333 3943 religione,
2370 3871 2428 3923 et
2450 3863 2519 3923 ad
2554 3872 2885 3924 extremum
2919 3863 3262 3924 attraxerint
3294 3868 3599 3932 interitum
3631 3879 3660 3935 ?

2021 3954 2342 4017 Callinicus
2373 3971 2509 4013 vero
2541 3971 2554 4015 :
2589 3951 2670 4014 Ex
2705 3952 2905 4012 multis
2937 3951 3200 4031 quidem,
3227 3955 3443 4036 inquit,
3480 3961 3654 4021 etiam

2019 4044 2146 4104 aliis
2177 4061 2306 4102 sum
2340 4060 2678 4121 persuasus,
2715 4040 2968 4102 maxime
2998 4049 3196 4102 autem
3228 4045 3359 4105 talis
3390 4049 3660 4110 mutatio-

2021 4133 2110 4193 nis
2131 4149 2308 4192 causa
2333 4139 2419 4192 est
2451 4131 2577 4206 ipse
2610 4127 2920 4204 Hercules,
2957 4130 3055 4210 qui
3078 4137 3162 4192 tot
3191 4131 3429 4212 quidem
3464 4146 3657 4198 certa-

2017 4221 2198 4296 mina,
2236 4231 2296 4282 ut
2323 4221 2396 4282 de
2419 4239 2487 4281 eo
2520 4227 2760 4280 narrant
2786 4218 3018 4291 fabulae,
3047 4219 3332 4299 perfecit;
3369 4241 3527 4286 nunc
3558 4245 3658 4286 au-

2017 4319 2132 4372 tem
2169 4330 2244 4371 ne
2277 4310 2432 4370 nudo
2465 4310 2702 4390 quidem
2730 4309 2843 4370 viri
2892 4308 3071 4370 verbo
3103 4310 3340 4391 restitit,
3374 4313 3479 4373 sed
3505 4314 3656 4376 adeo

2019 4401 2305 4461 miserere
2332 4397 2910 4477 cecidit,etostendit
2933 4416 3065 4458 esse
3088 4399 3382 4477 jucundas
3405 4399 3652 4479 fabulas,

2016 4509 2145 4569 quin
2169 4489 2386 4570 deipso
2410 4497 2468 4550 ct
2494 4489 2624 4549 aliis
2643 4488 2987 4568 diisjactata
3021 4496 3158 4547 sunt
3181 4487 3253 4549 ab
3285 4488 3652 4553 hominibus.

2014 4582 2241 4642 Rursus
2282 4589 2478 4639 antem
2531 4596 2752 4657 praeses
2791 4597 2803 4636 :
2859 4576 3268 4657 Nequaquam,
3303 4577 3515 4658 inquit,
3550 4579 3654 4641 sed

2014 4668 2174 4728 illius
2205 4667 2633 4746 prmstigiat‘um
2651 4675 2711 4726 et
2737 4665 3024 4726 similium
3053 4666 3454 4744 prodigiorum
3487 4685 3656 4730 amor

2013 4757 2071 4818 id
2120 4758 2226 4817 tibi
2277 4757 2592 4837 persuasit,
2629 4755 3062 4817 existimantem
3110 4755 3362 4834 teipsum
3420 4775 3655 4836 quoque

2015 4865 2189 4926 posse
2221 4846 2417 4908 facere
2470 4844 2706 4907 similia.
2753 4842 2870 4906 Sed
2919 4863 3109 4923 neque
3164 4844 3651 4922 praestigiatorem

2012 4936 2178 4996 illum
2232 4946 2288 4996 et
2321 4935 2584 5015 planum,
2621 4952 2812 5012 neque
2861 4933 2988 4993 haec
3036 4940 3090 4993 te
3114 4931 3396 5010 juverint,
3435 4932 3546 4992 nisi
3596 4943 3654 4996 te

2013 5033 2247 5086 tuorum
2283 5023 2562 5102 pmniteat
2588 5020 2966 5096 delictorum,
2994 5028 3051 5082 et
3085 5019 3366 5098 pristinos
3393 5019 3652 5082 honores

2011 5133 2217 5176 rursus
2245 5115 2357 5175 diis
2386 5111 2749 5175 reddideris.

2096 5380 2301 5443 XXIV.
2330 5380 2434 5442 Ille
2467 5396 2605 5440 vero
2637 5378 2838 5438 volens
2867 5385 3072 5456 aperte
3105 5373 3461 5436 convincere
3491 5372 3654 5452 igno-

2017 5473 2267 5532 rantiam
2302 5469 2570 5550 praesidis
2607 5466 2850 5548 (sciebat
2883 5464 3042 5527 enim
3074 5473 3301 5544 aperte,
3338 5460 3564 5550 sciebat
3597 5463 3653 5525 ei

2019 5579 2252 5640 quoque
2283 5549 2356 5619 ad
2390 5559 2647 5618 futurum
2680 5555 2888 5635 Thyrsi
2947 5556 3158 5627 Deum,
3191 5561 3248 5614 et
3277 5571 3380 5614 sua
3406 5549 3466 5612 in
3515 5571 3650 5614 cum

2018 5659 2394 5711 ostensurum
2423 5645 2732 5727 prodigia):
2766 5644 3083 5719 Quoniam,
3109 5641 3320 5724 inquit,
3347 5660 3380 5705 o
3411 5659 3648 5722 praeses.
