4028 6138
354 329 474 401 535

1652 320 1929 386 MENSIS
1988 318 2416 385 DECEMBER.

3609 322 3732 390 536

354 481 472 527 non
502 468 671 526 recte
714 457 824 522 tibi
857 475 923 520 se
947 456 1133 519 habet
1185 472 1429 536 corpus,
1463 463 1524 518 et
1566 461 1737 537 putas
1766 471 1860 514 me
1888 454 2002 519 de-

2101 455 2327 532 ίδγεμών,
2387 452 2684 530 ἆνωμάλως
2727 453 2845 533 ἔχει
2890 475 2973 511 σοι
3036 455 3102 512 τὰ
3154 463 3247 512 τοῦ
3302 457 3574 533 σώματος,
3622 459 3731 516 οἴει

353 558 592 631 ceptum
650 568 786 611 esse
845 546 1150 630 ﬂgmentis
1199 554 1260 608 et
1317 544 1498 609 visis:
1550 548 1923 625 accedamus,
1955 547 2007 611 si

358 639 615 715 videtur,
641 639 715 702 ad
750 654 1028 718 magnum
1060 633 1493 715 Esculapium,
1528 644 1586 698 et
1614 640 2010 702 communiter

358 727 768 801 Obsecremus,
802 733 866 789 ut
921 724 1196 788 morbum
1242 725 1348 786 tibi
1403 725 1593 802 sedet,
1626 737 1686 790 et
1737 728 2009 792 libereta

358 817 702 882 doloribus:
736 824 795 879 et
820 824 957 878 tunc
982 814 1137 877 scies
1166 813 1312 876 nihil
1338 815 1584 878 omnino
1615 816 1862 897 ﬁngere,
1896 836 2009 880 nec

357 909 587 971 visione
607 906 928 989 quidquam
962 903 1419 985 apprehendere
1451 905 1597 968 mihi
1626 925 1888 988 unquam
1914 925 2010 968 ve-

362 998 526 1061 nisse
546 997 606 1061 in
629 994 1145 1059 mentem.Eorum
1167 1010 1333 1071 ergo,
1359 1011 1493 1073 qua:
1510 993 1883 1070 dicebautur,
1910 996 2012 1059 ille

362 1084 606 1150 modum
630 1104 750 1148 non
779 1082 1143 1162 intelligens,
1177 1081 1283 1143 sed
1319 1081 1447 1145 haec
1472 1082 1828 1165 simpliciter
1852 1085 2012 1148 dicta

362 1193 496 1240 esse
525 1174 846 1256 arbitrans,
881 1180 940 1235 et
960 1172 1084 1253 jam
1115 1169 1468 1234 Callinicum
1499 1172 1698 1253 aliqua
1725 1174 1862 1237 duci
1889 1193 2013 1255 pte-

363 1264 642 1339 nitentia,
675 1281 810 1327 eum
845 1261 1041 1324 statim
1077 1278 1414 1333 assumens,
1453 1260 1619 1324 laetus
1649 1263 1912 1344 perrexit
1937 1261 2013 1324 ad

360 1358 660 1430 templum.
693 1356 997 1428 Postquam
1021 1363 1210 1411 autem
1243 1355 1488 1424 ingressi
1511 1364 1648 1415 sunt
1666 1358 2014 1416 exsecranda

359 1440 462 1506 illa
483 1442 679 1523 adyta,
704 1449 901 1503 mente
932 1446 1159 1503 attenta
1188 1437 1511 1501 Callinicus
1546 1457 1560 1501 :
1596 1441 1848 1504 Domine
1877 1443 2015 1504 Jesu

364 1530 624 1603 Christe,
656 1528 871 1610 inquit,
906 1533 1007 1609 qui
1056 1545 1163 1606 per
1193 1526 1476 1588 famulum
1525 1537 1688 1591 tuum
1723 1527 2014 1610 Thyrsum

361 1638 399 1682 a
428 1636 527 1681 me
569 1617 804 1699 agnitus
834 1616 997 1680 fuisti
1025 1633 1201 1678 verus
1231 1614 1410 1692 Deus,
1448 1616 1551 1698 qui
1590 1636 1710 1691 me,
1744 1620 1843 1700 qui
1889 1618 2017 1680 mil.

366 1708 480 1771 lies
514 1716 572 1772 te
602 1706 853 1783 otiandi,
888 1714 946 1768 et
994 1707 1190 1786 legent
1226 1718 1389 1767 tuam
1424 1725 1555 1767 sum
1590 1714 2015 1788 transgressus,

2088 540 2145 600 δὲ
2186 544 2325 618 κάμὲ
2381 543 2659 619 πλάσμασί
2709 566 2847 601 τισιν
2907 544 3211 612 ἧπατῆσθαι
3253 547 3340 603 καὶ
3391 549 3727 626 φαντασίαις.

2091 631 2488 710 προσέλθωμεν,
2517 635 2562 689 εί
2617 630 2788 704 δοκεῖ,
2849 639 2916 709 τῇ
2971 633 3192 711 μεγάλῳ
3248 634 3583 709 Ἀσκληπιῷ,
3642 639 3732 695 καὶ

2089 723 2243 792 κοινῆ
2320 722 2700 802 λιπαρήσωμεν
2759 723 2898 780 ὥστε
2966 725 3224 798 κοιμῆσαί
3277 746 3362 783 σοι
3417 728 3480 784 τὸ
3536 728 3731 797 πάθος,

2160 814 2175 834 ι
2280 811 2309 823 α’
2401 811 2447 831 ’κ
2518 817 2543 827 ο
2840 811 2881 835 σν
3081 814 3096 834 ς
3324 815 3337 835 ο
3482 815 3507 836 si
3712 816 3735 838 Α

2091 833 2179 869 και
2237 834 2344 870 των
2388 828 2584 870 οουνων
2640 810 2965 887 ἆπαλλαςαι,
3012 835 3098 870 και
3150 812 3397 881 τηνικαδε
3453 837 3579 891 sto-9
3637 838 3731 872 και

2091 902 2214 977 ωερὶ
2265 901 2396 976 ἐμοῦ
2425 901 2633 963 πάντως
2679 903 2753 965 ὡς
2811 894 2956 958 οὐδὲν
3001 925 3091 975 μοι
3146 901 3441 960 πλάσασθαι
3498 903 3534 971 ἢ
3592 926 3734 983 φαν-

2090 993 2347 1059 τασθῆναι
2415 997 2648 1047 τοιοῦτον
2701 989 2899 1059 ἐπλῆθέ
2955 1012 3107 1053 ποτε.
3169 994 3271 1050 Τὸν
3325 994 3519 1069 τρόπον
3562 994 3736 1050 τοίνυν

2093 1078 2298 1141 ἐκεῖνος
2370 1085 2475 1136 τῶν
2541 1078 2846 1156 Αεγομένων
2896 1084 2956 1139 οὔ
3011 1079 3252 1154 συνιδὼν,
3310 1080 3447 1139 ἀλλὰ
3513 1083 3736 1155 νομίσας

2096 1169 2281 1233 ἁπλῶς
2359 1177 2522 1227 ταῦτα
2591 1168 2824 1246 εἰρῆσθαι
2894 1169 3249 1248 (μεταμέλειά
3319 1193 3398 1235 τις
3472 1170 3572 1239 ἤδη
3641 1174 3739 1227 τὸν

2100 1259 2412 1320 Καλλίνικον
2456 1258 2626 1338 ἔχει),
2678 1256 2999 1336 παραλαϐὼν
3044 1258 3232 1323 εὐθέως
3292 1260 3471 1333 αύτὸν,
3532 1264 3740 1339 χαίρων

2097 1350 2294 1430 ἐχώρει
2344 1350 2474 1426 πρὸς
2522 1349 2612 1405 τὸν
2644 1347 2788 1410 ναόν.
2850 1348 2998 1406 Ἐπεὶ
3025 1346 3081 1405 δέ
3130 1349 3237 1406 τῶν
3264 1356 3469 1428 μιαρῶν
3524 1350 3739 1406 ἐκείνων

2098 1439 2296 1503 ἀδύτων
2354 1438 2500 1503 ἐντὸς
2568 1438 2837 1516 ἐγένοντο,
2921 1441 3209 1519 προσσχὼν
3293 1441 3321 1497 ὁ
3404 1438 3738 1512 Καλλίνικος,

2101 1532 2255 1608 Κύριε
2315 1529 2493 1596 Ἰησοῦ
2568 1527 2786 1607 mna,
2847 1528 2875 1584 ὁ
2953 1526 3037 1585 διὰ
3104 1536 3198 1587 τοῦ
3266 1536 3359 1587 σοῦ
3419 1531 3739 1609 θεράποντος

2100 1620 2295 1698 Θύρσου
2354 1616 2588 1694 ἀψευδὴς
2640 1616 2977 1697 ἐπιγνωσθείς
3038 1642 3128 1694 μοι
3186 1621 3340 1693 Θεὸς,
3406 1620 3435 1676 ὁ
3487 1620 3571 1677 καὶ
3629 1642 3741 1695 μυ·-

2099 1711 2270 1788 ριάκις
2327 1710 2400 1772 εἷς
2473 1708 2531 1764 σὲ
2587 1708 3013 1784 παρηνομηκότα
3074 1730 3142 1783 με
3211 1710 3291 1784 μὴ
3358 1710 3740 1783 ἀπωσάμενος,

363 1817 485 1861 non
513 1796 813 1879 repulisti,
851 1805 909 1860 tu
944 1814 1183 1877 quoque
1222 1813 1399 1874 surge
1430 1815 1589 1859 nunc
1629 1798 1699 1859 ad
1732 1798 2014 1859 auxilium

2101 1802 2254 1864 αὒτδς
2299 1799 2554 1866 ἀνάστηθι
2613 1799 2699 1854 καὶ
2744 1807 2831 1858 νῦν
2874 1801 2947 1864 εἰς
3005 1800 3104 1867 τὴν
3160 1800 3406 1876 βοήθειάν
3466 1821 3589 1874 μου,
3648 1801 3741 1855 καὶ

363 1905 588 1969 meum,
618 1896 677 1950 et
705 1887 767 1948 in
799 1904 895 1948 me
927 1904 1166 1966 quoque
1197 1903 1407 1947 rursus
1439 1894 1600 1948 tuam
1630 1888 1880 1951 ostende
1914 1904 2019 1968 po-

369 1972 635 2039 tentiam.
667 1973 806 2036 Hzec
829 1971 1092 2049 dicebat,
1117 1980 1178 2036 et
1208 1992 1351 2036 ecce
1374 1992 1478 2035 vox
1501 1993 1770 2055 quasnam
1805 1994 1874 2039 ex
1901 1978 2016 2039 alto

365 2062 745 2137 audiebatur,
765 2081 898 2145 quae
927 2072 986 2125 et
1011 2064 1142 2142 ejus
1163 2062 1363 2124 animo
1399 2063 1654 2126 addebat
1682 2065 2013 2140 audaciam,

364 2161 425 2217 et
473 2152 774 2216 excitabat
800 2151 873 2214 ad
906 2150 1174 2214 bravium
1221 2170 1500 2233 supernae
1525 2156 1877 2219 vocationis.
1912 2155 2018 2218 llle

362 2250 730 2315 autem,cum
755 2260 825 2304 ex
850 2259 922 2304 eo
951 2250 1110 2304 esset
1134 2241 1404 2323 repletus
1427 2242 1696 2323 audacia,
1718 2251 1777 2305 et
1799 2263 2017 2307 nomen

367 2331 596 2395 Christi
618 2339 780 2393 esset
808 2330 1047 2406 allatus,
1080 2331 1469 2393 vehementer
1496 2340 1559 2393 et
1587 2333 1902 2396 minaciter
1929 2335 2019 2396 in-

363 2429 573 2503 crepat
620 2419 1009 2483 simulacrum
1042 2419 1389 2501 Esculapii.
1439 2419 1626 2482 Tanta
1654 2439 1795 2484 vero
1828 2431 2019 2485 statua

365 2528 603 2593 parvam
635 2528 758 2574 non
791 2510 927 2571 tulit
956 2508 1461 2591 increpationem,
1497 2510 1601 2571 sed
1630 2512 1825 2572 statim
1858 2511 2017 2573 cadit

358 2599 436 2662 ad
472 2600 634 2662 illius
685 2599 896 2680 pedes,
929 2598 1180 2679 perinde
1217 2616 1286 2659 ac
1319 2598 1369 2658 si
1399 2596 1668 2677 quaedam
1719 2616 1932 2659 manus
1960 2599 2017 2660 ei

357 2687 477 2751 vim
501 2686 921 2752 attulisset.Ad
951 2686 1263 2766 praesidem
1283 2685 1484 2762 itaque
1505 2684 1748 2748 intuens
1778 2686 2017 2750 Callini-

360 2796 469 2841 cus
503 2798 520 2839 :
552 2777 689 2849 Hic,
711 2774 929 2856 inquit,
952 2792 1074 2835 non
1098 2773 1317 2854 poterit
1339 2773 1578 2856 quidem
1604 2794 1875 2858 surgere,
1900 2778 2018 2839 nisi

360 2866 418 2929 ei
442 2882 684 2928 manum
718 2862 1051 2945 praebueris
1081 2861 1437 2941 adjutricem
1464 2884 1481 2945 ;
1514 2863 1760 2945 adspice
1786 2876 2017 2947 ergo,et

358 2971 808 3034 coguoscenon
840 2969 976 3014 esse
1006 2951 1338 3031 praestigias
1370 2971 1479 3016 nec
1508 2963 1720 3034 artem,
1748 2975 1879 3035 qua:
1903 2957 2013 3018 atl-

360 3050 523 3123 sunt,
551 3041 660 3106 sed
708 3043 901 3106 Deum
938 3040 1194 3122 aliquem
1229 3042 1286 3103 in
1322 3060 1418 3103 me
1449 3044 1709 3123 operari,
1736 3046 1837 3126 qui
1867 3044 1925 3107 in
1960 3055 2014 3108 te

368 3149 608 3227 quoque
639 3138 835 3227 potest
887 3130 1094 3227 eadem
1114 3131 1327 3227 facere
1363 3132 1671 3227 miracula,
1704 3134 1771 3227 si
1788 3143 2012 3195 tantum
2032 3175 2075 3227 ο

372 3221 437 3283 in
465 3239 599 3284 eum
630 3219 991 3290 credideris,
1017 3219 1231 3282 Animo
1265 3239 1404 3299 ergo
1433 3220 1608 3282 valde
1634 3221 1848 3283 anxius
1872 3241 2015 3302 prae-

359 3326 480 3386 ses,
515 3307 675 3390 quod
702 3310 825 3385 jam
856 3306 1048 3387 ipsius
1095 3324 1334 3388 quoque
1363 3307 1632 3370 Callinici
1662 3307 1904 3372 fecisset
1927 3311 2018 3390 ja-

358 3406 614 3479 cturam,
646 3402 789 3458 tunc
818 3394 1059 3476 quidem
1093 3413 1228 3456 eum
1263 3395 1514 3457 includit
1542 3394 1601 3457 in
1635 3415 1903 3460 carcere.

435 3486 624 3551 XXV.
676 3483 822 3548 Cum
858 3501 1034 3546 mane
1064 3493 1261 3545 autem
1324 3485 1705 3562 surrexisset,
1736 3488 2016 3567 quoniam

361 3575 557 3656 malis,
593 3591 728 3652 qua:
757 3572 1200 3654 inﬂigerentur,
1232 3590 1366 3634 eum
1404 3583 1646 3636 noverat
1676 3575 1804 3638 fore
1833 3595 2016 3656 supe-

359 3665 609 3745 riorem,
645 3670 708 3725 ut
757 3661 861 3743 qui
891 3660 1114 3741 Thyrsi
1168 3670 1328 3725 esset
1357 3664 1671 3725 aemulator
1700 3666 1759 3726 in
1811 3664 2017 3728 ambos

361 3754 538 3818 talem
576 3751 917 3835 pronuntiat
952 3751 1310 3813 sententiam
1348 3770 1361 3815 :
1424 3750 1595 3813 lllum
1627 3753 1892 3836 quidem,
1920 3756 2014 3816 in-

363 3842 512 3925 quit,
548 3840 650 3923 qui
703 3859 770 3903 se
819 3859 853 3902 a
901 3840 1151 3902 deorum
1202 3840 1436 3922 abrupit
1496 3843 1919 3923 conjunctione
1962 3855 2020 3906 et

362 3929 790 4006 familiaritate,
829 3940 889 3991 et
939 3930 1152 3992 horum
1186 3931 1540 3992 miserorum
1594 3931 1834 4014 fraudit,
1869 3953 2019 4013 quos

359 4019 731 4082 Christianos
757 4026 998 4092 vocant,
1031 4036 1098 4080 se
1126 4018 1421 4099 adjunxit,
1457 4019 1810 4083 Callinicum
1829 4022 2017 4102 jubeo

365 4125 511 4170 ense
543 4115 795 4169 mortem
826 4106 1033 4168 subire
1063 4127 1080 4189 ;
1136 4105 1423 4189 Thyrsum
1458 4127 1625 4183 vero,
1654 4110 1757 4190 qui
1818 4112 2020 4175 multis

366 4195 656 4277 gloriatur
711 4194 1021 4277 prodigiis,
1088 4204 1146 4257 et
1191 4196 1292 4277 qui
1352 4197 1529 4258 etiam
1592 4200 1927 4279 procuravi,
1960 4211 2023 4264 ut

370 4289 555 4350 miser
613 4293 1028 4368 perveteretur
1078 4286 1418 4359 Callinicus,
1452 4287 1515 4347 in
1570 4288 1885 4368 quamdam
1945 4291 2023 4353 li-

372 4393 584 4456 gneam
613 4376 902 4455 injectum
934 4393 1195 4456 eapsam,
1216 4393 1352 4437 cum
1386 4392 1457 4435 ea
1484 4375 1825 4440 acutissima
1855 4398 2022 4444 serra

375 4463 717 4552 minutatim
778 4462 1087 4552 dissecari,
1162 4462 1548 4552 utuprolixte
1585 4463 1747 4528 illius
1798 4466 2022 4552 decep—

375 4551 559 4615 tionis
616 4560 678 4615 et
727 4551 1179 4633 praestigiarum,
1214 4549 1426 4630 dignas
1477 4551 1652 4614 etiam
1684 4564 1814 4636 post
1858 4549 2022 4622 mor-

375 4649 492 4702 tem
551 4639 675 4703 luat
746 4657 978 4720 poenas.
1056 4638 1247 4720 Atque
1301 4639 1402 4701 ille
1456 4640 1696 4720 quidem
1769 4664 1904 4709 cum
1961 4650 2022 4712 in

376 4738 663 4822 martyres
712 4729 865 4791 hanc
900 4727 1131 4822 tulisset
1161 4729 1554 4822 sententiam,
1584 4749 1791 4796 rursus
1839 4742 2025 4822 cmpit

373 4836 583 4882 vacare
610 4817 686 4880 iis
715 4836 847 4899 quae
875 4836 941 4882 se
969 4818 1042 4881 ad
1075 4836 1313 4880 manum
1350 4819 1708 4903 oﬂ'erebaut,
1742 4817 2019 4904 negotiis.

373 4910 525 4972 Cum
579 4925 684 4969 eos
709 4916 906 4970 autem
960 4907 1337 4988 accepissent
1372 4906 1615 4984 milites,
1672 4912 2021 4981 Callinicum

374 4996 620 5080 quidem
652 5013 686 5057 e
715 4995 843 5058 t'oro
873 4996 1180 5071 eductum,
1217 5015 1351 5059 cum
1413 5006 1645 5078 tempus
1676 5003 1942 5082 petiisset
1968 5018 2027 5072 et

374 5085 707 5167 accepisset
765 5085 1150 5168 precationis,
1185 5104 1290 5167 per
1342 5105 1547 5149 ensem
1596 5088 1756 5153 illata
1803 5095 2026 5163 deinde

378 5184 571 5265 morte
628 5184 1064 5265 consummant.
1111 5175 1479 5265 Generosum
1541 5195 1678 5240 vero
1735 5180 2024 5265 Thyrsum

376 5281 514 5355 cum
548 5262 610 5325 in
633 5262 951 5355 quamdam
979 5265 1310 5326 machinam
1334 5264 1723 5355 immisissent
1743 5262 2022 5355 ligneam,

376 5359 445 5410 ut
473 5350 749 5430 improbe
769 5352 1037 5431 jusserat
1069 5371 1309 5432 praeses,
1344 5354 1577 5416 cuidam
1611 5350 1883 5427 Vitali'et
1913 5350 2026 5430 Sa;

377 5437 521 5499 bino
543 5440 1299 5515 mandant,uttormentum
1326 5449 1859 5523 exsequantur.Qui
1889 5475 2022 5519 cum

380 5542 616 5621 sursum
638 5544 867 5621 serram
902 5530 1143 5621 trahere
1172 5529 1660 5621 aggrederentur,
1687 5553 1757 5599 ea
1784 5543 2022 5621 quidem

378 5614 468 5689 eis
501 5611 815 5681 videbatur
842 5616 1011 5679 valde
1037 5617 1231 5703 gravis
1260 5625 1317 5680 et
1346 5616 1531 5683 ductu
1562 5611 1913 5712 diﬂieiliéﬁu
1943 5635 2020 5697 li-

2098 1889 2273 1955 δεῡξον
2319 1889 2408 1947 καὶ
2450 1890 2505 1944 ἐν
2564 1889 2683 1962 ἐμοὶ
2739 1886 2897 1944 πάλιν
2958 1889 3056 1955 τὴν
3112 1887 3414 1946 δυναστείαν
3466 1911 3579 1949 σου.
3642 1890 3742 1945 Καὶ

2098 1978 2208 2038 ἱδοὺ
2277 1978 2428 2059 φωνή
2509 2000 2591 2042 τις
2647 1978 2871 2046 ἠκούετο
2944 1978 3140 2035 ἄνωθεν
3197 1978 3608 2057 ἐπιθαῤῥύνουσά
3687 1999 3748 2034 τε

2102 2072 2261 2128 αὐτοῦ
2314 2070 2410 2136 τὴν
2444 2072 2628 2147 ψυχην
2688 2068 2774 2124 καὶ
2816 2069 2888 2130 εἷς
2912 2069 2974 2124 τὸ
3016 2068 3268 2147 βραϐεῖον
3318 2074 3414 2134 της
3443 2067 3551 2125 ἅνω
3601 2066 3745 2138 κλή‹

2099 2181 2233 2226 σεως
2288 2157 2632 2236 διεγείρουσα.
2687 2151 2744 2216 Ὀ
2805 2154 2857 2213 δὲ
2911 2156 3123 2235 θάῤῥσυς
3166 2160 3402 2214 ἐντεῦθεν
3457 2159 3746 2236 γενόμενος

2101 2248 2374 2328 ἔμπλεως,
2432 2249 2517 2305 καὶ
2578 2247 2640 2303 τὸ
2708 2254 2804 2304 τοῦ
2852 2247 3035 2322 Κυρίου
3102 2246 3271 2321 ὄνομα
3343 2247 3601 2319 ἐπειπὼν,
3664 2255 3747 2321 τῷ

2098 2350 2190 2399 τοῦ
2244 2336 2580 2403 Ἀσκληπιοῦ
2620 2333 2822 2409 εἰδώλῳ
2864 2334 3085 2415 σφοδρόν
3139 2358 3192 2393 τι
3240 2336 3333 2392 καί
3390 2335 3748 2403 ἀπειλητικὸν

2098 2428 2339 2503 ἐπιτιμᾷ.
2401 2427 2495 2485 Καὶ
2553 2428 2581 2481 ὃ
2638 2424 2951 2491 τηλικοῦτος
3010 2423 3218 2502 ἀνδριὰς
3289 2425 3492 2488 ἐκεῖνος
3551 2427 3751 2503 μικρὰν

2100 2522 2194 2577 οὒκ
2252 2515 2473 2593 ἤνεγκεν
2525 2514 2858 2594 ἐπιτίμησιν,
2893 2514 3014 2571 ἀλλ’
3070 2512 3228 2581 ἕξεως
3256 2518 3357 2594 πρὸ
3397 2521 3504 2572 τῶν
3546 2515 3751 2572 ἐκείνου

2098 2603 2273 2663 ποδῶν
2353 2604 2672 2666 καταπίπτει
2744 2604 2923 2681 ὥσπερ
3000 2625 3078 2668 τις
3134 2605 3463 2681 βιασαμένης
3535 2604 3745 2684 χειρός.

2100 2697 2235 2772 Πρὸς
2305 2696 2395 2751 τὸν
2481 2695 2720 2772 ἧγέμονα
2787 2694 2958 2750 τοίνυν
3029 2691 3231 2751 ἀπιδὼν
3301 2697 3328 2752 ὁ
3403 2693 3739 2759 Καλλίνικος,

2099 2784 2283 2857 Οὗτος,
2336 2784 2520 2865 φησὶν,
2581 2781 2697 2840 οὐδὲ
2757 2781 3049 2850 ἀναστῆναι
3092 2781 3307 2846 δυνατὸς
3360 2782 3531 2855 ἔσται,
3574 2783 3615 2837 εί
3659 2780 3737 2855 μὴ

2096 2896 2198 2932 που
2245 2874 2438 2951 βοηθὸν
2495 2872 2648 2938 αύτός
2676 2884 2843 2952 χεῖρα
2888 2870 3107 2950 ὀρέξεις.
3182 2869 3488 2948 Διάϐλεψον
3523 2891 3740 2948 τοιγαρ-

2098 2964 2186 3021 οὖν
2229 2964 2316 3020 καὶ
2347 2966 2509 3042 γνῶθι
2565 2963 2640 3026 ὡς
2673 2964 2734 3019 οὗ
2776 2963 2997 3039 γοητεία
3053 2962 3120 3017 τὰ
3157 2965 3391 3037 παρόντα
3421 2962 3508 3018 καὶ
3550 2961 3745 3039 τέχνη,

2097 3052 2234 3110 ἀλλά
2290 3075 2369 3117 τις
2414 3052 2622 3131 ἐνεργεῖ
2677 3052 2805 3116 Θεὸς
2849 3049 2904 3106 ἐν
2962 3051 3106 3126 ἐμοὶ,
3138 3052 3205 3108 τὰ
3259 3051 3355 3107 ἴσα
3398 3053 3484 3107 καὶ
3527 3050 3614 3106 ἐπὶ
3669 3052 3753 3106 σοὶ

2096 3146 2561 3220 θιυματουργῆσαι
2620 3138 2931 3216 δυνάμενος,
2991 3140 3155 3214 μόνον
3211 3142 3257 3196 εί
3310 3138 3396 3197 ἐπ’
3453 3140 3608 3197 αὐτὸν
3654 3160 3752 3195 πι-

2099 3232 2395 3294 στεύσειας.
2461 3229 2671 3310 Σφόδρα
2739 3229 2865 3308 γοῦν
2936 3229 3216 3305 ἀθυμήσας
3275 3233 3335 3310 ὁ-
3373 3231 3618 3307 ἡγεμὼν,
3666 3226 3751 3283 ὅτι

2100 3322 2186 3377 καὶ
2244 3322 2395 3380 eam
2448 3307 2552 3387 ἤδη
2602 3319 2693 3376 τόν
2753 3307 3064 3378 Καλλίνικον
3121 3307 3404 3396 ἐζημίωτο,
3458 3324 3754 3386 τηνικαῦτα

2100 3409 2198 3487 μὲν
2228 3413 2409 3487 εἱρκτῇ
2436 3407 2737 3465 κατακλείει
2767 3410 2859 3467 τὸν
2892 3407 3072 3483 ἄνδρα.

2178 3499 2316 3564 κε’.
2378 3498 2583 3556 ’Ἕωθεν
2639 3497 2696 3554 δὲ
2750 3499 3004 3571 ἀναστὰς,
3051 3498 3167 3557 ἐπεὶ
3208 3507 3384 3558 κακῶν
3437 3500 3753 3576 ἐπαγωγαῖς

2098 3590 2396 3669 ἆχείρωτον
2476 3588 2632 3644 αὐτὸν
2703 3587 2964 3662 ἑπόμενον
3036 3586 3150 3665 ᾔδει
3223 3592 3315 3645 οἷα
3370 3588 3606 3660 ζηλοτὴν
3661 3593 3755 3644 τοῦ

2101 3679 2300 3756 Θύρσου
2345 3677 2661 3756 γενόμενον,
2705 3679 2958 3744 τοιαύτην
3026 3676 3144 3734 κατ’
3217 3674 3752 3758 ἀμφοτέρων.ἐκφέ-

2099 3790 2178 3848 ρει
2219 3769 2317 3835 τὴν
2376 3771 2580 3845 ψῆφον·
2647 3768 2749 3825 Τὸν
2824 3766 2924 3840 μὲν
2990 3765 3377 3845 ἀπορραγέντα,
3439 3768 3589 3845 φησὶ,
3648 3768 3752 3842 πρδ

2101 3866 2292 3936 μικροῦ
2344 3859 2444 3924 τῆς
2475 3863 2582 3913 τῶν
2635 3860 2769 3913 θεῶν
2801 3858 3147 3931 οἱκειώσεως,
3196 3858 3283 3936 καὶ
3311 3861 3377 3933 τῇ
3417 3856 3526 3912 τῶν
3556 3855 3753 3914 ἀθλίων

2103 3935 2298 3996 τούτων
2358 3938 2538 4013 ἀπάτῃ
2583 3936 2672 4000 οὖς
2736 3941 3078 4015 Χριστιανοὺς
3126 3935 3365 4007 καλοῦσι,
3399 3938 3753 4014 προστεθέντα

2104 4026 2418 4087 Καλλίνικον
2524 4027 2615 4082 τὸν
2698 4023 2781 4082 διὰ
2885 4025 3059 4105 ξίφους
3144 4026 3367 4083 θάνατον
3457 4026 3753 4094 ὑποστῆναι

2100 4115 2325 4174 κελεύω“
2390 4117 2483 4173 τὸν
2539 4113 2594 4171 δὲ
2638 4136 2698 4193 γε
2764 4113 2998 4180 πολλαῖς
3055 4114 3345 4188 τερατείαις
3398 4112 3751 4189 ἐπισεμνσνό-

2105 4227 2264 4282 μενον
2321 4205 2541 4284 Θύρσον,
2587 4205 2645 4269 ὃς
2704 4203 2797 4262 καί
2826 4212 2903 4279 τῷ
2955 4203 3168 4278 δειλαίῳ
3215 4204 3385 4277 τούτῳ
3454 4203 3755 4278 Καλλινίκῳ

2104 4296 2203 4363 τὴν
2286 4292 2607 4373 διαστροφὴν
2691 4293 3109 4373 ἐμνηστεύσατο,
3185 4292 3267 4357 εἴς
3350 4313 3466 4349 τινα
3548 4295 3755 4371 γυμνὴν

2107 4382 2437 4460 ἐμϐληθέντα
2518 4385 2693 4453 θήκην
2748 4382 2980 4458 ὀξυτάτῳ
3060 4385 3152 4440 σὺν
3226 4385 3359 4458 αὒτῇ
3431 4381 3757 4450 διακοπῆναι

2109 4475 2182 4538 είς
2213 4474 2352 4533 λεπὰ
2411 4472 2603 4550 πρίονι,
2639 4474 2712 4538 ὡς
2757 4473 2818 4529 ἃν
2875 4476 2974 4540 ⁸ις’ἱιῖς
3019 4478 3224 4550 μακρᾶς
3274 4470 3480 4537 ἐκείνης
3540 4472 3755 4540 ἆπάτης

2107 4565 2195 4621 καὶ
2244 4564 2490 4642 γοητείας
2532 4561 2678 4629 ἀξίαν
2726 4564 2814 4620 καὶ
2870 4563 3005 4637 μετᾶ
3060 4560 3311 4629 τελευτὰν
3365 4561 3584 4640 ὑπόσχῃ
3656 4563 3757 4630 τὴν

2104 4652 2276 4721 δίκην.
2364 4656 2424 4711 Ὀ
2497 4654 2595 4729 μὲν
2668 4653 2759 4710 οὖν
2813 4658 3029 4709 τοιαῦτα
3087 4652 3222 4707 κατα
3302 4656 3409 4707 τῶν
3478 4651 3757 4728 μαρτύρων

2106 4744 2542 4823 ἀποφηνάμενος,
2603 4743 2710 4800 τῶν
2771 4742 2826 4798 ἐν
2881 4740 3037 4821 χερσὶ
3099 4740 3428 4818 πραγμάτων
3470 4738 3757 4818 φροντίδων

2114 4833 2328 4900 ἥπτετο.
2395 4829 2792 4911 Παραλαϐόντες
2849 4829 2904 4887 δὲ
2955 4829 3142 4894 αὐτοὺς
3200 4830 3247 4886 oi
3302 4835 3620 4907 στρατιῶται
3662 4831 3757 4885 τὸν

2106 4923 2204 4996 μὲν
2263 4920 2574 4981 Καλλίνικον
2632 4919 2979 4999 ἐξαγαγόντες
3036 4924 3133 4987 τῆς
3196 4917 3414 4997 ἐγορᾶς,
3470 4918 3565 4974 καί
3631 4940 3750 4974 καιο

2110 5012 2198 5085 ρὸν
2256 5012 2544 5081 αἰτήσαντα
2597 5014 2901 5090 προσευχῆς
2930 5010 3020 5065 καὶ
3072 5005 3325 5079 λαϐόντα,
3359 5007 3487 5063 εἶτα
3538 5006 3637 5063 καί
3681 5014 3759 5080 τῷ

2109 5098 2194 5157 διὰ
2242 5098 2414 5174 ξίφους
2457 5100 2666 5174 θανάτῳ
2710 5097 2997 5157 τελειοῦσι.
3042 5098 3237 5174 Θύρσον
3278 5094 3332 5151 δὲ
3360 5097 3453 5152 τὸν
3508 5108 3760 5173 γενναϊυν

2110 5189 2192 5255 εἵς
2252 5170 2649 5270 τιμηχάνημα⁷
2696 5189 2896 5267 γυμνὸν
2924 5170 3243 5262 ἐμϐαλδντες
3297 5187 3371 5249 ὡς
3401 5187 3463 5240 τὸ
3521 5170 3761 5259 πονηρὸν

2107 5279 2375 5357 ἐπίταγμα
2447 5277 2672 5354 Βίταλίῳ
2758 5278 2849 5333 τινὶ
2917 5277 3006 5332 καὶ
3086 5272 3294 5347 Σαϐίνῳ
3346 5274 3443 5341 τὴν
3524 5273 3760 5349 βάσανον

2109 5368 2468 5448 ἐπιτρὲπυσιν.
2580 5363 2677 5423 Ὧν
2759 5365 2953 5423 ἄνωθεν
3063 5364 3240 5422 ἕλκειν
3335 5362 3757 5441 ἐπιχειρούντων

2106 5461 2196 5516 τὸν
2246 5461 2455 5537 πρίονα,
2513 5458 2673 5534 βαρὺς
2733 5456 2831 5531 μὲν
2875 5455 3025 5518 οὗτος
3072 5458 3256 5517 αὺτοῖς
3326 5450 3494 5508 ἐδόκει
3552 5450 3757 5526 κομιδῆ

2105 5548 2199 5608 καὶ
2258 5546 2590 5626 δυσάγωγος,
2622 5546 2815 5625 κούφος
2866 5543 2923 5600 δὲ
2978 5542 3129 5607 ὅμωυ
3160 5543 3295 5599 κατὰ
3338 5544 3429 5598 τού
3457 5540 3610 5606 ξύλου
3669 5544 3760 5597 καὶ

2104 5637 2374 5716 μετέωρος
2417 5637 2657 5719 ἤρχετω·
2710 5635 2848 5695 ὥστε
2904 5636 3021 5699 to);
3071 5633 3170 5709 μὲν
3215 5632 3433 5709 κάμνειν
3472 5636 3541 5704 τῷ
3598 5628 3757 5714 ἄχθει
