4056 6142
302 345 418 413 537

1223 346 1689 411 MARTYRIUM
1736 344 1794 406 S.
1851 342 2136 406 THYRSI
2181 343 2278 406 ET
2332 340 2734 407 SOCIOBUM.

3546 335 3665 404 538

301 485 394 541 καὶ
446 482 623 563 ἱδρῶτι
684 481 1040 564 περιρρεῖσθαι
1094 490 1301 563 συχνῷ,
1356 484 1419 539 τὸ
1479 479 1628 549 ξύλον
1692 479 1746 537 δὲ
1804 481 1942 538 ἀπα-

2033 497 2216 558 gnum
2247 495 2386 541 vero
2411 472 2812 539 descendebat
2839 473 3162 536 admodum
3206 473 3355 564 levis
3383 481 3443 536 et
3471 473 3665 538 subli-f

305 575 396 639 θὲς
489 573 668 650 μένειν
702 623 716 650 ,
813 571 1054 649 οὐδαμῶς

299 663 536 741 πρίονος.
569 662 730 728 Τέλος
787 661 842 718 δὲ
899 661 1241 744 σφοδρότερον
1300 667 1405 719 τῶν
1448 659 1647 740 ἀνδρῶν
1693 661 1947 739 ἐγκειμέ-

295 773 402 808 νων
465 751 783 831 διανοίγεται
829 753 927 827 μὲν
987 752 1299 823 αὐτομάτως
1340 752 1377 819 ἡ
1424 752 1566 821 θήκη
1601 769 1619 786 ⁸
1669 748 1827 816 ἔξεισι
1888 747 1942 806 δὲ

290 842 319 897 6
370 841 608 909 ἀθλητὴς
658 841 871 921 φαιδρὸς
929 841 1026 910 τὴν
1093 841 1214 917 ὄψιν
1271 843 1359 898 καὶ
1427 839 1646 918 θαλερός
1683 855 1697 870 ⁸
1760 839 1940 917 ὥσπερ

289 927 486 998 ἡδονῆς
568 933 706 996 θείας
787 939 886 998 τῆς
961 929 1162 989 ἐκείνου
1244 935 1426 1010 ψυχῆς
1513 930 1927 1010 καταχυθείσης.

290 1019 424 1084 Τοὺς
483 1019 582 1094 μὲν
642 1023 730 1076 οὖν
771 1027 1130 1098 περιεστῶτας
1169 1018 1284 1077 ὅσοι
1314 1041 1372 1076 τε
1414 1021 1544 1097 πρὸς
1576 1021 1638 1076 τὸ
1667 1030 1932 1097 τιμωρεῖ-

289 1111 434 1182 σθαι,
494 1110 582 1165 καὶ
635 1108 748 1165 ὅσοι
791 1112 928 1166 κατὰ
971 1109 1092 1167 θέαν
1147 1110 1320 1184 μόνην
1365 1110 1638 1186 παρῆσαν,
1679 1107 1932 1175 ἔκπληξις

289 1198 495 1260 πάντας
560 1198 678 1255 εἷλε
723 1201 812 1255 καὶ
853 1201 1015 1278 θίγειν
1078 1198 1243 1258 οὒδενὶ
1306 1197 1522 1276 δύναμις
1574 1199 1636 1266 ἦν
1696 1196 1781 1255 διὰ
1836 1199 1931 1266 τὴν

289 1285 593 1366 ὑπερϐολὴν
622 1297 715 1348 τοῦ
756 1290 1048 1366 θαύματος.

384 1557 531 1630 ις’.
579 1547 642 1615 Ὀ
695 1559 895 1636 μάρτυς
954 1557 1010 1615 δὲ
1065 1559 1161 1615 τὸν
1226 1559 1430 1615 οἷκετον
1497 1557 1592 1623 τῆς
1667 1555 1942 1626 ἀθλήσεως

299 1643 499 1722 δρόμον
585 1648 892 1723 αἰσθόμενος
965 1647 1067 1716 ἤδη
1142 1649 1272 1725 πρὸς
1332 1645 1483 1710 τέλος
1542 1645 1783 1726 ἥκοντα,
1854 1654 1943 1710 καί

298 1758 446 1800 τινος
530 1737 726 1795 ἄνωθεν
814 1738 990 1819 φωνῆς
1066 1739 1195 1816 πρὸς
1270 1737 1337 1795 τὰ
1388 1736 1614 1815 βραϐεϊα
1675 1735 1942 1804 καλούσης

1143 576 1300 632 αὐτοῦ
1373 570 1783 651 παραπτομένου
1865 577 1942 628 τοί

2034 569 2148 630 mis
2184 591 2197 628 :
2227 569 2374 630 adeo
2407 575 2471 628 ut
2500 565 2586 628 illi
2617 564 2860 646 quidem
2892 564 3160 646 pondere
3191 563 3554 639 laborarent,
3606 567 3666 628 et

2029 657 2213 719 multo
2236 657 2455 719 sudore
2477 654 3213 732 circumﬂuerent,lignum
3237 661 3434 716 autem
3467 672 3668 717 mane-

2024 756 2118 809 ret
2141 746 2464 826 integrum,
2493 744 2551 806 id
2586 762 2751 806 serra
2775 743 3023 806 minime
3041 743 3665 824 attingente.Tandem

2022 845 2219 899 autem
2251 833 2604 915 urgentibus
2625 845 2688 896 et
2709 833 3069 896 instantibus
3089 833 3208 895 illis
3224 833 3665 909 vehementius,

2011 943 2190 1005 capsa
2220 925 2460 1006 quidem
2494 943 2600 986 sua
2633 933 2852 1002 sponte
2876 923 3178 1004 aperitur:
3205 923 3510 1004 egreditur
3531 941 3668 986 vero

2013 1015 2237 1078 athleta
2295 1017 2462 1078 laetus
2518 1022 2574 1076 et
2633 1013 2870 1087 alacris,
2926 1013 3178 1093 perinde
3227 1032 3296 1076 ac
3325 1013 3376 1074 si
3404 1012 3666 1075 divinum

2015 1105 2315 1182 quoddam
2340 1103 2618 1184 gaudium
2646 1103 2805 1165 illius
2836 1102 3154 1165 invasisset
3175 1103 3669 1184 animum.Atque

2019 1211 2122 1255 eos
2151 1193 2417 1273 quidem,
2455 1193 2556 1274 qui
2588 1193 3072 1272 circumstabant,
3109 1199 3228 1254 tam
3265 1191 3366 1273 qui
3394 1191 3666 1274 aderant,

2017 1292 2080 1342 ut
2112 1285 2464 1356 supplicium
2489 1293 2800 1352 sumerent,
2821 1299 2994 1356 quam
3016 1293 3080 1343 ut
3100 1284 3288 1342 solum
3320 1292 3664 1357 spectarent,

2020 1370 2406 1450 cepitomnes
2439 1377 2647 1448 stupor
2676 1378 2737 1430 et
2769 1368 3180 1443 admiratio,et
3209 1388 3404 1452 neque
3435 1378 3669 1451 poterat

2024 1459 2180 1521 ullus
2203 1478 2339 1521 eum
2373 1468 2612 1538 tangere
2643 1468 2887 1541 propter
2914 1459 3153 1540 insigne
3183 1461 3562 1524 miraculum.

2105 1548 2323 1612 XXVI.
2351 1549 2563 1630 Martyr
2594 1558 2794 1612 autem
2819 1568 2955 1611 cum
2989 1551 3280 1612 sensisset
3309 1568 3550 1612 cursum
3577 1552 3667 1613 sui

2027 1638 2372 1701 certaminis
2397 1639 2522 1718 jam
2557 1639 2761 1700 venire
2785 1638 2861 1701 ad
2893 1639 3102 1715 ﬁnem,
3127 1648 3186 1702 et
3213 1640 3474 1721 desuper
3503 1640 3670 1702 audi-

2027 1728 2212 1790 visset
2239 1746 2443 1790 vocem
2475 1728 2813 1809 quamdam,
2833 1747 2968 1792 eum
3001 1730 3074 1792 ad
3105 1730 3306 1793 bravia
3333 1738 3663 1808 vocantem,

297 1823 552 1901 ἆκούσας,
604 1841 795 1908 χεῖρας
830 1818 964 1903 ἅμα
1023 1827 1115 1884 καί
1181 1825 1299 1883 νοῦν
1361 1828 1433 1891 εἷς
1505 1826 1754 1904 οὒρανοὺς
1807 1827 1941 1882 ἅνα-

2030 1836 2239 1879 manus
2269 1819 2445 1879 simul
2481 1826 2540 1880 et
2570 1827 2830 1880 mentem
2865 1818 2925 1880 in
2974 1821 3190 1883 coelum
3223 1821 3438 1883 tollens
3471 1839 3484 1884 :
3537 1823 3666 1897 Ago

299 1917 480 1996 σχὼν,
543 1917 859 1996 Εὖχαριστῶ
915 1939 1022 1996 σοι,
1079 1917 1233 1994 Κύριε
1273 1915 1452 1982 ἰησοῦ
1487 1915 1699 1993 Χριστὲ,
1759 1916 1940 1989 εἶπεν,

297 2006 386 2064 ὅτι
430 2028 499 2082 με
541 2006 748 2073 ἀνάξιον
798 2007 923 2063 ὄντα
978 2003 1332 2084 προσελάϐου,
1367 2007 1454 2061 καὶ
1503 2007 1596 2062 τοῦ
1651 2010 1744 2062 σοῦ
1800 2003 1942 2075 κλή-

297 2121 396 2176 ρου
437 2099 523 2154 καὶ
581 2096 673 2154 τοῦ
730 2100 898 2176 χοροῦ
944 2103 1050 2152 τῶν
1083 2096 1546 2172 εὐαρεστησάντων
1578 2116 1660 2151 σοι
1717 2093 1941 2161 κατηξί-

297 2208 472 2250 ωσας,
534 2188 630 2244 Καὶ
687 2194 774 2243 νῦν
815 2183 956 2251 δὲξαί
987 2209 1091 2260 μου
1133 2185 1229 2254 τὴν
1260 2185 1446 2263 ψυχὴν
1506 2183 1561 2239 ἐν
1604 2183 1808 2262 είρήνῃ,
1852 2185 1941 2240 καὶ

297 2277 377 2337 εἷς
429 2278 491 2332 τὸ
547 2275 700 2354 ἅγιόν
751 2297 845 2332 σου
872 2275 1240 2351 θυσιαστήριον
1289 2274 1488 2339 ταύτην
1539 2273 1786 2351 εἰσάγαγε
1842 2277 1942 2339 τῆς

295 2366 570 2444 ἀφράστου
628 2367 772 2443 παρᾶ
827 2366 909 2422 σοὶ
984 2363 1297 2439 μεθέξουσαν
1361 2363 1706 2441 εὐφροσύνης.
1769 2371 1942 2420 Ταῦτα

303 2455 461 2529 εἶπε,
516 2456 597 2512 καὶ
652 2456 904 2514 πάντοθεν
970 2460 1039 2530 τῇ
1092 2462 1182 2510 τοῦ
1247 2461 1474 2531 Χριστοῦ
1529 2449 1768 2530 σφραγίδι
1832 2473 1938 2518 ση-

304 2545 671 2620 μειωσάμενος
726 2558 851 2608 ταῖς
897 2544 1096 2601 ἐκείνου
1150 2545 1305 2621 χερσὶ
1356 2543 1451 2610 τὴν
1527 2542 1682 2618 ἁγίαν
1757 2541 1941 2620 ψυχὴν

301 2637 671 2711 παρατίθησιν.
731 2634 910 2698 Οὕτως
969 2633 1278 2713 εὐμήχανός
1366 2653 1422 2689 τε
1476 2632 1566 2688 καὶ
1616 2633 1671 2688 ἐν
1716 2629 1941 2710 ἀπόροις

301 2724 523 2801 εὔπορος
580 2727 609 2794 ἦ
687 2733 779 2782 τοῦ
839 2731 972 2782 Θεοῦ
1022 2724 1242 2801 ἅῤῥητος
1318 2729 1498 2802 σοφία.
1558 2721 1691 2780 Ἰδοὺ
1747 2722 1846 2801 γὰρ
1914 2723 1942 2777 6

298 2814 446 2890 παρὰ
503 2821 612 2871 τῶν
693 2815 896 2894 ἐχθρῶν
975 2813 1250 2876 τοσαύταις
1338 2810 1562 2875 ἐκδοθεὶς
1637 2812 1938 2888 τιμωρίαις,

296 2905 388 2961 καὶ
446 2903 616 2980 μηδὲν
691 2905 894 2962 ἐκεῖθεν
966 2905 1144 2960 παθὼν
1219 2900 1461 2981 χαλεπὸν
1517 2901 1787 2974 ἀκολούθῳ
1855 2901 1943 2957 καὶ

299 3000 498 3071 φυσικῇ
527 2993 750 3071 τελευτῇ
779 2994 1028 3050 καταλύει
1070 2996 1159 3050 τὸν
1204 2995 1340 3068 βίον,

389 3082 511 3143 ΚΖ¹.
571 3082 736 3145 Πολὺς
798 3086 825 3139 6
875 3081 1066 3158 μεταξὺ
1120 3081 1337 3162 χρόνος,
1419 3083 1507 3138 καὶ
1556 3079 1940 3146 Διοκλητιανὸς

2030 1907 2137 1969 tibi
2170 1907 2410 1987 gratias,
2449 1910 2702 1971 Domine
2751 1911 2891 1973 Jesu
2951 1911 3208 1985 Christe,
3259 1912 3471 1994 inquit,
3505 1911 3664 1992 quod

2026 2017 2146 2068 me,
2181 1999 2283 2078 qui
2311 2017 2441 2060 sum
2474 1999 3181 2082 indignus,acceperis,et
3207 2008 3304 2065 tua
3325 2001 3669 2065 haereditate

2026 2095 2083 2148 et
2115 2089 2300 2150 choro
2332 2107 2567 2163 eorum,
2599 2095 2699 2170 qui
2734 2089 2838 2152 tibi
2872 2091 3530 2172 placuerunt,dignatus
3560 2093 3662 2154 sis.

2025 2177 2093 2238 Et
2116 2195 2273 2239 nunc
2295 2179 2500 2258 accipe
2519 2179 2779 2240 animum
2809 2198 3000 2242 meam
3025 2182 3084 2242 in
3121 2201 3287 2262 pace,
3320 2188 3378 2242 et
3408 2199 3536 2244 eam
3567 2183 3667 2243 in-

2027 2268 2241 2332 troduc
2266 2270 2337 2330 ad
2361 2288 2594 2331 sacrum
2641 2278 2809 2332 tuum
2843 2271 3052 2346 altare,
3080 2273 3398 2335 ineﬂ‘abilis
3423 2273 3581 2351 apud
3611 2281 3666 2336 te

2023 2358 2240 2420 laetitias
2270 2358 2524 2420 futuram
2575 2361 2948 2440 participem.
2982 2361 3120 2423 Haec
3147 2362 3317 2436 dixit,
3353 2370 3566 2424 etcum
3601 2380 3668 2426 se

2027 2449 2292 2530 undique
2323 2449 2543 2512 Christi
2575 2449 2868 2528 signasset
2897 2451 3224 2530 signaculo,
3252 2451 3313 2512 in
3345 2470 3558 2513 manus
3588 2453 3664 2514 il-

2027 2539 2140 2600 lius
2169 2547 2438 2600 sanctam
2470 2538 2712 2619 deponit
2738 2539 3169 2603 animam.Tam
3191 2539 3428 2604 facilem
3458 2551 3516 2602 et
3545 2551 3663 2604 tam

2028 2629 2364 2709 espeditam
2408 2634 2470 2690 in
2517 2629 2697 2690 rebus
2757 2629 3053 2709 perplexis
3113 2639 3172 2692 et
3201 2630 3397 2692 dubiis
3438 2631 3668 2693 invenit

2031 2719 2179 2780 viam
2203 2717 2522 2780 inetfabilis
2571 2718 2678 2779 Dei
2710 2718 3023 2798 sapientia.
3078 2721 3235 2782 Ecce
3265 2719 3424 2782 enim
3455 2720 3560 2797 qui
3592 2720 3664 2781 ab

2027 2808 2288 2870 inimicis
2306 2815 2419 2869 tam
2446 2807 2648 2868 multis
2666 2807 2855 2869 fuerat
2877 2808 3128 2872 traditus
3149 2809 3480 2890 suppliciis,
3507 2817 3567 2871 et
3596 2829 3668 2870 ex

2025 2896 2102 2958 iis
2121 2896 2268 2959 nihil
2290 2914 2467 2976 grave
2489 2904 2548 2959 et
2579 2896 2897 2958 molestum
2942 2907 3232 2975 senserat,
3260 2905 3667 2963 consentanea

2028 2994 2087 3049 et
2115 2987 2370 3048 naturali
2404 2993 2592 3048 morte
2623 2987 2855 3049 excedit
2887 2988 3024 3053 vita.

2106 3075 2340 3140 XXVII.
2367 3076 2619 3139 Multum
2652 3076 2994 3140 intercessit
3023 3077 3330 3160 temporis,
3361 3086 3419 3139 et
3440 3077 3668 3142 Diocle-

294 3173 401 3245 μὲν
468 3177 566 3240 τῆς
623 3163 898 3248 Ῥωμαίων
975 3171 1150 3252 ἀρχῆς
1227 3175 1546 3241 τυραννικῶς
1629 3168 1884 3227 ἐπιϐαίνει
1921 3183 1936 3201 ⁰

2029 3166 2220 3229 tianus
2252 3165 2496 3261 quidem
2528 3169 2829 3247 tyrannice
2854 3167 3440 3261 Romanuminvadit
3469 3171 3668 3250 impe-

292 3260 632 3339 διατάγματα
674 3261 730 3318 δὲ
773 3262 934 3319 πάλιν
979 3260 1258 3341 πανταχοῦ
1315 3261 1654 3336 καταπέμπει
1699 3261 1734 3328 ἢ
1798 3259 1940 3316 πάν-

294 3372 395 3416 τας
463 3355 608 3424 αὖτῷ
677 3357 996 3419 κοινωνῆσαι
1091 3351 1188 3419 τῆς
1263 3350 1526 3427 ἀσεϐείας,
1625 3351 1656 3419 ἢ
1719 3351 1942 3408 θάνατον

297 3442 611 3520 ὑφίστασθαι
669 3442 766 3508 τὴν
839 3442 1061 3516 ζημίαν.
1112 3439 1384 3517 Ἀῥριανὸς
1466 3441 1638 3498 τοίνυν
1697 3443 1724 3497 6
1781 3462 1942 3506 τηνι-

297 3538 467 3587 καῦτα
510 3537 610 3598 τῆς
671 3528 937 3597 Θηϐαίδος
1009 3529 1353 3607 ἡγεμονεύων
1391 3577 1408 3608 ,
1457 3529 1740 3603 μελλήσας
1793 3527 1939 3584 οὒδὲν

299 3618 536 3677 Ἀσκλᾶν
597 3621 782 3677 αὐτίκα
838 3621 925 3677 καὶ
986 3617 1253 3684 Λεωνίδην
1309 3617 1694 3696 πρεσϐεύοντας
1764 3615 1942 3673 λαϐὼν

298 3711 403 3776 τὴν
445 3708 732 3783 εὖσέϐειαν,
766 3709 998 3771 πολλαῖς
1048 3708 1141 3764 καῒ
1188 3706 1444 3784 μεγάλαις
1494 3704 1782 3763 ὑποϐάλλει
1839 3707 1942 3782 βα-

303 3801 510 3872 σάνοις,
556 3800 681 3855 εἶτα
709 3801 798 3856 καὶ
849 3799 1014 3865 αὐτῆς
1066 3799 1358 3874 πικρότατα
1428 3798 1524 3862 τῆς
1573 3795 1714 3866 ζωῆς
1767 3792 1944 3852 ἁπαλ-

303 3891 509 3950 λᾶττει.
575 3880 666 3952 Ὦς
725 3889 813 3946 οὖν
848 3889 1065 3950 ἐκείνοις
1116 3890 1176 3944 τὸ
1227 3887 1511 3964 μαρτύριον
1560 3883 1777 3956 ἤνυστο,
1845 3905 1942 3940 κε-

302 3978 446 4036 λεύει
493 3984 590 4036 καὶ
642 3979 846 4042 πάντας
885 3977 1248 4057 συλληφθῆναι
1302 3977 1423 4038 τοὺς
1482 3975 1581 4031 ἀνὰ
1635 3974 1736 4041 τὴν
1788 3972 1942 4030 πόλιν

304 4069 679 4146 Χριστιανοὺς,
714 4071 803 4126 καὶ
834 4068 1064 4140 μάλιστα
1095 4065 1209 4123 ὅσοι
1242 4071 1346 4122 τῶν
1396 4064 1572 4120 ἄλλων
1625 4064 1760 4131 ἦσαν
1819 4066 1945 4119 ἐπι-

300 4161 592 4236 σημότερον,
653 4161 752 4228 τὴν
807 4157 1098 4237 εὐσέϐειαν,
1151 4157 1239 4213 καὶ
1303 4155 1620 4230 προτεθῆναι
1672 4153 1769 4228 μὲν
1818 4151 1948 4232 παρ’

299 4249 444 4322 αὖτῷ
499 4249 565 4303 τὰ
619 4249 726 4304 τῶν
784 4246 1054 4306 κολάσεων
1128 4245 1346 4322 ὄργανα,
1427 4244 1612 4300 ἔπειτα
1679 4241 1734 4298 δὲ
1809 4243 1944 4322 κατὰ

299 4337 588 4413 πρόσωπον
663 4335 863 4392 ἐκείνου
948 4335 1035 4392 καὶ
1128 4334 1317 4396 αὖτοὺς
1404 4336 1763 4410 παραστῆναι.
1849 4318 1943 4385 Ὠν

300 4426 526 4492 ὀξύτατα
567 4425 868 4503 γενομένων
927 4426 1083 4488 αὐτὸς
1129 4421 1339 4499 σοϐαρῷ
1383 4421 1480 4496 μὲν
1535 4428 1612 4494 τῷ
1670 4421 1939 4500 σχήματι,

301 4513 651 4593 σοϐαρωτέρῳ
706 4515 762 4572 δὲ
841 4521 916 4589 τῷ
993 4515 1291 4595 φρονήματι
1327 4530 1342 4546 °
1419 4511 1550 4589 Παρ’
1629 4511 1758 4586 ὑμῖν
1830 4509 1941 4565 ἐστι

2025 3257 2179 3318 rium
2218 3279 2230 3316 :
2266 3255 2524 3318 edictum
2556 3265 2751 3318 autem
2799 3275 3009 3321 rursus
3063 3258 3316 3322 mittitur
3343 3260 3402 3320 in
3459 3278 3669 3322 omnes

2027 3355 2248 3423 partes,
2283 3357 2346 3406 ut
2398 3345 2488 3407 vel
2517 3365 2727 3408 omnes
2755 3347 2876 3408 sint
2901 3367 3038 3411 cum
3073 3367 3143 3411 eo
3179 3349 3494 3430 participes
3548 3349 3666 3412 im-

2029 3434 2390 3516 pietatis,aut
2409 3453 2642 3515 pmnam
2664 3437 2868 3498 mortis
2894 3437 3166 3500 subeant.
3191 3438 3478 3500 Arrianus
3501 3457 3662 3519 ergo,

2026 3525 2128 3605 qui
2161 3534 2305 3585 tunc
2339 3534 2463 3586 erat
2503 3543 2722 3604 praeses
2745 3526 3089 3609 Thebaidis,
3132 3527 3283 3589 nihil
3329 3536 3662 3598 cunctatus,

2027 3631 2162 3674 cum
2188 3632 2320 3674 mox
2341 3613 2575 3675 Asclam
2597 3624 2655 3676 et
2672 3614 2993 3678 Leonidem
3016 3609 3411 3696 accepisset,q
3423 3616 3480 3676 ui
3499 3617 3667 3678 cole-

2029 3700 2168 3763 bant
2202 3710 2262 3764 et
2293 3702 2613 3764 tuebantur
2644 3704 2952 3783 pietatem,
2988 3723 3089 3767 eos
3124 3705 3325 3766 multis
3358 3713 3417 3768 et
3443 3707 3668 3785 magnis

2029 3790 2269 3869 subjicit
2289 3791 2629 3868 tormentis;
2654 3791 2874 3854 deinde
2897 3793 3075 3856 etiam
3098 3793 3488 3856 acerbissime
3511 3813 3613 3857 eos
3634 3814 3670 3857 a

2029 3881 2143 3942 vita
2172 3881 2409 3944 liberat.
2442 3880 2760 3962 Postquam
2795 3901 2940 3945 vero
2981 3883 3092 3946 fuit
3115 3891 3417 3965 peractum
3449 3885 3523 3947 ab
3555 3886 3670 3949 illis

2030 3970 2568 4051 martyrium,jubet
2589 3973 2762 4034 etiam
2789 3991 2999 4034 omnes
3017 3973 3447 4054 comprehendi
3469 3975 3668 4039 Chris-

2029 4059 2242 4140 tianos,
2278 4060 2378 4141 qui
2411 4069 2578 4123 erant
2601 4062 2662 4123 in
2694 4061 2955 4135 civitate,
2992 4073 3048 4125 et
3083 4067 3337 4127 maxime
3365 4065 3470 4142 qui
3500 4062 3684 4130 erant

2027 4150 2159 4211 aliis
2191 4151 2414 4231 pietate
2448 4150 2636 4230 magis
2665 4152 3019 4234 insignes,et
3050 4163 3186 4216 ante
3207 4155 3400 4235 ipsum
3424 4157 3667 4232 quidem

2028 4243 2164 4313 poni
2187 4245 2569 4302 instrumenta
2586 4245 3024 4316 suppliciorum;
3040 4247 3247 4305 deinde
3267 4248 3419 4317 ipsos
3441 4261 3672 4320 quoque

2026 4326 2156 4390 sisti
2179 4336 2312 4388 ante
2335 4327 2495 4388 illius
2511 4326 2897 4402 faciem.Quaa
2919 4349 3052 4393 cum
3072 4331 3384 4394 celerrime
3406 4332 3559 4397 facta
3581 4351 3671 4397 es-

2025 4425 2180 4497 sent,
2200 4416 2326 4498 ipse
2352 4415 2612 4497 superbo
2635 4418 2878 4494 quidem
2905 4421 3450 4501 vultu,superbiore
3471 4431 3668 4486 autem

2027 4507 2239 4586 spiritu
2278 4526 2291 4568 :
2320 4507 2444 4570 Hoc
2473 4515 2584 4587 est,
2634 4507 2850 4588 inquit,
2883 4509 2943 4571 in
2977 4529 3153 4573 manu
3186 4519 3404 4586 vestra,
3427 4520 3488 4576 et
3519 4513 3670 4576 hanc

299 4611 486 4674 τοῦτ’),
561 4607 644 4661 καὶ
718 4607 856 4681 ὑμᾶς
909 4606 1115 4683 κυρίους
1185 4610 1278 4659 τοῦ
1335 4601 1648 4678 πράγματος
1708 4603 1938 4672 τίθεμεν,

2029 4613 2154 4657 rem
2188 4605 2398 4658 vestras
2458 4598 2731 4677 potestati
2767 4601 3185 4682 permittimus,
3222 4610 3286 4662 ut
3315 4603 3404 4664 vel
3437 4605 3676 4666 sacriﬂ-

311 4700 407 4750 τοῦ
458 4693 491 4761 ἢ
538 4694 752 4760 θύοντας
821 4693 987 4759 ἀδεῶς
1045 4701 1141 4770 ζῇν
1189 4695 1276 4748 καὶ
1328 4689 1656 4769 ἐλευθερίως,
1706 4689 1742 4756 ἢ
1785 4689 1946 4744 ἄπει-

303 4787 526 4848 θοῦντας
573 4783 838 4849 ποικίλαις
881 4785 1191 4863 τιμωρίαις,
1252 4781 1378 4838 εἶτα
1419 4781 1507 4837 καὶ
1553 4779 1694 4854 αὒτῷ
1742 4778 1950 4852 θανάτῳ

304 4871 567 4934 δίδοσθαι.
653 4880 828 4933 Ταῦτα
909 4877 1003 4930 τοῦ
1068 4874 1333 4950 ἡγεμόνος
1391 4870 1630 4932 εἰπόντος
1698 4875 1789 4925 καί
1845 4873 1950 4924 τῶν

302 4963 546 5042 ὁργάνων
603 4965 792 5028 εὐθέως
849 4961 1269 5043 ὑποδειχθέντων
1330 4961 1539 5039 αὐτοῖς,
1605 4956 1785 5037 ἄνδρες
1860 4958 1950 5012 τὸν

300 5053 528 5131 ἀριθμὸν
612 5054 746 5110 ἑπτὰ
816 5055 905 5111 καὶ
961 5053 1264 5132 τριάκοντα,
1331 5047 1508 5126 ἄνδρες
1563 5049 1653 5105 καὶ
1731 5048 1949 5124 γνώμας

298 5143 393 5198 καὶ
434 5143 616 5222 ψυχὰς
659 5143 946 5217 ἀήττητοι,
1006 5147 1112 5212 τῷν
1157 5137 1458 5213 λεγομένων
1516 5135 1943 5214 καταγελῶντες,

297 5237 414 5288 τῶν
469 5232 755 5310 ὁρωμένων
810 5231 1022 5291 πάντων
1075 5232 1466 5307 ὑπερορῶντες,
1512 5224 1778 5296 ἀλλήλους
1835 5245 1946 5280 πα-

298 5318 711 5398 ραθαρρύναντες
767 5321 856 5377 καὶ
905 5319 986 5376 ὅτι
1029 5320 1107 5396 μὴ
1165 5317 1326 5393 μόνον
1383 5315 1618 5380 εἰπόντες
1677 5321 1769 5371 τοῦ
1816 5312 1946 5372 δυσ-

299 5405 473 5470 σεϐῶς
504 5415 624 5484 ζῇν,
670 5407 808 5465 ἀλλὰ
861 5408 958 5465 καί
1000 5411 1094 5465 τοῦ
1133 5405 1312 5470 καλῶς
1362 5405 1417 5461 ἐν
1475 5402 1712 5476 εὐσεϐείᾳ
1749 5402 1948 5480 διάγειν

298 5500 360 5554 τὸ
408 5498 535 5574 ὒπέρ
580 5499 742 5566 αὐτῆς
800 5498 1037 5554 τεθνάναι
1095 5495 1282 5568 πολλῷ
1325 5493 1560 5571 βέλτιον,
1622 5495 1696 5559 εἰς
1757 5491 1949 5567 μέσους

299 5589 425 5649 τοὺς
487 5585 758 5648 κινδύνους
832 5584 1040 5654 πηδῶσι
1077 5635 1092 5666 ,
1179 5585 1267 5640 καὶ
1346 5587 1437 5639 τὸν
1521 5585 1704 5660 καιρὸν
1763 5581 1948 5647 εὐθέως

301 5676 618 5760 ἁρπάζουσι.
669 5674 815 5744 Πλὴν
887 5679 934 5732 οἱ
994 5676 1093 5754 μὲν
1153 5675 1305 5733 ἄλλοι
1348 5672 1637 5753 προθυμίας
1689 5671 1773 5730 ἐπὶ
1844 5677 1946 5742 τῆς

2030 4694 2480 4766 cantes,secure
2508 4686 2716 4747 vivatis
2742 4695 2801 4748 et
2832 4687 3040 4766 libere,
3068 4709 3138 4753 ac
3168 4691 3219 4752 si
3244 4711 3362 4753 non
3397 4693 3671 4771 parcatis,

2033 4779 2204 4836 variis
2219 4779 2508 4836 dedamini
2530 4777 2916 4850 suppliciis,et
2937 4782 3140 4838 deinde
3161 4783 3325 4840 etiam
3352 4785 3457 4854 ipsi
3485 4787 3674 4843 morti.

2031 4861 2171 4926 Haec
2203 4883 2334 4925 cum
2367 4862 2614 4926 dixisset
2665 4882 2909 4943 praeses,
2962 4876 3022 4928 et
3070 4869 3354 4930 continuo
3384 4877 3678 4931 tormenta

2035 4953 2120 5014 eis
2143 4953 2789 5022 fuissentostensa,viri
2815 4973 3061 5017 numero
3088 4955 3328 5035 triginta
3345 4964 3402 5018 et
3418 4965 3670 5037 septem,

2033 5041 2144 5103 viri
2166 5050 2225 5103 et
2241 5041 2557 5104 sententiis
2582 5041 2787 5103 invicti
2813 5053 2871 5103 et
2892 5043 3210 5119 animis,ea
3231 5064 3364 5126 quae
3383 5043 3674 5108 diceban-

2035 5141 2131 5192 tur
2152 5132 2638 5212 irridentes,quae
2660 5131 3086 5209 cernebantur,
3117 5134 3317 5196 omnia
3334 5134 3675 5216 despicien-

2033 5229 2210 5295 tes,et
2237 5221 2353 5282 sibi
2382 5220 2636 5282 invicem
2661 5220 2926 5282 animum
2952 5223 3411 5298 addentes,cum
3445 5225 3558 5286 hoc
3581 5243 3676 5288 so-

2029 5308 2152 5370 lum
2189 5309 2501 5385 dixissent,
2534 5308 2665 5371 Non
2713 5309 2931 5394 solum,
2983 5331 3156 5394 quam
3212 5313 3398 5395 impie
3449 5313 3670 5390 vivere,

2030 5401 2135 5462 sed
2165 5405 2367 5474 etiam,
2404 5417 2580 5476 quam
2629 5407 2794 5460 recte
2837 5401 2896 5462 in
2933 5402 3150 5480 pietate
3196 5401 3371 5465 vitam
3429 5403 3668 5483 degere,

2034 5507 2138 5569 pro
2169 5489 2296 5570 ipsa
2327 5489 2478 5550 mori
2508 5507 2642 5550 esse
2670 5489 2946 5571 satius,in
2983 5491 3178 5554 media
3204 5493 3521 5574 prosiliunt
3561 5513 3673 5576 pe-

2031 5579 2307 5653 ricula,et
2338 5587 2570 5659 tempus
2599 5579 2882 5641 continuo
2914 5581 3228 5661 arripiunt.
3265 5582 3378 5645 Sed
3407 5583 3504 5645 alii
3529 5589 3672 5662 qui-

2033 5668 2168 5732 dem
2193 5670 2252 5741 in
2275 5668 2488 5733 eodem
2513 5677 2786 5751 prompto
2809 5678 2867 5734 et
2900 5671 3079 5735 alacri
3103 5672 3285 5738 animi
3307 5673 3527 5758 studio,
3559 5673 3669 5736 ad”
