4028 6138
401 311 520 382 539

1701 323 1982 387 MENSIS
2031 322 2455 388 DECEMBER.

3659 323 3780 392 540

403 456 523 547 huc
555 458 1182 540 persistebant,neque
1206 456 1534 540 quidquam
1565 457 1700 522 illos
1731 457 2047 523 conturba-

2137 465 2301 530 αὐτῆς
2372 462 2614 543 εἴχοντο,
2700 462 2786 520 καὶ
2861 461 3005 522 οῦδὲν
3079 471 3184 524 τῶν
3241 465 3518 547 παρόντων
3581 467 3773 530 αὖτοὺς

404 545 504 610 hat
533 565 738 612 eorum
769 569 900 630 quae
931 549 1199 613 aderant.

484 637 998 712 XXVIII.Quidam
1030 640 1509 719 autem,uomine
1531 639 1776 721 quidem
1809 638 2050 720 Apollo-

404 726 565 802 nius,
601 728 814 790 ordine
851 747 994 792 vero
1026 729 1240 802 lector,
1276 748 1411 791 cum
1444 730 1685 791 vidisset
1717 736 2050 791 tormento-

403 834 536 878 rum
568 817 819 880 formam
852 829 910 881 et
959 819 1426 899 multitudinem,
1475 819 1690 881 timore
1718 817 2054 898 completur

405 906 537 986 ejus
564 906 822 987 animus,
863 915 922 969 et
949 907 1292 970 dissolvitur
1341 918 1679 988 promptum
1712 908 1840 986 ejus
1869 907 2051 968 animi

406 995 846 1060 studium.Cum
865 1006 1063 1060 autem
1089 997 1306 1078 duplex
1331 1015 1466 1059 eum
1489 997 1809 1060 invasisset
1833 1005 2047 1073 metus,

403 1101 558 1146 unus
573 1086 813 1166 quidem
836 1086 1280 1149 imminentium
1302 1087 1920 1167 suppliciorum,alter
1940 1106 2050 1149 au-

405 1183 524 1235 tem
555 1173 922 1256 abneganda)
945 1176 1562 1258 impietatis,mediam
1589 1177 1744 1238 inter
1766 1185 2052 1258 utumque

407 1262 761 1342 ingreditur,
795 1275 858 1327 ut
887 1284 1080 1347 neque
1129 1266 1388 1328 animam
1440 1267 1608 1328 daret
1651 1265 2044 1341 daemonibus,

405 1369 600 1433 neque
629 1371 846 1435 corpus
876 1354 1211 1430 lictoribus,
1246 1355 1349 1416 sed
1387 1373 1459 1417 ex
1507 1373 1674 1436 aequo
1715 1362 1774 1416 ct
1812 1355 2046 1417 illorum

406 1443 692 1520 effugeret
716 1444 1032 1524 sacriﬁcia,
1069 1453 1129 1506 et
1159 1445 1369 1506 horum
1403 1445 2045 1517 cruciatus.Quemud-

408 1530 650 1593 modum
682 1539 906 1611 autem,
933 1533 1056 1613 jam
1106 1541 1307 1613 parata
1356 1540 1445 1596 est
1481 1533 1793 1596 declarare
1837 1533 2045 1596 oratio.

405 1619 552 1683 Erat
571 1619 662 1682 vir
679 1621 919 1702 quidam
944 1633 1108 1683 stans
1132 1639 1315 1702 prope
1332 1622 1833 1702 illum,religione
1856 1623 2020 1703 genti
2038 1656 2052 1671 ο

407 1707 755 1783 lis,nomine
784 1720 984 1773 autem
1007 1710 1343 1787 Philemon,
1379 1720 1505 1774 arte
1528 1712 1879 1794 tibicen,qui
1915 1731 2050 1792 pro-

2131 548 2360 628 ἐθορύϐει
2372 599 2384 613 .

2215 639 2350 702 ΚΙΓ.
2402 646 2497 708 Εἷς
2556 640 2611 698 δέ
2651 663 2726 708 τις
2766 643 2866 711 τὴν
2897 643 3090 711 κλῆσιν
3119 646 3216 720 μὲν
3248 644 3636 721 Ἀπολλώνιος,
3670 647 3775 714 τὴν

2132 729 2276 794 τάξιν
2321 729 2376 787 δὲ
2431 731 2802 809 ἂναγνώστης,
2847 733 2913 788 τά
2981 755 3039 790 τε
3097 734 3218 803 εἴδη
3284 737 3367 792 καὶ
3424 735 3606 806 πλήθη
3662 742 3775 792 τῶν

2134 820 2554 900 βασανιστηρίων
2611 819 2757 898 ἰδὼν,
2818 821 2980 901 φόϐου
3044 823 3143 890 τὴν
3216 827 3401 904 ψυχὴν
3475 825 3778 899 πληροῦται

2134 910 2220 965 καὶ
2273 914 2372 975 τὴν
2423 911 2712 990 προθυμίαν
2783 911 3023 968 ἐκλύεται
3056 929 3073 947 ⁶
3135 913 3294 988 διττῷ
3363 912 3418 970 δὲ
3463 912 3610 994 φόϐῳ
3664 936 3778 970 κα·-

2133 997 2490 1074 τειλημμένος
2573 1014 2649 1062 τω
2702 1001 2799 1074 μὲν
2863 1002 3088 1075 προστὰς
3163 1001 3539 1081 ίπηρτημένας
3595 1004 3778 1079 βασά-

2133 1111 2277 1162 νους,
2324 1091 2398 1163 τῷ
2455 1087 2509 1146 δὲ
2552 1092 2683 1162 πρὸς
2726 1091 2824 1158 τὴν
2867 1095 2964 1157 τῆς
3032 1088 3295 1158 εὒσεϐείας
3342 1092 3560 1172 ἄρνησιν
3601 1093 3782 1166 μέσην

2132 1177 2443 1257 ἀμφοτέρων
2503 1178 2776 1258 τρέπεται,
2824 1182 2896 1244 ὡς
2940 1182 3078 1254 μήτε
3109 1182 3206 1249 τὴν
3236 1182 3418 1262 ψυχὴν
3474 1194 3588 1247 τοῖς
3653 1179 3781 1238 δαί-

2132 1289 2256 1342 μοσι
2317 1269 2454 1342 μήτε
2497 1269 2558 1324 τὸ
2601 1273 2757 1343 σῶμα
2793 1270 2914 1331 τοῖς
2957 1268 3174 1345 δημίοις
3222 1269 3480 1351 ἐκδοῦνοι,
3532 1269 3652 1328 ἀλλ’
3687 1269 3784 1327 ἐπ’

2132 1354 2260 1423 ἵσης
2315 1359 2402 1414 καὶ
2453 1359 2548 1420 τὰς
2591 1359 2786 1414 τούτων
2833 1359 3009 1424 θυσίας
3081 1361 3167 1416 καὶ
3223 1362 3314 1426 τὰς
3375 1360 3499 1438 παρ’
3557 1361 3785 1417 ἐκείνων

2131 1449 2384 1523 τιμωρίας
2443 1445 2739 1528 διαφυγεῖν,
2789 1449 2858 1506 Τὸ
2887 1446 2940 1505 δὲ
2986 1449 3132 1515 ὅπως
3180 1451 3208 1506 ὁ
3240 1451 3400 1528 λόγος
3444 1449 3548 1518 ἤδη
3580 1449 3786 1516 δηλοῦν

2131 1535 2364 1611 ἕτοιμος.
2428 1537 2726 1617 Ἐτύγχανέ
2783 1561 2860 1600 τις
2915 1537 3046 1611 ἀνὴρ
3105 1538 3330 1607 πλησίον
3373 1540 3573 1597 ἐκείνου
3605 1539 3782 1604 ἐστὼς

2131 1623 2336 1692 ’Ἕλλην
2380 1628 2442 1681 τὸ
2487 1623 2665 1700 σέϐας,
2715 1625 2812 1692 τὴν
2857 1625 3054 1693 κλῆσιν
3117 1627 3399 1702 Φιλήμων,
3433 1629 3532 1694 τὴν
3564 1627 3781 1706 τέχνην

2133 1713 2366 1782 αὒλήτής
2394 1731 2408 1746 ·
2457 1714 2515 1776 ὅς
2573 1713 2658 1771 διὰ
2711 1717 2906 1782 ταύτην
2946 1715 3194 1773 ἐκαλεῖτο
3237 1719 3335 1792 μὲν
3377 1731 3496 1778 τοῖς
3553 1717 3782 1795 ἐπιχω-

412 1807 544 1878 pter
574 1817 706 1861 eam
733 1799 808 1862 ab
839 1799 913 1862 iis
933 1800 1172 1880 quidem
1197 1802 1296 1882 qui
1327 1801 1671 1865 habitabant
1693 1801 1753 1862 in
1781 1802 2046 1879 regione,

2136 1804 2265 1881 ρίοις
2316 1803 2594 1876 Χοραύλης
2631 1820 2644 1834 '
2707 1803 2891 1883 ἔτερπε
2949 1804 3002 1860 δὲ
3065 1809 3152 1862 καὶ
3241 1806 3512 1885 Ἀῤῥιανὶν
3573 1808 3786 1862 ὁπόταν

405 1887 730 1950 vocabatur
760 1889 1106 1952 Choraules.
1155 1889 1498 1953 Delectabat
1555 1910 1694 1953 vero
1730 1893 1781 1953 is
1811 1910 2053 1972 quoque

410 1976 755 2046 Arrianum,
791 1979 1024 2058 quando
1085 1979 1385 2060 paululum
1419 1980 1644 2042 laxatus
1673 2000 1707 2043 a
1736 1981 1917 2056 curis,
1952 1999 2051 2041 as-

415 2063 670 2144 piciebat
693 2068 765 2129 ad
791 2069 1167 2150 voluptatem.
1195 2068 1338 2132 Cum
1373 2089 1508 2130 eum
1529 2075 1725 2132 autem
1751 2089 1933 2152 prope
1966 2071 2052 2131 vi-

415 2154 603 2217 disset
630 2157 1011 2240 Apollonius,
1043 2158 1310 2236 advocat,
1345 2167 1403 2220 et
1458 2159 1773 2240 pollicetur
1802 2160 1857 2221 ei
1899 2179 2051 2241 qua-

416 2249 551 2306 tuor
575 2264 814 2327 aureos,
848 2249 898 2309 si
942 2267 1049 2329 pro
1081 2247 1181 2310 illo
1213 2248 1530 2323 sacriﬁcet,
1557 2257 1617 2310 et
1640 2267 1776 2310 eum
1809 2251 2050 2331 quidem

413 2331 632 2397 liberet
655 2355 688 2398 a
721 2339 1054 2418 tormentis,
1082 2357 1184 2400 eos
1237 2357 1375 2400 vero
1401 2338 1502 2418 qui
1535 2337 1835 2419 videbant,
1867 2350 1926 2401 et
1955 2341 2048 2419 ip-

398 2439 532 2485 sum
554 2425 876 2490 Arrianum
898 2427 1442 2508 deciperet,diceus
1456 2427 2051 2507 seApollonium.Pa-

397 2521 492 2574 ret
513 2513 608 2576 his
636 2516 974 2590 Philemon;
997 2523 1055 2577 et
1081 2517 1241 2579 illius
1257 2517 1499 2596 quidem
1523 2526 1743 2577 vestem
1768 2517 2046 2593 induens,

403 2613 461 2666 et
494 2604 743 2679 vultum,
776 2607 968 2686 quoad
1003 2607 1134 2686 ejus
1165 2606 1294 2667 ﬁeri
1328 2605 1540 2686 potuit,
1577 2605 1878 2684 operiens,
1916 2625 2050 2686 per-

399 2694 562 2754 venit
606 2693 679 2755 ad
711 2695 1067 2755 sacriﬁcium
1096 2715 1111 2774 ;
1164 2696 1320 2756 Deus
1377 2700 1577 2754 autem
1611 2702 1757 2770 erat,
1793 2697 1890 2775 qui
1924 2695 2049 2758 haec

404 2782 759 2860 procurabat
788 2781 1242 2856 admirabiliter,
1273 2791 1331 2844 et
1359 2781 1769 2844 Philemonem
1803 2783 2046 2864 quidem

402 2871 476 2933 ad
499 2889 564 2932 se
585 2871 915 2934 attrabebat
941 2891 1049 2953 per
1069 2873 1481 2952 Apollonium;
1503 2891 1611 2952 per
1633 2873 2046 2936 Philemonem

404 2967 603 3021 autem
637 2961 948 3041 Apollonio
981 2961 1220 3024 texebat
1251 2980 1530 3024 coronam
1561 2963 1850 3043 martyrii,
1883 2965 2049 3027 etsic

404 3067 512 3128 per
547 3068 612 3111 se
642 3049 898 3112 invicem
931 3051 1080 3114 dans
1135 3051 1430 3114 ambobus
1463 3051 1864 3134 occasionem,
1898 3060 1962 3114 ut
1994 3060 2047 3116 ei

407 3137 736 3201 familiares
767 3140 1114 3206 evaderent.

485 3228 858 3292 XXIX.Nam
885 3249 1018 3292 cum
1033 3229 1444 3292 Philemonem
1469 3238 1608 3292 tunc
1628 3231 2045 3306 illuminasset,

405 3325 486 3393 et,
520 3325 585 3380 ut
608 3337 744 3380 cum
779 3329 938 3381 veste
967 3321 1236 3381 animum
1263 3337 1496 3400 quoque
1521 3329 1794 3394 mutaret,
1822 3321 2052 3382 eﬁ‘ecis-

405 3415 517 3480 set,
569 3407 710 3469 fecit
764 3416 826 3470 ut
885 3408 997 3471 hoc
1049 3409 1244 3490 ipsum
1297 3417 1476 3490 esset,
1509 3409 1669 3487 quod
1702 3408 2044 3474 simulabat.

398 3499 542 3556 Nam
563 3513 696 3557 cum
717 3515 778 3557 se
801 3501 1034 3573 quidem
1060 3502 1226 3573 signo
1249 3502 1438 3558 crucis
1457 3503 1744 3572 signasset
1775 3509 1822 3558 ta
1834 3515 2048 3574 nquam

402 3587 792 3667 Christianus,
830 3587 974 3648 utin
1003 3587 1115 3649 hoc
1137 3605 1373 3668 quoque
1420 3586 1766 3648 ostenderet
1796 3586 2044 3667 Apollo-

403 3676 594 3751 nium,
626 3675 926 3756 profectus
955 3685 1045 3738 est
1075 3684 1238 3737 recta
1256 3675 1328 3736 ad
1349 3675 1540 3756 ipsum
1569 3673 1903 3756 praesidem.
1939 3674 2047 3738 Ille

399 3775 596 3828 autem
625 3784 758 3827 cum
793 3784 928 3828 eum
953 3765 1329 3835 vidisset,eos
1357 3766 1456 3845 qui
1491 3763 1741 3826 aderant
1772 3763 2041 3840 rogabat,

401 3855 675 3934 quisnam
709 3863 887 3916 esset.
937 3854 1079 3916 Cum
1112 3852 1198 3914 illi
1228 3871 1366 3914 vero
1399 3852 1689 3915 dixissent
1723 3871 1736 3916 :
1771 3853 1874 3914 Est
1905 3855 2044 3934 qui-

403 3945 539 4006 dem
571 3962 748 4016 unus,
789 3951 852 4006 ut
883 3942 1137 4017 videtur,
1176 3961 1245 4004 ex
1276 3941 1629 4004 Christianis
1665 3963 1678 4006 :
1712 3942 1813 4003 ille
1845 3952 2042 4004 autem

394 4032 677 4113 jussisset
704 4031 864 4094 illico
911 4051 1045 4094 eum
1098 4031 1455 4108 sacriﬁcare,
1517 4040 1656 4092 tunc
1703 4031 2038 4112 Philemon,

401 4129 598 4184 mente
632 4120 862 4183 facilius
913 4129 1132 4183 mutata
1164 4140 1341 4201 quam
1385 4128 1570 4201 veste,
1601 4130 1660 4182 et
1695 4120 1943 4200 perinde
1973 4139 2042 4182 ac

399 4211 694 4273 reveritus
719 4218 879 4274 esset
926 4211 982 4271 id
1013 4210 1169 4291 quod
1203 4209 1572 4281 imitabatur,
1605 4217 1705 4269 aut
1739 4208 1930 4289 potius
1961 4210 2041 4288 ei,

399 4299 558 4380 quod
591 4311 682 4363 est
729 4299 938 4374 videri,
974 4308 1038 4362 ut
1066 4307 1226 4362 esset
1271 4298 1449 4358 etiam
1503 4297 1846 4377 adjecisset,
1881 4297 2042 4360 clara

399 4408 570 4462 voce,
597 4397 884 4470 quantum
920 4396 1172 4469 poterat,
1207 4385 1536 4448 clamabat:
1589 4384 1716 4448 Non
1747 4387 2041 4448 sacriﬁco.

2134 1895 2220 1948 καὶ
2265 1893 2415 1955 οὗτος
2487 1893 2649 1970 μικρὰ
2713 1899 2818 1950 τῶν
2887 1893 3169 1972 φροντίδων
3213 1895 3514 1957 ἀπολυθείς.
3579 1901 3787 1952 Τοῦτον

2133 1983 2290 2060 ἔγγὺς
2350 1980 2473 2038 ἰδὼν
2532 1981 2893 2048 ’Λπολλώνιος
2953 1981 3108 2040 καλεῖ
3152 2006 3206 2039 τε
3257 1986 3387 2062 πρὸς
3448 1983 3632 2040 ἑαυτὸν
3687 1986 3786 2055 καὶ

2134 2073 2480 2151 ὑπισχνεῖται
2533 2079 2763 2150 χρυσοῦς
2824 2071 3117 2151 τέσσαρας,
3167 2075 3208 2129 εἰ
3262 2073 3375 2129 ἄντ’
3433 2073 3631 2129 ἐκείνω
3675 2073 3784 2140 τὴν

2134 2162 2313 2217 θυσίαν
2401 2160 2612 2217 ὅπὲλθοι
2648 2209 2663 2240 ,
2738 2162 2822 2218 καὶ
2893 2169 3074 2218 τοῦτον
3155 2163 3252 2235 μὲν
3335 2167 3442 2218 τῶν
3525 2162 3780 2236 βασάνων

2133 2251 2375 2330 ρύσαιτο,
2446 2251 2565 2312 τοὺς
2626 2252 2857 2326 ὁρῶντας
2911 2247 2964 2304 δὲ
3029 2253 3114 2306 καὶ
3172 2252 3326 2307 αὐτὸν
3372 2249 3643 2330 Ἀῤῥιανὸν
3699 2253 3782 2315 ὡς

2135 2341 2290 2404 cura;
2348 2339 2439 2406 εἴη
2514 2338 2878 2403 Ἀπολλώνιος
2914 2381 2931 2411 ,
3010 2342 3454 2418 παρακρούσαιτο.
3532 2342 3780 2397 Πείθεται

2132 2430 2338 2491 τούτοις
2386 2427 2670 2502 Φιλήμων,
2722 2427 2812 2483 καῖ
2867 2430 2964 2494 τὴν
3025 2428 3224 2484 ἐκείνου
3279 2429 3477 2495 στολὴν
3523 2427 3780 2504 μετενδὺς

2132 2520 2218 2573 καὶ
2275 2518 2335 2572 τὸ
2402 2516 2686 2592 πρόσωπον
2776 2518 2848 2580 ὣς
2918 2517 3043 2584 ἐνῆν
3121 2516 3496 2592 καλυψάμενος
3573 2517 3778 2597 ἐχώρει

2131 2607 2262 2684 πρὸς
2307 2606 2400 2673 τὴν
2453 2607 2650 2668 θυσίαν,
2713 2607 2841 2671 Θεὸς
2887 2604 2940 2661 δὲ
2998 2605 3096 2684 ἄρα
3153 2607 3216 2674 ἧν
3248 2609 3275 2663 ὁ
3309 2616 3472 2665 ταῦτα
3520 2629 3779 2684 πραγμα-

2129 2697 2412 2770 τευόμενος
2473 2694 2802 2774 παραδόξως,
2849 2697 2936 2752 καὶ
2991 2696 3276 2770 Φιλήμονα
3319 2697 3416 2771 μὲν
3450 2693 3516 2751 δι’
3567 2693 3775 2752 Ἀπολ-

2131 2783 2320 2841 λωνίου
2377 2785 2508 2860 πρὸς
2556 2785 2739 2840 ἑαυτὸν
2795 2785 3191 2864 ἐπισπώμενος,
3225 2783 3316 2841 διὰ
3366 2784 3665 2859 Φιλήμονος
3710 2781 3768 2838 δὲ

2131 2872 2480 2945 Ἀπολλωνίῳ
2536 2883 2628 2932 τοῦ
2707 2874 2988 2951 μαρτυρίου
3063 2872 3277 2930 πλέκων
3332 2875 3424 2930 τὸν
3481 2873 3764 2953 στέγανον,

2131 2965 2219 3018 καὶ
2270 2963 2408 3019 οὕτω
2469 2962 2708 3040 ἀφορμὰς
2779 2961 2843 3018 δι’
2905 2960 3155 3032 ἀλλήλων
3221 2961 3543 3042 ἀμφοτέροις
3602 2959 3772 3025 διδοὺς

2131 3053 2230 3120 τὴν
2269 3052 2399 3130 πρὸς
2432 3053 2590 3110 αὐτὸν
2633 3052 2977 3116 οὶκειώσεως,

2214 3229 2350 3289 ΚΦ’.
2412 3229 2815 3306 Περιαστράψας
2873 3230 2971 3308 γὰρ
3025 3230 3145 3286 τότε
3188 3227 3454 3305 Φιλήμονι
3499 3232 3781 3308 φωτισμὸν

2132 3321 2219 3376 καὶ
2276 3319 2454 3396 ὣσπερ
2513 3319 2625 3394 ἅμα
2682 3326 2751 3394 τῇ
2805 3321 2970 3396 στολῇ
3028 3320 3116 3376 καὶ
3146 3319 3245 3386 τὴν
3295 3320 3481 3399 ψυχὴν
3540 3320 3779 3394 ἀμεῖψαι

2130 3409 2534 3485 παρασκευάσας
2587 3410 2746 3466 ταύτὸ
2793 3411 2935 3465 εἶναι
2992 3409 3311 3482 πεποίηκεν,
3370 3408 3500 3484 ὅπερ
3557 3406 3656 3487 ἄρα
3689 3411 3784 3465 καὶ

2129 3499 2430 3576 ὑπεκρίνετο
2463 3514 2477 3530 ·
2533 3499 2960 3576 σφραγισάμενος
3019 3499 3117 3573 μὲν
3171 3497 3271 3576 γὰρ
3319 3497 3415 3554 οἷα
3464 3499 3778 3576 Χριστιανὸς

2129 3593 2206 3661 τῷ
2247 3592 2338 3642 τοῦ
2381 3593 2604 3664 σταυροῦ
2659 3587 2868 3660 σημείῳ
2893 3634 2908 3665 ,
2969 3586 3060 3642 ἵνα
3115 3584 3212 3642 κᾶν
3265 3585 3436 3658 τούτῳ
3489 3583 3630 3660 δείξῃ
3689 3587 3779 3641 τὸν

2130 3673 2518 3749 Ἀπολλώνιον,
2566 3674 2690 3754 παρ’
2735 3675 2892 3732 αὐτὸν
2932 3675 3121 3739 εὐθέως
3179 3675 3268 3730 τὸν
3328 3674 3569 3752 ἡγεμόνα
3615 3674 3770 3754 ἐχώ-

2127 3787 2228 3843 ρει,
2293 3755 2350 3822 Ὀ
2415 3763 2469 3820 δὲ
2511 3766 2604 3820 τὸν
2660 3762 2818 3842 ἄνδρα
2875 3763 3018 3838 ἰδὼν,
3083 3763 3159 3827 τίς
3218 3763 3370 3828 οὗτος
3425 3764 3608 3834 ἠρώτα
3649 3765 3779 3828 τοὺς

2127 3855 2494 3933 παρεστῶτας,
2532 3844 2626 3917 Ὠς
2671 3853 2725 3910 δὲ
2771 3855 2818 3909 οἱ
2853 3853 2973 3928 μὲν,
3009 3854 3114 3908 τῶν
3174 3858 3527 3930 Χριστιανῶν,
3588 3852 3774 3927 εἷπον,

2126 3945 2303 4020 ὥσπερ
2361 3943 2552 4022 ἔοικεν,
2640 3944 2747 4021 εἷς,
2821 3945 2848 3999 ὁ
2922 3940 2976 3998 δὲ
3030 3941 3172 3998 θύειν
3225 3942 3382 3999 αὐτὸν
3438 3947 3776 4021 παραχρῆμα

2123 4032 2400 4106 ὶπέυαττε,
2453 4033 2574 4088 τότε
2613 4031 2677 4099 δὴ
2715 4032 2836 4088 τότε
2887 4030 3149 4105 Φιλήμων
3201 4029 3323 4108 ῥᾷον
3369 4030 3405 4098 ἢ
3461 4031 3521 4086 τὸ
3578 4029 3777 4106 ἔνδυμα

2126 4123 2224 4190 τὴν
2256 4122 2476 4198 γνώμην
2507 4118 2822 4196 μεταϐαλὼν
2882 4122 2970 4177 καὶ
3026 4119 3206 4198 ὥσπερ
3265 4120 3292 4175 ὃ
3341 4119 3594 4194 ἐμιμεῖτο
3645 4117 3772 4178 δυσ·

2125 4213 2357 4278 ωπηθεὶς
2409 4211 2443 4279 ἣ
2506 4213 2563 4267 τὸ
2647 4208 2824 4267 δοκεῖν
2882 4208 3087 4284 μᾶλλον
3157 4209 3244 4265 καὶ
3331 4209 3457 4264 αὑτὸ
3507 4210 3569 4264 τὸ
3623 4209 3770 4264 εἶναι

2128 4303 2393 4380 προσθεὶς,
2442 4299 2660 4378 λαμπρᾷ
2735 4299 2810 4364 ὠς
2880 4299 3040 4378 εἶχεν
3112 4297 3370 4376 ἀνέκραγε
3431 4297 3498 4373 τῇ
3565 4303 3718 4376 φωνῇ
3753 4314 3766 4328 ·

2129 4392 2199 4448 0-3
2254 4391 2360 4447 θύω
2392 4437 2408 4464 ,
2482 4389 2790 4466 Χριστιανὸς
2868 4389 2968 4466 γὰρ
3039 4400 3183 4460 εϊμι,
3270 4387 3492 4464 Χριστοῦ
3552 4384 3764 4460 δοῦλος,

400 4479 547 4541 Sum
579 4477 737 4540 enim
763 4476 1156 4551 Christianus,
1191 4475 1407 4538 Christi
1429 4491 1662 4551 servus,
1696 4477 1913 4539 Christi
1937 4478 2044 4539 Dei

2134 4485 2352 4558 Χριστοῦ
2394 4479 2485 4536 τοῦ
2526 4483 2721 4550 ζῶντος
2770 4484 2921 4538 Θεοῦ,
2986 4475 3085 4534 Καὶ
3137 4478 3165 4532 ὁ
3218 4476 3479 4552 ἡγεμὼν,
3539 4478 3612 4533 Οὐ
3667 4481 3772 4552 πρὸ

397 4566 537 4629 vivi.
571 4563 794 4628 Praises
816 4575 1014 4628 autem
1041 4586 1054 4628 :
1076 4563 1205 4626 Non
1225 4563 1418 4624 vidisti
1442 4567 1614 4644 paulo
1636 4573 1794 4639 ante,
1830 4565 2041 4648 inquit,

2134 4569 2322 4646 μικροῦ
2377 4569 2661 4648 ἑώρακας,
2719 4567 2898 4639 εἶπεν,
2971 4563 3170 4632 ἡλίκων
3227 4565 3315 4620 καὶ
3365 4563 3503 4620 ὅσων
3561 4565 3609 4620 οἱ
3652 4565 3771 4641 περὶ

399 4655 598 4737 qualia
627 4663 686 4718 et
715 4673 886 4735 quam
917 4654 1099 4716 multa
1131 4654 1397 4736 perpessi
1441 4653 1730 4735 supplicia
1757 4653 1962 4718 Asclas
1988 4665 2047 4718 et

2134 4656 2362 4715 Ἀσκλᾶν
2416 4658 2510 4714 καί
2557 4654 2823 4721 Λεωνίδην
2893 4653 3227 4733 πειραθέντες
3285 4650 3583 4725 κολάσεων,
3646 4656 3771 4708 εἶτα

394 4743 712 4819 Leonides,
739 4743 958 4806 deinde
989 4744 1166 4806 etiam
1201 4753 1390 4806 morte
1420 4743 1590 4806 fuere
1614 4743 2046 4807 condemnati?

2134 4747 2216 4804 καὶ
2271 4747 2492 4803 θάνατον
2544 4748 2981 4822 κατεκριθησανς
3050 4743 3110 4800 '0
3174 4739 3252 4816 δὲ,
3314 4741 3449 4798 Αὐτὸ
3515 4742 3614 4815 μὲν
3681 4741 3771 4798 οὖν

396 4836 523 4900 Hoc
554 4835 774 4915 ipsum,
807 4833 1022 4914 inquit,
1050 4835 1159 4895 fuit
1194 4834 1336 4895 mihi
1367 4833 1767 4914 occasio,quze
1797 4851 1897 4896 me
1927 4835 2044 4895 im-

2134 4844 2305 4916 τοῦτο,
2364 4834 2488 4913 ἔφη,
2553 4833 2644 4889 καί
2703 4833 2923 4912 ἀφορμὴ
2978 4838 3068 4888 τοῦ
3127 4831 3410 4910 μαρτυρίου
3453 4851 3545 4906 μοι
3602 4829 3768 4909 γέγο-

395 4925 547 5006 pulit
578 4923 650 4986 ad
684 4927 1050 5004 martyrium,
1081 4923 1240 5004 quod
1287 4923 1494 4985 Asclas
1547 4932 1604 4984 et
1637 4923 1930 4986 Leonides
1961 4926 2045 4986 sic

2134 4946 2213 4981 νεν
2249 4945 2262 4958 ⁸
2323 4923 2403 4981 ὅτι
2433 4925 2518 4980 καὶ
2549 4921 2777 4987 Ἀσκλᾶς
2806 4924 2892 4978 καὶ
2921 4917 3184 4987 Λεωνίδης
3239 4919 3378 4976 οὕτω
3424 4920 3526 4997 πρὸ
3576 4925 3768 4997 μικροῦ

395 5016 570 5097 paulo
601 5021 739 5078 ante
768 5014 1152 5076 decertarunt
1193 5023 1437 5094 propter
1465 5013 1793 5090 Christum,
1829 5021 1887 5075 et
1917 5033 2044 5075 ma-

2134 5013 2209 5071 δια
2267 5015 2493 5093 Χρεστδν
2559 5012 2880 5090 ἠγωνίσαντο
2915 5059 2931 5086 ,
3007 5010 3093 5069 καὶ
3175 5009 3432 5086 μεγίστης
3490 5009 3766 5083 ὁπομοκῆς

393 5106 551 5168 xime
583 5103 911 5168 tolerantiae
936 5103 1076 5166 hinc
1112 5103 1351 5184 percepi
1383 5103 1744 5172 doctrinam,
1782 5111 1845 5165 et
1871 5122 2040 5183 argu-

2134 5105 2355 5164 ἐντεῦθεν
2459 5102 2764 5179 ἐδρεψάμην
2867 5097 3204 5156 διδασκαλίαν
3303 5100 3391 5154 καὶ
3487 5099 3766 5176 καρτερίας

395 5202 659 5257 mentum
686 5191 1148 5256 fortitudinisEt
1166 5190 1392 5272 alioqui
1419 5190 1769 5252 miraculum
1797 5191 1954 5272 quod
1981 5193 2042 5253 in

2134 5194 2394 5255 5ndOestv.
2452 5190 2679 5256 ’Ἄλλως
2709 5212 2767 5247 τε
2797 5190 2883 5246 καὶ
2939 5189 3002 5244 τὸ
3056 5191 3232 5263 θαῦμα
3291 5187 3319 5242 ὃ
3375 5187 3492 5264 περὶ
3533 5186 3632 5254 τὴν
3665 5185 3766 5254 σὴν

396 5283 498 5345 illa
529 5283 658 5344 navi
693 5291 788 5344 tua
818 5283 902 5343 illi
939 5299 1129 5362 nuper
1173 5281 1590 5352 ostenderunt,
1650 5299 1849 5361 quam,
1903 5299 2039 5343 cum

2134 5282 2335 5340 ἐκεῖνοι
2391 5288 2512 5338 ναῦν
2567 5278 2899 5344 ἐπεδείξαντο
2951 5281 3249 5357 φερομένην
3313 5276 3474 5343 αὑτὴν
3533 5273 3619 5330 διὰ
3677 5282 3772 5332 τοῦ

397 5391 503 5452 per
547 5371 808 5434 medium
841 5370 1104 5434 ﬂuminis
1135 5369 1362 5431 alveum
1420 5371 1696 5440 ferretur,
1731 5371 2036 5445 sisterunt,

2134 5378 2366 5446 ποταμοῦ
2426 5370 2560 5426 κατὰ
2618 5367 2780 5443 μέσον
2858 5369 2950 5423 τὸν
3026 5365 3188 5443 πόρον
3248 5366 3567 5443 στήσαντες,
3627 5364 3770 5429 τίνας

397 5451 549 5541 quos
575 5479 690 5522 non
712 5461 1040 5534 induxerit,
1076 5469 1135 5518 ut
1156 5477 1220 5520 se
1263 5466 1473 5538 parent
1497 5459 1568 5519 ad
1593 5459 2037 5538 suscipiendum

2134 5465 2218 5519 δύκ
2261 5459 2322 5516 ἂν
2382 5457 2735 5516 ἀποδύσασθαι
2779 5457 2907 5536 πρὸς
2971 5456 3058 5511 τὸν
3117 5455 3272 5510 αὑτὸν
3321 5454 3452 5532 ὑπὲρ
3502 5451 3770 5518 εὐσεϐείας

394 5558 696 5610 certamen
755 5567 861 5629 pro
921 5550 1185 5628 pietate?
1233 5546 1379 5609 Cum
1435 5546 1790 5627 desperaret
1838 5548 2039 5630 itaque

2134 5550 2300 5627 ὶγῶνα
2390 5546 2854 5623 παρασκευάσειες
2927 5551 3262 5601 Μεταπετσαι
3341 5543 3512 5599 τοίνυν
3600 5541 3770 5606 οὕτως

393 5654 615 5723 praeses
643 5653 707 5702 se
751 5656 924 5720 posse
949 5637 1117 5704 illum
1151 5655 1184 5701 a
1214 5655 1317 5700 sua
1369 5635 1682 5698 traducere
1711 5637 2034 5720 sententia,

2134 5639 2276 5699 ιῦτὸν
2303 5637 2702 5717 ἀπαγορεύωνὸ
2759 5635 2996 5714 ἡγεμὼν,
3051 5634 3180 5714 πρὸς
3225 5632 3346 5697 τοὺς
3400 5637 3763 5710 περιεστῶτας
