4056 6142
318 360 431 427 541

1244 367 1710 432 MARTYRIUM
1757 365 1814 429 S.
1877 361 2165 427 THYBSI
2210 360 2311 422 ET
2352 356 2758 423 SOCIORUM.

3566 355 3684 424 542

316 497 680 582 ἐπιστραφεὶς,
740 499 1138 579 Μεταπέμψατέ
1195 522 1311 578 μοι,
1368 501 1529 582 φησῖ,
1594 502 1684 558 τὸν
1739 499 1950 578 Χοραύ-

2040 494 2212 571 Mihi,
2245 492 2456 576 inquit,
2506 489 2797 557 accersite
2838 489 3190 582 choraulam
3214 488 3626 582 Philemonem
3663 511 3676 559 :

316 590 427 659 λην
482 589 768 666 Φιλήμονα
802 607 818 622 ⁸
863 591 983 655 ἴσος
1026 592 1129 649 ὑπὸ
1169 594 1272 649 τῶν
1303 590 1475 651 αὐλῶν
1507 591 1706 648 ἐκείνου
1735 594 1829 648 καὶ
1864 589 1959 658 τῆς

315 686 568 757 σειρῆνος
616 683 748 760 πρὸς
800 680 990 750 ἡδονὰς
1053 683 1249 747 ἀνεθεὶς
1323 682 1463 759 ῥᾴων
1534 681 1597 737 ἅν
1654 681 1792 739 οὕτω
1860 683 1961 748 τὴν

314 769 628 848 μεταϐολὴν
681 771 889 850 γένοιτο
922 788 935 802 ·
984 773 1190 850 ἀγνοῶν
1266 774 1474 838 πάντως
1534 774 1560 829 6
1605 772 1832 844 μάταιος
1878 769 1960 826 ὅτι

316 861 477 925 αὐτὸς
551 858 702 926 οὗτος
771 858 1032 936 Φιλήμων
1116 862 1182 930 ἦν
1253 866 1352 919 καὶ
1412 865 1480 938 τῇ
1536 862 1670 939 αὒτῇ
1740 860 1959 940 γλώττῃ

313 949 625 1029 χρώμενος,
669 948 812 1018 πλὴν
871 948 994 1008 ὅσον
1065 951 1315 1030 πρότερον
1372 952 1468 1028 μὲν
1526 953 1629 1008 ὑπὸ
1684 950 1813 1031 λύρα
1873 951 1959 1007 καὶ

314 1038 533 1122 αὐλοῖς,
568 1039 690 1097 τότε
724 1038 780 1096 δὲ
812 1041 1077 1116 Πνεύματι
1119 1042 1241 1116 θείῳ
1282 1043 1672 1122 φθεγγόμενος.

402 1119 489 1192 Λ’,
537 1129 722 1196 Πάσης
753 1129 924 1186 τοίνυν
978 1129 1172 1211 σχεδὸθ
1223 1119 1322 1199 τῆς
1379 1119 1505 1210 περί
1558 1132 1714 1189 αὗτδν
1760 1130 1956 1198 τάξεως

312 1221 411 1277 τὸν
480 1217 656 1295 δῆμον
738 1218 1113 1291 περιελθούσης
1194 1223 1283 1280 καὶ
1375 1220 1606 1297 οὐδαμοῦ
1673 1220 1958 1299 Φιλήμονα

2039 586 2293 649 fortasse
2323 582 2599 647 tibiarum
2632 582 2866 644 illarum
2902 581 3226 645 dulcedine
3257 580 3564 663 delinitus,
3597 582 3685 644 fa-

2043 675 2214 739 cilius
2244 673 2586 753 mutabitur,
2621 672 2903 754 ignorans
2953 672 3197 734 omnino
3249 672 3488 754 stultus,
3520 672 3677 735 hunc

2040 766 2235 847 ipsum
2270 783 2401 826 esse
2431 762 2935 842 Philemonem,et
2964 761 3172 825 eadem
3196 762 3394 843 lingua
3412 770 3676 825 utentem

2043 855 2160 917 nisi
2181 854 2341 936 quod
2366 855 2526 935 prius
2549 852 2789 935 quidem
2833 853 2957 934 lyra
2999 860 3058 914 et
3090 850 3274 932 tibiis,
3309 859 3450 915 tunc
3481 859 3677 916 autem

2042 943 2241 1007 divino
2271 943 2625 1026 loquebatur
2650 941 2899 1024 Spiritu.

2119 1122 2301 1187 XXX.
2335 1123 2481 1186 Cum
2514 1140 2654 1203 ergo
2686 1130 2804 1185 tota
2820 1123 2947 1186 fere
2970 1121 3185 1185 cohors
3210 1120 3342 1201 ejus
3371 1120 3678 1203 apparito-

2039 1231 2174 1277 rum
2205 1214 2400 1276 obiret
2428 1214 2742 1295 pupulum,
2775 1220 2831 1275 et
2857 1229 3147 1293 nusquam
3183 1219 3383 1291 posset
3413 1210 3680 1274 invenire

316 1308 630 1376 δυνηθείσης
674 1310 871 1389 εὑρεῖν,
928 1312 955 1367 6
1011 1311 1255 1389 ἡγεμὼν,
1318 1310 1419 1370 Τὸν
1474 1310 1696 1390 ἀδελφὸν
1760 1312 1951 1371 ἐκείνου

2041 1303 2448 1366 Philemonem
2474 1325 2486 1362 :
2511 1301 3107 1383 Illius,inquit,frater
3128 1301 3336 1364 Theon
3369 1310 3459 1363 est
3481 1320 3678 1365 accer-

314 1399 516 1479 θέωνα,
577 1398 702 1479 ἔφη,
750 1398 1139 1473 μετακλητέον,
1205 1402 1294 1458 καὶ
1354 1403 1511 1465 αὐτὸς
1567 1401 1687 1459 ἔνθα
1746 1402 1951 1466 πάντως

2043 1393 2283 1455 sendus.
2306 1395 2442 1474 Ipse
2471 1393 2629 1454 enim
2664 1393 2907 1454 omnino
2937 1390 3195 1471 docebit,
3232 1390 3334 1453 ubi
3368 1390 3443 1453 sit
3470 1390 3674 1455 Phile-

315 1486 581 1561 Φιλήμων
637 1486 747 1544 ἐστὶ
803 1486 1013 1554 διδάξει.
1057 1489 1206 1547 Ἐπεὶ
1277 1487 1331 1546 δὲ
1394 1492 1480 1547 καὶ
1548 1489 1692 1548 Θέων
1737 1489 1951 1565 πάρεστι

2044 1480 2362 1545 mon.Gum
2387 1490 2581 1545 autem
2605 1480 2889 1544 adfuisset
2908 1480 3248 1561 Theon,ille
3278 1479 3425 1543 nihil
3457 1481 3674 1560 sciens,

317 1575 487 1653 μηδὲν
545 1577 750 1642 ἐκεῖνος
796 1575 965 1659 εἰδὼς,
1013 1579 1129 1644 οϊος
1177 1578 1270 1647 εἴη
1324 1581 1521 1646 σκοπὸς
1553 1581 1629 1644 τῷ
1658 1582 1949 1656 Φιλήμονι,

2040 1571 2230 1652 qualis
2258 1579 2414 1634 esset
2441 1589 2660 1653 scopus
2713 1570 3082 1634 Philemonis
3110 1588 3130 1659 f:
3179 1568 3287 1633 Hic
3316 1577 3426 1646 est,
3461 1570 3675 1652 inquit,

316 1668 509 1735 Οὗτος,
554 1666 706 1745 εἷπε,
776 1666 1061 1746 Φιλήμων,
1124 1666 1293 1735 δείξας
1335 1670 1427 1726 τὸν
1484 1666 1732 1749 ἀδελφόν.
1798 1670 1951 1734 Εδθὺς

2040 1660 2373 1739 Philemon,
2430 1662 2752 1724 ostendens
2794 1660 3056 1723 fratrem.
3092 1658 3305 1722 Statim
3333 1678 3475 1739 ergo
3498 1660 3679 1741 jussit

314 1754 407 1811 οὖν
434 1757 463 1811 ὁ
493 1756 713 1832 ἡγεμὼν
741 1755 1132 1814 ἀνακαλύπτειν
1189 1758 1346 1815 umbro-3
1387 1760 1487 1826 τὴν
1538 1758 1658 1834 ὄψιν
1720 1756 1951 1839 ἐκέλευε,

2041 1770 2261 1833 praeses
2292 1770 2431 1813 eum
2465 1751 2701 1832 aperire
2730 1750 2971 1831 faciem,
3004 1758 3060 1813 et
3111 1769 3247 1812 cum
3278 1749 3549 1839 vidisset,
3574 1768 3680 1813 ve-

312 1845 404 1900 καὶ
473 1843 636 1901 ἰδόντι
692 1845 853 1923 γελᾷν
912 1846 1009 1921 μὲν
1066 1848 1207 1922 αὑτῷ
1257 1845 1415 1925 inﬂet
1475 1848 1699 1923 τερπνόν
1756 1871 1805 1905 τι
1868 1838 1951 1905 καί

2040 1840 2354 1904 hementer
2373 1841 2614 1923 quidem
2632 1840 2808 1921 coepit
2825 1848 2878 1902 et
2893 1840 3135 1922 profuse
3155 1838 3680 1916 ridere,arbitrans

706 1901 717 1923 I
803 1901 815 1918 Ι
912 1901 969 1921 ΥΠ
1071 1901 1201 1922 7—7VT
1261 1901 1414 1925 v'Vi'V'
1489 1901 1690 1923 "t'""'
1770 1901 1803 1905 ’⁷
1869 1901 1951 1905 nu.

312 1932 503 1991 ἄνετον
564 1933 836 2011 νομίσαντι
896 1937 1109 2001 πάντως
1164 1940 1239 2002 εἷς
1301 1937 1512 2018 γέλωτα
1568 1944 1723 1995 τοῦτο
1778 1937 1951 1995 θέσθαι

2040 1901 2452 1995 Philemonein
2485 1931 2596 1993 hoc
2628 1901 2870 1994 ombino
2894 1901 3108 1993 'facere
3152 1940 3217 1992 ut
3245 1901 3470 1992 rideret
3502 1930 3678 1994 Chri-

309 2031 647 2104 Χριστιανῶν
700 2026 795 2083 τὸν
838 2025 1121 2096 Φιλήμονα
1192 2029 1278 2085 καὶ
1334 2028 1479 2106 παρὰ
1536 2036 1691 2086 τοῦτο
1750 2031 1835 2085 καὶ
1895 2030 1951 2086 τὸ

2040 2020 2259 2083 stianos
2296 2042 2308 2085 :
2343 2028 2400 2084 et
2432 2020 2567 2083 ideo
2599 2020 2762 2082 illam
2796 2039 2932 2083 eum
2964 2019 3233 2083 induisse
3257 2027 3681 2101 personam,nt

310 2128 661 2193 προσωπεῖον
702 2115 880 2174 ἐκεῖνο
926 2115 1319 2197 περιϐαλέσθαι,
1352 2118 1445 2174 ἵνα
1475 2121 1561 2176 καὶ
1607 2117 1791 2184 ἄλλοις
1840 2141 1951 2176 πα-

2040 2110 2186 2172 alios
2205 2129 2447 2191 quoque
2478 2118 2741 2172 moveret
2768 2110 2839 2172 ad
2860 2109 3310 2174 risum.Deinde
3340 2109 3512 2172 illum
3536 2109 3675 2192 qui-

312 2207 430 2283 ρείη
478 2205 666 2283 γελᾷν.
716 2206 853 2264 Εἶτα
899 2209 958 2263 τὸ
1016 2208 1113 2282 μὲν
1157 2205 1330 2285 δρᾶμα
1390 2208 1485 2265 καὶ
1541 2209 1639 2278 τὴν
1680 2210 1951 2288 ὑπόκρισιν

2040 2197 2173 2261 dem
2199 2201 2376 2280 jussit
2404 2208 2600 2262 actum
2632 2200 2935 2283 deponere
2982 2208 3041 2263 et
3070 2200 3539 2282 simulationem,
3570 2217 3678 2262 ac.

310 2292 654 2371 ἀπορρίπτειν
711 2294 965 2352 ἒπέττατε
999 2341 1015 2371 ,
1072 2295 1424 2375 προσελθόντα
1487 2295 1541 2353 δὲ
1619 2298 1711 2354 σὺν
1772 2298 1951 2372 ἐκείνῳ

2040 2288 2349 2352 cedentem
2377 2308 2511 2353 vero
2535 2309 2668 2352 cum
2701 2289 2804 2351 illo
2822 2289 3184 2353 sacriﬁcare.
3212 2292 3528 2371 Postquam
3561 2306 3676 2352 an-

309 2383 481 2445 θύειν.
540 2381 688 2441 Ἐπεὶ
742 2383 799 2440 δὲ
855 2384 1115 2460 Φιλήμων
1160 2386 1461 2444 τοῦναντίον
1492 2385 1688 2467 ἔφασκε
1748 2387 1951 2462 μᾶλλον

2040 2385 2157 2439 tem
2185 2389 2391 2442 contra
2418 2379 2563 2442 dixit
2590 2378 2999 2454 Philemon,se
3031 2377 3266 2442 Christo
3299 2377 3540 2460 quidem
3573 2397 3677 2442 re-

313 2478 397 2545 τῷ
426 2472 526 2546 μὲν
556 2479 762 2550 Χριστῷ
789 2472 1056 2553 λατρεύειν
1100 2488 1223 2540 ταῖς
1276 2475 1575 2559 ἀληθείαις,
1622 2478 1687 2533 τὰ
1735 2476 1791 2534 δὲ
1851 2484 1951 2534 τῶν

2040 2486 2176 2530 vera
2205 2468 2450 2551 servire,
2476 2468 2638 2532 illius
2666 2476 2865 2532 autem
2898 2469 3044 2559 deos
3070 2467 3290 2559 habere
3319 2487 3428 2550 pro
3458 2469 3606 2559 ludo
3622 2477 3678 2559 et

317 2561 520 2619 ἐκείνου
570 2567 703 2619 θεῶν
759 2563 813 2620 ἐν
859 2563 1040 2637 παιδιᾷ
1077 2567 1163 2622 καὶ
1218 2565 1413 2644 γέλωτι
1456 2557 1709 2642 τίθεσθαι,
1772 2565 1951 2635 πολλὴ

2040 2557 2295 2621 ridiculo
2327 2581 2341 2624 :
2370 2559 2639 2639 judicem
2675 2576 2922 2638 magnus
2946 2557 3163 2622 invasit
3191 2566 3400 2641 stupor
3425 2566 3487 2622 et
3508 2558 3680 2621 dubi-

318 2650 569 2719 ἔκπληξις
628 2654 755 2734 εἶχε
812 2656 899 2712 καὶ
942 2655 1134 2730 ἀπορία
1179 2658 1269 2712 τὸν
1312 2655 1586 2724 δικαστὴν.
1647 2655 1951 2733 Ἐμϐλέψας

2040 2647 2206 2710 tatio.
2231 2647 2480 2713 Intuens
2507 2649 2707 2731 itaque
2728 2648 3164 2720 Philemonem,
3202 2649 3315 2711 Per
3343 2647 3554 2731 ipsam,
3590 2647 3681 2710 in-

311 2740 402 2827 οὗν
460 2744 592 2820 πρὸς
634 2742 938 2820 Φιλήμονα,
982 2746 1119 2821 Πρὸς
1177 2748 1371 2820 αὸτῆς,
1433 2744 1561 2826 ἔφη,
1630 2753 1722 2815 τῆς
1777 2748 1951 2827 ὑγείας

2040 2738 2191 2821 quit,
2223 2741 2627 2802 Romanorum
2686 2738 2961 2820 salutem,
2991 2755 3209 2801 verane
3267 2745 3408 2800 sunt
3452 2739 3678 2816 quaeiu

312 2822 594 2907 Ῥωμαίων
648 2833 823 2901 ἀληθῆ
906 2835 972 2890 τὰ
1026 2834 1262 2914 παρόντα
1290 2879 1309 2912 ,
1370 2822 1640 2911 Φιλῆμον,
1685 2836 1721 2905 ἢ
1779 2822 1951 2915 χλεύη

2042 2832 2382 2912 praesentia,
2419 2850 2453 2892 o
2487 2831 2822 2912 Philemon,
2852 2849 2886 2894 a
2915 2838 2971 2893 te
3027 2829 3200 2905 fiunt,
3233 2849 3308 2892 an
3338 2836 3680 2912 comparata

315 2927 647 3004 Χριστιανῶν
702 2924 789 2980 καὶ
847 2925 1104 3000 μυκτήρ;
1155 2915 1212 2982 Ὀ
1256 2924 1334 2999 δὲ,
1380 2924 1450 2983 Οὔ
1479 2926 1576 2993 τὴν
1626 2927 1802 3004 δγείαν
1850 2927 1951 3004 ἑγὼ

2040 2920 2113 2982 ad
2142 2920 2511 2984 irridendum
2544 2928 2602 2984 et
2651 2920 3079 2984 ludificandum
3137 2919 3679 2984 Christianos?llle

317 3010 419 3077 τὴν
478 3002 779 3092 Ῥωμαίωι,
824 3012 941 3071 ἀλλ’
994 3014 1159 3081 αὑτὴ)
1195 3014 1412 3090 ὄμνυμι,
1451 3012 1577 3094 ἔφη,
1630 3002 1729 3082 τῆν
1786 3002 1951 3089 ὲμαυ-

2043 3028 2202 3084 vero,
2239 3029 2358 3072 non
2413 3010 2845 3091 Romanorum,
2901 3010 3117 3088 inquit,
3177 3028 3310 3091 ego,
3343 3009 3449 3073 sed
3483 3027 3677 3074 meam

315 3108 414 3158 τοῦ
466 3101 730 3179 σωτηρίαν
785 3104 873 3159 καὶ
930 3104 1018 3158 τὸν
1068 3103 1198 3176 ἐμὸν
1259 3104 1535 3172 Δεσπότην
1592 3104 1679 3161 καὶ
1735 3102 1951 3181 βασιλέα

2040 3099 2228 3180 ipsius
2255 3101 2395 3181 juro
2418 3100 2690 3178 salutem,
2720 3109 2778 3162 et
2802 3100 3119 3163 Dominum
3153 3118 3355 3163 meum
3388 3106 3448 3163 et
3475 3119 3677 3182 regem

318 3190 565 3266 Χριστὸν,
627 3192 688 3247 06
742 3190 940 3269 γέλως,
999 3194 1057 3249 οὗ
1115 3191 1319 3263 παιδιὰ,
1387 3195 1445 3251 οὒ
1501 3192 1746 3270 πλάσμα,
1793 3196 1951 3269 οὔμε-

2042 3189 2495 3266 Christum,non
2527 3207 2658 3253 esse
2685 3191 3047 3272 irrisionem,
3074 3208 3184 3254 nec
3215 3191 3543 3274 lusionem,
3568 3211 3679 3255 nec

320 3286 441 3336 νοῦν
481 3281 548 3335 τὰ
604 3279 870 3361 ὁρώμενα,
934 3279 1070 3337 ἀλλὰ
1123 3281 1335 3361 καρδίας
1390 3269 1668 3359 μετάθεσις
1723 3282 1951 3359 ἀληθὴς,

2040 3280 2344 3343 fictionem
2377 3298 2508 3362 quas
2526 3280 2939 3363 videntur,sed
2957 3269 3157 3344 veram
3186 3280 3384 3344 cordis
3414 3269 3681 3345 mutatio-

310 3369 407 3424 καί
465 3371 598 3447 πρὸς
655 3373 879 3449 Χριστὸν
938 3370 1112 3437 πίστις
1183 3371 1551 3448 ἆψευδεστατη
1581 3391 1597 3409 ’
1657 3374 1746 3431 καὶ
1825 3374 1954 3451 ὑπὲρ

308 3457 509 3524 ταύτης
569 3457 679 3537 ἐγὼ
727 3465 828 3526 της
895 3460 1181 3539 ὁμολογίας
1238 3464 1341 3542 οὑχ
1413 3461 1505 3519 ἕνα
1563 3463 1770 3538 μόνον,
1817 3461 1955 3520 ἀλλὰ

310 3547 401 3603 καὶ
481 3549 695 3629 μυρίους
727 3595 744 3625 ,
834 3551 878 3606 εἰ
959 3551 1080 3607 οἶόν
1153 3573 1235 3627 τε,
1324 3552 1576 3618 θανάτους
1662 3553 1955 3611 ἀποθανεῖν

313 3634 529 3712 ἕτοιμος
539 3686 553 3701 ,

395 3729 535 3787 AA'.
595 3728 794 3809 Ὀργῆς
854 3729 1133 3810 ἐπλήρωσε
1189 3739 1353 3789 ταῦτα
1409 3734 1500 3789 τὸν
1554 3734 1825 3811 ἡγεμόνα,
1856 3731 1954 3791 καὶ

308 3818 444 3894 πρὸς
488 3818 608 3879 τοὺς
665 3826 1021 3897 περιεστῶτας
1081 3820 1418 3902 ἐπιστραφεὶς
1477 3822 1789 3880 ἐπ)νθάνετο
1847 3832 1948 3880 Φι-

309 3904 527 3980 λήμονα
569 3914 908 3988 παραχρῆμα
966 3912 1189 3967 κτείνειν
1253 3912 1391 3968 οὕτω
1451 3917 1690 3993 φανερῶς
1746 3912 1952 3992 ἐξυϐρι-

313 3997 444 4053 κὸτα
475 3999 608 4076 πρὸς
639 4000 762 4062 τοὺς
791 4002 940 4065 θεοὺς
970 4001 1057 4057 καὶ
1089 3998 1256 4068 ἀσεϐῆ
1316 4001 1581 4077 ἐπίσημον
1640 4000 1952 4083 ἀποδεδειγ-

312 4085 494 4159 μένον,
558 4086 594 4155 ii
660 4090 856 4167 χρόνον
903 4103 1210 4170 παρασχεῖν
1276 4093 1349 4156 εἰς
1421 4094 1696 4168 ἒπίσκεψίν
1751 4114 1809 4149 τε
1864 4094 1953 4150 καὶ

311 4175 675 4258 μεταμέλειαν
731 4179 824 4235 τοῦ
893 4180 1276 4258 γεγενημένου.
1335 4182 1396 4239 '0
1474 4182 1569 4256 μὲν
1625 4182 1714 4238 οὖν
1783 4181 1954 4258 δῆμος

310 4254 571 4336 (ἰσχυρῶς
632 4259 734 4336 γὰρ
767 4254 918 4341 εἶχε
938 4254 1101 4326 πόθος
1129 4263 1318 4327 αὖτοὺς
1358 4254 1668 4337 Φιλήμονος
1698 4265 1787 4320 καὶ
1813 4254 1953 4321 ποίν-

307 4366 396 4408 τες
441 4351 541 4414 τῆς
573 4346 775 4408 ἐκείνου
831 4348 1076 4425 γλώττης
1118 4351 1207 4407 καὶ
1236 4355 1340 4406 τῶν
1373 4350 1546 4409 αὐλῶν
1579 4351 1948 4434 ἐξεκρέμαντο)

311 4435 497 4491 αὑτίκα
529 4436 674 4512 μάλα
716 4438 888 4505 ἠξίουν
944 4441 1035 4495 τὸν
1087 4439 1328 4518 ἡγεμόνι
1371 4442 1449 4516 μὴ
1508 4441 1801 4499 ἀπολλύναι
1857 4442 1951 4500 λέ-

2038 3388 2198 3449 nem,
2235 3378 2294 3433 et
2324 3370 2501 3433 fidem
2535 3389 2666 3434 esse
2697 3372 2760 3433 in
2804 3370 3103 3435 Christum
3136 3369 3535 3434 certissimam
3573 3389 3588 3435 :
3622 3377 3680 3436 et

2038 3478 2137 3522 me
2164 3479 2268 3541 pro
2294 3461 2408 3523 hoc
2441 3461 2841 3537 confessione,
2867 3480 2986 3523 non
3018 3478 3198 3523 uuam
3231 3460 3553 3535 solam,sed
3588 3461 3681 3524 in-

2036 3550 2462 3630 numerabiles,
2489 3551 2541 3613 si
2589 3551 2720 3615 tieri
2754 3559 2974 3633 posset,
3010 3560 3276 3634 paratum
3308 3571 3443 3616 esse
3471 3552 3679 3616 subire

2038 3649 2281 3705 mortes.

2118 3728 2473 3794 XXXI.H:ec
2502 3731 2591 3793 ira
2613 3732 2936 3813 implevere
2962 3732 3275 3812 praesidem
3304 3751 3320 3797 :
3341 3739 3400 3796 et
3423 3748 3675 3795 conver-

2038 3836 2139 3880 sus
2168 3820 2239 3880 ad
2273 3837 2376 3881 eos
2408 3818 2510 3901 qui
2539 3819 3302 3902 circumstabant,rogabat,
3333 3839 3408 3883 an
3437 3827 3680 3901 oporte-

2036 3915 2129 3969 ret
2153 3909 2422 3989 protinus
2448 3909 2725 3972 occidere
2751 3909 3293 3992 Philemonem,qni
3310 3910 3456 3973 deos
3475 3916 3679 3991 aperte

2038 4005 2196 4060 tanta
2224 3998 2505 4061 affecerat
2549 4000 2931 4081 contumelia,
2968 4008 3027 4063 et
3056 4001 3339 4064 evasisset
3381 4009 3497 4061 tam
3529 4000 3678 4063 insi-

2035 4088 2566 4170 gniterimpius,an
2578 4087 2634 4151 ei
2656 4095 2893 4168 tempus
2917 4089 3182 4171 praebere
3205 4099 3271 4152 ut
3289 4088 3675 4171 deliberaret,

2037 4184 2096 4239 et
2115 4179 2248 4257 ejus
2277 4179 2433 4259 quod
2465 4179 2709 4256 fecerat,
2736 4178 3060 4242 duceretur
3082 4179 3448 4260 poenitentia.
3476 4180 3676 4260 Atque

2036 4272 2282 4342 populus
2301 4272 2533 4344 quidem
2554 4271 2928 4341 (Philemonis
2950 4273 3106 4331 enim
3130 4286 3338 4346 magno
3372 4271 3674 4330 tenebatur

2036 4355 2359 4429 desiderio,
2394 4363 2451 4418 et
2474 4355 2813 4437 pendebant
2838 4374 3047 4420 omnes
3075 4357 3149 4420 ab
3200 4356 3358 4419 illius
3387 4355 3588 4435 lingua
3617 4363 3678 4418 et

2018 4463 2069 4506 -a
2094 4445 2278 4526 tibiis)
2310 4450 2537 4524 rogavit
2567 4448 2842 4527 protinus
2892 4446 3231 4528 praesidem,
3287 4465 3364 4509 ne
3398 4445 3678 4527 perderet

315 4545 502 4601 γοντες
528 4528 626 4593 τὴν
659 4528 846 4596 κοινὴν
876 4534 974 4596 τῆς
1008 4530 1218 4593 πόλεως
1248 4527 1468 4600 ἡδονήν,
1504 4530 1564 4588 Ὀ
1594 4529 1649 4587 δὲ
1679 4534 1772 4589 τὸν
1800 4534 1951 4590 τόνον

2040 4554 2418 4598 communem
2445 4536 2801 4616 voluptatem
2821 4527 3095 4599 civitatis.
3123 4536 3228 4601 ille
3244 4545 3441 4600 autem
3469 4536 3674 4599 volens

319 4613 599 4709 abab-xui
638 4617 733 4686 τὴν
763 4620 1052 4695 προθυμίαν
1093 4618 1306 4677 ἐλκῧσαι
1358 4620 1701 4701 βουλᾶμενος,
1765 4613 1949 4700 Ὀρᾷς,

2040 4626 2163 4706 ejus
2185 4625 2418 4687 solvere
2439 4613 2855 4697 constantiam,
2891 4634 2946 4690 et
2965 4636 3303 4709 promptum
3328 4625 3512 4689 animi
3543 4635 3675 4690 stu-

316 4704 366 4756 ὧ
406 4702 667 4785 Φιλῆμον,
702 4707 881 4783 εἶπεν,
928 4706 1073 4774 ὅπως
1102 4730 1195 4765 σου
1223 4708 1320 4766 καῖ
1353 4710 1413 4766 τὸ
1444 4709 1646 4777 πλῆθος
1677 4710 1792 4769 λίαν
1822 4713 1951 4788 ἐρω-

2040 4702 2199 4775 ὐῖιιηι
2233 4735 2247 4774 :
2282 4712 2489 4795 Vides,
2521 4714 2778 4805 inquit,0
2809 4702 3376 4795 Philemon,'quanto
3408 4715 3492 4777 tui
3515 4733 3677 4777 amo-

308 4799 482 4857 τικῶς
534 4796 864 4875 περιέχεται,
914 4799 1001 4854 καὶ
1048 4798 1230 4866 κοινὴν
1276 4797 1371 4874 μέν
1414 4821 1473 4855 σε
1514 4799 1762 4857 καλοῦσιν
1812 4799 1943 4868 ἣδο-

2040 4822 2099 4865 re
2132 4812 2368 4865 tenetur
2399 4804 2744 4884 populus,et
2767 4805 3269 4885 quemadmodum
3292 4822 3671 4868 communem

297 4882 423 4954 νήν,
479 4884 667 4953 κοινήν
721 4885 776 4941 δὲ
832 4894 1134 4962 νομίζουσιν
1192 4888 1567 4968 εδφροσύνην;
1618 4891 1687 4946 Σὺ
1742 4888 1795 4946 δὲ
1849 4891 1946 4947 κᾶν

2040 4898 2088 4953 te
2117 4901 2284 4954 vocat
2309 4882 2691 4975 volup—tatem,
2727 4882 3106 4956 communem
3133 4905 3327 4957 autem
3376 4893 3673 4955 existimat

294 4972 427 5051 γοῦν
483 4976 577 5031 τοῦ
633 4974 758 5053 παρ’
813 4977 984 5034 αὑτῶν
1032 4979 1222 5055 κρότου
1276 4979 1361 5035 καὶ
1412 4984 1517 5034 τῶν
1572 4977 1799 5035 ἐπαίνων
1831 4978 1944 5036 ἐπι-

292 5062 548 5137 μνησθεὶς
581 5065 668 5119 καὶ
724 5070 901 5138 σαυτῷ
955 5067 1042 5122 καὶ
1106 5067 1312 5130 τούτοις
1354 5068 1421 5124 τὰ
1460 5068 1727 5143 εἶθισμένα
1778 5073 1945 5125 ποιῶν

290 5163 413 5213 τοῖς
466 5152 702 5231 σωτῆρσι
756 5157 910 5212 θῦσον
950 5158 1120 5218 θεοῖς.
1167 5153 1297 5212 Ἰδοὺ
1356 5158 1454 5235 γὰρ
1496 5158 1584 5214 καὶ
1634 5158 1669 5224 ἦ
1717 5159 1943 5237 μεγίστη

292 5243 435 5317 μετᾶ
467 5244 658 5319 μικρὸν
706 5242 946 5302 τελεῖται
998 5247 1316 5324 πανήγυρις,
1359 5248 1417 5303 ἒν
1451 5250 1487 5324 ᾗ
1539 5246 1944 5327 φιλοτιμότερον

287 5332 466 5404 ᾄσεις,
499 5334 590 5389 καὶ
620 5334 683 5389 σὺ
728 5334 825 5408 μὲν
856 5335 1067 5411 ἡσθήσῃ
1125 5336 1225 5403 τὴν
1282 5336 1467 5417 ψυχὴν
1500 5350 1619 5402 τοῖς
1664 5339 1805 5417 παρὰ
1832 5340 1949 5395 τού-

288 5443 403 5477 των
458 5421 718 5502 ἐπαίνοις,
763 5428 918 5497 ἠμῶν
949 5421 1003 5479 δὲ
1034 5423 1232 5489 θέλξεις
1270 5427 1369 5492 την
1402 5427 1572 5494 ἀκοὴν
1618 5440 1734 5492 τοῖς
1772 5426 1946 5497 αὐλή-

286 5533 454 5585 μασι.
492 5512 630 5589 Πρὸς
660 5519 826 5569 ταῦτα
859 5511 1141 5588 Φιλήμων,
1177 5513 1242 5570 Ἠ
1294 5517 1589 5594 πανήγυρις
1641 5514 1795 5584 αὕτη.
1834 5541 1943 5596 φη-

279 5602 391 5673 σὶν,
454 5600 499 5657 ὧ
554 5600 798 5677 ἡγεμὼν,
839 5602 937 5669 τῆς
997 5602 1198 5660 ἐκεῖθεν
1230 5604 1630 5680 ἀναμιμνήσκει
1665 5628 1731 5681 με
1763 5629 1944 5675 πανη-

283 5690 489 5771 γύρεως
520 5708 535 5725 ’
572 5689 635 5753 νή
664 5688 717 5747 δὲ
748 5689 1022 5773 φιλοτιμία
1052 5697 1148 5761 τῆς
1204 5700 1465 5767 μουσικῆς
1519 5696 1593 5759 εἰς
1649 5697 1942 5779 φαντασίαν

2027 4980 2331 5046 laetitiam?
2353 4981 2439 5045 Tu
2457 5001 2597 5061 ergo
2618 4983 2827 5044 saltem
2853 5000 3062 5044 eorum
3089 4983 3330 5062 plausus
3352 4990 3410 5044 et
3430 4981 3673 5044 laudum

2031 5084 2351 5147 memor,et
2374 5069 2596 5133 faciens
2620 5090 2754 5152 quas
2795 5078 2934 5132 sunt
2953 5080 3011 5135 et
3029 5072 3134 5133 tibi
3172 5079 3229 5133 et
3262 5071 3335 5132 iis
3366 5078 3670 5142 consueta,

2029 5160 2299 5223 sacrifica
2345 5161 2460 5223 diis
2489 5160 2921 5223 senatoribus.
2968 5160 3119 5222 Ecce
3149 5162 3311 5223 enim
3342 5159 3671 5222 maximum

2026 5248 2241 5310 festum
2270 5269 2403 5312 mox
2430 5251 2759 5330 peragitur,
2788 5251 2849 5312 in
2879 5268 2996 5331 quo
3031 5258 3091 5311 tu
3115 5248 3354 5331 quidem
3387 5249 3672 5329 praeclare

2032 5347 2301 5414 canes,et
2330 5357 2534 5402 eorum
2569 5339 2849 5402 laudibus
2873 5339 2977 5401 tibi
2999 5338 3394 5402 oblcctabitur
3411 5338 3685 5402 animus:

2029 5446 2202 5489 aures
2233 5445 2370 5490 vero
2403 5436 2635 5491 nostras
2652 5436 2824 5491 cantu
2846 5428 3007 5491 tibiae
3031 5428 3520 5493 demulcebis.Ad
3545 5430 3674 5493 base

2027 5526 2223 5579 autem
2261 5517 2568 5581 Philemon
2606 5541 2619 5581 :
2654 5518 2801 5592 Hoc,
2836 5518 3050 5600 inquit,
3084 5519 3323 5594 festum,
3359 5538 3394 5581 ο
3428 5536 3671 5602 praeses,

2029 5607 2175 5669 mihi
2206 5608 2266 5668 in
2293 5609 2643 5671 memoriam
2693 5617 2935 5671 revocat
2953 5608 3357 5689 festum,qund
3389 5609 3512 5672 illic
3540 5611 3671 5691 agi-

2028 5704 2161 5775 tur;
2194 5699 2383 5765 honor
2418 5716 2550 5762 vero
2610 5707 2668 5763 et
2716 5698 2849 5766 laus
2882 5700 3126 5765 musicae
3155 5697 3311 5779 facit,
3347 5706 3409 5763 ut
3434 5699 3667 5766 visione
