4028 6138
368 326 486 394 543

1678 334 1958 399 MENSIS
1997 334 2424 400 DECEMBER.

3621 349 3743 414 544

365 462 812 566 apprehendam
853 465 1177 566 angelicam
1217 465 1634 566 hymnodiam,
1674 468 1838 533 Scias
1869 487 2004 566 ergo

2093 475 2193 566 τῆς
2230 470 2556 566 -.ἆηελικῆς
2610 473 2727 566 ἄγει
2799 499 2865 554 με
2927 478 3208 554 ὑμνῳδίαις.
3268 481 3400 542 "Io-0t
3453 493 3741 566 τοιγαροῦν

365 553 514 638 fore,
547 565 612 619 ut
641 557 858 618 frustra
890 555 1144 630 labores,
1182 556 1232 617 si
1288 575 1384 619 me
1432 560 1668 620 coneris
1697 577 1731 620 a
1763 577 1894 622 mea
1921 558 2009 620 di-

365 665 608 710 movere
637 645 933 708 sententia
968 663 980 704 :
1019 664 1213 728 neque
1237 665 1375 708 vero
1406 647 1598 708 solum
1635 647 1782 710 nihil
1819 649 2005 728 proti-

363 741 510 812 cies,
538 736 642 799 sed
675 735 848 798 etiam
877 739 1071 814 majus
1095 737 1236 798 mihi
1263 736 1321 798 in
1368 737 1664 800 Christum
1711 737 2006 801 accendes

365 825 754 890 desiderium.
791 829 1017 888 Praeses
1042 838 1238 887 autem
1275 843 1288 886 :
1325 825 1444 888 Sed
1493 827 1606 888 etsi
1659 830 1882 902 omnia,
1942 835 2008 890 ut

365 917 588 991 dixisti,
627 916 876 978 molesta
907 923 964 978 et
993 917 1189 994 gravia
1213 924 1458 996 propter
1491 915 1785 979 Christum
1819 919 2002 978 susti-

363 1007 589 1079 nueris,
625 1005 767 1086 quid
797 1005 936 1066 hinc
997 1004 1376 1068 luerit-acies?
1442 1008 1646 1087 Neque
1679 1007 1864 1083 enim,
1897 1008 2002 1068 etsi

365 1097 562 1160 omnia
593 1094 710 1176 pati
760 1095 1036 1174 elegeris,
1091 1113 1190 1157 res
1242 1095 1349 1157 tibi
1381 1097 1664 1158 succedet
1691 1097 1764 1158 ad
1795 1105 2005 1176 marty-

357 1183 686 1248 rium.Nam
716 1203 912 1266 neque
936 1185 1125 1248 factus
1148 1204 1211 1248 es
1235 1185 1481 1247 omnino
1503 1186 2008 1266 Christianus,ne-

361 1294 478 1356 que
506 1275 790 1357 accepisti
823 1273 1642 1356 baptismum,convenienter
1663 1275 1900 1338 illorum
1925 1275 2008 1337 le-

361 1365 558 1448 gibus.

436 1455 824 1521 XXXII.Hoc
853 1463 1161 1538 postquam
1193 1457 1421 1519 audivit
1455 1455 2006 1536 Philemon,excla-

361 1549 543 1612 mavit
576 1565 590 1611 :
622 1547 672 1610 Ο
703 1553 898 1625 ignem
954 1546 1308 1627 spiritalem,
1356 1548 1451 1628 qui
1505 1564 1794 1609 accensus
1826 1563 1889 1606 es
1947 1545 2005 1605 in

359 1638 510 1700 meis
541 1636 906 1718 praecordiis,
964 1644 1249 1714 quantum
1301 1635 1408 1697 tibi
1443 1636 1660 1716 debeo,
1693 1655 1726 1696 o
1759 1651 1999 1714 praeses,

2089 560 2168 654 ὅτι
2225 560 2468 654 ἄπρακτα
2517 565 2769 654 πονήσεις
2821 566 2917 642 ἐμὲ
2991 571 3330 644 μεταπείσειν
3387 560 3680 654 ἐπιχειρῶν
3717 593 3740 612 ο

2087 651 2175 707 καὶ
2235 649 2295 708 οὔ
2350 651 2512 726 μόνον
2573 651 2719 710 οὔδὲν
2777 655 3010 732 ὁνῆσεις,
3058 656 3195 716 ἀλλὰ
3250 661 3339 718 καὶ
3388 649 3608 722 πλείονα
3638 688 3740 741 μοι

2088 741 2237 830 προς
2265 741 2487 816 Χριστὸν
2547 741 2767 818 ἀνάψεις
2823 747 2916 802 τὸν
2969 747 3151 810 πόθον.
3214 752 3312 809 Καὶ
3370 753 3397 808 6
3457 753 3681 830 ἡγεμών
3717 773 3738 789 ο

2091 827 2239 886 Ἀλλ’
2285 831 2329 886 εἰ
2372 831 2467 920 καὶ
2501 833 2696 912 πάντα,
2757 833 2935 914 ὥσπερ
2990 836 3148 918 ἔφης,
3207 837 3292 896 διὰ
3334 827 3573 920 Χριστὸν-
3600 845 3742 901 ὑπο-

2087 921 2260 996 στήσῃ
2290 920 2355 977 τὰ
2390 918 2623 1000 λυπηρὰ,
2668 923 2719 980 τί
2758 925 2818 980 τὸ
2875 924 3054 1004 κέρδος
3103 927 3334 986 ἐντεῦθεν
3382 918 3516 996 *ἕξεις
3553 952 3570 1012 ;
3605 931 3744 990 Οὐδὲ

2086 1009 2186 1086 γὰρ
2231 1009 2304 1072 εἰς
2349 1009 2627 1088 μαρτύριόν
2689 1035 2772 1070 σοι
2827 1017 2890 1071 τὸ
2951 1023 3198 1096 πρᾶγμα,
3245 1020 3344 1076 κᾶν
3400 1009 3576 1078 πάντα
3635 1021 3744 1098 ἕλῃ

2088 1098 2684 1189 παθεῖν,ηάποϐήσεταί
2716 1118 2731 1134 ⁸
2786 1102 2902 1159 ἐπεὶ
2951 1104 3068 1162 οὔτε
3115 1111 3426 1186 Χριστιανὸς
3456 1110 3603 1184 ὅμως
3634 1111 3742 1189 γέ-

2089 1207 2246 1277 γονας
2277 1186 2393 1244 οὔτε
2426 1191 2536 1265 μὴν
2563 1191 2699 1248 κατὰ
2731 1192 2852 1256 τοὺς
2883 1192 3097 1251 ἐκείνων
3127 1195 3320 1273 νόμους
3369 1200 3430 1256 τὸ
3458 1186 3747 1277 βάπτισμα

2090 1275 2344 1358 εἴληφας,

2172 1457 2298 1520 AB’.
2333 1465 2497 1517 Τοῦτο
2549 1460 2810 1538 Φιλήμων
2857 1466 2928 1531 ὡς
2964 1463 3211 1540 ἤκουσεν,
3251 1449 3332 1521 ’Ὠ
3364 1475 3457 1526 τοῦ
3488 1491 3749 1546 πνευμα-

2087 1557 2236 1607 τικοῦ
2278 1550 2464 1627 πυρὸς,
2526 1550 2835 1634 ἀνεϐόησεν,
2894 1553 2921 1610 ὅ
2967 1569 3088 1619 ταῖς
3121 1554 3280 1630 ἐμαῖς
3313 1559 3490 1637 φρεσὶν
3518 1559 3746 1626 ὑπανῆ-

2090 1641 2194 1712 ψας
2228 1659 2240 1670 ·
2277 1639 2348 1702 ὡς
2379 1638 2582 1705 πολλὰς
2639 1642 2832 1722 ὀφείλω
2889 1664 2972 1699 σοι
3035 1645 3129 1709 τας
3187 1647 3442 1725 χάριτας,
3483 1648 3741 1725 τηγεμὼν,

358 1727 518 1808 quod
545 1745 639 1788 me
664 1727 839 1788 etiam
867 1725 1082 1787 invitus
1101 1725 1375 1788 maximis
1397 1725 1642 1788 aﬂ‘ecisti
1669 1722 2001 1798 beneficiis,

2092 1725 2170 1781 ὅτι
2227 1749 2294 1801 με
2338 1729 2426 1785 καὶ
2475 1728 2618 1786 ἄκων
2647 1732 2784 1788 οὕτω
2815 1733 2881 1790 τὰ
2921 1733 3148 1810 μέγιστα
3190 1722 3565 1814 εὐηργέτηκας
3593 1740 3746 1815 ἱεροῦ

358 1806 594 1880 sacrum
630 1815 986 1898 baptismum
1038 1817 1095 1878 in
1124 1816 1474 1878 memoriam
1525 1833 1832 1878 revocans.
1864 1813 2003 1875 Haec

2092 1817 2448 1893 βαπτίσματος
2505 1820 2832 1895 ἀναμνήσας.
2895 1832 3066 1882 Ταῦτα
3131 1827 3262 1897 πρὸς
3344 1828 3434 1881 τὸν
3491 1828 3746 1905 ἡγεμόνα

357 1927 490 1969 cum
526 1907 772 1970 dixisset
831 1905 1090 1986 praesidi,
1127 1910 1289 1967 stetit
1338 1906 1398 1967 in
1436 1905 1632 1967 media
1663 1904 1858 1978 turba,
1893 1913 1950 1965 et
1982 1919 1995 1960 :

359 1999 522 2077 Rogo
543 1997 1065 2069 vos,vehementer
1082 1996 1457 2070 exclamavit,
1479 1997 1529 2058 si
1555 1999 1690 2077 quis
1714 1995 1870 2056 inter
1901 2011 2004 2054 vos

361 2095 574 2167 praeest
603 2086 1044 2158 Christianis,et
1076 2086 1402 2147 contemnit
1436 2092 1728 2146 tormenta
1761 2092 2005 2165 propter

359 2176 663 2258 pietatem,
695 2175 850 2237 adsit
870 2175 1004 2248 cito,
1043 2183 1100 2237 et
1137 2193 1232 2236 me
1281 2175 1479 2237 divino
1528 2174 1835 2256 impertiat
1893 2174 2002 2235 ba-

364 2269 658 2349 ptismate.
692 2269 1012 2346 Postquam
1049 2274 1246 2328 autem
1299 2266 1441 2328 vidit
1471 2284 1682 2328 omnes
1713 2267 1894 2327 victos
1923 2263 2002 2327 ti-

360 2375 549 2431 more,
585 2355 860 2436 etqui,ut
892 2363 1126 2435 tempus
1158 2353 1511 2436 postulabat.
1547 2354 1696 2416 nihil
1732 2361 2006 2434 poterant

366 2446 562 2508 facere
588 2445 957 2526 juveniliter,
990 2445 1196 2506 dolore
1234 2445 1419 2507 animi
1451 2445 1832 2518 cruciatus,et
1855 2463 2004 2505 con-

365 2534 532 2597 tinuo
585 2535 644 2596 in
675 2554 879 2597 vocem
912 2553 1238 2614 erumpens
1267 2553 1402 2595 cum
1434 2533 1646 2595 calidis
1675 2533 1960 2612 lacrymis
1990 2552 2005 2592 :

362 2623 522 2687 Deus
549 2643 715 2686 meus
739 2624 994 2698 Christe,
1045 2623 1256 2702 inquit,
1286 2623 1388 2702 qui
1438 2641 1533 2683 me
1565 2621 1822 2699 benigne
1850 2621 2011 2702 aspi-

365 2715 597 2786 ciens,a
629 2712 924 2793 profundo
959 2730 1163 2774 errore
1199 2729 1291 2771 me
1322 2710 1634 2786 revocasti,
1671 2731 1744 2773 ne
1775 2711 1862 2772 sic
1916 2728 2012 2772 me

364 2800 958 2884 despicias,divinum
993 2800 1350 2879 baptismum
1376 2799 1625 2862 minime
1639 2810 2003 2864 assecutum.

361 2893 479 2956 Sed
505 2910 623 2970 quo
655 2890 741 2952 vis
775 2891 948 2950 modo
1001 2889 1255 2952 ostende
1325 2890 1474 2952 mihi
1528 2890 1898 2953 sacerdotem
1950 2898 2007 2951 et

361 2998 604 3056 aquam,
637 2998 670 3042 a
703 2997 817 3060 quo
851 2986 908 3040 et
938 2979 994 3039 in
1027 2997 1165 3060 qua,
1195 2979 1465 3041 similiter
1489 2987 1663 3059 atque
1695 2981 1791 3041 alii
1826 2979 2004 3043 Chri-

361 3070 562 3144 stiani,
599 3067 958 3149 baptizabor.
995 3068 1139 3132 Cum
1182 3068 1268 3130 sic
1295 3069 1560 3132 dixisset.
1601 3068 1792 3131 nubes
1822 3069 2007 3131 desu-

2083 1906 2437 1983 φθεγξάμενος
2482 1907 2536 1963 ἐν
2581 1908 2727 1984 μέσῳ
2768 1912 2874 1967 τῶν
2917 1911 3100 1991 ὄχλων
3149 1913 3300 1986 ἔστη,
3354 1916 3468 1987 καὶ,
3531 1915 3743 1989 Δέομαι

2083 1997 2252 2071 ὑμῶν,
2286 1997 2570 2074 ἀνέκραγεν
2623 2003 2879 2079 ἰσχυρῶς,
2916 2002 2968 2056 εἴ
3010 2025 3087 2067 τις
3140 2005 3194 2057 εν
3243 2004 3371 2077 ὑμῖν
3404 2005 3746 2078 Χριστιανῶν

2087 2085 2178 2150 εἴη
2222 2088 2566 2164 προεστηκὼς
2608 2090 2695 2145 καὶ
2725 2090 2968 2165 βασάνων
3000 2093 3346 2172 καταφρονῶν
3379 2090 3465 2150 διὰ
3507 2094 3609 2161 τὴν
3641 2095 3746 2150 εὖ·

2089 2173 2319 2254 σέϐειαν,
2366 2177 2571 2254 παρίτω
2631 2179 2691 2234 τὸ
2745 2179 2912 2259 τάχος
2972 2181 3058 2238 καὶ
3101 2181 3470 2257 βαπτίσματός
3528 2205 3595 2259 με
3646 2191 3750 2242 τοῦ

2087 2267 2222 2322 θείου
2266 2265 2611 2340 μεταδιδότω.
2655 2269 2751 2331 Ὠς
2792 2267 2847 2325 δὲ
2892 2271 3096 2335 πάντας
3160 2271 3299 2348 ἑώρα
3342 2270 3443 2328 δέει
3497 2273 3744 2348 νικωμέ-

2091 2378 2207 2418 νους
2269 2357 2357 2412 καὶ
2400 2354 2567 2429 μηδὲν
2600 2367 2692 2416 τοῦ
2723 2361 2906 2436 καιροῦ
2936 2357 3118 2438 δρᾶσαι
3182 2359 3502 2436 δυναμένους
3556 2383 3746 2419 νεανι-

2091 2445 2342 2524 κώτερον,
2389 2445 2530 2522 λᾶπῃ
2561 2449 2841 2527 συγχυθεὶς
2869 2449 2968 2515 τὴν
3001 2451 3184 2529 ψυχὴν
3213 2451 3300 2506 καὶ
3329 2451 3512 2526 φωνὴν
3543 2451 3745 2528 αἴρων,

2093 2535 2282 2596 εὐθέως
2327 2537 2462 2610 μετὰ
2492 2539 2698 2614 θερμῶν
2729 2545 2836 2594 τῶν
2891 2536 3151 2616 δακρύων.
3185 2539 3246 2597 Ὀ
3281 2541 3409 2604 Θεός
3451 2561 3574 2615 μου,
3609 2543 3741 2620 ἔφη,

2087 2619 2306 2702 Χριστὲ,
2359 2627 2414 2687 ὃς
2466 2625 2680 2701 εὐμενές
2735 2651 2826 2702 μοι
2869 2627 3074 2704 βλέψας
3117 2635 3216 2697 τῆς
3261 2631 3471 2705 βαθείας
3527 2619 3744 2698 πλάνης

2091 2712 2395 2770 ἀνεκαλέσω
2425 2736 2513 2789 με,
2546 2715 2622 2790 μὴ
2653 2715 2790 2772 οὕτω
2819 2739 2887 2791 με
2930 2717 3166 2795 περιίδῃς
3221 2727 3316 2776 τοῦ
3358 2721 3498 2778 θείου
3537 2721 3736 2796 βαπτί-

2088 2825 2290 2878 σματος
2333 2803 2716 2877 ἀκοινώνητον,
2772 2805 2891 2862 ἀλλ’
2939 2807 2995 2862 ὃν
3028 2807 3204 2882 βούλει
3237 2809 3434 2886 τρόπον
3465 2807 3726 2874 ὑπόδειξόν

2090 2915 2182 2968 μοι
2219 2896 2305 2952 καὶ
2335 2894 2476 2970 ἱερέα
2515 2897 2603 2951 καὶ
2646 2893 2781 2971 ὕδωρ
2811 2895 2935 2974 παρ’
2969 2900 3028 2952 οὗ
3056 2899 3142 2954 καὶ
3191 2898 3245 2954 ὲν
3294 2905 3340 2972 ᾧ
3383 2911 3500 2960 τοῖς
3554 2896 3734 2962 ἄλλοις

2091 2986 2287 3059 ὁμοίως
2334 2991 2668 3063 Χριστιανοϊς
2727 2987 3181 3062 βαπτισθήσομαι.
3247 2987 3427 3050 Οὕτως
3497 2987 3737 3051 εἰπόντος

2090 3073 2284 3153 νεφέλη
2329 3073 2525 3132 ἄνωθεν
2583 3076 2727 3140 εὖθὺς
2771 3075 3148 3134 ύποκαταϐᾶσα
3189 3079 3284 3134 καί
3351 3079 3513 3152 μέσον
3571 3077 3742 3134 αὐτὸν

362 3178 468 3239 per
497 3159 776 3221 continuo
807 3159 1208 3222 descendens.
1252 3178 1385 3220 cum
1421 3178 1554 3221 eum
1596 3167 1848 3220 stantem
1881 3178 2000 3220 me-

2094 3164 2358 3230 ἑστηκότα
2386 3164 2568 3238 κύκλῳ
2595 3164 2952 3242 περιλαϐοῦσα
2999 3164 3304 3230 ἐϐάπτισεν,
3369 3173 3502 3226 Εἶτα
3563 3173 3597 3234 ὴ
3641 3189 3739 3223 νε-

361 3249 524 3310 dium
555 3248 616 3309 in
649 3249 852 3311 orbem
891 3248 1467 3328 comprehendisset,
1517 3247 1850 3328 baptizavit.
1884 3251 2004 3311 De-

361 3339 502 3402 inde
533 3339 724 3402 nubes
769 3338 1009 3420 quidem
1044 3356 1278 3400 sursum
1313 3337 1584 3399 ascendit
1645 3337 1748 3400 Ille
1779 3348 1998 3412 autem,

361 3428 638 3490 omnibus
681 3427 1040 3494 videntibus.
1098 3427 1318 3489 tluento
1357 3427 1584 3489 caelesti
1632 3426 2000 3506 baptizatus:

361 3515 562 3589 Vobis,
597 3517 813 3595 inquit,
848 3515 1124 3578 omnibus
1182 3517 1384 3578 videre
1437 3516 1629 3588 licuit,
1663 3517 1765 3598 qui
1795 3518 2003 3579 Chris-

361 3608 502 3671 tiani
532 3607 772 3688 quidem
803 3605 972 3686 estis,
1011 3605 1273 3668 nondum
1306 3615 1502 3668 autem
1535 3605 1708 3668 vultis
1757 3606 2006 3668 manife-

359 3707 509 3762 stam
543 3716 674 3759 esse
705 3705 955 3760 vestram
990 3697 1297 3777 pietatem,
1327 3695 1836 3777 quemadmodum
1867 3715 2001 3756 cum

357 3789 556 3850 nullus
587 3789 790 3865 utique
819 3785 893 3848 ad
952 3805 1046 3847 me
1102 3804 1283 3848 ausus
1333 3795 1498 3848 esset
1526 3785 1840 3860 accedere,
1879 3786 2007 3865 ipse

358 3879 609 3940 veniens
627 3888 829 3958 aperte
855 3876 1271 3952 Dominus,me
1304 3877 1564 3938 maximo
1598 3879 1755 3938 dono
1785 3875 2006 3955 imper-

361 3969 452 4029 tiit
481 3968 867 4048 baptismatis.
905 3967 1116 4029 Videte
1149 3985 1314 4046 ergo,
1347 3974 1406 4028 et
1437 3965 1594 4046 turpi
1633 3985 1703 4027 ac
1732 3963 2008 4028 illiberali

361 4058 578 4118 timore
609 4057 971 4118 liberemini.
1011 4057 1348 4129 Quinetiam
1403 4064 1462 4116 tu
1515 4073 1750 4135 quoque
1781 4054 2003 4135 aspice,

361 4167 601 4230 praeses,
654 4147 883 4221 relicta,
941 4165 1069 4227 quae
1129 4147 1278 4208 nihil
1335 4145 1515 4207 habet
1547 4145 1688 4206 utile
1720 4144 2002 4208 insania:

361 4238 919 4320 cognosce,cuinam
953 4236 1074 4299 Deo
1109 4238 1366 4317 teipsum
1400 4235 1628 4314 absque
1659 4234 1890 4296 ratione
1926 4234 2005 4295 fe-

360 4331 518 4391 ceris
547 4327 885 4407 inimicum,
913 4334 972 4389 et
1010 4325 1542 4407 quemadmodum,
1569 4341 1638 4386 eo
1663 4323 1893 4403 judice,
1925 4324 2008 4384 sis

363 4418 616 4480 luiturus
643 4435 863 4497 pennas.

441 4506 693 4569 XXXIII.
732 4507 875 4570 Cum
912 4513 1132 4584 martyr
1185 4504 1270 4565 sic
1303 4513 1460 4564 esset
1493 4503 1750 4576 locutus,
1785 4520 2005 4583 praeses

356 4615 547 4677 neque
575 4615 645 4658 ea
677 4614 807 4675 qua;
837 4594 983 4656 vidit
1011 4591 1660 4669 admirabilia,omnino
1691 4592 2005 4655 attendens

357 4690 478 4763 (res
507 4684 665 4747 enim
701 4684 877 4763 plane
899 4702 1078 4764 caeca,
1110 4692 1200 4746 est
1231 4683 1466 4761 vitium)
1499 4703 1513 4740 :
1553 4683 1688 4744 llaec
1731 4681 2001 4764 quidem,

355 4776 571 4857 inquit,
605 4775 795 4850 mitte,
828 4794 861 4835 ο
894 4773 1231 4837 Philemon.
1266 4771 1426 4835 Nihil
1479 4774 1637 4833 enim
1695 4778 1785 4834 est
1813 4771 2000 4853 aliud,

359 4866 473 4930 nisi
503 4865 693 4928 solum
720 4864 1029 4928 oculorum
1055 4863 1328 4945 deceptio
1362 4871 1420 4924 et
1451 4863 1872 4944 praestigiaeTu
1905 4881 2006 4924 au-

361 4967 478 5020 tem
505 4958 625 5038 dic,
649 4973 901 5037 quanam
939 4956 1015 5017 de
1058 4971 1237 5017 causa
1264 4971 1362 5015 res
1393 4951 1655 5033 despicis
1685 4951 1833 5013 adeo
1865 4953 2004 5014 dul-

357 5068 479 5130 ces,
508 5057 572 5110 ut
601 5063 798 5127 neque
855 5054 1088 5107 tuarum
1125 5043 1406 5106 tibiarum
1443 5041 1622 5103 ullam
1674 5042 1858 5104 ducas
1903 5060 2004 5104 ra-

357 5138 807 5218 tionem,neque
839 5135 1162 5197 maximum
1193 5139 1467 5195 nostrum
1497 5131 1716 5194 festum
1741 5133 1834 5195 vel
1870 5139 2007 5194 tan-

357 5229 546 5290 tillum
581 5227 777 5290 veniat
809 5228 865 5286 in
901 5233 1186 5296 mentem,
1221 5241 1419 5304 neque
1453 5221 1636 5283 ullum
1672 5221 1850 5284 totius
1897 5241 2007 5302 po-

358 5317 477 5397 puli
501 5325 558 5378 te
584 5323 774 5394 capiat
806 5313 1173 5376 desiderium
1201 5333 1214 5376 :
1263 5312 1366 5393 qui
1395 5320 1706 5392 postquam
1733 5313 2010 5374 venerint

359 5405 602 5484 quidem
634 5405 693 5465 in
737 5406 1056 5480 theatrum,
1112 5410 1168 5462 te
1217 5411 1416 5464 autem
1459 5418 1578 5461 non
1623 5399 2008 5480 adspexerint

357 5493 652 5556 concinne
673 5503 732 5554 et
763 5493 1067 5554 modulate
1095 5500 1430 5563 canentem,
1460 5489 1566 5551 sed
1598 5489 1779 5550 alium
1817 5509 1920 5567 pro
1951 5503 2008 5552 te

358 5586 696 5643 sumentem
724 5580 920 5654 tibias,
947 5587 1260 5660 quantum,
1299 5587 1495 5658 putas,
1531 5576 1842 5656 lugebunt,
1877 5597 2004 5640 mo-

363 5671 573 5740 dorum
595 5676 824 5739 tuorum
855 5667 1264 5749 recordantes,
1299 5675 1358 5736 et
1388 5675 1503 5732 tua:
1530 5664 1833 5728 illicientis
1865 5685 2005 5731 sua-

2087 3253 2226 3332 φέλη
2256 3253 2353 3328 μὲν
2386 3253 2549 3311 ἄνεισι
2581 3253 2763 3311 πάλιν·
2800 3257 2828 3312 6
2870 3253 2924 3311 δὲ
2955 3257 3056 3312 ὑπὸ
3099 3261 3222 3320 το³ις
3255 3259 3503 3314 ἁπάντων
3534 3256 3740 3336 ὀφθαλ-

2089 3355 2217 3416 μοῖς
2273 3343 2498 3420 οὖρανίῳ
2571 3344 2762 3417 νάματι
2848 3345 3265 3426 βαπτισάμενος,
3342 3345 3500 3424 Ὀρᾷν
3576 3348 3733 3422 δμτν,

2088 3433 2213 3508 ἔφη,
2271 3433 2546 3508 πρόκειται
2578 3439 2739 3488 πᾶσιν
2785 3433 2901 3489 ὅσοι
2941 3437 3244 3513 Χριστιανοὶ
3287 3437 3382 3510 μέν
3413 3435 3555 3516 ἐστε,
3588 3435 3744 3492 οῧπω

2088 3520 2142 3577 δὲ
2202 3523 2288 3578 καὶ
2349 3519 2501 3588 δῆλοι
2559 3522 2658 3590 τὴν
2712 3521 2980 3579 ειῦσὲϐειαν
3050 3525 3191 3582 εἶναι
3253 3523 3527 3601 βούλεσθε,
3586 3524 3738 3590 ὅπως

2089 3609 2296 3676 οὒδενὸς
2327 3613 2473 3684 ὑμῶν
2507 3609 2621 3666 ουδὲ
2654 3610 2967 3682 προσελθεῖν
3018 3635 3112 3687 μοι
3167 3615 3314 3693 τάχα
3368 3615 3738 3687 θαρσήσαντος

2088 3701 2246 3764 αὐτὸς
2288 3703 2559 3778 ἐπιφανῶς
2591 3699 2756 3758 ἐλθὼν
2787 3704 2814 3758 6
2862 3705 3137 3769 Δεσπότης
3187 3706 3283 3770 τῆς
3343 3704 3602 3779 μεγίστης
3635 3726 3726 3778 μοι

2088 3797 2180 3847 τοῦ
2244 3777 2609 3866 βαπτίσματος
2678 3791 2998 3858 ἐκοινώνησε
3084 3790 3307 3870 δωρεᾶς.
3347 3777 3541 3850 Ἆιδετε
3618 3777 3736 3850 τοι-

2089 3887 2304 3959 γαροῦν,
2357 3883 2445 3936 καὶ
2505 3879 2667 3960 φόϐου
2725 3881 2809 3938 καὶ
2868 3879 3063 3946 δειλίας
3108 3887 3205 3949 τῆς
3267 3883 3516 3961 ἀγεννοῦς
3550 3881 3735 3939 ἀπαλ-

2091 3968 2314 4046 λάγητε.
2369 3971 2464 4028 Καὶ
2497 3971 2557 4027 σὺ
2587 3968 2664 4044 δὲ,
2699 3967 3012 4048 περίϐλεπτε
3059 3972 3302 4048 ἡγεμὼν,
3336 3971 3530 4047 μανίας
3590 3969 3736 4027 οὕδὲν

2092 4058 2323 4138 ἐχούσης
2354 4058 2621 4120 λυσιτελὲς
2669 4060 2931 4130 ἀποστὰς,
2961 4063 3122 4137 γνῶθι
3186 4061 3284 4116 τίνι
3345 4068 3460 4135 Θεῴ
3512 4063 3735 4118 σεαυτὸν

2090 4148 2300 4226 ἀλόγως
2345 4148 2772 4228 ἐξεπολέμωσας,
2804 4149 2892 4206 καὶ
2924 4147 3068 4211 ’ὅπως
3125 4147 3213 4207 ὑπ’
3277 4152 3419 4223 αὒτῷ
3469 4149 3734 4222 δικάζοντι

2092 4237 2304 4314 μέλλεις
2335 4238 2435 4306 τὴν
2464 4239 2684 4296 κόλασιν
2712 4238 3004 4317 ὒποσχεῖν,

2169 4504 2297 4568 Al".
2355 4504 2506 4564 Οὕτω
2561 4503 2918 4584 φθεγξαμένου
2987 4513 3078 4563 τοῦ
3121 4506 3381 4583 μάρτυρος
3444 4508 3472 4563 6
3516 4507 3736 4582 ἡγεμὼν

2088 4596 2226 4669 μήτε
2275 4595 2481 4660 τούτοις
2537 4594 2624 4658 οἷς
2683 4592 2878 4660 ἤκουσε
2934 4595 3072 4669 μήτε
3135 4595 3223 4659 οἷς
3267 4592 3376 4649 εἶδε
3420 4592 3736 4672 παραδόξοις

2087 4684 2234 4760 ὅμως
2309 4685 2601 4763 προσσχὼν
2679 4681 2894 4763 (τυφλὸν
2981 4683 3082 4761 γὰρ
3138 4681 3370 4760 ἀκριϐῶς
3429 4686 3464 4752 ἡ
3523 4684 3734 4761 κακία),

2087 4781 2262 4832 Ταῦτα
2321 4773 2441 4848 μὲν,
2490 4777 2637 4845 εἷπε,
2683 4771 2953 4850 Φιλῆμον,
3001 4772 3089 4843 ἐᾷν
3124 4789 3141 4808 ⁶
3190 4769 3338 4829 οὒδεν
3380 4773 3481 4852 γὰρ
3525 4771 3607 4828 ὅτι
3660 4773 3740 4846 μὴ

2087 4863 2370 4945 ὀφθαλμῶν
2415 4863 2596 4930 ἀπάτη
2650 4862 2811 4938 μόνον
2867 4864 2954 4918 καὶ
3016 4861 3258 4941 τερατεία
3293 4883 3305 4896 ο
3381 4863 3444 4917 σὺ
3505 4859 3558 4918 δέ
3619 4861 3744 4919 ὅτου

2090 4953 2248 5032 χάριν
2292 4951 2462 5021 ἡδέων
2520 4951 2658 5009 οὕτω
2711 4951 3038 5029 πραγμάτων
3093 4949 3310 5024 ἀμελῶς
3370 4949 3531 5030 ἔσχες
3589 4951 3733 5023 εἰπὲ,

2089 5047 2164 5107 ὡς
2222 5044 2359 5118 μήτε
2417 5041 2524 5098 τῶν
2579 5041 2786 5098 οἰκείων
2829 5039 3004 5096 αὒλῶν
3044 5037 3246 5114 μηδένα
3276 5037 3439 5117 λόγον
3467 5042 3742 5096 ποιεῖσθαι

2091 5134 2227 5208 μήτε
2274 5134 2373 5198 τῆς
2427 5131 2684 5207 μεγίστης
2736 5129 2893 5205 ἡμῶν
2942 5129 3132 5207 ἑορτῆς
3183 5127 3311 5203 μηδ’
3355 5130 3430 5190 εἶς
3473 5129 3746 5208 βραχεῖαν

2091 5223 2389 5295 ἀνάμνησιν
2460 5221 2760 5299 ἔρχεσθαι,
2819 5220 2958 5294 μήτε
3025 5224 3118 5275 τοῦ
3176 5217 3481 5291 σύμπαντος
3553 5219 3743 5274 τούτου

2091 5311 2321 5382 πλήθους
2391 5310 2546 5366 πόθον
2590 5306 2906 5386 λαμϐάνειν,
2965 5308 3020 5362 οἳ
3075 5305 3287 5362 ἐπειδὰν
3317 5306 3610 5385 ἀφίκωνται
3641 5306 3743 5380 μὲν

2117 5403 2131 5424 ν
2231 5403 2244 5421 κ
2325 5401 2342 5433 λ
2597 5399 2619 5432 λ
2656 5397 2703 5430 κε
2783 5398 2800 5430 ,ε
2880 5419 2898 5429 -
2923 5397 2934 5416 ν
3202 5398 3214 5413 ε
3275 5399 3299 5428 ι.
3454 5397 3475 5428 α

2091 5423 2165 5466 εις
2195 5424 2257 5457 το
2291 5405 2528 5478 θεατρον,
2563 5423 2621 5456 σε
2652 5409 2707 5454 οε
2740 5421 2817 5473 μη
2846 5401 3137 5454 θεασωνται
3167 5417 3228 5453 το
3277 5393 3509 5472 εμμελις
3563 5395 3745 5452 ἐκεῖνο

2090 5493 2174 5547 καὶ
2233 5490 2498 5571 γλαφυρὸν
2541 5487 2758 5565 ᾅῖοντα,
2820 5485 2955 5542 ἆλλᾶ
3002 5487 3123 5546 τοὺς
3177 5484 3364 5549 αὒλοὺς
3410 5483 3588 5564 ἕτερον
3629 5485 3747 5541 ἀντὶ

2091 5587 2183 5636 σοῦ
2239 5577 2490 5658 λαϐόντα,
2524 5577 2689 5636 ,πόσα
2727 5575 2907 5638 δοκεῖς
2944 5573 3297 5650 ἀνοιμώζουσι
3352 5581 3458 5630 τῶν
3492 5576 3602 5630 σῶν
3639 5593 3747 5648 με-

2091 5680 2355 5748 μνημένοι
2403 5667 2580 5744 μελῶν
2617 5668 2702 5726 καὶ
2761 5670 2860 5736 τῆς
2923 5664 3168 5745 γλυκείας
3227 5661 3393 5728 ὅντως
3453 5664 3641 5743 ἴυγγός
3685 5679 3750 5719 τε
