4056 6142
315 279 432 348 545

1232 277 1704 346 MARTYRIUM
1748 279 1810 344 S.
1873 269 2163 343 THYRSI
2205 269 2303 343 ET
2346 273 2746 344 SOCIORUM.

3556 277 3674 358 546

314 421 406 480 καὶ
467 419 694 500 χάριτος
729 440 745 492 ;
782 416 948 476 Ἀλλά
991 425 1154 476 ταῦτα
1200 420 1226 474 ὁ
1257 419 1473 498 ἡγεμὼν
1511 417 1707 496 γυναιξὶ
1755 413 1957 492 μαλλον

2043 411 2337 501 vitatiset
2374 409 2628 488 gratiae?
2657 409 2774 473 Sed
2824 410 2950 474 haec
2993 412 3234 494 quidem
3267 433 3509 496 prmses,
3540 439 3673 501 quae

317 510 350 578 ἢ
382 507 600 587 ἀνδράσι
659 509 997 586 προσήκοντα
1032 507 1257 588 λέγων,
1312 510 1400 564 καὶ
1458 507 1708 580 κολακείᾳ
1763 505 1952 564 δουλο-

314 610 514 677 πρεπεῖ
599 595 912 678 διαφθείρειν
984 600 1168 677 ψυχῆς
1246 596 1510 676 εὐγένειαν
1565 597 1946 675 προελόμενος.

311 686 580 762 Φιλήμονι
637 684 692 742 δὲ
746 697 996 746 τοσοῦτον
1054 684 1282 761 ἐμέλησε
1353 693 1459 744 τῶν
1529 686 1793 764 ῥηθέντων
1854 687 1950 765 ὡς,

311 777 424 833 ἐπεὶ
456 775 595 854 ἔγνω
622 777 713 832 τὸν
765 777 1006 854 ἡγεμόνα
1051 777 1210 833 οἱονεί
1256 798 1307 832 τι
1337 773 1522 853 δέλεαρ
1574 777 1716 849 αὐτῷ
1747 775 1954 860 προτεί-

311 887 472 923 νοντα
513 866 636 928 τοὺς
677 863 868 930 αὒλοὺς
918 866 1008 923 καὶ
1063 864 1228 931 οὕτως
1277 867 1435 923 αὐτὸν
1464 868 1717 943 θηρεῦσαι
1750 861 1952 942 πειρώ-

312 977 498 1031 μενον,
560 953 736 1012 ἐδεῖτο
789 955 1088 1034 θερμότατα
1165 961 1258 1012 τοῦ
1332 957 1464 1012 Θεοῦ
1512 963 1614 1032 πόρ
1663 955 1799 1012 κατὰ
1848 960 1955 1011 τῶν

315 1043 491 1102 αὐλῶν
530 1044 747 1124 ἀφεῖναι
790 1047 877 1102 καὶ
920 1043 1110 1124 τέιρραν
1154 1045 1341 1110 αὐτοὺς
1393 1044 1663 1125 ἀποφῆναι
1723 1047 1810 1102 καὶ
1852 1043 1952 1100 κό-

316 1157 414 1207 νιν,
451 1134 774 1193 Εἱσάίκουσόν
817 1156 920 1210 μου
963 1136 1052 1190 καὶ
1097 1141 1210 1209 νῦν,
1267 1133 1462 1212 λέγων,
1522 1135 1676 1214 Κύριε
1710 1133 1949 1213 βασιλεῦ,

317 1226 403 1280 καὶ
431 1222 613 1300 ὥσπερ
650 1220 736 1279 ἐπ’
793 1222 889 1299 ἐμὲ
942 1221 1100 1303 ὕδωρ,
1145 1223 1284 1281 οὕτω
1339 1224 1434 1280 καί
1494 1223 1578 1280 ἐπὶ
1629 1224 1746 1290 τοὺς
1798 1224 1954 1299 ἐμοὺς

319 1312 509 1376 αὐλοὺς
553 1315 653 1390 πῦρ
686 1311 882 1369 ἐλθέτω
937 1314 1026 1370 καὶ
1080 1313 1434 1394 καταφαγέτω
1487 1314 1695 1389 αὐτοὺς,
1731 1315 1818 1379 οὓς
1871 1313 1956 1370 ἐπὶ

317 1403 378 1457 τὸ
435 1402 531 1457 σὸν
579 1402 865 1479 μαρτύριον
920 1403 1009 1459 καὶ
1065 1416 1187 1466 ταῖς
1244 1403 1428 1482 χερσὶν
1475 1401 1620 1483 ἔχων
1652 1403 1954 1480 παρεθέμην

320 1483 688 1564 Ἀπολλωνίῳ.
750 1493 870 1567 Ναὶ,
940 1489 1182 1549 Δέσποτα
1228 1492 1428 1565 Ἰησοῦ,
1490 1492 1584 1549 ’ἕνα
1635 1491 1802 1568 μηδέν
1852 1515 1954 1568 μου

313 1578 473 1647 τῆσδε
520 1581 619 1648 τῆς
681 1581 1093 1662 ματαιοτεχνίας
1151 1581 1440 1661 ὑπολειφθῇ
1495 1581 1766 1657 λείψανον,
1819 1581 1954 1658 μηδέ

2034 502 2216 579 magis
2237 500 2499 576 feminis,
2549 519 2725 578 quam
2757 501 2898 564 viris
2927 504 3310 587 conveniunt,
3358 500 3672 572 servilibus

2034 589 2337 652 blanditiis
2369 589 2576 652 volens
2597 609 2986 672 corrumpere
2997 612 3358 672 generosum
3378 597 3672 664 animum.

2033 679 2367 743 Philemoni
2401 688 2596 742 autem
2629 687 2803 742 tantm
2833 698 2991 744 curae
3020 683 3259 747 fuerunt
3290 703 3360 748 ea
3390 705 3520 769 quae
3553 689 3679 750 dic-

2037 777 2096 832 ta
2125 778 2286 846 sunt,
2321 778 2384 832 ut
2414 780 2724 851 postquam
2751 773 3026 850 cognovit
3061 773 3372 853 praesidem
3401 777 3457 839 ei
3501 777 3676 840 tibias

2039 867 2320 940 tauquam
2354 877 2522 923 escas
2554 869 3077 941 proponentem,et
3092 865 3179 926 sic
3203 882 3338 927 eum
3357 876 3674 930 conantem

2036 949 2289 1025 illicere,
2325 949 2512 1012 Deum
2535 950 2756 1029 rogarit
2781 953 3292 1035 ardentissime,ut
3322 955 3521 1035 ignem
3554 957 3672 1020 im-

2025 1039 2305 1101 mitteret
2335 1039 2397 1100 in
2441 1038 2636 1115 tibias,
2667 1047 2727 1101 et
2754 1058 2853 1102 eas
2883 1042 2943 1103 in
2973 1042 3240 1105 cinerem
3292 1045 3590 1124 redigeret
3617 1054 3679 1109 et

2039 1128 2341 1208 pulverem
2394 1151 2407 1190 :
2460 1128 2686 1190 Exaudi
2749 1149 2844 1192 me
2901 1148 3063 1194 nunc
3110 1152 3371 1215 quoque,
3442 1135 3674 1212 dicens,

2037 1218 2288 1282 Domine
2331 1238 2456 1295 rex,
2505 1227 2564 1282 et
2627 1221 2926 1300 quomodo
2991 1241 3174 1301 supra
3232 1241 3328 1285 me
3370 1245 3552 1308 aqua,
3598 1227 3677 1288 ita

2038 1310 2212 1371 etiam
2268 1328 2446 1391 supra
2489 1328 2651 1372 meas
2737 1310 2907 1372 tibias
2991 1314 3186 1374 seniat
3256 1313 3429 1393 ignis,
3480 1326 3538 1378 et
3575 1334 3676 1378 eas

2039 1398 2302 1470 devoret,
2330 1417 2503 1479 quas,
2535 1400 2608 1459 ad
2641 1407 2802 1460 tuum
2837 1418 3086 1462 currens
3119 1403 3678 1485 martyrium,depo-

2039 1488 2130 1550 sui
2160 1487 2312 1569 apud
2367 1487 2773 1568 Apollonium.
2807 1487 2911 1568 Ita,
2968 1492 3220 1552 Domine
3247 1490 3413 1572 Jesu,
3454 1503 3517 1554 ut
3547 1493 3679 1556 vani

2042 1577 2219 1656 hujus
2244 1579 2356 1639 mei
2378 1578 2615 1639 artiﬁcii
2647 1578 2822 1639 nulla;
2860 1579 3210 1641 remaneant
3239 1582 3528 1663 reliquiae,
3567 1603 3677 1645 ne-

312 1693 394 1734 τις
425 1668 549 1727 ἰδὼν
605 1675 712 1726 τῶν
761 1671 1018 1748 ἀπίστων,
1069 1672 1250 1744 Οὗτοι,
1296 1671 1359 1728 ἂν
1415 1671 1586 1747 εἴποι,
1646 1672 1954 1748 Φιλήμονος

2043 1685 2158 1748 que
2186 1686 2283 1729 eas
2305 1667 2513 1729 videns
2543 1666 2836 1748 quispiam
2860 1687 2934 1730 ex
2967 1668 3330 1753 inﬁdelibus,
3348 1671 3504 1733 dicat
3530 1693 3543 1731 :
3580 1672 3681 1736 Hae

313 1759 484 1819 αὐλοί.

396 1839 529 1911 ΛΔ’.
567 1848 728 1908 Οῧπω
756 1848 908 1910 τέλος
939 1848 1234 1924 ἐλάμϐανεν
1277 1853 1310 1919 ἡ
1361 1852 1525 1931 εὐχὴ,
1575 1852 1660 1907 καὶ
1717 1852 1955 1918 σκηπτὸς

314 1940 413 2016 μὶν
443 1938 528 1996 ἐπὶ
579 1940 676 2005 τὰς
732 1938 1097 1996 Ἀπολλωνίου
1148 1954 1342 2020 χεῖρας
1415 1941 1622 1998 καθίετο
1651 1958 1667 1974 ⁸
1723 1943 1808 1997 καὶ
1852 1943 1958 1997 τῶν

2040 1756 2172 1819 suni
2204 1757 2362 1820 tibiae
2386 1757 2776 1820 Philemonis.

2120 1845 2381 1910 XXXIV.
2415 1845 2690 1909 Nondum
2714 1846 2895 1910 ﬁnitae
2920 1856 3088 1910 erant
3110 1858 3406 1929 preces,et
3435 1849 3681 1914 descen-

2041 1937 2126 1998 dit
2160 1936 2403 2018 quidem
2459 1937 2685 1998 fulmen
2721 1956 2902 2018 supra
2954 1957 3164 2001 manus
3209 1941 3530 2021 Apollonii,
3568 1951 3627 2002 et
3654 1962 3686 2002 a

314 2036 515 2109 χειρῶν
563 2030 666 2104 μὲν
709 2026 1016 2106 παραδόξως
1050 2028 1182 2107 ἄγαν
1212 2030 1510 2110 ἀπέσχετο,
1562 2030 1844 2112 κατέφλεξε
1903 2028 1957 2085 δὲ

2043 2026 2319 2087 manibus
2344 2025 2585 2106 quidem
2619 2026 2910 2089 abstinuit
2937 2027 3682 2106 admirabiliter,combus-

312 2120 434 2181 τοὺς
466 2117 661 2182 αὐλοὺς
714 2120 801 2174 καὶ
852 2119 925 2181 εἷς
983 2125 1116 2198 χοῦδ
1182 2121 1370 2183 αὐτοὺς
1433 2125 1520 2176 καὶ
1577 2121 1721 2176 κόνιν
1767 2119 1955 2178 εὐθέως

2043 2116 2117 2176 sit
2145 2123 2340 2176 autem
2375 2114 2566 2192 tibias,
2603 2123 2662 2177 et
2689 2134 2790 2178 eas
2819 2117 3100 2178 continuo
3125 2118 3357 2197 redegit
3386 2119 3444 2179 in
3479 2119 3685 2200 pulve-

314 2205 550 2283 διέθηκε,
598 2207 832 2285 καθάπερ
874 2210 1024 2272 τινὸς
1056 2209 1146 2264 τὸν
1191 2211 1432 2276 σκηπτὸν
1475 2210 1842 2289 περιάγοντος,
1872 2211 1955 2266 καὶ

2043 2223 2168 2266 rem
2203 2213 2262 2265 et
2285 2205 2548 2266 cinerem
2584 2223 2596 2267 :
2637 2204 2892 2284 perinde
2917 2223 2986 2267 ac
3005 2213 3054 2267 si
3083 2206 3308 2269 fulmen
3337 2206 3683 2272 circumdu-

310 2299 469 2356 τίνων
502 2297 601 2372 μὲν
631 2300 776 2376 χρῆν
799 2296 1117 2376 ἀπέχεσθαι,
1143 2298 1295 2354 τίνων
1321 2297 1374 2354 δὲ
1395 2298 1626 2374 ἅψασθαι
1649 2297 1958 2354 διαδεικνύν-

313 2410 432 2451 τος.
466 2385 734 2442 Ἐντεῦθεν
758 2386 1029 2466 ἀμφότερα
1064 2387 1421 2466 κατωρθοῦντο
1451 2397 1616 2446 ταῦτα
1641 2410 1655 2423 ·
1690 2388 1958 2463 Φιλήμονι

319 2477 421 2551 μὲν
456 2474 558 2554 γάρ
588 2475 622 2542 ἦ
651 2475 789 2556 εὐχὴ
835 2475 997 2552 πέρας
1048 2480 1174 2556 εἶχε
1232 2478 1318 2533 καὶ
1362 2479 1435 2542 εἰς
1479 2477 1632 2557 ἔργον
1676 2475 1957 2552 ἐξέϐαινεν,

320 2562 666 2639 Ἀπολλωνίῳ
696 2562 752 2620 δὲ
783 2563 888 2632 ἤδη
911 2567 1041 2644 θύρα
1077 2568 1208 2642 πρὸς
1239 2568 1300 2622 τὸ
1328 2567 1610 2647 μαρτύριον
1640 2565 1957 2645 διηνοίγετο.

321 2653 465 2710 Θέων
493 2655 594 2730 γὰρ
637 2656 665 2710 ὁ
697 2653 1002 2730 Φιλήμονος
1037 2653 1257 2736 ἀδελφὸς
1293 2656 1501 2733 εὐθέως,
1526 2656 1702 2735 ὥσπερ
1733 2657 1790 2713 ’ἐκ
1820 2679 1960 2721 τινος

316 2743 625 2811 ἀποστολῆς
652 2742 886 2824 δραμὼν,
924 2747 1095 2802 πάντα
1143 2756 1238 2805 τοῦ
1271 2745 1533 2825 δράματος
1583 2748 1822 2826 γνωρίζει
1884 2755 1961 2822 τῷ

313 2833 572 2914 ἡγεμόνι,
603 2832 750 2898 ὅπως
780 2857 836 2891 τε
881 2834 1150 2911 Φιλήμονι
1199 2836 1299 2903 τὴν
1342 2837 1535 2893 οἰκείαν
1568 2837 1763 2905 στολὴν
1806 2860 1960 2917 περι-

319 2922 507 2981 έϐαλεν
565 2921 944 3006 Ἀπολλώνιος,
994 2925 1141 2990 ὅπως
1184 2947 1242 2982 τε
1287 2923 1400 2982 ἀντ’
1459 2926 1658 2983 ἐκείνου
1711 2934 1959 3007 χωρῆσαι

320 3015 452 3090 πρὸς
516 3013 638 3076 τοὺς
682 3014 894 3091 ἀγῶνας
938 3015 1095 3071 αὐτὸν
1141 3015 1520 3096 παρεσκεύασε,
1581 3018 1666 3072 καὶ
1699 3019 1772 3080 ὼς
1803 3017 1960 3082 αὖτὸς

323 3105 477 3166 οὗτος
509 3101 597 3170 εἴη
628 3108 728 3170 τῆς
765 3103 963 3160 ἐκείνου
1012 3103 1288 3185 διαφθορᾶς
1346 3105 1680 3170 αἰτιώτατος.
1734 3105 1961 3184 τἈγεται

324 3194 414 3249 οὗν
448 3192 634 3249 αὐτίκα
684 3195 769 3250 καὶ
811 3193 1198 3269 Ἀπολλώνιος,
1231 3197 1276 3270 ᾦ
1328 3196 1552 3271 μανικόν
1580 3217 1632 3254 τι
1661 3197 1749 3252 καὶ
1778 3196 1960 3274 ἄγριον

322 3278 596 3356 ἐμϐλέψας
680 3279 950 3361 ’Λῤῥιανός
988 3304 1002 3320 °
1048 3285 1108 3342 Τί
1164 3291 1342 3356 τοῦτο,
1403 3286 1580 3364 φησὶ,
1659 3285 1960 3364 μιαρώτατε

320 3371 533 3431 πάντων
589 3371 900 3451 ἀνθρώπων,
947 3372 975 3429 ὅ
1023 3375 1107 3430 καὶ
1165 3376 1309 3450 ἡμᾶς
1365 3376 1455 3431 καὶ
1507 3375 1605 3442 τὴν
1657 3374 1813 3433 πόλιν
1872 3379 1960 3434 καὶ

315 3462 524 3520 τουτονὶ
564 3462 656 3518 τὸν
706 3459 932 3519 δείλαιον
981 3461 1232 3543 εἴργασαι
1272 3482 1288 3539 ;
1344 3463 1527 3543 ὅτιπερ
1580 3465 1802 3540 ἀπονοίᾳ
1861 3467 1958 3543 μὲν

315 3552 407 3608 καὶ
445 3551 581 3608 θεῶν
611 3553 699 3608 καὶ
741 3553 918 3628 νόμων
973 3555 1332 3635 ὑπερφρονῶν,
1365 3552 1528 3627 δειλίᾳ
1578 3553 1630 3611 δὲ
1658 3557 1752 3620 τὰς
1783 3557 1957 3632 βασά-

320 3663 439 3705 νους
499 3640 776 3717 ἐκκλίνων,
821 3642 1058 3720 ἥμειψάς
1108 3665 1166 3699 τε
1217 3646 1348 3723 πρὸς
1407 3645 1564 3701 αὑτὸν
1615 3645 1712 3712 τὴν
1767 3645 1959 3714 ἐσθῆτα

319 3733 408 3787 καὶ
465 3733 764 3810 μαγγανεία
837 3735 939 3790 τινὶ
1014 3734 1113 3800 τὴν
1169 3737 1330 3793 cat-3106
1385 3733 1596 3811 καρδίαν
1653 3732 1956 3815 διέτρεψας,

317 3822 579 3900 μεγίστης
635 3819 830 3890 ἡδονῆς
861 3823 958 3890 τὴν
988 3822 1144 3879 πόλιν
1173 3822 1507 3890 ἀποστάσας.
1555 3821 1721 3881 ’Ἔδει
1751 3845 1809 3880 σε
1840 3825 1956 3882 τοί-

319 3932 430 3986 νυν,
465 3911 510 3966 εί
538 3910 633 3975 τὰς
661 3909 908 3976 κολάσεις
961 3911 1131 3975 οὕτως
1186 3909 1486 3988 ἐδεδοίκεις,
1550 3911 1668 3989 ἐμοὶ
1725 3911 1957 3991 προσελ-

318 4000 478 4057 θόντα
533 4000 630 4068 τὴν
684 4000 906 4077 γνώμην
964 3999 1326 4079 ἀποκαλύψαι,
1363 4001 1507 4080 Ἐγὼ
1551 4001 1605 4058 δέ
1655 4024 1714 4058 σε
1748 4000 1958 4066 πάντως

319 4089 495 4156 ἀνῆκα
537 4088 598 4145 ἂν
643 4089 826 4164 νόμοις
857 4089 1248 4170 φιλανθρωπίας
1279 4093 1592 4168 πειθόμενος
1631 4107 1644 4122 ⁸
1699 4094 1787 4149 καὶ
1838 4091 1956 4150 οὔτε

319 4180 382 4234 ἃν
443 4180 600 4246 αὑτὸς
641 4180 930 4259 πράγματα
987 4183 1169 4260 εἶχες,
1231 4182 1352 4259 οὕτε
1409 4182 1607 4260 ἑτέροις
1666 4199 1955 4263 παρεὶχες,

317 4268 454 4325 ἀλλά
530 4266 675 4335 δέους
755 4271 844 4328 καὶ
903 4268 1153 4328 κινδύνων
1211 4270 1543 4348 ἀπαλλαγεὶς
1615 4271 1782 4337 ἀδεῶς
1833 4273 1955 4344 ’έζης

315 4359 411 4415 καί
438 4359 822 4437 ἀπραγμόνως,

2043 2305 2206 2356 ceret
2237 2294 2622 2374 quispiam,et
2642 2313 2676 2355 a
2705 2294 3059 2375 quibusnam
3089 2296 3328 2376 quidem
3359 2297 3680 2376 abstinere,

2043 2402 2312 2464 quaenam
2347 2401 2483 2445 vero
2516 2392 2762 2462 tangere
2803 2393 3096 2465 oporteat,
3133 2385 3497 2449 ostenderet.
3533 2387 3684 2450 Hinc

2044 2482 2292 2553 utraque
2322 2481 2766 2536 successerunt.
2799 2475 2949 2536 Nam
2982 2481 3042 2534 et
3083 2474 3450 2536 Philemonis
3477 2484 3683 2538 votum

2044 2562 2363 2623 deductum
2387 2571 2476 2624 est
2507 2561 2579 2623 ad
2611 2561 2888 2623 eﬁ‘ectum
2917 2583 2932 2643 ;
2980 2561 3294 2642 Apollonio
3337 2571 3533 2626 autem
3560 2564 3682 2644 jam

2044 2659 2251 2733 aperta
2275 2661 2400 2714 erat
2421 2653 2604 2731 janua
2631 2653 2704 2713 ad
2737 2654 3108 2732 martyrium.
3139 2655 3289 2718 Nam
3321 2651 3530 2716 Theon
3559 2655 3683 2717 fra-

2046 2751 2136 2804 ter
2155 2741 2836 2822 Philemouis,tanquam
2863 2742 2931 2803 ab
2965 2741 3164 2822 aliquo
3187 2743 3686 2823 missus,currens

2044 2849 2285 2892 omnem
2309 2849 2434 2894 rem
2455 2840 2685 2912 gestam
2708 2831 2999 2910 signiﬁcat
3032 2831 3686 2912 praesidi,quemadmo-

2043 2919 2186 2979 dum
2221 2919 2633 2980 Philemonem
2658 2937 2764 2979 sua
2805 2927 2963 2981 veste
2987 2919 3182 2982 induit
3212 2920 3591 3003 Apollonius,
3628 2931 3687 2985 et

2045 3007 2546 3084 quemadmodum
2582 3009 2939 3082 eﬁ‘ecerit,ut
2964 3026 3067 3089 pro
3100 3007 3203 3070 illo
3235 3009 3428 3071 adiret
3455 3010 3530 3072 ad
3547 3029 3688 3074 cer-

2047 3105 2265 3178 tamen,
2301 3106 2356 3160 et
2389 3106 2450 3159 ut
2488 3097 2669 3159 fuerit
2700 3099 2831 3179 ipse
2855 3101 3150 3179 praecipua
3172 3117 3352 3162 causa
3377 3100 3536 3162 illius
3567 3101 3686 3164 exi-

2047 3187 2475 3250 tii.Adducitur
2504 3206 2646 3267 ergo
2679 3205 2818 3251 mox
2839 3201 3073 3269 quoque
3103 3188 3683 3269 Apollonius.Quem

2045 3284 2207 3338 torvo
2267 3286 2324 3339 et
2368 3277 2591 3339 furioso
2643 3276 2808 3339 vultu
2865 3279 3102 3340 intuens
3149 3279 3484 3344 Arrianus:
3531 3280 3685 3355 Quid

2045 3366 2158 3428 hoc
2180 3367 2556 3448 est,inquit,o
2573 3367 2844 3429 omnium
2863 3368 3172 3430 hominum
3197 3369 3681 3446 sceleratissime,

2043 3457 2202 3534 quod
2235 3457 2425 3519 fecisti
2458 3467 2516 3519 et
2547 3457 2740 3534 nobis,
2770 3465 2833 3520 et
2870 3457 3114 3533 civitati,
3148 3465 3207 3520 et
3244 3459 3383 3522 huic
3417 3463 3635 3522 misero
3667 3480 3682 3524 :

2041 3546 2202 3624 quod
2235 3555 2476 3628 propter
2533 3549 2924 3626 arrogantiam
2979 3547 3224 3628 quidem
3255 3547 3400 3610 deos
3431 3557 3490 3611 et
3519 3549 3684 3628 leges

2044 3636 2406 3715 despiciens,
2445 3643 2605 3697 metu
2634 3645 2832 3698 autem
2866 3644 3158 3698 tormenta
3187 3637 3513 3714 declinans,
3548 3657 3683 3699 cum

2044 3744 2114 3786 eo
2133 3725 2370 3786 mutasti
2394 3732 2704 3801 vestem,et
2725 3726 3080 3806 quibusdam
3101 3726 3414 3789 maleliciis
3431 3744 3536 3788 cor
3554 3727 3686 3806 ejus

2045 3813 2398 3896 pervertisti,
2433 3814 2672 3894 privans
2720 3816 3017 3876 civitatem
3053 3815 3307 3878 maxima
3337 3816 3686 3898 voluptate?

2040 3903 2392 3983 Oportebat,
2428 3903 2480 3966 si
2508 3904 2594 3966 sic
2626 3903 2877 3966 timebas
2918 3905 3232 3985 supplicia,
3279 3904 3352 3967 ad
3385 3923 3482 3968 me
3509 3923 3684 3968 acce-

2042 3994 2208 4070 dere,
2245 4001 2304 4056 et
2327 4003 2490 4056 tuum
2523 3995 2784 4056 animum
2817 3995 3077 4072 aperire.
3112 3996 3236 4075 Ego
3272 4013 3410 4058 vero
3443 3996 3686 4058 omnino

2039 4084 2100 4146 id
2134 4083 2240 4146 tibi
2268 4083 2636 4146 remisissem
2667 4085 2800 4164 lege
2851 4084 3236 4148 humanitatis
3268 4094 3326 4146 et
3359 4104 3552 4166 neque
3581 4084 3690 4154 tibi

2039 4173 2249 4236 fuisset
2272 4172 2599 4235 exhibitum
2635 4174 2959 4254 negotium,
2997 4193 3191 4256 neque
3219 4183 3279 4237 tu
3310 4176 3684 4238 exhibuisset;

2040 4263 2174 4326 aliis
2202 4285 2216 4327 :
2251 4263 2356 4324 sed
2387 4262 2679 4325 liberatus
2712 4282 2747 4324 a
2780 4272 2939 4326 metu
2960 4270 3020 4326 et
3049 4265 3577 4345 periculis,secure
3609 4262 3686 4326 vi-

2039 4354 2256 4424 xisses,
2289 4363 2346 4414 et
2375 4354 2506 4415 sine
2536 4353 2656 4415 ulla
2686 4353 2980 4417 molestia.

399 4431 534 4509 AE’
596 4431 790 4506 ’Ταῦτα
860 4459 955 4509 τοῦ
1019 4451 1286 4530 ἡγεμόνος
1362 4452 1602 4516 εἰπόντος
1676 4449 1956 4509 ὑπολαϐὼν

2121 4441 2354 4507 XXXV.
2405 4440 2546 4504 Haec
2601 4461 2736 4504 cum
2801 4442 3046 4506 dixisset
3084 4462 3329 4527 praeses,
3382 4443 3688 4528 excipiens

319 4534 681 4603 Ἀπολλώνιος
714 4556 733 4576 ο
793 4538 927 4598 "Ott
985 4539 1082 4615 μὲν
1162 4539 1396 4619 εὑλόγως
1455 4543 1599 4616 ἡμᾶς
1657 4538 1958 4618 διαλοιδορῇ

329 4626 419 4681 καὶ
446 4621 616 4703 ὕϐρεσι
670 4627 914 4703 πλύνεις,
947 4627 1063 4685 οὐδὲ
1116 4629 1274 4694 αὐτὸς
1320 4629 1383 4685 ἂν
1415 4631 1718 4707 ἀντείποιμι
1749 4636 1959 4708 πρῶτος

328 4714 558 4790 ἒμαυτοῦ
616 4720 908 4798 κατήγορος
965 4717 1040 4774 ὤν
1069 4737 1085 4756 ο
1149 4718 1294 4788 πλὴν
1360 4720 1463 4798 οδχ
1532 4719 1612 4776 ὅτι
1697 4721 1960 4778 τοσούτων

322 4804 534 4882 ἀγαθῶν
590 4805 774 4883 ἐκείνῳ
830 4807 1096 4877 κατέστην
1145 4808 1346 4890 αίτιος,
1380 4809 1498 4866 ἀλλ’
1531 4809 1610 4866 ὅτι
1643 4810 1720 4885 μὴ
1779 4808 1962 4886 πολλῷ

322 4896 577 4974 πρότερον
635 4898 853 4973 ἐμαυτῷ
885 4916 902 4934 ο
978 4901 1064 4956 καὶ
1135 4902 1242 4978 οὐχ
1301 4898 1381 4955 ὅτι
1467 4899 1617 4962 οὗτος
1670 4901 1769 4967 τὴν
1827 4899 1963 4975 ἐμὴν

319 4983 516 5051 ἐσθῆτα
584 4983 728 5042 ἐνέδυ
760 5031 778 5061 ,
841 4985 963 5044 ἀλλ’
1022 4986 1104 5044 ὅτι
1177 4987 1380 5055 ταύτην
1441 4986 1724 5057 ἐπενδύθην
1780 4989 1958 5052 αὐτός,

317 5070 525 5149 ’Ὅμως
585 5073 701 5133 ἐπεὶ
749 5074 818 5132 δι’
877 5077 1041 5144 αὑτῆς
1091 5076 1378 5157 ἀμφότεροι
1436 5076 1697 5157 σωτήριον
1750 5077 1961 5145 ἀληθῶς

312 5161 518 5238 ἔνουμα
556 5163 804 5243 κρίμασιν
862 5166 954 5230 οἶς
998 5163 1141 5222 οἶδεν
1199 5168 1226 5222 ὁ
1270 5164 1504 5242 ἀψευδὴς
1564 5171 1695 5232 Θεὸς
1754 5165 1961 5225 ἐνδεδύ-

311 5255 479 5329 μεθα,
525 5251 634 5310 ἴσθι
685 5255 865 5334 σαφῶς
901 5256 973 5321 ὡς
1023 5253 1140 5313 οὔτε
1190 5254 1449 5332 Φιλήμων
1504 5257 1567 5313 τὸ
1621 5257 1758 5332 μετὰ
1800 5265 1962 5316 ταῦτα

305 5339 438 5400 οὕτε
485 5341 596 5419 μὴν
655 5342 1027 5410 Ἀπολλώνιος
1075 5348 1219 5410 θεοῖς
1268 5345 1517 5423 θύσομεν.
1567 5344 1718 5404 Ἀλλ’
1778 5349 1822 5404 εἰ
1878 5349 1963 5404 καὶ

305 5430 574 5511 πρότερόν
630 5455 712 5490 σοι
760 5433 957 5500 δειλίας
998 5434 1307 5514 ὺπέσχομεν
1366 5437 1598 5516 γραφὴν,
1656 5444 1743 5495 νῦν
1801 5437 1961 5516 μεγίο

306 5542 450 5589 στην
501 5523 592 5579 καὶ
645 5525 873 5604 φανερὰν
961 5523 1282 5602 ἐπιδείξομαι
1368 5527 1468 5594 τὴν
1529 5523 1760 5604 ἀνδρίαν.
1827 5529 1960 5606 Πρὸς

306 5619 480 5672 ταῦτα
535 5615 701 5692 θυμοῦ
757 5615 988 5682 πνεύσας
1059 5613 1330 5696 Ἀρῤιανὸς
1387 5616 1542 5675 αὑτὸν
1598 5617 1698 5695 μὲν
1756 5617 1959 5696 μείζοσι

2039 4533 2394 4614 Apollonius
2430 4550 2443 4594 :
2472 4530 2642 4604 Quod
2674 4550 2786 4595 nos
2815 4533 3058 4614 quidem
3093 4534 3472 4599 contumeliis
3487 4544 3546 4598 et
3569 4555 3687 4598 ma-

2041 4623 2276 4685 ledictis
2297 4622 2435 4702 jure
2466 4623 2804 4698 insecteris,
2841 4641 2916 4684 ne
2945 4625 3079 4706 ipse
3109 4625 3350 4706 quidem
3384 4626 3684 4689 contradi-

2043 4712 2256 4787 xerim,
2292 4724 2354 4775 ut
2383 4713 2485 4795 qui
2545 4711 2840 4792 meipsum
2873 4713 3103 4793 primus
3129 4733 3402 4778 accusem
3437 4734 3451 4778 :
3485 4734 3689 4779 verum

2045 4821 2164 4864 non
2186 4801 2347 4882 ideo,
2381 4805 2539 4882 quod
2561 4809 2860 4863 tantorum
2906 4801 3201 4865 bonorum
3225 4805 3312 4866 illi
3344 4823 3522 4868 causa
3553 4805 3684 4868 fue-

2044 4892 2297 4971 rim,sed
2331 4891 2489 4972 quod
2518 4910 2635 4954 non
2661 4890 2809 4952 mihi
2831 4890 3016 4953 multo
3041 4893 3204 4972 prius
3241 4913 3256 4956 :
3293 4900 3350 4956 et
3379 4913 3500 4956 non
3529 4894 3688 4975 quod

2045 4982 2175 5062 ipse
2206 4999 2396 5043 meam
2424 4989 2646 5042 vestem
2679 4981 2963 5055 induerit,
3001 4983 3106 5043 sed
3139 4983 3295 5062 quod
3329 5002 3439 5061 ego
3463 4991 3688 5045 vestem

2046 5070 2206 5132 illius
2235 5070 2559 5132 induerim.
2605 5067 2895 5141 Quoniam
2930 5079 3131 5133 tamen
3164 5089 3270 5152 per
3291 5070 3480 5151 ipsam
3509 5072 3687 5134 ambo

2047 5161 2290 5223 salutari
2321 5159 2673 5222 indumento
2701 5157 2894 5220 induti
2925 5177 3155 5242 sumus,
3185 5161 3258 5222 iis
3282 5160 3689 5242 judiciis,quze

2049 5269 2220 5313 verus
2259 5249 2421 5311 novit
2445 5251 2798 5328 Deus,certo
2832 5247 3007 5330 scias,
3042 5268 3237 5332 neque
3268 5250 3513 5332 posthac
3541 5251 3688 5315 Phi-

2047 5341 2370 5422 lemonem,
2405 5355 2599 5418 neque
2655 5337 3033 5419 Apollonium
3083 5340 3200 5404 diis
3229 5340 3685 5407 sacriﬁcaturus.

2045 5429 2210 5504 Quod
2235 5431 2284 5492 si
2311 5431 2475 5511 prius
2506 5428 2834 5490 timiditatis
2859 5447 2893 5490 a
2915 5439 2970 5492 te
2998 5448 3129 5492 sum
3164 5440 3496 5507 accusatus,
3529 5451 3685 5495 nunc

2046 5521 2365 5584 maximam
2392 5527 2454 5582 et
2473 5527 2739 5601 apertam
2773 5520 3082 5582 ostendam
3105 5521 3687 5588 fortitudinem.Pro—

2047 5620 2180 5696 pter
2204 5611 2331 5677 haec
2389 5614 2534 5675 iram
2595 5609 2831 5692 spirans
2879 5610 3188 5692 Arrianus,
3219 5611 3414 5696 ipsum
3441 5615 3682 5700 quidem
