4056 6142
269 265 386 334 549
1192 263 1666 332 MARTYRIUM
1710 263 1773 332 S.
1839 263 2133 366 THYRSI
2175 254 2274 330 ET
2320 263 2720 329 SOCIORUM.
3534 260 3654 338 550

350 403 471 464 ΛΖ’.
536 404 938 468 Ἐπινεύσαντος
995 404 1166 460 τοίνον
1216 410 1310 462 τοῦ
1355 405 1645 483 ἡγεμόνος,
1692 405 1779 461 καὶ
1821 411 1948 461 τοῦλ

2077 395 2363 462 XXXVII.
2398 395 2545 458 Cum
2578 413 2802 477 praeses
2831 403 3029 460 autem
3061 399 3391 475 annuisset,
3427 409 3484 465 et
3505 421 3649 467 cur-

265 491 467 574 δίφρου,
510 495 583 554 ὡς
635 493 838 557 ἐκεῖνος
871 491 1066 568 ᾔτησε,
1127 494 1664 570 κατασκευασθέντος,
1725 490 1920 551 παιδά-

2042 507 2132 562 us,
2164 495 2230 551 ut
2258 487 2363 549 ille
2393 485 2666 567 petierat,
2701 493 2860 548 esset
2901 496 3304 572 constructus,
3347 490 3523 571 jubet
3551 495 3654 556 ad-

266 605 380 661 ριον
436 583 669 663 ἀχθῆναι
727 583 1064 659 προστάττει,
1122 581 1451 658 ἒμϐληθῆναί
1506 605 1562 641 τε
1620 585 1692 647 εἷς
1766 583 1922 639 αὐτὸν

2037 578 2140 638 ;uci
2171 575 2462 657 puellum,
2496 584 2552 636 et
2597 575 2659 637 in
2687 593 2826 638 eum
2885 577 3124 639 immitti
3146 579 3652 659 etdiligenterin-

265 672 365 728 καὶ
437 671 687 752 ἀσφαλῶς
758 669 1148 750 ἔγκλεισθῆναι⁹
1221 672 1582 751 ἀθροισθέντας
1656 671 1710 728 δὲ
1780 671 1920 729 πάν-

2037 665 2164 728 ηΙυᾶί
2197 687 2210 730 :
2246 666 2591 746 congregari
2625 683 2761 728 vero
2793 684 3025 740 omnes,
3062 667 3162 749 qui
3196 677 3368 731 erant
3398 671 3458 732 in
3503 671 3653 734 civi-

270 783 364 824 τας
422 761 541 826 τοὺς
597 761 696 819 ἀνὰ
753 761 850 828 τὴν
906 761 1062 817 πόλιν
1120 759 1345 826 τοξεύειν
1403 760 1777 838 ἐπισταμένους
1849 763 1921 826 ὡς

2037 763 2123 819 ate
2155 755 2329 838 periti
2361 754 2698 835 sagittandi,
2736 763 2793 818 et
2822 757 2892 818 ad
2927 775 3166 820 currum
3212 760 3463 839 jaculari
3518 770 3656 824 tan-

267 851 407 906 κατὰ
489 860 690 909 σκοποῦ
755 848 972 926 βάλλειν
1042 856 1135 907 τοῦ
1205 849 1405 930 δίφρο),
1478 853 1567 908 καὶ
1637 849 1776 908 οὕτω
1843 850 1922 926 μὴ

2037 863 2182 925 [nam
2215 845 2285 906 ad
2317 863 2562 924 scopum
2591 862 2605 907 :
2659 853 2716 906 et
2743 863 2860 907 non
2891 864 3128 909 cessare
3157 848 3426 926 iaculari,
3462 849 3654 913 donec

265 940 481 1019 ὑφεῖναι
542 937 876 1012 τοξεύοντας,
935 938 1037 1003 ἕως
1094 941 1123 996 ὁ
1181 938 1355 1020 δίφρος
1424 940 1563 1005 ἅπας
1635 939 1922 1021 καλυφθείη

2037 945 2169 996 otus
2193 951 2404 996 currus
2429 942 2582 995 esset
2608 941 2798 996 tectus
2821 934 3071 1014 sagittis.
3093 937 3285 1018 Atque
3310 937 3391 999 illi
3412 939 3652 1020 quidem

267 1041 384 1091 τοῖς
447 1026 676 1104 βέλεσιν,
741 1028 974 1086 Ἐκεῖνοι
1033 1029 1130 1104 μὲν
1188 1029 1281 1086 οὖν
1340 1029 1696 1106 ἀθροισθέντες
1757 1029 1922 1094 οὕτως

2044 1021 2354 1103 ongregati
2375 1023 2460 1084 sic
2485 1022 2808 1086 faciebant.
2841 1023 2942 1086 IEs
2964 1032 3160 1086 autem
3188 1026 3337 1105 (erat
3365 1029 3524 1090 enim
3549 1030 3658 1091 hu-

270 1119 502 1190 ὶποίουν,
537 1120 564 1173 ὁ
622 1116 676 1172 δὲ
701 1116 910 1196 χαλκὸς
954 1118 1044 1196 (ἦν
1094 1119 1192 1197 γὰρ
1238 1123 1353 1184 οἷος
1395 1121 1527 1198 πρὸς
1557 1118 1729 1196 βελῶν
1760 1119 1919 1176 ἀντέ-

2037 1113 2265 1175 usmodi
2298 1122 2382 1189 ut,
2416 1112 2487 1174 ad
2521 1113 2920 1176 resistendum
2967 1115 3116 1176 aciei
3173 1115 3451 1194 telorum,
3503 1118 3657 1180 ictus

272 1228 395 1286 χειν
454 1205 708 1273 ὀξύτητας
769 1206 866 1272 ἔξω
935 1207 1028 1269 τὰς
1101 1207 1315 1285 πληγάς
1389 1206 1702 1289 δεχόμενος)
1779 1206 1922 1264 ἔνδον

2042 1202 2310 1283 cciperet
2337 1203 2732 1281 extrinsecus)
2779 1202 2943 1266 intus
2973 1204 3218 1267 illaesum
3269 1207 3656 1272 conservabat

273 1292 483 1362 ἀϐλαϐῆ
541 1296 629 1352 τὸν
667 1294 836 1353 παῖδα
893 1295 1163 1368 διέσωζεν.
1229 1295 1376 1354 Ἐπεὶ
1435 1295 1489 1352 δὲ
1545 1297 1691 1354 amt
1738 1319 1792 1352 τε
1823 1319 1921 1353 το-

2037 1310 2280 1354 merum.
2317 1293 2462 1355 Cum
2495 1310 2658 1372 vero,
2695 1299 2754 1353 et
2785 1292 2897 1372 ipsi
2946 1292 3277 1372 sagittando
3314 1307 3516 1359 essent
3545 1297 3656 1360 de-

273 1383 508 1450 ξεύοντες
571 1385 769 1462 ἔκαμον
817 1387 906 1442 καὶ
951 1387 1018 1442 τὰ
1065 1384 1198 1463 βέλη
1250 1387 1456 1450 τούτοις
1492 1384 1726 1466 ἔλειπον,
1775 1388 1920 1442 ἀπα-

2037 1382 2245 1455 essi,et
2278 1381 2394 1444 tela
2416 1381 2504 1444 eis
2529 1380 2912 1457 defecissent,
2941 1400 3090 1463 puer
3113 1383 3388 1446 educitur
3416 1383 3656 1450 illaesus.

271 1475 362 1536 θὲς
392 1471 704 1532 ἐκϐάλλεται
761 1475 823 1532 τό
880 1473 1110 1532 παιδίον·
1168 1477 1255 1533 καὶ
1313 1477 1360 1532 οἱ
1405 1476 1523 1554 περὶ
1567 1477 1658 1532 τὸν
1686 1475 1927 1553 ἡγεμόνα

2037 1469 2082 1531 Et
2109 1471 2303 1533 stabat
2327 1472 2568 1552 quidem
2606 1489 2825 1551 prmses
2856 1471 3092 1547 dubius,
3139 1472 3235 1534 cui
3266 1474 3392 1537 haec
3423 1476 3655 1542 fierent.
3691 1514 3704 1528 -

273 1563 374 1638 μὲν
405 1564 721 1644 ἀποροῦντες
774 1565 1081 1636 εἱστήκεσον
1131 1563 1253 1622 ὅτου
1287 1564 1446 1644 χάριν
1489 1564 1699 1644 γένοιτα
1739 1564 1923 1625 ταῦτα.

2037 1559 2166 1620 )icit
2201 1569 2399 1622 autem
2432 1570 2654 1642 martyr
2679 1561 2974 1623 Arriano:
3010 1560 3161 1640 Hoc,
3206 1561 3421 1642 inquit,
3455 1585 3489 1625 ο
3513 1583 3663 1646 pra;-

270 1656 340 1710 Ὀ
395 1654 591 1732 μάρτυς
651 1654 828 1730 μέντοι
887 1658 1014 1733 πρὸς
1066 1657 1158 1712 τὸν
1216 1652 1510 1734 Ἀῤῥιανὸν,
1569 1654 1754 1729 Τοῦτο,
1814 1677 1926 1734 φη-

2037 1666 2129 1724 ,es,
2165 1657 2255 1710 est
2283 1648 2387 1710 tibi
2422 1648 2668 1712 evidens
2699 1649 2892 1729 imago
2929 1669 3075 1712 meae
3096 1651 3322 1713 salutis.
3349 1653 3660 1727 Quomodo

274 1742 382 1815 σὶν,
446 1729 492 1798 ὧ
548 1729 790 1822 ἡγεμὼν,
848 1729 1078 1822 ἐναργὴς
1136 1729 1425 1811 ἔστωητῆς
1477 1729 1611 1818 ἐμῆς
1659 1729 1922 1821 σωτηρίας

2037 1738 2171 1798 inim
2208 1739 2304 1799 hic
2337 1757 2504 1819 puer,
2539 1739 2770 1800 etiamsi
2798 1739 2916 1800 sibi
2967 1740 3040 1801 ad
3084 1741 3231 1802 nihil
3296 1743 3480 1822 possit
3531 1761 3662 1806 esse

275 1829 458 1890 εἰκών.
521 1830 730 1911 ’Ὥσπερ
786 1833 886 1910 γὰρ
944 1835 970 1888 ὁ
1021 1846 1152 1894 πατς
1183 1833 1358 1912 οὗτος,
1393 1833 1563 1890 καίτοι
1595 1834 1724 1910 πρὸς
1757 1830 1923 1908 μηδὲν

2037 1827 2194 1901 itilis,
2231 1827 2376 1888 nihil
2413 1834 2611 1890 tamen
2644 1845 2820 1908 grave
2853 1847 3059 1910 passus
3090 1836 3181 1891 est
3225 1849 3257 1891 a
3315 1839 3428 1892 tam
3463 1834 3664 1894 multis

274 1920 450 1994 ἑαυτῴ
519 1918 803 1997 δυνάμενος
874 1921 1170 2001 συντελεῖν,
1245 1921 1393 1997 ὅμως
1464 1921 1704 2001 χαλεπὸν
1775 1919 1924 1979 οὒδὲν

2037 1917 2150 1978 ἰι-ἦε
2182 1926 2239 1978 et
2260 1917 2480 1997 jacnlis
2509 1935 2630 1980 rere
2660 1917 2890 1998 optime
2944 1919 3227 1994 munitus,
3263 1919 3476 1982 eodem
3531 1941 3662 1984 mo-

273 2010 378 2065 ὒπὸ
435 2011 699 2067 τοσούτων
753 2009 952 2088 ἀνδρῶν
1009 2013 1097 2068 καὶ
1147 2009 1317 2088 βελῶν
1372 2011 1628 2068 πέπονθεν
1681 2010 1924 2091 ἀσφαλέ-

2037 2007 2082 2066 Ιο
2111 2023 2218 2084 ego
2241 2006 2742 2086 quoque,etiamsi
2775 2005 2922 2068 mihi
2953 2007 3413 2070 innumerabilia
3434 2011 3658 2073 inflicta

275 2119 444 2155 στατα
485 2106 562 2173 τῷ
613 2098 806 2180 χαλκῷ
852 2097 1335 2181 διατευειχισμένος
1365 2115 1380 2131 ⁸
1421 2102 1512 2157 τὸν
1544 2101 1700 2158 αύτὸν
1729 2100 1924 2179 τρόπον

2037 2095 2232 2156 'uerint
2262 2094 2575 2175 supplicia,
2612 2095 2833 2158 nullius
2879 2096 3088 2158 horum
3141 2115 3347 2160 curam
3403 2117 3607 2178 geram
3647 2121 3664 2176 ;

277 2187 450 2264 κάγὼ,
509 2187 608 2245 κᾶν
661 2189 839 2263 μυρίαι
896 2211 987 2264 μοι
1054 2189 1300 2253 κολάσεις
1373 2189 1736 2270 ὄπενεχθεῖεν,
1813 2188 1930 2248 οὐδὲ

2037 2203 2084 2246 ιε
2116 2183 2275 2246 enim
2313 2185 2588 2246 obtundit
2617 2193 2679 2247 et
2726 2184 2966 2247 hebetat
3019 2188 3133 2247 mei
3191 2187 3406 2250 Christi
3457 2189 3662 2266 virtus,

274 2283 401 2351 μιᾶς
456 2279 653 2335 τούτων
712 2278 1177 2360 ἐπιστραφήσομαι
1219 2295 1232 2310 ⁸
1299 2277 1550 2354 ἀμϐλύνει
1606 2279 1705 2358 γάρ
1766 2280 1930 2341 αὗτας

2037 2292 2152 2353 [uae
2195 2293 2292 2336 me
2345 2274 2742 2336 circumcirca
2801 2293 2970 2336 muro
3028 2276 3220 2336 munit
3261 2276 3662 2355 adamantina.

271 2367 312 2433 ἡ
371 2374 465 2422 τοῦ
522 2366 647 2440 ἐμοῦ
709 2375 934 2446 Χριστοῦ
981 2367 1200 2444 δύναμις
1259 2366 1596 2444 ἀδαμαντένῳ
1631 2389 1698 2442 με
1759 2367 1930 2447 τείχει

2037 2362 2266 2442 Propter
2298 2365 2424 2425 haac
2456 2364 2544 2425 ira
2566 2363 2853 2443 impletur
2875 2364 3203 2440 Arrianus;
3238 2373 3461 2428 etcum
3493 2367 3668 2431 vellet

276 2453 465 2527 κύκλῳ
520 2459 964 2538 περιτειχίζουσα.
1023 2464 1198 2532 Θυμοῠ
1263 2460 1396 2534 πρὸς
1468 2464 1631 2514 ταῦτα
1687 2456 1931 2535 πληροῦ-

2037 2451 2197 2514 verba
2231 2452 2507 2533 martyris
2537 2453 2916 2533 convincere,
2946 2451 3087 2515 facit
3118 2461 3180 2514 ut
3208 2471 3279 2516 ea
3309 2455 3506 2536 potius
3553 2457 3663 2519 de-

282 2565 373 2599 ται
435 2543 696 2621 Ἀῥριανὸς
755 2546 843 2603 κεί
902 2554 991 2604 τοῦ
1041 2547 1298 2626 μάρτυρος
1332 2545 1537 2624 ἐλέγξαι
1567 2547 1687 2612 τοὺς
1742 2545 1931 2622 λόγους

2037 2541 2314 2603 locantur
2338 2542 2411 2603 ad
2445 2541 2744 2604 eﬂ‘ectum.
2780 2540 2923 2603 Nam
2956 2561 3088 2603 cum
3113 2560 3147 2603 e
3171 2545 3422 2624 quadam
3453 2546 3672 2609 arbore

277 2631 598 2709 βουλόμενος
655 2637 728 2699 εἷς
787 2635 912 2715 ἔργα
972 2635 1176 2710 μᾶλλον
1237 2636 1422 2698 αὐτοὺς
1475 2633 1698 2701 ἱκϐἦναι
1759 2646 1934 2692 ποιεῖ.

2037 2632 2435 2712 suspendisset
2463 2631 2717 2710 justum,
2745 2650 2874 2712 quae
2897 2631 3090 2693 stabat
3111 2632 3350 2713 quidem
3370 2636 3547 2715 juxta
3570 2637 3671 2698 tri-

279 2727 454 2780 Φυτοῦ
510 2724 612 2804 γὰρ
671 2746 811 2791 τινος
867 2725 957 2780 τὸν
1015 2722 1212 2783 δίκαιον
1265 2724 1569 2802 ἀναρτήσας
1619 2723 1748 2800 ὅπερ
1799 2723 1938 2803 ἐχό-

2037 2720 2553 2796 3unal,vocabatur
2579 2731 2776 2784 autem
2803 2720 3027 2800 Persei,
3056 2721 3215 2783 circa
3246 2741 3380 2784 eum
3413 2743 3483 2786 ex
3505 2725 3672 2788 omni

280 2832 415 2886 μενα
473 2811 574 2887 μὲν
630 2820 722 2870 τοῦ
781 2816 1020 2890 βήματος
1071 2814 1136 2882 ἦν
1186 2814 1432 2889 ἑστηκὸς,
1465 2820 1556 2869 τοῦ
1599 2811 1840 2890 Περσέως
1882 2810 1937 2867 δὲ

2037 2822 2192 2894 parte
2246 2813 2449 2875 statuit
2505 2813 2866 2894 sagittarios.
2901 2812 2971 2874 Et
3017 2813 3104 2875 illi
3147 2814 3388 2896 quidem
3435 2815 3674 2881 fortiter

280 2900 418 2958 οὕτω
493 2901 844 2982 καλουμένου,
932 2901 1148 2968 τοξότας
1232 2904 1388 2961 αὐτὸν
1459 2901 1714 2958 πάντοθεν
1782 2923 1936 2979 περι-

2037 2902 2378 2985 ιοῑῳιοὺοηῐ
2410 2925 2424 2984 ;
2467 2903 2566 2965 ille
2597 2922 2735 2966 vero
2765 2921 2875 2965 sua
2902 2903 2975 2964 ad
3031 2902 3347 2966 Dominum
3403 2907 3674 2971 oratione

282 2990 488 3056 ίστησι,
551 2994 649 3048 Καὶ
707 2993 855 3068 οἱμὲν
916 2990 1138 3049 ἔϐαλλον
1191 2994 1456 3072 ἰσχυρῶς·
1515 2993 1543 3046 ὁ
1590 2989 1646 3046 δὲ
1696 2997 1764 3067 τῇ
1817 2993 1940 3068 πρὸς

2037 2993 2229 3055 omnia
2260 2993 2376 3054 tela
2404 2993 2680 3055 similiter
2710 2991 3069 3074 depellebat.
3100 2995 3247 3057 Nam
3281 2995 3397 3057 alia
3427 2995 3672 3076 quidem

291 3081 381 3134 τὸν
438 3080 634 3136 οἰκεῖον
699 3081 973 3150 Δεσπότην
1031 3083 1171 3162 εύχῇ
1223 3082 1396 3138 πάντα
1455 3080 1653 3155 ὁμοίως
1692 3077 1943 3136 ἀπεσόϐει

2037 3082 2320 3145 cadebant
2345 3083 2404 3144 in
2429 3091 2674 3157 terram,
2691 3082 2806 3146 alia
2827 3101 2963 3144 vero
2996 3082 3327 3162 ﬁgebantur
3347 3083 3407 3146 in
3429 3085 3668 3163 arbore,

282 3168 354 3224 τὰ
407 3167 565 3244 βέλη,
633 3171 731 3228 Καὶ
763 3171 861 3249 γὰρ
892 3171 954 3227 τὰ
986 3171 1087 3247 μὲν
1146 3172 1220 3236 εἷς
1269 3172 1369 3249 γὴν
1416 3168 1627 3249 ἔπιπτε,
1677 3172 1744 3226 τὰ
1775 3167 1945 3225 δὲκαὶ

2037 3171 2144 3234 alia
2171 3181 2369 3234 autem
2405 3171 2479 3234 ad
2491 3171 2844 3236 mirabiliter
2873 3171 3214 3252 pendebant
3243 3191 3315 3236 ex
3343 3191 3504 3239 aere.

280 3263 362 3331 τῷ
410 3255 634 3336 δενοδρῳ
692 3260 1108 3339 περιεπήγνυτο⁶
1162 3258 1314 3340 ἕτερα
1363 3256 1418 3314 δὲ
1471 3265 1564 3315 τοῦ
1611 3258 1765 3338 ἀέρος
1813 3262 1944 3315 θαυ-

282 3346 506 3422 μαστῶς
536 3345 875 3424 ἐξεκρέματο.

367 3425 504 3496 ΔΗ’.
557 3435 707 3494 Ἐπεὶ
753 3436 806 3493 δὲ
857 3437 1152 3494 κεκένωντο
1203 3438 1300 3513 μὲν
1350 3437 1532 3500 αύτοτς
1581 3439 1633 3492 αἱ
1665 3436 1940 3516 φαρέτραι,

283 3527 314 3581 ὃ
371 3526 572 3604 μάρτυς
623 3524 679 3582 δὲ
740 3524 910 3584 δεινὸν
966 3529 1026 3583 τὸ
1084 3527 1331 3602 παράπαν
1392 3524 1539 3583 οὐδὲν
1601 3524 1862 3605 ἔπασχεν,
1917 3528 1945 3581 ὁ

283 3615 508 3692 ἡγεμών
566 3637 625 3673 τε
683 3623 847 3674 ταῦτα
895 3617 1030 3696 ὁρῶν
1079 3619 1174 3673 σῦκ
1223 3617 1353 3697 εἶχε
1401 3633 1521 3681 τοῖς
1575 3617 1796 3694 παροῦσι
1845 3637 1943 3672 πι-

287 3705 524 3763 στεύειν.
587 3707 761 3781 θαῦμά
819 3728 873 3763 τι
925 3707 1084 3763 πάλιν
1137 3705 1406 3786 ἐπιτρέχει
1462 3712 1536 3764 τῶ
1581 3705 1831 3779 θαύματι*
1881 3709 1942 3762 ‘0

285 3794 388 3869 μὲν
443 3794 544 3873 γὰρ
599 3795 851 3873 ᾒπείγετο
907 3798 1098 3872 μαθεῖν
1157 3796 1201 3850 εἰ
1251 3793 1425 3862 αληθῆ
1459 3795 1524 3851 τὰ
1554 3792 1819 3871 ὁρώμενα.
1857 3793 1944 3867 Τῷ

285 3884 440 3958 τόπῳ
495 3882 550 3939 δὲ
607 3885 879 3961 παραστὰς
935 3883 1218 3954 Φιλήμονα
1269 3886 1400 3960 πρὸς
1457 3885 1519 3940 τὸ
1550 3880 1756 3962 δένδρον
1785 3883 1942 3960 ἀκριο

290 3971 398 4038 ϐὦς
427 3973 634 4036 ἐθεᾶτο,
669 3973 758 4030 Ἐν
788 3975 956 4049 τούτῳ
985 3971 1039 4029 δὲ
1089 3979 1196 4030 τῶν
1253 3973 1442 4052 ἀερίων
1499 3972 1713 4029 ἐκείνων
1772 3971 1942 4049 βελῶν

292 4062 350 4117 ἓν
396 4064 766 4119 ἒπικαταπτὰν
825 4064 914 4119 τὸν
967 4061 1133 4128 δεξιὸν
1182 4065 1322 4137 αὒτῷ
1368 4061 1554 4139 βάλλει
1603 4068 1708 4117 τῶν
1738 4059 1942 4140 ὀφθαλ-

291 4157 433 4225 μῶν,
495 4153 582 4208 καὶ
643 4152 826 4209 αὐτίκα
873 4164 1065 4231 πηροτ.
1121 4153 1186 4208 Ἦ
1237 4149 1290 4207 δὲ
1337 4153 1574 4230 πήρωσις
1608 4149 1738 4218 αὕτη
1769 4172 1939 4230 φωτι-

290 4247 429 4318 σμοῦ
479 4238 694 4318 καρδίας
749 4239 869 4321 ἦρξε
926 4248 1002 4315 τῷ
1058 4240 1301 4318 δικαστῇ.
1360 4240 1497 4321 ⁶⁷Ορα
1555 4240 1654 4318 γὰρ
1703 4240 1802 4307 τὴν
1851 4249 1944 4299 τοῦ

295 4337 427 4387 Θεοῦ
503 4331 687 4408 σοφίαν
744 4329 805 4389 ἐκ
864 4331 1066 4410 μάκροῦ
1124 4329 1423 4388 πλέκουσαν
1483 4330 1572 4386 καὶ
1638 4327 1948 4386 ποικίλλου-

296 4441 396 4476 σαν
461 4418 768 4500 παραδόξως
841 4419 1141 4486 λυσιτελεῖς
1212 4420 1541 4500 πραγμάτων
1616 4421 1948 4497 οἰκονομίας.

299 4506 570 4586 ’Λρῤιανὸς
629 4511 732 4590 γὰρ
789 4509 965 4568 πολλά
1026 4510 1121 4586 μὲν
1193 4512 1440 4589 Χριστὸν,
1508 4507 1682 4566 πολλὰ
1739 4507 1794 4564 δὲ
1864 4509 1951 4566 καὶ

307 4600 645 4674 Χριστιανοὺς
701 4606 878 4666 κακῶς
934 4598 1085 4678 ἔλεγε
1132 4598 1332 4680 σφόδρα
1361 4605 1428 4676 τῇ
1477 4597 1632 4668 ὀδύνῃ
1665 4597 1952 4676 παρωξυμ-

309 4684 492 4760 μένος⁶
557 4690 654 4744 Τινῦ
697 4699 862 4750 οιακοῦ
906 4688 958 4746 δὲ
1010 4689 1154 4767 ὅμως
1204 4688 1510 4764 ἡττώμενος
1567 4688 1956 4766 κατενεχθῆναι

308 4773 508 4832 κελεύει
565 4779 654 4835 τὸν
712 4779 975 4848 ἀθλητὴν.
1053 4783 1189 4837 Εἶτα
1261 4780 1348 4835 καὶ
1417 4779 1719 4858 θεραπεύειν
1788 4775 1959 4835 ἐδεῖτο

303 4867 398 4921 τὸν
452 4865 722 4944 ὀφθαλμὸν
783 4871 966 4944 μαθὼν
1023 4871 1051 4926 ὁ
1114 4867 1293 4949 ἄφρων
1350 4867 1410 4924 ἐκ
1467 4866 1559 4923 τοῦ
1615 4869 1805 4924 παθεῖν
1877 4867 1959 4924 ὅτι

304 4950 471 5030 ὅσπερ
525 4951 664 5011 οὕτω
724 4955 1034 5036 παραδόξως
1088 4954 1285 5024 πλῆξαι
1337 4953 1557 5020 δυνατὸς
1585 4955 1826 5035 γέγονεν,
1861 4955 1955 5012 οὒκ

302 5039 368 5125 ᾂν
426 5040 524 5122 ἄρα
581 5045 670 5102 καὶ
726 5044 1033 5125 παραδόξως
1089 5044 1332 5103 ἰάσασθαι
1390 5043 1644 5109 ἀδύνατος
1688 5051 1953 5122 καταστῇ.

303 5120 368 5188 ’0
400 5120 479 5212 δὲ,
539 5140 646 5190 Νῦν
706 5120 911 5213 μέντοι,
957 5137 1108 5212 φησὶ,
1153 5136 1252 5202 τὴν
1283 5133 1429 5191 ἴασιν
1460 5132 1846 5208 ἀναϐάλλομαι,
1881 5120 1958 5208 μὴ

299 5221 394 5278 καὶ
466 5223 718 5300 γοητείαν
785 5224 930 5289 αὖθις
1001 5225 1234 5300 καλέσῃς
1307 5224 1407 5291 τὴν
1480 5225 1798 5303 εὐεργεσίαν,
1871 5223 1958 5280 καὶ

298 5311 587 5370 ὑπεύθυνον
639 5312 797 5379 αὐτὸς
851 5313 1076 5390 ἐμαυτὸν
1134 5312 1426 5392 ἀλογίστως
1484 5335 1566 5371 σοι
1607 5312 1954 5382 καταστήσω·

2107 3429 2419 3496 XXXVIII.
2441 3431 2760 3513 Postquam
2775 3450 2918 3495 vero
2933 3431 3021 3493 eis
3034 3431 3280 3510 quidem
3293 3433 3536 3498 fuerunt
3552 3437 3673 3499 exi-

2028 3521 2245 3582 nanitae
2265 3523 2577 3602 pharetras,
2606 3529 2824 3602 martyr
2843 3531 3045 3583 autem
3066 3521 3214 3583 nihil
3235 3524 3482 3585 omnino
3500 3544 3679 3604 grave

2027 3610 2381 3693 patiebatur.
2416 3609 2640 3672 Przeses
2673 3611 2797 3674 haec
2830 3611 3059 3690 videns,
3095 3629 3214 3672 non
3272 3619 3504 3692 poterat
3533 3631 3675 3676 cre-

2027 3700 2170 3761 dere
2202 3699 2273 3760 iis
2305 3719 2434 3780 quae
2467 3699 2774 3775 cernebat,
2811 3707 2868 3761 et
2895 3717 3016 3780 pra;
3035 3699 3432 3763 admiratione
3460 3720 3678 3766 accur-

2025 3789 2102 3850 rit
2130 3788 2202 3848 ad
2233 3788 2610 3852 miraculum.
2633 3787 2778 3850 Nam
2812 3789 2912 3849 ille
2934 3788 3176 3868 quidem
3207 3789 3486 3852 studebat
3517 3792 3678 3854 scire

2025 3896 2098 3940 an
2131 3896 2270 3940 vera
2299 3885 2500 3939 essent
2540 3896 2668 3958 quae
2727 3877 3104 3940 videbantur.
3169 3879 3317 3940 Cum
3365 3879 3440 3941 ad
3479 3879 3674 3944 locum

2025 3974 2220 4028 autem
2273 3966 2654 4040 accessisset,
2716 3965 3127 4029 Philemonem
3181 3967 3330 4030 vidit
3360 3977 3568 4050 aperte
3612 3971 3678 4033 in

2023 4057 2261 4120 arbore.
2295 4055 2539 4118 Interim
2567 4065 2765 4118 autem
2799 4075 2869 4117 ex
2899 4056 3078 4119 aeriis
3107 4057 3224 4118 illis
3239 4056 3456 4137 jaculis
3488 4078 3674 4123 unum

2024 4145 2330 4220 advolans,
2361 4145 2496 4208 ferit
2527 4146 2584 4208 ei
2614 4146 2922 4208 dexterum
2969 4146 3235 4222 oculum,
3267 4166 3524 4228 eumque
3565 4167 3674 4211 ex-

2031 4241 2235 4298 caecat.
2264 4234 2402 4298 Hinc
2432 4253 2571 4297 vero
2602 4233 2939 4307 excaecatio,
2966 4235 3078 4296 fuit
3090 4235 3285 4314 judici
3317 4237 3674 4318 principium

2032 4325 2506 4388 illuminationis.
2543 4322 2693 4387 Vide
2726 4323 2884 4386 enim
2917 4323 3025 4386 Dei
3057 4324 3435 4405 sapientiam,
3481 4343 3616 4405 qua
3645 4345 3682 4390 ο

2035 4413 2356 4494 longinquo
2387 4413 2676 4488 contexit,
2726 4421 2785 4474 et
2812 4411 3241 4476 admirabiliter
3282 4415 3468 4477 variat
3499 4415 3682 4480 utiles

2031 4523 2230 4568 rerum
2264 4504 2760 4584 dispensationes.
2790 4503 3253 4566 Arrianusenim
3277 4505 3529 4568 multum
3549 4509 3683 4586 qui-

2039 4596 2173 4657 dem
2209 4595 2531 4670 Christum,
2567 4593 2816 4656 multum
2847 4601 3046 4655 autem
3095 4594 3268 4656 etiam
3319 4592 3688 4658 Christianos

2041 4685 2364 4746 insectatus
2390 4692 2482 4745 est
2515 4681 2870 4756 maledictis,
2906 4693 2972 4744 ut
3001 4683 3100 4762 qui
3123 4681 3284 4759 gravi
3314 4681 3522 4746 dolore
3544 4684 3688 4746 irri-

2043 4781 2289 4836 taretur.
2324 4773 2378 4836 A
2409 4772 2563 4834 malo
2598 4784 2798 4834 tamen
2825 4773 3034 4846 victus,
3058 4771 3243 4849 jussit
3277 4771 3494 4835 deferri
3523 4790 3686 4836 mar-

2045 4872 2254 4944 tyrem.
2289 4862 2519 4926 Deinde
2551 4861 2726 4924 etiam
2764 4858 3010 4937 rogavit,
3057 4867 3118 4920 ut
3148 4869 3386 4922 curaret
3421 4861 3686 4937 oculum,

2045 4971 2112 5017 ex
2145 4971 2216 5014 eo
2247 4952 2403 5032 quod
2457 4969 2667 5031 passus
2718 4949 2908 5010 fuerat
2953 4947 3196 5029 stultus,
3247 4946 3478 5026 dicens,
3526 4949 3688 5029 quod

2041 5041 2340 5124 quomodo
2371 5037 2802 5106 admirabiliter
2843 5036 3045 5124 fuerat
3088 5046 3303 5116 potens
3344 5036 3422 5099 ad
3470 5055 3688 5117 percu-

2043 5123 2421 5208 tiendum,ita
2444 5129 2520 5191 sit
2540 5127 2716 5190 etiam
2733 5126 2808 5188 ad
2824 5123 3156 5187 senandum
3178 5124 3690 5189 admirabilis.llle

2044 5229 2239 5286 autem
2268 5237 2282 5282 :
2319 5218 2486 5280 Nunc
2517 5216 2784 5298 quidem,
2825 5213 3042 5296 inquit,
3074 5213 3181 5276 tibi
3211 5215 3396 5277 offero
3427 5215 3692 5278 sanatio-

2051 5329 2213 5384 nem,
2247 5326 2324 5370 ne
2355 5306 2713 5370 beneﬁcium
2740 5315 3052 5385 acceptum
3094 5321 3305 5366 rursus
3331 5321 3511 5368 voces
3533 5322 3693 5388 pras-

301 5398 431 5458 ἆλλ⁹
488 5402 649 5470 ἡνίκα
709 5413 802 5463 τοῦ
857 5404 1105 5480 σώματος
1166 5400 1554 5479 ἐκδημήσαιμι,
1617 5399 1718 5478 ἤδη
1790 5397 1844 5456 δὲ
1905 5402 1948 5458 τὶ

2054 5398 2280 5481 stigias,
2317 5406 2375 5460 et
2404 5400 2530 5479 ipse
2562 5395 3003 5458 inconsiderate
3029 5411 3121 5455 me
3147 5391 3256 5455 tibi
3281 5411 3452 5456 reum
3473 5395 3700 5458 consti-

303 5490 470 5556 τέλος
532 5489 714 5572 ἰγγὺς,
778 5494 865 5551 ἐπὶ
921 5497 1014 5551 τὸν
1072 5492 1200 5572 ἐμὸν
1255 5492 1420 5550 ἐλθὼν
1468 5497 1670 5571 τάφων,
1707 5491 1794 5547 καὶ
1825 5492 1948 5548 κόνκ

2059 5501 2240 5553 tuam.
2268 5488 2383 5551 Sed
2407 5487 2644 5569 quando
2666 5503 2699 5550 e
2722 5501 2972 5566 corpore
2998 5500 3308 5546 excessero
3335 5484 3475 5562 (jam
3499 5493 3697 5548 autem

324 5581 534 5640 ἐκεῖθεν
563 5579 764 5668 λακὼν,
798 5583 966 5662 ταύτῃ
995 5596 1187 5665 χρῖσαι
1235 5584 1327 5641 τὸν
1382 5580 1676 5665 ὀφθαλμὸν,
1711 5578 1948 5660 ἒπιλὲγω

2066 5581 2200 5644 ﬁnis
2227 5577 2683 5662 appropinquat)
2717 5577 2962 5640 veniens
2990 5574 3062 5638 ad
3097 5591 3293 5644 meum
3323 5573 3696 5658 sepulcrum,
