4028 6138
411 244 518 318 551
1712 243 1994 311 MENSIS

2125 244 2475 308 ECEMBER.
3664 251 3795 316 552

411 394 470 447 et
499 402 570 446 ex
601 401 672 446 eo
705 383 1007 465 pulverem
1029 381 1349 462 accipiens,
1385 401 1455 444 eo
1485 400 1639 462 unge
1668 381 1928 463 oculum,
1959 387 2038 444 in-

2132 383 2192 439 σὺ
2251 385 2338 440 καὶ
2385 385 2446 439 τὸ
2504 390 2595 440 τοῦ
2647 387 2874 462 Χριστοῦ
2929 384 3119 461 ὄνομα,
3172 386 3257 442 καὶ
3305 389 3398 446 obs
3441 387 3516 450 εἰς
3570 386 3785 465 μακράν

413 491 633 537 vocans
690 481 750 535 tu
809 492 1041 555 quoque
1087 471 1305 536 Christi
1363 491 1603 547 nomen,
1666 481 1724 534 et
1777 491 1895 534 non
1947 473 2038 534 diu

2131 471 2517 530 ἀκολουθοῦσαν
2549 472 2688 538 ἕξεις
2720 476 2864 538 εὐθὺς
2891 477 2980 531 καὶ
3015 475 3111 542 τὴν
3141 475 3307 533 ’ίασιν.

415 572 568 644 ροει,
603 563 706 626 sed
738 564 930 626 statim
965 571 1314 644 sequentem
1347 561 1592 624 habebis
1629 564 1964 625 sanitatem.

490 651 749 716 XXXIX.
771 652 908 714 Post
929 653 1043 713 hoc
1076 671 1194 714 non
1225 649 1424 713 diﬁ‘ert
1453 651 1758 728 Arrianus,
1787 653 1889 714 sed
1914 671 2038 713 am-

2216 650 2341 709 ΛΘ’.
2401 655 2537 728 Πρὸς
2591 663 2752 712 ταῦτα
2803 654 2862 710 οὗ
2921 653 3132 730 μέλλων
3192 651 3458 731 Ἀῤῥιανὸς
3510 654 3599 733 ἦν,
3654 653 3795 710 ἀλλ’

412 743 623 805 borum
657 743 859 818 simul,
896 741 1259 804 Philemonis
1317 749 1373 804 et
1429 741 1733 821 Apollonii
1787 749 2038 823 amputal

2133 741 2444 820 ἀμφοτέρων
2497 743 2648 818 ὁμοῦ,
2719 742 3028 818 Φιλήμονός
3101 765 3157 799 τε
3229 745 3316 798 καὶ
3387 741 3786 823 Ἀπολλωνίου,

410 833 625 914 capita.
658 834 802 895 Nam
835 831 956 893 sive
991 831 1309 893 mentiatur
1335 830 1670 912 Philemon,
1704 833 1919 912 inquit,
1946 833 2038 894 iraa

2128 832 2222 894 τὰς
2246 831 2478 910 κεφαλὰς
2507 832 2818 909 ἀποτέμνει.
2874 833 2975 889 "Av
3030 854 3086 888 τε
3141 834 3239 908 γὰρ
3290 832 3539 908 ips-38mm
3593 831 3788 899 ψιλά·-

414 921 742 984 medebor:
776 921 867 982 sin
901 919 1121 999 minus,
1155 919 1301 980 mihi
1332 920 1633 982 curabitur
1663 921 1894 982 oculus.
1929 922 2038 984 Ta-

2132 942 2270 992 υιωνο
2331 923 2480 1000 φησὶ,
2539 925 2630 978 τὸν
2697 925 2855 999 θυμόν
2927 923 3217 1000 θεραπεύωο
3281 920 3340 977 ἄν
3400 944 3452 978 τε
3514 923 3614 1000 μὴ,
3688 925 3791 978 τὸν

412 1010 769 1092 lesquidem
802 1010 968 1072 fuere
990 1009 1226 1072 athletis
1250 1011 1595 1072 occasiones
1626 1011 1885 1091 martyrii
1916 1031 1930 1087 ;
1967 1019 2049 1072 ιιι·

411 1101 500 1161 les
528 1109 722 1162 autem
757 1106 929 1162 etiam
963 1099 1177 1164 exitus.
1209 1098 1499 1172 Quoniam
1548 1116 1687 1161 vero
1741 1100 2052 1180 oportebat

411 1189 724 1253 Arrianum
761 1209 997 1271 quoque
1029 1209 1147 1252 non
1169 1208 1301 1252 esse
1332 1190 1504 1252 oculo
1528 1188 1913 1265 obcaecatum,
1944 1190 2048 1250 sed

409 1278 574 1340 illum
609 1298 848 1360 quoque
875 1278 1053 1340 simul
1086 1297 1218 1340 esse
1254 1279 1452 1341 animo
1483 1280 1903 1354 illuminatum,
1939 1281 2052 1341 hoc

410 1387 647 1449 quoque
676 1370 1062 1444 consequitur
1108 1387 1175 1429 ea
1223 1387 1358 1445 quae
1407 1377 1861 1448 praecesserunt.
1895 1371 2049 1431 Nam

408 1475 544 1518 cum
576 1457 846 1538 reliquiae
874 1457 1143 1533 fuissent,
1181 1464 1243 1518 ut
1294 1475 1398 1537 par
1438 1466 1584 1536 erat,
1631 1476 1664 1518 a
1700 1458 1812 1538 piis
1838 1456 2052 1519 habitae

408 1548 466 1606 in
493 1547 743 1620 honore,
775 1554 833 1609 et
863 1565 997 1606 cum
1032 1545 1200 1608 Ascla
1230 1556 1287 1608 et
1312 1546 1570 1608 Leonida
1595 1546 1812 1608 divinis
1833 1546 2049 1608 Christi

413 1633 769 1716 martyribus
790 1636 1106 1714 depositae;
1135 1635 1420 1698 Arrianus
1437 1637 1632 1697 statim
1657 1635 1674 1712 (
1682 1655 1799 1696 non
1821 1635 2052 1696 sinebat

2133 1009 2401 1088 ὀφθαλμὸν
2444 1013 2752 1087 ἶαθήσομαι,
2813 1018 3034 1070 Τοιαῦτα
3085 1012 3181 1086 μὲν
3234 1023 3347 1071 τοῖς
3399 1010 3656 1077 ἀθληταῖς
3689 1016 3794 1068 τοῦ

2134 1099 2415 1176 μαρτυρίου
2469 1102 2521 1156 αἱ
2576 1102 2847 1181 ἀφορμοί⁶
2912 1107 3151 1156 τοιαῦται
3318 1102 3405 1156 καὶ
3436 1103 3484 1155 αἱ
3517 1099 3786 1162 τελευταί,

2134 1187 2281 1244 Ἐπεὶ
2313 1188 2365 1244 δὲ
2399 1189 2498 1246 ἔδει
2532 1193 2617 1246 καὶ
2668 1189 2936 1268 Ἀῤῥιανόν
2994 1191 3071 1264 μὴ
3116 1191 3206 1245 τὸν
3255 1188 3522 1268 ὀφθαλμὸν
3579 1212 3788 1269 πηρω-

2131 1279 2283 1346 θῆναι
2359 1280 2544 1353 μόνον,
2605 1279 2740 1334 ἀλλὰ
2813 1280 3061 1336 κῖικεϊνον
3129 1278 3238 1350 ἅμα
3311 1281 3636 1357 φωτισθῆναι
3690 1283 3790 1336 καὶ

2134 1369 2228 1434 τὴν
2271 1369 2480 1448 ψυχὴν,
2539 1371 2626 1425 καὶ
2683 1378 2834 1426 τοῦτο
2892 1383 3004 1429 τοῖς
3063 1369 3318 1448 φθάσασιν
3398 1367 3784 1429 ἐπακολουθεῖ.

2133 1464 2248 1515 Τῶν
2307 1459 2405 1536 γὰρ
2456 1457 2723 1533 λειψάνων
2785 1458 2969 1520 αὖτοῖς
3025 1465 3187 1534 τιμῆς
3232 1462 3373 1538 παρὰ
3414 1476 3529 1526 τοῖς
3562 1462 3785 1538 εὗσεβέ-

2130 1569 2234 1620 σιν,
2297 1546 2475 1624 ὥσπερ
2531 1547 2596 1614 ἦν
2652 1547 2831 1621 θέμις,
2880 1548 3228 1628 ἀξιωθέντων,
3282 1550 3375 1606 καῖ
3411 1554 3544 1625 μετὰ
3575 1551 3790 1608 Ἀσκλᾶ

2127 1637 2216 1692 καὶ
2283 1636 2540 1692 Λεωνίδου
2626 1639 2730 1693 τῶν
2799 1639 2949 1692 θείων
3022 1645 3110 1694 τοῦ
3191 1647 3415 1716 Χριστου
3499 1642 3789 1718 μαρτύρων

408 1725 567 1787 enim
602 1724 808 1786 oculus
839 1743 973 1786 eum
1005 1744 1138 1788 esse
1167 1725 1458 1805 desidem)
1511 1726 1740 1788 accedit
1767 1725 1838 1786 ad
1886 1744 2038 1800 eum,

2130 1725 2543 1805 κατατεθέντων,
2611 1727 2798 1790 εὒθέως
2861 1725 3131 1803 ’Λῤῥιανος
3190 1731 3267 1799 (οὗ
3321 1731 3420 1806 γὰρ
3481 1728 3571 1786 εἴα
3635 1730 3787 1806 βλα-

407 1815 560 1877 sicut
583 1814 776 1876 fuerat
806 1815 861 1876 ei
893 1815 1270 1895 praedictum,
1295 1824 1353 1877 et
1382 1834 1516 1878 cum
1549 1815 1881 1877 ustulisset
1911 1815 2038 1894 pul-

2131 1816 2298 1871 κεύειν
2358 1819 2385 1871 ὁ
2444 1814 2741 1894 ὀγθαλμὸς)
2799 1820 3092 1895 πρόσεισιν,
3154 1818 3334 1888 ὥσπερ
3391 1820 3478 1875 οὖν
3541 1819 3685 1893 αὖτῷ
3747 1822 3784 1886 ἡ

405 1922 628 1979 verem,
681 1904 911 1983 inungit
956 1905 1236 1967 oculum:
1294 1904 1360 1966 In
1420 1904 1662 1966 nomine
1721 1912 1844 1983 tuo,
1903 1903 2038 1966 Jesu

2129 1903 2443 1981 ἐπαγγελία,
2495 1907 2586 1961 καί
2641 1906 2733 1961 to;
2791 1908 2924 1985 χοὸς
2967 1904 3091 1984 ἄρας
3139 1907 3322 1962 πάττει
3355 1911 3445 1964 τὸν
3473 1908 3783 1986 ὀφθαλμὸν,

395 1994 656 2074 Christe,
708 1993 942 2075 dicens,
975 2003 1218 2076 propter
1261 2013 1437 2074 quem
1483 1994 1581 2056 isti
1634 2001 1885 2054 mortem
1939 2012 2047 2054 sua

401 2093 611 2163 sponte
635 2083 961 2163 elegerunt,
991 2085 1231 2164 impono
1257 2085 1559 2165 pulverem
1588 2103 1720 2145 meo
1745 2083 1957 2156 oculo;
1987 2089 2048 2144 et

401 2174 451 2234 si
483 2191 690 2235 rursus
720 2191 1028 2253 aspexero,
1080 2176 1210 2254 ipse
1255 2191 1490 2254 quoque
1537 2173 1726 2235 dicam
1761 2192 1878 2234 non
1910 2191 2042 2235 esse

403 2261 582 2324 alium
617 2261 800 2325 Deum
833 2272 1044 2344 praeter
1073 2270 1154 2327 te.
1191 2265 1331 2327 Haec
1361 2283 1498 2325 cum
1528 2262 1797 2339 dixisset,
1841 2262 2040 2324 statim

397 2351 692 2432 duplicem
726 2352 951 2414 invenit
1001 2352 1394 2428 curationem,
1445 2371 1664 2433 nempe
1706 2361 1764 2412 et
1795 2353 1952 2415 oculi
1986 2360 2042 2413 et

397 2443 632 2504 animm.
667 2440 811 2504 Nam
848 2443 948 2504 illo
1018 2443 1257 2524 quidem
1291 2443 1446 2504 videt
1478 2441 1690 2514 solem,
1741 2443 1852 2504 hac
1897 2459 2038 2504 vero

397 2531 727 2594 veritatem.
761 2531 1080 2611 Egreditur
1108 2551 1249 2611 ergo
1282 2532 1447 2594 laetus
1478 2541 1536 2592 et
1567 2531 1862 2593 clamans:
1897 2531 2039 2593 Sum

399 2621 792 2699 Christianus,
850 2632 908 2684 et
954 2641 1151 2685 coram
1199 2623 1403 2685 multis
1453 2621 1704 2682 testibus
1748 2621 2039 2682 conﬁtens

396 2721 704 2792 acceptum
736 2711 1117 2774 beneﬁcium.
1148 2713 1400 2774 Domum
1429 2719 1625 2772 autem
1659 2726 1960 2791 reversus,
1982 2717 2041 2773 et

395 2820 607 2863 omnes
635 2807 735 2882 qui
770 2809 940 2863 erant
967 2801 1122 2882 apud
1157 2820 1220 2863 se
1252 2799 1531 2881 baptizat,
1563 2808 1622 2862 et
1665 2799 1906 2879 triginta
1935 2818 2038 2862 sex

396 2888 762 2953 Christianos
788 2891 1012 2952 relaxat
1034 2911 1066 2950 θ
1091 2891 1360 2952 vinculis.
1386 2890 1499 2953 Tot
1530 2892 1688 2953 enim
1715 2898 1854 2952 tunc
1871 2898 2040 2952 erant

397 2989 636 3062 propter
659 2981 960 3043 Christum
980 2981 1043 3042 in
1069 2980 1338 3042 vinculis.
1368 2981 1599 3044 Deinde
1621 2999 1756 3043 cum
1781 2980 2037 3060 accepis-

395 3079 485 3168 set
514 3069 822 3168 sindones,
857 3090 991 3133 cum
1027 3071 1229 3134 multis
1273 3070 1659 3150 aromatibus,
1707 3089 1843 3132 cum
1878 3070 2036 3168 mult
2055 3117 2096 3168 α

396 3159 469 3221 tis
528 3159 684 3240 aliis,
745 3169 804 3222 et
861 3160 1096 3223 duobus
1146 3161 1466 3241 episcopis,
1522 3177 1730 3222 rursus
1777 3159 1935 3220 venit
1963 3159 2036 3220 ad

397 3249 600 3311 thecas
629 3257 997 3325 sanctorum,
1031 3259 1090 3312 et
1111 3250 1322 3311 horum
1353 3249 1731 3312 venerandas
1761 3248 2039 3328 reliquias

395 3337 652 3402 ﬁdeliter
679 3338 865 3401 simul
899 3346 956 3401 et
988 3339 1083 3421 pie
1113 3347 1275 3401 terra
1311 3339 1474 3419 tegit.

471 3606 587 3670 XL.
623 3609 770 3671 Cum
802 3607 877 3670 de
918 3626 989 3670 eo
1020 3615 1218 3672 autem
1253 3609 1406 3670 lama
1430 3608 1557 3688 jam
1606 3606 1813 3668 fuisset
1845 3605 2040 3668 delata

393 3698 464 3760 ad
482 3697 1110 3780 Diocletianum,quod
1128 3698 1503 3761 Christianus
1523 3715 1592 3758 ex
1623 3695 1826 3759 Graeco
1851 3696 2036 3760 factus

394 3796 556 3851 esset
581 3787 895 3864 Arrianus,
935 3799 995 3850 et
1023 3788 1179 3870 quod
1211 3788 1550 3851 sacriﬁcare
1580 3805 1950 3867 nequaquam
1975 3785 2036 3848 in

394 3879 1004 3955 animuminduceret,
1043 3878 1221 3940 mittit
1250 3878 1350 3940 ille
1368 3886 1618 3958 quatuor
1640 3884 2035 3957 protectores,

389 3965 612 4046 jubens
640 3977 705 4030 ut
735 3987 871 4029 eum
903 3969 1343 4050 quamprimum
1367 3968 1759 4041 adducerent,
1781 3974 1848 4028 ut
1868 3985 2037 4029 accu-

390 4066 518 4117 rate
545 4056 748 4135 sciret,
772 4076 844 4120 an
869 4076 1006 4120 vera
1037 4065 1258 4133 essent,
1285 4077 1414 4138 quae
1437 4056 1810 4120 dicebantur.
1845 4057 2038 4137 Atque

395 4145 494 4207 isti
523 4147 762 4224 quidem
794 4166 929 4209 cum
959 4148 1152 4229 ipsum
1185 4145 1822 4228 "comprehendissent,
1856 4162 2036 4224 urge-

392 4234 537 4296 bant
563 4235 637 4297 ad
661 4236 772 4298 iter
789 4235 1255 4300 ineundum.llle
1277 4247 1472 4298 autem
1498 4235 1816 4317 persuadet
1838 4234 1910 4295 iis
1933 4235 2036 4312 qui

390 4332 703 4402 tantOpere
753 4326 1068 4406 urgebant,
1101 4325 1476 4400 ductoribus,
1515 4343 1650 4386 cum
1686 4325 1746 4385 id
1778 4327 2037 4386 nummis

390 4421 635 4477 emisset
665 4417 1040 4495 octingentis,
1083 4425 1146 4476 ut
1178 4433 1357 4494 parvo
1390 4423 1657 4496 tempore
1689 4413 1805 4476 sibi
1829 4415 2038 4477 liceret

389 4505 680 4566 accedere
706 4507 780 4568 ad
805 4516 1126 4585 martyrum
1153 4504 1457 4585 reliquias.
1483 4503 1626 4566 Cum
1659 4504 1715 4566 ei
1739 4523 1880 4584 ergo
1903 4504 2038 4568 data

390 4593 669 4656 facultate
713 4593 1093 4670 accessisset,
1153 4595 1418 4673 rogabat,
1478 4612 1700 4674 pronus
1761 4593 2029 4671 cadebat,

365 4683 704 4766 supplicat,
741 4683 1041 4766 pulverem
1075 4683 1592 4764 amplectebatur;
1641 4693 1700 4744 et
1743 4683 2032 4764 precaba-

391 4780 509 4849 tur,
542 4782 608 4836 ut
629 4775 683 4838 ei
714 4793 890 4856 opem
921 4775 1104 4837 ferret
1133 4773 1195 4835 in
1225 4774 1577 4845 certamine,
1632 4782 1690 4836 et
1738 4789 1850 4836 vox
1907 4783 2030 4836 sta-

390 4864 496 4928 tim
521 4865 720 4927 audita
745 4874 836 4927 est
883 4884 916 4928 e
962 4865 1238 4946 sepulcro
1295 4862 1627 4938 (videbatur
1673 4875 1874 4926 autem
1926 4883 2030 4925 vox

387 4972 521 5016 esse
551 4953 944 5038 Philemonis)
980 4955 1190 5017 dicens
1220 4974 1234 5016 :
1269 4953 1412 5016 Esto
1442 4953 1631 5035 fortis,
1665 4954 1940 5030 Arriane,
1973 4962 2032 5016 et

2055 4473 2105 4528 D

2133 1994 2220 2050 Ἐν
2253 2001 2325 2066 τῷ
2357 1995 2576 2069 ὀνόματί
2610 2016 2724 2072 σου,
2763 1996 2950 2072 Χριστὲ
2981 1995 3179 2067 Ἰησοῦ,
3217 1995 3412 2074 λέγων,
3465 1996 3527 2053 δι’
3577 1999 3636 2053 ὃν
3689 2001 3784 2054 καὶ

2127 2085 2269 2139 οὗτοι
2325 2084 2387 2139 τὰ
2443 2087 2620 2140 θανεῖν
2674 2084 2906 2164 εἵλοντο,
2963 2084 3180 2142 ἐπικιθὼ
3243 2107 3346 2160 μου
3396 2088 3491 2154 τὴν
3522 2087 3668 2142 κόνιν
3702 2095 3784 2161 τῷ

2126 2171 2402 2252 ὀφθαλμῷ,
2436 2175 2523 2230 καὶ
2556 2175 2598 2228 εἰ
2628 2171 2784 2228 ἀναϐ)
2799 2173 3019 2249 έψομαι,
3081 2174 3182 2253 ἐρῶ
3235 2176 3320 2231 καί
3363 2177 3517 2237 αὐτὸς
3566 2175 3650 2231 ὅτι
3680 2177 3781 2232 οὒκ

2125 2261 2267 2318 ἔστιν
2324 2262 2534 2328 ἀληθῶς
2592 2263 2766 2341 ἕτερος
2826 2263 2964 2331 πλήν
3025 2285 3116 2320 σου
3180 2263 3331 2327 Θεός.
3389 2273 3566 2322 Ταῦτα
3610 2267 3780 2322 εἰπὼν

2124 2349 2318 2419 διπλῆν
2375 2352 2516 2416 εὒθὺς
2569 2353 2791 2430 εὑρίσκει
2849 2354 2948 2422 τήν
3001 2353 3146 2409 ἴασιν
3204 2356 3289 2410 καὶ
3351 2353 3627 2433 ὀφθαλμοῦ
3684 2358 3776 2412 καὶ

2124 2443 2309 2520 ψυχῆς
2353 2444 2440 2498 καὶ
2472 2441 2741 2521 ἀμφότερα
2773 2441 2903 2516 ὁμοῦ
2933 2450 3094 2499 ταῦτα
3147 2448 3424 2523 φωτίζεται
3459 2461 3474 2474 ⁸
3540 2449 3617 2518 τῷ
3673 2444 3775 2520 μὲν

2123 2532 2222 2609 γὰρ
2280 2533 2374 2602 ὁρᾷ
2424 2532 2512 2586 τὸν
2572 2530 2632 2587 Ε)
2647 2553 2750 2602 ιον,
2793 2537 2861 2606 τῇ
2893 2530 2947 2586 δὲ
2976 2532 3076 2598 τὴν
3107 2531 3380 2600 ἀλήθειαν,
3417 2533 3650 2595 ’Ἑξεισιν
3681 2537 3774 2590 οὗν

2121 2622 2337 2700 χαίρων
2393 2623 2478 2676 καὶ
2533 2621 2760 2698 κράζων,
2817 2622 3125 2698 Χριστιανός
3182 2625 3314 2702 εἶμι,
3367 2622 3463 2680 καῖ
3496 2624 3595 2680 ὕπὸ
3629 2623 3773 2680 πολ-

2120 2712 2238 2774 λοῖς
2269 2723 2385 2773 τοῖς
2420 2710 2641 2788 μάρτυσι
2699 2710 2795 2777 τὴν
2848 2712 3146 2787 εὐεργεσίαν
3203 2711 3508 2790 ὁμολογῶν.
3570 2712 3763 2769 Ἐπαν-

2122 2797 2287 2856 ελθὼν
2347 2797 2397 2854 δὲ
2456 2797 2639 2856 οἴκαδε
2691 2800 2896 2863 πάντας
2954 2821 3009 2856 τε
3063 2802 3303 2877 βαπτίζει
3367 2803 3490 2866 τοὺς
3535 2802 3586 2856 ἐν
3618 2803 3760 2872 αὐτῷ

2121 2889 2208 2944 καὶ
2240 2889 2584 2966 Χριστιανοὺς
2644 2885 2698 2953 ἓξ
2756 2887 2840 2944 ἐπὶ
2897 2903 3011 2954 τοῖς
3065 2891 3350 2966 τριάκοντα
3404 2897 3512 2947 τῶν
3552 2887 3754 2964 ὂεσμῶν

2120 2977 2322 3043 ἀνίησι,
2379 2979 2668 3042 Τοσούτους
2726 2979 2825 3056 γὰρ
2881 2980 2966 3034 καὶ
3037 2977 3120 3034 δια
3193 2981 3419 3056 Χριστὸν
3477 2989 3766 3046 τηνικαῦτα

2121 3067 2248 3146 εἶχε
2298 3067 2364 3123 τὰ
2418 3067 2781 3145 δεσμωτήρια.
2846 3067 2982 3124 Εἶτα
3023 3069 3110 3124 καὶ
3159 3067 3396 3132 σινδόνας
3448 3074 3552 3125 τῶν
3605 3067 3774 3125 πολυο

2119 3157 2287 3232 τίμων
2319 3155 2494 3213 λαϐὼν
2525 3159 2616 3214 σὺν
2673 3155 2781 3232 ἅμα
2831 3158 2916 3214 καὶ
2970 3155 3151 3220 ἄλλοις
3211 3155 3437 3220 πολλοῖς
3496 3156 3772 3236 ἀρώμασι,

2121 3245 2252 3324 πρὸς
2300 3243 2354 3301 δὲ
2406 3247 2538 3320 μετᾶ
2599 3245 2814 3302 πολλῶν
2870 3249 2957 3303 καὶ
3010 3246 3188 3303 ἄλλων
3239 3248 3326 3303 καὶ
3372 3245 3458 3302 δύο
3503 3250 3608 3302 τῶν
3653 3247 3771 3302 ἑπι-

2122 3337 2338 3391 σκόπων
2399 3335 2483 3391 ἐπὶ
2543 3337 2634 3400 τὰς
2692 3337 2857 3404 θήκας
2920 3343 3026 3392 τῶν
3070 3337 3234 3414 ἁγίων
3276 3339 3417 3402 αὖθις
3461 3349 3640 3417 χωρεῖ
3681 3337 3776 3392 καὶ

2121 3425 2186 3480 τὰ
2215 3425 2383 3480 σεπτόι
2429 3425 2626 3481 τούτων
2672 3424 2897 3501 λείψανα
2953 3432 3154 3490 πιστῶς
3217 3427 3331 3502 ἅμα
3388 3428 3476 3482 καὶ
3534 3423 3776 3490 εὐλαϐῶς

2119 3513 2185 3589 τῇ
2216 3520 2286 3592 γῇ
2312 3515 2690 3592 κατακρύπτει,

2201 3603 2301 3664 Μ’.
2335 3607 2443 3670 Τῆς
2474 3603 2528 3660 δὲ
2563 3605 2689 3683 περῖ
2721 3606 2878 3662 αὐτοῦ
2910 3604 3091 3686 ,ρῆμης
3141 3607 3226 3662 καὶ
3275 3607 3348 3672 εἰς
3383 3604 3774 3686 Διοιελητιανὸν

2119 3691 2221 3761 ἤδη
2278 3679 2652 3774 ἀνενεχθείσης
2707 3697 2782 3758 ὡς
2841 3679 2939 3774 ἄρα
2989 3679 3328 3774 ἽΧριστιανὸς
3389 3694 3440 3760 ἐξ
3503 3679 3772 3760 Ἕλληνος

2127 3781 2396 3861 Ἀρριανὸς
2455 3784 2685 3865 γένοιτο,
2745 3787 2832 3842 καὶ
2890 3788 2963 3848 ὡς
3023 3788 3116 3844 οὐκ
3172 3785 3250 3841 ἔτι
3293 3785 3431 3842 θύειν
3487 3784 3768 3864 ἀνέχοιτο,

2122 3872 2322 3946 πέμπει
2374 3873 2628 3952 τέσσαρας
2686 3877 2894 3940 Ιικεῐνος
2949 3881 3056 3932 τῶν
3115 3878 3495 3954 προτεκτώρων
3543 3875 3635 3929 τὸν
3666 3873 3770 3936 ἄν-

2121 3959 2214 4041 δρα
2271 3963 2524 4026 κελεύσας
2583 3967 2619 4040 ᾗ
2674 3987 2907 4044 ταχιστα
2967 3964 3090 4044 παρ’
3138 3965 3294 4021 αὐτὸν
3345 3964 3593 4043 ἀγαγεῖν,
3627 3963 3768 4019 ὥστε

2121 4055 2314 4128 μαθεῖν
2367 4051 2600 4133 ἀκριϐῶς
2655 4055 2700 4110 εἰ
2760 4053 2932 4122 ἁληθῆ
2989 4056 3055 4110 τὰ
3112 4053 3398 4132 λεγόμενα.
3459 4055 3614 4110 Οὗτοι
3665 4053 3768 4127 μὲν

2154 4148 2174 4158 υ
2308 4145 2321 4165 9
2367 4145 2380 4162 \
2699 4145 2709 4163 Ι
2809 4165 2828 4178 ⁸
2956 4146 2969 4162 \
3105 4144 3118 4161 ἱ
3231 4141 3311 4166 οὒκ
3662 4159 3677 4176 ⁸

2121 4161 2208 4198 ουν
2267 4163 2423 4199 αυτον
2482 4140 2827 4206 συλλαϐοντε,
2882 4165 3010 4222 προς
3064 4165 3160 4212 την
3225 4163 3344 4200 οοον
3401 4142 3627 4220 ἢπειγον
3739 4143 3771 4197 ὁ

2121 4229 2174 4287 δὲ
2232 4232 2401 4288 πείθει
2453 4235 2574 4296 τοὺς
2632 4231 2960 4297 σπουδαστὰς
3019 4234 3344 4291 ὀκτακοσίων
3395 4239 3551 4289 τοῦτο
3605 4253 3769 4306 νομι-

2120 4322 2334 4398 σμάτων
2395 4321 2720 4399 ἐωνημένος,
2782 4322 2918 4380 ὥστε
2977 4324 3181 4403 βραχὺν
3237 4323 3379 4397 αὒτῴ
3428 4320 3624 4402 χρόνον
3653 4319 3771 4376 50-3-

2121 4435 2203 4469 ναι
2234 4426 2348 4477 τοῖς
2378 4414 2482 4469 τῶν
2517 4413 2791 4491 μαρτύρων
2852 4412 3165 4490 προσελθεῖν
3218 4411 3517 4488 λειψάνοις.
3578 4409 3772 4467 Λαϐὼν

2121 4503 2290 4559 τοίνυν
2347 4503 2433 4558 καὶ
2491 4503 2790 4579 προσελθὼν
2867 4501 3066 4578 ἐδεῖτο,
3142 4503 3524 4576 προσέπιπτεν,
3594 4499 3765 4574 ἠξίου,

2117 4596 2217 4661 τὴν
2273 4593 2417 4648 κόνιν
2477 4593 2887 4670 περιεπτύσσετο
2949 4595 3034 4649 καὶ
3085 4593 3406 4671 συνάρασθαι
3456 4591 3626 4664 τούτῳ
3667 4595 3768 4657 τῆς

2117 4682 2390 4753 ἀθλήσεως
2446 4681 2672 4762 ηὔχετο,
2733 4686 2820 4742 καὶ
2882 4683 3216 4763 παραχρῆμα
3265 4681 3414 4762 φωνὴ
3461 4689 3553 4738 τοῦ
3601 4678 3772 4760 τάφου

2116 4773 2363 4840 ἠκούετο*
2395 4771 2564 4828 ἐδόκει
2597 4772 2651 4828 δὲ
2681 4775 2714 4840 ἡ
2745 4775 2896 4852 φωνὴ
2949 4773 3257 4849 Φιλήμονος
3309 4772 3450 4830 εἶναι
3493 4788 3510 4804 ⁸
3570 4769 3772 4848 Ἀνδρί-

2114 4868 2228 4942 Eoo,
2315 4860 2575 4939 ’Λῤῥιανὲ,
2660 4861 2912 4942 λέγουσα,
2984 4863 3072 4920 καὶ
3145 4861 3303 4942 φόϐος
3371 4882 3429 4919 σε
3502 4858 3768 4937 μηδαμῶς

2120 4953 2317 5032 ἐχέτω,
2378 4950 2513 5008 Ἰδοὺ
2569 4953 2668 5030 γὰρ
2727 4974 2784 5010 σε
2843 4953 2976 5031 πρὸς
3024 4953 3210 5012 ἑαυτὸν
3241 4955 3268 5008 ὁ
3299 4951 3576 5018 Δεσπότης
3608 4971 3770 5024 μετα·

384 5045 584 5107 ιιιιΙΙιιε
614 5055 806 5108 metus
835 5055 892 5108 te
923 5045 1177 5109 invadat.
1232 5044 1387 5108 Ecce
1436 5044 1595 5107 enim
1652 5044 1942 5107 Dominus
1973 5052 2030 5107 te

2125 5041 2365 5098 καλεῖται
2422 5043 2510 5098 καὶ
2562 5044 2666 5121 πρὸ
2718 5043 2840 5104 τοὺς
2901 5042 3112 5120 ἀγῶνας
3171 5039 3312 5122 ἄγει,
3347 5041 3434 5098 καὶ
3462 5038 3769 5097 διαπλέκειν

385 5133 460 5197 ad
490 5135 758 5217 seipsum
789 5137 1064 5211 accersit,
1100 5144 1162 5198 et
1191 5135 1353 5199 ducit
1379 5134 1452 5196 ad
1473 5135 1826 5210 certamina,
1854 5144 1911 5198 et
1930 5135 2030 5197 in-

2125 5131 2346 5211 ἅρχεταί
2404 5152 2484 5188 σοι
2542 5139 2636 5188 τοῦ
2691 5134 2973 5210 μαρτυρίου
3029 5134 3120 5189 τὸν
3175 5132 3452 5212 στέφανον.
3511 5130 3769 5208 Προπέμ-

393 5227 538 5309 cipit
567 5229 672 5292 tibi
719 5238 1038 5294 contexere
1095 5248 1382 5293 coronam
1433 5229 1717 5310 martyrii.
1770 5227 2036 5292 Habebis

2125 5242 2320 5285 ποντας
2363 5218 2418 5275 δέ
2472 5241 2532 5276 σε
2574 5218 2700 5300 παρ’
2748 5220 2904 5278 αὒτὸν
2945 5222 3035 5277 καὶ
3075 5221 3196 5284 τοὺς
3237 5221 3608 5300 προτέκτωρας
3639 5217 3773 5284 ἕξεις

389 5333 532 5378 vero
563 5336 666 5380 eos
695 5336 952 5400 quoque,
989 5317 1092 5400 qui
1125 5326 1183 5379 te
1205 5317 1277 5379 ad
1298 5336 1433 5382 eam
1457 5309 2033 5398 deducunt,protec-

2125 5313 2207 5368 καὶ
2260 5317 2366 5367 τῶν
2420 5311 2598 5368 πόνων
2656 5313 2744 5368 καὶ
2798 5317 2905 5368 τῶν
2952 5311 3192 5388 ἆμοιϐὦν
3248 5309 3628 5372 κοινωνοῦντας
3659 5331 3768 5371 σοι.

386 5411 574 5479 tores,
633 5405 904 5471 laborum
937 5406 1117 5468 simul
1150 5406 1347 5468 socios
1400 5414 1458 5469 et
1507 5408 2031 5470 remunerationis.

2126 5405 2338 5460 Τούτων
2395 5401 2606 5458 ἐκεῖνον
2661 5401 2961 5460 ἀκούσαντα
3023 5401 3273 5470 ἔκπληξίς
3329 5423 3384 5458 τε
3454 5401 3590 5477 μετὰ
3625 5466 3634 5473 .
3665 5406 3772 5456 τῶν

387 5490 587 5573 Illum,
611 5513 746 5557 cum
772 5498 896 5559 haec
919 5495 1208 5576 audisset,
1235 5495 1422 5559 subiit
1451 5504 1660 5578 stupor
1679 5509 1740 5559 et
1770 5497 2037 5560 admira—

2125 5493 2386 5550 συνόντων
2443 5491 2609 5569 εἰσῄει
2665 5495 2754 5550 καὶ
2811 5491 2982 5556 ἀδείας
3045 5494 3147 5549 ὑπὸ
3211 5497 3316 5548 τῶν
3386 5488 3770 5570 προτεκτώρων

388 5581 470 5644 tio
501 5584 673 5645 simul
703 5604 839 5648 cum
870 5587 943 5649 iis
977 5586 1082 5666 qui
1111 5586 1382 5663 aderant,
1415 5596 1476 5650 et
1505 5589 1559 5651 ei
1589 5596 1880 5671 potestate
1903 5589 2037 5652 data

2125 5583 2393 5665 ἐπιτυχὼν
2459 5585 2531 5648 εὶς
2589 5583 2680 5640 τόν
2734 5583 2890 5642 οἷκον
2946 5583 3036 5639 τόν
3092 5582 3249 5640 αὖτοῦ
3280 5581 3565 5652 ἐπανῆκεν.
3602 5579 3772 5644 ’Ἔνθα
