4056 6142
253 246 372 322 553

1179 237 1649 322 MARTYRIUM
1694 255 1754 317 s.
1803 253 2089 317 THYRSI
2154 253 2252 316 ET
2298 253 2704 319 SOCIORUM.

3507 229 3641 326 εει

253 387 352 445 καῖ
395 385 775 466 δαψιλεστέρας
826 385 1021 445 ἄνωθεν
1067 392 1165 455 τῆς
1212 389 1436 467 χάριτος
1467 386 1772 450 ἀπολαύσας
1803 390 1926 443 τόνι

1995 389 2501 469 iprotectoribus,
2538 389 2777 451 domum
2825 409 2992 452 suam
3045 399 3134 452 est
3162 409 3464 455 reversus.
3501 394 3627 466 Quo

249 499 309 534 τε
365 479 561 557 χρόνον
610 479 762 540 αὐτὸς
823 477 994 550 ἑαυτῷ
1038 483 1131 533 τοῦ
1181 478 1362 540 τέλους
1413 479 1502 534 καὶ
1554 479 1644 533 τὸν
1703 477 1898 554 τρόπον

251 565 629 645 προαγορεύει.
670 565 908 630 Καλέσας
954 567 1053 644 γὰρ
1098 567 1162 622 τὰ
1205 568 1341 622 κατὰ
1383 567 1483 632 τὴν
1541 567 1708 623 οἰκίαν
1768 588 1895 621 παι-

248 653 428 733 δάρια,
469 664 569 712 Νῦθ
603 655 721 728 μέν,
756 653 882 734 ἔφη,
937 656 1029 712 σὺν
1088 655 1229 731 ἡμῖν
1277 655 1406 734 ἄχρι
1449 657 1537 712 καὶ
1578 661 1676 721 τῆς
1739 653 1898 712 Ἀλε-

251 742 512 822 ξανδρὲων
570 743 841 800 ἐλεύσεσθε
876 761 890 776 ⁸
968 742 1151 801 ἔπειτα
1224 744 1332 823 ἐγὼ
1405 745 1504 820 μὲν
1583 745 1896 825 ἂχθήσομαι

251 836 386 910 πρὸς
436 835 526 890 τὸν
583 833 827 910 βασιλέα,
874 835 960 891 καὶ
1003 841 1135 892 Θεοῦ
1187 831 1645 909 συλλαμϐάνοντος
1704 834 1898 890 ἄνωθεν

249 926 344 980 τὸν
388 923 732 1002 προκείμενόν
777 946 872 996 μοι
915 933 1101 982 τοῦτον
1145 924 1324 1001 ἀγῶνα
1376 930 1445 1000 τῇ
1476 922 1639 1001 ὀγδόῃ
1696 921 1900 979 τελέσω

254 1021 345 1070 τοῦ
397 1013 682 1088 Φαμενὼθ,
743 1013 818 1077 είς
860 1013 1056 1070 σάκκον
1113 1011 1394 1088 ἐμϐληθεὶς
1451 1015 1538 1070 καὶ
1608 1013 1744 1068 κατὰ
1797 1015 1896 1068 θα-

255 1100 459 1168 λάσσης
500 1102 693 1181 ῥιφθείς
724 1119 739 1135 ⁸
772 1103 927 1176 ὑμεῖς
961 1100 1015 1157 δὲ
1051 1101 1161 1182 (καὶ
1205 1103 1304 1180 γὰρ
1347 1100 1484 1158 ἔστω
1532 1100 1617 1158 διὰ
1677 1103 1892 1182 φροντί-

252 1190 341 1256 δος
369 1193 498 1267 ὑμῖν
553 1193 616 1247 τὸ
665 1189 877 1270 λεχθὲν)
921 1193 1057 1248 κατὰ
1108 1191 1207 1258 τὴν
1253 1188 1536 1258 ἑνδεκάτην
1590 1198 1682 1248 τοῦ
1740 1191 1895 1248 αὐτοῦ

249 1283 424 1356 μηνὸς
482 1281 601 1358 περί
634 1301 734 1338 που
764 1279 904 1358 ὥραν
935 1278 1097 1347 ἕκτην
1155 1278 1332 1336 ἔλθετε
1383 1281 1525 1358 παρὰ
1578 1281 1668 1336 τὸν
1713 1281 1895 1358 αἰγια-

252 1369 374 1443 λὸν,
425 1369 521 1426 καὶ
555 1371 614 1426 τὸ
643 1368 771 1445 ἐμὸν
816 1374 971 1444 σῶμα
1020 1369 1206 1432 νώτοις
1253 1366 1497 1446 δελφῖνος
1528 1370 1898 1448 ἒποχούμενον

254 1461 495 1534 εὸρόντες
527 1471 642 1522 τοῖς
676 1456 860 1521 ἄλλοις
894 1458 1178 1517 κατάθεσθε
1212 1458 1457 1537 μάρτυσι.

341 1635 484 1700 MA'.
516 1636 688 1694 Ταῦτα
721 1637 884 1693 εἰπὼν
932 1635 1119 1714 ἄγεται
1163 1637 1306 1715 παρὰ
1348 1637 1438 1692 τὸν
1486 1635 1708 1712 βασιλέα
1770 1646 1897 1692 Διο-

1981 477 2040 538 in
2073 480 2197 540 loco
2223 479 2620 559 copiosiorem
2646 499 2676 541 a
2709 481 2944 560 superis
2972 481 3219 560 gratiam
3247 489 3630 559 consecutus,

1983 567 2249 646 praedicit
2271 569 2394 628 suis
2423 577 2481 629 et
2511 577 2743 649 tempus
2797 572 2886 630 sui
2949 571 3236 633 decessus
3271 579 3328 633 et
3360 570 3629 636 modum.

1985 657 2129 718 Nam
2162 677 2295 719 cum
2338 675 2577 738 pueros,
2615 657 2714 736 qui
2749 667 2918 719 erant
2944 658 3108 720 domi
3141 678 3262 720 suae
3307 667 3578 723 vocasset
3610 676 3626 720 :

1981 744 2148 807 Nunc
2179 746 2446 824 quidem,
2476 746 2688 827 inquit,
2724 746 2966 808 venietis
2999 747 3309 810 nobiscum
3344 767 3532 830 usque
3553 747 3631 811 ad

1979 835 2668 899 Alexandriam.Deinde
2683 855 2789 915 ego
2804 837 3044 918 quidem
3063 838 3248 899 ducar
3270 837 3344 899 ad
3371 838 3450 900 im
3458 855 3634 920 pera-

1983 934 2196 1000 torem,
2233 936 2290 987 et
2321 925 2442 989 Deo
2489 945 2526 987 a
2572 927 2803 1006 superis
2860 926 3093 989 ferente
3151 928 3458 1004 auxilium,
3515 927 3633 990 hoc

1987 1015 2132 1076 mihi
2164 1016 2539 1095 propositum
2575 1025 2879 1077 certamen
2915 1033 3193 1094 peragam
3227 1025 3431 1078 octavo
3465 1034 3632 1078 men-

1978 1105 2060 1164 sis
2090 1104 2488 1179 Phamenoth,
2526 1105 2585 1164 in
2619 1122 2858 1165 saccum
2910 1103 3194 1181 injectus,
3233 1113 3291 1166 et
3323 1106 3630 1185 projectus

1979 1191 2037 1252 in
2071 1210 2252 1254 mare.
2317 1191 2436 1254 Vos
2494 1201 2692 1254 autem
2732 1193 2838 1270 (sit
2882 1209 3019 1253 vero
3057 1193 3226 1254 vobis
3258 1211 3438 1267 curat,
3473 1193 3630 1273 quod

1981 1280 2202 1342 dictum
2233 1285 2344 1357 est)
2367 1280 2682 1343 undecimo
2709 1280 2931 1342 mensis
2954 1287 3112 1342 circa
3138 1283 3345 1343 horam
3376 1291 3627 1363 sextam,

1983 1369 2178 1432 venite
2212 1371 2282 1431 ad
2308 1371 2564 1451 littus,et
2595 1389 2729 1431 cum
2767 1387 2983 1450 corpus
3017 1388 3213 1431 meum
3245 1370 3628 1449 inveneritis,

1982 1458 2138 1538 quod
2163 1461 2411 1521 vehetur
2437 1480 2470 1522 a
2495 1469 2660 1538 tergo
2692 1459 2985 1539 delphini,
3026 1457 3083 1519 id
3117 1458 3326 1536 tollite,
3362 1469 3422 1522 et
3454 1460 3633 1540 depo-

1983 1550 2108 1612 nite
2140 1569 2272 1610 cum
2305 1550 2435 1611 aliis
2470 1547 2848 1630 martyribus.

2065 1638 2364 1703 XLI.Haec
2396 1658 2532 1701 cum
2560 1637 2911 1715 dixisset,ad
2939 1637 3360 1719 imperatorem
3390 1637 3632 1701 Diocle-

254 1727 570 1806 κλητιανὸν,
622 1727 712 1782 καὶ
754 1725 910 1790 αὐτὸς
970 1733 1155 1802 πρῶτα
1207 1727 1303 1801 μὲν
1333 1725 1581 1804 γαληνῶς
1611 1727 1697 1782 καὶ
1727 1727 1897 1793 ἡπίως

1995 1731 2205 1791 lianum
2232 1729 2489 1807 ducitur;
2514 1737 2570 1790 et
2585 1729 2712 1809 ipse
2727 1729 2983 1808 primum
3017 1727 3258 1808 quidem
3279 1748 3412 1791 cum
3433 1747 3502 1790 eo
3517 1727 3637 1807 agit

257 1821 403 1890 αὖτῴ
457 1814 831 1895 προσφέρεται,
889 1819 1012 1872 εἶτα
1080 1813 1298 1895 λουτρὸν
1359 1816 1735 1892 εὖτρεπίζεται,
1816 1827 1901 1882 καὶ

259 1908 364 1984 πρὸ
418 1908 512 1962 τοῦ
541 1904 763 1984 λουτροῦ
800 1905 982 1981 βωμός
1015 1919 1029 1935 ⁸
1065 1907 1090 1960 ὁ
1122 1905 1175 1960 δὲ
1206 1907 1387 1981 βωμὸς
1419 1905 1484 1972 ἧν
1535 1902 1898 1968 Ἀπόλλωνος.

262 1999 363 2056 Καὶ
391 1997 602 2054 λούεται
646 1996 743 2072 μὲν
779 1996 1028 2073 βασιλεὺς
1061 1999 1196 2072 ὁμοῦ
1245 1996 1340 2054 καί
1389 1995 1658 2075 Ἀρῤιανός
1695 2014 1708 2028 ⁸
1763 1996 1903 2062 ἐξελ-

260 2088 440 2152 θόντες
497 2084 551 2142 δὲ
608 2093 700 2142 τοῦ
753 2085 974 2165 λουτροῦ
1004 2089 1091 2143 καὶ
1149 2094 1226 2160 τῷ
1272 2089 1440 2162 βωμῷ
1485 2085 1902 2166 πλησιάσαντες,

263 2182 453 2250 Θῦσον,
499 2177 545 2232 ὦ
587 2174 848 2253 Ἀῤῥιανὲ,
912 2175 1015 2255 ἔφη
1080 2175 1488 2255 Διοκλητιανὸς,
1541 2183 1618 2250 τῷ
1687 2177 1907 2255 μεγάλῳ

260 2270 366 2339 θεῷ
420 2264 721 2321 Ἀπόλλωνι
753 2284 770 2302 ο
807 2265 944 2321 οὕτω
1001 2266 1122 2343 γὰρ,
1166 2267 1238 2328 ὡς
1303 2267 1466 2339 εἰκὸς,
1521 2265 1762 2332 ἡσθέντες
1820 2267 1908 2320 καὶ

259 2357 352 2411 επὶ
393 2355 454 2409 τὸ
514 2351 725 2410 δεῖπνον
757 2353 969 2430 εὔθυμοι
1015 2352 1357 2430 βαδιούμεθα.
1414 2345 1470 2412 Ὀ
1518 2353 1596 2435 δὲ,
1669 2357 1764 2412 Καὶ
1793 2356 1904 2420 πῶς

263 2443 358 2523 ἂν,
402 2442 526 2522 ἔφη,
571 2441 822 2518 δυναίμην
879 2443 1007 2522 ἐγὼ,
1055 2443 1296 2524 βασιλεῦ,
1358 2445 1492 2518 μετὰ
1542 2455 1774 2503 τοσαῦτα
1819 2447 1906 2502 καὶ

263 2532 561 2599 τηλικαῦτα
603 2540 834 2606 Χριστοῦ
875 2539 967 2590 τοῦ
1025 2533 1189 2607 μόνου
1222 2541 1418 2604 ζῶντος
1481 2534 1611 2590 Θεοῦ
1667 2535 1909 2610 θαύματα

261 2623 342 2679 ὧν
399 2626 457 2680 06
517 2622 666 2696 μῦθοι
714 2624 803 2679 καὶ
845 2623 1017 2702 φῆμαι
1072 2625 1242 2697 κεναὶ,
1277 2623 1398 2680 ἀλλ’
1445 2626 1586 2682 αὐτοὶ
1627 2624 1723 2692 τὴν
1767 2645 1908 2700 μαρ-

260 2713 440 2792 τυρίαν
482 2713 620 2786 ἡμῖν
684 2715 730 2770 οἱ
789 2712 1049 2792 ὀφθαλμοὶ
1107 2713 1440 2793 παρέσχοντο
1474 2730 1488 2744 ⁸
1565 2719 1677 2776 πῶς
1720 2714 1780 2770 ἄν
1822 2713 1909 2769 οὖν

262 2803 290 2857 ὃ
349 2809 580 2858 τοσαῦτα
632 2800 754 2858 ἰδὼν
816 2801 924 2878 ἐγὼ
981 2809 1166 2859 τοῦτον
1221 2803 1319 2878 μὲν
1375 2802 1671 2878 καταλίπω,
1704 2815 1823 2866 τοῖς
1855 2802 1909 2857 δὲ

263 2892 500 2970 ἀψύχοις
559 2891 765 2956 τούτοις
824 2889 962 2948 θύσω
1013 2893 1098 2947 καὶ
1132 2891 1516 2972 ἀναισθήτοις;
1576 2889 1828 2948 Ἐνταῦθα
1876 2894 1910 2958 ἡ

265 2982 619 3058 προσποίησις
683 2979 1051 3055 Διοκλητιανῷ
1107 2983 1193 3037 καὶ
1235 2983 1296 3037 τὸ
1347 2994 1686 3060 προσωπεῖον
1741 2980 1910 3060 ἡλέγ-

264 3090 429 3148 χετο,
462 3070 546 3127 καὶ
602 3070 696 3136 τὴν
755 3070 1064 3149 ὲπίχριστον
1118 3071 1393 3147 πραότητα
1439 3072 1526 3128 καὶ
1569 3073 1663 3133 τὰς
1725 3070 1910 3135 δεξιώ-

266 3179 380 3221 σεις
419 3158 563 3221 εὐθὺς
595 3157 792 3222 ἀποδὺς
826 3158 910 3214 ἐπὶ
940 3159 1005 3215 τὰ
1064 3161 1263 3230 συνήθη
1321 3159 1527 3235 μᾶλλον
1586 3159 1783 3239 ἐχώρει
1826 3167 1915 3222 καὶ

262 3251 359 3302 τὸν
417 3245 684 3324 Ἀῤῥιανὸν
746 3248 1008 3311 τοιούτοις
1061 3246 1354 3324 ἠμείϐετο,
1407 3248 1630 3323 δεσμοῖς
1687 3256 1910 3329 χειρῶν,

265 3337 628 3400 καταπέλταις
700 3335 916 3412 ποδῶν,
973 3339 1230 3416 ὀρύγματι
1303 3339 1440 3395 κατὰ
1497 3337 1676 3396 πεδίου
1735 3339 1913 3417 βαθεῖ,

265 3424 426 3482 λίθων
486 3423 678 3495 πλήθει
729 3425 978 3504 μεγάλων
1038 3425 1235 3503 κομιδῆ
1297 3429 1386 3484 καὶ
1429 3426 1742 3503 μυλοειδῶν.
1777 3428 1913 3486 Τού-

267 3537 381 3580 τοις
438 3516 538 3594 γὰρ
585 3513 998 3593 προσ-δεδεμένον
1058 3517 1214 3575 αὒτὸν
1275 3518 1409 3573 κατὰ
1482 3525 1573 3574 τοῦ
1633 3518 1914 3598 χάσματος

269 3605 504 3669 ὤσαντες
528 3603 724 3661 ἄνωθεν
754 3604 1114 3685 ἔπεχώννυον.

355 3782 496 3846 ΜΒ¹,
533 3784 678 3841 Μετὰ
707 3784 760 3840 δὲ
798 3786 878 3840 καὶ
920 3785 1098 3864 αὐτὸς,
1147 3784 1243 3842 οἷα
1271 3785 1361 3841 τὸν
1393 3784 1584 3864 ἐχθρὸν
1618 3783 1769 3853 δῆθεν
1810 3807 1916 3842 κα-

269 3869 542 3946 ταϐαὶὼν,
593 3874 684 3929 τὸν
743 3873 925 3950 θρόνον
983 3872 1315 3952 ὑψηλότερον
1374 3873 1569 3940 τίθησι,
1607 3874 1707 3931 Καὶ
1761 3874 1917 3945 ὁμὲν

269 3964 462 4038 σεμνὸς
524 3961 670 4038 μάλα
722 3968 931 4039 σεμνῶς
979 3961 1208 4030 ἐκάθητο
1244 3979 1257 3993 '
1307 3974 1426 4025 τοϊς
1473 3962 1821 4042 στρατιώταις
1865 3961 1918 4019 δὲ

277 4052 481 4122 παίζειν
524 4051 810 4108 ἐπέταττεν
869 4051 1238 4131 ἐπιχλευάζων
1277 4053 1361 4109 καὶ
1413 4051 1705 4132 βλάσφημα
1750 4051 1920 4130 λέγων

1986 1819 2240 1896 benigne
2262 1827 2318 1880 et
2337 1819 2834 1900 placide.Deinde
2848 1825 3087 1899 paratur
3103 1818 3637 1893 lavacrum,etante

1988 1909 2284 1970 lavacrum
2312 1925 2413 1968 ara
2442 1925 2456 1970 :
2481 1926 2582 1970 ara
2609 1914 2809 1968 autem
2834 1917 2963 1969 erat
3002 1906 3321 1988 Apollinis.
3357 1905 3428 1968 Et
3453 1905 3637 1969 simul

1987 1997 2229 2078 quidem
2253 1997 2518 2058 lavantur
2537 1997 2858 2077 imperator
2874 2006 2931 2058 et
2948 1995 3515 2078 Arrianus.Egressi
3536 2014 3640 2060 au-

1989 2095 2107 2149 tem
2134 2105 2206 2148 ex
2232 2086 2624 2159 lavacro,cum
2645 2103 2762 2147 ara;
2776 2085 3356 2166 appropinquassent
3389 2107 3402 2143 :
3429 2085 3634 2148 Sacri-

1990 2177 2121 2249 lica,
2171 2196 2203 2236 o
2236 2176 2507 2251 Arriana,
2542 2175 2734 2255 inquit
2761 2174 3186 2251 Diocletianus,
3223 2175 3486 2238 maxime
3517 2174 3634 2238 deo

1988 2264 2268 2344 Apollini.
2329 2263 2426 2326 Sic
2466 2265 2654 2344 enim,
2691 2271 2753 2325 ut
2804 2282 2909 2342 par
2939 2274 3050 2338 est,
3087 2263 3420 2340 exhilarati,
3455 2263 3639 2333 alacri

1991 2353 2209 2416 deinde
2236 2353 2438 2414 animo
2462 2360 2767 2414 veniemus
2799 2352 2871 2413 ad
2902 2371 3157 2414 caenam.
3190 2352 3298 2414 Ille
3330 2371 3470 2440 vero
3506 2373 3520 2411 :
3555 2353 3637 2416 Et

1991 2442 2286 2525 quomodo
2338 2461 2576 2522 possum
2631 2461 2763 2520 ego,
2800 2441 3012 2522 inquit,
3048 2460 3080 2502 ο
3114 2441 3460 2521 imperator,
3499 2450 3639 2522 post

1993 2539 2079 2592 tot
2101 2539 2157 2592 et
2184 2538 2340 2591 tanta
2369 2529 2610 2604 Christi,
2645 2533 2743 2608 qui
2799 2537 2888 2590 est
2925 2529 3088 2589 solus
3109 2529 3267 2590 Deus
3304 2527 3482 2603 vivus,
3518 2527 3638 2590 mi-

1989 2620 2213 2699 racula,
2241 2637 2494 2700 quorum
2530 2636 2651 2680 non
2685 2626 2821 2678 sunt
2852 2617 3060 2678 inanes
3088 2616 3301 2679 fabulas
3335 2625 3395 2679 et
3423 2634 3637 2679 rumo-

1994 2729 2113 2784 res,
2143 2709 2244 2770 sed
2268 2709 2381 2788 ipsi
2407 2707 2580 2768 nobis
2601 2707 3010 2768 testimonium
3037 2705 3421 2787 praebuerunt
3453 2705 3641 2769 oculis

1994 2798 2291 2880 quomodo
2312 2817 2450 2876 ergo
2471 2816 2600 2876 ego,
2633 2798 2732 2876 qui
2756 2806 2840 2858 tot
2872 2803 2929 2858 et
2961 2805 3118 2857 tanta
3149 2796 3292 2876 vidi,
3327 2814 3460 2857 eum
3498 2795 3640 2877 qui-

1994 2889 2130 2950 dem
2156 2887 2515 2967 relinquam,
2553 2885 2901 2947 sacriﬁcabo
2925 2895 3122 2949 autem
3148 2885 3240 2947 his
3272 2886 3554 2947 inanimis
3583 2891 3644 2947 et

1996 2977 2161 3038 nullo
2195 2994 2374 3037 sensu
2402 2975 2666 3055 praeditis
2689 2981 2714 3037 ?
2737 2973 2846 3036 Hic
2865 2975 2973 3035 fuit
2997 2974 3380 3054 deprehensa
3411 2981 3471 3035 et
3501 2991 3642 3034 con-

1997 3068 2146 3129 victa
2178 3065 2530 3129 Diocletiani
2565 3064 2952 3138 simulatio,et
2976 3064 3113 3126 ﬁcta
3143 3082 3318 3143 quam
3351 3062 3640 3125 induerat

2000 3175 2278 3238 persona,
2312 3170 2371 3218 et
2425 3174 2598 3236 quam
2657 3153 2770 3214 sibi
2829 3153 3082 3215 illiverat
3117 3152 3642 3215 mansuetudinem

2001 3265 2222 3309 exuens
2253 3255 2309 3307 et
2342 3245 2877 3322 benignitatem,ad
2911 3261 3078 3304 suam
3112 3242 3290 3304 rediit
3314 3250 3640 3303 consuetu-

2001 3337 2224 3406 dinem,
2263 3344 2319 3396 et
2369 3334 2461 3396 his
2492 3333 2723 3414 excepit
2762 3334 3102 3411 Arrianum,
3139 3349 3355 3410 nempe
3386 3329 3639 3391 vinculis

2003 3423 2631 3504 manuum,catapultis
2645 3419 3189 3502 pedum,profunda
3205 3420 3267 3481 in
3287 3437 3428 3498 agro
3452 3419 3635 3494 fossa,

2001 3533 2349 3593 magnorum
2386 3524 2448 3575 et
2481 3512 2792 3573 molarium
2817 3511 3080 3588 lapidum
3102 3507 3642 3587 magnitudineﬂis

2003 3609 2187 3685 enim,
2217 3622 2351 3665 cum
2385 3621 2521 3663 eum
2555 3603 2816 3662 vinctum
2846 3599 3240 3664 trusissentin
3271 3595 3638 3671 hiatum,de-

2003 3712 2184 3775 super
2213 3691 2565 3754 obruebant.

2082 3771 2260 3845 XLII.
2294 3785 2502 3842 Postea
2531 3789 2726 3841 autem
2758 3779 2888 3862 ipse
2921 3774 3365 3860 quoque,utqui
3391 3771 3642 3854 dejecis—

2002 3881 2090 3934 set
2121 3872 2454 3943 inimicum,
2489 3871 2764 3931 thronum
2801 3869 2966 3949 ponit
2995 3866 3408 3928 excelsiorem.
3441 3863 3512 3926 Et
3543 3864 3644 3926 ille

2003 3963 2242 4042 quidem
2275 3978 2516 4022 severus
2547 3977 2682 4020 cum
2714 3960 3006 4038 gravitate
3038 3955 3287 4017 sedebat
3316 3963 3375 4016 et
3415 3953 3644 4015 severi-

2005 4061 2120 4114 tate
2157 4049 2448 4130 :jubebat
2477 4057 2671 4110 autem
2731 4049 2948 4109 milites
2981 4064 3114 4107 eum
3147 4043 3464 4118 ludificari,
3501 4045 3644 4105 irri-

277 4143 306 4197 ὂ
350 4141 581 4204 σείλαιος
617 4158 630 4172 ⁸
667 4141 792 4199 σιδω
831 4143 881 4198 τί
918 4143 1074 4198 αὑτὸν
1117 4140 1300 4208 ὀνήσει
1351 4144 1602 4220 Χριστὸς,
1643 4144 1730 4199 καὶ
1773 4141 1920 4206 ὅπως

2008 4145 2157 4204 dens
2189 4145 2392 4214 miser,
2426 4145 2484 4200 et
2535 4139 2739 4199 dicens
2771 4136 2952 4216 impia
3004 4144 3063 4196 et
3103 4133 3448 4213 blasphema
3485 4153 3499 4196 :
3538 4132 3646 4193 Vi-

277 4226 378 4305 ἅρα
434 4235 539 4286 τῶν
598 4229 740 4305 ἐμῶν
803 4228 1060 4295 ἐξελετται
1121 4237 1344 4310 χειρῶν,
1408 4231 1494 4286 καὶ
1544 4231 1610 4288 τὰ
1643 4233 1923 4298 τοιαῦταὴ

2009 4231 2203 4310 deam,
2240 4229 2452 4309 inquit,
2488 4227 2632 4306 quid
2666 4227 2719 4287 ei
2746 4225 3007 4306 proderit
3030 4223 3315 4295 Christus,
3338 4229 3395 4282 et
3427 4239 3644 4301 quem-

285 4319 433 4380 κόνις
504 4321 538 4387 ἡ
595 4321 789 4397 σαπρία
845 4317 1280 4399 σοϐχρευόμεδος.
1325 4320 1556 4378 ’Ἔπειτα
1606 4327 1696 4376 τοῦ
1755 4320 1926 4377 ἵππου

2009 4320 2328 4380 admodum
2363 4316 2634 4380 liberabit
2662 4332 2796 4378 eum
2830 4335 2862 4376 e
2893 4315 3043 4376 meis
3096 4311 3388 4390 manibus,
3426 4318 3484 4370 et
3513 4326 3647 4388 quas

285 4413 508 4483 κομψῶς
553 4406 765 4483 ἐπιϐὰς,
814 4410 966 4471 αὑτὸς
1014 4410 1110 4485 μὲν
1140 4410 1376 4488 καθάπερ
1435 4432 1515 4473 τις
1561 4409 1798 4488 ἀριστεὺς
1856 4411 1926 4472 εἷς

2012 4419 2150 4471 sunt
2172 4409 2410 4481 similia,
2446 4407 2635 4486 pulvis
2668 4405 2967 4466 marcidus
2997 4403 3324 4465 insolenter
3345 4399 3647 4479 jactitans.

284 4499 353 4553 τὰ
400 4497 639 4572 βασίλεια
666 4497 896 4578 ἤρχετο.
931 4489 994 4556 Ἦ
1044 4498 1098 4555 δὲ
1151 4507 1245 4556 τοῦ
1299 4486 1432 4555 Θεοῦ
1487 4486 1755 4574 οἰκονομία
1787 4500 1926 4564 ὅπως

1995 4499 2242 4562 ‘Deinde
2266 4518 2398 4559 cum
2433 4516 2648 4577 equum
2683 4494 2937 4575 superbe
2968 4503 3026 4555 et
3053 4493 3309 4572 gloriose
3339 4490 3649 4551 ascendis-

289 4585 476 4660 ἀρίστη
508 4590 590 4644 καὶ
633 4587 717 4644 διὰ
761 4591 864 4643 τῶν
922 4589 1169 4645 ἐναντίων
1214 4587 1469 4647 ὁδεύουσα
1523 4587 1726 4664 μᾶλλον
1771 4586 1926 4656 δῆλον

2015 4599 2126 4670 set,
2159 4589 2287 4669 ipse
2319 4589 2558 4668 quidem
2612 4595 2886 4665 tanquam
2921 4584 3023 4665 qui
3074 4581 3248 4644 fortia
3280 4588 3337 4642 et
3366 4579 3653 4670 praeclara

287 4676 432 4750 αὐτῷ
487 4677 603 4752 μετ’
634 4681 694 4736 οὒ
726 4676 860 4734 πολὺ
891 4679 1112 4756 γίνεται.
1162 4675 1367 4735 Εῗσεισι
1425 4678 1522 4754 μὲν
1574 4678 1672 4756 γὰρ
1709 4680 1782 4740 εἷς
1841 4678 1926 4733 τὸν

2017 4668 2320 4760 gessisset,
2346 4678 2504 4738 venit
2528 4677 2588 4737 in
2620 4682 2842 4753 regiam
2870 4691 2885 4749 ;
2915 4673 3017 4734 Dei
3047 4682 3243 4733 autem
3279 4668 3655 4760 providentia

286 4768 626 4823 κοιτωνίσκον
685 4769 713 4823 ὁ
771 4765 1040 4843 βασιλεὺς,
1095 4767 1231 4824 ὥστε
1292 4768 1483 4845 μικρόν
1541 4789 1590 4822 τι
1635 4766 1926 4824 διαναπαύ-

2017 4758 2191 4850 quam
2225 4770 2299 4828 sit
2329 4765 2668 4840 inelfabilis,
2704 4773 2761 4825 ct
2811 4770 2872 4825 ut
2930 4781 3036 4843 per
3082 4780 3152 4823 ea
3183 4758 3481 4850 procedat,
3518 4776 3653 4838 quae

283 4857 479 4910 σισθαι
511 4869 525 4884 ’
567 4857 660 4933 ὁρᾷ
689 4854 742 4911 δὲ
787 4856 956 4932 θέαμα
1011 4858 1236 4937 φρικιὸν,
1281 4858 1353 4935 (ὦ
1393 4855 1634 4913 Δέσποτα
1689 4858 1776 4914 καὶ
1821 4865 1926 4912 Βα-

2021 4847 2159 4920 sunt
2189 4856 2636 4930 contraria,non
2668 4854 2852 4914 multo
2878 4863 3007 4933 post
3029 4851 3220 4912 evadit
3249 4847 3654 4937 manifestum.

283 4941 442 5000 σιλεῦ
498 4942 740 5001 ἁπάντων
799 4935 1145 5020 Χριστὲ,νκαὶ
1189 4946 1360 5021 μόνης
1390 4943 1448 5002 ὅν
1481 4950 1581 5013 τῆς
1638 4951 1736 5014 σῆς
1799 4946 1926 5002 ἀπε-

2020 4947 2166 5010 Nam
2202 4946 2530 5025 ingreditur
2571 4943 2814 5023 quidem
2846 4944 3168 5020 imperator
3197 4938 3257 4998 iu
3287 4935 3650 5012 cubiculum,

284 5033 478 5113 ράντου
575 5035 664 5090 καὶ
747 5033 1146 5112 ἀνεξερευνήτου
1223 5034 1549 5112 δυνάμεως),
1609 5033 1770 5099 πέδας
1843 5035 1926 5111 μὲι

2024 5050 2088 5099 ut
2119 5036 2420 5117 paululum
2469 5035 2840 5113 requiescat;
2878 5031 3035 5090 videt
3065 5046 3203 5090 vero
3250 5025 3658 5117 spectaculum

284 5122 490 5187 ἐκείνας
547 5126 638 5179 καὶ
689 5122 861 5187 λίθους
911 5123 1028 5199 μεθ’
1115 5125 1190 5179 ὧν
1265 5124 1402 5180 κατὰ
1480 5131 1570 5181 τοῦ
1629 5125 1926 5203 ὀρύγματος

2028 5115 2316 5200 terribile,
2352 5125 2410 5205 (ο
2461 5123 2711 5184 Domine
2749 5131 2807 5182 et
2850 5138 2950 5181 rex
2984 5117 3251 5180 omnium
3306 5115 3568 5195 Christe,
3602 5121 3661 5205 et

285 5213 491 5276 καθῆκε
554 5213 644 5267 τὸν
703 5213 937 5292 μάρτυρα
995 5215 1061 5288 τῇ
1118 5211 1381 5289 βασιλικῇ
1427 5211 1582 5289 κλίνῃ
1625 5202 1926 5293 προσηρτη-

2027 5217 2181 5299 quod
2217 5225 2306 5276 est
2338 5202 2529 5275 s'olum
2584 5220 2698 5272 tuae
2730 5211 3001 5299 inﬁnitae,
3053 5217 3113 5270 et
3163 5224 3293 5299 qua
3324 5202 3664 5299 investigari

286 5301 477 5378 μένους
514 5321 529 5336 ·
579 5303 736 5360 αὐτὸν
779 5301 833 5359 δὲ
893 5302 1162 5382 Ἀῤῥιανὸν
1195 5303 1280 5362 ἐπὶ
1337 5309 1434 5372 τῆς
1499 5305 1667 5373 αὐτῆς
1724 5305 1926 5362 ἀνακεί-

2028 5294 2145 5368 non
2161 5312 2352 5387 potest
2367 5303 2835 5384 potentiae),nem
2845 5318 2918 5380 pe
2942 5298 3074 5359 illos
3091 5295 3330 5387 quidem
3345 5294 3666 5375 compedes

287 5410 450 5468 μενον
507 5390 696 5459 κλίνης
759 5395 844 5449 καὶ
899 5395 1188 5469 βασιλικῶς
1248 5393 1382 5471 αὒτῇ
1442 5393 1920 5472 ἐπαναπαυόμενον

2031 5405 2089 5460 et
2117 5385 2369 5476 lapides,
2400 5412 2533 5456 cum
2567 5393 2782 5472 quibus
2810 5391 2871 5451 in
2900 5389 3126 5451 fossam
3153 5385 3477 5476 demiserat
3499 5402 3663 5448 mar-

289 5488 520 5540 Τοιαῦτα
581 5481 964 5550 Διοκλητιανὸς
1045 5481 1168 5539 ἰδὼν
1247 5481 1465 5563 θορύϐου
1551 5486 1638 5542 καὶ
1707 5483 1926 5562 δείματοι

2033 5474 2242 5566 tyrem,
2278 5483 2428 5545 lecto
2455 5499 2748 5562 appensos
2783 5477 3166 5560 imperatorio
3198 5497 3212 5538 :
3246 5474 3441 5566 ipsum
3470 5483 3671 5538 autem

290 5567 584 5652 ἐπληρώθη
639 5570 934 5654 τυραννίδος
1004 5573 1237 5630 επίθεσιν
1293 5573 1437 5632 εἶναι
1525 5576 1632 5631 τῶν
1707 5574 1761 5632 ἐν
1829 5588 1921 5634 τοι

2033 5565 2356 5642 Arrianum
2399 5573 2703 5654 jacentem
2744 5569 2806 5633 in
2865 5569 3076 5632 eodem
3135 5565 3342 5645 cubili,
3379 5571 3438 5626 et
3490 5584 3676 5646 rega-

621 5699 888 5770 PATROL.
917 5700 1030 5770 Gn.
1067 5701 1274 5769 CXVI.
3310 5700 3384 5768 18
