4056 6142
403 281 524 346 555

1712 248 1995 338 MENSIS
2037 253 2464 336 DECEMBER.

3663 271 3782 338 556

402 415 544 479 liter
595 415 657 477 in
704 432 776 476 eo
807 413 1234 493 quiescentem.
1287 412 1424 472 Haec
1455 427 1589 471 cum
1617 407 1864 470 vidisset
1893 407 2067 468 Dio-.

2157 408 2406 471 ασιλείοις
2467 409 2606 470 τινὸς
2667 409 2940 484 οἰόμενος.
2999 406 3163 467 Ἐϐόα
3218 412 3306 466 οὖν
3354 412 3442 466 καὶ
3503 409 3776 466 συνεκάλει

414 505 728 581 cletianus,
787 503 894 566 fuit
943 501 1327 565 conturbatus
1377 507 1434 562 et
1479 497 1817 572 exterritus,
1847 496 2054 559 existi-

413 613 588 657 mans
619 594 876 675 aliquem
908 613 979 655 ex
1028 592 1102 654 iis
1135 591 1235 672 qui
1267 597 1433 653 erant
1466 589 1527 650 in
1557 588 1743 668 regia,
1775 585 2059 648 invadere

421 688 808 761 tyrannidem.
837 687 1129 744 Clamabat
1159 685 1348 758 itaque
1371 691 1424 740 et
1454 681 1803 740 convocabat
1831 695 1928 738 eos
1962 681 2056 750 qui

416 781 621 836 essent
652 789 824 852 opem
851 767 1065 841 laturi;
1112 768 1403 831 Arrianus
1428 784 1568 829 vero
1593 765 1648 828 ei
1670 765 1885 827 leniter
1915 763 2061 826 dixit

413 860 628 923 electo
657 861 784 924 :Ne
808 857 1182 922 conturberis
1210 879 1227 935 ;
1250 875 1426 920 nemo
1446 875 1514 918 ex
1540 856 1611 916 iis
1641 855 1746 934 qui
1777 862 1916 916 sunt
1947 862 2060 916 tum

413 948 670 1030 subjecti
703 947 999 1029 potestati,
1052 946 1336 1009 adversus
1395 955 1454 1009 te
1482 946 1828 1022 insurrexit,
1859 961 2060 1022 neque

2140 499 2260 562 τοὺς
2303 498 2671 574 βοηθήσοντας
2706 516 2720 531 ⁸
2769 497 3038 577 Ἀῤῥιανὸς
3101 499 3178 574 δὲ,
3213 500 3302 565 Μὴ
3331 497 3570 576 θορυϐοὕ,
3604 501 3785 576 πράως

2143 587 2248 644 ἀπὸ
2295 592 2393 658 τῆς
2440 589 2625 654 κλίνης
2670 590 2811 660 αὐτῷ
2865 588 3212 668 ὑπερεφώνει,
3289 587 3462 652 οὒδείς
3521 588 3786 655 ἐπανέστη

2142 684 2248 734 τῶν
2276 679 2377 734 ὑπὸ
2409 690 2592 758 χεῖρα,
2628 676 2733 734 οὔδ’
2768 675 3027 748 ἐπιϐουλή
3070 700 3152 742 τις
3184 676 3464 755 εἴργασται
3497 678 3634 734 κατὰ
3665 685 3780 746 σοῦ,

2144 765 2262 823 ἀλλ’
2294 767 2400 845 ἐγώ
2461 789 2542 824 σοι
2589 766 2795 832 ἐκεῖνος
2842 764 3112 844 Ἀῤῥιανὸς
3157 767 3184 822 ὃ
3243 769 3460 845 ἡγεμων
3519 765 3788 834 Θηϐαίδος

2142 855 2200 911 ὅν
2244 857 2314 920 εἷς
2361 858 2422 913 τὸ
2459 857 2646 935 χρίσμα
2678 856 2878 932 βαλὼν,
2913 845 3155 931 Ἳδωμεν,
3191 854 3396 934 ἔλεγες,
3430 858 3473 912 εί
3504 861 3608 912 τῶν
3643 855 3787 932 ἐμῶν

2142 947 2313 1001 αὒτῶν
2358 943 2612 1010 ἐξελεϊται
2657 951 2854 1025 χειρῶν
2900 949 2927 1002 ὁ
2963 946 3209 1024 Χριστός.

411 1036 550 1101 ullae
581 1037 682 1099 tibi
713 1045 851 1099 sunt
881 1043 1098 1118 paratas
1127 1036 1403 1114 insidiae;
1438 1035 1546 1099 sed
1577 1054 1684 1115 ego
1717 1051 1844 1096 sum
1879 1033 1980 1095 ille
2013 1031 2656 1109 Arrianus,Thebaidis
2689 1043 3065 1116 procurator,
3090 1053 3265 1116 quem
3297 1050 3430 1096 cum
3465 1033 3526 1096 in
3557 1045 3788 1097 vastum

411 1125 580 1188 illum
607 1126 808 1207 jecisti
839 1125 1095 1206 hiatum,
1126 1126 1476 1202 Videamus,
1508 1124 1774 1197 dicebas,
1808 1143 1881 1186 an
1909 1121 2178 1186 Christus
2207 1123 2403 1207 ipsum
2437 1141 2472 1184 a
2501 1128 2649 1184 meis
2678 1122 2955 1186 liberabit
2988 1123 3287 1186 manibus.

491 1213 689 1279 XLIII.
721 1217 972 1298 PrOpter
993 1214 1121 1276 haec
1143 1215 1547 1278 Diocletianus
1571 1213 1677 1275 fuit
1709 1212 1910 1274 animo
1947 1210 2059 1272 oh-

413 1305 1134 1387 stupefactus,sermoque
1167 1304 1275 1366 fuit
1298 1305 1356 1367 ei
1390 1302 1738 1386 impeditus,
1775 1311 1833 1364 et
1867 1319 2065 1381 neque

415 1409 619 1459 Vocem
648 1394 889 1477 quidem
924 1395 1166 1458 omnino
1196 1401 1427 1475 poterat
1463 1393 1760 1455 emittere.
1787 1392 1896 1453 Vix
1931 1401 2062 1451 tan-

417 1486 554 1548 dem
584 1485 657 1548 ad
687 1503 751 1549 se
781 1484 1215 1558 rediens,foras
1249 1486 1560 1565 processit,
1590 1481 1807 1543 timore
1835 1487 2064 1561 pertur-

415 1570 618 1638 hatus.
655 1584 716 1636 et
745 1572 1002 1636 clamore
1034 1572 1308 1654 implevit
1336 1571 1560 1651 regiam
1595 1593 1608 1631 :
1646 1568 1694 1634 Ο
1731 1568 2063 1651 improbam

2229 1202 2364 1275 hil".
2410 1214 2544 1284 Πρὸς
2574 1221 2737 1271 ταυτα
2780 1213 3159 1280 Διοκλητιανὸς
3217 1213 3488 1292 ἐξοπλάγη
3545 1215 3643 1280 τὴν
3676 1219 3782 1290 ψυ-

2148 1302 2280 1382 χὴν,
2341 1301 2643 1382 ἐπεσχέσθη
2707 1304 2767 1359 τὸ
2825 1302 2918 1382 τρθέ
2935 1325 3056 1384 (ua,
3119 1303 3215 1360 καΐ
3259 1301 3374 1360 οὖδέ
3433 1303 3615 1384 φωνην
3645 1303 3790 1379 ὅμως

2150 1391 2397 1466 προέσθαι
2429 1390 2644 1455 δυνατὸς
2679 1391 2769 1458 ἧν,
2819 1391 3055 1470 Βραδὲως
3111 1391 3166 1449 δὲ
3223 1393 3308 1451 καὶ
3355 1392 3512 1467 μόλις
3571 1391 3791 1472 ἀνενεγ-

2147 1481 2256 1536 κὼν
2314 1479 2412 1546 ἔξω
2468 1502 2524 1538 τε
2576 1479 2821 1557 περιδεὴς
2879 1481 3074 1559 ἐχώρει
3126 1483 3213 1538 καὶ
3256 1482 3386 1556 βοῆς
3429 1483 3496 1539 τὰ
3551 1481 3794 1558 βασίλεια

2148 1569 2424 1642 ἐνεπίπλα,
2460 1574 2567 1636 Τῆς
2611 1571 2990 1650 κακοτεχνίας,
3023 1569 3219 1650 λέγων,
3250 1573 3350 1637 τῆς
3383 1572 3625 1650 γοητείας
3663 1571 3677 1630 l
3713 1573 3795 1628 οὖ·

417 1671 632 1741 artem,
667 1663 897 1740 dicens,
933 1682 967 1725 ο
1002 1662 1364 1744 praestigias!
1401 1679 1577 1724 nemo
1610 1660 1919 1741 hucusque
1955 1657 2067 1719 tale

2156 1658 2231 1714 53:1
2274 1657 2479 1715 οὐδέπω
2520 1659 2770 1716 τοσοῦτον
2818 1659 3128 1738 εἴργασται,
3192 1659 3288 1717 καΐ
3351 1659 3524 1716 πολλὰ
3579 1667 3795 1717 τοιαῦτα

417 1759 560 1830 quid
581 1757 754 1829 fecit;
787 1765 844 1814 et
866 1755 1075 1814 multas
1097 1755 1378 1828 ejusmodi
1399 1754 1598 1813 dicens
1623 1767 1826 1826 nugas.
1853 1751 2067 1810 Deinde

2156 1749 2338 1824 λέγων.
2407 1751 2540 1805 Εἶτα
2584 1751 2672 1806 καὶ
2713 1750 2846 1827 πρὸς
2877 1750 3097 1823 μείζονα
3141 1749 3307 1826 θυμὸν
3367 1748 3601 1828 ἐξαφθεὶς
3657 1751 3791 1805 calx-

418 1844 602 1906 etiam
627 1842 840 1921 majori
869 1841 957 1903 ira
979 1859 1286 1919 accensus,
1288 1842 1468 1921 jussit
1488 1842 1681 1903 statim
1702 1857 1941 1901 saccum
1976 1839 2066 1901 af-

2156 1861 2242 1894 κον
2317 1839 2460 1904 εὐθὺς
2545 1837 2800 1895 ἐπέταττε
2871 1842 3190 1914 κομισθῆναι
3275 1839 3498 1915 ψάμμον
3569 1838 3792 1918 ἔχοντα,

419 1931 592 2008 ferri,
618 1932 677 1992 in
711 1914 826 2013 quo
852 1938 1008 1993 esset
1041 1914 1628 2012 quidem-arena,sed
1659 1947 1777 1990 non
1808 1937 1966 1990 esset
1995 1945 2064 1989 ea

2156 1927 2294 1996 πλὴν
2338 1930 2395 1984 οὗ
2433 1929 2650 2002 μεστὸν,
2697 1927 2816 1984 ἀλλ’
2873 1927 3130 2008 ἐπιχειλῆ
3175 1929 3262 1984 καὶ
3291 1926 3555 2004 διάκενον,
3596 1914 3688 1984 '2'»:
3718 1914 3796 2002 τῷ

417 2019 659 2102 plenus,
690 2021 808 2082 imo
825 2028 982 2082 esset
995 2039 1206 2100 magna
1219 2039 1288 2082 ex
1303 2029 1466 2102 parte
1478 2025 1790 2100 vacuus,ut
1799 2016 2065 2100 pondere

2156 2017 2247 2093 μὲν
2291 2015 2447 2096 ἄχθει
2497 2023 2594 2084 τῆς
2655 2017 2900 2092 ψάμμου,
2949 2019 3100 2097 φησὶ,
3163 2016 3509 2093 καθέλκηται,
3542 2024 3618 2092 τῷ
3673 2016 3793 2073 δια-

421 2109 688 2190 quidem,
719 2109 938 2187 aiebat,
960 2128 1159 2172 arena;
1187 2109 1468 2172 deorsum
1503 2109 1768 2172 trahatur
1798 2128 1813 2170 :
1849 2127 1918 2169 eo
1950 2126 2061 2169 au-

2156 2105 2283 2178 κένῳ
2325 2103 2380 2160 δὲ
2441 2107 2529 2162 τὸν
2598 2104 2873 2183 Ἀῤῥιανδν
2932 2104 3265 2187 ὑποδέχηται
3298 2126 3309 2139 ·
3359 2107 3403 2180 ᾧ
3461 2105 3793 2182 ἐμϐληθέντα

416 2203 567 2276 tem,
602 2200 760 2280 quod
792 2205 880 2261 est
927 2217 1206 2280 vacuum,
1265 2199 1552 2280 suscipiat
1599 2197 1918 2260 Arrianum
1950 2217 1966 2278 ;
2001 2195 2061 2257 in

2156 2195 2463 2274 προσωτέρῳ
2543 2193 2813 2262 Θαλάσσης
2891 2195 3227 2262 ἐπέσκηπτεν
3322 2196 3603 2262 ἀφεθῆναι.
3697 2195 3787 2253 Ἐν

422 2305 600 2369 quem
628 2288 916 2368 injectum
931 2285 1104 2368 jubet
1128 2307 1265 2351 eum
1285 2288 1500 2350 dimitti
1525 2287 1587 2348 in
1618 2287 1735 2348 alto
1760 2285 1928 2348 mari.
1961 2284 2057 2346 In-

2156 2283 2312 2359 τοότῳ
2367 2283 2421 2340 δὲ
2483 2287 2571 2341 καὶ
2629 2286 2673 2340 οἱ
2731 2283 3118 2364 προτέκτωρες,
3180 2285 3276 2341 οἶα
3334 2289 3408 2360 τῷ
3465 2283 3784 2362 προλαϐόντι

420 2378 598 2440 terim
628 2395 767 2440 vero
799 2381 1168 2458 protectores
1212 2395 1468 2459 quoque,
1499 2385 1563 2439 ut
1593 2395 1844 2458 quorum
1879 2374 2058 2436 animi

2156 2375 2336 2450 κ’ἕματι
2379 2375 2470 2438 τὰς
2529 2374 2710 2453 ψυχὰς
2766 2375 3212 2453 προκεκινημένοι
3259 2375 3604 2452 Χριστιανοὺς
3663 2375 3786 2430 ἑαυο

419 2464 628 2546 priore
659 2465 948 2528 miraculo
991 2474 1192 2529 essent
1234 2466 1403 2542 moti,
1438 2465 1800 2527 conﬁtentur
1829 2481 1894 2524 se
1929 2481 2062 2525 esse

2156 2464 2267 2529 τοὺς
2322 2461 2732 2541 ἁνομολογοῦσι,
2787 2466 2879 2519 καὶ
2956 2464 3332 2541 προσελθόντες
3391 2462 3782 2538 Διοκλητιανῷ,

420 2551 815 2633 Christianos,
850 2563 909 2617 et
927 2556 1284 2618 accedentes
1313 2555 1386 2616 ad
1411 2553 1842 2616 Diocletianum
1868 2573 1882 2613 :
1913 2553 2066 2625 Qua-

2156 2552 2310 2611 Ὀτου
2340 2553 2522 2631 χάριν,
2571 2552 2751 2623 εἷπον,
2789 2551 3062 2629 ἄνθρωπον
3094 2551 3200 2610 οὐδ’
3253 2555 3424 2610 ὁτιοῦν
3467 2553 3563 2626 μὲν
3593 2552 3788 2623 ἀδική-

420 2660 558 2706 nam
591 2645 667 2707 de
698 2663 894 2717 causa,
928 2642 1190 2719 aiebant,
1222 2643 1550 2719 hominem,
1587 2643 1686 2723 qui
1749 2642 1894 2704 nihil
1929 2642 2066 2704 mali

2156 2664 2338 2720 σαντα,
2374 2648 2489 2716 Θεῷ
2545 2639 2598 2696 δὲ
2656 2639 2860 2716 μᾶλλον
2902 2641 3124 2718 ἀψευδεῖ
3180 2642 3659 2720 προσοικειωθέντα
3703 2644 3793 2699 καὶ

422 2734 666 2814 quidem
689 2733 976 2809 fecit,imo
998 2751 1134 2794 vero
1155 2734 1280 2795 Deo
1303 2749 1443 2794 vero
1495 2739 1584 2794 est
1616 2733 1972 2811 conjunctus
2012 2739 2067 2793 et

2156 2729 2218 2786 δι’
2279 2730 2436 2787 αὒτοῦ
2489 2731 2754 2805 θαυμάσια
2839 2732 2930 2787 οὒκ
3002 2729 3156 2810 ὀλίγα
3217 2731 3543 2810 ἒνεργηκότα
3575 2778 3591 2806 ,
3651 2732 3794 2788 ὥστε

421 2821 834 2901 familiaris,et
866 2839 975 2902 per
1002 2821 1196 2902 ipsum
1230 2839 1348 2883 non
1381 2839 1568 2902 pauca
1583 2819 1726 2883 fecit
1755 2821 2066 2902 miracula,

2156 2819 2361 2898 θαρρεῖν
2413 2819 2652 2884 ἅπαντας
2710 2821 2831 2883 τοὺς
2898 2821 3013 2894 Θεῷ
3087 2822 3309 2895 τοιούτῳ
3375 2823 3787 2885 πεπιστευκότας

423 2909 576 2973 adeo
605 2918 668 2972 ut
697 2927 906 2972 omnes
947 2909 1048 2990 qui
1078 2910 1130 2971 ei
1162 2908 1283 2972 Deo
1332 2909 1736 2992 crediderunt,
1770 2911 2067 2972 conﬁdant

2156 2909 2258 2984 ὅτι,
2322 2909 2416 2966 κᾶν
2474 2909 2730 2966 ἀποθάνοι
2773 2933 2877 2984 τις,
2926 2911 3166 2990 ζήσεται,
3200 2911 3297 2968 κᾶίν
3329 2911 3380 2966 ἐν
3426 2911 3592 2989 βόθρῳ
3616 2910 3791 2987 βληθῇ

427 2999 585 3081 quod
619 2999 858 3062 etiamsi
886 2999 1016 3081 quis
1044 3007 1309 3062 mortuus
1366 2999 1566 3073 fuerit,
1603 3000 1779 3077 vivet,
1849 3001 1955 3062 etsi
2010 3001 2067 3061 in

2156 3002 2240 3057 καὶ
2327 2999 2490 3064 λίθοις
2575 3004 2906 3080 καταχωσθῇ
2938 3047 2954 3073 ,
3014 3001 3112 3057 κᾶν
3181 3001 3433 3058 ὑποκάτω
3503 3007 3700 3079 πετρῶν
3759 3001 3794 3069 ἢ

427 3088 648 3150 fossam
677 3087 854 3150 fuerit
877 3088 1440 3170 projectus,etiamsi
1471 3088 1772 3168 lapidibus
1794 3087 2066 3163 obrutus,

2156 3089 2316 3168 ὁρέων
2374 3092 2430 3165 ᾗ,
2479 3089 2577 3145 κᾶν
2622 3091 2752 3164 ὁμοῦ
2811 3089 2966 3146 πάθοι
3010 3089 3075 3145 τὰ
3120 3088 3263 3146 δεινὰ
3309 3091 3541 3170 ἅπαντα,
3578 3089 3794 3146 δυνατὸν

429 3177 662 3240 etiamsi
689 3178 762 3238 sit
783 3176 892 3239 sub
925 3178 1130 3258 petris,
1166 3179 1396 3240 etiamsi
1454 3179 1654 3242 omnia
1686 3177 1860 3240 simul
1892 3177 2067 3240 fuerit

2156 3179 2296 3255 αὒτῷ
2353 3180 2511 3236 πάλιν
2570 3178 2629 3235 ἐκ
2676 3179 2884 3235 πάντων
2942 3179 3277 3246 ἀνασωθῆναι
3312 3197 3327 3210 ⁹
3379 3179 3462 3237 διὰ
3491 3181 3541 3236 τί
3568 3178 3633 3247 δὴ
3665 3187 3792 3237 τοῦ-

429 3285 642 3348 passus
659 3266 877 3347 gravia,
911 3267 1095 3347 possit
1123 3285 1329 3330 rursus
1383 3267 1605 3330 servari
1637 3286 1708 3329 ex
1739 3267 2016 3329 omnibus
2051 3284 2064 3326 :

2156 3291 2241 3326 τον
2290 3268 2469 3346 ὥσπερ
2510 3265 2629 3323 τινα
2671 3268 2775 3325 τῶν
2833 3269 3144 3347 κακούργων
3189 3268 3445 3349 ἀφεθῆναι
3503 3270 3640 3326 κατὰ
3694 3273 3794 3325 θα-

430 3374 542 3418 cur
557 3374 690 3418 eum
716 3364 994 3436 tanquam
1020 3356 1350 3418 maleﬁcum
1386 3357 1723 3437 quempiam
1751 3355 1984 3436 jussisti
2011 3357 2068 3418 in

429 3462 596 3507 mare
617 3445 836 3526 dejici?
863 3443 1006 3508 Cum
1029 3445 1158 3527 ipso
1182 3464 1322 3525 ergo
1355 3466 1463 3508 nos
1495 3464 1732 3528 quoque
1768 3465 1878 3507 nos
1905 3445 2069 3528 ipsos

428 3534 788 3616 praebemus,
822 3542 881 3596 et
903 3545 1273 3612 rogamus,ut
1303 3536 1572 3598 eamdem
1606 3543 2067 3616 mortem,quam

425 3623 925 3705 ipse,suheamus.
961 3623 1278 3687 Credimus
1302 3625 1460 3687 enim
1485 3625 1674 3688 Deum
1701 3625 2068 3708 Arriani,qui

431 3731 569 3774 eum
589 3713 791 3776 eduxit
811 3732 880 3775 ex
900 3713 1190 3795 profundo
1215 3727 1418 3792 terrae,
1456 3723 1514 3777 et
1542 3714 1818 3790 vinculis,
1853 3723 1912 3777 et
1933 3723 2067 3777 tan-

429 3803 506 3864 tis
535 3803 856 3885 lapidibus,
890 3822 1063 3884 posse
1121 3823 1227 3866 nos
1275 3823 1512 3887 quoque
1563 3805 1876 3882 suscitare,
1913 3815 1970 3868 et
1997 3805 2066 3867 ad

431 3893 717 3973 optimam
748 3895 929 3956 vitam
985 3894 1298 3957 traducere
1331 3905 1389 3957 et
1436 3895 1610 3975 longe
1643 3895 2066 3957 beatissimam.

512 3981 712 4044 XLIV.
747 3983 834 4044 Ad
894 3985 1022 4045 haec
1079 3985 1178 4046 ille
1231 3985 1551 4046 admodum
1607 3984 1885 4047 ironice:
1950 3986 2071 4064 Ego

432 4071 609 4134 etiam
644 4071 828 4151 prius,
867 4071 1079 4154 inquit,
1101 4073 1340 4154 quando
1371 4092 1608 4137 eramus
1639 4073 1910 4153 ejusdem
1931 4091 2073 4136 sen-

431 4162 656 4242 tentiae,
686 4169 744 4222 et
770 4162 948 4224 eratis
978 4163 1324 4243 studiosi,ut
1355 4183 1450 4226 me
1481 4163 1899 4244 observaretis,
1934 4163 2072 4224 nul-

434 4251 651 4328 lam,ut
679 4251 1134 4326 scitis,vestram
1166 4253 1359 4334 repuli
1395 4252 1885 4332 petitionem,sed
1909 4270 2072 4315 scm-

431 4357 544 4420 per
570 4359 672 4402 vos
703 4340 997 4421 exaudivi,
1035 4349 1092 4402 et
1123 4349 1186 4401 ut
1218 4350 1382 4420 pater
1431 4339 1714 4417 ﬁliorum,
1773 4341 1856 4402 sic
1889 4341 2070 4403 vestri

431 4446 635 4490 curam
657 4430 842 4508 gessi.
875 4429 1030 4501 Quin
1054 4429 1226 4490 etiam
1262 4448 1418 4490 nunc
1450 4448 1710 4512 quoque,
1736 4430 1848 4492 etsi
1879 4430 1938 4492 in
1973 4451 2070 4512 pa-

433 4518 581 4578 trios
610 4517 755 4579 deos
777 4517 967 4598 impii,
991 4517 1130 4579 etin
1161 4536 1270 4580 nos
1297 4519 1571 4581 inﬁdeles
1601 4521 1972 4596 exstiteritis,
1999 4541 2073 4583 ne

2153 3357 2358 3425 λάσσης
2403 3357 2684 3420 ἐκέλευσας
2723 3377 2738 3430 ;
2774 3359 2877 3412 Σὺν
2909 3359 3052 3431 αὖτῷ
3099 3360 3189 3413 οὗν
3241 3361 3327 3415 καὶ
3375 3359 3544 3433 ἡμεῖς
3579 3359 3793 3420 ἑαυτοὺς

2154 3447 2558 3526 ἐμπαρέχομεν,
2612 3444 2853 3522 δεόμενοι
2905 3449 2995 3503 τὸν
3027 3447 3147 3503 ἴσον
3193 3446 3377 3520 ἐκείνῳ
3407 3448 3631 3504 θάνατον
3659 3449 3792 3504 ὑπο·

2153 3541 2363 3605 στῆναι.
2409 3537 2733 3612 Πιστεύομεν
2764 3537 2864 3615 γὰρ
2907 3538 2978 3600 ὡς
3029 3538 3055 3591 ὁ
3087 3535 3362 3614 Ἀῤῥιανοῦ
3396 3539 3522 3598 Θεὸς
3581 3539 3608 3592 ὁ
3665 3540 3794 3593 τοῦ-

2150 3648 2242 3682 τον
2287 3626 2346 3682 ἐκ
2376 3633 2552 3706 μυχοῦ
2581 3629 2682 3702 γῆς
2717 3627 2804 3681 καὶ
2855 3624 3065 3701 δεσμῶν
3109 3629 3196 3682 καὶ
3251 3625 3406 3683 λίθων
3464 3626 3791 3693 τηλικούτων

2154 3715 2449 3793 ἐξαγαγὼν,
2512 3716 2665 3779 αὐτὸς
2750 3714 2966 3777 δυνατὸς
3037 3713 3184 3771 ἕσται
3241 3716 3452 3779 πάντως
3509 3717 3598 3771 καὶ
3650 3717 3791 3790 ἡμᾶς

2154 3804 2448 3871 ἀναστῆσαι
2478 3806 2564 3860 καὶ
2601 3805 2673 3866 εἷς
2721 3807 2992 3884 κρείττονα
3049 3804 3192 3875 ζωὴν
3237 3806 3325 3862 καὶ
3378 3805 3795 3884 μακαριωτάτην

2155 3894 2468 3972 ἀναγαγεῖν.

2239 3983 2382 4042 ΜΔ’.
2432 3985 2569 4061 Πρὸς
2625 3989 2787 4039 ταῦτα
2827 3983 2962 4059 μετᾶ
3017 3982 3224 4051 πολλῆς
3268 3983 3472 4047 ἐκεῖνος
3505 3989 3602 4050 τῆς
3649 3985 3795 4061 εἰρω-

2155 4074 2319 4148 νείας,
2369 4065 2510 4151 Ἐγὼ
2566 4075 2654 4129 καὶ
2710 4073 2986 4150 πρότερον,
3038 4073 3218 4154 εἶπεν,
3284 4074 3440 4142 ἡνίκα
3497 4078 3589 4140 τῆς
3634 4075 3796 4140 αὐτῆς

2155 4165 2489 4222 ἐκοινωνεϊτέ
2533 4187 2621 4240 μοι
2671 4165 2895 4243 γνώμης
2945 4166 3037 4220 καὶ
3099 4167 3216 4245 περὶ
3273 4166 3373 4232 τήν
3433 4165 3567 4240 ἐμὴν
3602 4165 3798 4223 ἐσπου-

2155 4254 2336 4326 δάζετε
2385 4255 2668 4333 θεραπείαν
2705 4301 2721 4328 ,
2785 4258 2878 4311 οὒκ
2947 4253 3192 4332 ἀγνοεῖτε
3275 4257 3480 4320 πάντως
3551 4257 3625 4320 ὡς
3686 4253 3797 4311 οῦδὲ

2155 4346 2277 4420 μίαν
2335 4346 2441 4399 τῶν
2491 4343 2756 4422 ὑμετέρων
2801 4341 3078 4419 διωσάμην
3128 4346 3422 4418 αἰτήσεων,
3485 4341 3606 4400 ἀλλ’
3667 4343 3796 4410 ἐπή-

2154 4455 2280 4490 κοον
2333 4434 2562 4503 ἐμαυτὸν
2605 4432 2684 4488 ἀεὶ
2729 4446 2996 4512 παρεῖχον
3028 4434 3155 4506 ὑμῖν
3186 4435 3274 4490 καὶ
3331 4433 3509 4512 ὥσπερ
3552 4455 3634 4496 τις
3686 4456 3792 4489 πα-

2155 4525 2254 4602 τὴρ
2296 4519 2494 4578 παίδων
2545 4522 2781 4600 γνησίων
2853 4521 2988 4577 οὕτω
3044 4522 3405 4602 περιειχόμην
3462 4524 3592 4598 ὑμῖν
3632 4539 3645 4552 ”
3707 4523 3796 4578 καὶ

433 4606 525 4669 sic
541 4605 780 4687 quidem
804 4625 906 4668 vos
928 4606 1364 4687 repellam.Sed
1401 4609 1678 4690 quoniam
1711 4610 1888 4671 sititis
1904 4629 2067 4672 eam-

2157 4621 2243 4668 νὺν
2301 4609 2354 4667 δὲ
2414 4608 2625 4672 ἀσεϐεῖς
2675 4633 2733 4667 τε
2803 4613 2920 4689 περὶ
2974 4613 3091 4676 τοὺς
3173 4613 3442 4690 πατρῴους
3504 4613 3653 4676 θεοὺς
3709 4611 3795 4667 καὶ

434 4681 578 4757 deni
595 4703 871 4774 mortem,
900 4681 1076 4776 quam
1132 4681 1440 4775 Arrianus,
1501 4717 1612 4778 ego
1667 4717 1796 4760 eam
1833 4717 2067 4780 quoque

2156 4703 2273 4781 περὶ
2327 4701 2468 4776 τημᾶς
2530 4700 2777 4765 ἀπίστους
2838 4681 3196 4777 ἀναφανέντας
3255 4681 3367 4758 οὐδὲ
3433 4700 3601 4766 οὕτως
3659 4703 3792 4778 ὑμᾶς

431 4783 598 4846 vobis
622 4785 947 4847 concedam
979 4785 1400 4850 libentissime.
1441 4789 1817 4868 Theotychus
1847 4797 2070 4868 autem,

432 4873 537 4956 qui
567 4881 694 4936 erat
721 4875 950 4959 primus
974 4875 1554 4958 illorum,excipiens
1589 4894 1603 4936 :
1641 4877 1821 4954 Deus,
1855 4877 2069 4955 inquit,

431 4982 467 5027 ο
490 4965 920 5046 imperator,ad
952 4984 1127 5047 quem
1158 4966 1572 5046 migramus,et
1600 4966 1660 5027 in
1684 4986 1862 5047 quem
1888 4967 2072 5029 resol-

425 5053 666 5117 vimur:
701 5053 801 5136 qui
832 5053 1006 5116 nobis
1056 5074 1273 5118 nomen
1313 5054 1564 5137 praebuit
1602 5055 1982 5137 admirabile,
2015 5063 2074 5118 et

430 5143 528 5205 cui
561 5143 779 5225 placuit
807 5152 872 5206 ut
900 5162 1008 5206 nos
1039 5153 1287 5206 mortem
1313 5162 1418 5223 pro
1459 5164 1528 5206 eo
1551 5144 1916 5226 subiremus,
1944 5145 2074 5226 ipse

429 5239 491 5294 te
521 5233 1003 5296 remunerabitur
1037 5252 1142 5314 pro
1171 5233 1401 5295 meritis
1428 5245 1543 5298 tua:
1572 5234 1633 5296 in
1656 5253 1768 5297 nos
1800 5235 2072 5296 alfectio-

427 5321 526 5384 nis
559 5340 572 5382 :
609 5323 715 5385 sed
748 5323 795 5384 si
826 5323 940 5384 hoc
971 5341 1206 5404 quoque
1229 5342 1262 5384 a
1286 5333 1342 5386 te
1361 5331 1553 5404 potest
1574 5323 1908 5406 impetrari,
1931 5342 2072 5404 rogo

429 5417 512 5491 te,
547 5430 580 5472 ο
610 5411 956 5492 imperator,
992 5419 1054 5472 ut
1084 5430 1246 5473 meas
1276 5412 1588 5475 facultates
1635 5414 1807 5476 liceat
1835 5413 1894 5474 in
1929 5413 2074 5474 duas

430 5507 629 5580 partes
652 5500 1007 5582 dividere,et
1032 5519 1150 5562 una
1167 5500 1406 5582 quidem
1434 5520 1571 5582 pars
1593 5503 1741 5564 aulae
1763 5521 2074 5565 consecre-

424 5595 527 5676 tur
554 5591 759 5674 regiae,
791 5589 981 5654 altera
1001 5609 1142 5654 vero
1176 5587 1567 5656 distribuatur
1587 5592 1869 5676 orphanis
1891 5599 1949 5655 et
1983 5591 2070 5654 vi-

2156 4791 2468 4866 ἀπώσομαι,
2529 4787 2679 4846 Ἀλλ’
2725 4789 2838 4846 ἐπεὶ
2910 4791 3001 4846 τὸν
3075 4790 3233 4846 αὐτὸν
3285 4791 3540 4868 Ἀρριανῷ
3611 4789 3792 4866 διψᾶτε

2155 4881 2401 4951 θάνατον,
2448 4879 2556 4956 ἐγὼ
2603 4880 2694 4935 καὶ
2743 4886 2897 4936 τοῦτο
2955 4881 3085 4956 ὑμῖν
3145 4881 3513 4958 προθυμότατα
3567 4887 3791 4960 χαριοῦ-

2157 4993 2271 5047 μαι.
2327 4969 2590 5048 Θεότυχος
2637 4967 2690 5023 δὲ
2735 4970 2762 5024 ὃ
2819 4969 3027 5048 πρῶτος
3089 4969 3298 5027 ἐκείνων
3361 4967 3670 5045 ὑπολαϐὼν,
3734 4969 3794 5026 Ὀ

2158 5061 2310 5134 Θεὸς,
2346 5059 2525 5132 εἶπεν,
2555 5063 2601 5113 ὦ
2631 5057 2871 5138 βασιλεῦ,
2919 5059 3047 5136 πρὸς
3091 5060 3150 5114 ’ὃν
3181 5057 3513 5135 ἐκδημοῦμεν
3571 5059 3664 5115 καί
3725 5059 3797 5121 εἷς

2155 5149 2214 5203 ὃν
2253 5146 2568 5222 ἂναλόομεν,
2618 5148 2646 5202 ὃ
2697 5148 2758 5203 τὸ
2811 5148 3115 5223 θαυμαστὸν
3145 5149 3282 5224 ἡμῖν
3311 5148 3796 5227 περιποιησάμενος

2157 5237 2326 5313 ὄνομα
2374 5237 2464 5294 καὶ
2515 5237 2605 5292 τὸν
2634 5235 2764 5316 ὑπὲρ
2825 5238 2982 5294 αὐτοῦ
3040 5235 3326 5308 εὐδοκήσας
3377 5235 3599 5294 θάνατον
3655 5239 3794 5313 ἡμᾶς

2155 5329 2473 5406 ὑποστῆναι,
2536 5327 2692 5390 αὐτός
2752 5347 2810 5381 σε
2861 5331 2959 5393 τῆς
3006 5328 3136 5405 πρὸς
3188 5329 3330 5402 ἡμᾶς
3383 5325 3538 5392 ἀξίως
3567 5326 3798 5402 ἀμείψε-

2157 5439 2246 5474 ται
2307 5415 2608 5479 διαθὲσεως.
2644 5415 2791 5483 Πλὴν
2825 5414 2876 5471 εἴ
2925 5438 3006 5480 τις
3036 5418 3124 5472 καὶ
3177 5417 3318 5493 παρὰ
3368 5415 3566 5473 τοιοῦδε
3612 5418 3797 5496 χάρις,

2156 5507 2264 5586 ἐγὼ
2293 5507 2380 5562 καὶ
2407 5506 2564 5562 τοῦτό
2621 5527 2714 5563 σου
2771 5503 2978 5585 δέομαι,
3038 5504 3278 5581 βασιλεῦ,
3311 5505 3447 5563 ὥστε
3494 5507 3592 5574 τὴν
3621 5507 3797 5563 οὐσίαν

2155 5597 2253 5665 τὴν
2286 5595 2424 5674 ἐμὴν
2469 5596 2676 5676 ἐφεῖναι
2736 5594 2846 5652 δυσὶ
2896 5597 3102 5676 μοίραις
3155 5594 3495 5675 διαιρεθῆνοι,
3544 5599 3640 5654 καὶ
3698 5597 3796 5667 τὴν
