4028 6138
275 233 384 319 557'
1218 249 1692 320 MARTYRIUM
1737 252 1794 315 s.
1855 253 2144 318 THYRSI
2191 259 2288 322 ET
2332 253 2734 323 SOCIORUM.
3543 270 3660 337 558

279 389 371 464 μὲν
427 387 749 456 ἀνατεθῆναι
779 394 857 462 τῷ
911 388 1170 465 ϐασιλικῷ
1211 389 1455 464 ταμιείῳ,
1493 386 1593 455 τῆν
1639 384 1692 442 δὲ
1751 387 1920 466 ὀρφα-

2029 384 2165 452 luis.
2201 393 2348 454 Cum
2383 393 2511 474 ipse
2541 399 2741 455 autem
2787 391 2979 455 adhuc
3015 393 3188 474 plura
3216 396 3397 459 vellet
3425 399 3650 478 dicere,

286 477 396 540 νοῖς
469 477 564 533 καΐ
629 480 831 558 χήραις
903 477 1230 546 διαδοθῆναι.
1289 477 1418 535 "En
1466 475 1520 532 δὲ
1553 475 1710 531 αὐτοῦ
1765 475 1941 554 λέγειν

2029 480 2122 568 qui
2147 490 2316 543 erant
2331 501 2462 544 cum
2488 502 2558 545 eo
2585 483 3041 558 tres,dixerunt:
3067 485 3272 546 Frater
3291 475 3650 568 Theotyche,

288 566 612 644 ὡρμημένου
692 571 740 624 οἱ
798 569 889 624 σὺν
948 569 1089 644 αύτῷ
1163 581 1335 648 τρεῖς,
1399 563 1617 645 Ἀδελφὲ
1679 566 1937 643 Θεότυχε,

2029 567 2230 630 harum
2257 571 2500 648 quidem
2530 590 2727 632 rerum
2752 590 2952 634 curam
2973 573 3382 656 relinquamus
3400 563 3658 660 Deo,qui

289 658 468 736 εἶπον,
527 657 627 725 τὴν
693 658 789 732 μὲν
847 659 1045 714 τούτων
1090 658 1332 738 φρόνοιαν
1389 663 1467 730 τῷ
1524 659 1778 736 φροτιστῇ
1833 659 1938 710 τῶν

2029 671 2187 719 curat
2209 678 2306 721 res
2330 668 2564 722 nostras
2589 679 2602 720 :
2628 664 2684 721 in
2713 663 3030 742 praesentia
3051 681 3190 725 vero
3211 683 3320 726 nos
3344 665 3532 727 nostri
3555 657 3662 730 de-

291 745 556 824 ἧμετὲρων
607 746 885 822 ἀναθῶμεν
935 755 1071 822 Θεῷ’
1123 749 1183 804 τὸ
1215 745 1268 802 δὲ
1326 756 1412 806 νῦν
1441 745 1568 825 ἕλον
1611 746 1704 801 τοῦ
1747 743 1936 800 οἰκείου

2029 764 2220 808 cessus
2244 766 2443 809 curam
2467 753 3024 832 geramusPropter
3045 772 3181 830 quae
3201 751 3300 813 diu
3313 753 3659 832 cogitabun-

285 834 464 898 τέλους
537 835 686 892 αὐτοὶ
751 841 1143 914 φροντίσωμεν,
1214 834 1333 914 Ἐφ’
1390 837 1474 896 οἷς
1557 831 1641 888 ἐπὶ
1697 831 1933 893 συννοίας

2029 834 2128 896 ius
2158 839 2313 899 stetit
2348 837 2769 915 Diocletianus,
2799 847 2862 901 ut
2891 831 2990 921 qui
3035 841 3341 904 videretur
3369 831 3655 906 admirari

283 923 408 989 ἔστη
471 923 639 1003 μέχρι
671 923 802 980 πολ)
816 927 874 981 οὗ
935 924 1337 997 Διοκλητιανὸς,
1370 923 1557 983 ἐοικὼς
1589 927 1692 978 τῶν
1735 917 1934 997 ἀνδρῶν

2029 942 2224 987 eorum
2249 927 2308 988 in
2354 935 2542 990 morte
2583 917 3021 992 contemnenda
3063 949 3338 1010 magnum
3371 941 3428 994 et
3448 935 3656 997 excel-

283 1013 564 1088 θαυμάζειν
596 1015 656 1069 τὸ
699 1016 832 1092 πρὸς
885 1016 976 1070 τὸν
1033 1015 1254 1072 θάνατον
1311 1012 1544 1092 εὔψυχόν
1601 1032 1657 1067 τε
1715 1010 1802 1067 καὶ
1833 1031 1930 1084 με’
2015 1031 2146 1076 sum
2181 1017 2474 1078 animum.

283 1100 641 1179 γαλότολμον.

361 1180 501 1262 κε’,
539 1190 688 1248 Οὕτω
714 1189 769 1248 δὲ
819 1192 976 1248 αὐτὸν
1037 1193 1064 1245 ὁ
1119 1204 1363 1270 γενναῖος
1425 1188 1694 1269 Ἀῤῥιανδς
1735 1189 1933 1269 ἔχοντα

284 1283 634 1355 θεασάμενος,
693 1280 861 1337 Ἀλλὰ
919 1281 996 1355 μὴ
1056 1281 1131 1337 ἔτι
1191 1279 1408 1357 βούλου,
1453 1281 1632 1358 φησὶν,
1681 1278 1934 1356 παρατεί-

2029 1279 2218 1343 rianus
2253 1302 2266 1343 :
2302 1281 2416 1345 Sed
2453 1283 2595 1364 noli,
2648 1284 2862 1361 inquit,
2914 1304 2948 1346 ο
3000 1285 3350 1368 imperator,
3385 1301 3649 1355 nostram

285 1391 388 1425 νειν
448 1371 589 1444 ἡμῖν
629 1370 728 1436 τὴν
789 1370 1092 1447 μετάθεσιν,
1152 1369 1387 1445 βασιλεῦ’
1441 1369 1586 1448 τάχα
1630 1369 1728 1447 γὰρ
1771 1371 1933 1442 μεθο-

2029 1371 2276 1452 amplius
2306 1371 2542 1433 differre
2568 1375 2978 1453 migrationem
3009 1394 3026 1450 ;
3058 1375 3307 1439 fortasse
3326 1380 3485 1440 enim
3518 1391 3657 1445 sunt

287 1459 392 1514 δεία
451 1460 543 1516 καὶ
587 1469 741 1517 τοῦτο
793 1466 884 1516 τοῦ
927 1468 1159 1532 πονηροῦ
1203 1457 1339 1514 ὥστε
1387 1459 1477 1513 τὸν
1507 1463 1605 1524 τῆς
1663 1456 1934 1526 ἀθλήσεως

2029 1460 2113 1521 hae
2144 1461 2385 1538 maligni
2416 1461 2669 1536 insidiae,
2704 1470 2765 1523 ut
2788 1463 2958 1524 nobis
2988 1464 3381 1546 interrumpat
3411 1486 3652 1532 cursum

284 1550 419 1621 ἡμῖν
496 1548 752 1623 ἐπικόψαι
825 1546 1041 1626 δρόμον,
1105 1546 1358 1604 Ἐνταῦθα
1417 1548 1514 1614 τὴν
1578 1553 1684 1604 τῶν
1737 1545 1936 1625 ἀνδρῶν

2029 1548 2636 1620 decertationis.Tunc
2655 1570 2786 1613 cum
2813 1551 2886 1612 de
2910 1571 3116 1614 eorum
3139 1545 3463 1618 mutatione
3482 1576 3652 1638 spem

283 1635 590 1711 μεταϐολὴν
667 1637 1048 1704 Διοκλητιανὸς
1123 1637 1456 1693 παντάπασιν
1527 1636 1809 1714 ἀπογνους,
1854 1637 1937 1692 καὶ

2029 1657 2257 1701 omnem
2281 1638 2596 1728 abjecisset
2616 1639 3215 1723 Diocletianus,jubet
3232 1643 3380 1706 alios
3402 1635 3659 1728 quatuor

283 1726 495 1804 ἐτέρους
555 1726 692 1802 μετᾶ
764 1727 986 1801 ψάμμου
1041 1725 1300 1803 τέσσαρας
1371 1724 1652 1804 ἐνεχθῆναι
1711 1725 1934 1788 σάκκους

2029 1745 2223 1789 saccos
2249 1727 2446 1789 afferri
2475 1747 2606 1790 cum
2640 1739 2909 1812 arena,et
2939 1731 3196 1794 similem
3216 1724 3468 1797 Arriano
3489 1755 3655 1799 mor-

2095 1191 2263 1254 XLV.
2299 1195 2440 1255 Cum
2467 1213 2602 1256 eum
2624 1202 2818 1257 autem
2842 1195 2929 1257 sic
2964 1196 3208 1259 vidisset
3229 1201 3506 1264 effectum
3537 1204 3650 1265 Ar-

280 1814 512 1890 κελεύει,
559 1817 649 1871 καὶ
714 1817 805 1871 τὸν
857 1813 1042 1889 ὅμοιον
1095 1813 1354 1892 Ἀρῤιανῲ
1394 1815 1616 1870 θάνατον
1675 1815 1762 1870 καὶ
1817 1814 1936 1876 τοὺς

278 1905 657 1980 προτέκτωρας
712 1903 1030 1982 ὒποστῆναι,
1079 1904 1242 1979 μέρας
1301 1903 1438 1960 οὕτω
1511 1902 1775 1977 Φιλήμονι
1837 1907 1936 1972 τῆς

277 1993 622 2072 προρρήσεως
698 1993 1010 2070 δεξαμένης,
1093 1986 1368 2074 Ῥιφέντων
1439 1993 1493 2048 δὲ
1552 1993 1720 2049 αὔτῶν
1803 1993 1938 2048 κατὰ

278 2089 378 2150 τῆς
453 2082 758 2163 θαλάσσης,
808 2084 991 2140 αὐτίκα
1063 2081 1235 2162 δελφὶς
1308 2081 1609 2152 προσελθὼν
1689 2082 1938 2159 κρείττων

277 2173 312 2240 ἢ
375 2173 517 2228 κατὰ
555 2171 774 2251 δελφῖνα
826 2173 913 2228 καὶ
941 2172 1039 2240 τὴν
1097 2173 1253 2251 ἰσχὺν
1287 2173 1371 2228 καὶ
1413 2173 1475 2228 τὸ
1505 2171 1724 2250 μέγεθος
1785 2171 1938 2237 κήτει

279 2263 345 2318 τὰ
413 2260 591 2318 πολλὰ
649 2259 1022 2339 παραπλήσιος
1070 2260 1163 2318 καὶ
1206 2262 1303 2329 τὴν
1350 2261 1500 2341 φύσιν
1532 2266 1648 2325 οἷος
1706 2257 1938 2316 ἀλλόκο-

283 2374 378 2414 τος
443 2352 566 2414 τοὺς
623 2350 781 2407 πέντε
853 2353 984 2425 ὁμοῦ
1041 2349 1344 2429 παραδόξως
1409 2351 1634 2413 σάκκους
1693 2349 1777 2406 ἐπὶ
1831 2349 1937 2406 τῶν

298 2439 484 2496 νώτων
545 2439 792 2520 ἀσφαλῶς
833 2440 1156 2514 ἐπωμίζεται
1211 2441 1300 2496 καὶ
1369 2441 1461 2497 οἷά
1508 2463 1589 2504 τις
1637 2447 1758 2503 ναῦς
1805 2439 1937 2519 φόρ-

294 2550 390 2586 τον
423 2530 494 2587 εἰς
554 2526 941 2608 Ἀλεξάνδρειαν
971 2527 1113 2608 ἄγει.
1148 2531 1207 2586 Οἱ
1265 2528 1319 2584 δὲ
1379 2527 1560 2592 παίδες
1619 2528 1940 2608 (ἐτύγχανον

292 2619 397 2694 γὰρ
470 2618 602 2695 πρὸς
663 2619 805 2691 αὒτῷ
847 2617 925 2673 ἔτι
983 2625 1060 2693 τῷ
1124 2617 1346 2695 αἰγιαλῷ
1416 2617 1807 2696 περιμένοντες,
1866 2619 1940 2681 ὡς

285 2707 478 2770 αὐτοῖς
549 2707 651 2762 ὑπὸ
719 2706 993 2785 Ἀρῤιανοῦ
1072 2705 1163 2773 εἴη
1235 2706 1617 2786 προειρημένον
1687 2707 1782 2762 καῖ
1842 2728 1939 2777 την

285 2796 430 2874 ὥραν
507 2793 859 2873 φυλάττοντες
915 2794 1200 2877 ἀκριϐῶς),
1234 2796 1345 2852 ἐπεὶ
1402 2798 1492 2852 τὸν
1543 2794 1762 2876 δελφῖνα
1806 2796 1941 2870 μετὰ

284 2894 379 2942 τοῦ
434 2886 635 2962 φόρτου
686 2885 990 2961 θεάσαιντο,
1043 2885 1430 2955 ἐκπλήττονται
1489 2884 1582 2958 μὲν
1637 2888 1732 2940 καὶ
1784 2888 1942 2942 αὗτοῦ

284 2975 385 3040 τὴν
445 2972 772 3050 ὑπερϐολὴν,
807 2971 952 3030 οὐδὲν
1001 2972 1054 3029 δὲ
1099 2977 1260 3040 ἧττον
1318 2974 1414 3029 καὶ
1444 2975 1538 3039 τὴν
1590 2973 1697 3029 τῶν
1731 2972 1940 3028 σάκκων

290 3061 564 3140 ἀσφαλείᾳ
621 3061 976 3140 παραγωγὴν,
1009 3062 1144 3119 ὥστε
1197 3061 1397 3132 μηδένα
1449 3063 1553 3118 τῶν
1585 3061 1766 3118 νώτων
1821 3059 1941 3116 δια-

2018 1823 2136 1877 tem
2168 1816 2367 1878 subire
2397 1826 2852 1897 protectores,et
2874 1821 2958 1882 sic
2986 1821 3059 1882 ad
3092 1821 3367 1883 effectum
3400 1823 3660 1888 deducta

2021 1913 2111 1966 est
2141 1904 2447 1995 praedictio
2480 1906 3032 1990 Philemonis.lpsis
3062 1928 3200 1972 vero
3235 1911 3294 1972 in
3333 1930 3495 1976 mare
3525 1933 3659 1995 pro-

2012 1994 2212 2085 jectis,
2273 1995 2472 2085 statim
2502 1997 2824 2085 accedens
2855 1998 3197 2081 delphinus,
3246 2002 3435 2081 major
3478 1994 3657 2085 quam

2021 2083 2208 2144 soleat
2259 2102 2392 2144 esse
2421 2083 2762 2165 delphinus,
2796 2093 2854 2147 et
2885 2087 3105 2150 robore
3134 2097 3194 2151 et
3226 2083 3654 2172 magnitudine,

2024 2180 2082 2234 et
2108 2181 2240 2233 ceto
2274 2190 2483 2251 magna
2532 2191 2599 2234 ex
2661 2183 2826 2254 parte
2870 2176 3104 2252 similis,
3161 2186 3220 2239 et
3248 2190 3456 2242 natura
3489 2181 3662 2261 plane

2022 2261 2220 2323 aliena
2241 2261 2957 2343 etadmiranda,quinque
2981 2265 3158 2326 simul
3180 2285 3386 2330 saccos
3406 2269 3662 2331 admira-

2022 2348 2223 2412 biliter
2251 2368 2460 2412 secure
2495 2351 2608 2438 fert
2657 2352 2947 2424 humeris,
2985 2361 3041 2414 et
3073 2360 3352 2435 tanquam
3387 2359 3659 2438 quaedam

2024 2439 2210 2515 navis,
2247 2457 2397 2500 onus
2429 2437 2588 2501 vehit
2612 2440 3053 2504 Alexandriam.
3092 2444 3270 2504 Pueri
3302 2437 3498 2506 autem
3532 2454 3661 2523 (ex-

2023 2529 2370 2608 spectabant
2399 2528 2556 2588 enim
2595 2529 2788 2590 adhuc
2816 2531 2876 2590 in
2910 2531 3038 2610 ipso
3071 2530 3361 2606 littore,ut
3387 2534 3473 2594 eis
3502 2552 3660 2614 prae-

2023 2618 2242 2678 dictum
2276 2616 2466 2679 fuerat
2503 2615 2576 2678 ab
2611 2619 2884 2692 Arriano,
2918 2628 2977 2681 et
3002 2619 3206 2681 horam
3239 2630 3514 2684 accurate
3546 2622 3657 2685 ob-

2022 2705 2360 2785 servabant)
2417 2716 2726 2786 postquam
2787 2707 3134 2788 delphinum
3201 2709 3476 2772 vidcrunt
3526 2731 3660 2774 cum

2025 2814 2229 2870 onere,
2289 2804 2527 2876 stupent
2581 2797 2826 2874 quidem
2879 2795 3066 2876 ipsius
3131 2800 3655 2879 magnitudinem:

2024 2885 2409 2946 nihilominus
2435 2903 2593 2960 vero,
2629 2885 2783 2966 quod
2806 2886 2962 2948 sacci
2993 2907 3228 2970 quoque
3260 2897 3379 2951 tuto
3412 2889 3664 2952 fuissent

2025 2973 2285 3047 adducti,
2324 2974 2471 3034 adeo
2503 2986 2565 3035 ut
2616 2975 2668 3036 ei
2720 2975 2924 3038 nullus
2969 2977 3212 3040 cederet
3267 2997 3334 3040 ex
3369 2980 3661 3062 humeris,

2026 3081 2158 3124 cum
2185 3071 2392 3124 natura
2425 3070 2625 3124 essent
2663 3062 2840 3125 laeves
2885 3074 2944 3125 et
2975 3063 3211 3127 lubrici.
3247 3065 3664 3130 Dubitantibus

285 3165 476 3208 πεσεῖν
539 3150 697 3207 λείων
727 3153 877 3230 φῦσει
921 3152 1007 3207 καὶ
1049 3151 1342 3230 ὀλισθηρῶν
1397 3151 1771 3230 ὑπαρχόντων,
1810 3159 1941 3206 Δια-

2029 3160 2220 3214 autem
2274 3151 2496 3231 pueris,
2547 3152 3046 3232 quemadmodum
3101 3155 3377 3217 dominus
3418 3157 3661 3238 quidem

283 3243 655 3319 πορουμένους
714 3239 770 3296 δὲ
827 3254 948 3304 τοῖς
1004 3242 1180 3298 παισὶν
1241 3241 1384 3306 ὅπως
1427 3243 1454 3297 ὁ
1528 3241 1625 3315 μὲν
1680 3237 1943 3307 δεσπότης

285 3335 470 3393 αὐτοῖς
554 3329 829 3408 Ἀῤῥιανὸς
889 3331 1006 3409 περῖ
1084 3331 1331 3406 σώματος
1391 3330 1555 3406 μόνου
1611 3337 1703 3386 τοῦ
1760 3331 1944 3386 ἑαυτοῦ

286 3423 383 3489 τὴν
441 3421 546 3476 ὑπὸ
617 3427 709 3475 τοῦ
767 3418 1010 3500 δελφῖνος
1071 3419 1432 3496 μετακομιδὴν
1491 3418 1701 3496 εἴρηκε,
1759 3426 1846 3476 νῦν
1888 3418 1942 3475 δὲ

288 3510 522 3588 τέσσαρα
583 3510 670 3564 καὶ
728 3507 863 3567 ἄλλα
921 3511 1052 3588 πρὸς
1123 3511 1264 3583 αὑτῷ
1321 3508 1592 3585 βλέπουσι,
1640 3510 1788 3587 φωνή
1860 3531 1940 3571 τις

293 3599 478 3663 αὖτοῖς
557 3598 781 3664 ἠκούετο
838 3597 1095 3674 θειοτέρα,
1156 3597 1375 3655 Ἐλθετε
1447 3599 1621 3673 δμετς,
1689 3596 1940 3675 λέγουσα,

2025 3240 2313 3303 Arrianus
2342 3241 2416 3302 de
2446 3241 2571 3302 solo
2601 3259 2709 3302 suo
2742 3260 2992 3323 corpore
3024 3244 3270 3305 dixisset
3321 3245 3470 3318 fore,
3506 3255 3566 3307 ut
3600 3247 3659 3308 id

2025 3337 2440 3410 apportaretur
2469 3347 2500 3389 a
2533 3328 2841 3410 delphino,
2876 3351 3034 3393 nunc
3057 3351 3196 3394 vero
3223 3343 3436 3414 praeter
3466 3333 3663 3415 ipsum

2026 3418 2229 3480 vident
2258 3419 2370 3480 alia
2400 3426 2676 3500 quatuor,
2713 3439 2822 3480 vox
2884 3421 3151 3501 quaedam
3181 3422 3440 3483 divinior
3468 3424 3543 3485 ab
3578 3423 3666 3485 eis

2027 3517 2119 3570 est
2147 3509 2346 3570 audita
2379 3524 2393 3566 :
2427 3506 2640 3569 Venite
2673 3527 2798 3584 vos,
2825 3509 3053 3583 dicens,
3114 3519 3172 3571 et
3202 3511 3429 3572 domini
3462 3513 3662 3586 vestri,

2027 3606 2085 3659 et
2113 3605 2515 3678 protectorum
2547 3599 2850 3676 accepturi
2884 3598 3276 3679 corpora.Qui
3309 3599 3467 3660 enim
3498 3599 3664 3659 illum

295 3690 381 3745 καὶ
425 3690 588 3745 αὒτοῦ
639 3709 697 3744 τε
755 3695 845 3745 τοῦ
876 3686 1130 3745 δεσπότου
1181 3690 1263 3744 καὶ
1323 3689 1388 3744 τὰ
1417 3690 1521 3745 τῶν
1565 3690 1942 3766 προτεκτώρων

2029 3687 2102 3748 ad
2130 3704 2296 3747 suam
2330 3685 2504 3746 vitam
2561 3687 2842 3760 evocavit,
2878 3706 2980 3748 eos
3011 3706 3248 3766 quoque
3277 3693 3504 3749 vocavit
3532 3706 3665 3749 cum

296 3778 642 3854 κομιούμενοι
688 3778 933 3852 σώματα.
985 3769 1042 3834 Ὀ
1099 3778 1200 3857 γὰρ
1250 3778 1456 3835 ἐκεῖνον
1515 3779 1586 3840 εἷς
1617 3778 1715 3845 τὴν
1763 3777 1942 3834 ἑαυτοῦ

2033 3795 2103 3838 eo
2128 3775 2422 3838 similiter.
2458 3775 2604 3837 Cum
2659 3793 2728 3837 ea
2784 3793 2923 3854 ergo
2956 3776 3325 3856 acceperitis,
3361 3795 3496 3839 cum
3543 3778 3665 3838 As-

298 3868 444 3938 ζωὴν
503 3865 1028 3942 μετακαλεσάμενος,
1061 3867 1148 3923 καὶ
1187 3872 1396 3931 τούτους
1449 3868 1642 3942 ὁμοίως
1674 3867 1763 3923 σὺν
1809 3866 1942 3941 αὒτῷ

2033 3865 2124 3928 cla
2155 3873 2212 3927 et
2241 3864 2506 3927 Leonida
2528 3864 2851 3927 honoriﬁce
2880 3858 3186 3946 deponite.
3209 3865 3279 3927 Et
3305 3865 3392 3928 sic
3424 3865 3664 3948 quidem

298 3955 559 4022 κέκληκε,
613 3952 872 4017 Λαϐόντες
904 3954 992 4011 οὖν
1049 3962 1214 4012 ταῦτα
1243 3955 1378 4030 μετὰ
1429 3954 1630 4012 Ἀσκ)ἆ
1659 3957 1744 4012 καὶ
1796 3961 1948 4012 Λεω-
2032 3974 2166 4018 vox.

301 4045 441 4102 νίδου
473 4044 699 4119 ἐντίμως
743 4045 1050 4108 κατάθεσθε,
1086 4046 1193 4102 Καὶ
1220 4046 1254 4112 ἡ
1287 4045 1384 4120 μὲν
1427 4045 1577 4123 φωνὴ
1608 4045 1796 4109 οὕτως,

373 4124 537 4207 mg".
597 4125 656 4191 Ὀ
690 4133 871 4209 μέντοι
924 4131 1099 4213 δελφὶς
1155 4134 1275 4196 τοὺς
1334 4131 1562 4198 σάκκους
1594 4141 1669 4207 τῷ
1726 4133 1942 4214 αἰγιαλῴ

2030 4214 2042 4216 _
2112 4133 2656 4214 XLVLDelphinus
2680 4141 2873 4195 autem
2899 4153 3033 4196 cum
3058 4152 3264 4196 saccos
3299 4134 3589 4216 posuisset
3612 4133 3673 4197 in

291 4224 546 4302 παραθεὶς
580 4222 714 4279 εἵσω
750 4222 1016 4290 θαλάττης
1046 4221 1207 4280 πάλιν
1252 4225 1410 4287 αὐτὸς
1447 4222 1754 4303 ἐξενήχετο.
1802 4226 1861 4282 Οἱ
1896 4223 1942 4280 δὲ

2029 4214 2250 4299 littore,
2280 4242 2488 4285 rursus
2515 4225 2769 4286 enatavit
2800 4222 2860 4284 in
2916 4241 3102 4286 mare.
3156 4214 3333 4284 Pueri
3363 4242 3502 4286 vero
3536 4243 3672 4285 cum

287 4310 478 4377 παῖδες
511 4309 743 4377 εὐλαϐῶς
774 4312 903 4368 αὐτὰ
932 4310 1240 4388 ἀνελόμενοι
1296 4315 1384 4368 καὶ
1417 4313 1492 4378 εἷς
1521 4311 1713 4369 πλοῖον
1744 4311 1942 4389 ἐμϐάν-

2030 4332 2099 4376 ea
2127 4313 2454 4375 honoriﬁce
2488 4313 2892 4394 sustulissent,
2929 4322 2988 4374 et
3038 4314 3094 4374 in
3137 4331 3346 4374 navem
3379 4312 3670 4374 immisis-

285 4425 375 4465 τες
408 4400 495 4458 διὰ
526 4411 620 4460 τοῦ
649 4411 894 4477 ποταμοῦ
945 4401 1281 4475 ἐκομίζοντο.
1334 4402 1566 4480 Ἡμέρας
1599 4399 1652 4457 δὲ
1683 4416 1826 4482 τρεῖς
1859 4425 1927 4459 κα

2029 4413 2183 4484 sent,
2217 4421 2324 4484 per
2356 4402 2599 4464 ﬂuvium
2638 4402 3121 4482 portabant.Cum
3156 4411 3353 4464 autem
3389 4410 3508 4464 tres
3541 4401 3674 4464 dies

288 4493 386 4555 τὰς
459 4489 585 4554 ἴσας
671 4489 1083 4554 διαπλεύσαντες
1167 4491 1354 4554 νύιιτας
1427 4497 1495 4568 τῇ
1591 4491 1942 4558 Ἀντινοητῶν

2031 4501 2089 4554 et
2112 4467 2356 4555 lo'tiilem
2394 4500 2598 4554 noctes
2621 4467 3513 4573 navigassent,appropinquant
3547 4509 3678 4553 me-

293 4579 559 4658 ἐγγίζουσι
626 4579 1144 4663 μητροπόλτι,ηὲνθα
1187 4580 1272 4636 καὶ
1344 4577 1446 4636 ’έδει
1502 4581 1567 4636 τὰ
1626 4581 1736 4657 ἱερὰ
1787 4582 1942 4637 ταῦτα

2032 4581 2247 4662 tropoli
2275 4581 2863 4657 Antinoetarum,ubi
2899 4579 3209 4663 oportebat
3231 4599 3333 4642 eas
3355 4599 3555 4643 sacras
3577 4580 3678 4642 de-

294 4670 650 4740 κατατεθῆναι
702 4655 1187 4745 λείψανα.’”ἶ“πνου
1233 4668 1286 4726 δὲ
1321 4671 1507 4734 αὐτοὺς
1567 4669 1942 4749 ἐπισχόντοςὴ

2034 4655 2173 4752 poni
2203 4671 2660 4751 reliquias.Cum
2686 4655 2786 4731 eos
2818 4655 2955 4732 vere
2982 4689 3228 4732 somnus
3252 4670 3674 4751 oppressisset,

296 4762 420 4825 ναῦς
477 4761 733 4839 πλήρεσιν
790 4761 973 4825 ἱστίοις
1031 4759 1400 4840 ἐφιπταμάνη,
1430 4759 1550 4817 κατ’
1583 4760 1739 4816 αὒτὸν
1799 4759 1942 4816 έκεῖ-

2035 4761 2200 4824 navis
2225 4760 2417 4840 plenis
2436 4760 2581 4821 velis
2603 4759 3218 4832 advolans,momento
3248 4759 3534 4839 temporis
3566 4767 3682 4820 ste-

298 4872 388 4908 νον
435 4851 530 4906 τὸν
568 4853 733 4907 τόπον
793 4849 846 4905 ἐν
903 4849 1094 4927 ἀκαρεῖ
1137 4848 1289 4924 ἔστη,
1324 4849 1474 4928 φωνή
1533 4869 1589 4904 τε
1645 4847 1953 4928 παραδόξως

298 4940 547 5008 ἠκούετο·
616 4938 904 4997 Θεοδοτίων
935 4941 1112 5019 (τοῦτο
1144 4941 1243 5019 γὰρ
1290 4939 1457 5014 ὄνομα
1500 4936 1672 5014 δήμοο
1723 4944 1800 5011 τῷ
1854 4962 1952 4995 κυ-

300 5026 590 5108 ϐερνήτῃ),
625 5031 772 5092 οὗτός
807 5028 949 5084 ἐστιν
1004 5030 1031 5084 ὃ
1061 5028 1223 5092 τόπος
1273 5027 1328 5094 ὅς
1359 5049 1419 5106 γε
1452 5027 1636 5104 μέλλει
1659 5035 1764 5085 τῶν
1793 5028 1955 5106 ἁγίων

299 5118 644 5198 κληρωθῆναι
689 5119 754 5175 τὰ
787 5119 1034 5193 σώματα.
1100 5116 1378 5184 ’Ἒξυπνος
1411 5119 1498 5174 οὗν
1543 5117 1754 5182 ἐκεῖνος
1797 5117 1955 5196 γενόο

297 5229 457 5282 μενος
506 5209 593 5265 καὶ
649 5208 748 5275 τὴν
805 5209 928 5263 ναῦν
979 5209 1070 5264 οἷα
1129 5206 1505 5282 πεπεδημένην
1562 5208 1747 5287 εὑρὼν,
1807 5207 1950 5268 ἄπο-

298 5295 461 5354 θαίνει
515 5298 616 5375 μὲν
670 5297 762 5354 τοῦ
819 5297 1026 5372 πλοίου,
1074 5297 1230 5376 τάχει
1289 5294 1343 5351 δὲ
1415 5296 1558 5374 παρὰ
1627 5297 1727 5364 τὴν
1792 5295 1946 5352 πόλιν

297 5388 556 5468 χωρήσας
621 5385 866 5463 μηνυτὴς
909 5387 1000 5442 τοῦ
1053 5385 1321 5459 θαύματος
1379 5386 1602 5462 γίνεται.
1654 5383 1760 5441 Καὶ
1818 5381 1947 5461 συρσ

294 5476 496 5557 ῥέουσιν
582 5474 772 5535 αὐτίκα
880 5471 1142 5550 πανδημεὶ
1225 5473 1417 5539 πάντες
1516 5470 1950 5553 λαμπαδηφόροι,

293 5567 721 5654 στεφανηφόροι,
793 5564 961 5627 θείους
1031 5563 1223 5640 ὕμνους
1291 5561 1600 5636 ὒπᾴδοντες.
1669 5563 1766 5621 Καὶ
1818 5562 1957 5620 οὕτω

2039 4851 2108 4912 tit
2136 4851 2196 4911 in
2251 4850 2349 4910 illo
2383 4850 2537 4930 loco,
2573 4857 2629 4911 et
2658 4867 2767 4910 vox
2799 4848 3000 4909 audita
3042 4849 3147 4910 fuit
3199 4846 3674 4909 admirabiliter:

2038 4938 2464 5001 Theodorition
2490 4938 2624 5017 (hoc
2645 4937 2802 4998 enim
2823 4947 2947 4998 erat
2973 4955 3190 4997 nomen
3209 4935 3679 5014 gubernatoris),

2037 5029 2136 5090 hic
2156 5035 2245 5090 est
2265 5026 2562 5106 locus,qui
2589 5034 2678 5086 est
2696 5033 3036 5088 sanctorum
3057 5043 3306 5105 corpora
3337 5023 3678 5086 sortiturus.

2038 5115 2146 5178 Ille
2178 5135 2319 5195 ergo
2351 5116 2669 5188 excitatus,
2703 5131 2838 5174 cum
2884 5113 3204 5174 invenisset
3254 5131 3462 5174 navem
3495 5112 3683 5174 veluti

2035 5205 2296 5268 vinctam
2323 5201 2740 5283 compedibus,
2772 5201 3087 5264 descendit
3109 5201 3362 5283 quidem
3397 5203 3472 5263 de
3501 5220 3676 5264 nave:

2035 5293 2316 5357 celeriter
2345 5299 2542 5354 autem
2578 5290 2880 5372 profectus
2933 5289 2994 5350 in
3027 5289 3359 5366 civitatem,
3393 5289 3686 5368 signiﬁcat

2038 5383 2387 5445 miraculum
2401 5379 2698 5443 .Protinus
2714 5397 2855 5441 vero
2874 5379 3114 5461 publice
3128 5381 3682 5454 conﬂuuntomnes,

2038 5481 2342 5554 gestantes
2374 5470 2680 5552 lampades
2709 5477 2768 5531 et
2792 5487 3063 5545 coronas,
3097 5479 3151 5531 et
3182 5469 3415 5532 divinos
3435 5470 3684 5550 hymnos

2042 5569 2351 5627 canentes.
2386 5561 2462 5624 Et
2515 5578 2650 5624 cum
2687 5559 2773 5621 sic
2805 5576 2904 5622 eas
2949 5559 3236 5640 praclare
3289 5567 3347 5623 et
3375 5559 3686 5640 magniﬁce
