4056 6142
297 343 410 409 561

1461 346 1647 412 VlTA
1692 348 1752 410 S.
1799 342 2090 410 THOM/E
2135 345 2523 412 APOSTOLI.

3566 359 3683 427 562

299 481 476 554 dere,
512 487 569 542 et
597 496 804 542 rursus
824 479 994 542 vadis
1017 479 1196 544 illuc2
1215 489 1244 548 ?
1273 507 1300 538 »
1323 484 1468 547 Cum
1491 491 1686 546 autem
1706 483 1793 546 illi
1827 501 1942 546 non
1964 487 2001 537 A
2027 481 2188 544 cruci
2219 481 2534 544 afﬁxerunt
2564 489 2591 544 ?
2623 482 2732 555 Qui
2789 481 3035 548 Thomae
3069 506 3189 550 non
3227 503 3687 570 persuaserunt,

296 580 548 652 possent
571 571 1084 651 persuadere(non
1100 572 1258 633 enim
1287 574 1594 653 oportebat
1614 574 1942 649 infantiam,

295 679 438 740 qum
459 667 598 721 tunc
626 668 772 736 erat,
803 660 1441 742 discipulorum,morti
1473 682 1644 744 opem
1669 664 1827 726 ferre
1849 664 1945 725 ad-

292 767 507 811 versus
534 749 1042 831 Lazarum,neque
1066 750 1557 831 impedimentum
1583 752 1948 815 liherationis

290 858 373 900 ex
427 839 744 918 sepulcris,
784 840 1016 901 illorum
1050 841 1215 902 cerni
1245 843 1661 920 timiditatem),
1697 851 1858 905 metu
1893 850 1951 904 et

290 927 600 990 desiderio
634 929 932 992 distractis
968 949 1172 991 eorum
1206 933 1952 1006 animis,converlebantur

290 1017 372 1078 ad
427 1019 609 1080 animi
642 1020 1075 1097 aegritudinem.
1115 1019 1230 1083 Sed
1279 1021 1536 1083 Thomas
1569 1032 1840 1104 prompte
1892 1032 1955 1084 et

293 1108 577 1170 alacriter
605 1109 850 1171 solvens
869 1111 1152 1189 apostolis
1179 1111 1516 1174 molestiam
1546 1133 1559 1173 :
1595 1137 1613 1166 ι
1650 1113 1863 1175 Eamus
1891 1121 1948 1174 et

299 1217 437 1274 nos,
475 1199 688 1275 inquit,
727 1211 784 1261 et
842 1199 1168 1262 moriamur
1198 1219 1331 1262 cum
1383 1204 1533 1280 ipso.
1577 1228 1604 1258 ι
1659 1207 1761 1266 Est
1792 1202 1950 1264 enim

300 1289 512 1369 quavis
556 1288 673 1350 vita
710 1289 940 1362 melior,
977 1310 1105 1370 quae
1162 1310 1296 1351 cum
1329 1291 1582 1353 Domino
1635 1292 1948 1372 accipitur,

301 1378 546 1440 occisio.
600 1379 794 1454 Atque
850 1381 975 1440 haec
1008 1379 1246 1460 quidem
1300 1380 1386 1441 sic
1431 1400 1496 1442 se
1542 1381 1859 1455 habebant,
1893 1382 1952 1443 et

297 1467 700 1548 apostolorum
741 1469 972 1529 animos
994 1469 1298 1530 detinebat
1319 1469 1656 1544 admiratio,
1679 1471 1949 1546 cogitan-

304 1565 398 1618 tes
421 1558 814 1638 condiscipuli
839 1558 1142 1620 audaciam
1169 1559 1241 1619 ad
1269 1568 1516 1621 mortem
1553 1559 1946 1620 subeundam.

388 1647 483 1709 1V.
509 1647 627 1708 Sed
650 1667 783 1707 cum
809 1665 949 1708 crux
981 1650 1088 1709 fixa
1114 1648 1343 1720 fuisset,
1368 1658 1424 1709 et
1445 1668 1606 1710 mors
1624 1656 1780 1711 esset
1815 1666 1947 1708 sus-

301 1754 511 1816 pensa,
561 1745 616 1797 et
650 1737 920 1798 infernus
967 1739 1300 1799 traheretur
1327 1739 1609 1815 captivus,
1647 1747 1707 1800 et
1733 1747 1952 1799 mutata

2033 575 2320 648 quomodo
2347 575 2768 644 reputabuntur
2791 575 3080 650 digni,qui
3113 581 3486 641 admittantur
3507 600 3538 644 a
3560 600 3690 657 gen-

2032 659 2228 722 tibus?
2260 657 2386 720 Non
2419 669 2476 720 te
2508 660 2736 738 pudore
2787 661 3080 744 afficiunt,
3112 674 3169 726 et
3189 666 3260 726 ad
3295 666 3471 730 fidem
3500 678 3685 731 attra-

2031 748 2201 824 bunt,
2237 749 2701 830 praecedentium
2728 749 3002 827 ingentes
3021 755 3207 816 turbae
3237 755 3682 822 miraculorum:

2033 839 2305 919 leprosus
2339 838 2690 915 mundatus;
2729 841 3083 921 paralyticus
3114 843 3360 922 integris
3391 848 3690 912 membro-

2031 947 2161 991 rum
2183 927 2566 1008 compagibus
2600 929 2944 1004 restitutus;
2994 950 3186 993 caecus
3215 935 3456 997 videndi
3494 939 3683 1000 facul-

2034 1019 2138 1082 tati
2185 1018 2454 1080 redditus
2491 1039 2507 1095 ;
2543 1036 2750 1079 manus
2805 1026 2995 1081 morte
3027 1022 3259 1098 affecta,
3297 1044 3429 1104 quae
3475 1045 3682 1090 rursus

2032 1109 2138 1170 fuit
2163 1107 2232 1169 ad
2262 1112 2431 1169 vitam
2453 1115 2767 1187 revocata;
2799 1110 3042 1185 ﬂuctus,
3069 1129 3176 1190 per
3206 1131 3354 1193 quos
3384 1115 3683 1180 inceditur

2035 1196 2290 1278 pedibus
2319 1216 2334 1271 ;
2369 1205 2426 1258 et
2455 1197 2705 1287 Lazarus
2737 1198 3078 1277 sepulcrum
3117 1219 3365 1276 exuens,
3400 1212 3675 1287 tanquam

2032 1294 2256 1348 vestem
2298 1288 2325 1347 ?
2378 1286 2699 1375 quomodo,
2737 1287 2906 1365 cujus
2961 1289 3278 1354 admiraris
3311 1286 3534 1374 opera,
3551 1297 3681 1375 ejus

2034 1385 2370 1456 suspectam
2398 1374 2584 1436 habes
2607 1379 3142 1439 resurrectionem?
3163 1379 3290 1441 Non
3318 1383 3518 1444 credat
3541 1374 3678 1447 Cai-

2039 1467 2186 1546 phas
2221 1483 2234 1536 ;
2270 1464 2505 1526 curiose
2536 1473 2831 1525 scrutetur
2857 1464 3252 1549 Nicodamus;
3287 1471 3682 1537 calumnietur

2038 1555 2296 1617 Judaeus.
2323 1554 2438 1616 Cur
2457 1552 2683 1615 dubitat
2699 1553 2957 1615 Thomas
2981 1555 3053 1616 de
3077 1560 3544 1624 resurrectione?
3566 1566 3680 1627 Sed

2037 1651 2242 1706 contra
2268 1643 2592 1723 discipulus
2615 1643 2850 1705 videtur
2870 1643 3071 1706 dicere
3089 1647 3343 1725 justiora
3366 1665 3379 1711 :
3409 1652 3528 1716 Cur
3550 1670 3682 1715 mea

2037 1732 2326 1794 dubitatio
2352 1742 2440 1793 est
2457 1752 2489 1794 a
2513 1732 2680 1793 vobis
2702 1734 3265 1816 reprehendenda,o
3282 1740 3564 1818 apostoli?
3583 1743 3675 1804 Ad

300 1836 460 1886 esset
507 1827 601 1886 lex
634 1827 917 1905 sepulcri,
957 1837 1016 1888 et
1070 1847 1229 1888 mors
1283 1829 1501 1890 Christi
1533 1830 1741 1890 effecta
1790 1821 2269 1900 essetBJudaeos
2323 1823 2557 1884 emittor
2587 1840 2778 1902 prmco
2809 1824 3308 1903 resurrectionis;
3367 1827 3523 1893 sicut
3551 1849 3674 1909 vos,

298 1932 463 1975 mors
483 1916 714 1990 mortis,
743 1935 987 1995 surgens
1003 1917 1270 1979 Salvator
1301 1925 1431 1997 post
1458 1927 1657 1980 erecta
1678 1917 1830 1996 apud
1855 1917 1941 1978 in-

2032 1913 2374 1990 proﬁciscor
2423 1913 2725 1992 apostolos
2757 1912 2827 1972 ad
2862 1913 3195 1974 docendum
3229 1922 3438 1994 gentes
3466 1937 3674 1982 resur-

294 2003 456 2064 feros
475 2004 1022 2068 adversusmortem
1045 2015 1284 2084 tropaea,
1315 2015 1558 2085 apparet
1582 2006 1704 2066 suis
1729 2006 1940 2066 amicis
2023 2001 2376 2062 rectionem.
2413 2001 2722 2073 Quomodo
2757 2020 2920 2081 ergo,
2953 2003 3169 2079 quibus
3220 2023 3337 2066 non
3369 2005 3451 2066 fui
3480 2009 3678 2072 socius

297 2093 642 2168 lugentibus
664 2094 1110 2167 etllentibus,in
1138 2096 1250 2156 hoc
1269 2114 1502 2174 quoque
1521 2097 1695 2157 fidem
1718 2094 1942 2156 faciens
2023 2090 2699 2170 spectaculi,suscipiam
2725 2110 2894 2171 teque
2920 2100 3097 2172 atque
3118 2093 3232 2172 ipsi
3265 2093 3622 2174 legationem
3648 2098 3673 2161 ?

294 2182 560 2244 victoria:
596 2203 608 2244 :
645 2185 746 2259 qui
780 2203 976 2245 rerum
1023 2193 1186 2246 recte
1216 2197 1517 2262 gestarum
1553 2185 1685 2245 illos
1715 2185 1940 2244 faciens

294 2277 685 2348 spectatores,
717 2280 877 2334 certe
901 2291 1010 2334 nec
1031 2272 1226 2352 ipsum
1255 2274 1492 2353 quidem
1521 2272 1786 2353 permisit
1814 2290 1945 2334 esse

296 2370 612 2437 expertem
641 2361 966 2439 primorum
1005 2363 1451 2425 miraculorum.
1487 2365 1548 2424 ln
1577 2363 1824 2443 quadam
1849 2362 1948 2422 do-

303 2449 592 2509 inuncula
619 2449 942 2530 discipulos
969 2453 1028 2511 in
1054 2461 1277 2513 arctum
1311 2461 1449 2515 tunc
1481 2461 1672 2515 metus
1703 2450 1950 2531 cogebat

303 2535 642 2598 Judzeorum
680 2562 692 2598 :
728 2560 858 2620 quae
885 2543 1129 2617 quidem
1164 2547 1223 2602 in
1256 2542 1408 2612 loco,
1445 2542 1770 2622 periculum
1807 2560 1952 2622 prae-

307 2625 941 2706 videntespnanebant.
968 2629 1032 2690 In
1061 2631 1318 2691 medium
1346 2650 1483 2710 ergo
1517 2649 1719 2692 eorum
1755 2631 1948 2692 laten-

306 2721 448 2776 tium
497 2722 712 2778 accedit
742 2723 924 2788 Jesus,
958 2738 1074 2780 non
1119 2739 1313 2780 vocem
1347 2727 1614 2781 eminens
1647 2733 1952 2795 antequam

301 2803 688 2884 aspiceretur,
728 2825 846 2867 non
899 2809 1230 2886 pulsatione
1275 2809 1410 2870 ostii
1462 2808 1683 2870 territis
1735 2827 1946 2870 eorum

307 2893 559 2955 animis:
595 2895 696 2955 sed
729 2896 931 2977 pedes,
966 2898 1064 2976 qui
1099 2915 1204 2976 per
1255 2916 1415 2959 mare
1458 2906 1615 2973 sunt,
1651 2897 1943 2976 ingressi,

313 2982 476 3064 ostiis
505 3003 737 3064 quoque
770 3005 885 3047 non
919 2989 1140 3065 apertis
1167 2988 1462 3048 intrarunt
1483 2987 1754 3066 (negabat
1786 2987 1946 3047 enim

307 3090 448 3136 suas
491 3073 641 3152 leges
671 3084 877 3136 natura
903 3077 1068 3155 jussa
1097 3095 1130 3136 a
1184 3077 1476 3156 Domino),
1513 3084 1570 3138 et
1601 3077 1698 3156 qui
1750 3076 1950 3137 omnia

2027 2178 2359 2252 Quomodo,
2385 2197 2638 2258 quorum
2666 2199 2783 2240 non
2808 2181 2996 2242 habeo
3026 2182 3452 2261 cognitionem,
3479 2205 3550 2248 ea
3569 2206 3677 2266 ego

2027 2268 2254 2330 docebo
2277 2268 2423 2330 alios
2444 2267 2782 2340 ?Q,uomodo
2803 2270 2999 2349 lingua
3020 2289 3088 2331 ea
3109 2270 3265 2333 dicet
3285 2274 3678 2356 conﬁdenter,

2030 2376 2280 2438 quorum
2319 2365 2496 2418 testes
2526 2376 2644 2418 non
2689 2356 2868 2419 habet
2896 2359 3100 2420 oculos
3132 2359 3156 2420 ?
3202 2359 3415 2423 Verbis
3442 2365 3680 2428 credam

2032 2446 2202 2508 solis?
2225 2446 2339 2508 Sed
2367 2447 2588 2509 Judaeis
2620 2465 2721 2508 ero
2753 2448 2813 2508 in
2843 2448 2959 2508 ﬁde
2989 2459 3324 2529 suSpectus,
3354 2469 3569 2532 meque
3593 2455 3686 2516 fac

2033 2537 2270 2599 cilitatis
2299 2535 2666 2597 damnabunt
2711 2545 2769 2598 et
2799 2537 3076 2598 levitatis.
3134 2539 3397 2601 Gentiles
3449 2561 3686 2623 quoque

2032 2626 2207 2688 verba
2253 2645 2368 2686 non
2400 2625 2717 2688 atlmittent
2756 2647 2772 2700 ;
2808 2629 3002 2707 potius
3052 2635 3250 2689 autem
3284 2647 3482 2692 meum
3515 2631 3684 2694 ride-

2035 2715 2182 2778 bunt
2204 2715 2640 2795 testimonium,
2677 2715 2777 2795 qui
2811 2734 2882 2777 ex
2917 2717 3042 2777 solo
3066 2716 3269 2778 auditu
3303 2718 3560 2798 praedico
3592 2740 3688 2784 re-

2035 2804 2467 2867 surrectionem
2484 2846 2499 2863 .

2116 2893 2212 2956 Vl.
2250 2895 2381 2955 Non
2411 2893 2659 2954 multum
2693 2893 3034 2956 intercessit
3059 2897 3366 2978 temporis,
3396 2905 3454 2960 et
3482 2917 3688 2962 rursus

2036 2988 2230 3046 adfuit
2256 2988 2555 3053 Dominus,
2591 2988 2885 3059 ingressus
2909 2988 3254 3048 miraculum
3287 3005 3442 3049 nunc
3462 3008 3690 3066 quoque

2036 3072 2315 3135 similiter
2344 3072 2691 3148 ostendens,
2730 3079 2794 3134 ut
2824 3090 2954 3151 quae
2980 3073 3111 3135 aliis
3144 3075 3322 3138 simul
3352 3076 3688 3158 discipulis,

297 3161 608 3234 feceratjn
630 3182 801 3225 suum
828 3167 1111 3246 templum
1137 3165 1471 3245 ingreditur
1495 3164 1713 3227 clausis
1762 3165 1949 3227 ostiis:
1972 3206 2011 3256 ο
2037 3181 2105 3256 ea
2136 3161 2244 3223 soli
2277 3180 2514 3256 quoque
2542 3160 2788 3256 Thomas
2820 3161 3126 3256 largiatur.
3161 3163 3434 3256 Ostendit
3467 3185 3606 3247 ergo
3637 3168 3695 3230 ei

294 3260 355 3339 et
377 3257 475 3339 qui
509 3271 610 3327 per
640 3256 860 3328 lignum
887 3272 1126 3315 mortem
1157 3259 1445 3321 contrivit,
1470 3273 1627 3316 nunc
1649 3261 1762 3316 vim
1785 3259 1946 3315 δῦθι-ι
1978 3249 2010 3256 ⁷
2035 3253 2206 3331 signa
2255 3250 2476 3327 crucis,
2511 3268 2576 3312 ac
2622 3249 2893 3312 vulneris
2922 3252 3078 3332 quod
3129 3255 3358 3334 accepit
3388 3253 3450 3316 in
3480 3257 3690 3339 latere,

291 3335 410 3416 ipsi
438 3336 581 3413 ligni
614 3347 860 3401 naturae.
901 3341 1072 3401 Venit
1102 3359 1241 3417 ergo
1273 3340 1542 3402 Christus
1573 3340 1630 3400 in
1667 3341 1929 3401 medium
2035 3340 2299 3403 ostendit
2331 3339 2728 3418 signaculum.
2764 3339 2982 3402 deinde
3015 3361 3030 3402 :
3097 3363 3120 3399 α
3155 3340 3301 3414 Quia
3333 3344 3528 3406 vidisti
3572 3335 3690 3423 me,

293 3446 530 3502 eorum,
553 3431 836 3492 miraculo
866 3432 1170 3510 ingressus
1199 3434 1558 3494 cnnfirmans
1592 3431 1946 3493 miraculum
2032 3432 2251 3512 inquit,
2287 3429 2620 3493 credidisti.
2654 3429 2820 3491 Beati
2853 3431 2954 3509 qui
2989 3450 3106 3494 non
3135 3432 3435 3508 viderunt,
3469 3442 3528 3496 et
3555 3455 3693 3498 cre-

290 3521 782 3582 resurrectionis.
815 3521 882 3582 Et
908 3523 994 3582 sic
1025 3522 1263 3600 quidem
1285 3522 1562 3601 discipuli
1585 3521 1732 3601 ipsis
1760 3521 1947 3583 oculis
2033 3521 2312 3583 diderunt
2347 3521 2396 3599 4,
2435 3545 2460 3575 n
2501 3537 2772 3598 magnam
2809 3520 2985 3582 nobis
3014 3523 3338 3602 repositam
3373 3524 3696 3588 ostendens

294 3609 447 3686 ejus,
484 3628 659 3689 quem
721 3610 1162 3684 desiderabant,
1198 3611 1450 3672 fruclum
1511 3609 1935 3691 percipientes,
2027 3609 2484 3681 beatitudinem,
2557 3609 2658 3686 qui
2731 3608 3106 3671 credidimus
3177 3629 3286 3692 per
3349 3630 3688 3676 sermonem

296 3697 494 3760 laetitia
524 3698 954 3762 efﬁciebantur.
987 3701 1161 3760 Solus
1184 3709 1380 3760 autem
1406 3699 1670 3760 Thomas
1695 3698 1885 3758 abfuit
1910 3715 1944 3758 a
2028 3698 2486 3776 discipulorum.
2547 3696 2698 3757 Illud
2745 3715 2885 3776 ergo
2933 3698 3202 3760 divinum
3236 3707 3295 3760 et
3340 3699 3692 3765 admirabile

294 3786 1942 3869 spectaculo:quidivinoquodam,utvidetur,consilio
2029 3785 2436 3868 spectaculum
2491 3803 2622 3846 cum
2661 3794 3021 3848 consecutus
3077 3795 3238 3848 esset
3273 3787 3554 3866 Thomas,
3584 3791 3692 3852 fuit

295 3894 417 3937 non
442 3876 745 3956 aderat,ut
764 3895 897 3938 cum
926 3878 1275 3939 miraculum
1304 3877 1490 3956 magis
1524 3875 1940 3955 cxaminasset,
2037 3876 2210 3938 etiam
2245 3893 2420 3936 causa
2450 3874 2758 3955 apostolis,
2787 3883 2848 3936 ut
2878 3875 2978 3936 illa
3006 3875 3330 3954 discerent,
3357 3895 3486 3958 quae
3521 3879 3689 3959 prius

296 3973 456 4027 esset
482 3966 823 4045 praeclarior
840 3985 1031 4046 praeco
1058 3967 1538 4028 resurrectionis.
1554 3965 1670 4028 Sed
1687 3963 1955 4026 Salvator
2037 3984 2153 4027 non
2172 3969 2491 4039 noverant;
2515 3981 2684 4025 suum
2710 3965 2868 4026 enim
2890 3963 3073 4026 Deum
3093 3973 3150 4026 et
3183 3966 3504 4028 Dominum
3539 3987 3689 4030 con-

293 4055 542 4131 quidem
568 4075 700 4117 cum
727 4056 819 4117 sui
840 4057 1176 4136 spectaculo
1211 4055 1595 4136 impertiisset
1628 4053 1947 4134 apostolos,

291 4144 545 4206 recessit
609 4145 900 4221 protinus,
959 4145 1371 4225 perfectiorem
1435 4142 1952 4223 contemplationis

291 4233 579 4295 visionem
611 4234 855 4294 Thema:
884 4234 1098 4308 amico,
1137 4241 1197 4294 ut
1239 4233 1496 4306 videtur,
1530 4250 1862 4296 reservans.

371 4321 442 4383 V.
499 4322 641 4385 Cum
677 4331 874 4383 autem
925 4342 1200 4385 reversus
1235 4331 1392 4384 esset
1441 4322 1719 4396 Thomas,
1756 4331 1812 4382 et
1841 4341 1944 4383 ve-

286 4411 476 4473 nisset
506 4411 566 4472 in
601 4421 858 4475 mentem
894 4412 1204 4492 discipulis
1234 4413 1288 4474 ei
1321 4413 1523 4474 dicere
1553 4434 1565 4474 :
1613 4438 1633 4467 «ι
1675 4413 1947 4473 Vidimus

286 4501 630 4570 Dominum,
665 4527 688 4562 ι)
726 4504 828 4565 ille
861 4512 1102 4582 propter
1128 4503 1183 4564 id
1218 4503 1382 4579 quod
1416 4502 1714 4574 audiebat,
1744 4501 1944 4563 laetitia

283 4591 556 4665 affectus,
592 4591 750 4670 quod
784 4592 912 4652 ﬁeri
956 4592 1367 4667 desiderabat,
1403 4594 1512 4654 hoc
1557 4592 1778 4652 factum
1811 4610 1942 4654 esse

285 4679 693 4753 audiens,non
717 4681 1019 4742 credebat.
1051 4681 1257 4742 Solent
1279 4682 1438 4742 enim
1455 4678 1709 4760 ingentis
1734 4681 1945 4741 laetitiae

287 4769 777 4848 exsuperationes
810 4788 942 4830 esse
976 4769 1266 4832 tardiores
1286 4771 1359 4830 ad
1396 4789 1464 4832 ea
1484 4769 1783 4833 credenda
1813 4788 1943 4850 quae

287 4857 594 4920 dicuntur.
626 4858 946 4936 Diseipulis
987 4859 1167 4937 igitur
1195 4881 1206 4922 :
1249 4882 1272 4917 α
1307 4859 1456 4936 Nisi,
1489 4857 1701 4939 inquit,
1735 4858 1941 4921 videro

287 4947 350 5008 in
384 4948 660 5010 manibus
679 4950 807 5028 ejus
840 4949 1107 5010 fissuram
1143 4951 1464 5021 clavorum,
1496 4958 1549 5009 et
1585 4949 1810 5009 mittam
1843 4948 1935 5009 di-

2034 4055 2224 4117 fessus
2256 4061 2344 4114 est
2375 4071 2510 4114 eum
2555 4071 2730 4134 quem
2762 4061 3096 4133 aspexerat.
3129 4053 3354 4117 Revera
3390 4056 3548 4118 enim
3579 4056 3687 4120 Dei

2035 4152 2124 4206 est
2154 4142 2467 4224 pulchrum
2521 4142 2750 4205 facinus
2780 4144 3259 4206 resurrectionis.
3314 4143 3456 4208 Cum
3489 4155 3684 4208 autem

2035 4241 2168 4314 post
2199 4234 2323 4294 haec
2355 4231 2622 4294 Christus
2653 4250 2687 4293 a
2718 4230 3030 4312 discipulis
3065 4252 3272 4312 magna
3303 4253 3378 4296 ex
3411 4243 3574 4314 parte
3602 4237 3686 4296 vi-

2033 4322 2159 4385 deri
2192 4342 2309 4385 non
2346 4329 2567 4403 posset,
2599 4329 2661 4381 ut
2692 4321 2791 4401 qui
2825 4329 2984 4384 esset
3007 4323 3372 4402 gloriﬁcatus
3403 4325 3681 4385 incorru-

2032 4415 2232 4491 ptione
2263 4411 2551 4492 corporis,
2581 4419 2640 4472 et
2673 4430 2786 4471 non
2813 4425 3014 4492 posset
3037 4414 3304 4491 conspici
3335 4412 3680 4475 mortalibus

2030 4503 2239 4577 oculis,
2269 4504 2529 4582 seipsum
2559 4500 2936 4562 manifestum
2969 4501 3279 4578 reddebat,
3313 4501 3551 4582 quando
3583 4521 3678 4563 vo-

2029 4592 2206 4663 lebat,
2235 4601 2292 4655 et
2327 4592 2563 4673 quando
2598 4599 2840 4652 noverat
2864 4591 3123 4653 futurum
3148 4593 3291 4654 utile
3313 4592 3385 4653 iis
3406 4590 3506 4672 qui
3527 4591 3680 4672 aspi-

2027 4681 2493 4760 ciebant.ltaque
2511 4697 2642 4739 cum
2665 4679 2903 4740 Domini
2929 4680 3016 4742 eis
3031 4680 3270 4742 deesset
3294 4688 3672 4760 conspectus,

2025 4790 2226 4834 curam
2275 4770 2557 4847 gerebant
2582 4766 2797 4828 veteris
2828 4771 2993 4845 artis,
3027 4771 3081 4828 in
3112 4788 3226 4849 qua
3257 4769 3491 4830 fuerant
3521 4768 3676 4830 edu-

2025 4863 2163 4924 cati.
2217 4860 2322 4921 llla
2367 4866 2562 4920 autem
2614 4865 2761 4930 erat,
2791 4858 3070 4936 scapham
3123 4858 3473 4930 ascendere,
3509 4865 3568 4919 et
3612 4858 3673 4918 in

2025 4949 2378 5032 profundum
2435 4947 2614 5008 maris
2644 4948 2790 5006 retia
2839 4945 3177 5010 demittere.
3209 4946 3473 5018 Quodam
3532 4963 3672 5006 vero

285 5043 469 5110 gitum
500 5057 688 5098 tne-um
718 5043 774 5097 in
810 5041 996 5098 locum
1031 5041 1346 5112 clavorum,
1369 5052 1422 5097 et
1454 5044 1670 5096 mittam
1703 5055 1933 5098 manum
2021 5040 2143 5120 die,
2177 5039 2317 5098 dum
2346 5036 2457 5115 ipsi
2493 5035 2699 5096 intenti
2733 5042 2901 5094 erant
2925 5034 3257 5113 piscationi,
3283 5034 3555 5113 apparuit
3583 5033 3670 5120 eis

285 5144 483 5188 meam
519 5128 575 5187 in
605 5128 755 5188 latus
777 5127 931 5204 ejus,
967 5145 1084 5188 non
1116 5128 1352 5189 credam
1368 5129 1422 5188 ὅ.
1455 5151 1476 5184 tt
1508 5127 1593 5190 Ad
1633 5128 1753 5190 haec
1782 5127 1934 5188 forte
2019 5119 2388 5191 desideratus
2439 5126 2632 5198 .lesus,
2669 5130 2827 5182 stans
2873 5122 2935 5182 in
2993 5123 3207 5197 littore,
3243 5121 3544 5200 etjubens
3590 5119 3665 5182 ad

282 5216 556 5294 apostoli:
592 5215 744 5287 Quid
771 5215 882 5276 sibi
914 5216 1053 5287 vult,
1091 5235 1124 5276 ο
1155 5219 1402 5294 Thema,
1425 5235 1622 5278 sermo
1649 5216 1930 5279 incredu-
2016 5217 2317 5278 dexteram
2370 5221 2594 5292 partem
2624 5211 2785 5273 navis
2815 5219 2942 5272 rete
2971 5209 3307 5274 demittere.
3343 5211 3524 5290 Capta
3573 5216 3664 5270 est

282 5303 510 5366 litatis?
545 5303 607 5367 Si
642 5323 759 5367 non
793 5305 982 5366 credit
1011 5305 1364 5386 discipulus,
1398 5306 1699 5386 quomodo
1731 5305 1930 5368 credi-
2014 5317 2203 5366 autem
2229 5305 2529 5361 multitudo
2562 5303 2802 5374 piscium
2839 5304 3317 5370 innumerabilis;
3355 5310 3474 5386 erat
3504 5302 3660 5359 enim

282 5392 476 5454 derint
501 5394 738 5458 Judaei?
772 5393 832 5456 Si
856 5395 1159 5475 apostolus
1189 5403 1246 5455 et
1269 5385 1494 5456 amicius
1527 5402 1644 5457 non
1671 5395 1928 5464 admittit
2015 5395 2194 5456 divini
2221 5393 2422 5471 jussus
2455 5394 2741 5470 operatio.
2776 5387 2943 5450 Tunc
2973 5387 3148 5448 simul
3177 5407 3308 5449 cum
3347 5385 3420 5447 iis
3450 5387 3662 5448 aderat

281 5489 808 5564 resurrectionem,
840 5483 1137 5564 quomodo
1196 5503 1322 5544 eam
1360 5485 1707 5546 admiserint
1750 5484 1794 5545 ii
1826 5487 1927 5564 qui
2011 5487 2186 5548 etiam
2218 5480 2497 5560 Thomas,
2536 5487 2590 5541 et
2620 5478 2798 5539 simul
2852 5476 3170 5556 navigabat,
3209 5486 3265 5538 et
3295 5475 3473 5538 simul
3505 5494 3655 5557 ope-

365 5661 397 5711 ²
421 5661 591 5725 Joan.
627 5676 692 5742 Il,
723 5661 781 5724 8.
863 5662 894 5712 3
921 5663 1090 5723 Joan.
1122 5659 1288 5723 Joan.
1323 5679 1422 5741 xx,
1453 5660 1554 5722 25.
1643 5663 1671 5712 ι
1697 5663 1846 5750 Ibid.
1882 5664 1984 5730 29.
