4056 6142
361 322 480 393 563

1678 328 1960 392 MENSIS
2002 326 2433 390 DECEMBER.

3631 330 3757 396 564

361 463 629 543 rabatur,
665 468 722 525 et
754 461 1065 541 diligenter
1096 459 1344 523 curabat
1366 461 1539 542 retia,
1575 467 1631 522 et
1658 478 1723 521 se
1755 459 2013 540 paratis-
2036 465 2076 514 Α
2100 457 2278 538 longo
2304 464 2577 542 tempore
2609 462 2976 539 conﬁrmata,
3004 461 3331 525 inducebat
3358 465 3757 529 consuetudi-

365 552 585 614 simum
642 551 993 614 ostendebat
1042 550 1112 612 ad
1166 550 1591 612 obediendum.
1640 548 2022 629 Experientia
2107 568 2268 623 nem,
2302 552 2528 614 ratione
2580 551 2785 632 quavis
2840 552 3262 632 potentiorem.
3298 561 3361 617 In
3408 554 3560 616 hanc
3612 573 3758 632 ergo

365 640 522 703 enim
562 641 851 702 didicerat
882 640 955 701 iis
986 639 1255 713 credere,
1293 657 1430 719 quae
1472 639 1628 703 Deus
1657 638 1834 700 fuerit
1867 655 2018 719 ope-

363 739 525 792 ratus
564 751 577 790 :
615 739 672 791 et
703 729 836 791 ideo
870 748 987 790 una
1018 728 1344 806 navigabat,
1375 738 1431 790 et
1457 728 1631 790 simul
1665 728 2019 808 operabatur

362 838 498 882 cum
531 818 838 898 discipulis
868 821 921 877 5.

444 905 568 973 Vl].
596 906 740 971 Cum
771 916 961 969 autem
978 910 1102 987 jam
1126 908 1361 970 adesset
1382 915 1617 989 tempus
1636 910 2014 987 Assumptio-

363 998 478 1076 nis,
508 1016 622 1076 quo
661 1015 795 1058 cum
839 1015 907 1058 eo
936 997 1093 1077 quod
1124 1016 1191 1059 ex
1218 998 1387 1059 nobis
1410 1006 2015 1078 assumpserat,opur-

364 1084 524 1148 tebat
557 1086 853 1148 Christum
888 1088 1216 1148 ascendere
1253 1086 1324 1148 ad
1362 1090 1622 1160 Patrem,
1656 1088 1780 1166 ipse
1814 1086 2015 1147 educit

362 1182 578 1255 mystas
636 1184 798 1237 extra
826 1178 1172 1238 Bethaniam
1209 1194 1392 1257 usque
1448 1177 1519 1238 ad
1551 1175 1841 1239 Olivetum
1882 1196 1897 1256 ;
1951 1183 2014 1236 et

359 1263 477 1325 illic
510 1263 585 1325 de
613 1284 678 1327 se
709 1265 1039 1342 disserens,
1076 1275 1133 1327 et
1183 1286 1251 1328 ex
1283 1265 1609 1346 Scripturis
1640 1266 2011 1345 conjungens

358 1354 716 1429 testimonia,
750 1375 883 1417 cum
920 1364 978 1417 et
1008 1375 1205 1417 coram
1235 1356 1321 1417 eis
1351 1356 1729 1430 comedisset,
1770 1363 1829 1416 et
1863 1372 2008 1416 con-

358 1442 652 1506 ﬁrmasset
676 1465 741 1506 se
766 1465 882 1507 non
915 1464 1045 1507 esse
1066 1445 1363 1527 spiritum,
1391 1454 1451 1506 ut
1483 1445 1596 1526 ipsi
1629 1445 2007 1505 existimave-

357 1541 513 1611 rant,
540 1542 596 1594 et
618 1533 834 1596 deinde
864 1534 1093 1597 sublata
1120 1553 1303 1595 manu
1334 1535 1418 1595 eis
1439 1533 1788 1595 immisisset
1817 1534 2006 1595 bene~

360 1621 704 1696 dictionem,
731 1622 831 1685 ille
854 1623 1095 1705 quidem
1124 1623 1395 1685 ascendit
1418 1623 1476 1684 in
1500 1623 1709 1684 caelos:
1739 1622 1881 1701 ipsis
1904 1642 2009 1683 au-

360 1720 476 1772 tem
498 1730 629 1773 cum
656 1731 863 1792 magno
888 1714 1102 1793 gaudio
1127 1714 1234 1775 fuit
1261 1714 1488 1774 reditus
1519 1712 1922 1774 inJerusalem
1954 1713 2010 1792 ὅ,

2103 638 2409 718 regionem
2476 658 2724 719 magnus
2779 641 3124 719 ingrediens
3163 642 3490 721 apostolus,
3523 645 3753 706 nullum

2104 746 2225 808 prae
2255 748 2318 791 se
2350 731 2481 792 tulit
2510 730 2723 791 fastum
2744 737 2805 791 et
2827 730 3450 812 arrogantiam,neque
3479 733 3630 794 elate
3650 744 3758 796 aut

2102 818 2358 894 gloriose
2402 819 2705 900 quippiam
2761 828 2849 880 est
2902 820 3162 900 locutus,
3196 840 3392 901 neque
3421 822 3580 884 aliud
3615 824 3759 885 fecit

2102 908 2358 986 superbe
2390 919 2448 971 et
2477 908 2807 971 insolenter
2851 909 2923 971 ad
2958 910 3416 972 ostentationem
3455 933 3467 974 :
3513 913 3613 974 sed
3648 931 3755 974 or-

2100 1008 2275 1058 natus
2305 998 2525 1060 Christi
2580 998 3010 1079 moderatione,
3045 1006 3098 1060 et
3131 1018 3237 1080 pro
3275 1000 3481 1080 quovis
3515 1001 3629 1062 alio
3661 1021 3757 1062 or-

2099 1101 2367 1148 namento
2399 1101 2450 1148 et
2482 1092 2677 1156 loxica,
2706 1108 2769 1149 ea
2795 1093 3050 1161 indutus,
3081 1106 3243 1150 coma
3277 1094 3508 1151 sordido
3541 1104 3593 1152 et
3626 1096 3756 1153 tiito

2096 1173 2373 1255 pallidus,
2404 1183 2560 1238 totus
2586 1176 2789 1238 aridus
2814 1184 2870 1238 et
2900 1176 3236 1256 exsanguis,
3271 1186 3337 1241 et
3364 1178 3537 1259 plane
3573 1198 3755 1242 succo

2096 1281 2331 1339 carens,
2368 1273 2425 1326 et
2457 1275 2519 1326 ut
2552 1264 2739 1327 semel
2770 1265 2994 1341 dicam,
3024 1285 3144 1327 non
3176 1274 3290 1328 tam
3323 1286 3755 1348 corpus,quam

2095 1352 2368 1415 umbram
2420 1356 2692 1436 corporis
2723 1355 3181 1424 circumferens,
3220 1355 3463 1418 sordido
3510 1365 3568 1418 et
3619 1357 3755 1419 trito

2095 1447 2340 1505 amictus
2362 1447 2555 1518 pallio,
2588 1449 2824 1506 morbus
2875 1449 3045 1517 lenis,
3082 1462 3347 1506 sermone
3381 1448 3556 1518 utilis,
3592 1450 3757 1507 factis

2097 1530 2267 1593 valde
2285 1531 2679 1613 admirabilis,
2702 1533 3119 1595 humilioribus
3135 1551 3202 1594 se
3232 1534 3745 1599 accommodabat.

2094 1619 2341 1701 spiritus
2370 1622 2645 1684 altiorum
2678 1622 3049 1703 deprimens.

2176 1707 2271 1772 IX.
2300 1710 2445 1773 Cum
2483 1711 2700 1773 talibus
2726 1711 2991 1773 moribus
3020 1720 3078 1773 et
3105 1717 3220 1773 vita
3251 1711 3529 1794 praeditus
3557 1713 3626 1773 ad
3657 1715 3750 1775 ln-

360 1799 579 1872 Quidni
609 1802 767 1863 enim
801 1802 1106 1883 gauderet,
1141 1811 1197 1863 et
1227 1820 1359 1864 cum
1412 1800 1544 1862 aliis
1574 1800 1874 1863 laetaretur
1913 1800 2009 1862 di-
2037 1824 2072 1874 Β
2095 1798 2204 1861 dos
2234 1802 2519 1876 venisset,
2555 1801 2866 1882 visumque
2896 1801 2949 1862 ei
2983 1810 3141 1864 esset
3167 1802 3361 1880 gentis
3393 1802 3617 1881 ingredi
3651 1802 3751 1862 in-

359 1891 627 1972 scipulis,
660 1899 1075 1952 sacrosanctus
1128 1892 1239 1952 iste
1293 1900 1349 1951 et
1383 1908 1627 1968 magnus
1677 1889 2001 1969 apostolus,

2095 1889 2334 1964 teriora,
2368 1899 2681 1971 postquam
2716 1890 2857 1952 vidit
2892 1890 3098 1953 falsam
3142 1892 3477 1953 daemonum
3507 1891 3751 1970 religio-

360 1978 567 2040 videns
597 1978 774 2040 verba
804 1979 1055 2040 deducta
1086 1998 1217 2041 esse
1246 1978 1316 2040 ad
1373 1980 1673 2058 effectum,
1708 1986 1766 2039 et
1795 1996 2006 2039 susce-
2094 1996 2225 2039 nem
2254 1997 2349 2037 eos
2377 1982 2905 2053 comprehendisse.
2943 1992 2997 2039 et
3028 1982 3157 2039 imis
3188 1996 3383 2039 eorum
3419 1984 3627 2039 animis
3656 1986 3749 2039 in-

360 2077 473 2147 ptze
502 2068 699 2131 carnis
733 2087 932 2131 verum
969 2087 1099 2130 esse
1154 2070 1519 2149 mysterium,
1562 2086 1756 2147 neque
1788 2068 2010 2128 frustra
2094 2065 2346 2146 sedisse,
2382 2084 2500 2126 non
2545 2066 2740 2129 statim
2776 2066 3071 2149 processit
3097 2067 3168 2129 ad
3203 2086 3305 2128 eos
3360 2068 3747 2142 refellendos,

358 2160 415 2220 in
447 2176 517 2220 eo
551 2166 837 2220 versatam
871 2158 1053 2220 fuisse
1086 2158 1559 2221 incredulitatem
1592 2157 1623 2217 ?
1653 2162 1844 2237 Atque
1878 2156 2009 2219 dies
2095 2175 2215 2217 non
2238 2156 2469 2219 induxit
2500 2157 3154 2237 reprehensiones,non
3181 2164 3455 2239 tanquam
3488 2159 3754 2220 medica-

358 2248 598 2329 quidem
630 2248 730 2310 ille
759 2266 793 2309 a
816 2247 1068 2309 Domino
1105 2249 1628 2328 praestitutus,jam
1654 2247 1831 2307 ﬁnem
1858 2247 2012 2308 acci-
2097 2254 2298 2307 mento
2332 2265 2475 2308 usus
2525 2254 2613 2308 est
2642 2245 2983 2308 austeritate
3016 2268 3031 2325 ;
3087 2246 3311 2309 sciebat
3360 2247 3565 2321 enim,_
3589 2248 3747 2328 quod

359 2337 558 2419 piebat
593 2338 1018 2399 convenienter
1070 2338 1167 2418 iis,
1202 2356 1333 2418 qua;
1366 2338 1466 2399 ille
1498 2338 1722 2398 dicerat
1759 2358 1770 2398 :
1827 2344 1882 2396 et
1912 2335 2009 2397 di-
2097 2353 2229 2415 quae
2255 2335 2426 2414 longa
2446 2336 2881 2397 consuetudine
2907 2336 2966 2396 in
3000 2337 3217 2397 nostris
3242 2336 3589 2399 conﬁrmata
3614 2350 3750 2398 sunt

358 2428 529 2489 vinus
580 2427 838 2508 Spiritus
873 2427 946 2488 ad
1005 2446 1112 2489 eos
1169 2429 1469 2507 advolans,
1505 2435 1781 2506 tanquam
1832 2444 2013 2486 sonus

356 2517 600 2594 quidam
626 2519 795 2578 flatus
817 2517 1208 2591 vehementis,
1240 2517 1432 2578 statim
1460 2516 1520 2577 in
1554 2515 1781 2593 linguas
1811 2514 2013 2592 igneas

357 2605 875 2677 dividebatur.Qui
902 2624 1034 2666 cum
1062 2605 1266 2666 fuisset
1290 2622 1465 2684 super
1495 2620 2009 2682 unumquemque,

357 2694 608 2757 faciebat
639 2712 744 2755 eos
775 2694 937 2773 loqui
960 2692 1176 2769 linguis
1203 2692 1434 2766 alienis,
1468 2690 1617 2752 adeo
1652 2698 1735 2769 ut,
1773 2690 1875 2769 qui
1901 2709 2013 2752 au-

359 2783 625 2859 diebant,
660 2782 1044 2844 afﬁcerentur
1077 2799 1293 2859 magna
1325 2778 1719 2863 admiratioue
1739 2779 1793 2843 7.
1846 2778 2014 2840 Tunc

360 2890 499 2948 ergo
520 2877 613 2932 hic
637 2889 863 2946 quoque
889 2888 1139 2945 magnus
1171 2873 1465 2945 apostolus
1496 2886 1627 2930 cum
1650 2872 1871 2929 sederet
1900 2886 2015 2928 una

2097 2424 2314 2484 animis
2363 2442 2479 2484 non
2513 2433 2758 2505 possunt
2790 2424 2959 2486 facile
2990 2425 3202 2500 deleri,
3238 2434 3296 2486 et
3355 2425 3749 2505 persuasione

2099 2512 2310 2592 magis,
2336 2530 2508 2592 quam
2544 2513 2599 2573 vi
2631 2522 2958 2578 mutantur.
2985 2516 3309 2594 Propterea
3353 2515 3536 2594 magis
3564 2516 3751 2577 utitur

2101 2601 2582 2677 mansuetudine,
2613 2610 2670 2663 et
2690 2601 2863 2665 bonis
2878 2603 3237 2678 moribus,et
3258 2603 3492 2666 blandis
3520 2605 3741 2680 verbis,

2099 2707 2351 2769 magnus
2396 2696 2453 2752 et
2483 2690 2720 2770 dignus,
2756 2692 2859 2772 qui
2886 2692 2948 2754 in
2980 2694 3207 2755 honore
3264 2692 3589 2757 haberetur
3620 2714 3739 2756 non

2100 2796 2168 2839 ex
2200 2777 2352 2840 fastu
2382 2788 2438 2840 et
2461 2786 2786 2855 tumore,et
2805 2779 3006 2842 verbis
3039 2780 3390 2859 magniﬁcis,
3420 2782 3520 2843 sed
3545 2800 3610 2843 ex
3643 2781 3736 2842 fa-

2100 2868 2210 2928 ctis
2226 2875 2283 2928 et
2305 2867 2491 2947 signis
2516 2869 2603 2931 eis
2622 2879 3007 2951 apparens,et
3022 2869 3243 2949 insigni
3265 2871 3503 2945 Christi,
3523 2887 3742 2951 nempe

359 2979 493 3022 cum
526 2959 773 3041 reliquis
800 2958 1134 3040 discipulis,
1170 2958 1299 3039 ipse
1327 2975 1566 3040 quoque
1600 2957 1657 3017 in
1693 2956 1885 3036 igneis
1909 2957 2014 3018 lin-
2099 2956 2460 3035 humilitate,
2492 2958 2660 3021 valde
2687 2966 2931 3020 ornatus
2958 2980 2971 3019 :
3007 2977 3123 3039 quo
3148 2959 3391 3039 quidem
3422 2978 3526 3022 eos
3558 2960 3746 3038 magis

358 3049 489 3129 guis
520 3049 750 3130 accepit
780 3048 1027 3128 gratiam
1066 3070 1079 3111 :
1117 3057 1175 3110 et
1220 3067 1351 3109 cum
1386 3048 1445 3108 in
1495 3065 1668 3109 suum
1702 3045 2014 3107 habitacu-
2099 3047 2370 3127 capiebat
2399 3056 2455 3109 et
2487 3048 2823 3111 attrahebat
2862 3048 2936 3110 ad
2963 3051 3351 3127 agnitionem,
3384 3050 3547 3129 quod
3589 3058 3753 3111 esset

360 3139 481 3199 lum
519 3147 702 3199 totum
735 3138 1157 3199 intromisisset
1186 3135 1499 3218 Spiritum,
1535 3144 1689 3196 totus
1720 3134 1827 3195 fuit
1857 3135 2072 3219 illiusn
2099 3135 2380 3216 operibus
2413 3137 2654 3219 quidem
2689 3137 3078 3219 admirabilis,
3115 3138 3326 3218 spiritu
3355 3150 3554 3201 autem
3590 3138 3751 3200 mitis

361 3227 1016 3302 instrumentum,Valde
1040 3226 1341 3306 sapienter
1364 3233 1424 3286 et
1456 3232 1786 3305 opportune
1819 3224 2074 3303 pulsaeu
2097 3238 2149 3286 et
2178 3230 2525 3289 moderatus.
2555 3232 2749 3302 Itaque
2777 3232 2913 3289 moti
2956 3230 3333 3288 admiratione
3362 3231 3506 3298 Indi,
3543 3247 3753 3304 rogare

360 3326 509 3379 tum.
562 3315 660 3379 Sic
692 3336 835 3395 ergo
887 3315 1146 3377 Thomas
1195 3314 1268 3376 ab
1297 3314 1411 3375 alto
1462 3315 1869 3387 conﬁrmatus,
1904 3312 2012 3372 fuit
2095 3321 2407 3394 coeperunt
2436 3315 2707 3396 quisnam
2741 3324 2918 3392 esset,
2953 3324 3011 3377 et
3040 3316 3202 3393 cujas
3227 3334 3467 3394 genere,
3496 3325 3556 3380 et
3583 3336 3751 3394 quai-

361 3413 644 3488 perpetuo
698 3406 1027 3479 accinctus,
1062 3414 1456 3485 promptuque
1488 3412 1547 3464 et
1597 3401 1778 3463 alacri
1810 3402 2008 3463 animo
2092 3420 2225 3462 nam
2256 3415 2403 3464 esset
2432 3407 2556 3480 ejus
2586 3409 2807 3480 religio,
2844 3418 2897 3466 et
2925 3409 3078 3481 quod
3105 3408 3377 3467 studium.
3422 3409 3526 3467 I!le
3555 3422 3746 3469 autem

356 3496 428 3557 ad
463 3494 971 3576 praedicationem,
1006 3492 1152 3553 nihil
1205 3494 1425 3555 timens
1456 3509 1666 3553 eorum
1717 3509 1846 3571 quae
1872 3498 2012 3551 sunt
2090 3490 2346 3555 habebat
2397 3494 2556 3556 enim
2589 3494 2649 3555 in
2694 3512 2760 3557 se
2787 3494 3083 3556 Christum
3138 3496 3484 3575 magistrum
3533 3497 3752 3560 leniter

356 3584 667 3659 terribilia,
706 3603 816 3647 nec
868 3591 1113 3663 stupens
1162 3580 1381 3662 aliquid
1436 3598 1639 3643 eorum
1693 3598 1824 3660 quae
1873 3586 2008 3641 sunt
2092 3588 2150 3641 et
2200 3582 2465 3645 modeste
2494 3583 2828 3665 respondit,
2864 3583 3022 3665 quod
3056 3593 3213 3647 esset
3242 3602 3461 3664 genere
3500 3585 3745 3666 quidem

360 3676 520 3738 clara
550 3684 607 3737 et
637 3676 913 3737 illustria.
2089 3670 2352 3748 Judaeus,
2388 3671 2718 3753 discipulus
2768 3678 2967 3736 autem
3004 3672 3249 3753 insignis
3303 3672 3460 3735 illius
3503 3674 3742 3756 Moysis,

439 3763 745 3828 VIII.Cum
772 3781 911 3843 ergo
940 3780 1039 3824 res
1071 3760 1357 3842 apostolis
1379 3778 1442 3822 se
1467 3759 1758 3821 haberent
1787 3776 1857 3819 ex
1887 3758 2009 3820 ani-
2091 3762 2248 3823 illius
2277 3766 2514 3837 inquam
2568 3766 2791 3838 Moysis,
2829 3767 2927 3838 qui
2961 3781 3091 3823 cum
3122 3767 3241 3823 Deo
3270 3775 3358 3825 est
3405 3768 3746 3833 collocutus.

355 3854 438 3915 mi
460 3854 777 3933 sententia,
810 3855 1115 3933 oporteret
1142 3859 1337 3911 autem
1372 3849 1609 3912 Domini
1649 3848 1882 3927 jussum
1933 3848 2005 3908 ﬁ-
2094 3845 2299 3907 deinde
2329 3851 2501 3907 etiam
2529 3847 2737 3907 Christi
2790 3848 2916 3906 Fi'ii
2952 3849 3049 3906 Dei
3089 3851 3430 3922 discipulus,
3460 3853 3557 3923 qui
3594 3856 3751 3911 venit

355 3962 491 4005 nem
520 3943 817 4023 accipere,
840 3941 939 4022 qui
972 3940 1215 4018 quidem
1249 3948 1375 4002 erat
1404 3960 1416 4002 :
1456 3937 1712 4000 «Euntes
1740 3937 1801 3998 in
1828 3954 2006 3997 mun-
2092 3937 2166 3999 ad
2201 3935 2410 3997 mundi
2441 3935 2713 4014 salutem,
2747 3943 2809 3998 et
2838 3936 2997 4016 quod
3025 3936 3201 3998 vitam
3237 3944 3517 3999 aeternam
3547 3946 3605 4001 et
3625 3940 3751 3999 ani-

354 4032 736 4105 dum,docete
761 4048 969 4091 omnes
989 4038 1193 4109 gentes
1211 4030 1262 4101 8,
1280 4055 1299 4084 ιι
1334 4027 1485 4089 alius
1504 4027 1744 4107 quidem
1769 4044 1838 4086 ex
1863 4043 2011 4114 apo-
2094 4048 2325 4093 marum
2356 4029 2607 4092 salutem
2639 4030 2871 4091 veniret
2900 4030 3320 4093 annuntiatum
3348 4049 3361 4095 :
3400 4032 3614 4113 quibus
3644 4034 3748 4114 qui

354 4120 519 4182 stolis
548 4120 723 4181 aliam
756 4119 918 4181 orbis
981 4128 1154 4179 terra:
1185 4126 1410 4198 partem
1444 4116 1687 4177 sortitus
1719 4122 1827 4185 est,
1860 4112 2011 4175 sicut
2094 4119 2479 4194 crediderint,
2515 4128 2692 4180 erunt
2724 4119 3113 4181 ineﬁ‘abilium
3172 4112 3468 4184 bonorum
3502 4112 3744 4202 partici-

354 4210 461 4284 eis,
513 4210 614 4291 qui
666 4208 1012 4284 advenerat,
1067 4207 1354 4287 Spiritus,
1388 4213 1610 4265 sortem
1665 4203 2003 4265 deﬁnierat.
2100 4228 2225 4289 pes.
2263 4212 2556 4272 Praeterea
2586 4217 2785 4271 narrat
2815 4210 3031 4272 Christi
3071 4209 3175 4272 Dei
3207 4209 3390 4273 Verbi
3422 4210 3743 4273 demissio-

356 4297 613 4361 Thomas
642 4298 820 4378 igitur
842 4299 1057 4359 missus
1084 4294 1661 4368 estinlndiam,qu33
1681 4300 1805 4352 erat
1835 4291 2008 4373 plane
2092 4316 2254 4373 nem,
2282 4298 2582 4380 refertque
2614 4298 2894 4360 miracula
2924 4317 3054 4380 quae
3082 4300 3241 4375 fecit,
3278 4300 3419 4361 dum
3454 4301 3515 4361 in
3550 4299 3738 4362 terris

355 4387 627 4464 barbara,
665 4397 723 4449 et
777 4388 833 4446 in
859 4386 1102 4448 nefariis
1124 4384 1473 4445 versabatur
1493 4380 1847 4471 actionibus.
1877 4380 2008 4460 Ipsa
2092 4393 2151 4449 in
2183 4405 2360 4450 carne
2389 4400 2622 4467 ageret;
2651 4388 2960 4469 ipsamque
2992 4388 3350 4470 passionem,
3378 4408 3509 4471 quae
3542 4389 3742 4450 multis

353 4486 550 4537 autem
576 4482 687 4537 sita
709 4484 798 4536 est
820 4474 1170 4550 longissime
1192 4472 1268 4532 ab
1300 4474 1576 4552 Egypto;
1603 4469 1840 4530 alluitur
1869 4488 2006 4531 vero
2029 4554 2061 4559 _
2092 4477 2323 4539 videtur
2352 4477 2642 4559 probrosa
2674 4498 2689 4559 ;
2745 4469 3020 4540 virtutem
3065 4469 3544 4554 resurrectionis,
3578 4487 3636 4539 et
3666 4478 3740 4539 ad

357 4565 503 4625 mari
534 4564 702 4625 valde
735 4561 1070 4640 navigabili,
1107 4570 1162 4622 et
1194 4570 1283 4623 est
1312 4561 1554 4641 quidem
1590 4577 2004 4649 egenarerum
2028 4554 2277 4629 Dcmlos
2307 4554 2719 4628 ascensionem
2750 4588 2763 4627 :
2800 4566 2982 4647 Cujus
3014 4566 3367 4648 discipulus,
3395 4568 3740 4649 inquit,egu

358 4648 1123 4725 necessariorum,abundat
1155 4658 1345 4712 autem
1362 4649 1543 4711 rebus
1558 4648 1831 4729 pretiosis
1854 4656 1911 4709 et
1931 4648 2002 4709 ad
2090 4663 2149 4717 ei
2180 4656 2454 4718 minister
2480 4654 2946 4736 admirabilium,
2979 4675 3110 4737 quae
3138 4658 3265 4737 ipse
3293 4656 3451 4730 fecit,
3482 4648 3743 4721 miram-

356 4744 560 4804 luxum
595 4739 1083 4804 accommodatis.
1111 4738 1250 4802 Eam
1272 4740 1493 4801 habitat
1524 4738 1582 4799 id
1607 4738 2002 4827 genus,iquod
2087 4744 2304 4827 lorum,
2330 4753 2509 4823 atque
2538 4746 2908 4821 oeconomiae,
2942 4764 3075 4826 quae
3106 4746 3215 4807 fuit
3260 4750 3417 4808 Deus
3449 4758 3507 4808 et
3535 4747 3733 4822 homo,

355 4832 579 4895 dictum
612 4840 722 4907 est,
752 4830 906 4911 quod
930 4838 1020 4891 est
1042 4827 1615 4910 frequentissimum,
1646 4834 1704 4888 et
1733 4825 2000 4916 deditum
2087 4825 2320 4898 creatus
2345 4853 2474 4896 sum
2507 4852 2699 4915 praeco
2735 4855 2751 4911 ;
2784 4825 3342 4916 cujus’annuntians
3372 4836 3434 4897 in
3466 4837 3740 4899 homines

358 4929 732 4997 mercatum,
769 4928 827 4981 et
881 4937 1091 4998 magna
1119 4937 1187 4980 ex
1229 4926 1391 4998 parte
1424 4916 1670 4990 nudum,
1707 4923 1765 4976 el
1816 4915 2005 4977 instar
2086 4927 2515 4998 benignitatem,
2539 4935 2595 4985 et
2622 4915 2962 4985 immensam
2997 4929 3052 4985 in
3072 4930 3225 5000 ipsos
3256 4928 3736 4994 misericordiam,

353 5011 625 5086 fetarum,
662 5027 796 5092 quae
844 5009 1063 5087 degunt
1093 5008 1154 5069 in
1211 5007 1530 5081 montibus,
1564 5005 1743 5066 vitam
1793 5022 1997 5084 agens.

2102 5015 2157 5077 id
2189 5030 2292 5074 vos
2319 5018 2509 5091 usque
2548 5011 2773 5073 accessi
2809 5033 2825 5089 ;
2860 5013 3030 5094 cujus
3056 5014 3244 5075 factus
3284 5031 3416 5074 sum
3447 5022 3632 5094 mysta
3681 5025 3739 5075 et

355 5104 542 5175 Quam
569 5102 645 5163 ob
678 5116 912 5163 causam
951 5115 1262 5177 corporum
1296 5095 1669 5185 superﬁciem
1720 5094 1869 5185 radii
1901 5112 1998 5155 so-

2102 5101 2409 5185 ipostolus.
2459 5098 2530 5161 Et
2559 5117 2691 5161 cum
2737 5100 2884 5181 ipsis
2906 5102 3091 5163 oculis
3125 5102 3277 5163 facta
3305 5100 3385 5163 sit
3413 5103 3557 5164 mihi
3588 5102 3737 5164 ﬁdes

353 5190 505 5252 lares
538 5191 820 5251 invadunt
860 5187 1187 5266 ardentius,
1219 5185 1506 5265 valdeque
1556 5182 1907 5272 incendunt,
1939 5190 1999 5244 et
2081 5182 2286 5257 chrum
2313 5208 2447 5268 qua;
2476 5189 2779 5271 dicuntur,
2814 5209 2932 5251 non
2962 5191 3016 5252 vi
3047 5209 3150 5253 eos
3178 5191 3278 5272 qui
3308 5200 3591 5272 renuunt,
3628 5191 3736 5253 sed

350 5279 688 5358 denigrant,
718 5287 777 5340 et
812 5276 1077 5338 efﬁciunt
1104 5276 1229 5337 visu
1260 5274 1670 5337 deformiores.
1712 5271 1998 5335 Colebant
2077 5285 2239 5345 omni
2289 5279 2573 5341 charitate
2601 5278 2932 5359 amplector
2973 5300 3072 5343 eos
3102 5271 3213 5361 qui,
3262 5271 3724 5361 persuadeatur.

351 5376 547 5429 autem
580 5367 676 5427 isti
712 5366 1025 5427 simulacra
1048 5366 1197 5425 facta
1221 5383 1291 5425 ex
1313 5382 1490 5425 omne
1512 5382 1699 5440 genus
1724 5362 1991 5424 materia:
2155 5370 2369 5445 X,His,
2395 5379 2454 5431 et
2480 5365 2750 5449 pluribus
2774 5369 2905 5431 aliis
2923 5371 3202 5432 divinitus
3231 5369 3480 5451 prolatis
3507 5371 3730 5450 verbis,

350 5464 409 5517 et
455 5455 609 5536 quod
645 5455 706 5515 in
757 5472 827 5515 ea
859 5452 1275 5515 conferebatur
1327 5451 1613 5525 Studium,
1648 5460 1705 5512 οἱ
1736 5451 1991 5528 cultum.
2078 5461 2366 5523 Indorum
2398 5457 2652 5540 populus
2683 5457 2754 5519 ad
2806 5462 3144 5540 mysterium
3177 5458 3571 5540 introductus,
3606 5464 3732 5520 suis

422 5640 645 5707 5Joan.
680 5660 800 5718 xxx,
840 5651 860 5703 1
896 5661 1065 5725 seqq.
1151 5643 1343 5706 6Luc.
1378 5657 1545 5718 xxw,
1587 5641 1664 5703 36
1695 5658 1870 5721 seqq.
1958 5641 2153 5704 7Act.
2192 5656 2261 5718 ιι,
2294 5638 2320 5699 1
2360 5654 2529 5717 seqq.
2614 5634 2867 5699 8Matth.
2903 5651 3103 5720 xxviii,
3144 5635 3241 5700 t8.
