4056 6142
335 354 456 418 565
1363 357 1830 420 MARTYRIUM
1876 355 1977 418 SS.
2025 355 2081 418 X
2125 356 2266 418 MM.
2313 350 2830 418 CRETENSIUM.
3591 353 3706 420 566

326 488 550 551 animis
579 489 844 569 suscepit
891 489 1055 552 verbi
1109 508 1338 555 semen.
1401 490 1630 555 Deinde
1660 490 1750 569 (ut
1779 488 1971 550 dicam
1993 496 2032 546 Α
2057 487 2461 569 pus,tidelium
2483 484 2762 549 manibus
2782 486 3068 549 decenter
3101 487 3707 569 compositum,sepe-

328 599 472 641 cum
499 577 696 639 divino
719 578 1064 659 Evangelia)
1105 579 1356 643 Domino
1391 580 1731 659 adjuvante,
1767 584 1824 640 et
1844 597 1978 640 ser-
2063 579 2202 640 litur
2227 600 2240 640 :
2267 583 2422 657 regis
2444 585 2638 639 autem
2665 576 2823 638 ﬁlius
2847 577 3053 639 incidit
3071 577 3130 638 in
3149 595 3386 658 gravem
3407 575 3706 657 morbum,

331 685 433 727 mo
445 685 578 727 nom
604 669 992 731 conﬁrmante
1011 688 1116 749 per
1136 671 1304 746 signa
1317 668 1979 750 consequentia,paula—

304 754 437 816 'tim
477 757 715 836 quidem
748 757 988 820 abducti
1009 767 1148 819 sunt
1173 759 1245 820 ab
1275 759 1572 821 idolorum
1596 758 1978 821 libaminibus

327 856 392 907 et
423 846 990 928 abominationibus,
1026 848 1096 909 ad
1123 866 1316 910 veram
1345 857 1540 910 autem
1566 848 1742 909 ﬁdem
1765 866 1971 910 acces-

327 945 563 1005 serunt,
600 945 658 997 et
686 937 772 998 sic
820 937 1162 1016 apostolicis
1220 938 1626 999 transformati
1660 937 1972 1012 doctrinis,

331 1026 568 1088 Christo
594 1025 913 1088 familiares
935 1036 1248 1087 evaserunt
1273 1045 1378 1108 per
1395 1025 1774 1107 baptismum:
1799 1027 1972 1100 adeo,

333 1123 398 1175 ut
427 1114 601 1175 etiam
630 1133 819 1196 usque
843 1115 912 1176 ad
945 1116 1138 1196 ipsum
1165 1134 1366 1194 regem
1390 1115 1734 1196 pervenerit
1763 1115 1976 1194 praedi-

335 1203 757 1283 catio,etiamsi
791 1224 908 1265 non
942 1205 1266 1286 penetrarit
1298 1223 1482 1285 usque
1509 1205 1581 1266 ad
1621 1204 1977 1284 profundum

337 1295 470 1372 ejus
503 1295 736 1355 mentis.
783 1293 988 1375 Itaque
1021 1293 1122 1374 qui
1153 1313 1371 1373 genere
1402 1293 1645 1376 quidem
1679 1295 1750 1354 ad
1776 1312 1978 1372 regem

335 1383 831 1455 attinebant,cum
863 1403 926 1445 se
949 1392 1098 1446 totos
1121 1384 1822 1445 dedissentsermonibus
1843 1402 1980 1463 apo-

337 1471 496 1546 stoli,
530 1471 603 1532 ab
637 1490 706 1533 eo
733 1473 903 1536 avelli
947 1492 1064 1534 non
1113 1481 1424 1553 poterant:
1470 1490 1574 1532 rex
1622 1480 1817 1534 autem
1852 1472 1981 1552 ipse

337 1561 616 1622 detentus
639 1581 671 1622 a
703 1561 996 1640 profunda
1022 1563 1274 1642 caligine
1306 1560 1748 1641 ignorantiaa,et
1776 1579 1809 1620 a
1839 1560 1977 1640 qui-

335 1649 449 1710 bus
480 1650 777 1714 miraculis
811 1652 1119 1732 oportebat
1147 1651 1218 1712 ad
1252 1651 1444 1711 lucem
1501 1649 1756 1723 traduci,
1789 1649 1862 1710 ab
1891 1649 1979 1711 eis

338 1740 664 1803 voluntaria
679 1743 945 1804 caecitate
967 1743 1041 1804 ad
1059 1744 1340 1822 majorem
1356 1759 1641 1804 accensus
1659 1741 1946 1803 insaniam
1959 1790 1972 1816 ,

2062 677 2121 729 et
2142 668 2244 748 qui
2267 675 2392 729 erat
2412 675 2539 728 arte
2559 668 2818 727 humana
2840 666 3294 731 validior.Pater
3316 685 3456 743 ergo
3473 665 3710 747 (quidni

2061 759 2245 838 enim,
2280 758 2327 819 si
2362 756 2595 837 pater?)
2629 756 3002 818 inﬂectitura
3025 765 3234 818 natura
3267 756 3628 837 ﬂetibusque
3647 766 3710 821 et

2060 847 2337 928 lacrymis
2369 846 2667 924 irrigatur,
2702 845 3228 908 lamentationibus
3273 846 3572 923 laniatur;
3600 847 3708 908 sed

2058 936 2275 997 nullam
2311 935 2622 998 inveniens
2654 934 2793 996 mali
2837 935 3220 1010 solutionem,
3284 935 3708 998 miraculorum

2057 1025 2308 1104 apostoli
2336 1025 2705 1099 recordatur,
2742 1032 2800 1085 et
2841 1024 3144 1105 quaerebat
3177 1043 3414 1104 parvam
3445 1025 3707 1105 aliquam

2064 1123 2285 1196 partem
2311 1133 2378 1176 ex
2404 1115 2534 1193 ejus
2557 1114 2825 1193 reliquiis
2844 1113 2918 1175 ad
2951 1114 3311 1175 medendum
3339 1117 3391 1175 ei
3420 1113 3522 1195 qui
3542 1114 3705 1177 laboo

2063 1205 2248 1266 rabat.
2285 1203 2601 1284 Postquam
2635 1213 2836 1265 autem
2885 1203 3130 1264 rescivit
3183 1223 3301 1264 non
3350 1223 3706 1286 comparere

2063 1312 2278 1374 corpus
2298 1292 2715 1373 apostolicum,
2739 1291 2950 1354 saltem
2985 1293 3316 1373 pulverem,
3343 1311 3522 1373 quem
3554 1295 3706 1358 illud

2065 1384 2271 1461 tetigit,
2298 1381 2483 1462 jussit
2537 1383 2779 1444 afferre.
2839 1380 3004 1451 Quod
3039 1381 3282 1461 quidem
3317 1402 3450 1444 cum
3484 1384 3704 1447 factum

2064 1481 2242 1546 esset,
2274 1481 2466 1553 pater,
2493 1469 2800 1549 aegrotanti
2826 1470 2949 1531 ﬁlio
3001 1471 3240 1550 pulvere
3263 1469 3564 1550 imposito,
3600 1492 3702 1535 sa-

2064 1582 2205 1622 num
2234 1561 2381 1622 vidit
2406 1579 2752 1640 eum,quem
2784 1559 3026 1641 putabat
3055 1562 3440 1634 moriturum,
3465 1564 3706 1625 etiamsi

2063 1651 2163 1712 ille
2184 1651 2476 1712 modicam
2498 1650 2691 1711 lucem
2712 1649 3237 1729 agnitionis,quam
3257 1660 3707 1731 acceperat,sua

2060 1749 2270 1820 sponte
2300 1741 2626 1819 repulerat,
2661 1747 2720 1800 et
2779 1758 2922 1803 vere
2975 1746 3102 1800 erat
3165 1747 3455 1815 mortuus,
3489 1753 3553 1802 ut
3603 1743 3706 1825 qui

332 1829 705 1892 consultabat
733 1835 808 1892 de
836 1842 1025 1893 morte
1055 1831 1330 1912 apostoli.
1368 1830 1769 1902 Quamobrem
1814 1829 1973 1892 dicto
2000 1857 2034 1905 Β
2057 1831 2330 1893 acerbam
2365 1839 2615 1890 mortem
2652 1830 3017 1909 suscepisset
3071 1828 3416 1909 impietatis.
3459 1833 3531 1892 Et
3577 1834 3707 1896 haac

331 1920 508 1980 citius
533 1920 591 1980 in
614 1939 749 1982 eum
777 1921 887 1983 fert
915 1921 1270 1983 sententiam
1301 1939 1314 1983 :
1341 1930 1398 1982 et
1427 1920 1649 1981 lanceis
1670 1920 1743 1982 de
1778 1917 1974 1980 medio

330 2008 560 2070 tollitur
582 2029 828 2090 magnus
842 2013 936 2073 hic
951 2009 1386 2091 apostolus,qui
1413 2017 1654 2089 propter
1673 2008 1973 2071 Christum

337 2106 586 2159 mortem
612 2099 868 2160 libenter
890 2101 1330 2180 suscepit.Eum
1357 2098 1595 2160 beatum
1616 2097 1858 2178 quidem
1877 2099 1979 2177 ju-

333 2187 545 2248 dicavit
575 2191 790 2250 chorus
815 2209 1017 2251 eorum
1053 2189 1152 2269 qui
1178 2207 1284 2270 per
1314 2189 1512 2269 ipsum
1549 2187 1972 2250 crediderunt:

338 2275 575 2338 beatum
603 2288 798 2340 autem
833 2279 1071 2340 censuit
1104 2296 1339 2358 quoque
1391 2277 1612 2338 chorus
1640 2294 1848 2338 eorum
1877 2283 1978 2358 qui

338 2374 478 2426 sunt
507 2367 568 2426 in
601 2369 856 2430 excelsis
891 2391 903 2427 :
942 2368 1280 2447 plausitque
1323 2370 1626 2446 justorum
1665 2365 1978 2427 multitudo

341 2473 477 2516 cum
511 2457 812 2535 apostolis,
845 2457 1113 2518 videntes
1164 2475 1392 2518 sacram
1426 2456 1589 2516 illam
1624 2463 1680 2516 et
1715 2454 1976 2516 divinam

333 2550 584 2606 animam
612 2547 664 2606 in
693 2548 873 2609 melos
893 2546 1307 2620 asendentem,
1332 2554 1391 2607 et
1420 2546 1700 2626 stipatam
1727 2546 1974 2625 angelo-

329 2651 461 2694 rum
495 2636 830 2700 ordinibus.

408 2726 508 2788 Xl.
545 2726 694 2799 Quid
729 2735 922 2788 autem
957 2727 1241 2809 deinceps
1257 2724 1737 2805 consequitur,et
1766 2724 1908 2805 quid
1941 2744 1973 2787 e

323 2815 562 2895 superis
622 2818 889 2896 providet
940 2825 999 2879 et
1052 2818 1361 2897 dispensat
1392 2814 1650 2888 bonitas,
1698 2813 1972 2878 homines

323 2906 626 2968 attrahens
645 2906 716 2968 ad
751 2909 1031 2990 pietatem
1051 2913 1078 2969 ?
1106 2906 1349 2968 Sacrum
1381 2903 1620 2987 quidem
1659 2901 1806 2966 illud
1830 2923 1969 2968 cor-

2060 1920 2300 2001 quidem
2334 1927 2617 2002 quantum
2652 1918 2820 1980 licuit
2854 1937 2971 1979 non
2997 1918 3336 1980 aberrando
3371 1938 3405 1980 a
3427 1923 3700 1998 veritate,

2061 2010 2390 2090 composita
2421 2009 2750 2088 fuerunt,et
2779 2008 3149 2087 conscripta,
3175 2015 3235 2070 et
3265 2010 3516 2089 apostoli
3547 2011 3708 2075 laudi

2061 2107 2200 2160 sunt
2229 2099 2517 2161 dedicata.
2547 2098 2747 2159 Tantae
2771 2096 2945 2160 nobis
2967 2097 3183 2160 laetitiae
3201 2117 3377 2160 causa
3408 2109 3498 2160 est
3527 2101 3708 2164 hodie

2063 2187 2342 2252 Thomas.
2364 2187 2474 2249 Per
2496 2206 2674 2264 quem
2709 2191 2884 2249 etiam
2907 2187 3188 2250 Indorum
3214 2186 3480 2267 barbarae
3499 2200 3707 2267 gentes

2063 2277 2398 2340 didicerunt
2429 2296 2559 2338 eam
2589 2277 2766 2353 viam,
2793 2295 2925 2357 quae
2952 2275 3066 2338 fert
3097 2276 3171 2338 ad
3205 2278 3388 2338 cmlos
3421 2298 3436 2338 :
3473 2289 3532 2341 et
3553 2301 3708 2361 quo-

2062 2385 2194 2429 rum
2228 2384 2478 2447 corpora
2509 2373 2678 2428 erant
2706 2367 2852 2427 solis
2881 2366 3064 2427 radiis
3112 2365 3443 2444 denigrata,
3496 2387 3706 2432 evase-

2059 2465 2198 2518 runt
2237 2455 2508 2517 candidis
2531 2456 2802 2537 laetisque
2837 2463 2896 2517 et
2925 2453 3223 2516 alacribus
3251 2455 3491 2532 animis,
3521 2460 3620 2540 qui
3643 2461 3708 2523 in

2059 2545 2513 2625 intelligentiam
2547 2546 2725 2616 cadit,
2753 2544 2881 2608 sole
2903 2563 3053 2626 pure
3073 2562 3143 2608 ac
3164 2546 3428 2609 suaviter
3449 2549 3537 2610 eis
3562 2549 3707 2612 illu-

2059 2645 2337 2698 cescente
2373 2653 2386 2697 :
2423 2635 2493 2696 ad
2533 2635 2781 2714 gloriam
2815 2633 3028 2710 Patris,
3063 2644 3122 2696 et
3166 2634 3326 2712 Filii,
3361 2646 3418 2698 et
3447 2640 3706 2720 Spiritus

2055 2726 2266 2804 sancti,
2307 2724 2507 2800 unius,
2543 2732 2601 2786 et
2631 2742 2766 2801 quae
2797 2723 2980 2786 dividi
3027 2743 3143 2786 non
3181 2733 3394 2804 potest,
3422 2726 3703 2794 divinita-

2056 2816 2131 2877 tis
2165 2833 2177 2877 :
2218 2831 2395 2895 quam
2430 2815 2604 2876 decet
2635 2812 2843 2894 gloria,
2881 2814 3072 2876 honor
3107 2821 3166 2876 et
3211 2815 3479 2878 adoratio
3519 2837 3702 2904 nunc,

2054 2922 2316 2986 semper,
2343 2913 2404 2966 et
2436 2904 2496 2966 in
2524 2904 2742 2966 saecula
2772 2904 3148 2967 saeculorum.
3187 2906 3407 2969 Amen.

829 3226 1475 3314 ΜΑΡΤΥΡΙΟΝ
1545 3226 1769 3310 ΤΩΝ
1839 3227 2176 3312 ΑΓΙΩΝ
2251 3225 2539 3310 ΔΕΚΑ
2608 3227 3212 3313 ΜΑΡΤΥΡΩΝ

732 3804 1567 3914 MARTYRIUM
1670 3804 1860 3914 SS.
1954 3801 2415 3912 DECEM
2527 3799 3312 3911 MARTYRUM

1165 4059 1353 4158 QUI
1451 4059 1563 4144 IN
1662 4053 2023 4142 CRETA
2123 4050 2431 4139 PASSI
2529 4051 2854 4146 SUNT.

646 4256 824 4315 Greece
842 4258 972 4331 apud
995 4257 1304 4332 Cornelium,
1327 4261 1489 4318 Creta
1507 4273 1690 4325 sacra,
1723 4260 1784 4315 4°
1814 4256 2042 4316 Venotiis
2070 4257 2204 4313 1745
2229 4273 2241 4320 ;
2271 4254 2448 4311 Latine
2472 4254 2602 4327 apud
2626 4253 2832 4310 Surium
2853 4252 2914 4308 ad
2943 4251 3012 4310 23
3034 4252 3374 4326 Decembris.)

411 4525 494 4586 A'.
571 4517 779 4590 ’Ἄλλος
812 4527 910 4602 μὲν
948 4524 1077 4583 ἄλλο
1107 4550 1155 4583 τι
1204 4527 1300 4595 τῆς
1331 4526 1685 4606 θρυλουμένης
1736 4524 1966 4592 διεξιέτω

2129 4523 2171 4587 Ι.
2207 4523 2376 4587 Alius
2399 4523 2638 4603 quidem
2681 4521 2911 4602 aliquid
2946 4519 3107 4582 aliud
3147 4525 3543 4601 persequatur
3574 4537 3708 4583 ora-

330 4617 570 4688 Κρήτκς,
604 4616 631 4670 6
671 4615 768 4688 μὲν
799 4616 858 4670 τὸ
916 4613 1136 4688 κάλλος,
1184 4620 1210 4671 6
1241 4613 1295 4670 δὲ
1332 4617 1394 4670 τὸ
1425 4615 1670 4692 μέγεθος,
1708 4616 1791 4669 καὶ
1822 4616 1849 4670 6
1881 4614 1976 4688 μὲν

322 4705 486 4783 τείχη
512 4705 598 4759 καὶ
661 4702 900 4778 λιμένας,
935 4706 962 4759 6
1021 4702 1074 4759 δὲ
1116 4709 1218 4759 τῶν
1250 4705 1400 4780 ὡρῶν
1431 4704 1529 4770 τὴν
1586 4709 1770 4782 κρᾶσιν
1802 4704 1889 4758 καὶ
1919 4704 1978 4758 τὸ

323 4795 430 4849 τῶν
495 4799 714 4861 καρπῶν
760 4793 1000 4870 εὔφορον
1077 4791 1182 4870 ἐγὼ
1240 4791 1293 4848 δὲ
1337 4795 1364 4848 ὃ
1425 4791 1594 4850 πάντα
1637 4791 1804 4848 τᾶλλα
1863 4798 1981 4863 νικᾷ

323 4886 413 4939 καὶ
472 4882 540 4950 ἢν
591 4883 761 4958 μόνην
812 4881 954 4947 ἀξίαν
1001 4880 1211 4956 εἴποιμι
1271 4892 1362 4940 τοῦ
1402 4883 1599 4948 ταύτης
1659 4880 1981 4960 δημιουργού

322 4972 517 5051 φορὰν,
552 4975 748 5039 ταύτην
807 4975 907 5049 πρὸ
968 4977 1072 5027 τῶν
1125 4971 1298 5028 ἄλλων
1357 4971 1480 5049 ἐρῶ.
1542 4972 1626 5034 Τίς
1661 4970 1713 5025 δὲ
1759 4970 1906 5033 οὗτος
1956 4972 1982 5025 ὁ

322 5062 534 5138 καρπὸς
605 5062 700 5117 καί
755 5062 830 5126 τίς
890 5063 916 5116 6
973 5068 1221 5126 τοσοῦτος
1274 5058 1367 5127 δῆς
1405 5061 1564 5128 νήσου
1595 5061 1848 5135 κόσμος;
1895 5059 1982 5121 Τίς

326 5151 509 5225 ἕτερος
633 5151 660 5205 ὁ
708 5154 848 5215 θεῖος
878 5151 984 5206 τῶν
1033 5151 1309 5228 μαρτύρων
1358 5150 1609 5229 χορὸς,ὀ
1655 5148 1980 5222 ἐπαινούμε-

325 5260 415 5303 νος
495 5239 739 5318 ἀριθμὸς,
795 5241 852 5294 τὸ
934 5239 1144 5295 πάντων
1229 5241 1326 5314 μὲν
1394 5238 1671 5301 θεαμάτων
1741 5237 1977 5310 ἥδιστον,

629 5327 678 5383 δὲ
760 5327 1110 5402 ἀκουσμάτων
1184 5327 1654 5407 ὠξελιμώτατον;
1727 5329 1773 5382 οἱ
1832 5324 1978 5399 δέκα,

332 5419 494 5495 φημὶ,
552 5425 643 5474 τοῦ
702 5425 930 5496 Χριστοῦ
999 5431 1335 5498 στεφαντται,
1391 5419 1435 5473 οἱ
1511 5417 1570 5472 ἐκ
1621 5417 1817 5483 ταύτης
1889 5416 1984 5490 μὲν

335 5505 708 5582 προελθόντες,
764 5507 1110 5585 γενναιότατα
1170 5505 1224 5562 δὲ
1281 5507 1368 5562 καὶ
1427 5505 1554 5584 ὑπὲρ
1588 5513 1816 5584 Χριστοῦ
1847 5527 1986 5582 παρα

336 5596 678 5675 τηρήσαντες,
726 5597 779 5651 οἳ
835 5598 920 5651 καὶ
980 5595 1117 5652 καλὰ
1148 5617 1209 5674 γε
1280 5595 1444 5656 ὄντως
1501 5592 1866 5652 ἀποδεδώκασι
1924 5595 1990 5650 τὰ

338 5684 562 5762 τροφεῖα
612 5685 774 5762 τιμῆς
821 5683 954 5752 ὅστις
1013 5685 1178 5753 αὐτὴν
1239 5683 1559 5754 ἀξιώσαντες
1609 5687 1669 5740 τὸ
1730 5705 1986 5766 μαρτυρι-

328 5326 543 5384 πλντων
625 5327 678 5383 δὲ

2063 4613 2247 4687 tione,
2281 4613 2440 4674 illius
2462 4629 2593 4691 quae
2628 4611 2798 4689 vulgo
2817 4613 3097 4690 jactatur,
3125 4609 3312 4672 Cretae
3338 4626 3354 4682 ;
3390 4609 3540 4671 alius
3565 4609 3705 4690 qui-

2063 4704 2196 4764 dem
2229 4699 2772 4781 pulchritudinem,
2801 4701 2953 4761 alius
2975 4718 3110 4761 vero
3142 4698 3708 4775 magnitudinem,et

2063 4793 2215 4853 alius
2245 4790 2487 4872 quidem
2525 4789 2745 4852 muenia
2778 4797 2835 4850 et
2887 4797 3118 4868 portus,
3153 4788 3302 4848 alius
3327 4796 3522 4848 autem
3551 4789 3710 4850 aeris

2069 4880 2567 4960 temperationem
2602 4887 2660 4940 et
2688 4879 2986 4940 fructuum
3022 4875 3541 4955 fertilitatem.Ego
3563 4895 3705 4939 vero

2067 4970 2150 5043 id,
2184 4969 2337 5050 quod
2371 4969 2486 5029 alia
2545 4967 2727 5029 vincit
2785 4967 3008 5046 omnia,
3043 4973 3102 5026 et
3155 4983 3328 5044 quam
3361 4967 3546 5026 solam
3579 4965 3707 5043 ejus

2063 5058 2280 5139 opiﬁce
2311 5058 2546 5135 dignam
2608 5055 2860 5116 dixerim
2920 5053 3315 5126 feracitatem,
3352 5071 3481 5113 eam
3512 5053 3704 5113 dicam

2064 5156 2197 5207 ante
2219 5145 2651 5218 alia.Quisnam
2684 5150 2774 5205 est
2798 5142 2896 5204 hic
2917 5142 3167 5220 fructus,
3196 5151 3254 5202 et
3293 5140 3593 5220 quodnam
3617 5149 3709 5201 est

2066 5243 2288 5298 tantum
2311 5235 2520 5296 insulae
2563 5231 3024 5294 ornamentum?
3055 5229 3208 5302 Quid
3243 5229 3425 5303 aliud,
3461 5228 3578 5289 nisi
3609 5229 3708 5290 di-

2067 5326 2236 5386 vinus
2265 5325 2483 5386 chorus
2510 5333 2858 5401 martyrum,
2887 5328 2944 5381 et
2966 5320 3070 5400 qui
3094 5320 3369 5381 laudatur
3398 5335 3706 5393 numerus,

2070 5423 2127 5475 et
2149 5413 2304 5494 quod
2330 5413 2595 5474 omnium
2619 5409 2863 5491 quidem
2887 5419 2975 5470 est
2997 5408 3473 5490 spectaculorum
3493 5407 3710 5485 jucun-

2071 5503 2402 5577 dissimum,
2439 5521 2506 5564 ac
2548 5505 2951 5563 acroamatum
2984 5497 3247 5560 omnium
3279 5495 3710 5558 utilissimum?

2072 5592 2316 5672 Decem,
2351 5593 2638 5672 inquam,
2664 5588 2749 5650 illi
2782 5607 2886 5669 pro
2920 5587 3151 5650 Christo
3184 5584 3442 5665 martyrii
3473 5584 3710 5647 coronis

2074 5681 2340 5746 redimiti
2374 5701 2388 5746 :
2420 5681 2522 5764 qui
2553 5698 2623 5744 ex
2655 5697 2725 5742 ea
2756 5677 2994 5760 quidem
3029 5682 3470 5758 processerunt,
3503 5674 3708 5738 fortis-
