4028 6138
296 360 303 365 ,
352 274 470 344 567

1659 282 1825 345 ΜΕΝ
1829 281 1941 345 SIS
1985 281 2411 349 DECEMBER.

3604 288 3733 355 568

351 416 506 479 sime
526 421 724 480 autem
756 433 862 497 pro
907 415 1137 479 Christo
1170 414 1412 479 subiere
1462 407 1855 497 martyrium:
1895 415 1981 497 qui

2079 423 2188 481 κῶς
2246 419 2299 476 ἐν
2328 421 2496 499 ταύτῃ
2554 418 2921 490 τελειωθῆναι.
2983 404 3163 487 "Ome;
3220 423 3274 480 δὲ
3333 424 3564 483 συνελὼν
3615 422 3731 495 ἢδη

354 502 484 570 eam
506 523 610 587 pro
632 504 932 568 alimentis
946 524 1151 567 revera
1171 507 1425 587 pulchre
1449 516 1588 567 sunt.
1605 505 1994 580 remunerati,

2082 505 2109 560 6
2152 506 2309 586 λόγος
2343 509 2475 590 ἐρεῖ.

349 613 487 659 cum
544 614 676 658 eam
708 603 869 658 tanto
919 596 1147 657 honore
1175 595 1507 669 affecerint,
1556 602 1712 656 utin
1769 613 1838 657 ea
1881 612 1988 674 per
2047 598 2395 677 martyrium
2454 598 2681 660 fuerint
2739 600 3157 666 consummati.
3192 601 3499 675 Quomodo
3560 622 3733 681 vero,

351 685 557 766 paucis
580 686 702 765 jam
738 686 948 747 oratio.

429 776 504 838 Il.
539 774 759 836 Decius
782 773 1019 849 ille,qui
1047 792 1259 853 magno
1291 774 1401 836 fuit
1424 774 1621 836 furore
1648 774 1997 853 percitus,et

350 864 425 927 ad
454 864 901 946 persequendos
929 864 1300 927 Christianos
1340 866 1603 925 omnium
1629 863 1741 923 fuit
1762 861 1993 924 violen-

351 954 638 1029 tissimus,
676 954 727 1015 is
759 960 897 1015 tunc
927 961 1164 1035 sceptra
1195 962 1405 1016 tenens
1437 951 1671 1033 imperii
1700 954 1997 1012 Romano-

347 1061 509 1119 rum,
544 1043 722 1124 hujus
751 1043 962 1105 insulae
1009 1044 1320 1105 constituit
1350 1041 1769 1124 proconsulem
1802 1041 1992 1101 virum

350 1133 692 1217 quemdam,
719 1133 820 1214 qui
850 1132 1063 1196 eodem
1098 1150 1336 1214 quoque
1369 1131 1609 1192 nomine
1641 1129 1992 1211 appellaba-

348 1234 469 1299 tur,
521 1241 738 1305 nempe
764 1222 1004 1296 Decius,
1040 1240 1161 1283 non
1219 1221 1414 1283 minus
1459 1230 1684 1300 autem,
1718 1237 1897 1302 quam
1930 1219 1990 1280 in

347 1311 1027 1393 nomine,conveniebat
1058 1311 1117 1371 in
1151 1309 1438 1371 moribus.
1474 1309 1582 1382 Qui
1617 1327 1751 1370 cum
1783 1309 1995 1371 fuisset

351 1400 415 1465 in
444 1402 640 1482 Creta,
671 1418 796 1464 rem
828 1417 1064 1482 parvam
1113 1399 1486 1474 existimavit,
1523 1407 1580 1459 et
1613 1416 1742 1476 quae
1770 1398 1992 1460 nullam

347 1492 600 1555 haberet
628 1488 1059 1552 immanitatem
1092 1496 1150 1550 et
1176 1487 1585 1562 saevitiam,om
1599 1506 1704 1549 nes
1735 1487 1834 1569 qui
1858 1497 1997 1549 sunt

345 1580 410 1644 in
439 1598 509 1640 ea
526 1578 1236 1658 Christianos,postquam
1270 1577 1631 1657 subjecisset
1654 1578 1995 1639 innumera-
2020 1571 2056 1619 Β

345 1667 566 1732 bilibus
597 1667 918 1747 generibus
976 1674 1434 1738 tormentorum,
1500 1666 1721 1728 deinde
1772 1665 1994 1728 acerbe

344 1759 560 1822 tollere
596 1758 671 1820 de
703 1756 1370 1829 medio.Qumrebantur
1401 1774 1540 1835 ergo
1571 1764 1871 1830 omnes,et
1897 1760 1988 1817 in-

340 1846 822 1922 veniebantur,et
842 1846 1261 1927 comprehensi
1283 1846 1351 1906 ad
1378 1845 1571 1925 ipsum
1594 1845 1984 1907 ducebantur.

341 1936 488 2002 Cum
512 1935 727 2017 quibus
749 1934 847 1996 hic
870 1954 1111 2016 quoque
1131 1952 1300 1997 sacer
1334 1935 1576 2015 chorus,
1614 1934 1988 2015 praestantis-

343 2028 633 2090 simorum
662 2025 920 2087 virorum
958 2025 1449 2100 denarius,veluti
1482 2043 1551 2086 ex
1585 2026 1826 2106 Optimis
1856 2026 1984 2088 exi-

343 2115 451 2179 mii
474 2114 681 2178 selecti
704 2113 1044 2176 civitatibus
1069 2134 1082 2175 :
1112 2132 1361 2196 quorum
1415 2113 1564 2175 alios
1592 2114 1832 2194 quidem
1858 2134 1989 2176 ma-

340 2206 508 2269 xima
554 2205 847 2284 omnium,
888 2223 1020 2285 quae
1051 2203 1173 2265 illic
1223 2212 1420 2278 erant,
1457 2204 1708 2284 praebuit
1738 2204 1985 2277 civitas;

339 2294 443 2359 alii
470 2302 668 2356 autem
701 2294 816 2355 orti
847 2301 1015 2355 erant
1076 2312 1146 2355 ex
1197 2292 1370 2367 aliis;
1422 2293 1822 2355 communiter
1849 2311 1993 2356 vero

342 2385 521 2465 simul
549 2400 759 2445 omnes
790 2381 1243 2444 festinabantad
1276 2402 1477 2457 unam,
1514 2402 1643 2464 qua;
1667 2391 1756 2444 est
1781 2385 1838 2443 in
1874 2402 1991 2445 cae-

336 2474 434 2549 lis,
468 2471 785 2535 civitatem.
824 2471 869 2532 li
910 2489 1045 2533 cum
1071 2483 1211 2533 tunc
1234 2471 1535 2533 stetissent
1560 2479 1698 2532 ante
1727 2490 1983 2552 procon—

337 2564 559 2645 sulem,
593 2581 742 2643 quos
765 2578 887 2623 non
910 2568 1050 2622 tunc
1076 2560 1317 2640 quidem
1348 2577 1660 2621 sermones
1685 2560 1872 2621 libere
1893 2562 1991 2623 ha-

2161 777 2241 841 B'.
2307 779 2493 842 Δέκιος
2546 780 2574 835 6
2631 777 2795 845 πολὺς
2853 781 2953 848 τὴν
2997 782 3187 857 μανίαν
3232 785 3318 840 διαὶ
3372 787 3434 841 τὸ
3482 782 3740 856 κολάζειν

2077 869 2444 945 Χριστιανοὺς,
2502 870 2752 925 ἁπάντων
2810 871 2837 927 6
2880 871 3186 947 βιαιότατος
3244 872 3394 938 οὗτος
3453 876 3541 932 καὶ
3585 879 3738 944 σκῆ-

2078 979 2215 1036 πτρα
2272 955 2394 1013 τότε
2449 947 2726 1033 Ῥωμαίοις
2785 956 3004 1033 διέπων,
3035 960 3129 1028 τῆς
3183 962 3347 1032 νήσου
3377 963 3570 1031 ταύτης
3623 965 3736 1019 ἂν-

2076 1047 2305 1103 θύπατον
2362 1049 2582 1119 καθιστᾷ
2637 1046 2799 1126 ἄνδρα
2853 1049 2993 1121 τινὰ,
3058 1049 3244 1106 Δέκιον
3299 1052 3396 1128 μὲν
3436 1054 3522 1109 καὶ
3568 1054 3736 1110 αὐτὸν

2078 1137 2375 1213 ὁμωνύμως
2418 1135 2771 1215 καλούμενον,
2835 1138 2938 1218 οὐχ
2982 1140 3145 1206 ἧττον
3203 1138 3259 1196 δὲ
3316 1140 3408 1198 τοῦ
3463 1141 3732 1218 δνόματος

2079 1226 2166 1282 καὶ
2216 1238 2333 1291 τοῖς
2366 1225 2582 1304 τρόποις
2643 1227 3099 1303 συνηρμοσμένον·
3128 1231 3186 1295 ὃς
3233 1231 3289 1286 ἓν
3322 1231 3504 1309 Κρήτῃ
3560 1233 3730 1311 γενό-

2080 1335 2240 1390 μενος
2298 1316 2487 1395 μιιιρὸν
2557 1315 2712 1396 ἔργον
2761 1317 3006 1395 ἡγήσατο
3054 1319 3143 1375 καὶ
3197 1317 3343 1378 οὐδὲν
3386 1319 3518 1402 ἔχοι
3573 1321 3729 1396 ὠμὸν

2081 1402 2196 1462 οὐδὲ
2245 1403 2449 1483 ἄγριον,
2504 1407 2565 1462 τὸ
2624 1405 2827 1471 πάντας
2884 1407 3003 1473 τοὺς
3059 1407 3111 1463 ὲν
3158 1409 3326 1486 ταύτῃ
3385 1411 3730 1488 Χριστιανοὺς

2081 1494 2215 1564 μετὰ
2269 1495 2329 1550 τὸ
2377 1496 2583 1572 μύριαις
2639 1495 2888 1553 ὑπελθεῖν
2945 1497 3187 1572 βασάνων
3246 1495 3429 1570 ἰδέαις,
3463 1499 3584 1556 εἶτα
3634 1501 3729 1555 καὶ

2079 1587 2282 1659 πικρῶς
2351 1583 2585 1648 ἀνελεῖν,
2676 1586 3051 1657 ’Λνεζητοῦντο
3102 1589 3276 1643 τοίνυν
3357 1590 3445 1645 καὶ
3513 1587 3726 1666 ἀνευρί-

2076 1694 2266 1728 σκοντο
2340 1674 2535 1736 πάντες
2608 1677 2694 1731 καὶ
2771 1675 2901 1754 πρὸς
2988 1674 3143 1732 αὐτὸν
3232 1675 3726 1754 συλλαμϐανόμενοι

2074 1760 2290 1839 ἤγοντο·
2355 1761 2472 1839 μεθ’
2528 1767 2603 1819 ὧν
2661 1764 2749 1821 καὶ
2804 1765 2831 1819 ὀ
2873 1765 3011 1844 ἱερός
3070 1767 3221 1829 οὗτος
3280 1768 3468 1847 χορὸς,
3518 1769 3553 1836 ἡ
3616 1770 3723 1824 τῶν

2073 1849 2330 1927 ἀριστέων
2403 1850 2583 1932 δεκὰς,
2652 1850 2873 1932 λογάδες
2942 1851 3120 1933 ὥσπερ
3189 1853 3539 1934 ἐξειλεγμένοι
3622 1857 3722 1913 τῶν

2075 1938 2295 2017 ἀρίστων
2341 1941 2576 2021 πόλεων,
2615 1944 2690 1998 ὧν
2719 1943 2840 2008 τοὺς
2885 1943 2984 2018 μὲν
3038 1945 3070 2011 ἡ
3104 1945 3329 2022 μεγίστη
3375 1951 3559 2002 πασῶν
3616 1952 3722 2002 τῶν

2071 2031 2190 2085 ἒκεῖ
2250 2043 2489 2110 παρεῖχε
2541 2029 2715 2111 πόλις,
2761 2034 2807 2087 οἱ
2858 2029 2912 2087 δὲ
2961 2029 3121 2098 ἄλλος
3152 2034 3249 2108 μὲν
3299 2032 3350 2100 ἔξ
3393 2033 3561 2104 ἄλλης
3612 2035 3720 2114 ὥρ-

2075 2140 2242 2197 μητο,
2276 2121 2428 2194 κοινῇ
2458 2117 2512 2174 δὲ
2551 2118 2697 2194 ὅμως
2727 2120 2922 2185 πάντες
2971 2122 3102 2201 πρὸς
3134 2122 3259 2197 μίαν
3316 2124 3415 2191 τὴν
3443 2124 3498 2180 ἒν
3557 2125 3720 2204 οὖρα·

2075 2220 2190 2272 νοῖς
2253 2207 2409 2263 πόλιν
2464 2208 2771 2287 ἦπειγοντο.
2831 2210 3007 2285 Οὗτοι,
3043 2212 3115 2275 ὡς
3167 2218 3242 2285 τῷ
3275 2211 3555 2285 ἀνθυπάτῳ
3600 2218 3720 2272 τότε

2077 2296 2443 2374 παρέστησαν,
2503 2298 2650 2362 τίνας
2718 2300 2815 2375 μὲν
2883 2302 2978 2357 οὒκ
3048 2299 3358 2380 ἐφθέγξαντο
3428 2301 3721 2382 παρρησίας

2078 2384 2293 2465 λόγους,
2326 2389 2429 2443 τίσι
2489 2385 2542 2443 δὲ
2575 2389 2668 2445 οὒκ
2728 2387 3038 2468 ἀπέκρυψαν
3095 2390 3267 2469 ἔργοις
3298 2391 3418 2457 τοὺς
3477 2395 3718 2471 λόγους;

2076 2477 2170 2531 καί
2215 2477 2330 2532 τίνα
2384 2475 2481 2551 μὲν
2514 2478 2607 2533 οὐκ
2663 2475 2893 2544 ἐπῆλθον
2919 2478 3163 2555 βασάνων
3205 2477 3324 2536 ὀδόν
3358 2497 3374 2555 ;
3408 2480 3522 2538 τίνα
3554 2479 3607 2537 δὲ
3666 2486 3725 2542 οὗ

2080 2528 2351 2640 annos
2384 2528 2887 2643 ’ζέιζυζξίαῖᾙ
2919 2528 3164 2646 iam;
3192 2528 3374 2645 ,⁷⁷ἒέτί
3419 2528 3724 2649 ’ὲξῖἀξονξέ

336 2652 648 2716 buerunt?
670 2651 1026 2733 quibusnam
1060 2649 1451 2738 autemifactis
1467 2666 1585 2708 non
1605 2648 1969 2710 obscurarun

2079 2653 2172 2717 τὰς
2231 2653 2407 2718 πάσας
2468 2654 2668 2731 ἡμέρας
2726 2657 3075 2738 αἰκιζόμενοι,
3120 2648 3538 2736 στρεϐλούμενοι,
3584 2659 3724 2716 κατᾶ

333 2741 692 2804 sermones?
720 2748 779 2801 et
802 2740 1102 2827 quodnam
1136 2737 1383 2827 quidem
1422 2746 1857 2800 tormentorum
1885 2741 1981 2802 iter

2080 2747 2179 2820 γῆς
2239 2742 2543 2821 συρόμενοι,
2579 2742 2740 2807 λίθοις
2783 2737 3129 2821 βαλλόμενοι,
3162 2748 3290 2824 πρὸς
3322 2746 3376 2826 δξ
3431 2747 3720 2827 γελώμενοί

335 2847 458 2892 non
517 2827 963 2910 pervaserunt?
1011 2825 1326 2902 Quodnam
1377 2838 1580 2889 autem
1638 2829 1981 2910 suppliciun

2078 2853 2135 2887 τε
2195 2833 2281 2889 καὶ
2342 2831 2699 2909 ἐμπτυόμενοι
2766 2835 2853 2890 καὶ
2929 2835 3071 2891 ἅπαν
3135 2836 3281 2902 εἶδος
3351 2825 3713 2915 μυκτηρισμοῦ

332 2935 454 2982 non
484 2925 841 3005 superarunt
863 2916 1206 2997 tolerantia,
1237 2915 1402 2987 caesi,
1435 2922 1596 2997 tnrti,
1632 2935 1738 2996 per
1769 2929 1981 2980 terram

2073 2920 2377 3001 φέροντεςς
2438 2920 2608 2979 Ἀλλὰ
2664 2933 2825 2982 ταῦτα
2875 2923 2972 2999 μὲν
3024 2922 3239 2992 ἐκείνοις
3296 2927 3556 3005 γομνάσια
3610 2933 3716 2985 τῶν

333 3006 529 3082 tracti,
571 3004 874 3086 lapidibus
932 3005 1208 3086 appetiti,
1275 3005 1465 3086 irrisi,
1526 3014 1884 3088 consputati,
1935 3017 1981 3069 el

2074 3010 2381 3085 μελλόντων
2443 3014 2532 3069 καὶ
2601 3012 2696 3069 οἷα
2758 3013 3200 3091 προαγωνίσματα
3267 3004 3352 3084 ἧν.
3442 3017 3589 3074 Ἐπεὶ
3665 3014 3722 3073 δὲ

334 3113 513 3158 omne
541 3112 737 3174 genus
768 3095 1033 3157 ferentes
1087 3094 1624 3157 subsannationis?
1672 3096 1787 3157 Sed
1822 3106 1981 3159 erant

2073 3100 2174 3157 ἔδει
2232 3102 2450 3166 τούτους
2522 3103 2610 3159 καὶ
2666 3102 2732 3159 τὰ
2785 3100 2992 3180 μεγάλα
3056 3101 3278 3181 δραμεῖν
3345 3105 3614 3181 Ὀλύμπια
3656 3108 3722 3163 τὰ

337 3184 467 3247 hinc
501 3183 749 3265 quidem
806 3183 1308 3273 illisfuturorum
1362 3183 1682 3263 gymnasia,
1719 3193 1777 3245 et
1806 3185 1981 3248 veluti

2072 3192 2180 3249 τῶν
2248 3193 2471 3268 καιρῶν,
2537 3192 2807 3265 βασάνωδ,
2857 3193 3016 3268 γημὶ,
3060 3192 3254 3270 ὥριστο
3311 3192 3365 3249 δὲ
3417 3196 3507 3250 καί
3546 3197 3721 3273 ἡμέρα

336 3273 605 3355 quaedam
634 3272 1574 3361 praeexercitationes.Postquam
1592 3282 1788 3335 autem
1802 3292 1979 3355 apor-

2072 3286 2177 3336 τῶν
2233 3278 2562 3359 Ἰαννουρίων
2613 3278 2889 3337 καλανδῶν
2945 3282 2980 3349 ἡ
3037 3284 3139 3361 πρὸ
3195 3281 3340 3355 δέκα,
3373 3284 3460 3340 καὶ
3505 3286 3567 3341 τὸ
3626 3272 3722 3351 μὲν

332 3361 494 3425 tebat
506 3380 606 3423 eos
620 3378 827 3441 magna
842 3360 1976 3453 currereOlympia,temporis,inquam,

2072 3370 2213 3445 Ξῇμα
2276 3370 2599 3448 ηὐτρέπιστο
2657 3373 2753 3425 καὶ
2828 3372 2855 3426 ὁ
2912 3370 3203 3438 ἀνθύπατος
3259 3372 3613 3453 προεκάθητο,
3674 3372 3720 3432 οἱ

329 3458 764 3514 tormentorum
800 3470 816 3526 ;
848 3459 975 3512 erat
1004 3467 1143 3511 vero
1175 3449 1307 3512 dies
1350 3453 1715 3530 praestitutus
1746 3453 1979 3515 decimo

2072 3458 2126 3515 δὲ
2178 3457 2401 3525 ἀθληταὶ
2464 3458 2682 3538 ἤγοντο*
2748 3457 2967 3536 πλήρεις
3009 3462 3063 3518 δὲ
3112 3465 3249 3531 ἦσαν
3293 3449 3476 3543 ἄμφω,
3511 3466 3559 3520 οἱ
3594 3449 3719 3538 -μὲν

327 3539 628 3604 Kalendas
657 3538 970 3603 Januarias
1007 3556 1023 3615 ;
1058 3548 1114 3601 et
1153 3547 1419 3620 paratum
1454 3540 1693 3622 quidem
1723 3544 1976 3603 erattrio

328 3630 605 3712 bunal,et
638 3628 994 3710 praesidebat
1030 3629 1763 3710 proconsu|,ducebantur
1781 3632 1976 3694 athle-

325 3727 400 3783 ta)
437 3740 450 3783 :
486 3719 646 3800 pleni
667 3736 805 3780 vero
840 3727 1013 3781 erant
1042 3718 1245 3791 ambo,
1277 3718 1337 3779 hi
1375 3718 1620 3794 quidem
1650 3719 1831 3782 adimi
1860 3721 1973 3783 ala-

2069 3548 2381 3628 προθυμίας,
2414 3550 2442 3605 6
2472 3545 2524 3605 δὲ
2561 3548 2726 3625 θυμοῦ
2755 3552 2851 3605 καὶ
2891 3550 3091 3625 ἀνοίας,
3136 3553 3224 3608 καὶ
3284 3558 3358 3626 τῷ
3400 3552 3499 3627 μὲν
3547 3553 3716 3611 κολά-

2060 3646 2168 3711 ζειν
2221 3638 2385 3718 μέχρι
2452 3639 2540 3695 καὶ
2581 3636 2834 3705 τελευτῆς
2890 3641 2924 3708 ἡ
2965 3641 3130 3720 ῥοπὴ,
3163 3654 3281 3706 τοῖς
3344 3640 3398 3697 δὲ
3440 3642 3718 3717 ὑπομένείν

2060 3729 2147 3787 καὶ
2190 3732 2289 3795 τῆς
2341 3727 2583 3809 ἐσχάτης
2614 3727 2745 3807 ἄχρι
2810 3733 2979 3796 πνοῆς
3035 3732 3068 3798 ἡ
3120 3732 3458 3810 παρασκευήο
3508 3732 3718 3811 ὀργίλον

327 3810 559 3883 critate,
596 3809 699 3872 ille
724 3825 863 3873 vero
902 3808 1104 3899 furore
1136 3808 1476 3899 etinsania.
1502 3806 1573 3869 Et
1603 3807 1705 3899 ille
1732 3809 1973 3892 quidem

2072 3821 2244 3880 ιῦτοῖς
2298 3806 2573 3892 ἐμϐλέψας
2607 3806 2705 3874 mi
2751 3818 2991 3895 φονικὸδ,
3028 3819 3114 3883 Τίς
3243 3821 3499 3895 τοσαύτη,
3541 3806 3712 3899 λέγει,

333 3907 465 3989 erat
494 3915 829 3989 propensus
860 3897 931 3960 ad
967 3896 1333 3989 puniendum
1368 3916 1556 3978 usque
1586 3898 1657 3989 ad
1694 3911 1970 3982 mortem,

2072 3909 2168 3964 τῶν
2224 3911 2429 3985 φρενῶν
2488 3905 2760 3980 ἔκστασις,
2808 3906 2928 3965 ὅστε
2965 3909 3105 3983 μήτε
3159 3907 3321 3989 λόγος
3379 3911 3516 3984 μήτε
3548 3896 3659 3986 μήν
3689 3911 3717 3968 ὅ

330 3987 395 4050 hi
419 4005 558 4050 vero
584 3988 771 4067 parati
795 3997 964 4049 erant
1000 3985 1300 4049 sustinere
1321 4005 1509 4067 usque
1543 3987 1613 4047 ad
1649 3996 1978 4051 extremum

2072 3996 2260 4076 χρόνος
2327 3996 2382 4051 τὸ
2412 4006 2662 4051 συνοῖσον
2719 3997 2863 4071 ἡμᾶς
2907 3994 3183 4073 ἐδίδαξεν;
3239 3985 3376 4057 Εϊτα
3405 3985 3583 4080 ὥσπερ
3640 4006 3717 4074 τῷ

332 4076 607 4158 spiritum
638 4093 652 4136 :
689 4075 977 4138 iracundo
1010 4076 1069 4137 et
1121 4076 1340 4138 caedem
1395 4077 1660 4156 spirante
1687 4079 1845 4139 vultu
1878 4097 1980 4140 eos

2072 4075 2412 4164 προσχήματι
2472 4084 2620 4159 μόνῳ
2649 4085 2746 4151 τὴς
2801 4086 2964 4164 ὀργῆς
3020 4085 3365 4158 καταπλήξας
3411 4075 3596 4153 αὐτούς
3628 4092 3715 4146 vui

322 4165 573 4228 intuens
607 4182 622 4227 :
654 4166 945 4257 Quaenam
972 4173 1086 4245 est,
1112 4166 1500 4257 inquit,ta_nta
1532 4168 1973 4257 amentia,quod

2072 4173 2164 4243 ἤδη
2223 4174 2527 4240 πειθηνίους
2584 4171 2783 4249 λαϐὼν,
2847 4176 3070 4252 Θύσατε,
3120 4179 3304 4257 φησὶν,
3356 4179 3401 4232 ὦ
3457 4187 3620 4237 οὗτοι·
3672 4179 3714 4234 εἴ

328 4272 529 4344 neque
558 4255 728 4330 ratio,
764 4273 960 4335 neque
990 4264 1228 4335 tempus
1256 4272 1359 4315 vos
1383 4254 1438 4314 id
1470 4255 1855 4337 docuit,quod
1888 4267 1976 4320 est

2072 4263 2113 4320 ΒΞ
2145 4265 2248 4339 μὴ,
2296 4260 2417 4319 ἀλλ’
2448 4262 2556 4340 ἐγὼ
2590 4262 2687 4335 μὲι
2719 4262 2867 4323 οὐδὲν
2921 4263 3082 4321 πλέον
3116 4254 3239 4344 ἔρῶ,
3275 4254 3434 4342 ὗμεῦς
3463 4267 3517 4322 δὲ
3560 4267 3710 4323 εἴσε-

328 4343 591 4406 futurum
641 4343 1022 4407 conducibile
1043 4350 1071 4405 ’ί
1109 4344 1333 4406 Deinde
1360 4345 1608 4424 perinde
1639 4364 1705 4407 ac
1741 4347 1791 4407 si
1824 4349 1970 4426 sola,

2072 4358 2146 4411 τθε
2174 4353 2292 4424 μετ’
2321 4350 2500 4429 ὀλίγον
2539 4352 2617 4414 τίς
2652 4352 2711 4408 ἓσ
2725 4375 2799 4409 τιν
2827 4355 2872 4427 ᾦ
2902 4359 2990 4409 νῦν
3017 4343 3286 4411 ἆπειθεῖτε
3323 4355 3533 4419 Δέκιος.

324 4444 509 4527 quam
556 4451 686 4527 prae
705 4452 771 4495 se
828 4434 1079 4527 terebat,
1128 4431 1218 4492 ira
1267 4450 1376 4527 eos
1420 4435 1952 4527 perterrefecisset,
1990 4451 2049 4505 et
2091 4442 2213 4523 jam
2250 4441 2359 4516 eis,
2391 4447 2460 4501 ut
2520 4448 2824 4522 parerent,
2857 4443 3307 4523 persnasisset:
3372 4443 3714 4507 Sacriﬁcate

322 4519 529 4616 inquit
563 4539 579 4598 ;
640 4522 732 4616 sin
764 4521 982 4593 minus,
1018 4538 1144 4616 ego
1180 4519 1421 4598 quidem
1457 4521 1603 4583 nihil
1663 4524 1856 4588 dicam
1903 4519 2161 4614 amplius
2199 4553 2216 4610 ;
2270 4549 2376 4593 vos
2410 4519 2609 4592 autem
2671 4519 2875 4593 scietis
2903 4532 3079 4613 paulo
3139 4539 3299 4614 post,
3331 4533 3600 4616 quisnam
3659 4534 3711 4596 si

329 4609 570 4691 Decius,
602 4613 696 4673 cui
724 4627 827 4671 vos
857 4627 976 4670 non
1005 4608 1179 4671 vultis
1209 4627 1367 4671 nunc
1402 4629 1626 4673 morem
1658 4632 1889 4690 gerere.

407 4698 513 4762 III.
540 4699 635 4794 Ad
668 4700 793 4761 haec
822 4708 1109 4794 martyres
1143 4719 1157 4761 :
1193 4698 1330 4794 dios
1352 4701 1617 4794 quidem,
1656 4723 1689 4764 o
1723 4724 1965 4786 praeses,

2136 4712 2211 4772 I".
2289 4712 2427 4789 Πρὸς
2486 4716 2649 4767 ταῦτα
2695 4712 2741 4767 οἱ
2795 4710 3080 4791 μάρτυρες,
3134 4701 3350 4788 Ἠμεῖς,
3396 4714 3442 4770 ὦ
3498 4711 3705 4794 ἅρχων,

326 4788 856 4881 responderunt,et
887 4788 1082 4881 verbis
1114 4796 1173 4850 et
1200 4789 1457 4881 factis,et
1490 4792 1666 4852 etiam
1693 4803 1970 4876 tempore

2072 4803 2421 4881 ιπεκρίναντο,
2455 4800 2543 4858 καὶ
2597 4798 2746 4878 λόγῳ
2800 4788 2986 4875 πολλῷ
3035 4801 3123 4858 καὶ
3183 4799 3339 4879 ἔργῳ,
3374 4800 3478 4871 ἤδη

328 4881 471 4943 satis
501 4896 771 4968 magnam
795 4878 1074 4941 dedimus
1105 4877 1561 4959 experientiam,
1594 4884 1748 4959 quod
1773 4903 1967 4967 neque

2072 4877 2235 4967 ίρόνιρ
2288 4889 2385 4957 τὴν
2418 4890 2612 4968 πὲῖραν
2641 4877 2946 4965 δεδώκσμεν
3004 4891 3077 4949 ὡς
3109 4877 3225 4947 οὔτε
3256 4877 3424 4953 θεοῖς
3455 4892 3702 4967 θύσομεν,

330 4968 442 5031 diis
472 4967 1163 5058 sacriﬁcabimusmeque
1194 4968 1266 5030 ad
1294 4969 1406 5030 hoc
1438 4968 1689 5052 alicujus
1719 4973 1965 5036 alterius

2072 4978 2167 5035 »ὅτε
2226 4980 2370 5042 τινὸς
2404 4975 2568 5036 ἄλλου
2628 4980 2759 5057 πρὸς
2792 4985 2948 5036 τοῦτο
2997 4976 3188 5058 λόγους
3218 4980 3519 5055 ὑπείξομεν,
3579 4980 3709 5038 Οὔτε

325 5059 607 5121 cedemus
639 5056 1169 5121 sermonibus.Sed
1199 5077 1416 5139 neque,
1446 5058 1837 5142 interpellans
1867 5064 1964 5126 di-

322 5148 409 5209 xit
435 5145 913 5228 impius,vobis,o
943 5147 1330 5228 impii,erunt
1360 5166 1516 5210 curae
1547 5150 1669 5211 ulla
1700 5161 1964 5214 tormen-

322 5235 432 5298 ta?
480 5234 886 5317 Nequaquam,
939 5236 1216 5299 dixerunt
1264 5238 1494 5319 sancti;
1533 5242 1964 5321 propemodum

328 5324 489 5386 enim
518 5325 632 5385 hoc
665 5324 905 5387 nomine
936 5325 1043 5386 tibi
1078 5326 1367 5389 habemus
1392 5328 1633 5407 gratias,
1669 5332 1826 5411 quod
1853 5350 1966 5393 no-

322 5411 418 5473 bis
446 5412 784 5487 dederis,ut
813 5413 906 5475 his
936 5414 1302 5492 accipiamur
1335 5416 1679 5497 epulis.Sed
1714 5439 1831 5480 non
1858 5420 1966 5495 sic,

320 5498 519 5580 inquit
552 5519 799 5589 praeses,
834 5505 952 5565 erit
982 5502 1310 5584 deinceps;
1347 5506 1450 5565 scd
1494 5508 1718 5579 scietis,
1755 5518 1973 5589 quanta

322 5592 397 5654 sit
429 5588 825 5655 maximorum
886 5591 1133 5656 deorum
1185 5594 1471 5676 potentia,
1527 5614 1677 5680 quos
1722 5588 1822 5659 vos
1854 5607 1972 5661 tam

2050 5066 2148 5148 μὲν
2180 5066 2323 5148 ἀλλ’,
2359 5067 2597 5147 ἐγκύψας
2652 5069 2680 5124 ό
2705 5065 2990 5142 δυσσεϐὴς,
3024 5066 3140 5124 οὖδὲ
3183 5069 3290 5125 τῶν
3320 5070 3567 5146 βασάνων
3612 5069 3706 5125 οὒ-

2049 5145 2134 5211 δέν
2218 5156 2446 5231 ἀνόσιοι,
2535 5155 2697 5231 μέλον
2782 5158 2960 5235 opif»;
3046 5158 3335 5238 Οὖμενοῧν,
3420 5158 3578 5216 εἶπον
3659 5161 3708 5216 οὶ

2049 5244 2215 5323 ἅγιοι*
2288 5245 2480 5324 μικροῦ
2537 5246 2637 5325 γάρ
2694 5267 2777 5302 σοι
2830 5247 2917 5302 καὶ
2973 5247 3205 5328 χάριτασ
3262 5247 3702 5326 προσοφείλομεν,

2052 5332 2131 5390 ὅτι
2193 5335 2407 5397 ταύταις
2441 5337 2577 5412 ἡμῖν
2628 5337 3041 5416 ἒνευωχηθῆναι
3086 5334 3339 5402 δέδωκας.
3385 5334 3536 5393 Ἀλλ’
3568 5336 3701 5410 οὔτι,

2053 5423 2219 5502 φησΐν
2250 5424 2277 5479 6
2308 5422 2516 5505 ἄρχων,
2535 5425 2597 5481 τὸ
2618 5422 2747 5490 ἐξῶς
2778 5424 2945 5486 οὕτως
2976 5423 3122 5482 ἔσται
3153 5424 3215 5480 ἂν
3244 5424 3351 5503 ἐγώ
3373 5446 3428 5482 τε
3459 5427 3505 5480 ὦ
3526 5430 3593 5499 (ἳ)
3615 5426 3701 5480 καὶ

2054 5512 2088 5579 ἡ
2133 5518 2245 5568 τῶν
2278 5514 2542 5591 μεγίστῶν
2599 5517 2730 5570 θεῶν
2759 5512 3002 5594 δύναμις,
3034 5513 3124 5577 οἷς
3182 5515 3317 5590 ἡμῖν
3360 5512 3573 5581 ἂναίδην
3601 5513 3700 5570 οὗ·-

2058 5602 2194 5661 τωσῖ
2253 5599 2660 5684 διαλοιδορεϊσθε
2717 5600 2854 5680 μηδὲ
2906 5602 3027 5671 τοὺς
3087 5607 3429 5684 παρεστῶτας
3486 5603 3698 5666 τούτους
