4028 6138
323 311 438 378 569

1266 305 1734 369 MARTYRIUM
1781 302 1881 365 SS.
1929 304 1980 364 Χ
2025 303 2162 364 ΜΜ.
2216 298 2730 366 CRETENSIUM.

3565 303 3682 369 570

319 445 645 526 αἰδούμενοι,
693 443 922 509 πολλούς
963 465 1019 500 τε
1076 441 1188 517 ἅμα
1230 442 1318 498 καὶ
1374 439 1566 518 σοφοὺς
1596 439 1960 518 ὑπάρχοντας,

2058 435 2432 517 impudenter
2457 435 2785 498 maledictis
2806 434 3414 526 insectamini,neque
3444 437 3551 500 hos
3583 440 3682 520 qui

315 536 376 593 οἵ
419 537 504 592 καὶ
547 541 760 610 πρῶτον
805 535 904 610 μὲν
959 533 1012 588 ἐν
1081 535 1222 596 θεοῖς
1285 531 1400 604 Δία,
1449 528 1632 586 ἔπειτα
1689 528 1860 606 ’Ἥραν
1904 551 1962 584 τε

319 627 408 682 καὶ
467 615 618 683 Ῥέαν
681 625 772 682 καὶ
813 623 932 686 τοῦς
997 621 1214 683 λοιποὺς
1270 616 1664 698 πρεσϐεύουσιν.
1727 618 1798 674 "A
1864 619 1962 695 γὰρ

316 715 382 770 τὸ
435 719 648 793 πρῶτον
679 712 943 779 ὑπέστητε
1003 711 1160 768 οἱονεὶ
1202 709 1350 765 σκιαὶ
1393 707 1556 782 μόνον
1599 707 1734 774 ἦσαν
1792 707 1958 766 κολά-

315 825 477 880 σεων,
541 805 649 859 νυνὶ
709 801 763 858 δὲ
831 800 1110 864 τοσαύταις
1170 796 1600 866 ὕποϐληθήσεσθε
1683 801 1960 877 τιμωρίαις

313 895 392 958 ὥς
435 892 516 967 μὴ
547 893 608 948 τὸ
638 893 785 968 ὑμῶν
833 891 1024 968 θράσος
1077 889 1160 944 ὑπ’
1196 887 1367 943 αὒτσῦν
1413 886 1736 954 σασταλῆναι
1776 886 1961 962 μόνον,

314 981 454 1038 ἆλλᾶ
502 983 593 1038 καὶ
643 981 838 1059 ἑτέροις
871 977 1126 1054 ἐμϐαλεῖν
1171 975 1329 1057 φόϐον
1373 990 1490 1041 τοῖς
1539 976 1668 1044 ἴσην
1697 977 1826 1052 ύμῖν
1869 977 1962 1046 τὴν

315 1072 612 1148 ἀπείθειαν,
662 1070 779 1150 εἴγε
836 1068 933 1127 καῖ
992 1067 1220 1126 τοιοῦτοί
1277 1089 1414 1132 τινες
1466 1071 1602 1146 εἶεν,
1663 1065 1961 1124 ἐπιδεικνυ-

316 1160 498 1237 μένοις
508 1209 524 1224 ,

405 1339 496 1402 Δ¹.
546 1339 684 1417 Πρὸς
740 1339 905 1394 ταῦτα
950 1335 1107 1397 πάλιν
1167 1339 1213 1393 οἱ
1263 1336 1498 1411 ἀριστεῖς
1534 1354 1547 1369 ⁸
1583 1338 1707 1414 Περὶ
1739 1337 1837 1413 μὲν
1878 1338 1970 1393 τοῦ

2044 527 2765 606 adsunt,reverentes,qui
2789 525 2964 586 simul
2988 533 3125 587 sunt
3156 525 3322 587 multi
3355 535 3413 588 et
3441 529 3683 608 sapien-

2047 623 2135 678 tes
2169 633 2182 676 :
2220 617 2320 696 qui
2352 619 2509 677 inter
2537 615 2682 676 deos
2717 616 2957 693 quidem
2995 615 3275 694 primum,
3309 615 3537 692 Jovem,
3571 618 3682 680 de-

2044 706 2186 768 inde
2217 708 2505 770 Junonem
2541 714 2597 766 et
2629 704 2947 781 Rheam,et
2976 704 3242 782 reliquos
3285 707 3506 770 colunt.
3541 708 3686 780 Quas

2048 795 2205 857 enim
2226 796 2483 876 ptimum
2513 794 3084 869 sustinuistis,erant
3117 795 3296 857 veluti
3329 796 3520 858 solum
3557 816 3686 858 um-

2047 887 2169 947 brae
2194 885 2653 967 suppliciorum.
2679 887 2850 950 Nunc
2868 896 3066 947 autem
3086 896 3204 947 tam
3234 885 3432 948 multis
3453 887 3684 968 suppli-

2047 975 2156 1037 ciis
2189 975 2703 1052 cruciabimini,ut
2731 994 2850 1040 non
2880 983 3073 1038 vestra
3089 975 3336 1039 audacia
3367 976 3440 1039 ab
3475 977 3562 1040 eis
3592 997 3686 1040 so-

2047 1064 2170 1127 lum
2203 1069 2655 1146 comprimatur,
2682 1065 2785 1126 sed
2820 1065 2950 1126 aliis
2982 1084 3219 1143 quoque
3251 1075 3479 1128 metum
3507 1066 3685 1129 incu-

2056 1154 2178 1236 tiat,
2223 1155 2322 1234 qui
2351 1173 2520 1236 aeque
2549 1173 2617 1217 ac
2648 1171 2754 1216 vos
2783 1162 2920 1216 sunt
2952 1153 3392 1231 inobedientes,
3427 1155 3478 1218 si
3511 1156 3686 1218 modo

2050 1244 2158 1306 ulli
2190 1255 2327 1307 sunt
2357 1244 2674 1325 ejusmodi.

2129 1335 2228 1396 IV.
2265 1335 2352 1398 Ad
2412 1336 2539 1396 haec
2596 1351 2806 1396 rursus
2864 1334 2971 1396 viri
3018 1334 3369 1398 fortissimi:
3422 1337 3507 1398 De
3543 1333 3689 1398 Jove

322 1430 475 1504 Διὸς,
523 1432 571 1484 ὦ
604 1425 813 1507 ἅρχων,
857 1429 1075 1493 καὶτῆς
1123 1425 1321 1482 ἐκείνου
1371 1426 1572 1503 μητρὸς
1601 1427 1749 1492 Ῥέας
1803 1424 1966 1502 μηδὲν

2058 1425 2318 1505 quidem,
2355 1444 2388 1485 ο
2418 1433 2727 1504 praeses,et
2749 1423 2908 1485 illius
2936 1435 3126 1486 matre
3143 1423 3308 1487 Rhea
3338 1424 3487 1486 nihil
3515 1424 3689 1486 nobis

317 1519 456 1594 πρὸς
504 1521 649 1593 ἡμᾶς
685 1534 700 1548 ⁸
763 1517 876 1572 ἐπεὶ
929 1515 1005 1592 μὴ
1074 1517 1203 1594 πρὸς
1275 1514 1596 1592 ἀγνοοῦντας
1654 1517 1682 1572 ὁ
1753 1514 1910 1594 λόγος
1949 1537 1960 1550 ·

2058 1515 2289 1576 dixeris.
2326 1518 2539 1591 Neque
2571 1516 2730 1575 enim
2760 1513 2916 1593 apud
2943 1533 3042 1576 eos
3076 1516 3174 1594 qui
3200 1513 3689 1594 ignorant,verba

317 1607 487 1683 ἴσμεν
543 1607 642 1686 γὰρ
685 1605 746 1662 ἐκ
803 1605 1042 1684 πατέρων
1104 1605 1399 1672 ἀκηκοότες
1454 1607 1550 1660 καί
1605 1605 1752 1682 γένος
1810 1607 1966 1663 αύτοῦ

2058 1605 2215 1666 facis.
2250 1603 2484 1666 Scimus
2515 1604 2770 1683 enim,ut
2795 1605 2897 1683 qui
2926 1622 2960 1666 a
2989 1603 3252 1684 patribus
3281 1605 3500 1666 nostris
3524 1604 3687 1665 audi-

315 1698 411 1754 καὶ
470 1698 645 1775 τύχην
687 1696 772 1751 καὶ
830 1696 1024 1773 τρόπον
1064 1713 1076 1725 ·
1108 1696 1197 1751 τὸν
1242 1692 1295 1750 δὲ
1346 1697 1530 1772 τάφον,
1569 1696 1613 1750 εἷ
1641 1694 1844 1771 βούλει,
1878 1698 1965 1752 καὶ

2058 1699 2529 1773 verimus,genus
2562 1695 2693 1772 ejus
2725 1701 2784 1754 et
2816 1694 3113 1755 fortunam
3147 1701 3204 1755 et
3229 1713 3446 1756 mores.
3481 1692 3689 1772 Sepul-

315 1788 404 1843 σοὶ
459 1786 739 1863 παριόντες
798 1782 1052 1860 δείξομεν.
1106 1784 1202 1841 Καὶ
1263 1783 1362 1862 γὰρ
1421 1788 1520 1850 τῆς
1576 1785 1682 1840 τῶν
1744 1787 1964 1862 Κρητῶν

314 1877 409 1932 καὶ
468 1874 626 1936 αὖτός
669 1875 885 1948 ὡρμᾶτο
922 1891 935 1906 ⁸
982 1872 1168 1952 γέγονε
1226 1871 1281 1928 δὲ
1339 1878 1443 1928 τῶν
1501 1873 1810 1953 ἒπιχωρίων
1867 1875 1963 1930 τύ-

314 1964 525 2044 ραννὸς.
580 1961 728 2020 Οὕτω
759 1961 812 2018 δὲ
843 1961 1077 2041 ἀσελγὴς
1129 1962 1193 2030 ἦν
1243 1963 1328 2018 καὶ
1378 1963 1509 2038 πρὸς
1551 1961 1740 2031 ἡδονᾶς
1774 1963 1966 2042 ἐπίφο-

315 2077 436 2134 ρος,
471 2053 608 2110 ὥστε
639 2052 716 2128 μὴ
761 2051 959 2130 γυναιξὶ
1017 2051 1203 2125 μόνον,
1261 2051 1395 2108 ἀλλὰ
1453 2052 1540 2107 καὶ
1578 2050 1783 2130 ἅῤῥεσιν
1841 2053 1962 2109 ἐπι-

314 2145 600 2219 μαίνεσθαι
637 2159 656 2178 ⁸
688 2142 821 2220 γόης
851 2139 905 2196 δὲ
951 2140 1219 2216 ἅνθρωπος
1269 2143 1355 2196 καὶ
1411 2140 1763 2220 κακότεχνος,
1825 2165 1962 2198 παν-

316 2233 530 2312 ούργως
575 2231 760 2287 ἑαυτὸν
817 2228 1150 2295 ἐξαλλάττων
1206 2227 1272 2285 δι’
1333 2230 1616 2294 ἀκολασίας
1670 2229 1967 2310 ὑπερϐολὴν

313 2321 417 2378 καί
450 2320 571 2378 ὅσαι
602 2320 734 2395 ὧραι
780 2319 978 2394 μίξεσιν
1035 2320 1256 2382 ἀτόποις
1314 2318 1748 2394 ἐμμαινόμενος.
1796 2318 1966 2394 Ἀμέ-

317 2411 411 2466 λει
454 2411 542 2466 καί
582 2430 720 2475 τινες
779 2411 1118 2484 ὁμοιοπαθῶς
1178 2408 1396 2489 ἔχοντες
1455 2407 1551 2464 καὶ
1613 2409 1710 2474 τὴν
1769 2409 1966 2469 ἐκείνου

322 2497 594 2578 βδελυρίαν
650 2496 990 2570 ζηλώσαντες
1049 2498 1123 2576 (τί
1167 2499 1264 2578 γὰρ
1326 2497 1464 2555 οὕτω
1495 2498 1616 2576 ῥᾷον
1665 2520 1738 2562 ως
1783 2501 1816 2566 ἡ
1875 2506 1968 2556 τοῦ

325 2595 499 2646 κακοῦ
538 2589 764 2664 μίμησις
796 2587 843 2665 ;)
897 2588 1014 2643 θεόν
1058 2609 1115 2643 τε
1180 2595 1362 2645 τοῦτον
1421 2587 1828 2665 ἀναγορεύουσι,
1869 2593 1964 2646 καὶ

321 2679 458 2742 νεὼς
532 2677 784 2733 ἆνιστῶσι
857 2677 945 2733 καὶ
1014 2676 1218 2734 θύουσιν
1277 2677 1369 2733 ’ἕνα
1438 2677 1499 2732 τὸ
1555 2677 1692 2734 κατὰ
1747 2679 1966 2756 γνώμην

315 2768 509 2831 αὐτοῖς
568 2767 659 2823 καὶ
709 2769 813 2841 θεῷ
869 2765 1004 2822 κατὰ
1063 2765 1287 2844 γνώμην
1343 2764 1499 2842 δοκῇ,
1548 2767 1634 2822 καὶ
1686 2767 1850 2831 οὕτως
1909 2772 1968 2826 οὗ

313 2855 568 2933 θεομισὲς
600 2855 784 2931 μόνον,
818 2852 955 2911 ἀλλὰ
981 2855 1071 2912 καὶ
1109 2858 1278 2936 θετον,
1313 2853 1464 2931 οἴμοι
1500 2853 1513 2916 !
1550 2856 1609 2910 τὸ
1640 2854 1969 2934 ἀσελγαίνειν

321 2947 631 3022 νομίζηται,

405 3215 486 3272 Ε’.
552 3221 730 3269 Ταυτα
794 3217 886 3266 τοῦ
956 3211 1093 3267 θείου
1149 3209 1506 3289 φθεγγομένου
1563 3217 1726 3290 χοροῦ
1786 3213 1813 3267 ὁ
1871 3211 1970 3287 μὲν

321 3299 617 3362 ἀνθύπατος
672 3301 803 3376 πρὸς
854 3301 946 3356 τὸν
1005 3298 1234 3379 ἔλεγχον
1285 3298 1670 3378 ἀπερρήγνυτο,
1718 3298 1852 3356 πολὺ
1916 3298 1970 3356 δὲ

322 3388 413 3444 καὶ
463 3387 664 3464 μᾶλλον
712 3391 799 3444 καὶ
828 3391 856 3445 ὁ
900 3387 1068 3466 δῆμος
1123 3389 1363 3464 ἱεκμανὴς
1421 3393 1486 3458 ἦν
1523 3390 1610 3446 καὶ
1641 3389 1792 3467 ὥρμα
1848 3394 1969 3452 τοὺς

323 3478 592 3556 μάρτυρας
650 3475 960 3551 συλλαϐεῖν,
997 3479 1081 3534 διαὶ
1131 3485 1323 3556 μικροῦ
1365 3478 1427 3532 ἂν
1482 3479 1570 3534 καὶ
1628 3479 1811 3558 χερσὶν
1869 3479 1968 3534 αὗ-

329 3568 448 3631 τοὺς
503 3567 882 3647 διεσπάσαντο,
916 3569 960 3624 εἰ
991 3568 1068 3642 μὴ
1098 3569 1125 3623 ὁ
1161 3567 1343 3630 Δέκιος
1377 3569 1464 3624 καὶ
1495 3569 1637 3648 χειρὶ
1689 3571 1775 3624 καὶ
1819 3574 1971 3647 φωνῇ

327 3658 532 3726 στήσας
572 3655 754 3719 αὖτοῒς
810 3657 911 3724 τὴν
957 3657 1128 3736 ὁρμὴν
1168 3658 1254 3713 κὰὶ
1303 3659 1526 3735 ἠρεμεῖν
1556 3656 1969 3732 διακελευσάμεο

326 3767 442 3822 νος,
489 3747 800 3825 πικρότερον
831 3739 1010 3812 αὐτοῖς
1037 3745 1244 3806 ἐκεῖνος
1297 3746 1385 3803 τὸν
1446 3748 1536 3802 τοῦ
1564 3747 1788 3802 θανάτου
1840 3746 1969 3823 τρό-

328 3858 429 3892 ⁴κτον
475 3835 817 3915 ἐμηχανᾶτο.
867 3839 1037 3914 Εἶχον
1079 3836 1176 3911 μὲν
1221 3834 1310 3891 οὖν
1370 3837 1555 3892 αύτίκα
1610 3837 1732 3900 τοὺς
1791 3835 1970 3912 ἁγίους

1990 1773 2026 1821 Β
2049 1801 2218 1846 crum
2244 1791 2463 1860 autem,
2491 1783 2542 1846 si
2574 1781 2680 1857 vis,
2717 1782 2891 1844 etiam
2915 1792 3241 1863 praesentes
3263 1783 3678 1846 indicabimus.

2048 1875 2196 1938 Nam
2217 1875 2344 1955 ipse
2363 1893 2604 1952 quoque
2626 1875 2685 1934 in
2707 1875 2880 1939 Creta
2907 1881 3071 1936 ortus
3093 1883 3208 1938 est.
3242 1874 3380 1937 Fuit
3409 1893 3544 1936 vero
3577 1892 3684 1935 eo—

2047 1981 2180 2025 rum
2211 1965 2312 2045 qui
2345 1964 2406 2024 in
2439 1981 2510 2025 ea
2561 1963 2932 2039 habitabant,
2981 1972 3286 2043 tyrannus.
3319 1962 3460 2026 Erat
3487 1972 3684 2024 autem

2049 2053 2197 2116 adeo
2220 2054 2626 2134 intemperans
2650 2059 2706 2114 et
2731 2053 3012 2131 proclivis
3032 2053 3105 2115 ad
3124 2053 3446 2127 libidines,
3478 2061 3541 2115 ut
3565 2073 3683 2115 non

2050 2141 2242 2202 solum
2265 2141 2322 2202 in
2343 2140 2734 2213 feminas,sed
2761 2143 2937 2203 etiam
2961 2142 3254 2204 insaniret
3277 2142 3337 2202 in
3365 2143 3681 2218 masculos,

2052 2230 2363 2311 praestigiis
2391 2249 2528 2292 vero
2561 2231 2834 2292 utebatur
2889 2237 2948 2292 et
2979 2231 3148 2292 malis
3181 2230 3432 2305 artibus,
3466 2248 3534 2294 se
3563 2232 3683 2293 cal-

2049 2321 2171 2382 lide
2202 2328 2436 2382 mutans
2470 2329 2713 2400 propter
2743 2337 3038 2382 summam
3072 2319 3689 2399 intemperantiam,et

2049 2409 2298 2488 singulis
2331 2410 2494 2470 horis
2524 2428 2590 2472 se
2623 2408 2894 2489 polluens
2939 2407 3184 2470 nefariis
3237 2407 3682 2471 coneubitibus.

2049 2499 2296 2572 Quidam
2349 2507 2570 2574 autem,
2608 2498 2709 2579 qui
2758 2497 2984 2560 eisdem
3039 2497 3387 2560 laborabant
3417 2496 3590 2572 vitiis,
3626 2511 3686 2558 et

2049 2589 2260 2650 imitati
2309 2589 2552 2650 fuerant
2609 2587 2768 2649 illius
2826 2586 3330 2649 abominationem
3381 2585 3550 2666 (quid
3597 2593 3688 2647 est

2052 2677 2211 2740 enim
2247 2685 2361 2740 tam
2423 2678 2616 2756 facile,
2677 2696 2850 2758 quam
2914 2677 3052 2738 mali
3101 2675 3424 2755 imitatio?)
3458 2684 3516 2736 et
3549 2693 3684 2736 eum

2053 2767 2228 2829 deum
2256 2786 2389 2830 esse
2419 2769 2828 2848 pronuntiant,
2871 2775 2931 2828 et
2959 2767 3014 2828 ei
3067 2766 3286 2846 templa
3344 2765 3600 2827 excitant
3631 2771 3690 2824 et

2054 2857 2412 2933 sacrificant,
2446 2866 2510 2920 ut
2531 2857 2690 2938 quod
2721 2858 2807 2918 eis
2841 2857 3054 2937 placet,
3081 2856 3192 2918 deo
3216 2873 3454 2936 quoque
3485 2853 3689 2916 videa-

2053 2953 2146 3008 tur
2165 2946 2401 3026 placere
2424 2970 2440 3019 ;
2461 2954 2520 3010 et
2544 2947 2629 3009 sic
2655 2965 2773 3008 non
2794 2949 2988 3007 solum
3014 2946 3127 3007 deo
3149 2963 3268 3007 non
3290 2942 3688 3015 invisum,sed

2053 3037 2250 3111 etiam,
2288 3038 2434 3117 proh
2469 3036 2676 3100 dolor!
2710 3036 2972 3098 divinum
2998 3034 3371 3097 existimetur
3393 3052 3458 3097 se
3491 3032 3690 3095 libidi-

1988 3132 2029 3184 C
2055 3144 2200 3189 nose
2233 3135 2290 3188 et
2314 3127 2784 3206 intemperanter
2816 3144 3048 3205 gerere.

2132 3218 2205 3277 V.
2241 3215 2446 3279 Divino
2473 3217 2596 3279 haec
2627 3217 2908 3296 loquente
2949 3216 3155 3290 choro,
3197 3212 3513 3296 proconsul
3549 3210 3686 3289 quir-

2054 3305 2187 3367 dem
2221 3305 2725 3386 disrumpebatur,
2745 3313 2809 3367 ut
2839 3305 2941 3386 qui
2973 3310 3468 3377 convinceretur;
3505 3301 3685 3362 multo

2053 3405 2251 3458 autem
2313 3396 2499 3474 magis
2557 3396 2789 3458 furebat
2835 3395 3011 3458 etiam
3068 3393 3340 3475 populus,
3376 3403 3434 3454 et
3464 3393 3687 3470 impetu

2053 3484 2398 3548 ferebantur
2427 3485 2499 3547 ad
2531 3484 3132 3566 comprehendendos
3165 3491 3470 3562 martyres,
3499 3489 3555 3541 et
3587 3497 3689 3539 eos

2054 3578 2319 3635 manibus
2356 3578 2768 3648 propemodum
2795 3577 3222 3646 discerpissent,
3247 3573 3358 3631 nisi
3391 3572 3599 3628 Decius
3636 3578 3690 3626 et

2054 3679 2196 3723 voce
2227 3668 2285 3720 et
2316 3679 2493 3721 manu
2529 3677 2631 3720 eos
2691 3659 3057 3722 cohibuisset
3090 3675 3103 3716 :
3162 3665 3219 3717 et
3251 3673 3382 3718 cum
3413 3653 3690 3735 jussisset

2055 3769 2157 3812 eos
2187 3750 2522 3830 quiescere,
2556 3748 2831 3811 acerbius
2863 3748 2978 3809 illis
3015 3751 3218 3808 mortis
3249 3762 3436 3822 genus
3469 3743 3691 3803 machi-

2057 3838 2328 3901 nebatur.
2362 3837 2432 3898 Et
2461 3846 2699 3898 sanctos
2731 3835 2969 3916 quidem
2998 3833 3196 3896 statim
3227 3833 3537 3912 arripuere
3567 3837 3690 3890 tor-

482 3926 494 3944 .
796 3928 818 3942 ν
986 3924 1027 3942 κς
1102 3923 1120 3942 ›,
1370 3923 1386 3940 κ
1488 3923 1513 3944 ν
1738 3931 1765 3941 ..
1948 3925 1964 3942 κ

329 3928 382 3981 αἱ
429 3926 696 4001 βασανοι·
765 3946 923 4004 ειχον
981 3945 1035 3979 οε
1095 3923 1268 3989 αλλως
1327 3945 1424 3998 μεν
1483 3924 1645 3998 αλλη,
1694 3947 1858 3982 πασαι
1916 3923 1968 3980 δε

2060 3935 2257 3990 menta
2282 3945 2296 3990 :
2320 3928 2468 3988 alios
2490 3926 2727 4006 quidem
2756 3924 3006 3996 alia,sed
3025 3923 3353 3985 acerbitate
3379 3932 3434 3982 et
3469 3917 3692 3997 magni-

329 4015 530 4087 ὁμοίως
587 4020 654 4090 τῇ
716 4015 997 4092 πικρότητι
1051 4014 1137 4069 καὶ
1179 4013 1246 4081 τῆ
1301 4017 1403 4082 τῆς
1448 4012 1633 4080 ὃδύνης
1678 4011 1968 4090 ὑπερϐολῇ,

2058 4017 2263 4080 tudine
2293 4016 2516 4078 doloris
2544 4015 2781 4077 similia.
2820 4013 2963 4075 Nam
2999 4012 3148 4076 alius
3179 4010 3422 4093 quidem
3455 4027 3522 4071 ex
3549 4008 3692 4088 ipsis

328 4103 394 4161 Ὀ
451 4101 551 4177 μὲν
620 4103 720 4181 γὰρ
773 4106 945 4159 αὖτῶν
1005 4102 1312 4181 ἆναρτηθεὶς
1385 4101 1624 4181 σιδηροῖς
1681 4103 1777 4178 μὲν
1836 4103 1968 4169 ὄνυξι

2058 4124 2400 4186 suspensus,
2429 4105 2641 4167 ferreis
2673 4103 3047 4168 lacerabatur
3077 4101 3344 4181 ungulis:
3369 4097 3692 4161 nervivero

326 4190 637 4267 διεξαίνετο,
701 4195 854 4270 νεῧρα
926 4189 981 4246 δὲ
1040 4191 1330 4272 διεσπᾶτο,
1388 4191 1576 4271 σάρκες
1645 4190 1697 4248 δὲ
1775 4196 1968 4250 ἐκείνου

2058 4195 2738 4271 divellobantur,carnes
2756 4201 2951 4256 autem
2967 4191 3128 4254 illius
3147 4191 3208 4252 in
3233 4202 3448 4251 terram
3474 4187 3694 4248 deﬂue-

327 4283 462 4361 πρὸς
511 4287 612 4358 γῆν
670 4280 948 4360 κατέῤῥεον
984 4298 997 4310 ·
1047 4283 1074 4337 ὁ
1119 4280 1172 4337 δὲ
1228 4280 1397 4347 ξύλοις
1469 4283 1555 4338 καὶ
1615 4281 1775 4344 λίθοις
1836 4282 1968 4348 ὀξέσι

2058 4284 2240 4361 bant;
2271 4286 2369 4347 alii
2401 4304 2537 4348 vero
2575 4284 2872 4366 lapidibus
2899 4290 2955 4344 et
2980 4286 3168 4343 acutis
3199 4279 3447 4341 sudibus
3469 4276 3694 4337 saucia-

328 4372 426 4434 τὰς
484 4369 712 4446 πλευρᾶς
786 4373 971 4435 αὖτοῖς
1030 4370 1234 4432 ὀστέοις
1293 4369 1690 4450 διετιτρώσκετο
1721 4418 1735 4446 ,
1815 4371 1968 4435 ἄλλος

2060 4371 2273 4434 bantur
2300 4375 2486 4434 latera
2540 4391 2728 4453 usque
2757 4373 2829 4433 ad
2885 4389 3062 4446 ossa;
3121 4369 3219 4431 alii
3253 4367 3494 4448 quidem
3527 4366 3690 4443 gravi

329 4458 583 4536 μολίϐδου
631 4460 778 4539 βάρει
809 4459 1136 4535 τδπτόμενος
1169 4461 1264 4524 τὰς
1319 4461 1571 4538 ἁρμονίας
1632 4483 1688 4518 τε
1747 4459 1968 4519 διελύετο

2060 4462 2302 4543 plumbo
2325 4451 2643 4524 verberato
2671 4459 3142 4524 dissolvebautur
3174 4474 3691 4538 compages,ossa-

325 4554 417 4606 καὶ
475 4550 542 4606 τὰ
586 4551 715 4606 ὀστᾶ
773 4548 1057 4606 συνεθλᾶτο
1111 4550 1198 4606 καὶ
1257 4549 1588 4623 διεθρύπτετο
1623 4570 1637 4584 '
1685 4550 1860 4630 ἕτερος
1921 4551 1968 4608 δὲ

2059 4571 2174 4633 que
2208 4554 2734 4632 confringebantur
2755 4567 2811 4613 et
2843 4549 3304 4614 conterebantur
3333 4567 3348 4624 ;
3381 4546 3532 4607 alius
3553 4544 3693 4604 item

327 4638 525 4716 ἑτέρως
562 4657 575 4671 ’
624 4637 868 4716 ἀλγεινὸν
913 4639 1013 4717 γὰρ
1067 4641 1156 4694 καὶ
1187 4639 1324 4706 ἀκοὴ
1354 4639 1494 4714 μόνη
1543 4641 1605 4696 τὸ
1659 4639 1817 4717 δριμὰ
1872 4648 1974 4699 τῶν

327 4727 628 4790 κολάσεων,
677 4727 825 4785 Ἐπεὶ
882 4728 1062 4806 ὥσπερ
1137 4728 1229 4785 καῖ
1290 4726 1424 4785 ἰδεῖν
1467 4737 1629 4787 ταῦτα
1673 4742 1790 4792 τοϊς
1834 4754 1973 4806 συμοι

327 4817 670 4895 παθεστέροις
725 4819 785 4874 οὗ
840 4822 1095 4896 φορητὸν,
1156 4815 1292 4874 οὕτω
1346 4820 1433 4874 καὶ
1493 4820 1554 4874 τὸ
1624 4820 1758 4875 κατὰ
1815 4819 1974 4898 μέρος

329 4906 573 4972 διεξιέναι
618 4928 674 4963 τε
717 4908 804 4964 καὶ
835 4906 1046 4965 ἀκοῧειν
1078 4909 1193 4987 περὶ
1243 4907 1416 4964 αὖτῶν
1463 4911 1523 4966 οὒ
1577 4908 1799 4986 μετρίως
1852 4907 1976 4965 ὄδυ-

329 4998 520 5075 νηρόν.
582 4994 730 5053 Ἀλλ’
760 4998 808 5053 οἱ
837 4998 1092 5076 μάρτυρες
1121 4997 1208 5054 καὶ
1254 4999 1418 5053 ταῦτα
1474 4997 1778 5077 πάσχοντες
1839 4997 1976 5054 οὕτω

326 5085 540 5166 ῥαδίως,
601 5082 688 5152 ἤτ’
743 5083 1095 5163 ἀληθέστερον
1155 5087 1350 5159 εἰπεῖν,
1409 5085 1578 5152 ἡδέως
1639 5086 1849 5167 ἔφερον,
1904 5089 1976 5151 ὡς

326 5177 553 5246 εἰκάζειν
614 5175 737 5236 τοὺς
783 5196 1128 5248 παρεστωτας
1179 5198 1256 5250 μτ,
1309 5173 1514 5250 μᾶλλον
1544 5175 1630 5231 ἐπὶ
1660 5188 1777 5242 τοῖς
1824 5199 1974 5253 γινο-

324 5266 508 5337 μὲνοις
569 5263 765 5342 ἀλγεῖν
802 5263 836 5331 ἢ
867 5263 949 5320 ὅτι
999 5264 1075 5338 μὴ
1107 5268 1201 5320 καὶ
1249 5263 1460 5327 πλείους
1511 5264 1644 5332 ἦσαν
1679 5269 1726 5320 αἱ
1757 5266 1975 5341 βάσανοι

324 5353 723 5434 δυσχεραίνειν.

403 5445 466 5520 ς’
467 5443 507 5503 ’.
539 5442 830 5520 Συνέρῤεον
887 5442 975 5498 οὖν
1030 5443 1113 5500 ἐπ’
1175 5444 1361 5505 αὐτοὺς
1427 5443 1615 5506 πάντες
1659 5444 1838 5522 ὥσπερ
1892 5445 1978 5501 ἐπί

321 5557 372 5590 τι
414 5540 523 5593 τῶν
551 5538 756 5591 καινῶν
785 5553 842 5588 τε
872 5533 960 5588 καὶ
1009 5529 1340 5611 παραδόξων,
1389 5533 1568 5588 πιστοί
1622 5555 1678 5589 τε
1736 5533 1848 5608 ἅμα
1892 5536 1978 5590 καὶ

320 5624 432 5684 ὅσοι
464 5626 600 5706 πρὸς
647 5621 753 5690 τὴν
818 5617 1083 5679 εὐσέϐειαν
1142 5620 1487 5702 ἐπεπήρωντο
1523 5636 1536 5650 ·
1595 5620 1712 5678 ἂλλ“
1761 5623 1808 5679 οἱ
1880 5621 1977 5700 μὲν

2058 4641 2269 4719 aliter;
2305 4654 2398 4703 est
2426 4642 2586 4704 enim
2620 4642 2710 4702 vel
2741 4641 2868 4702 solo
2899 4639 3106 4702 auditu
3142 4635 3502 4699 miserabilis
3524 4651 3695 4696 acer-

2061 4729 2210 4792 bitas
2232 4731 2684 4812 suppliciorum.
2715 4729 2946 4791 Etenim
2999 4726 3298 4808 quomodo
3329 4724 3402 4786 iis
3432 4723 3528 4802 qui
3553 4729 3700 4812 sunt

2061 4821 2232 4898 paulo
2257 4810 2926 4891 misericordiores,hzec
2950 4817 3152 4877 videre
3175 4822 3262 4876 est
3293 4810 3692 4883 intolerabile,

2058 4913 2137 4969 ita
2158 4910 2332 4970 etiam
2358 4908 2700 4988 singillatim
2736 4905 3014 4987 persequi
3045 4912 3103 4964 et
3135 4902 3369 4974 audire,
3405 4907 3495 4961 est
3522 4899 3696 4976 longe

2061 4995 2693 5059 molestissimum.Sed
2723 5004 2934 5074 martyr
2947 5012 3012 5054 es
3032 4993 3158 5053 haec
3181 4991 3356 5052 etiam
3378 4989 3692 5068 patientes.

2059 5087 2206 5148 adeo
2243 5087 2636 5164 facile,aut,ut
2664 5085 2857 5145 verius
2888 5077 3374 5159 dicam,jucunde
3401 5075 3692 5149 ferebant,

2059 5184 2124 5237 ut
2178 5176 2278 5256 qui
2325 5177 2595 5244 aderant,
2651 5171 3021 5252 conjicerent
3052 5188 3154 5231 eos
3188 5188 3302 5230 nou
3338 5174 3454 5256 tam
3491 5164 3696 5256 dolere

2060 5251 2299 5345 propter
2326 5283 2395 5326 ea
2417 5281 2544 5344 qua:
2568 5251 3150 5340 sustinebant,quam
3179 5273 3331 5336 aegre
3349 5251 3692 5334 ferre,quod

2062 5374 2176 5416 non
2210 5363 2410 5416 essent
2442 5353 2610 5433 plura
2643 5358 2956 5412 tormenta.

2139 5443 2238 5506 VI.
2273 5441 2495 5507 Omnes
2523 5443 2722 5519 itaque
2753 5441 2823 5502 ad
2861 5457 2962 5502 eos
2992 5433 3390 5506 conﬂuebant,
3417 5439 3692 5510 tanquam

2058 5532 2131 5594 ad
2162 5551 2259 5594 res
2308 5549 2487 5593 novas
2521 5539 2581 5592 et
2638 5528 3044 5600 admirabiles,
3085 5534 3200 5586 tam
3253 5522 3482 5602 fideles,
3516 5537 3692 5600 quam

2059 5621 2275 5707 quibus
2305 5637 2514 5685 manca
2545 5627 2671 5682 erat
2700 5619 2917 5702 pietas.
2953 5615 3068 5683 Sed
3100 5613 3188 5682 illi
3216 5611 3557 5694 quidem,ut
3587 5606 3692 5676 ad.
