4056 6142
321 327 431 398 571

1631 334 1911 398 MENSIS
1953 335 2380 398 DECEMBER.

3578 336 3708 404 572

322 477 684 542 mirarentur
713 478 1071 541 athletarum
1103 474 1488 549 contantiam,
1524 479 1584 535 et
1612 489 1778 533 suam
1808 489 1954 541 con.

2054 471 2176 528 ὗστε
2245 469 2509 548 θαυμάσαι
2570 476 2668 539 τῆς
2758 475 3031 552 καρτερίας
3116 475 3237 540 τοὺς
3309 473 3543 544 ἀθλητὰς
3602 473 3703 531 καὶ

323 567 629 629 firmarent
652 569 932 646 pietatem
963 589 978 643 ;
1007 565 1068 628 hi
1101 572 1397 643 autem,ut
1421 562 1961 624 irriderenteorum

325 656 698 719 tolerantiam
721 668 779 720 et
795 675 1000 720 eorum
1028 654 1216 733 plagis
1238 651 1675 732 quodammodo
1695 651 1965 713 lwtaren-

325 753 418 808 tur
445 754 691 828 propter
749 746 1045 824 insignem
1093 743 1525 806 crudelitatem.
1565 741 1961 814 Quamobrem

327 855 445 897 non
501 837 673 897 modo
726 836 884 896 nulla
931 833 1322 896 movebantur
1365 831 1801 911 misericordia,
1857 831 1962 892 sed

327 925 507 987 etiam
537 925 845 1006 praesidem
872 932 930 987 et
950 925 1194 985 lictores
1220 923 1403 999 magis
1425 920 1734 983 irritabant
1755 921 1827 983 ad
1847 939 1962 981 sae-

325 1014 544 1078 vitiam.
582 1015 650 1075 Et
679 1014 740 1076 hi
772 1015 1013 1096 quidem
1049 1013 1138 1074 sic
1178 1010 1527 1087 incitabant,
1563 1011 1664 1072 ille
1697 1029 1832 1072 vero
1859 1011 1960 1091 ju-

325 1101 523 1182 bebat,
558 1103 796 1165 lictores
826 1111 1022 1164 autem
1052 1100 1742 1182 exsequebantur.Porro
1767 1109 1960 1162 autem

326 1209 518 1272 praeco
541 1211 778 1273 quoque
800 1191 1112 1254 clamabat:
1140 1192 1370 1253 Parcite
1386 1190 1550 1252 vobis
1571 1191 1740 1272 ipsis;
1759 1199 1965 1270 parete

326 1281 732 1363 principibus;
760 1282 1092 1344 sacriﬁcate
1116 1279 1542 1361 diisMartyres
1567 1289 1763 1342 autem
1784 1279 1962 1342 etiam

327 1369 386 1430 in
421 1377 583 1432 tanta
615 1373 785 1451 copia
833 1389 1031 1433 rerum
1085 1389 1455 1450 asperarum,
1490 1379 1660 1432 erant
1687 1367 1967 1431 omnibus

327 1461 503 1521 simul
535 1460 899 1542 superiores,
935 1458 1128 1532 turba,
1163 1478 1460 1540 praecone,
1494 1459 1830 1539 tormentis,
1867 1459 1963 1540 ip-

329 1567 395 1610 so
427 1550 701 1629 praeside,
738 1559 794 1611 et
827 1559 963 1611 ante
996 1567 1098 1610 eos
1132 1548 1398 1610 omnium
1427 1549 1695 1629 principe
1727 1546 1963 1623 Satana,

329 1647 386 1700 et
417 1639 706 1701 universis
736 1659 866 1720 quae
898 1639 984 1700 eis
1017 1638 1446 1720 subjiciuntur,
1480 1640 1690 1719 copiis.
1745 1637 1967 1701 Omnes

330 1729 513 1808 enim,
550 1729 732 1791 veluti
781 1730 951 1808 signo
1004 1730 1161 1805 dato,
1197 1747 1372 1790 uuam
1407 1729 1582 1790 simul
1614 1747 1817 1790 vocem
1851 1729 1968 1790 tol-

332 1817 460 1880 lunt
497 1837 510 1876 :
545 1817 764 1880 Sumus
809 1818 1156 1899 Christiani,
1217 1817 1432 1880 Christi
1481 1819 1719 1892 hostiae,
1753 1817 1968 1880 Christi

329 1907 617 1986 victimae;
650 1909 881 1971 etiamsi
931 1908 1150 1971 millies
1202 1908 1349 1969 mori
1382 1917 1676 1989 Oporteat,
1712 1907 1969 1970 libenter

336 1997 684 2059 moriemur.

412 2085 699 2151 Vll.Cum
727 2095 922 2150 autem
958 2096 1277 2169 martyrum
1309 2088 1543 2167 negitio
1577 2088 1775 2148 omnia
1803 2095 1972 2168 post-

340 2187 728 2255 ponerentur,
764 2178 864 2260 qui
890 2187 1017 2240 erat
1048 2178 1218 2240 valde
1249 2187 1560 2259 promptus
1595 2175 1828 2240 Satanae
1863 2177 1973 2239 mi-

339 2266 524 2329 nister
555 2269 1121 2349 Decius,desperans
1143 2267 1273 2331 fieri
1297 2276 1563 2349 posse,ut
1589 2267 1976 2348 persuaderet

337 2357 529 2420 adhuc
559 2367 617 2420 et
643 2368 904 2439 cogeret,
945 2359 1057 2419 fert
1101 2359 1162 2420 in
1213 2377 1312 2419 eos
1345 2358 1553 2419 mortis
1584 2356 1968 2419 sententiam.

327 2446 709 2512 Ducebantur
741 2451 941 2529 itaque
964 2449 1173 2528 sancti,
1200 2457 1259 2509 ut
1291 2466 1433 2510 ense
1466 2448 1967 2523 interﬁcerentur,

325 2537 397 2599 ad
431 2538 657 2612 locum,
691 2539 790 2619 qui
828 2556 1035 2618 parum
1072 2537 1312 2616 quidem
1350 2537 1517 2597 abest
1545 2555 1578 2596 a
1601 2535 1858 2610 civitate,
1891 2536 1968 2597 ab

326 2627 542 2690 incolis
570 2647 706 2690 vero
739 2635 981 2689 vocatur
1012 2627 1310 2687 Alonium.
1332 2626 1419 2687 Ad
1449 2644 1583 2686 cum
1616 2624 1971 2686 festinantes

329 2727 635 2796 martyres,
676 2716 1300 2778 ostenderuntnovum
1329 2714 1492 2794 quid,
1532 2723 1588 2775 et
1614 2713 1772 2793 quod
1802 2714 1968 2775 vide-

329 2811 492 2867 batur
523 2809 838 2866 insolitum.
862 2809 924 2865 In
950 2816 1064 2866 toto
1085 2809 1236 2864 enim
1262 2823 1433 2865 cursu
1458 2809 1893 2879 martyriijnter
1912 2823 1972 2865 se

329 2895 644 2956 unanimes
662 2904 719 2956 et
741 2894 918 2956 simul
943 2893 1452 2976 conspirantes,in
1473 2894 1584 2955 hoc
1617 2893 1807 2954 solum
1834 2913 1964 2955 con-

328 2983 673 3060 tendebant,
701 2984 972 3065 quisnam
1003 3002 1209 3046 eorum
1245 2987 1468 3064 primus
1494 3001 1696 3044 ensem
1717 2981 1966 3065 subiret,

331 3080 389 3134 et
421 3073 648 3154 primus
682 3093 960 3136 coronam
996 3075 1316 3154 acciperet.
1370 3071 1535 3134 Hanc
1577 3080 1773 3134 autem
1807 3073 1968 3134 litem

328 3164 632 3243 romponit
673 3164 1037 3234 Theodulus,
1100 3163 1200 3242 qui
1254 3172 1381 3223 erat
1437 3181 1592 3223 unus
1643 3181 1713 3222 ex
1770 3161 1968 3223 divino

329 3253 535 3327 choro,
560 3252 838 3314 dictitans
870 3253 1027 3330 quod
1053 3253 1104 3314 is
1133 3253 1366 3313 futurus
1397 3260 1556 3314 esset
1581 3252 1832 3331 primus,
1866 3252 1972 3330 qui

327 3341 596 3403 omnium
630 3342 877 3404 ultimus
909 3341 1396 3421 excederet,cum
1432 3341 1582 3402 nihil
1614 3349 1790 3420 turpe
1807 3349 1864 3402 et
1886 3341 1971 3401 in-

328 3431 611 3493 decorum
631 3451 700 3494 ex
722 3433 1061 3514 spectaculo
1091 3431 1342 3492 aliorum
1376 3430 1862 3502 sustinuerit,sed
1885 3431 1972 3492 sic

324 3539 530 3584 revera
554 3521 736 3584 multa
757 3521 1082 3584 certamina
1105 3520 1378 3584 subierit.
1406 3519 1633 3581 Placuit
1663 3519 1965 3596 omnibus,

327 3611 481 3692 quod
508 3611 738 3674 dixerat
772 3634 785 3671 :
821 3619 880 3672 et
913 3613 1167 3692 primum
1201 3610 1444 3691 quidem
1477 3611 1549 3672 ad
1580 3612 1764 3673 Deum
1797 3628 1965 3671 com-

328 3719 568 3764 munem
594 3703 880 3783 hymnum
895 3709 1148 3763 canunt:
1176 3699 1574 3763 «Benedictus
1593 3699 1967 3781 es,Domine,

325 3790 612 3866 dicentes,
649 3791 750 3872 qui
781 3811 901 3854 non
931 3791 1151 3854 dedisti
1187 3809 1295 3853 nos
1322 3791 1380 3851 in
1411 3791 1745 3870 captionem
1768 3789 1966 3851 denti-

328 3879 436 3942 bus
461 3899 695 3956 eorum,
732 3907 743 3936 ι
789 3889 847 3943 et
873 3899 1006 3961 qua:
1027 3881 1315 3961 deinceps
1339 3879 1577 3960 scripsit
1604 3879 1974 3959 Psalmogra-

329 3970 479 4048 phus
495 3975 511 4019 ι
527 3969 779 4033 .Deinde
800 3971 978 4032 etiam
1004 3969 1075 4031 ad
1093 3972 1290 4033 locum
1306 3968 1972 4050 accedentes,fecerunt

329 4059 737 4139 unusquisque
768 4059 1095 4122 orationem
1132 4077 1145 4122 :
1210 4058 1417 4133 Paree,
1475 4058 1750 4138 Domine,
1781 4057 1969 4120 servis

329 4147 463 4218 tuis,
498 4146 790 4230 dicentes,
823 4158 882 4210 et
913 4149 1152 4230 suscipe
1178 4147 1534 4228 sanguinem
1560 4159 1828 4210 nostrum
1865 4165 1969 4226 pro

327 4237 520 4313 nobis,
557 4257 664 4319 pro
694 4241 932 4315 nostris,
972 4258 1079 4321 pro
1112 4247 1310 4300 nostra
1335 4237 1618 4319 patria,ut
1642 4255 1712 4298 ea
1742 4237 1967 4299 libere-

327 4338 422 4391 tur
448 4349 484 4392 a
514 4328 776 4391 tenebris
833 4329 1247 4407 ignorationis,
1283 4339 1344 4390 et
1397 4327 1562 4408 puris
1596 4326 1788 4389 oculis
1821 4346 1970 4389 con-

332 4419 649 4499 templetur
682 4419 988 4500 pietatem,
1018 4427 1077 4481 et
1133 4427 1187 4480 te
1237 4436 1437 4480 veram
1471 4417 1694 4492 lucem,
1751 4436 1782 4478 o
1844 4418 1966 4480 Itex

328 4515 572 4571 aeterne.

413 4684 558 4748 \‘IIl.
589 4687 910 4763 Postquam
935 4688 1021 4750 sic
1047 4687 1270 4769 precati
1306 4695 1510 4749 essent
1536 4684 1968 4766 unusquisque,

324 4793 490 4837 sacra
527 4785 585 4837 et
606 4775 852 4838 victoria
874 4777 1132 4856 insignia
1151 4777 1237 4839 eis
1262 4785 1398 4839 sunt
1418 4785 1724 4857 amputata
1746 4775 1965 4856 capita,

325 4884 461 4927 cum
481 4883 545 4928 se
570 4866 1249 4945 patriaedistribuissent:
1269 4877 1329 4928 et
1351 4865 1701 4944 sanguinem
1727 4864 1969 4946 quidem

324 4956 819 5038 infernae,nempe
842 4957 984 5020 illud
1010 4957 1168 5038 quod
1195 4953 1967 5035 interit,intereunti,spiri-

327 5061 444 5109 tum
471 5061 658 5108 autem
688 5050 977 5108 dedissent
1002 5053 1337 5123 supernami
1361 5066 1489 5123 qua!
1508 5063 1732 5119 semper
1756 5059 1966 5112 manet,

323 5134 468 5197 illud
501 5135 660 5213 quod
691 5144 780 5199 est
807 5137 1344 5216 permanens.Cum
1371 5152 1506 5196 vero
1533 5141 1668 5213 post
1690 5149 1968 5194 consum-

325 5225 647 5288 mationem
680 5227 1078 5288 recessissent
1109 5223 1634 5306 lictores,quidam
1657 5241 1727 5283 ex
1759 5240 1965 5282 eorum

325 5315 718 5395 cognatis,qui
745 5321 802 5376 in
827 5334 896 5376 eo
917 5315 1047 5376 loco
1079 5314 1738 5386 remanserant,horum
1769 5329 1968 5372 sacras

326 5403 744 5464 Venerabiliter
775 5413 1140 5484 componunt
1164 5414 1223 5465 et
1246 5405 1551 5480 deponunt
1576 5399 1880 5476 reliquias.
1900 5397 1970 5461 Et

329 5499 467 5551 tunc
500 5492 740 5572 quidem
776 5503 1038 5555 mortuos
1099 5492 1328 5566 habuit,
1382 5510 1514 5576 quae
1565 5490 1698 5551 illos
1731 5489 1968 5551 tulerat.

414 5684 430 5734 ί
479 5679 634 5746 Psal.
681 5697 882 5761 cxuu,
914 5687 977 5751 6.

2047 560 2385 640 βεϐαιοτέραν
2442 562 2617 619 θέσθαι
2677 562 2803 642 παρ’
2859 565 3069 630 ἑαυτοῖς
3147 567 3245 634 τὴν
3305 565 3594 646 εὒσέὅειαν,
3641 566 3702 621 οἱ

2047 652 2102 709 δὲ
2159 655 2289 730 πρὸς
2347 653 2406 709 τὸ
2467 653 2783 731 μυκτηρίσαι
2835 654 3040 729 μᾶλλον
3084 657 3181 723 τὴν
3243 656 3454 714 ἐκείνων
3485 658 3698 730 ύπομου

2048 743 2146 810 νην
2175 742 2262 800 καὶ
2306 742 2401 799 οἶα
2431 754 2553 805 ταῖς
2587 742 2758 799 αὖτῶν
2791 743 3034 823 πληγαῖς
3072 745 3359 825 ἐφησθῆναι
3416 744 3500 802 διὰ
3530 766 3694 824 περι-

2047 833 2224 887 ουσίαν
2279 832 2585 910 ὠμότητος,
2644 831 2712 888 δι’
2769 833 2833 900 ἣν
2911 835 3079 891 αἰτίαν
3161 835 3218 890 ού
3288 837 3449 902 μόνον
3507 834 3697 892 οὐδένα

2048 922 2233 978 οἶκτον
2292 919 2588 997 ἐλάμϐανον
2649 919 2785 978 οὕτω
2841 925 3186 1003 πασχόντων,
3235 923 3369 980 ἀλλὰ
3411 925 3497 980 καὶ
3553 926 3693 1003 πρὸς

2047 1012 2335 1090 ἀγριότητα
2392 1010 2592 1087 μᾶλλον
2653 1011 2809 1068 αὒτόν
2854 1035 2910 1068 τε
2985 1015 3073 1068 τὸν
3139 1013 3376 1094 ἄρχοντα
3432 1015 3520 1071 καὶ
3566 1016 3695 1078 τοὺς

2047 1099 2265 1176 δημίους
2299 1101 2552 1173 ἠοέθιζον.
2599 1101 2702 1158 Καὶ
2753 1103 2800 1157 οἱ
2845 1103 2940 1177 μὲν
2979 1103 3116 1159 οὕτω
3163 1103 3465 1182 παρέθηγον
3500 1123 3515 1140 ·
3564 1107 3591 1158 6
3636 1101 3699 1159 δὲ

2049 1189 2319 1247 ἐκέλευσεν
2359 1210 2372 1226 ·
2408 1192 2454 1246 οἱ
2485 1188 2536 1245 δὲ
2583 1190 2888 1254 ἐπετέλουν,
2930 1191 3160 1250 Ἐπεϐόα
3211 1191 3265 1249 δὲ
3301 1194 3383 1250 καὶ
3421 1194 3448 1250 6
3478 1189 3636 1272 κῆρυξ
3677 1211 3693 1226 ·

2047 1281 2298 1337 Φείσασθε
2370 1281 2593 1355 ἑαυτῶν,
2656 1281 2904 1348 πείσθητε
2979 1295 3095 1346 τοϊς
3171 1291 3441 1360 κρατοῦσι,
3502 1284 3697 1339 θύσατε

2047 1384 2163 1434 τοῖς
2194 1375 2361 1432 θεοῖς.
2397 1374 2456 1428 Οἱ
2489 1369 2744 1448 μαρτυρες
2797 1369 2850 1426 δὲ
2909 1392 3002 1437 κας
3060 1373 3188 1450 πρὸς
3235 1373 3464 1450 τοσαύτῃ
3510 1371 3695 1450 χαλε-

2048 1461 2162 1516 πῶν
2194 1461 2410 1539 ἀφθονίᾳ
2442 1460 2640 1516 τούτων
2673 1463 2806 1535 ὁμοῦ
2837 1461 3103 1536 κρείττους
3152 1462 3310 1536 ¹ἦσαν,
3362 1469 3453 1519 τοῦ
3496 1460 3691 1541 ὄχλου,

2049 1557 2141 1606 τοῦ
2171 1553 2420 1629 κήρυκος,
2455 1557 2561 1606 τὼν
2591 1551 2857 1626 βασάνων,
2893 1552 3048 1607 αὗτοῦ
3099 1558 3191 1609 τοῦ
3240 1550 3524 1630 ἄρχοντος,
3588 1552 3694 1628 πρὸ

2051 1637 2102 1695 δὲ
2163 1640 2360 1695 τούτων
2391 1639 2605 1695 πάντων
2634 1642 2727 1694 τοῦ
2757 1639 3015 1718 ἄρχοντος
3049 1647 3258 1696 Σατανᾶ
3309 1641 3395 1695 καὶ
3451 1645 3548 1706 τῆς
3601 1637 3695 1696 ὕπ’

2051 1730 2206 1788 αὐτὸν
2249 1729 2464 1796 ἁπάσης
2499 1728 2791 1805 δυνάμεως,
2825 1729 3044 1804 ’Ὥσπερ
3100 1732 3199 1808 γὰρ
3243 1730 3302 1785 ἐκ
3357 1731 3690 1804 συνθήματος

2051 1820 2243 1883 πάντες
2305 1819 2426 1892 μίαν
2480 1818 2718 1896 α’ῗρουσιν
2763 1822 2895 1894 ὁμοῦ
2956 1821 3054 1886 τὴν
3099 1821 3318 1899 φωνὴν,
3392 1819 3695 1898 Χριστιανοί

2056 1907 2235 1987 ἐσμεν,
2271 1907 2502 1982 Χριστοῦ
2544 1907 2735 1980 θυσίαι,
2773 1912 2996 1982 Χριστοῦ
3051 1907 3268 1985 σφάγια.
3309 1906 3415 1963 Κόίν
3448 1904 3691 1983 μυριάκις

2055 1995 2146 2072 δὲῃ
2176 2000 2378 2075 θανεῖν,
2414 1994 2581 2064 ἡδέως
2613 1996 3030 2066 ἀποθανούμεθα,

2135 2085 2211 2146 Ζ’.
2272 2088 2366 2147 Ὣς
2427 2085 2515 2141 οὖν
2571 2085 2740 2140 πάντα
2799 2087 2903 2140 τῶν
2949 2085 3224 2163 μαρτύρων
3267 2083 3480 2162 δεύτερα
3511 2088 3598 2158 ἦν,
3665 2085 3694 2140 6

2054 2177 2187 2233 πάνυ
2249 2177 2510 2254 πρόθυμος
2553 2175 2825 2252 ὒπηρετης
2884 2182 2976 2230 τοῦ
3027 2180 3238 2246 Σατανᾷ
3283 2174 3494 2252 Δέκιος,
3530 2173 3693 2230 ἀπει-

2057 2268 2170 2322 πὼν
2227 2268 2320 2322 καί
2365 2266 2424 2321 τὸ
2482 2265 2675 2321 πείθειν
2731 2262 2807 2319 ἔτι
2867 2267 2953 2321 καὶ
2997 2265 3055 2318 τὸ
3111 2264 3400 2340 βιάζεσθαι,
3449 2265 3546 2330 τὴν
3599 2271 3696 2321 τοῦ

2055 2356 2275 2413 θανάτου
2331 2353 2447 2410 κατ’
2506 2356 2676 2410 αὐτῶν
2735 2353 2913 2433 ψῆφον
2969 2352 3197 2432 ἒκιρὲρει.
3232 2352 3469 2430 ’Ἣγοντο
3501 2352 3592 2408 οὖν
3651 2357 3698 2409 οἱ

2053 2445 2195 2522 ἅγιοι
2253 2443 2337 2502 διὰ
2394 2443 2566 2522 Ξίφους
2642 2445 3008 2509 θανατωθῆναι
3065 2442 3207 2521 παρᾶ
3261 2444 3352 2498 τὸν
3410 2443 3580 2499 τόπον
3637 2444 3696 2506 ὃς

2053 2534 2226 2611 βραχὺ
2283 2535 2380 2608 μὲν
2443 2533 2646 2610 ἀπεῖχε
2691 2532 2790 2599 τῆς
2847 2531 3078 2604 πόλεως,
3134 2543 3250 2595 τοῖς
3312 2531 3595 2610 ἐγχωρίοις
3643 2531 3697 2588 δὲ

2051 2621 2308 2679 Ἀλώνιον
2369 2622 2640 2680 ἐκαλεῖτο.
2701 2622 2849 2698 Παρὰ
2904 2631 3087 2681 τοῦτον
3138 2625 3184 2677 οἱ
3235 2621 3491 2698 μάρτυρες
3541 2621 3694 2678 ἐπει-

2052 2712 2266 2789 γόμενοι
2301 2709 2478 2767 καινόν
2539 2733 2588 2766 τι
2643 2711 2729 2765 καὶ
2777 2709 2959 2767 δοκοῦν
3012 2710 3266 2780 ἂσυνήθες
3304 2711 3514 2773 ἑαυτοῖς
3559 2712 3688 2766 ἐπε-

2053 2800 2338 2860 δείκνυντο.
2399 2801 2548 2880 Παρὰ
2591 2801 2762 2857 πάντα
2806 2801 2908 2879 γὰρ
2966 2801 3057 2855 τὸν
3103 2806 3194 2856 τοό
3238 2799 3511 2876 μαρτυρίου
3567 2795 3686 2876 δρό-

2056 2914 2154 2965 μον
2201 2891 2469 2966 σύμπνουν
2525 2913 2576 2946 τι
2634 2890 2720 2946 καὶ
2754 2891 3036 2969 ὁμόψυχον
3083 2887 3346 2960 ἀλλήλοις
3380 2888 3684 2949 πνεύσαντες

2053 2982 2188 3037 κατὰ
2222 2988 2372 3037 τοῦτο
2401 2981 2564 3051 μόθον
2608 2978 2958 3059 ἐφιλονείκουν
3010 2978 3088 3041 τίς
3151 2979 3215 3034 ἂν
3260 2977 3434 3034 αὐτῶν
3489 2982 3692 3057 πρῶτος

2053 3069 2265 3128 ύπέλθοι
2321 3071 2381 3126 τὸ
2473 3069 2613 3148 ξίφος
2693 3069 2780 3125 καὶ
2836 3072 3048 3146 πρῶτος
3103 3065 3203 3144 ἄρῃ
3259 3068 3351 3124 τὸν
3411 3067 3696 3148 στέφανον,

2057 3161 2214 3216 Παύει
2280 3158 2328 3214 δὲ
2391 3159 2489 3226 τὴν
2549 3159 2655 3237 ἔριν
2712 3158 2910 3224 ταύτην
2969 3155 3278 3236 Θεόδουλος,
3336 3157 3422 3221 εἷς
3479 3157 3554 3214 ὢν
3609 3163 3701 3214 τοῦ

2053 3249 2189 3305 θείου
2246 3246 2394 3308 τοῦδε
2455 3255 2643 3328 χοροῦ,
2677 3247 2908 3304 ἐπειπὼν
2939 3248 3011 3310 ὡς
3046 3246 3210 3312 Οὗτος
3241 3247 3303 3302 ἅν
3352 3246 3444 3314 εἴη
3495 3245 3702 3322 μᾶλλον

2052 3338 2269 3394 ἐνταῦθα
2299 3344 2506 3414 πρῶτος
2537 3339 2596 3401 ὃς
2634 3337 2696 3394 ἅν
2759 3335 2976 3393 ἀπέλθοι
3027 3343 3134 3392 τῶν
3191 3336 3401 3397 πάντων
3434 3335 3698 3416 ἔσχατος,

2054 3426 2220 3503 μηδὲν
2279 3427 2494 3506 ἀγεννὲς
2562 3427 2794 3491 ύποστὰς
2855 3427 2916 3482 ὲκ
2970 3432 3068 3494 τῆς
3139 3428 3244 3482 τῶν
3308 3424 3484 3484 ἄλλων
3552 3426 3700 3505 θέας,

2052 3516 2188 3574 ἀλλὰ
2230 3519 2316 3574 καὶ
2376 3516 2670 3582 πολύαθλος
2729 3517 2895 3581 οὕτως
2962 3516 3210 3582 ἐπιεικῶς
3269 3515 3556 3594 γενόμενος
3614 3514 3702 3572 διὰ

2051 3614 2204 3664 τοῦτο
2280 3607 2366 3663 καὶ
2435 3605 2698 3664 πλειόνων
2754 3605 2851 3684 ἄρα
2946 3606 3216 3686 στεφάνων
3272 3603 3446 3670 ἄξιος.
3501 3603 3698 3684 ’Ἦρεσε

2052 3710 2170 3762 τοῖς
2213 3702 2372 3754 πᾶσιν
2405 3698 2431 3752 6
2462 3695 2621 3774 λόγος
2657 3715 2671 3729 ⁶
2721 3697 2812 3752 καί
2877 3697 3061 3773 πρῶτα
3118 3695 3214 3770 μὲν
3245 3694 3428 3762 κοινὴν
3457 3697 3700 3751 πιοῦνται

2053 3787 2182 3867 πρὸς
2215 3787 2343 3843 Θεὸν
2374 3786 2472 3854 τὴν
2527 3785 2692 3861 ᾠδὴν,
2735 3808 2761 3841 α
2797 3783 3100 3863 Εὖλογητός
3153 3784 3232 3860 εἴ,
3271 3785 3448 3865 Κύριε,
3490 3805 3513 3842 ι
3550 3782 3700 3860 ψάλ-

2053 3891 2256 3949 Λοντες,
2296 3899 2324 3931 α
2359 3877 2415 3940 ὃς
2447 3877 2541 3933 οὐκ
2571 3874 2770 3941 ἔδωκας
2812 3877 2962 3950 ἡμᾶς
2995 3874 3066 3936 εἰς
3119 3875 3286 3952 θήραν
3332 3886 3450 3938 τοῖς
3471 3871 3700 3952 -ὃδοῦσιν

2055 3947 2250 4042 αὔτῶν,
2294 3988 2316 4022 a
2367 3967 2454 4022 καὶ
2513 3965 2611 4023 ὅσα
2670 3965 2755 4022 ἐπὶ
2797 3947 3006 4026 τούτοις
3037 3965 3065 4019 6
3096 3947 3426 4038 Ψαλμῳδός.
3470 3947 3698 4020 Ἐπειτα

2052 4056 2138 4111 καὶ
2195 4053 2470 4133 παριόντες
2532 4054 2617 4110 ἐπὶ
2675 4054 2766 4110 τὸν
2853 4051 3019 4110 τόπον
3104 4051 3324 4117 ἕκαστος
3389 4052 3700 4131 προσευχὴν

2054 4145 2350 4219 ἐποιοῦντο,
2384 4145 2601 4217 Φεῗσαι,
2641 4143 2816 4222 Κύριε,
2852 4149 2956 4199 τῶν
3015 4140 3214 4199 δούλων
3265 4163 3385 4221 σου,
3418 4140 3690 4220 λέγοντες,

2055 4234 2141 4292 καί
2183 4232 2321 4300 δέξαι
2366 4235 2427 4290 τὸ
2457 4233 2597 4308 αἷμα
2627 4234 2784 4308 ἡμῶν
2835 4232 2963 4310 ὗπὲρ
2992 4233 3170 4310 ἡμῶν,
3214 4231 3343 4308 ὒπὲρ
3388 4236 3494 4288 τῶν
3548 4230 3694 4305 ἠμε-

2053 4324 2241 4400 τὲρων,
2273 4324 2403 4400 ὑπὲρ
2435 4320 2705 4401 πατρίδος,
2756 4321 2893 4378 ὥστε
2943 4328 3036 4378 τοῦ
3096 4320 3319 4377 σκότους
3368 4321 3534 4388 αὐτὴν
3590 4324 3692 4386 τῆς

2053 4413 2264 4491 ἀγνοίας
2322 4411 2697 4492 ἀπαλλαγῆναι
2753 4413 2841 4468 καὶ
2924 4413 3177 4487 καθαροῖς
3234 4408 3438 4485 ὄμμασι
3495 4405 3693 4465 θεάσα-

2053 4506 2169 4558 σθαι
2200 4503 2297 4570 τὴν
2330 4499 2595 4562 εὐσέϐειαν
2638 4501 2726 4557 καὶ
2782 4501 2840 4556 σὲ
2897 4499 2958 4556 τὸ
3012 4497 3261 4565 ἀληθινὸν
3318 4503 3453 4578 φῶς,
3517 4497 3693 4554 αἰώνιε

1992 4573 2036 4624 D
2054 4590 2296 4669 βασιλεῦ.

2138 4680 2226 4742 Η’.
2264 4681 2442 4744 Οὕτως
2485 4680 2706 4743 ἕκαστος
2765 4677 3180 4757 προσευξάμενοι
3213 4677 3305 4741 τὰς
3354 4676 3694 4739 καλλινίκους

2056 4776 2196 4847 αὖτῷ
2239 4773 2326 4828 καὶ
2373 4772 2514 4850 ἱερὰς
2555 4769 2938 4845 ἀπετμήθησαν
3001 4766 3270 4847 καφαλὰς,
3332 4765 3695 4842 διανείμαντες

2053 4862 2268 4925 ἑαυτοὺς
2325 4875 2445 4926 ταῖς
2499 4859 2752 4938 πατρίσι*
2799 4860 2885 4914 καὶ
2943 4858 3004 4914 τὰ
3065 4858 3162 4932 μὲν
3223 4855 3364 4932 αἷμα
3421 4856 3491 4932 τῇ
3551 4856 3697 4912 κάτω

2053 4950 2254 5025 δόντες,
2289 4955 2357 5025 τῇ
2386 4949 2699 5028 φθειρομένη
2748 4949 2808 5004 τὸ
2853 4946 3219 5026 φθειρόμενον,
3254 4946 3314 5000 τὸ
3372 4951 3580 5020 πνεῦμα
3641 4944 3697 5002 δὲ

2051 5047 2118 5118 τῇ
2148 5039 2278 5114 ἅνω,
2309 5045 2376 5116 τῇ
2409 5037 2488 5093 ἀεὶ
2546 5039 2774 5115 μενούσῃ
2826 5039 2886 5092 τὸ
2941 5034 3212 5110 διαμένον,
3242 5033 3356 5093 Τῶν
3388 5032 3442 5089 δὲ
3487 5033 3692 5110 δημίων

2051 5131 2187 5206 μετὰ
2232 5133 2328 5194 τήν
2366 5125 2636 5183 τελείωσιν
2688 5125 3188 5206 ὒποχωρησάντων,
3249 5129 3354 5179 τῶν
3420 5129 3694 5204 συγγενῶν

2053 5223 2236 5282 αὐτοῖς
2265 5239 2427 5291 τινες,
2475 5217 2591 5296 περὶ
2644 5217 2733 5272 τὸν
2779 5215 2944 5272 τόπον
2985 5211 3390 5293 ὗπολειφθέντες
3449 5214 3515 5269 τὰ
3579 5213 3694 5289 ἱερὰ

2052 5310 2249 5366 τούτων
2300 5307 2524 5382 λείψανα
2581 5303 2976 5384 περιστέλλουσί
3018 5325 3075 5359 τε
3119 5303 3307 5378 τιμίως
3369 5303 3458 5358 καὶ
3514 5324 3693 5359 κατα·

2052 5399 2298 5457 τίθενται.
2337 5397 2432 5454 Καὶ
2490 5393 2611 5450 τότε
2669 5395 2765 5469 μὲν
2822 5392 2958 5471 ἤπερ
3019 5392 3204 5456 αὖτοὺς
3235 5389 3485 5470 ἦτεγκεν,
3519 5390 3696 5458 ἐκείνη

2053 5491 2140 5545 καὶ
2198 5485 2519 5555 τεθνηκότας
2556 5488 2709 5563 εἶχεν
2743 5506 2755 5520 ·
2801 5483 3021 5562 ὕστερον
3052 5479 3104 5536 δὲ
3141 5483 3300 5537 ὁπότε
3345 5483 3378 5550 ἡ
3425 5485 3522 5548 τῆς
3552 5483 3696 5538 εὒσε⁹
