4028 6138
271 379 386 449 573

1115 384 1584 451 MARTYRIUM
1631 389 1691 450 S.
1747 389 2196 454 ANASTASIXE
2251 390 2346 452 ET
2392 385 2796 453 SOCIARUM.

3528 331 3645 447 574

271 518 414 582 ϐείας
445 518 604 600 ἰσχὺς
650 520 811 578 οἱονεί
872 543 952 585 τις
1006 521 1148 594 ζώνη
1207 523 1382 603 χρυσῆ
1424 525 1487 580 τὸ
1518 523 1774 582 πλεῖστον
1817 524 1912 592 τῆς

2003 522 2207 585 Postea
2227 532 2448 602 autem,
2471 519 2711 600 quando
2741 519 2827 582 vis
2858 515 3144 596 veritatis,
3169 515 3352 578 veluti
3373 515 3643 596 quaedam

271 609 592 686 οἰκουμένης
650 609 983 690 περιείληφε,
1030 610 1232 675 Παῦλος
1279 611 1373 668 ἐπὶ
1424 616 1522 680 την
1568 615 1727 680 νῆσον
1757 612 1919 670 στέλ-

271 699 424 756 λεται
479 699 561 779 ἐφ’
619 703 663 774 ᾧ
705 706 870 756 ταῦτα
928 703 1055 778 πρὸς
1113 702 1208 767 τὴ)
1266 703 1385 758 νέαν
1417 703 1649 782 ἀγαγεῖν
1682 695 1914 778 Ῥώμην,

264 791 367 856 τὴν
412 786 660 863 βασιλίδα
704 791 840 867 φημὶ
886 797 993 846 τῶν
1051 789 1260 847 πόλεων
1294 807 1307 822 ·
1361 792 1570 856 Παῦλος
1620 792 1826 858 ἐκεῖνος
1859 794 1920 849 οὗ

265 878 407 936 πολὺ
436 880 501 934 τὸ
527 878 627 946 τῆς
658 879 960 956 ἁγιωσύνης
1021 878 1189 954 ὄνομα
1237 887 1336 948 τῆς
1390 881 1747 960 μεγαλοδόξου
1775 883 1916 940 Ῥώ-

272 990 386 1043 μης
420 966 715 1046 ἀρχιερέως
768 969 854 1024 καὶ
912 975 988 1042 τῷ
1043 970 1222 1048 τρόπῳ
1281 969 1483 1044 μᾶλλον
1539 972 1573 1038 ἢ
1629 978 1706 1045 τῷ
1753 974 1921 1050 θρόνῳ

261 1059 324 1113 τὸ
383 1055 650 1129 ἐπίσημον
699 1055 870 1136 ἔχων,
928 1057 988 1112 οὗ
1031 1059 1122 1114 καὶ
1163 1057 1350 1126 κλῆσις
1412 1061 1575 1134 μόνον
1625 1060 1813 1134 μάστιξ
1855 1061 1920 1128 ἧν

260 1159 388 1208 τοῖς
421 1144 667 1220 δαίμοσιν
717 1144 1024 1224 ἐλατήριος,
1069 1147 1218 1209 οὗτος
1268 1146 1496 1225 λογάδας
1544 1149 1604 1204 ἐκ
1659 1149 1920 1226 βασιλέως

2003 631 2150 674 zona
2179 631 2382 687 aurea,
2407 609 2863 690 comprehendit
2887 607 3198 669 maximam
3225 614 3451 686 partem
3488 603 3648 666 orbis

2003 711 2321 772 terrarum,
2385 700 2602 764 Paulus
2655 697 2908 758 mittitur
2938 696 2997 756 in
3030 694 3312 764 insulam,
3345 703 3407 754 ut
3445 711 3545 754 eas
3574 691 3647 754 ad

2003 810 2210 852 novam
2244 790 2492 852 Romam
2544 788 2889 860 deduceret,
2936 785 3009 845 ad
3055 783 3342 862 reginam,
3377 785 3643 862 inquam,

2003 878 2280 942 urbium:
2346 878 2556 940 Paulus
2606 876 2725 943 ille,
2763 877 2931 954 cujus
2963 884 3052 936 est
3093 891 3375 952 magnum
3429 887 3650 933 nomen

2003 968 2348 1042 sanctitatis,
2383 967 2650 1044 gloriosae
2683 964 2885 1027 Romae
2917 963 3201 1045 pontifex,
3231 969 3289 1023 et
3321 960 3422 1042 qui
3460 959 3649 1022 mori-

2005 1056 2115 1119 bus
2153 1057 2336 1137 magis
2367 1075 2543 1137 quam
2579 1055 2793 1116 throno
2825 1061 2955 1116 erat
3007 1051 3279 1130 insignis,
3318 1051 3492 1131 cujus
3551 1049 3651 1111 vel

2005 1151 2130 1207 sola
2151 1147 2472 1228 appellatio
2504 1156 2630 1208 erat
2659 1143 3062 1228 ﬂagellum‘ad
3092 1140 3401 1222 pellendos
3428 1140 3652 1201 daemo-

260 1233 449 1291 λαϐὼν
494 1243 588 1292 τοῦ
638 1233 1037 1313 ἐγχειρήματος
1086 1239 1391 1317 συνεργοὺς⁷
1439 1240 1525 1294 ἐπὶ
1577 1241 1637 1295 τὸ
1698 1242 1918 1318 Κρητῶν

2006 1254 2134 1299 nes.
2171 1235 2229 1298 Is
2260 1256 2394 1299 cum
2428 1234 2760 1315 accepisset
2788 1234 3015 1313 aliquos
3045 1231 3310 1308 delectos
3338 1229 3411 1292 ab
3450 1228 3647 1309 impe-

261 1324 619 1402 παραγίνεται
664 1323 832 1395 ἔθνος,
885 1326 972 1381 καὶ
1022 1327 1120 1392 τὴν
1154 1326 1498 1401 ἐπικειμένην
1541 1326 1750 1407 ἀφελὼν
1803 1343 1918 1393 τοῖς

2003 1335 2219 1399 ratore,
2247 1328 2342 1406 qui
2377 1327 2506 1404 eius
2535 1333 2728 1405 empto
2754 1342 2925 1403 opem
2948 1322 3195 1396 ferrent,
3223 1323 3385 1381 venit
3405 1319 3476 1381 ad
3505 1336 3649 1398 gen-

261 1414 548 1488 λειψάνοις
578 1413 707 1490 γπῖιν⁷
765 1414 994 1492 εὑρίσκει
1051 1422 1240 1489 ταῦτα,
1278 1418 1469 1494 Χριστὲ
1528 1417 1767 1494 βασιλεῦ,
1805 1423 1915 1488 ζῶ-

2004 1423 2119 1477 tem
2143 1414 2487 1478 Cretensem
2513 1436 2527 1476 :
2555 1424 2614 1477 et
2633 1433 2772 1476 cum
2795 1413 3108 1474 amovisset
3130 1419 3345 1471 terram
3368 1407 3644 1485 reliquiis

259 1525 350 1560 σιν
398 1502 616 1559 ἐοικότα
675 1504 760 1558 καὶ
817 1506 1006 1581 φθορᾶς
1063 1507 1335 1580 κρείττονα
1391 1507 1622 1585 καθάπερ
1697 1507 1916 1574 ἐνούσης

2003 1504 2358 1584 impositam,
2390 1504 2614 1566 invenit
2639 1522 2762 1577 eas,
2797 1523 2830 1563 o
2862 1505 2986 1566 Rex
3020 1499 3273 1573 Christe,
3307 1497 3536 1560 similes
3567 1497 3650 1558 vi-

260 1593 343 1648 ’ἑτι
406 1595 580 1659 πνοῆς
614 1589 814 1654 νοτίδος
845 1612 902 1647 τε
958 1594 1144 1656 αὐτοῖς
1193 1598 1285 1650 οἷα
1337 1593 1402 1662 δὴ
1433 1592 1619 1671 δρόσου
1652 1596 1916 1662 ἐπικαθη-

2003 1593 2296 1672 ventibus,
2331 1604 2388 1655 et
2419 1593 2662 1655 interitu
2693 1593 3056 1672 superiores,
3091 1589 3337 1669 perinde
3366 1607 3433 1649 ac
3478 1586 3528 1648 si
3556 1587 3651 1648 in-

261 1680 442 1756 μένης
474 1681 720 1747 ἑωθινῆς.
757 1681 997 1738 Ἐκεῖθεν
1055 1683 1144 1738 οὖν
1204 1684 1336 1742 αὐτὰ
1385 1685 1476 1740 σὺν
1520 1687 1745 1759 θαύματι
1790 1686 1918 1741 ἀνε-

2004 1691 2163 1744 esset
2191 1683 2387 1744 adbuc
2419 1683 2690 1764 spiritus,
2725 1692 2786 1744 et
2827 1682 2914 1742 eis
2966 1681 3180 1742 humor
3226 1688 3500 1757 tanquam
3549 1694 3648 1738 ros

260 1769 501 1845 λόμενος
542 1774 611 1845 τῇ
667 1768 885 1846 λαμπρᾷ
929 1772 1014 1826 καὶ
1060 1771 1285 1848 βασιλίδι
1317 1780 1420 1829 τῶν
1480 1773 1688 1830 πόλεων
1751 1777 1918 1854 φέρων

2005 1771 2294 1834 insideret
2327 1772 2673 1834 matutinus.
2715 1769 2857 1833 Cum
2894 1788 2993 1832 eas
3017 1787 3154 1847 ergo
3187 1767 3351 1828 illinc
3381 1765 3651 1828 sustulis-

258 1857 472 1927 δίδωσι,
511 1859 598 1913 καὶ
627 1865 713 1913 vim
763 1860 892 1915 εἰσιν
949 1861 1008 1915 οὗ
1049 1863 1142 1917 καί
1186 1859 1252 1916 τά
1307 1862 1420 1939 ἱερὰ
1451 1867 1556 1918 τῶν
1589 1865 1918 1941 μαρτυρικῶν

2007 1872 2095 1923 set
2140 1880 2274 1923 cum
2324 1861 2634 1942 miraculo,
2667 1879 2766 1923 eas
2795 1859 2972 1921 tradit
3006 1858 3304 1938 praeclarae
3343 1864 3398 1946 et
3428 1855 3651 1946 reginae

257 1949 479 2015 νηπίων
523 1945 931 2022 τεθησαόρισται
988 1947 1237 2024 λείψανα,
1306 1955 1472 2008 κοινοὶ
1537 1957 1774 2030 σωτῆρες
1835 1954 1918 2009 καὶ

2006 1950 2370 2012 urbiumzet
2404 1970 2560 2012 nunc
2590 1960 2752 2024 sunt,
2814 1949 2914 2010 ubi
2973 1957 3114 2010 sunt
3171 1945 3449 2025 repositae
3505 1944 3650 2006 reli-

255 2037 560 2116 πολιοῦχοι
607 2037 695 2092 καὶ
748 2035 975 2115 φύλακες
1035 2037 1087 2094 ἐν
1143 2045 1309 2095 πᾶσιν
1338 2040 1585 2118 ἀνιαροῖς
1639 2041 1918 2120 ἄγρυπνοι,

2005 2044 2158 2119 quise
2187 2050 2506 2120 martyrum
2547 2040 2885 2114 infantium,
2931 2055 3282 2100 communes
3313 2044 3651 2097 servatores

253 2131 334 2184 ὦν
381 2125 599 2204 γένοιτο
658 2137 780 2190 ταῖς
836 2126 1134 2204 πρεσϐείαις
1165 2129 1435 2209 μετόχους
1467 2132 1556 2187 καὶ
1579 2133 1722 2206 ἡμᾶς
1776 2131 1918 2210 γενέ-

2003 2138 2062 2191 et
2119 2129 2402 2208 praesides
2455 2130 2726 2203 civitatis,
2783 2138 2840 2191 et
2888 2128 3198 2206 vigilantes
3254 2125 3529 2188 custodes
3591 2125 3649 2186 in

255 2221 383 2274 σθαι
443 2221 549 2271 τῶν
636 2213 1004 2289 ἀποκειμένων
1070 2218 1254 2280 αὐτοῖς
1324 2219 1533 2296 ἀγαθῶν
1591 2221 1772 2300 χάριτι
1834 2231 1918 2277 καί

2004 2217 2282 2281 omnibus
2329 2218 2508 2280 rebus
2552 2220 2851 2295 molestis:
2888 2235 3139 2298 quorum
3189 2213 3648 2277 intercessioni-

257 2304 636 2388 ιριλανθρωπίᾳ
721 2309 814 2359 τοῦ
909 2305 1094 2382 Κυρίου
1171 2307 1326 2382 ἡμῶν
1417 2307 1595 2375 Ἰησοῦ
1668 2310 1917 2389 Χριστοῦ³

2004 2307 2118 2370 bus
2147 2309 2320 2370 detur
2349 2309 2521 2369 nobis
2542 2308 2824 2384 consequi
2847 2307 3001 2368 bona
3028 2305 3170 2386 ipsis
3195 2304 3481 2383 reposita,
3516 2322 3652 2382 gra-

262 2395 389 2471 μεθ’
450 2394 510 2450 οὖ
565 2397 644 2464 τῷ
701 2395 860 2471 Πατρὶ
919 2393 1030 2469 ἅμα
1083 2402 1159 2468 τῷ
1203 2396 1337 2473 ἁγίῳ
1374 2398 1638 2473 Πνεύματι
1670 2398 1790 2464 δόξα
1834 2401 1918 2456 καὶ

2005 2398 2085 2458 tia
2113 2405 2172 2458 et
2199 2398 2512 2460 clementia
2538 2397 2775 2459 Domini
2813 2395 2995 2458 nostri
3027 2397 3170 2458 Jesu
3201 2392 3428 2458 Christi
3459 2414 3472 2454 :
3509 2410 3644 2454 cum

267 2485 466 2561 κράτος
497 2489 582 2538 νῦν
610 2481 707 2536 καί
736 2479 840 2555 ἀεὶ,
872 2484 960 2538 καὶ
991 2484 1063 2546 εἰς
1097 2484 1218 2548 τοὺς
1275 2487 1470 2551 αἰῶνας
1527 2494 1632 2544 τῶν
1688 2488 1918 2546 αἰώνων.

2005 2507 2119 2568 quo
2178 2486 2336 2547 Patri
2383 2497 2442 2548 et
2497 2495 2700 2550 sancto
2750 2484 2994 2566 Spiritui
3049 2483 3235 2563 gloria
3267 2489 3325 2544 et
3357 2482 3643 2562 potentia,

271 2573 472 2648 Ἀμήν·
2007 2595 2164 2637 nunc
2188 2583 2248 2638 et
2267 2595 2528 2659 semper,
2555 2584 2613 2640 et
2637 2577 2697 2638 in
2728 2575 2948 2638 saecula
2973 2572 3353 2635 saeculorum.
3386 2573 3606 2634 Amen.

1450 2893 2483 3023 MAPTTPION

662 3161 880 3244 ΤΗΣ
954 3163 1273 3247 ΑΓΙΑΣ
1347 3163 1532 3248 ΚΑΙ
1624 3163 2160 3252 ΕΝΔΟΞΩΥ
2225 3162 3273 3251 ΜΕΓΑΛΟΜΑΡΤΥΡΩΣ

1400 3372 2514 3503 ΑΝΑΣΤΑΣΙΑΣ

932 3615 1042 3664 ΚΑΙ
1087 3615 1222 3666 ΤΩΝ
1269 3615 1472 3667 Α’ῙῚΩΝ
1519 3615 1872 3668 ΜΑΡΤΥΡΩΝ
1919 3617 2212 3684 ΑΓΑΠΗΣ,
2264 3617 2551 3668 ΕΙΡΗΝΗΣ
2601 3608 2714 3668 ΚΛῘ
2749 3615 3020 3665 ΧΙΟΝΙΑΣ

1669 3749 1780 3798 ΚΑΙ
1824 3751 1956 3800 ΤΩΝ
2002 3747 2284 3804 ΛΟιΠιὶΝ.

1555 4032 2393 4143 MARTYRIUM

486 4271 1042 4361 SANCTIE
1168 4273 1319 4362 ET
1449 4272 2047 4362 INCLYTZE
2180 4272 2652 4362 MAGNIE
2764 4271 3448 4362 MAR'I‘YRIS

903 4493 2054 4640 ANASTASI/E
2175 4495 3051 4641 JUNIORIS

809 4744 902 4807 ET
978 4743 1436 4810 SANCTARUM
1505 4741 1934 4808 MARTYRUM
2005 4743 2345 4817 AGAPES,
2417 4743 2682 4807 IRENES
2718 4793 2733 4824 ,
2806 4743 3143 4808 CHIONIZE

1687 4902 1792 4966 ET
1828 4902 2282 4968 SOCIARUM.

806 5068 998 5138 (Graece
1026 5083 1090 5123 ex
1118 5064 1228 5122 cod.
1263 5081 1360 5122 ms.
1395 5064 1553 5123 Paris.
1589 5081 1640 5121 n.
1675 5064 1814 5121 1496
1846 5079 1862 5132 ;
1895 5063 2072 5120 Latine
2098 5065 2227 5135 apud
2253 5064 2458 5124 Serium
2489 5065 2552 5121 ad
2582 5065 2710 5121 diem
2737 5065 2808 5122 25
2835 5063 3167 5136 Decembris.)

355 5282 443 5335 A’.
477 5273 814 5331 Ἀναστασία
867 5276 1128 5351 γυναικῶν
1178 5273 1212 5338 ἡ
1263 5269 1526 5338 καλλίστη
1560 5262 1774 5345 Ῥώμης
1835 5270 1918 5346 μὲι

2099 5269 2141 5332 Ι.
2163 5270 2825 5344 Anastasia,mulierum
2842 5268 3263 5348 pulcherrima.
3279 5268 3664 5350 inclytaaqui-

282 5367 372 5429 τῆς
403 5362 689 5438 περιδόξου
746 5363 928 5442 φυτὸν,
965 5362 1142 5438 γένεος
1200 5359 1255 5416 δὲ
1315 5362 1621 5439 περιφανείᾳ
1677 5362 1765 5416 καὶ
1798 5358 1918 5416 κάλ-

2015 5359 2149 5422 dem
2187 5361 2389 5423 Romae
2413 5371 2542 5422 erat
2562 5370 2694 5422 nata
2720 5381 2733 5423 :
2760 5361 2999 5438 generis
3029 5368 3225 5421 autem
3258 5360 3581 5438 splendore
3606 5368 3665 5422 et

284 5449 360 5507 λει
401 5453 683 5528 σώματος,
747 5450 980 5528 εὐγενείᾳ
1035 5472 1091 5506 τε
1146 5448 1330 5529 ψυχῆς
1387 5451 1475 5506 καὶ
1505 5449 1648 5516 ἠθῶν
1678 5450 1918 5524 εὐκοσμίᾳ

2013 5449 2282 5529 corporis
2313 5450 2774 5528 pulchritudine,
2802 5448 3091 5510 etanimai
3119 5446 3515 5528 nobilitate,et
3539 5465 3664 5509 mo-

287 5548 384 5596 τῶν
412 5548 606 5599 πασῶν
641 5540 849 5616 ἐκράτει
879 5542 966 5596 καὶ
997 5553 1114 5602 τοϊς
1146 5540 1395 5599 ἁπάντων
1455 5537 1610 5617 ᾔδετο
1665 5537 1918 5618 χείλεσιν1

2012 5556 2143 5600 rum
2197 5539 2505 5601 honestate
2559 5547 2618 5601 et
2663 5537 3071 5600 moderatione
3099 5555 3310 5598 omnes
3363 5535 3658 5610 vincebat,

290 5628 465 5708 ἀνδρὸς
517 5631 618 5704 μὲν
679 5627 1056 5707 πρτιτεξτάτου
1103 5631 1245 5694 τινὸς
1297 5629 1530 5705 ὼγάτηρ
1574 5627 1726 5706 οὖσα,
1786 5630 1918 5706 παρέ

2012 5636 2071 5688 et
2103 5627 2280 5690 labris
2306 5629 2571 5689 omnium
2618 5628 2962 5690 cauebatur.
3016 5627 3090 5689 Et
3117 5637 3245 5689 erat
3273 5624 3516 5707 quidem
3548 5643 3658 5687 cu-

293 5737 385 5776 τινι
425 5718 482 5778 δὲ
512 5717 658 5798 ἀνδρὶ
705 5718 1024 5802 Χρυσογόνῳ
1051 5717 1280 5798 τοῦνομα
1325 5719 1387 5774 τα
1436 5719 1556 5776 θεῖα
1586 5724 1734 5801 σοφῷ
1787 5740 1918 5775 παι-

2005 5716 2244 5798 jusdam
2276 5717 2385 5782 viri
2412 5716 2736 5800 praetextati
2769 5716 2890 5780 tilia
2919 5734 2986 5780 :a
3011 5716 3267 5800 quodam
3291 5724 3514 5793 autem,
3541 5731 3657 5776 no-
