4028 6138
351 326 471 401 575
1669 327 1942 393 MENSIS

2161 330 2409 393 EMBER.
3611 334 3752 402 576

351 465 515 530 mine
542 461 946 546 Chrysogono,
996 462 1101 526 fuit
1131 461 1192 525 in
1241 459 1423 523 rebus
1453 460 1665 523 divinis
1691 460 1942 550 instituta

2158 467 2334 546 θεῖσα,
2395 463 2453 528 ὅς
2512 465 2598 523 καὶ
2658 466 2941 547 μαρτυρίου
3018 467 3261 550 στεφάνῳ
3319 469 3418 540 τὴν
3478 469 3747 550 κεφαλὴν

352 552 448 619 οιιὶ
471 555 645 618 etiam
674 555 776 615 fuit
803 560 1006 635 postea
1027 558 1562 641 caputcoronatum
1587 546 1804 613 corona
1830 569 1943 612 mal

2152 575 2289 628 τερον
2334 552 2654 630 ἐκόσμησεν,
2716 546 2893 636 ὥσπερ
2937 555 3036 637 ἄρα
3080 546 3168 616 καὶ
3224 562 3428 639 προῖὼν
3482 562 3515 619 δ’
3557 546 3743 641 λόγος

348 646 505 728 tyrii,
540 643 691 706 sicut
717 643 895 707 etiam
923 643 1255 725 procedens
1279 640 1606 704 declarabit
1635 640 1939 721 oratio,cui

2148 642 2327 724 λώσει,
2379 645 2762 714 Διοκλητιανοῦ
2804 649 2925 705 τότε
2987 659 3081 709 τοῦ
3136 647 3416 718 δυσσεϐοῦς
3462 652 3529 709 τὰ
3587 640 3739 709 Ῥου-

358 735 581 816 impius
598 732 1000 798 Diocletianus
1024 733 1293 795 Romana
1314 738 1554 811 sceptra
1572 736 1711 791 tunc
1737 737 1941 791 tenere

1260 750 1293 793 a
1314 738 1554 811 sceptra
1572 736 1711 791 tunc
1737 737 1989 792 teneret.
2076 734 2243 806 μαίων
2278 740 2523 814 σκῆπτρα
2552 736 2846 802 διέποντος,

420 823 653 889 II.Cum
669 842 807 903 ergo
824 821 979 903 apud
999 821 1441 901 Chrysogonum
1460 820 1770 882 Anastasis
1785 820 1989 881 falsam

2156 822 2235 887 B'.
2283 827 2430 904 Παρὰ
2462 827 2778 904 Χρυσογόνῳ
2833 830 3007 885 τοίνυν
3060 830 3381 886 Ἀναστασία
3414 829 3511 898 τὴν
3542 828 3744 901 ἁλμυ-

348 915 657 994 gentilium
721 913 1060 993 Opinionem
1103 910 1297 972 verbis
1350 909 1668 973 luculentis
1724 909 1939 971 eluisse

2154 934 2173 966 ν
2230 919 2334 969 τῶν
2394 904 2666 985 Ἐλλήνων
2726 914 2875 981 δόξαν
2936 918 3181 993 ποτίμοις
3212 918 3444 995 ῥήμασιν
3474 917 3744 976 ἀποκλυ-

351 1022 480 1067 eum
506 1007 601 1079 qui
629 1022 756 1063 vere
780 1005 1159 1074 estDt-us,pro
1178 1004 1241 1060 iis
1262 1005 1358 1072 qui
1382 1004 1940 1074 videruntcognosei

2151 1001 2430 1076 μένη¹τον
2473 1003 2635 1070 ὅντως
2698 1002 2822 1061 ὄντα
2885 1007 3014 1063 Θεὸν
3081 1006 3195 1063 ἀντὶ
3261 1013 3365 1063 τῶν
3424 1005 3742 1065 δοκούντων

348 1087 420 1151 Ει
449 1108 607 1151 nunc
638 1089 877 1170 quidem
905 1107 1023 1150 non
1055 1086 1245 1150 libere
1278 1088 1592 1169 proﬁtetur
1626 1088 1932 1167 pietatem,

2152 1093 2433 1171 ιγινῴσιιει.
2494 1094 2590 1151 Καὶ
2634 1101 2724 1151 νῦν
2769 1096 2867 1170 μὲν
2915 1097 2976 1152 οὗ
3004 1095 3416 1175 παρρησιάζεται
3466 1098 3566 1153 τὶν
3632 1101 3743 1155 εὖ·

348 1186 513 1260 patre
540 1196 687 1241 vero
718 1179 809 1241 vel
860 1178 1051 1239 invita
1098 1178 1156 1238 in
1215 1176 1663 1238 matrimonium
1699 1176 1835 1239 data
1861 1177 1939 1237 vit

2152 1180 2303 1255 ἷειαν,
2339 1183 2480 1261 παρὰ
2509 1180 2560 1238 δὲ
2619 1191 2713 1241 τοῦ
2769 1188 2967 1263 πατρὸς
2997 1186 3093 1242 καί
3128 1185 3323 1243 Ξὶκουσα
3358 1190 3488 1264 πρὸς
3544 1188 3743 1264 γάμον

344 1267 570 1349 gentili,
601 1270 842 1331 nomine
876 1266 1110 1342 Publio,
1167 1273 1444 1339 conante,
1495 1273 1558 1328 ut
1591 1265 1833 1343 dicitur,
1871 1269 1935 1327 mi

2149 1267 2213 1344 Βρὶ
2247 1267 2471 1338 ’Έλληνι
2505 1269 2805 1347 ἐκδοθεῖσα,
2873 1272 3086 1348 Ποπλίῳ
3136 1273 3389 1351 τοῦνομα,
3438 1276 3740 1353 πειρωμέ-

346 1377 517 1421 scere
549 1377 618 1421 ea
648 1377 779 1440 quae
804 1356 1045 1419 misceri
1078 1364 1403 1439 nequeunt,
1454 1356 1555 1418 illa
1603 1355 1815 1436 partim
1849 1358 1937 1437 qui

2152 1382 2161 1413 l
2212 1360 2482 1438 μιγνύειν,
2515 1364 2574 1418 τὸ
2606 1364 2698 1418 του
2729 1361 2914 1442 λόγου,
2962 1364 3029 1421 τὰ
3087 1361 3310 1439 ἄμικτα,
3347 1364 3523 1432 ἐκείνη
3568 1375 3743 1427 τοῦτο

346 1448 483 1511 dem
518 1448 763 1510 omnino
796 1448 911 1509 sibi
963 1446 1268 1508 vindicans
1317 1445 1736 1525 virginitatem,
1774 1447 1937 1526 partit

2148 1475 2169 1505 ν
2200 1450 2295 1517 τὴν
2324 1452 2601 1529 παρθενίαν
2654 1455 2770 1529 περὶ
2824 1455 3019 1515 παντὸς
3072 1453 3391 1528 ποιουμένη,
3452 1461 3609 1511 τοῦτο
3674 1453 3739 1510 δὲ

346 1545 543 1600 autem
568 1536 898 1599 abhorrens
920 1537 1047 1613 ejus
1075 1535 1447 1614 religionem,
1483 1553 1557 1596 ne
1588 1552 1722 1597 cum
1748 1553 1818 1596 eo
1849 1536 1937 1615 qui

2152 1540 2163 1594 i
2218 1539 2314 1605 τὴν
2367 1543 2523 1597 αὗτοὺ
2579 1543 2859 1618 θρησκείαν
2939 1540 3080 1616 μάλα
3157 1541 3558 1623 μυσαττομένη,
3612 1541 3735 1601 οὔδ’

347 1628 483 1690 dem
511 1628 753 1688 omnino
776 1625 1117 1687 cohabitare
1140 1624 1197 1686 in
1222 1626 1484 1686 animum
1504 1623 1758 1697 induxit,
1784 1624 1888 1685 sed
1926 1645 1938 1684 t

2144 1649 2208 1693 ως
2252 1628 2393 1704 αὗτῷ
2453 1646 2717 1686 συνοικεῖν
2747 1631 2955 1708 ἠγάπα,
3004 1630 3141 1687 ἆλλᾶ
3196 1634 3256 1687 τὸ
3311 1631 3509 1709 καθαρὰ
3545 1654 3735 1711 προσ-

345 1735 495 1798 pura
525 1716 598 1778 ad
631 1716 930 1780 Christum
967 1714 1304 1786 accederet,
1360 1722 1417 1774 et
1468 1711 1693 1773 nullum
1730 1731 1797 1775 ex
1857 1713 1936 1793 ejt

2143 1720 2245 1773 δεῖν
2299 1723 2508 1796 Χριστῷ
2565 1720 2649 1775 καὶ
2712 1718 2848 1794 μηδὲ
2921 1723 3043 1796 μίαν
3105 1720 3210 1776 τῶν
3267 1720 3495 1777 ἐντολῶν
3556 1724 3734 1779 αὖτοῦ

346 1806 662 1887 praeceptis
693 1805 1053 1887 deSpiceret,
1086 1804 1185 1865 diu
1234 1810 1531 1884 noctuque
1562 1800 1877 1876 meditans,
1914 1822 1937 1865 a

2140 1806 2336 1888 εριδεϊν,
2392 1816 2545 1866 τοῦτο
2607 1808 2884 1884 μελετῶσα
2945 1812 3005 1866 νύ
3028 1833 3105 1866 ιτα
3178 1812 3265 1867 καὶ
3332 1810 3450 1885 μεθ’
3517 1811 3731 1889 ἡμέραν

345 1914 478 1958 eum
510 1913 745 1957 omnem
782 1895 1000 1957 direxit
1031 1894 1720 1973 cogitationem.Vestem
1746 1892 1936 1973 quidei

2145 1898 2202 1962 ὸς
2262 1898 2401 1972 αὒτῴ
2461 1904 2633 1955 πᾶσαν
2689 1899 2954 1966 ἆπηύθυνε
3015 1900 3111 1965 τὴν
3181 1898 3439 1962 διάνοιαν,
3501 1898 3730 1976 Ἀμέλει

348 1992 511 2046 certe
541 2003 698 2066 saepe
731 1992 986 2059 mutans,
1023 1993 1079 2045 et
1112 1982 1210 2043 vili
1266 2001 1371 2062 pro
1429 1981 1744 2062 Splendida
1774 1999 1838 2041 se
1890 1981 1939 2043 in

2143 1989 2156 2043 ἱ
2214 1987 2309 2056 τὴν
2373 1988 2568 2054 ἐσθῆτα
2644 1987 2905 2053 πολλάκις
2995 1987 3284 2064 ἀμείϐουσα
3363 1992 3450 2045 καὶ
3511 1989 3734 2069 φαύλην

347 2074 632 2146 duens,et
661 2092 723 2136 se
755 2073 954 2135 habitu
987 2070 1423 2154 quodammodo
1449 2070 1670 2145 celans,
1708 2089 1824 2131 una
1855 2089 1938 2133 ea:

2141 2075 2191 2131 τί
2252 2081 2351 2144 τῆς
2406 2075 2655 2156 λαμπρᾶς
2717 2077 3178 2155 περιϐαλλομένη,
3236 2080 3322 2136 καὶ
3380 2081 3455 2143 ὡς
3487 2078 3607 2135 οἷόν
3667 2100 3732 2135 τε

347 2170 634 2245 sequente
665 2163 902 2243 ancilla,
936 2180 1147 2223 omnes
1177 2160 1382 2222 obibat
1410 2177 1705 2239 carceres,
1740 2168 1796 2220 et
1820 2180 1851 2222 a
1885 2180 1938 2222 οι

2138 2167 2367 2223 ύπτουσα
2398 2168 2590 2235 ἑαυτὴν
2623 2168 2683 2224 ἐκ
2711 2171 2802 2224 τοῦ
2857 2167 3165 2248 σχήματος,
3213 2174 3337 2244 μιᾶς
3385 2168 3729 2248 ἐπεφυμένῆς

348 2253 621 2317 stodibus
643 2270 849 2314 emens
873 2252 1205 2332 ingressum
1243 2249 1529 2331 pecuniis,
1558 2267 1657 2310 eos
1680 2249 1781 2331 qui
1806 2250 1865 2312 in
1900 2269 1939 2312 e‘

2136 2254 2428 2319 οαπαινίδσς
2464 2302 2477 2329 ,
2543 2257 2718 2320 πάσας
2779 2280 2837 2314 τε
2894 2259 2990 2321 τὰς
3076 2256 3311 2337 φυλακὰς
3366 2258 3576 2336 τεριῂει
3635 2258 3727 2314 καὶ

347 2359 453 2423 pro
485 2343 716 2405 Christo
747 2350 919 2404 erant
950 2340 1189 2417 inclusi,
1216 2348 1273 2401 et
1304 2357 1556 2421 corpore
1589 2349 1831 2420 propter
1863 2348 1938 2401 to:

2132 2346 2342 2419 ἤμασιν
2402 2345 2505 2402 απὸ
2561 2353 2665 2403 τῶν
2708 2345 2957 2427 φυλάκων
3015 2349 3117 2415 τὴν
3176 2344 3396 2402 εἴσοδον
3441 2346 3723 2414 ὠνουμένη

354 2440 554 2493 menta
578 2432 728 2494 male
752 2440 921 2495 erant
940 2431 1153 2511 allecti,
1185 2449 1319 2492 cum
1349 2439 1566 2511 quanta
1598 2430 1783 2510 potuit
1816 2447 1945 2491 revc

2131 2438 2189 2501 ὺς
2229 2437 2282 2491 ἐν
2329 2437 2516 2499 αὗταϊς
2558 2438 2687 2511 ὑπέρ
2747 2444 2967 2516 Χριστοῦ
3012 2436 3421 2517 καθειρχθέντας
3473 2437 3560 2493 καῖ
3613 2438 3720 2513 βα-

353 2523 545 2584 rentia
571 2530 627 2584 et
655 2523 885 2585 honore
944 2521 1210 2600 curabat,
1267 2520 1450 2600 pedes
1507 2518 1728 2607 lavans,
1774 2538 1944 2607 manu

2127 2527 2255 2589 ἱνοις
2309 2527 2369 2581 τὶ
2431 2532 2586 2596 σῶμα
2640 2529 2886 2604 πονήρως
2939 2525 3196 2607 ἔχοντας,
3231 2523 3348 2602 μεθ’
3380 2524 3513 2592 ὅσης
3544 2525 3718 2589 αίδοῦς

356 2611 625 2686 abluens,
653 2631 884 2674 comam
916 2596 1238 2687 sordidam,
1268 2596 1462 2689 quoad
1499 2608 1628 2686 ejus
1657 2596 1784 2667 ﬁeri
1821 2615 1947 2686 pote

2122 2619 2350 2693 Iepa’neue
2407 2616 2494 2671 καὶ
2535 2621 2720 2694 τιμῆς,
2781 2614 2945 2679 πόδας
3004 2617 3295 2693 ῥύπτουσα,
3332 2629 3523 2695 χεῖρας
3552 2614 3713 2674 εὐλα-

352 2710 463 2776 rat,
499 2720 865 2782 expurgans,
900 2700 1127 2782 etquod
1161 2698 1413 2779 pilorum
1440 2704 1567 2757 erat
1601 2697 1943 2775 superﬂuun

2116 2710 2183 2767 ῶς
2216 2706 2596 2777 ἁπονίπτουσα,
2642 2706 2814 2779 κόμην
2852 2706 3096 2782 ρυπῶσαν
3141 2708 3214 2767 ὡς
3267 2706 3390 2762 οἷόν
3440 2726 3495 2761 τε
3523 2702 3707 2760 διακα-

350 2790 644 2870 prolixum
671 2801 863 2851 autem
898 2799 1023 2850 erat
1047 2797 1288 2870 propter
1311 2788 1543 2864 longam
1572 2785 1628 2846 in
1653 2803 1893 2846 carcere
1912 2790 1941 2845 ἱι

2113 2795 2343 2871 αίρουσα,
2391 2795 2476 2851 καὶ
2512 2800 2618 2849 τῶν
2659 2797 2869 2874 τριχῶν
2900 2795 2957 2850 τὸ
3005 2793 3271 2873 παρέλκον
3301 2793 3427 2871 ὅπερ
3467 2794 3493 2848 ὁ
3545 2791 3702 2857 πολὺς

353 2879 709 2961 clusionem,
729 2881 992 2942 ofﬁciose
1015 2875 1644 2957 tondens,sanguinem
1671 2873 1944 2954 diligente

2105 2889 2167 2950 ἧς
2226 2882 2531 2962 καθείρξεως
2561 2873 2789 2957 suam:
2841 2885 3041 2964 χρόνος
3101 2887 3490 2962 θεραπευτικῶς
3546 2903 3696 2959 περι-

348 2967 998 3048 abstergebat,vulnera
1028 2968 1349 3030 mundahat
1375 2986 1388 3028 :
1416 2964 1636 3026 deinde
1658 2967 1836 3027 etiam
1862 2965 1937 3026 all

2115 2974 2314 3051 είρουσα
2373 2972 2681 3044 ἀπέκλυζεν,
2717 2973 2841 3029 εἶτα
2895 2975 2982 3030 καὶ
3039 2975 3257 3039 ὀθονίοις
3302 2970 3706 3048 γατιδεσμοῦσα

350 3077 499 3138 gans
534 3059 754 3140 linteis,
789 3069 848 3124 et
891 3060 1111 3123 sanctis
1160 3054 1532 3138 amplexibus
1587 3074 1755 3116 suum
1796 3055 1854 3116 in
1887 3074 1941 3117 et

2125 3063 2159 3118 ιὶ
2214 3062 2523 3137 ἀσπασμοῖς
2570 3061 2848 3140 ἀγίοιςτὸ
2887 3064 3015 3141 πρὸς
3064 3064 3253 3126 αὖτοὺς
3312 3059 3716 3136 ἐπιδεικνυμένη

349 3166 614 3211 amorem
650 3150 942 3220 indicans,
970 3160 1025 3211 et
1056 3149 1339 3211 alimenta
1361 3144 1685 3226 unicuique
1711 3148 1940 3223 praeter

2125 3150 2315 3245 ἷλτρον,
2361 3152 2555 3231 τροφάς
2600 3172 2660 3207 τε
2699 3152 2792 3213 τὰς
2851 3150 3179 3220 ἐπιτηδείους
3223 3149 3433 3226 ἑκάστῳ
3468 3172 3716 3230 παρεχο-

350 3240 713 3321 necessaria,
746 3241 827 3302 sic
863 3239 1077 3303 exibat.

2018 3239 2051 3245 ’
2079 3241 2242 3319 μένη,
2269 3240 2434 3303 οὕτως
2466 3241 2669 3297 ἐκεῖθεν
2701 3240 2870 3317 ἐξῄει.

432 3327 679 3392 lILHaec
694 3349 828 3391 cum
847 3324 1619 3406 ﬁerentassidue,quoniam
1638 3322 1823 3385 virum
1850 3324 1991 3385 late-

2157 3329 2245 3389 I".
2308 3338 2481 3388 Ταῦτα
2542 3336 2782 3409 συνεχῶς
2839 3330 3115 3409 γινόμενα,
3177 3329 3288 3387 ἐπεὶ
3341 3333 3419 3405 μὴ
3466 3334 3594 3409 εἶχε
3630 3330 3719 3385 τὶν

349 3436 417 3480 re
448 3438 565 3480 non
589 3421 800 3500 potuit,
826 3418 1094 3481 resciscit
1115 3417 1291 3479 etiam
1324 3414 1572 3477 Publius
1603 3435 1616 3475 :
1644 3421 1702 3475 et
1724 3414 1937 3494 protint

2129 3417 2233 3496 ’δρα
2302 3422 2523 3499 λαθεῖν,
2584 3421 2835 3495 μανθάνει
2894 3422 2982 3475 καὶ
3056 3418 3316 3493 Πόπλιος,
3379 3420 3469 3475 καὶ
3534 3419 3720 3475 αὐτίκα

350 3508 521 3570 multi
550 3521 688 3571 sunt
717 3510 967 3572 adhibiti
1026 3507 1301 3570 custodes
1348 3505 1697 3574 Anastasiaa,
1733 3506 1833 3584 qui
1868 3522 1941 3563 no

2124 3508 2268 3565 ἱλακε
2326 3509 2460 3577 ἦσαν
2518 3510 2836 3582 Ἀναστασίιρ,
2891 3510 3099 3588 συχνοὶ,
3173 3507 3303 3583 μήτ’
3350 3509 3516 3574 αὒτὴν
3576 3506 3715 3572 ἐξιέ-

346 3597 622 3660 sinebant
652 3618 786 3660 eam
818 3600 995 3661 domo
1023 3596 1249 3677 egredi,
1285 3611 1478 3675 neque
1508 3593 1692 3654 ullum
1722 3592 1793 3652 ad
1849 3610 1937 3653 ea:

2109 3621 2147 3654 ιι
2206 3603 2305 3665 τῆς
2349 3599 2512 3662 οἶκίκς
2542 3601 2759 3679 ἐῶντες,
2805 3600 2942 3671 μήτε
2971 3598 3077 3670 μὴν
3108 3597 3233 3675 παρ’
3265 3598 3426 3665 αὖτὴν
3460 3596 3700 3675 εἰσιέναι,

350 3686 583 3767 ingredi
616 3708 684 3751 ex
718 3689 791 3750 iis
820 3690 944 3771 qui,
975 3695 1036 3750 ut
1066 3686 1149 3748 illi
1175 3685 1679 3756 dicebant,mores
1705 3680 1941 3742 videbar

2120 3687 2180 3743 νᾶ
2231 3693 2337 3743 τῶν
2391 3686 2509 3743 κατ’
2568 3686 2799 3752 ἐκείνους
2858 3688 3234 3767 παραφθείρειν
3311 3688 3372 3742 τὸ
3429 3687 3556 3754 ἦθος
3611 3684 3709 3740 δο-

345 3783 442 3839 tur
464 3797 874 3859 corrumpere,
909 3785 967 3841 et
1019 3783 1290 3858 poterant
1347 3775 1399 3835 ei
1435 3772 1818 3854 persuadere,
1852 3778 1915 3832 ut

2122 3777 2291 3833 υόντων
2348 3777 2435 3833 καὶ
2478 3775 2785 3852 δυναμένων
2848 3778 3011 3839 αὑτὴν
3056 3776 3253 3833 πείθειν
3300 3776 3397 3843 τῆς
3451 3785 3543 3834 τοῦ
3601 3781 3713 3830 Πο-

343 3862 536 3928 Publii
592 3867 917 3930 abstineret
971 3864 1422 3929 consuetudine.
1477 3861 1639 3925 Illam
1691 3869 1934 3922 autem:

2119 3867 2219 3923 \{ou
2270 3865 2561 3946 ἀπέχεσθαι
2618 3866 2915 3928 συνοικίας.
2978 3866 3085 3934 Τὴν
3138 3863 3194 3921 δὲ
3246 3865 3338 3922 καὶ
3408 3871 3564 3921 τοῦτο
3611 3864 3710 3939 μὲν

344 3953 457 4017 hoc
479 3957 717 4035 quidem
751 3957 907 4019 male
936 3955 1216 4033 habebat,
1248 3953 1407 4032 quod
1441 3951 1588 4013 alios
1640 3969 1848 4012 omnes
1881 3968 1935 4030 ψ

2120 3956 2270 4036 sinat,
2303 3957 2363 4011 τὸ
2418 3956 2540 4019 τούς
2584 3954 2772 4015 ἄλλους
2822 3955 3062 4018 ἅπαντας
3103 3955 3223 4019 τοὺς
3277 3955 3379 4031 πρὸ
3436 3963 3528 4011 τοῦ
3584 3953 3711 4030 παρ’

344 4051 518 4106 antea
574 4046 648 4107 ab
708 4047 832 4126 ipsa
857 4046 1237 4120 curabantur,
1299 4061 1493 4124 neque
1524 4048 1725 4122 posset
1754 4039 1935 4100 videri

2121 4050 2233 4112 ιτῆς
2292 4044 2740 4124 θεραπευομένους
2786 4042 2911 4117 μήθ’
2973 4046 3098 4121 δρᾷν
3146 4041 3220 4099 ἔτι
3281 4039 3523 4099 δύνασθαι
3583 4042 3712 4117 μήθ’

345 4149 459 4195 nec
486 4136 564 4197 ab
622 4135 770 4216 ipsis
828 4136 1017 4199 videri
1050 4157 1063 4198 :
1120 4134 1277 4217 quod
1332 4151 1469 4195 vero
1503 4132 1636 4212 plus
1667 4147 1838 4209 quam
1873 4127 1936 4189 ali

2123 4132 2155 4191 ε’
2200 4134 2412 4190 ἐκείνων
2461 4135 2671 4212 ὁρᾶσθαι
2702 4151 2717 4166 ⁸
2755 4134 2783 4190 ὃ
2814 4132 2867 4189 δὲ
2912 4132 3089 4190 πλέων
3140 4138 3245 4189 τῶν
3276 4130 3451 4187 ἄλλων
3477 4132 3597 4198 ἠνία
3626 4132 3714 4188 καὶ

346 4239 476 4286 eam
507 4225 837 4306 cruciabat,
862 4236 918 4288 et
945 4225 1204 4288 medium
1239 4224 1367 4303 ejus
1398 4239 1500 4283 cor
1532 4218 1829 4298 tangebat,
1863 4235 1937 4278 er:

2119 4222 2242 4290 ἐσης
2307 4227 2471 4291 αὐτῆς
2528 4223 2730 4291 ἥπτετο
2782 4227 2879 4292 τῆς
2943 4221 3153 4301 καρδίας
3211 4225 3239 4278 ὁ
3296 4220 3609 4299 καθηγητὴς
3648 4220 3710 4287 ἧν

345 4324 677 4394 ρι’ωεεριοι·
706 4313 1120 4397 Chrysogonus
1150 4334 1166 4389 ;
1225 4312 1326 4393 qui
1380 4328 1515 4373 cum
1549 4307 1785 4369 duobus
1815 4324 1931 4367 ann

2119 4314 2427 4390 ρυσόγονος,
2476 4314 2533 4377 ὃς
2578 4311 2645 4369 δι’
2706 4312 2846 4370 ὅλων
2902 4312 3037 4370 ἐτῶν
3093 4311 3179 4368 δύο
3222 4309 3425 4375 πολλὰς
3468 4312 3557 4367 καὶ
3607 4311 3707 4386 βα-

345 4400 595 4482 integris
629 4405 811 4465 multa
840 4412 897 4466 et
927 4404 1087 4464 varia
1106 4420 1213 4483 pro
1236 4399 1471 4463 Christo
1494 4404 1791 4459 tormenta
1812 4405 1936 4456 sust

2119 4403 2210 4466 είας
2266 4402 2396 4478 ὑπὲρ
2458 4410 2685 4480 Χριστοῦ
2741 4402 3002 4478 βασάνους
3063 4401 3390 4479 δπενεγκὼν,
3450 4400 3576 4456 εἷτα
3624 4401 3710 4456 καὶ

347 4490 598 4569 nuisset,
634 4492 934 4555 habitabat
979 4493 1035 4553 in
1070 4507 1334 4569 carcere,
1368 4487 1446 4548 ita
1468 4484 1720 4565 jubente
1749 4484 1938 4546 Dioclt

2114 4493 2435 4566 ισμωτήριον
2464 4493 2617 4571 ᾣκει,
2670 4490 2809 4549 οὕτω
2867 4490 3251 4559 Διοιλητιανοῦ
3293 4487 3705 4566 προστάξαντος.

344 4579 527 4642 tiano.
562 4554 650 4643 Ᾰιί
683 4600 819 4643 eum
873 4580 1111 4657 crebro,
1144 4554 1380 4658 quando
1426 4554 1491 4637 in
1518 4593 1624 4635 sua
1658 4582 1781 4635 erat
1814 4582 1935 4653 pote

2164 4554 2174 4566 .
2307 4554 2331 4562 ..
2483 4554 2494 4566 .
2603 4554 2617 4571 ,
3055 4554 3066 4559 τ
3337 4554 3347 4566 .

2122 4582 2219 4660 αρὰ
2275 4587 2460 4638 τοῦτον
2516 4582 2605 4637 καὶ
2660 4582 2726 4640 τὰ
2777 4580 2975 4654 πολλὰ,
3035 4580 3125 4636 ὅτε
3184 4581 3270 4636 καὶ
3316 4579 3382 4647 ἦν
3447 4578 3580 4654 αότῇ
3624 4575 3708 4633 ἐπ’

342 4678 521 4743 state,
581 4669 920 4731 ventitabat.
986 4667 1152 4730 Tunc
1208 4675 1403 4729 autem
1477 4663 1811 4746 prohibita,
1878 4683 1933 4744 ρι

2121 4670 2322 4750 ουσίας,
2383 4670 2585 4751 ἐφοίτα.
2634 4672 2765 4729 Τότε
2809 4670 2863 4726 δὲ
2921 4668 3204 4749 εἰργομένη
3253 4667 3339 4728 διά
3383 4689 3534 4733 τινος
3569 4671 3711 4741 αὐτῷ

341 4759 655 4842 quamdam
679 4778 856 4821 anum
883 4759 937 4821 ei
958 4756 1256 4836 signiﬁcat
1285 4773 1354 4818 ea
1386 4774 1517 4837 quae
1550 4759 1891 4827 evenerant,
1925 4778 1932 4812 ι

2121 4761 2226 4821 me;
2271 4761 2335 4816 τά
2385 4781 2440 4814 τε
2487 4756 2757 4835 συμϐάντα
2813 4761 3049 4838 γνωρίζει
3109 4761 3202 4815 καί
3259 4758 3389 4835 πρὸς
3438 4762 3536 4823 τήν
3583 4756 3712 4833 ὑπὲρ

338 4869 443 4927 per
473 4868 596 4911 eam
619 4861 783 4926 rogat
803 4861 865 4910 ut
886 4867 990 4925 pro
1007 4854 1126 4925 ipsa
1149 4856 1408 4922 precetur
1437 4870 1451 4914 ;
1476 4849 1822 4921 precationis
1848 4864 1929 4904 vel

2117 4849 2226 4917 ’τῆς
2260 4850 2426 4929 εὐχὴν
2458 4846 2541 4904 διὰ
2580 4849 2774 4916 ταύτης
2828 4848 2975 4916 ἠξίου
3006 4868 3022 4884 ⁸
3057 4847 3343 4929 κευάλαιον
3385 4844 3439 4902 δὲ
3484 4846 3708 4902 τίθεσθαι

343 4938 470 5001 haec
494 4940 566 5000 sit
586 4945 912 5003 summa.ut
940 4936 1013 4998 ab
1036 4937 1218 5017 impio
1241 4934 1479 5016 quidem
1513 4933 1719 4994 evadat
1747 4931 1934 4995 Pohlit

2115 4944 2159 5005 it;
2217 4938 2409 5021 εὖχῆς,
2480 4937 2741 4997 Πουπλίου
2806 4940 2903 5014 μὲν
2961 4944 3055 4994 τοῦ
3098 4934 3375 5001 δυσσεϐοῦς
3430 4935 3706 5015 ἐκφυγεῖν,

344 5038 695 5110 assequatur
749 5037 946 5091 autem
1000 5024 1528 5108 opportunitatem,
1581 5032 1642 5084 ut
1682 5022 1838 5104 quod
1871 5023 1935 5084 ha

2118 5035 2244 5103 ιιροῦ
2276 5027 2329 5084 δὲ
2356 5041 2546 5108 τυχεῖν
2600 5029 2663 5085 τά
2711 5047 2766 5083 τε
2824 5029 2962 5086 κατὰ
3018 5027 3241 5105 γνώμην
3273 5027 3345 5087 εἰς
3378 5024 3540 5105 πέρας
3572 5025 3709 5103 ἀγα-

342 5118 443 5181 bet
472 5119 530 5179 in
559 5124 758 5179 animo
790 5118 1044 5179 deducat
1085 5116 1157 5178 ad
1204 5114 1504 5189 etlectum,
1539 5119 1596 5173 et
1643 5129 1933 5193 persevert

2113 5129 2178 5174 εῖν
2242 5121 2328 5173 καὶ
2383 5119 2506 5181 τους
2550 5129 2667 5182 τοτς
2713 5128 3056 5194 μαρτυρικοϊς
3114 5115 3406 5194 τραύμασιν
3466 5117 3704 5193 ὡραϊζοσ-

342 5226 550 5271 curare
573 5226 675 5270 eos
714 5208 813 5288 qui
847 5204 1186 5285 martyricis
1216 5204 1579 5266 decorentur
1607 5201 1933 5263 vulneribus

2113 5206 2246 5269 Ξνους
2292 5208 2365 5268 ὡς
2409 5207 2527 5262 οἶόν
2586 5228 2643 5261 τε
2699 5206 3086 5284 θεραπεύουσαν
3142 5203 3438 5278 διαμεῖναι,
3473 5205 3534 5261 οὗ
3595 5204 3704 5279 μὴν

339 5298 531 5376 quoad
563 5299 691 5377 ejus
723 5297 847 5358 ﬁeri
879 5297 1134 5377 poterit;
1162 5296 1303 5375 quin
1336 5296 1511 5355 etiam
1554 5303 1617 5352 ut
1642 5291 1769 5372 ipsa
1792 5291 1930 5353 vita:

2113 5295 2197 5352 Ut?!
2247 5297 2334 5352 καὶ
2393 5296 2642 5362 αὒτὴνέν
2673 5295 2981 5371 ἂμεταθὲτιρ
3037 5299 3134 5357 τῖις
3195 5290 3460 5358 εὖσεϐείας
3523 5299 3704 5362 σκοπῷ

341 5386 507 5448 ﬁniat
549 5387 607 5447 in
660 5386 892 5466 pietatis
923 5403 1101 5461 SCOpO
1134 5381 1490 5445 immutabili
1549 5380 1687 5443 Haec
1727 5400 1860 5442 cum
1894 5382 1932 5442 si

2113 5409 2160 5452 ’,ν
2183 5386 2326 5457 ζωὴν
2356 5384 2676 5443 καταλῦσαί.
2713 5390 2887 5442 Ταῦτα
2944 5389 3021 5457 τῷ
3053 5382 3368 5462 Χρυσογόνῳ
3414 5383 3704 5457 σημήνασα

341 5475 678 5557 gniﬁcasset
708 5473 1109 5555 Chrysogono,
1139 5480 1436 5553 postremo
1470 5473 1645 5532 etiam
1679 5470 1752 5531 de
1786 5472 1930 5531 mari

2113 5473 2368 5531 ιλευταϊον
2403 5475 2488 5531 καὶ
2548 5473 2641 5542 τὴν
2702 5480 2791 5529 τοῦ
2847 5472 3030 5553 ἀνδρὸς
3090 5470 3393 5548 ἀποδημίαν
3443 5473 3704 5550 γνωρίζει,

344 5564 712 5647 profectione
769 5581 903 5625 eum
964 5562 1160 5624 reddit
1188 5566 1528 5623 certiorem.
1566 5561 1785 5622 Fuerat
1816 5560 1935 5621 enin

2114 5565 2359 5643 ιτύγχανε
2394 5564 2492 5642 γὰρ
2523 5562 2641 5620 κατ’
2694 5560 2871 5618 ἐκεῖνο
2923 5581 3106 5640 καιρου
3151 5559 3419 5647 Πούπλιος
3479 5557 3705 5638 πρέσϐυς

345 5633 446 5726 illo
468 5660 737 5745 tempore
767 5651 1011 5715 Publius
1035 5652 1249 5719 missus
1270 5650 1495 5733 legatus
1521 5649 1592 5715 ab
1610 5649 1936 5731 imperator

2115 5676 2127 5711 ι
2171 5633 2434 5731 βασιλέως
2467 5633 2596 5729 πρὸς
2631 5649 2834 5736 Πέρσας
2883 5633 3222 5715 ἀποσταλείς.
3268 5633 3332 5709 Ἃ
3389 5650 3476 5709 καὶ
3523 5633 3706 5728 μαθὼν
