4056 6142
289 275 399 350 577

1129 287 1599 352 MARTYRIUM
1645 289 1704 352 S.
1753 275 2200 353 ANASTASIE
2242 285 2338 348 ET
2384 283 2787 348 SOCIOBUM.

3533 275 3655 348 578

287 422 314 476 ὁ
359 419 688 496 Χρυσόγονος
749 419 953 499 χαίρειν
1012 423 1145 487 αῦτῆ
1196 422 1280 477 καὶ
1335 421 1399 478 τά
1459 423 1626 501 ἀγαθὰ
1687 444 1961 500 πραττεινι

2033 420 2088 481 td
2117 419 2498 493 Persas.Quze
2533 439 2665 482 cum
2696 418 3001 480 didicisset
3030 415 3466 497 Chrysogonus,
3485 417 3655 496 jubet

286 507 473 579 ἐδήλου
517 509 582 564 τὰ
637 531 694 565 τε
744 509 978 588 παρόντα
1030 503 1281 589 γενναίως
1327 513 1499 590 φέρειν
1549 513 1638 568 καὶ
1686 515 1817 592 πρὸς
1873 512 1936 568 τὸ

288 597 482 675 μέλλον
529 597 817 656 ἀκόλουθον
875 601 1058 656 καὶτὸ
1118 601 1278 680 πέρας
1311 601 1607 682 προσδοκᾷν
1666 610 1741 677 τῷ
1771 601 1932 674 θελή-

285 712 435 765 ματι.

366 778 458 840 Δ’.
520 777 804 836 Ῥώννυται
835 779 1036 844 τούτοις
1094 777 1413 838 Ἀναστασία
1461 782 1548 838 καὶ
1591 782 1722 839 αὖτά
1771 789 1934 838 ταῦτα

283 873 378 934 τῆς
437 865 638 935 ἡδονῆς
673 866 914 924 ἐποιεῖτο
945 869 1207 948 πρόφασιν
1263 871 1475 937 καὶτῆς
1527 873 1728 958 ἀγαθῆς
1779 871 1932 928 ἐλπί-

288 955 376 1021 δος
433 956 598 1035 χάριν
642 955 675 1010 ἃ
731 958 832 1034 πρὸ
875 964 970 1013 103
1013 960 1286 1038 συμφορὰν
1330 959 1536 1036 ἐνόμιζε
1581 955 1687 1027 ’τὴν
1731 982 1788 1018 τε
1844 961 1936 1018 τοῦ

287 1045 474 1123 ἀνδρὸς
507 1045 766 1117 ὠμότητα
809 1047 898 1104 καὶ
949 1048 1049 1116 τὴν
1099 1047 1305 1118 πολλὴν
1353 1050 1646 1128 ἀγριότητα
1673 1058 1779 1107 τῶν
1835 1074 1931 1132 φυ-

286 1136 491 1216 λάκων,
527 1137 581 1190 οἳ
635 1136 830 1200 πάντες
890 1138 989 1213 μὲν
1034 1139 1230 1214 ὁμοίως
1261 1139 1557 1211 ἀμείλικτοι
1601 1142 1687 1197 καὶ
1734 1141 1933 1220 πικροὶ,

291 1223 564 1292 Κοδίσσιος
608 1223 663 1281 δὲ
710 1225 806 1295 τήν
838 1228 1089 1307 πονηρίον
1134 1227 1548 1308 διαφορώτατος,
1581 1231 1610 1286 ’6
1654 1229 1747 1287 καί
1793 1237 1933 1287 Που-

289 1315 429 1390 πλίῴ
472 1315 740 1394 γνώριμον
786 1318 844 1371 ὃν
897 1317 1070 1392 τούτῳ
1118 1317 1350 1394 μάλιστα
1410 1317 1757 1395 στελλόμενος
1818 1320 1937 1376 ἐνε-

291 1404 533 1484 τέλλετο,
579 1405 718 1482 μήτε
782 1407 870 1462 τὸν
936 1405 1121 1471 ἔξωθεν
1190 1415 1281 1464 τοῦ
1337 1407 1576 1484 θαλάμου
1632 1408 1758 1487 ἀέρα
1816 1412 1938 1487 ὁρᾷν

293 1492 420 1570 μήτ’
474 1495 750 1576 ἀναπνεῖν,
816 1496 859 1552 εἰ
917 1495 1158 1572 δυνατὸν,
1220 1495 1518 1577 ἐλευθερίως
1564 1497 1936 1570 Ἀναστασίαν,

291 1585 478 1640 Δέινὸν
521 1584 620 1662 γὰρ
663 1587 906 1642 ἒποιεϊτο
963 1588 1006 1642 εἰ
1032 1591 1130 1654 τῆς
1182 1585 1459 1663 πρεσϐείας
1503 1589 1784 1658 ἐπανήκων
1837 1591 1941 1659 ζῶν

287 1672 479 1748 ὄψοιτο
524 1675 585 1729 τὸ
643 1674 855 1753 γύναιον
911 1676 1006 1739 τὰς
1062 1677 1184 1754 πρὸς
1217 1678 1368 1732 αὑτὸν
1400 1676 1503 1745 ἤδη
1536 1679 1796 1748 συνθήκας
1826 1680 1945 1746 ἠθε-

2018 529 2148 572 eam
2179 512 2440 591 gaudere
2489 517 2548 572 et
2602 509 2757 570 bona
2815 508 3035 587 facere,
3087 515 3144 567 et
3175 505 3487 586 praesentia
3520 506 3654 567 forti

2017 598 2216 662 animo
2253 601 2434 676 ferre,
2468 613 2528 660 et
2561 599 2621 660 in
2656 599 2918 660 futurum
2953 595 3237 658 voluntati
3269 613 3658 678 quoquecon—

2017 698 2365 752 sentaneum
2397 697 2740 770 exspectare
2768 687 3013 754 exitum.

2098 778 2196 842 IV.
2231 779 2336 842 His
2359 780 2746 841 conﬁrmatur
2766 776 3169 853 Anastasia,et
3192 776 3316 838 haec
3338 775 3468 856 ipsa
3493 774 3658 838 duxit

2019 887 2151 932 esse
2181 868 2381 949 gaudii
2416 870 2816 942 occasionem,
2850 875 2907 928 et
2936 865 3109 927 bonae
3139 868 3263 947 spei
3299 865 3656 947 principium

2021 959 2374 1022 existimavit
2397 977 2528 1022 esse
2551 957 3115 1030 calamitatem,nem
3128 973 3198 1034 pe
3221 963 3279 1017 et
3303 955 3500 1017 mariti
3525 974 3657 1018 cru-

2019 1047 2344 1124 delitatem,
2397 1055 2455 1110 et
2509 1047 2752 1110 nimiam
2816 1045 3130 1108 custodum
3182 1044 3490 1108 saevitiam.
3547 1043 3661 1117 Qui

2021 1147 2190 1202 crant
2219 1138 2497 1200 similiter
2525 1136 2768 1217 quidem
2803 1154 3008 1198 omnes
3038 1133 3245 1197 acerbi
3295 1143 3352 1196 et
3410 1133 3656 1196 immiti-

2021 1227 2248 1307 gabiles
2273 1249 2286 1289 :
2316 1226 2622 1290 Codissius
2643 1234 2840 1288 autem
2868 1233 2994 1286 erat
3020 1223 3332 1286 excellenti
3365 1223 3657 1304 improbi-

2025 1326 2169 1393 tate,
2202 1320 2298 1399 qui
2332 1327 2389 1379 et
2421 1325 2594 1380 notus
2639 1322 2769 1378 erat
2817 1314 3119 1390 Publio,et
3145 1313 3241 1376 cui
3273 1314 3661 1396 proﬁciscens

2023 1408 2136 1470 hoc
2167 1407 2422 1470 maxime
2449 1405 2851 1480 mandaverat,
2895 1411 2955 1466 ut
2990 1423 3100 1465 nec
3133 1414 3295 1465 extra
3333 1404 3656 1466 thalamum

2023 1496 2226 1559 videre
2257 1515 2604 1572 aerem,nec
2629 1495 2838 1570 libere,
2866 1493 2916 1555 si
2947 1493 3076 1554 ﬁeri
3110 1501 3331 1574 posset,
3361 1493 3660 1574 respirare

2025 1587 2253 1648 sineret
2284 1586 2880 1649 Anastasiam.Grave
2907 1583 3062 1645 enim
3090 1582 3365 1657 ducebat,
3385 1584 3432 1644 si
3463 1599 3663 1645 rever-

2027 1683 2161 1737 tens
2190 1695 2223 1736 a
2256 1676 2567 1755 legatione,
2631 1675 2816 1736 vivam
2875 1672 3102 1736 videret
3153 1671 3493 1748 mulierem,
3531 1689 3663 1753 quae

286 1764 478 1831 τηκός.
526 1765 664 1841 Πρὸς
697 1761 751 1820 δὲ
801 1766 888 1822 καὶ
918 1764 1135 1823 πολλῶν
1165 1767 1463 1846 χρημάτων
1515 1767 1648 1843 ὁμοῦ
1675 1768 1772 1826 καί
1801 1790 1939 1834 κτη-

2033 1765 2217 1828 l‘oedus
2247 1785 2381 1827 cum
2443 1784 2514 1828 eo
2574 1765 2786 1826 initum
2835 1765 2961 1845 jam
2993 1762 3334 1828 violaverat.
3370 1765 3667 1826 Praeterea

289 1853 474 1928 μάτων
537 1853 688 1917 οὗτος
747 1855 969 1934 ὀφθῆναι
1045 1856 1229 1936 κύριος
1275 1855 1484 1918 εὔελπις
1543 1859 1630 1926 ἧν.
1694 1858 1937 1922 Ἐκεῖνος

288 1943 388 2020 μὲν
420 1941 508 1999 οὗν
575 1944 711 1999 κατά
768 1946 866 2010 τὴν
906 1942 1025 2001 ὁδὸν
1058 1945 1347 2003 ἀκόλουθον
1392 1953 1458 2022 τῇ
1488 1949 1716 2024 πονηρίᾳ
1764 1949 1940 2004 καὶτὸ

289 2032 452 2109 πέρας
523 2032 769 2108 εὑρίσκει,
855 2036 1084 2104 Θνήσκει
1165 2036 1264 2114 γὰρ
1334 2035 1555 2109 κινδύνῳ
1624 2035 1940 2117 διαφθαρεὶς,

289 2120 423 2195 ἅπερ
481 2118 678 2187 ἤλπισε
725 2119 846 2200 δρᾷν
917 2125 1072 2186 αὑτὸς
1124 2127 1374 2203 πρότερον
1429 2127 1519 2180 σῦν
1577 2124 1694 2202 δίκῃ
1738 2127 1938 2199 παθὼν,

289 2213 375 2266 καὶ
408 2211 632 2290 χηρείας
691 2209 1007 2285 Ἀναστασίᾳ
1073 2212 1318 2292 πρόξενος
1380 2216 1641 2278 καταστὰς
1697 2220 1755 2274 οῦ
1806 2220 1940 2294 θρη-

291 2314 426 2374 νεῖν,
482 2298 618 2354 ἀλλά
680 2305 894 2379 σκιρτᾷν
941 2302 1292 2376 ἐμποιούσης.
1350 2301 1669 2360 ’Λναστασία
1739 2303 1791 2359 δέ
1849 2316 1942 2364 τοῦ

292 2387 490 2464 δεσμοῦ
545 2390 630 2444 καὶ
687 2397 793 2444 τῶν
841 2393 1208 2469 φυλαττόντων
1271 2394 1429 2460 αὒτῆν
1488 2399 1656 2448 κυ·.ῶν
1725 2393 1940 2450 ἐλευθε-

301 2481 530 2557 ρωθεῖσα
578 2477 739 2556 (οὕτω
789 2482 890 2558 γὰρ
965 2482 1147 2538 αὖτοὺς
1209 2487 1390 2539 εἰπεῖν
1453 2484 1793 2562 οἰκειόττρον)
1863 2484 1946 2541 ἐπὶ

300 2568 399 2634 τὴν
458 2569 713 2641 σύννομον
772 2569 972 2647 ἀγέλην
1007 2573 1092 2627 καὶ
1142 2572 1238 2640 τὴν
1285 2574 1481 2642 συνήθη
1526 2579 1626 2640 τῆς
1683 2572 1944 2631 εἰσεϐείας

301 2657 466 2732 νομὴν
514 2659 732 2738 ἐφέρετο
767 2661 960 2739 σχῆμά
1009 2681 1065 2716 τε
1113 2661 1322 2740 μέτριον
1377 2661 1608 2720 ὑποδῦσα
1662 2663 1822 2718 πάλιν
1852 2663 1945 2725 τάς

297 2770 354 2804 τε
397 2748 635 2828 φυλακὰς
693 2753 1019 2831 περιήρχετο
1075 2754 1162 2809 καὶ
1211 2753 1302 2808 σὺν
1358 2753 1562 2812 πλείονι
1621 2761 1688 2830 τῇ
1745 2753 1946 2831 σπουδῇ

300 2841 356 2896 0-3
404 2841 470 2895 τὰ
516 2843 791 2919 τραύματα
835 2842 999 2916 μόνον
1059 2844 1144 2898 καὶ
1190 2845 1306 2908 τοὺς
1365 2846 1568 2923 ἰχῶρας
1604 2856 1721 2907 τοῖς
1777 2845 1943 2922 ἁγίοις

303 2927 684 3008 ἐξεθεράπευεν,
748 2929 884 2986 ἀλλᾶ
947 2931 1045 3009 γὰρ
1116 2933 1201 2988 καὶ
1259 2934 1388 3010 πρὸς
1456 2936 1546 2988 τὸν
1605 2932 1782 3010 ἀγῶνα
1840 2941 1946 2990 τῶν

305 3020 646 3098 προκείμενον
706 3026 931 3099 εὖγενςρς
991 3020 1233 3102 ἢλειερεν.
1287 3027 1418 3082 Οἴον
1480 3022 1534 3079 δὲ
1596 3025 1685 3080 τὸν
1746 3027 1946 3102 καρπὸν

2025 1875 2162 1918 vero
2188 1855 2461 1936 sperabat
2495 1855 2579 1917 sic
2614 1873 2855 1936 quoque
2885 1854 3107 1934 lore,ut
3135 1854 3446 1914 multarum
3479 1871 3666 1932 pecu-

2026 1946 2258 2008 niarum
2283 1954 2342 2007 et
2365 1946 2810 2026 possessionum
2850 1945 3192 2008 efﬁceretur
3224 1948 3529 2004 dominus.
3556 1942 3665 2004 Αι-

2030 2055 2144 2115 que
2175 2035 2275 2097 ille
2309 2035 2549 2116 quidem
2575 2037 2800 2096 invenit
2830 2035 2890 2096 in
2923 2032 3220 2113 via,quem
3255 2051 3360 2113 par
3393 2031 3670 2112 erat,exi-

2029 2135 2174 2188 tum.
2200 2123 2448 2187 Moritur
2470 2125 2628 2188 enim
2657 2125 2918 2206 periculo
2945 2124 3241 2204 perditus,
3268 2142 3398 2204 qua)
3429 2141 3493 2183 se
3523 2141 3668 2202 spe-

2025 2213 2191 2274 rabat
2215 2214 2668 2294 facturum,ipse
2702 2213 2865 2294 prius
2877 2214 3038 2294 juste
3065 2231 3269 2292 passus
3297 2230 3308 2271 ῑ
3337 2219 3395 2273 et
3425 2211 3670 2273 effectus

2023 2303 2356 2366 Anastasius
2380 2304 2736 2366 conciliator
2766 2303 3086 2376 viduitatis,
3131 2320 3263 2381 quae
3294 2320 3410 2362 non
3445 2301 3668 2362 luctum

2023 2392 2444 2467 aﬁ‘erebat,sed
2473 2393 2934 2456 exsultationem
2949 2395 3016 2452 ,Α
3031 2390 3282 2452 nastasia
3301 2399 3498 2452 autem
3524 2389 3670 2449 libe-

2029 2491 2154 2544 rata
2184 2501 2217 2543 a
2250 2483 2483 2546 vinculo
2535 2493 2591 2544 et
2621 2502 2654 2544 a
2684 2481 2932 2544 canibus
2957 2481 3056 2562 qui
3089 2499 3217 2542 eam
3251 2477 3667 2541 custodiebant

2035 2573 2143 2654 (sic
2166 2572 2323 2633 enim
2351 2592 2450 2633 eos
2473 2573 2749 2634 convenit
2779 2570 3134 2652 appellare),
3163 2569 3234 2630 ad
3265 2568 3500 2630 solitum
3535 2585 3669 2647 gre-

2031 2679 2162 2738 gem
2198 2661 2520 2736 ferebatur,
2549 2670 2605 2723 et
2633 2661 2706 2722 ad
2740 2669 3024 2721 consueta
3052 2658 3279 2739 pietatis
3309 2676 3526 2738 pascua
3561 2675 3574 2716 :
3609 2664 3669 2718 et

2031 2751 2360 2813 modestum
2393 2770 2602 2813 rursus
2632 2750 2886 2812 induens
2910 2749 3202 2819 habitum,
3239 2745 3440 2808 obibat
3468 2765 3668 2808 carce-

2027 2849 2215 2921 res,et
2240 2860 2452 2920 magna
2475 2860 2618 2904 cura
2644 2859 2711 2902 ac
2735 2839 3040 2920 diligentia
3065 2857 3182 2898 non
3207 2837 3398 2898 solum
3423 2835 3670 2898 vulnera

2029 2948 2096 2992 ac
2126 2929 2352 2992 saniem
2413 2931 2632 2993 sanctis
2693 2929 2960 3004 curabat,
3025 2928 3130 2990 sed
3188 2926 3258 2986 ad
3291 2926 3667 3007 propositum

2031 3039 2265 3101 quoque
2288 3034 2592 3083 certamen
2612 3039 2715 3082 eos
2747 3020 3032 3101 praeclare
3055 3017 3336 3080 incitabat
3359 3024 3416 3078 et
3450 3032 3670 3096 praepa-

306 3108 535 3166 ἐντεῦθεν
582 3117 746 3188 τρυγᾷ
778 3113 838 3168 τὸ
880 3113 1077 3178 ταύτης
1108 3110 1336 3179 δηλώσει
1371 3111 1559 3193 τέλως,
1607 3114 1666 3170 τὸ
1697 3111 1749 3168 δὲ
1798 3113 1946 3180 τέλος

2033 3098 2476 3182 ιίδὺείῑΩυδΙθηι
2511 3128 2650 3173 vero
2682 3098 2936 3172 fructum
2957 3108 3098 3171 hinc
3123 3105 3431 3188 percipiat,
3463 3106 3668 3168 decla-

302 3200 511 3262 πάντως
544 3202 570 3256 ὁ
601 3199 758 3278 λόγος
790 3201 848 3258 τὸ
881 3199 945 3268 δὴ
979 3209 1065 3258 νῦν
1098 3201 1252 3282 ἔχον,

380 3289 470 3352 Ε’,
525 3292 902 3358 Διοκλητιανὸς
953 3294 1049 3366 μὲν
1084 3294 1110 3348 ὁ
1153 3291 1405 3360 δυσσεϐὴς
1452 3293 1506 3348 ἐν
1540 3295 1795 3367 Ακουῖλίᾳ
1825 3292 1945 3353 διά-

295 3402 401 3458 γων
464 3380 552 3447 ἦν·
617 3379 784 3454 τούτῳ
842 3377 895 3436 δὲ
950 3381 1016 3436 τὰ
1075 3381 1172 3455 μὲν
1229 3380 1363 3437 ἄλλα
1439 3380 1681 3461 δευτέρας
1737 3383 1948 3451 ἠξιοῦτο

295 3467 593 3550 φροντίδος,
657 3473 717 3525 τὸ
778 3468 1131 3551 διαφερόντως
1195 3469 1249 3526 δὲ
1309 3469 1726 3548 σπουδαξόμενον
1800 3473 1944 3536 ὅπως

293 3559 483 3634 μηδεὶς
600 3560 756 3617 αῦτὶν
841 3560 1040 3639 ἐκφύγῃ
1144 3565 1471 3640 Χριστιανῦν
1555 3563 1940 3640 κρυπτόμενος.

294 3648 644 3728 Ἀναφερεται
697 3652 822 3728 γοῦν
867 3653 1008 3724 αῦτῴ
1055 3651 1142 3707 καὶ
1173 3652 1296 3730 περὶ
1327 3659 1431 3708 τῶν
1484 3652 1537 3708 ἐν
1573 3644 1753 3729 Ῥώμῃ
1809 3653 1943 3708 πάνυ

294 3761 399 3795 των
468 3741 540 3804 ὡς
599 3738 854 3816 πάμπολυ
909 3737 1111 3807 πλῇθος
1178 3748 1504 3819 Χριστιανῶν
1562 3741 1822 3820 φυλακαῖς
1892 3763 1948 3797 τε

295 3826 585 3908 ποραδοθὲν
643 3828 1016 3906 καίβασσίνοις
1069 3829 1217 3896 ὅσαις
1274 3828 1567 3898 ὕποϐληθὲν
1600 3829 1805 3888 οῦόέπω
1862 3833 1948 3887 καὶ

297 3925 382 3974 νῦν
433 3918 738 3994 ἀπομαθεῖν
779 3918 1044 3998 ἠνέσχετο
1086 3919 1184 3986 τὴν
1229 3917 1519 3994 εὖσεϐειαν,
1560 3923 1633 3974 ὧν
1694 3917 1949 3988 ἀλείπτην

600 3560 756 3617 αῦτὶν
841 3560 1040 3639 ἐκφύγῃ

298 4010 445 4065 εἶναι
534 4009 865 4087 Χρυσόγονον
950 4007 1288 4083 πειθομένους
1373 4010 1510 4083 οῦτῴ
1595 4009 1793 4072 πάντας
1865 4011 1951 4065 καὶ

2029 3198 2183 3262 rabit
2214 3203 2346 3282 ejus
2378 3202 2510 3264 linis
2547 3219 2558 3264 :
2600 3202 2777 3262 ﬁnem
2812 3209 3033 3280 autem,
3069 3198 3278 3260 oratio.

2099 3295 2289 3353 V.Hoc
2313 3305 2566 3366 tempore
2589 3297 2800 3365 impius
2823 3294 3055 3367 quidem
3077 3291 3468 3350 Diocletianus
3491 3286 3668 3364 σερε-

2029 3378 2128 3440 bat
2155 3379 2470 3460 Aquileia).
2505 3380 2574 3441 Ei
2610 3399 2742 3442 vero
2802 3380 3056 3442 aliorum
3090 3377 3337 3458 quidem
3369 3395 3510 3438 cura
3542 3383 3670 3437 erat

2030 3471 2328 3550 posterior
2361 3489 2374 3532 :
2408 3472 2519 3531 hoc
2543 3489 2680 3532 vero
2706 3470 3004 3550 praecipue
3025 3476 3150 3529 erat
3175 3484 3356 3544 curae,
3383 3474 3443 3526 ut
3472 3465 3670 3527 nullus

2031 3559 2401 3621 Christianus
2435 3565 2534 3639 qui
2565 3559 2810 3632 latebat,
2848 3577 2982 3620 eum
3047 3557 3357 3633 elfugeret.
3409 3554 3496 3616 Ad
3532 3573 3668 3614 eum

2033 3667 2170 3726 ergo
2201 3648 2469 3711 defertur
2493 3649 2566 3710 ab
2599 3648 2899 3722 omnibus,
2927 3648 3024 3727 qui
3056 3645 3258 3707 Romae
3287 3652 3481 3718 erant,
3509 3641 3669 3724 quod

2033 3742 2274 3798 maxima
2308 3741 2610 3798 multitudo
2651 3742 3128 3802 Christianorum.
3164 3737 3419 3810 conjecta
3446 3737 3501 3792 in
3536 3749 3671 3792 car-

2031 3843 2222 3900 ceres,
2255 3836 2314 3887 et
2346 3826 2615 3906 plurimis
2648 3828 2860 3888 aﬁ'ecta
2889 3821 3223 3905 suppliciis,
3255 3821 3520 3883 nondum
3554 3838 3664 3900 p0-

2033 3922 2142 3975 tuit
2163 3915 2476 3978 dediscere
2492 3917 3059 3996 pietatem.Quorum
3085 3931 3214 3975 esse
3239 3919 3665 3993 praeceptorem

2035 4013 2095 4067 et
2121 4005 2519 4067 institutorem
2545 4006 3011 4085 Chrysogonum,
3047 4002 3148 4084 qui
3178 4000 3434 4064 habebat
3459 4017 3669 4062 omnes

297 4097 437 4162 ὅλως
472 4103 570 4164 τῆς
631 4101 782 4156 οῦτοῦ
810 4096 1056 4174 γλώττης
1103 4097 1481 4176 ἐξηρτομένους
1526 4098 1746 4179 ἔχοντα,
1783 4090 1840 4157 Ὀ
1897 4096 1949 4154 δὲ

2033 4097 2141 4154 sibi
2177 4108 2440 4169 parentes
2470 4107 2525 4155 et
2557 4097 2958 4169 pendentesab
2985 4097 3110 4168 ejus
3133 4093 3460 4166 liuguaJlle
3479 4103 3673 4179 autem

297 4187 598 4268 παραυτίκα
661 4189 783 4250 τοὺς
839 4188 937 4262 μέν
995 4186 1186 4252 ἄλλους
1241 4189 1440 4254 πάντας
1503 4190 1750 4265 βασάνοις
1793 4187 1945 4245 Engo-

2033 4184 2178 4247 alios
2209 4185 2448 4266 quidem
2496 4184 2905 4264 omnesjussit
2935 4182 3073 4244 dedi
3107 4180 3442 4255 tormentis,
3478 4189 3538 4240 et
3571 4171 3672 4240 de;

293 4281 478 4358 θῆναι,
526 4278 650 4334 εἶτα
687 4279 772 4333 καὶ
826 4277 1024 4354 θανάτῃ
1087 4278 1161 4353 μὴ
1207 4279 1547 4354 πειθομένους
1607 4278 1946 4358 προσέταττε,

2033 4274 2174 4336 inde
2192 4273 2366 4337 etiam
2398 4273 2656 4349 morti,si
2679 4293 2793 4335 non
2814 4268 3672 4358 persuaderentur,Chrysogo-

295 4357 631 4446 Χρυσόγονον
714 4365 766 4422 δὲ
843 4367 1002 4442 μόνον
1076 4369 1209 4444 πρὸς
1289 4368 1445 4425 αὐτὸν
1523 4357 1946 4448 ἀναπεμφθῆναι,

2033 4383 2170 4425 num
2203 4373 2399 4427 autem
2433 4365 2625 4426 solum
2686 4364 2759 4427 ad
2811 4364 3003 4444 ipsum
3041 4361 3193 4422 mitti
3229 4381 3241 4420 :
3274 4360 3387 4422 hoc
3419 4357 3574 4438 apud
3608 4375 3673 4419 se

296 4465 450 4514 τοῦτο
505 4457 622 4514 καθ’
680 4457 865 4513 ἑαυτὸν
908 4457 1238 4532 σκεψάμενος
1293 4461 1368 4522 ὡς
1435 4459 1633 4515 ἐκείνου
1677 4460 1946 4535 κρατήσας

2033 4454 2608 4535 considerans,quod
2634 4455 2682 4516 si
2709 4453 2877 4515 illum
2904 4452 3378 4531 vicisset,omnes
3397 4449 3673 4530 protinus

297 4549 498 4610 πάντας
544 4548 690 4612 εὐθὺς
735 4547 883 4604 ἔσται
941 4549 1257 4614 νενικηκώς.
1295 4550 1473 4622 Τούτῳ
1533 4549 1631 4624 μὲν
1675 4549 1761 4605 οὖν
1815 4551 1950 4627 ἀγο-

301 4638 448 4714 μένῳ
506 4638 639 4716 πρὸς
670 4636 891 4713 βασιλέα
941 4643 1027 4695 καὶ
1057 4642 1090 4708 ἡ
1141 4639 1422 4714 θαυμαστὴ
1467 4639 1738 4697 συνείπετο
1790 4637 1953 4694 Ἀνα-

303 4725 516 4796 στασία,
572 4725 828 4782 πάντοθεν
885 4735 1246 4806 συγκροτοῦσα
1303 4728 1390 4784 καὶ
1439 4727 1502 4783 τὰ
1561 4729 1686 4806 πρὸς
1747 4725 1954 4806 ἀνδρίαν

305 4813 616 4892 ἀλείφουσα,
675 4818 770 4872 καί
839 4813 1082 4877 δεικνῦσα
1140 4818 1320 4897 γένους
1394 4817 1664 4876 ἀσθένειαν
1723 4818 1952 4896 εὐγενείᾳ

306 4905 643 4983 ορρονήπατος
694 4905 1010 4974 νικωμένην,

383 4991 497 5067 ς’.
549 4984 641 5057 Ὦς
675 4991 729 5050 δὲ
761 4996 848 5051 καὶ
894 4995 1131 5074 παρέστη
1163 5002 1239 5070 τῷ
1267 4996 1484 5072 βασιλεῖ
1540 4995 1890 5073 Χρυσόγονος,
1924 4995 1952 5050 ὁ

306 5083 403 5158 μὲν
477 5083 662 5141 αὐτίκα
717 5085 948 5160 ῥήμασιν
1007 5085 1322 5163 ἡπιωτέροις
1392 5085 1620 5165 ἐχρῆτο,
1677 5085 1949 5156 Πείσθητι,

306 5169 502 5251 λέγων,
539 5175 584 5227 ὦ
643 5173 967 5252 Χρυσόγονε⁹
1025 5174 1292 5232 συνθέσθαι
1337 5188 1452 5239 νοϊς
1510 5174 1815 5254 ἡμετέροις,
1868 5176 1954 5230 καὶ

305 5263 448 5324 θεοῖς
508 5261 605 5338 μὲν
663 5265 1004 5342 χαρίσασθαι,
1041 5271 1216 5338 σαυτῷ
1277 5262 1331 5319 δὲ
1363 5265 1429 5320 τὰ
1469 5263 1656 5332 ἥδιστα
1698 5266 1805 5320 τῶν
1851 5261 1954 5318 ἀλ-

307 5352 626 5427 γεινοτάτων
701 5355 788 5410 καὶ
861 5354 923 5412 τὰ
984 5352 1316 5433 συμφέροντα
1386 5353 1492 5410 τῶν
1555 5356 1615 5412 οὐ
1669 5351 1955 5410 λυσιτελῶν

307 5436 630 5501 ἀνθελέσθαι.
666 5441 737 5499 Εὖ
781 5444 881 5523 φάρ
913 5443 1019 5501 ἴσθι
1078 5445 1148 5508 ὡς
1181 5442 1240 5500 οὗ
1299 5444 1458 5519 μόνον
1487 5465 1570 5500 σοι
1623 5443 1714 5508 τάς
1745 5465 1801 5499 τε
1849 5444 1952 5520 βα-

310 5529 496 5595 σάνους
553 5530 844 5608 ἀνήσομεν,
878 5533 938 5588 τό
995 5553 1051 5589 τε
1097 5530 1386 5591 κάλλιστον
1445 5535 1598 5590 τοῦτο
1654 5532 1749 5590 καῖ
1798 5539 1954 5590 πᾶσιν

309 5614 404 5687 ἧὸὺ
456 5621 780 5701 χαριούμεθα
832 5628 968 5703 φῶς,
1000 5619 1118 5679 ἀλλ’
1167 5623 1349 5682 αὐτίκα
1394 5644 1451 5680 σε
1496 5623 1582 5680 καὶ
1615 5612 1826 5699 Ῥώμης
1857 5621 1952 5690 τῆς

2035 4551 2160 4605 erat
2191 4544 2805 4625 superaturus.Atque
2839 4544 2889 4605 ei
2918 4541 3330 4623 quidem,cutn
3351 4538 3675 4600 duceretur

2035 4636 2111 4696 ad
2141 4633 2587 4713 imperatorem,
2625 4652 2828 4696 comes
2859 4633 2968 4693 fuit
3015 4631 3346 4704 Anastasia,
3410 4627 3674 4708 undique

2039 4723 2352 4784 conferens
2370 4731 2428 4786 et
2449 4741 2802 4804 comparans
2825 4740 2896 4783 ea
2919 4739 3052 4798 quae
3073 4719 3455 4799 pertinebant
3474 4716 3546 4778 ad
3569 4734 3674 4778 au-

2035 4813 2290 4892 gendam
2314 4812 2491 4874 animi
2519 4811 3014 4892 magnitudinem,
3051 4818 3110 4870 et
3138 4807 3466 4870 ostendens
3497 4821 3674 4867 sexus

2036 4907 2483 4963 imbecillitatem
2507 4906 2708 4963 vincia
2733 4902 3123 4975 magnitudine
3147 4901 3320 4958 animi
3338 4909 3388 4956 et
3413 4900 3668 4969 spiritus.

2105 4991 2196 5048 Vl.
2231 4991 2540 5061 Postquam
2565 5004 2696 5047 vero
2719 5000 2849 5047 ante
2875 4991 3276 5059 imperatorem
3302 4986 3479 5042 astitit
3497 4985 3674 5054 Chry-

2035 5094 2314 5154 sogonus,
2347 5074 2446 5136 ille
2462 5074 2701 5155 quidem
2727 5072 2924 5134 statim
2959 5070 3155 5133 verbis
3172 5067 3672 5131 ususestmitiori-

2035 5169 2145 5232 bus
2179 5191 2192 5226 ε
2229 5167 2696 5242 Persuadeare,o
2727 5161 3360 5246 Chrysogone,nostris
3394 5157 3674 5240 conjungi

2038 5257 2324 5342 partibus,
2351 5266 2408 5318 et
2433 5257 2544 5318 diis
2575 5254 2814 5337 quidem
2851 5253 3196 5334 gratiﬁcari,
3234 5252 3338 5342 tibi
3372 5259 3571 5342 autem
3604 5267 3677 5312 ea

2037 5341 2170 5431 quae
2193 5355 2329 5410 sunt
2353 5344 2812 5427 jucundissima,
2846 5343 3124 5424 praeferre
3183 5341 3565 5431 tristissimis,
3616 5347 3676 5402 et

2038 5429 2168 5520 qua;
2197 5445 2332 5498 sunt
2353 5434 2778 5516 conducibilia,
2808 5434 3052 5495 minime
3079 5429 3488 5494 utilibus.Scio
3511 5429 3673 5493 enim

2036 5531 2258 5606 fore,ut
2275 5526 2382 5590 tibi
2397 5545 2513 5590 non
2528 5525 2720 5587 solum
2736 5532 3025 5587 tormenta
3042 5521 3507 5604 remittamus,et
3520 5522 3675 5585 hanc

2041 5619 2504 5703 pulcherrimam
2528 5613 2924 5697 omnibusque
2945 5611 3443 5695 jucundissimam
3476 5613 3671 5677 lucem
