4056 6142
410 225 527 302 s79
1726 215 2007 295 MENSIS
2047 214 2474 294 DECEMBER.
3661 219 3778 303 530'

414 369 873 454 largiamﬁr,sed
895 376 952 431 te
975 370 1149 432 etiam
1169 367 1361 430 statim
1379 367 1629 430 efficiam
1648 365 2054 445 magnaeiirbis

2140 388 2401 444 μεγιστης
2445 367 2684 449 ἔπαρχον
2729 366 3007 436 ἀποδείξω.
3072 359 3128 428 Ὀ
3173 367 3229 426 δὲ
3275 371 3412 446 μήτε
3455 377 3553 440 τῆς
3615 375 3777 450 βασι-

408 465 614 527 Romae
646 459 1131 542 praefectumJlle
1162 466 1359 520 autem
1387 475 1498 518 nec
1523 455 1925 536 imperatoriae
1945 475 2048 538 po-

2140 457 2287 522 λικῆς
2341 456 2574 522 ἐξουσίας
2631 460 2724 514 τὸν
2778 455 2935 536 ὄγκον
2993 459 3378 537 καταπλαγεὶς,
3441 462 3576 536 μήτε
3644 466 3777 540 πρὸς

413 553 640 616 testatis
676 549 1126 631 obstupefactus
1159 545 1599 625 magnitudine,
1635 562 1832 624 neque
1861 545 2049 606 dono-

2140 547 2190 601 τὸ
2250 550 2348 612 τῆς
2394 544 2590 622 δωρεᾶς
2651 547 2870 624 μέγεθος
2931 551 3201 627 καθυφεὶς,
3249 549 3413 627 Ἐγώ,
3447 551 3581 625 μετὰ
3634 552 3778 630 παῤ-

407 650 542 706 rum
574 642 766 702 ﬂexus
818 637 1047 715 ingenti
1105 635 1434 705 oblatione,
1471 635 1660 695 libere
1693 633 1841 695 dixit
1880 652 1892 696 :
1929 632 2046 714 ligo

2140 634 2314 700 ὃησῖας
2374 633 2498 714 ἔφη,
2533 634 2624 691 ςμένα
2681 633 2842 709 μόνον
2900 635 3022 694 οῖδα
3057 640 3187 694 Θεὸν
3228 639 3313 694 καὶ
3347 647 3530 697 τοῦτον
3582 644 3779 704 παντὸς

405 749 594 793 unum
629 729 820 791 solum
855 727 985 787 novi
1021 727 1234 802 Deum,
1269 731 1328 783 et
1357 739 1493 784 eum
1555 721 1796 802 quidem
1837 722 2045 802 judico

2140 724 2230 778 ιιὲν
2287 725 2444 802 κρίνω
2501 726 2678 802 φωτὸς
2749 723 3021 802 ἡδύτερον,
3084 728 3296 785 πάντων
3366 725 3421 782 δὲ
3482 730 3782 807 χρημάτων

412 820 619 902 quavis
648 819 779 880 luce
811 815 1166 887 suaviorem,
1202 811 1406 892 quavis
1435 829 1574 902 vero
1606 811 1720 870 vita
1752 810 2050 902 desidera-

408 901 993 987 biliorem,omnibus
1015 909 1212 963 autem
1239 901 1510 982 pecuniis
1524 901 2047 982 quaastuosiorem.

405 1001 558 1063 Eum
583 1006 639 1059 et
666 996 866 1056 anima
896 993 1126 1065 colo,et
1158 990 1338 1052 labris
1365 991 1740 1061 confiteor,et
1772 989 2053 1050 omnibus

404 1085 748 1151 videntibus
777 1083 958 1144 adoro
982 1080 1527 1158 genibusDeorum
1562 1089 1758 1141 autem
1791 1079 2053 1140 multitu-

408 1178 607 1240 dinem
642 1183 695 1235 et
714 1171 947 1234 fabulas
977 1179 1035 1232 et
1064 1171 1628 1240 daemones,tantum
1654 1168 1828 1230 abest
1859 1176 1924 1228 ut
1955 1187 2048 1229 co-

412 1267 626 1342 lam,ut
653 1264 764 1326 sim
799 1261 1068 1343 ejusdem
1102 1279 1236 1321 cum
1263 1259 1504 1322 Socrate
1537 1259 2051 1338 sententiae,opor-

414 1366 540 1420 tere
571 1373 673 1420 eos
703 1355 911 1432 fugere
939 1369 1041 1431 pro
1073 1349 1322 1426 viribus,
1355 1358 1424 1409 ut
1453 1348 1553 1429 qui
1583 1349 1701 1410 sint
1731 1349 2047 1409 hominum

409 1446 708 1527 deceptio,
765 1451 826 1504 et
879 1441 1214 1503 animarum
1275 1447 1478 1518 aperta
1538 1437 1855 1517 pernicies.
1908 1436 2052 1508 Quae

407 1556 545 1599 vero
579 1553 612 1596 a
643 1543 702 1596 te
735 1530 878 1592 mihi
911 1536 1326 1610 proponuntur
1375 1545 1622 1588 munera
1676 1537 1735 1589 et
1767 1528 2047 1606 honores,

410 1626 558 1688 nihil
590 1623 803 1685 melius
837 1620 1060 1682 habere
1081 1619 1546 1697 arhitror,quam
1581 1615 1812 1677 somnia
1844 1624 1901 1676 et
1921 1635 2051 1676 um—

410 1717 568 1789 bras,
605 1721 663 1776 et
692 1730 762 1774 ea
792 1709 963 1772 nihili
988 1709 1160 1772 facio.

2134 810 2574 891 κερδαλεώτερον·
2623 821 2808 870 τοῦτον
2852 816 2940 871 καὶ
2969 821 3125 896 ψυχῇ
3177 816 3410 896 λατρεύω
3452 820 3536 873 καὶ
3592 818 3781 897 χείλε-

2135 923 2217 957 σιν
2277 901 2528 980 ὁμολογῶ
2577 903 2662 960 καὶ
2689 905 2902 960 πάντων
2974 906 3218 984 ὁρώντων
3249 920 3366 971 τοῖς
3397 907 3577 985 γόνασι
3608 930 3781 984 προσ-

2135 1000 2299 1054 κυνῶ.
2355 1000 2497 1050 Θεῶν
2569 993 2623 1050 δὲ
2684 995 2896 1073 πλῆγος
2955 999 3043 1053 καὶ
3114 999 3305 1072 μύθους
3377 1003 3464 1056 καὶ
3532 997 3784 1075 δαίμονας

2138 1094 2381 1143 τοσοῦτον
2439 1082 2632 1164 ἀπέχω
2689 1083 2983 1164 λατρεύειν,
3051 1088 3190 1144 ὣστε
3251 1090 3446 1162 καὶτῷ
3499 1089 3576 1162 σῷ
3602 1090 3782 1166 κράτει

2135 1171 2580 1248 συμϐουλεύσαιμι
2667 1172 2728 1230 ἂν
2812 1177 3023 1255 φεύγειν
3140 1179 3325 1239 αὖτοὺς
3409 1177 3506 1233 ἁνᾶ
3591 1179 3783 1255 κράτος

2133 1264 2208 1327 ὡς
2279 1263 2490 1329 ἀπάτην
2543 1263 2830 1342 ἀνθρώπων
2901 1266 2984 1322 καὶ
3054 1269 3244 1346 ψυχῶν
3307 1265 3481 1342 λύε-ην
3558 1269 3786 1348 φανερὰν

2133 1351 2628 1430 ἀποδεδειγμένους,
2668 1355 2743 1411 Τὰ
2797 1352 2851 1410 δέ
2912 1375 2973 1432 γε
3025 1357 3166 1429 παρὰ
3223 1363 3317 1412 σοῦ
3369 1379 3458 1432 μοι
3503 1360 3781 1432 προτεινό-

2135 1464 2269 1515 μενα
2318 1439 2458 1509 δῶρα
2491 1443 2578 1498 καὶ
2633 1444 2726 1506 τὰς
2758 1445 2913 1518 τιμὰς
2970 1443 3115 1500 οὐδὲν
3149 1447 3430 1521 δνειρατων
3460 1445 3575 1502 οὒδὲ
3631 1453 3783 1512 σκιᾶς

2135 1529 2352 1608 ἄμεινον
2396 1531 2542 1610 ἕχείν
2579 1530 2806 1609 ἡγοῦμαι
2838 1536 2923 1589 καὶ
2965 1531 3084 1611 παρ’
3115 1532 3261 1589 οὒδὲν
3292 1535 3519 1610 τίθεμαι,

490 1802 752 1868 VlLNon
778 1799 914 1861 tulit
947 1798 1184 1860 dicendi
1213 1799 1542 1859 libertatem
1578 1794 1925 1875 imperator,
1947 1795 2048 1856 sed

2217 1799 2300 1862 Ζ¹,
2365 1801 2473 1857 Ούκ
2531 1799 2721 1879 ἤνεγκε
2765 1801 2861 1868 τὴν
2920 1800 3216 1879 παῤῥησίαν
3274 1805 3302 1856 ὁ
3357 1802 3634 1878 βασιλεὺς,
3668 1802 3784 1858 ἀλλ’

409 1895 661 1980 perinde
681 1911 747 1953 ac
764 1889 826 1950 in
852 1888 1040 1969 prima
1063 1895 1432 1970 prostratum
1459 1888 2048 1980 congressione,eum

408 1973 671 2065 abripuit
695 1985 1050 2060 impetus,ut
1082 1977 1191 2037 soli
1225 1976 1329 2037 iraa
1356 1973 1820 2065 gratificaretur(
1836 1973 2050 2052 jubet-

408 2083 525 2156 que
547 2063 612 2134 ut
642 2088 776 2134 cum
813 2067 874 2129 in
901 2067 1205 2128 desertum
1230 2065 1425 2128 locum
1461 2063 1773 2156 duxissent
1806 2065 2054 2156 Chryso:

406 2152 652 2246 g—onum,
687 2162 738 2221 ei
769 2165 946 2238 caput
975 2163 1381 2236 amputarent,
1427 2155 1646 2246 invitus
1677 2170 1812 2246 eum
1848 2152 2055 2246 majori

407 2241 680 2316 afﬁciens
709 2245 1208 2324 beneﬁcio,quam
1243 2245 1481 2324 quando
1509 2242 1698 2303 libens
1728 2242 1884 2302 dona
1906 2241 2053 2303 oﬂ‘e-

409 2338 950 2420 rebat,existimans
978 2334 1127 2415 fore,
1153 2345 1218 2394 ut
1251 2351 1388 2395 eum
1424 2332 1484 2392 in
1511 2350 1679 2393 suam
1713 2331 2054 2392 traduceret

410 2429 792 2495 sententiam.
843 2428 1042 2506 Atque
1084 2425 1197 2485 hoc
1231 2423 1472 2503 quidem
1509 2421 1725 2483 factum
1762 2429 1850 2482 est
1880 2428 2054 2500 prout

408 2521 537 2604 ipse
568 2520 831 2582 decrevit
857 2536 870 2577 :
898 2521 955 2575 et
978 2531 1212 2576 sacrum
1239 2512 1382 2572 illud
1409 2529 1627 2590 corpus
1660 2510 1970 2604 projicitur
1991 2514 2052 2569 in

418 2599 616 2673 littore
642 2607 822 2669 maris
852 2604 951 2664 ubi
985 2606 1162 2664 etiam
1215 2611 1337 2663 tres
1366 2617 1604 2660 sorores
1637 2607 1695 2659 et
1723 2599 1963 2677 animis,
1997 2606 2055 2659 et

411 2701 768 2774 corporibus,
799 2707 850 2753 et
868 2695 1078 2768 pietate
1101 2695 1159 2749 in
1185 2693 1558 2759 Deum,suam
1585 2691 1868 2774 habebant
1891 2689 2055 2746 habi-

415 2773 696 2849 tationem
712 2798 845 2843 cuin
873 2777 1129 2859 quodam
1148 2776 1308 2837 Zoilo
1333 2775 1454 2836 viro
1480 2775 1577 2855 pio
1602 2785 1661 2836 et
1686 2773 2047 2855 presbytero.

412 2873 731 2938 Sororibus
751 2877 950 2930 autem
977 2873 1148 2928 erant
1169 2865 1433 2943 nomina,
1468 2865 1668 2944 Agape
1690 2872 1750 2924 et
1778 2863 2053 2944 Chionia,

411 2963 672 3026 etIrene.
704 2957 814 3021 Hic
830 2975 967 3019 vero
981 2956 1199 3033 Zoilus,
1230 2973 1364 3017 cum
1390 2953 1807 3016 sibirevelatas
1835 2963 2053 3034 marty-

409 3054 494 3115 ris
515 3047 881 3132 Chrysogoni
897 3046 1184 3127 reliquias
1197 3044 1541 3106 sustulisset
1558 3061 1677 3103 una
1689 3060 1822 3132 cum
1840 3042 2053 3122 capite,

2135 1890 2314 1968 ὥσπερ
2370 1891 2480 1965 ἅμα
2551 1893 2626 1965 τῷ
2683 1891 3061 1966 συμπλακῆναι
3137 1891 3507 1962 καταϐληθεῖς,
3563 1892 3785 1970 ὥρμησε

2137 1981 2284 2054 μόνῳ
2327 1988 2451 2057 γοῦν
2509 1984 2585 2054 τῷ
2647 1984 2797 2055 θυμῷ
2850 1984 3193 2060 χαρίσασθαι,
3257 1984 3344 2038 καὶ
3414 1980 3626 2038 κελεύει
3697 1985 3786 2039 τὸν

2136 2070 2464 2148 Χρυσόγονον
2525 2073 2581 2125 ἐν
2634 2070 2820 2147 ἐρήμῳ
2869 2072 3018 2146 τόπῳ
3071 2068 3330 2130 λαϐόντας
3387 2077 3488 2140 τὴν
3543 2072 3786 2152 κεφαλὴν

2136 2158 2405 2234 ἐκτεμεῖν,
2465 2156 2606 2216 ἄκων
2662 2160 2804 2232 αύτῷ
2866 2161 3078 2230 μεὲζονα
3116 2158 3233 2224 δοὺς
3264 2161 3364 2228 τὴν
3421 2162 3784 2240 εὖεργεσίανῆ

2135 2249 2223 2304 ὃτε
2281 2251 2418 2304 ἒκὼν
2462 2248 2770 2329 ἐχραρίζετό
2829 2254 3180 2323 μεταπαίσειν
3223 2249 3640 2327 ὑπολαμϐάνων.
3689 2253 3790 2309 Τοῦ

2135 2339 2233 2412 μὲν
2301 2340 2387 2392 οὗν
2461 2339 2594 2394 κατὰ
2651 2339 2712 2393 τὸ
2761 2336 3023 2418 διαταχὰν
3068 2339 3353 2418 ἐπράττετο
3411 2341 3597 2397 καίτδ
3653 2341 3785 2418 ἱερὸν

2135 2428 2311 2483 ἐκεῖνο
2355 2433 2510 2502 σῶμα
2565 2428 2695 2504 πρὸς
2737 2433 2814 2501 τῷ
2871 2427 3096 2504 αἰγιαλῷ
3155 2428 3253 2496 τῆς
3283 2427 3559 2496 θαλάσσης
3607 2431 3785 2508 ῥίπτε-

2136 2537 2244 2594 ται,
2279 2517 2368 2571 ἵνα
2428 2517 2515 2573 καὶ
2571 2528 2717 2595 τρεῖς
2762 2515 2978 2594 ἀδελφαὶ
3013 2519 3101 2573 καὶ
3143 2519 3362 2595 γνώμας
3423 2519 3510 2573 καῗ
3565 2520 3787 2594 σώματα

2136 2604 2231 2660 καῖ
2291 2605 2386 2672 τὴν
2419 2606 2549 2684 πρὸς
2611 2606 2740 2660 Θεὸν
2775 2602 3044 2662 εὐσέϐειαν
3103 2608 3237 2680 μετὰ
3268 2607 3474 2664 Ζωίλου
3523 2611 3666 2674 τινὸς
3694 2610 3783 2664 εύ-

2135 2692 2328 2754 λαϐοὖς
2381 2695 2473 2750 καί
2504 2691 2854 2770 πρεσϐυτέρου
2897 2694 2995 2761 τὴν
3054 2695 3270 2762 οἴκησιν
3300 2696 3600 2761 ἐποιοῦντο,
3656 2706 3783 2758 Ταῖς

2139 2782 2394 2863 ἀδελφαῖς
2427 2781 2478 2837 δὲ
2529 2783 2592 2838 τὰ
2644 2783 2880 2856 ὀνόματα
2914 2781 3126 2860 Ἀγάπη
3161 2787 3247 2842 καὶ
3294 2787 3476 2843 Χιονία
3507 2790 3649 2864 γημὶ
3693 2787 3777 2841 καὶ

2141 2874 2362 2952 Εἰρήνη.
2397 2873 2559 2936 Οὗτος
2592 2873 2772 2956 μέντοι
2806 2875 2832 2929 ὃ
2886 2872 3089 2938 Ζωίλος
3122 2874 3489 2956 ἀποκαλυφθὶν
3549 2875 3686 2950 αύτῷ
3713 2876 3771 2930 τὸ

2138 2969 2230 3019 τοῦ
2276 2962 2534 3038 μάρτυρος
2595 2954 2926 3040 Χρτσογόνου
2982 2963 3229 3038 λείψανον
3295 2954 3618 3039 ἀνελόμενος
3675 2963 3781 3039 ἅμα

2138 3057 2207 3128 τῇ
2267 3050 2477 3131 κεφαλῇ
2506 3072 2595 3108 και
2645 3053 2786 3129 θήκῃ
2831 3054 2933 3109 τινὶ
2983 3052 3097 3126 μεθ’
3155 3052 3288 3118 ὅσης
3331 3051 3432 3109 ἔδει
3477 3059 3645 3130 τιμῆς
3686 3076 3780 3110 κα-

413 3142 556 3206 etin
589 3131 840 3221 quadam
875 3154 1052 3216 capse
1085 3153 1218 3197 cum
1277 3141 1498 3214 quanto
1531 3131 1791 3222 oportuit
1826 3133 2053 3192 honore

2140 3140 2446 3216 ταθέμενος,
2512 3140 2565 3196 ἐν
2623 3147 2700 3215 τῷ
2743 3141 2993 3218 δωματὶῳ
3043 3148 3120 3216 τῷ
3163 3143 3350 3200 ἑαυτοῦ
3408 3145 3783 3222 κατακρύπτει.

413 3230 817 3312 deposuisset,
851 3224 1162 3288 abscondit
1191 3223 1253 3283 in
1284 3241 1391 3284 sua
1431 3221 2052 3312 domunculaaAtque

414 3310 758 3384 tricesimus
786 3315 1025 3397 quidem
1059 3321 1184 3375 erat
1213 3312 1368 3392 dies,
1402 3331 1470 3374 ex
1507 3330 1624 3392 quo
1657 3311 1789 3370 sitas
1821 3310 2056 3371 fuerant

414 3407 778 3490 reliquias,in
804 3403 1030 3466 somnis
1053 3412 1249 3464 autem
1277 3400 1618 3484 presbytero
1650 3400 1809 3462 Zoilo
1824 3409 2056 3490 martyr

416 3489 707 3582 apparens
756 3496 1190 3576 Chrysogonus,
1225 3491 1350 3553 haec
1377 3492 1435 3582 ei
1470 3491 1653 3582 ‘visus
1683 3497 1770 3550 est
1801 3489 2050 3582 dicere:

418 3578 853 3668 S—c—iasimpium
875 3586 1296 3664 imperatorem
1323 3579 1780 3653 Diocletianum,
1820 3597 1952 3640 cum
1982 3578 2056 3640 de

415 3679 637 3744 Christi
660 3675 896 3738 ancillis
918 3682 978 3734 et
1001 3671 1332 3746 sororibus,
1349 3669 1758 3749 lrene,Agape
1785 3677 1844 3731 et
1867 3668 2054 3729 Chio-

416 3773 516 3836 nia
544 3768 722 3832 fuerit
770 3765 956 3827 factus
1009 3762 1252 3836 certior,
1311 3761 1467 3821 intra
1519 3777 1728 3821 novem
1766 3758 1895 3820 dies
1927 3757 2058 3819 illas

419 3877 653 3944 quoque
673 3855 824 3918 velle
845 3854 1382 3944 comprehendere.
1401 3853 1490 3910 Tu
1521 3849 1942 3944 autem-effice,
1995 3855 2058 3944 ut

417 3936 732 4014 Anastasia
757 3944 862 4007 Dei
892 3942 1104 4004 ancilla
1134 3959 1232 4003 eas
1285 3949 1452 4002 curet
1486 3957 1588 4019 pro
1619 3937 1867 4015 viribus,
1894 3947 1954 3998 et
1983 3936 2056 3998 ad

419 4048 723 4103 certamen
744 4031 1186 4113 suscipiendum
1227 4029 1313 4092 eis
1345 4029 1519 4092 addat
1547 4028 1838 4104 animum,
1865 4026 2060 4087 donec

420 4129 641 4194 fuerint
659 4123 950 4189 redimita
962 4138 1182 4183 corona
1206 4117 1479 4199 martyrii
1499 4139 1514 4198 ;
1531 4118 1658 4198 ipse
1683 4134 1820 4178 vero
1839 4115 2053 4177 bonam

417 4243 578 4302 spem
601 4222 910 4295 concipias,
931 4221 1046 4278 fore
1069 4228 1129 4276 ut
1152 4219 1523 4302 suavissimos
1551 4217 1768 4272 fructus
1794 4215 2056 4302 laborum

419 4296 701 4391 accipias.
730 4307 878 4369 Nam
907 4321 1026 4364 non
1061 4300 1244 4391 multo
1270 4307 1400 4391 post
1425 4306 1718 4391 tempore,
1750 4305 1808 4391 et
1838 4316 1872 4357 a
1901 4296 2061 4391 labo-

417 4385 720 4479 ribu's,qui
750 4396 850 4457 hic
875 4385 1590 4479 sunt,liberaberis,et_ad
1623 4386 1923 4449 Christum
1959 4386 2062 4448 ad-

420 4475 660 4552 duceris
687 4503 819 4546 cum
854 4483 926 4542 iis
954 4483 1052 4563 qui
1089 4499 1190 4560 pro
1223 4479 1455 4540 Christo
1489 4475 1892 4538 decertarunt.

500 4576 659 4640 VIII.
692 4573 959 4635 Fuerunt
1009 4571 1134 4631 haec
1181 4585 1415 4650 quoque
1446 4565 1678 4645 cognita
1709 4565 2059 4627 veneranda

421 4665 720 4749 imprimis
749 4660 1097 4741 Anastasim,
1129 4669 1190 4721 et
1219 4658 1418 4720 divino
1447 4657 1669 4749 Spiritu
1695 4666 1873 4730 mota,
1902 4659 2061 4717 venit

421 4747 619 4821 statim
648 4754 719 4817 ad
745 4750 1187 4825 domunculain,
1213 4766 1390 4830 quam
1422 4747 1688 4808 nondum
1721 4753 2056 4827 aspexerat,

423 4855 482 4912 et
511 4845 805 4910 accedens
829 4842 898 4904 ad
927 4840 1335 4923 presbyterum
1368 4833 1927 4917 Zoilum,quaarebat
1955 4855 2059 4896 so-

422 4957 618 5020 rores,
653 4943 709 4998 et
737 4931 979 5013 rogabat
1025 4931 1100 4991 de
1147 4929 1230 5020 iis
1279 4945 1417 5020 quae
1459 4925 1518 5020 in
1546 4925 1910 5020 somnissibi
1939 4925 2062 5020 visa

420 5014 680 5092 fuerant.
716 5023 860 5088 Cum
885 5030 1087 5083 autem
1107 5018 1350 5079 vidisset
1370 5014 1655 5094 virgines,
1690 5023 1748 5076 et
1773 5015 1967 5076 locum
2002 5017 2061 5077 in

421 5138 539 5201 quo
563 5117 691 5178 sitm
711 5119 880 5176 erant
901 5106 1572 5201 Chrysogonireliquim,
1607 5123 1740 5166 cum
1763 5105 1896 5167 illas
1923 5104 2062 5201 qui-

422 5193 558 5270 dem
579 5222 789 5282 magna
811 5201 1125 5263 affectione
1143 5207 1200 5260 et
1223 5197 1443 5278 pietate
1467 5196 1792 5270 adorasset,
1820 5213 1954 5257 cum
1974 5193 2063 5254 eis

423 5309 622 5358 autem
649 5309 824 5354 unam
849 5299 1088 5351 noctem
1113 5283 1735 5366 transegisset,eisque
1753 5291 2063 5364 congratu-

423 5385 561 5462 lata,
594 5383 667 5446 ad
702 5379 963 5460 martyrii
989 5376 1219 5439 fortiter
1250 5373 1562 5436 subeunda
1592 5374 1916 5437 certamina
1931 5373 2064 5434 ani-

425 5492 591 5538 mum
623 5472 767 5533 satis
795 5467 1146 5546 addidisset,
1179 5463 1442 5547 profecta
1468 5471 1560 5524 est
1586 5462 2066 5544 AquileiamEas

426 5563 587 5632 enim
611 5578 745 5624 cum
771 5557 970 5620 multis
1001 5555 1134 5617 aliis
1182 5552 1411 5616 sciebat
1441 5570 1683 5616 cursum
1717 5561 2065 5636 peracturas

2135 3236 2428 3309 Τριακοστῇ
2501 3231 2600 3305 μὲν
2684 3231 2772 3288 οὖν
2856 3231 3030 3310 ἡμέρᾳ
3107 3235 3181 3306 τῷ
3251 3231 3489 3309 λειψανῳ
3554 3233 3790 3310 κειμένῳ

2136 3318 2313 3392 Ζολιλῳ
2357 3319 2482 3394 ὄναρ
2545 3322 2571 3376 ὁ
2629 3321 2830 3398 μάρτυς
2901 3322 3169 3399 ἐπιφανεὶς
3228 3325 3557 3400 Χρυσόγονος
3633 3324 3791 3382 ταῦτά

2137 3410 2183 3466 οἱ
2234 3408 2410 3486 λέγειν
2442 3406 2633 3465 ἒδόκει’
2697 3408 2840 3467 ’Ἱσθι
2871 3413 2963 3466 τὸν
3006 3407 3231 3478 δυσσεϐῆ
3288 3410 3517 3488 βασιλέα
3551 3411 3786 3480 Διοκλη-

2136 3499 2339 3574 τιανὸν,
2372 3499 2606 3576 γνωσθὲς
2656 3500 2797 3572 αύτῷ
2854 3501 2974 3577 περὶ
3024 3502 3130 3556 τῶν
3191 3507 3282 3556 τοῦ
3313 3501 3536 3580 Χριστοῦ
3596 3501 3792 3559 δούλων

2137 3591 2224 3644 καὶ
2295 3585 2534 3668 ἀδελφῶν
2610 3589 2866 3665 Εἰρήνης,
2929 3588 3178 3668 Ἀγάπης
3225 3591 3314 3646 καὶ
3360 3592 3605 3667 Χιονίας,
3663 3591 3793 3648 εἴσω

2137 3679 2352 3753 ἡμερῶν
2407 3678 2555 3734 ἐννέα
2626 3677 3101 3734 συλλαϐέσθαικαί
3151 3680 3310 3743 αὐτὰς
3353 3679 3660 3756 βούλεσθαι,
3724 3682 3792 3737 Σὺ

2139 3769 2192 3827 δὲ
2224 3765 2344 3823 ἀλλ’
2405 3767 2752 3825 Ἀναστασίαν
2781 3767 2882 3835 τὴν
2936 3774 3028 3823 τοῦ
3058 3775 3189 3826 Θεοῦ
3217 3767 3408 3836 δούλην
3453 3773 3791 3849 παρασκεύα-

2139 3877 2230 3911 σον
2299 3855 2493 3919 ταύτας
2556 3857 2694 3912 κατὰ
2758 3857 2819 3912 τὸ
2893 3853 3112 3912 δυνατὸν
3168 3857 3254 3912 καὶ
3318 3857 3640 3937 θεραπεῦσαι
3709 3859 3794 3916 xai

2138 3947 2270 4025 πρὸς
2327 3959 2414 4002 τον
2446 3947 2627 4024 ἀγῶνα
2684 3943 3014 4024 ἐπιθαρῤὖναι
3059 3945 3191 4026 ἄχρι
3234 3946 3330 4002 καὶ
3387 3947 3478 4003 τὸν
3537 3971 3789 4028 μαρτυρι-

2138 4037 2232 4092 κὸν
2306 4033 2659 4101 ὰναδάσονται
2719 4033 3000 4114 στέφανον,
3069 4036 3230 4100 Αὐτὸς
3281 4033 3335 4090 δὲ
3379 4037 3501 4101 τοὺς
3557 4039 3793 4118 καρπούς

2139 4147 2221 4181 σοι
2273 4131 2379 4181 τῶν
2441 4125 2618 4182 πόνων
2678 4122 2916 4191 ἧδίστους
2946 4121 3240 4181 ἀπολαϐεῖν
3271 4123 3481 4190 εὔελπις
3513 4126 3630 4190 ἔσο,
3668 4125 3794 4184 Μετ’

2140 4217 2199 4272 οὗ
2257 4213 2391 4271 πολὺ
2447 4215 2546 4292 γὰρ
2577 4216 2682 4270 τῶν
2727 4213 2948 4270 ἐνταυθά
2991 4235 3048 4270 τε
3104 4213 3371 4271 ἐπιπόνων
3427 4215 3791 4297 ἀπαλλαγήσῃ

2139 4306 2226 4360 καὶ
2301 4304 2435 4380 μετὰ
2490 4309 2596 4359 τῶν
2673 4303 2800 4376 δπέρ
2860 4303 3084 4383 Χριστοῧ
3163 4303 3510 4372 ἀθλησάντων
3585 4306 3793 4387 Χριστῷ

2144 4416 2348 4471 παραστ
2361 4393 2461 4470 θίασος,
2473 4442 2486 4456 ,

2224 4573 2318 4633 H’.
2377 4572 2655 4649 Ἐγνώσθη
2713 4578 2874 4629 τᾶὖτα
2918 4574 3010 4630 καὶ
3064 4578 3132 4652 τῇ
3193 4574 3493 4652 σεμνοτάτη
3535 4572 3792 4632 Ἀναστα-

2141 4665 2249 4737 σία,
2301 4661 2395 4718 καί
2455 4663 2718 4736 Πνεύματι
2777 4669 2909 4719 Θεοῦ
2949 4668 3230 4732 κινηθεῖσα
3284 4666 3374 4720 τὸν
3423 4665 3686 4746 οἰκίσκον,
3734 4665 3791 4720 ὃν

2142 4751 2347 4810 οὒδέπω
2411 4749 2646 4813 τεθέατο.
2694 4751 3030 4830 παραχρῆμα
3098 4750 3522 4833 καταλαμϐάνει,
3566 4754 3666 4811 καί
3719 4757 3794 4826 τῷ

2141 4838 2473 4920 πρεσϐυτέρῷ
2535 4846 2851 4918 παραστᾶσα
2913 4839 3103 4914 Ζωΐλῳ
3181 4842 3272 4904 τὺς
3334 4841 3559 4922 ἀδελφὰς
3622 4843 3792 4914 ἐζήτει

2145 4933 2234 4986 καὶ
2284 4932 2402 5007 περὶ
2443 4935 2548 4987 τῶν
2609 4928 2736 5008 ὄναρ
2807 4929 2939 4999 αύτῆ
2995 4931 3336 5008 γνωσθέντων
3390 4931 3788 4990 ἀνεπυνθάνετο.

2145 5019 2346 5079 ’ἰδοῦσα
2393 5017 2448 5074 δὲ
2490 5019 2582 5084 τὰς
2639 5019 2920 5096 παρθένους
2979 5021 3068 5076 καὶ
3116 5021 3209 5077 τὸν
3264 5021 3428 5078 τόπον
3488 5020 3609 5077 ἔνθα
3669 5041 3792 5076 κατ-

2145 5131 2316 5166 εκειτο
2363 5111 2423 5164 τὸ
2465 5114 2556 5164 τοῦ
2614 5108 2948 5186 Χρυσογόνου
3005 5108 3280 5185 λείψανον,
3315 5111 3376 5166 τὸ
3417 5110 3520 5185 μὲν
3561 5130 3791 5189 περιπα-

2142 5199 2244 5260 θῶς
2293 5195 2406 5270 ἅμα
2463 5194 2556 5250 καί
2613 5193 2848 5260 εὐλαϐῶς
2908 5199 3341 5274 προσκυνήσασα,
3388 5212 3510 5264 ταῖς
3566 5197 3621 5254 δέ
3669 5198 3790 5273 μίαν

2146 5285 2306 5341 νύκτα
2351 5281 2766 5362 συνδιαγαγοῠσα
2823 5286 2910 5341 καὶ
2965 5289 3288 5353 συνησθεῖσα
3340 5289 3429 5344 καὶ
3484 5289 3612 5354 πρὸς
3672 5286 3792 5347 τοὺς

2147 5374 2496 5454 μαρτυρικοὺς
2580 5372 2766 5438 ἄθλους
2849 5375 3044 5440 ἱκανῶς
3128 5376 3468 5453 ὁπαλείψασα
3551 5379 3624 5438 εἷς
3696 5375 3790 5440 τὴν

2145 5460 2455 5519 Ἀκουΐλίαν
2486 5459 2765 5538 ἐπορεύθη.
2822 5463 3025 5528 Ταύτας
3056 5485 3114 5520 τε
3167 5466 3267 5545 γὰρ
3322 5466 3458 5542 μετὰ
3506 5466 3594 5522 καὶ
3652 5461 3790 5519 πόλ-

2146 5550 2255 5608 λῶν
2293 5549 2470 5608 ἄλλων
2498 5551 2678 5609 ἐκεῖσε
2727 5552 2818 5607 τὸν
2875 5549 3069 5632 δρόμον
3127 5552 3242 5630 ᾔδει
3291 5552 3655 5636 δραμουμένας
3701 5555 3792 5608 τοῦ
