4028 6138
247 284 355 348 581
1125 281 1595 349 MARTYRIUM
1639 281 1698 346 S.
1748 273 2195 348 ANAS'I‘ASLE
2239 273 2336 341 ET
2385 270 2790 340 SOCIARUM.
3503 265 3620 342 582

249 419 532 498 μαρτυρίου
583 421 673 476 καὶ
728 419 841 496 ἅμα
904 424 999 489 τῆς
1047 420 1293 498 προνοίας
1340 419 1434 477 καί
1465 420 1628 487 aiat-iw
1659 419 1840 500 εὖαφόρ

2021 415 2258 496 iartyrii,
2293 411 2665 494 providentia
2711 427 2945 492 quoque
2978 408 3175 500 _simul
3229 407 3438 500 ipsam,
3479 429 3612 474 cum

250 497 365 586 μως
407 497 504 565 in?
551 512 643 566 τὸν
687 511 868 588 ἀγῶνα
927 497 1410 589 παραπεμπούσης.
1468 510 1610 576 Αὕτη
1667 497 1776 585 μὲν*
1810 512 1841 565 o1

2028 523 2136 566 ona
2155 504 2379 567 etfacili
2396 498 3183 589 occasione,transmittente
3196 497 3265 559 ad
3293 509 3619 589 certamen.

249 599 558 678 ἐπορεύετο,
610 602 694 655 καὶ
734 587 796 656 τὸ
825 587 1110 678 προρρηθὲν
1157 598 1210 654 δὲ
1269 599 1459 675 Ζωίλῳ
1514 599 1679 674 πέρας
1724 598 1840 674 ἐλαι.

2035 606 2180 672 tque
2202 595 2332 675 ipsa
2349 592 2592 674 quidem
2629 588 3141 672 proﬁciscebatur,
3179 595 3238 678 et
3268 590 3368 667 qui
3403 587 3619 678 przedi-

249 686 396 748 ϐανε.
447 691 536 762 Τῷ
575 689 675 766 γὰρ
725 696 840 763 Θεῷ
895 694 1048 744 τοῦτο
1096 687 1279 746 δοκοῦν
1311 695 1414 746 τῶν
1446 689 1721 768 παρόντων
1766 698 1840 764 Iasi

2034 703 2110 746 :us
2141 683 2299 745 Zoilo
2331 682 2681 762 fuerat,vitae
2711 679 2846 740 ﬁnis
2868 679 3140 758 contigit.
3178 675 3324 739 Nam
3350 695 3496 768 cum;
3514 677 3625 739 hoc

252 779 267 833 ί
371 801 401 812 _
510 779 523 801 ι
592 765 595 766 ⁷
644 765 658 800 ᾧ
723 779 744 812 λ
790 777 842 798 xm
1009 775 1054 811 λλ
1126 779 1138 796 ς
1183 801 1193 811 .
1291 779 1302 793 ι
1414 780 1426 796 ς
1524 765 1538 800 ὁ
1635 777 1657 797 ,ν

271 801 457 835 στα.ο.
534 787 660 834 Επει
692 776 746 834 δε
789 797 889 834 εοει
921 793 1056 853 μηοι
1089 800 1153 834 τα
1184 800 1318 834 κατα
1374 801 1474 846 την
1543 788 1769 858 Αγαπηδ
1814 801 1843 834 κ

2039 773 2207 835 eoita
2229 773 2417 833 visum
2452 768 2896 851 esset,excessit
2924 788 2958 830 a
2988 768 3102 829 vita
3137 767 3440 858 praesenti,
3464 765 3625 858 Quo-

254 867 490 945 Εἰρήνην
563 869 649 923 καὶ
704 868 915 924 Χιονίαν
973 869 1088 932 εἷοιῆ
1146 873 1224 940 τῷ
1280 855 1613 946 Χρυσογόνω
1652 867 1845 944 ρηθῆνα

2036 861 2142 924 iam
2167 871 2366 924 autem
2391 879 2590 941 neque
2623 860 2696 921 de
2727 862 2928 939 Agape
2971 866 3030 919 et
3059 860 3233 921 lrene
3276 865 3333 918 et
3381 855 3627 918 Chionia

253 957 435 1031 μαθὼν
497 958 584 1014 καὶ
615 958 679 1012 τὰ
710 955 832 1013 κατ’
862 956 1018 1018 αὖτᾶς
1051 959 1078 1012 ὁ
1107 957 1320 1013 πάντων
1353 956 1407 1012 ἐν
1450 955 1721 1030 δοσσεϐείᾳ
1765 980 1844 1034 κρς

2036 951 2293 1032 portebat
2326 959 2552 1012 temere
2575 949 2800 1012 dictum
2846 967 2978 1010 esse
3003 968 3036 1010 a
3060 945 3464 1028 Chrysogono,
3492 963 3627 1007 curn

250 1045 422 1116 τήσας
474 1044 860 1114 Διοκλητιανὸς
892 1043 1258 1121 μετακλήτους
1285 1045 1470 1103 αὗτίκα
1517 1061 1686 1119 ποιεῖ,
1719 1045 1841 1114 ἵστη

2033 1060 2063 1103 e
2093 1041 2165 1103 iis
2197 1039 2554 1116 rescivisset,
2591 1040 2692 1120 qui
2721 1057 2930 1100 omnes
2957 1038 3265 1119 impietate
3301 1036 3624 1117 superavit,

255 1156 310 1190 τε
341 1137 506 1200 αὐτας
553 1137 654 1214 πρὸ
697 1143 790 1194 τοῦ
831 1136 1100 1212 βήματος.
1170 1132 1466 1214 Ἀγάμενος
1519 1134 1573 1192 δὲ
1613 1144 1704 1192 τοῦ
1757 1157 1846 1216 σχπ

2043 1131 2523 1202 iocletianus,eas
2545 1129 2742 1192 statim
2769 1131 3046 1203 accersit,
3079 1136 3139 1192 et
3170 1127 3326 1189 sistit
3351 1135 3487 1187 ante
3519 1125 3630 1186 tri-

259 1247 427 1301 ματος
488 1229 582 1283 καὶ
643 1223 984 1306 φρονήματος
1045 1226 1133 1281 καὶ
1198 1228 1326 1304 πρὸς
1382 1227 1588 1290 τούτοις
1637 1231 1731 1294 τῆς
1765 1227 1850 1304 ἁ-ρι

2037 1221 2212 1282 unal:
2252 1228 2308 1282 et
2339 1220 2640 1282 admirans
2671 1236 2869 1280 earum
2925 1217 3193 1279 habitum
3225 1225 3282 1287 et
3330 1219 3626 1306 spiritum,

261 1317 491 1381 καὶτῆς
547 1305 874 1381 ἔπανθούσης
934 1317 1120 1378 αὐταῖς
1192 1321 1268 1389 τῷ
1339 1317 1608 1393 προσώπῳ
1659 1314 1850 1395 χάριτο

2042 1319 2356 1392 :praaterea
2385 1310 2672 1392 speciem,
2710 1317 2764 1370 et
2788 1327 2923 1386 quas
2953 1307 3012 1370 in
3045 1325 3249 1368 earum
3283 1307 3446 1396 vultu
3478 1305 3633 1380 vige-

263 1403 436 1469 ἄλλως
470 1427 529 1460 τε
577 1402 633 1460 δὲ
677 1405 766 1462 καὶ
810 1411 964 1461 τοῦτο
1000 1404 1206 1467 ἐκεῖνος
1264 1402 1412 1466 εἰδὼς
1458 1405 1532 1470 ὡς
1563 1403 1718 1472 ἤθους
1751 1405 1850 1484 βαρ

2039 1399 2687 1480 at,gratiam,etalioqui
2712 1417 2847 1459 cum
2875 1398 2988 1459 hoc
3011 1395 3372 1476 sciret,quod
3399 1412 3630 1455 morum

262 1495 347 1549 καὶ
391 1499 584 1573 ψυχῆς
630 1493 836 1569 ἀξίωμα
879 1494 966 1549 καὶ
1011 1494 1244 1574 ενόγὲνεια
1294 1495 1386 1550 οὒκ
1419 1493 1480 1548 ἄν
1530 1517 1657 1551 ποτε
1698 1510 1853 1574 τραχι

2040 1490 2262 1565 ravitas,
2295 1499 2352 1551 et
2384 1489 2668 1569 dignitate
2701 1486 2985 1569 praeditus
3036 1505 3104 1548 ac
3136 1503 3466 1574 generosus
3498 1484 3631 1574 ani-

260 1603 421 1648 τητος
454 1582 739 1656 ἡττηθείη,
774 1581 897 1638 ἀλλ’
927 1573 1104 1650 ἠπίοις
1149 1581 1352 1658 μᾶλλον
1400 1581 1578 1660 λόγοις
1624 1573 1760 1641 εἴκει
1802 1573 1851 1639 fit

2045 1597 2124 1640 ius
2158 1597 2459 1660 nunquam
2495 1577 2748 1639 vincitur
2808 1576 2880 1637 ab
2933 1578 3278 1656 asperitate,
3338 1573 3442 1634 sed
3477 1573 3636 1634 cedit

261 1670 550 1729 κλέπτεται
582 1674 905 1752 θεραπείαις,
935 1673 1134 1740 ταύτην
1166 1671 1232 1740 δὴ
1267 1675 1353 1729 καὶ
1387 1673 1537 1738 αύτός
1569 1673 1678 1750 ᾓει.

2048 1669 2188 1731 )tius
2217 1668 2416 1730 verbis
2451 1667 2730 1731 mollibus
2780 1675 2836 1728 et
2892 1666 3159 1746 placidis,
3216 1675 3276 1726 et
3324 1662 3639 1726 attrahitur

1932 1793 1968 1843 Β
1991 1757 2227 1832 ofﬁciis,
2262 1778 2328 1820 ea
2361 1758 2450 1820 via
2487 1758 2614 1838 ipse
2639 1775 2873 1838 quoque
2899 1755 3252 1835 ingreditur.

344 1849 429 1912 8'.
495 1851 592 1908 Καὶ
649 1855 832 1928 πρῶτα
880 1851 978 1922 μὲν
1041 1852 1176 1926 ὁμοῦ
1258 1857 1362 1907 τῶν
1423 1853 1579 1931 τριῶν
1637 1851 1906 1930 διάπειραν

2073 1846 2170 1912 IX.
2206 1848 2276 1910 Et
2310 1849 2564 1928 primum
2595 1847 2836 1928 quidem
2876 1846 3052 1908 trium
3087 1845 3264 1908 simul
3309 1847 3450 1913 facit
3478 1847 3637 1925 peri-

264 1939 527 2019 ἒποιεϊτο,
589 1940 818 1997 ἐπαινῶν
862 1963 916 1996 τε
987 1940 1097 2016 όίμα
1156 1943 1244 1998 καὶ
1292 1949 1584 2021 παραινῶν,
1641 1935 1806 2020 ⁹θροῦν

2049 1938 2407 2017 ilum,simul
2443 1937 2692 2000 laudans
2719 1945 2774 1998 et
2803 1937 3174 1999 admonens:
3213 1936 3355 2000 Cum
3390 1941 3448 2001 in
3478 1938 3640 1999 vobis

263 2030 415 2105 ὑμῖν,
480 2029 679 2108 λέγων,
738 2029 888 2096 ἄνθος
953 2053 1006 2087 τε
1047 2033 1258 2098 ἡλικίας
1303 2035 1389 2089 καὶ
1433 2033 1573 2112 ὥραν
1636 2034 1854 2108 σώμαιο

2047 2027 2492 2107 ιόθαιημίἱιεοηε,
2528 2035 2584 2088 et
2623 2027 2833 2086 ﬂorem
2868 2031 3079 2106 aetatis,
3119 2035 3175 2088 et
3211 2029 3470 2107 speciem
3505 2048 3638 2090 cor-

266 2121 366 2196 πρὸ
415 2118 471 2174 δὲ
515 2119 718 2176 τούτων
763 2125 949 2200 ψυχῆς
1008 2121 1335 2199 παράστημα
1388 2121 1595 2199 εὐγενὲς
1645 2124 1732 2178 καὶ
1775 2136 1857 2200 φρ(

2048 2118 2251 2190 )ris,et
2283 2135 2608 2195 generosos
2633 2126 2916 2195 praeterea
2943 2116 3214 2195 spiritus,
3251 2119 3350 2196 qui
3377 2138 3493 2180 non
3526 2119 3639 2178 mi-

267 2230 413 2282 νημτ
463 2213 565 2275 τῆς
617 2206 802 2273 ἔξωθεν
845 2210 950 2290 οὔχ
992 2210 1152 2277 ἧττον
1209 2211 1428 2290 χάριτος
1480 2208 1806 2286 διαλάμποι),
1854 2237 1858 2258 ι

2048 2224 2106 2267 us
2135 2203 2732 2284 resplendent,quam
2754 2213 2996 2265 externa
3026 2205 3210 2282 gratia
3247 2223 3258 2264 :
3296 2208 3438 2286 quin
3467 2208 3639 2268 etiam

266 2297 372 2371 μήν
417 2295 557 2353 ἀλλὰ
586 2299 672 2354 καὶ
703 2298 898 2376 ἀγαθὰς
933 2299 1015 2354 καὶ
1061 2297 1111 2363 ἐξ
1169 2299 1377 2377 ἀγαθῶν
1433 2299 1708 2377 γεγονυίας
1753 2300 1857 2355 ἀκοι

2055 2294 2324 2355 Idiverim
2361 2312 2460 2354 vos
2489 2312 2622 2355 esse
2673 2293 2883 2373 bonas,
2922 2299 2981 2353 et
3010 2293 3182 2353 bonis
3215 2305 3552 2374 prognatas,
3586 2305 3646 2358 et

270 2407 392 2458 σας,
437 2388 568 2461 πρὸς
602 2384 654 2441 δὲ
697 2388 902 2451 τούτοις
947 2389 1035 2444 καὶ
1070 2386 1247 2466 λόγων
1289 2391 1482 2453 ἱκανῶς
1513 2390 1858 2468 μετασχούσα

2049 2391 2284 2445 rteterea
2317 2383 2588 2443 doctrina
2615 2400 2851 2463 quoque
2883 2401 3006 2442 non
3033 2382 3414 2446 mediocriter
3435 2385 3640 2447 excul-

271 2475 460 2530 οἶκτον
488 2476 654 2555 ὑμῶν,
703 2476 779 2550 μὰ
809 2477 928 2538 τοὺς
973 2477 1148 2555 θεοὺς,
1192 2480 1283 2535 οὒκ
1345 2476 1524 2555 ὀλίγον
1557 2475 1836 2557 λαμϐάνω,

2052 2492 2110 2547 ιε,
2148 2491 2252 2554 per
2291 2475 2460 2552 deos,
2521 2490 2766 2533 moveor
2817 2490 2933 2532 non
2967 2489 3144 2552 parva
3176 2474 3351 2533 vestri
3408 2474 3643 2535 miseri-

277 2565 393 2642 περὶ
454 2563 618 2620 ταῦτα
672 2565 846 2621 πάντα
902 2569 989 2622 καὶ
1034 2567 1130 2633 τὴν
1173 2565 1426 2645 ὑμετέραν
1478 2567 1622 2637 ζωὴν
1678 2568 1768 2622 τὸν
1800 2569 1868 2622 xli

2054 2563 2230 2637 )rdia,
2263 2561 2313 2622 si
2346 2562 2419 2623 de
2453 2561 2547 2623 his
2579 2560 2858 2622 omnibus
2913 2567 2971 2621 et
3024 2560 3098 2621 de
3159 2570 3353 2623 vestra
3410 2581 3645 2643 quoque

273 2650 420 2710 δυνον
463 2653 790 2723 ύποτήσεσθε
847 2657 932 2711 καὶ
978 2669 1054 2728 μη
1114 2677 1163 2711 τι
1219 2658 1460 2735 χρηστὸν
1521 2657 1757 2735 φθάσητε
1787 2657 1864 2733 βοι

2054 2660 2118 2712 λιιι
2149 2651 2400 2712 venietis
2432 2650 2493 2708 in
2533 2649 2891 2728 periculum,
2927 2657 2983 2709 et
3029 2669 3144 2710 non
3197 2651 3359 2730 prius
3408 2650 3645 2732 aliquod

270 2741 555 2799 λεύσασθαι
613 2745 728 2822 περὶ
774 2744 994 2802 ἑαυτῶν.
1044 2745 1240 2802 Τούτου
1297 2745 1396 2822 γὰρ
1457 2744 1610 2801 ἕνεκα
1657 2747 1741 2801 καὶ
1799 2768 1861 2802 κα

2054 2759 2226 2802 onum
2252 2740 2326 2801 de
2352 2737 2519 2800 vobis
2543 2739 2685 2819 ipsis
2717 2737 2964 2818 capietis
2992 2739 3458 2803 consilium.Hac
3491 2742 3645 2802 enim

271 2831 395 2906 ὄψιν
425 2831 567 2907 ὑμὰς
612 2833 742 2907 ἐμοῦ
774 2833 960 2901 στῆναι
1005 2836 1090 2889 καὶ
1125 2832 1298 2913 λόγων
1331 2832 1642 2910 μεταδουναι
1693 2834 1862 2902 ἠξίωσι

2060 2850 2073 2891 3
2093 2848 2264 2890 causa
2289 2848 2386 2890 vos
2404 2847 2630 2903 quoque
2651 2833 2801 2889 volui
2832 2840 2960 2888 ante
2978 2848 3167 2889 meum
3188 2845 3558 2905 conspectum
3575 2836 3651 2892 si-

270 2920 364 2976 ἴνα
410 2923 500 2976 καὶ
544 2921 672 3000 παρ’
717 2922 844 2998 ἐμοῦ
889 2924 974 2979 καὶ
1037 2923 1160 3001 παρ’
1222 2924 1420 2979 ἑαυτῶν
1466 2924 1530 2978 τὰ
1573 2920 1762 2980 δέοντα
1795 2946 1854 2978 συ

2063 2937 2163 2980 ere
2184 2926 2243 2979 et
2264 2936 2364 2979 vos
2387 2916 2802 2996 convenire,ut
2825 2934 2956 2977 cum
2973 2935 3041 2977 ex
3059 2936 3154 2978 me
3168 2928 3224 2980 et
3239 2938 3306 2980 ex
3324 2918 3491 2980 vobis
3510 2919 3653 3000 ipsis

275 3008 413 3067 ιδεϊν
459 3011 767 3079 δυνηθεῖσαι
819 3013 1132 3092 ἆπόσχησθε
1185 3013 1280 3088 μὲν
1325 3012 1600 3091 λογισμῶν
1650 3012 1862 3092 ἀφρόνω

2062 3027 2231 3089 iquae
2253 3016 2510 3089 oportet,
2549 3008 2862 3088 potueritis
2913 3006 3270 3087 intelligere,
3306 3008 3653 3072 abstineatis

276 3100 455 3155 θυσίαν
512 3099 568 3156 δὲ
611 3114 730 3166 τοῖς
761 3104 905 3164 θεοῖς
961 3101 1350 3180 προσενέγκητε
1388 3118 1400 3131 ⁸
1457 3103 1543 3158 καὶ
1575 3099 1660 3157 διὰ
1689 3109 1844 3159 τοῦτο

2059 3098 2252 3159 uidem
2285 3098 2357 3159 ab
2387 3095 2808 3197 insipientibus
2832 3097 3432 3175 cogitationibus,diis
3456 3109 3650 3160 autem

275 3189 354 3264 μὴ
417 3195 525 3246 τῶν
581 3190 791 3267 ἀγαθῶν
851 3191 1064 3256 ἑαυταῖς
1120 3191 1608 3270 πραγματεύσεσθε,
1643 3195 1776 3248 θεῶν
1835 3217 1866 3272 φ

2062 3188 2270 3249 feratis
2299 3185 2681 3259 sacriﬁcium,
2718 3194 2775 3247 et
2825 3204 2933 3266 per
2991 3187 3102 3249 hoc
3158 3188 3300 3268 quid
3361 3207 3480 3250 non
3515 3188 3653 3250 boni

273 3278 420 3353 λίαν,
481 3280 620 3354 ὶμὴν
685 3280 914 3355 εὔνοιαν,
974 3279 1126 3347 δόξης
1179 3281 1449 3362 ἀφθονίαν,
1509 3281 1760 3360 νυμφίους
1835 3303 1864 3337 τ

2064 3275 2178 3339 )bis
2202 3277 2349 3357 ipsis
2367 3275 2756 3357 comparetis,
2790 3275 3040 3337 deorum
3078 3277 3430 3355 amicitiam,
3466 3296 3655 3340 meam

271 3367 512 3434 κάλλους
559 3371 709 3444 ὑμῶν
766 3368 959 3450 ἀξίους,
1007 3370 1235 3427 πλοῦτον
1283 3375 1367 3428 καὶ
1426 3369 1616 3440 ἡδονὰς
1666 3373 1759 3428 καί
1823 3393 1862 3426 π

2065 3366 2514 3440 enevolentiam,
2547 3364 2747 3444 gloria:
2788 3363 3245 3448 abundantiam,
3273 3385 3529 3447 sponsos
3563 3367 3656 3428 di-

272 3457 299 3514 ὅ
345 3481 402 3514 τι
438 3479 538 3537 περ
567 3457 818 3535 εὔδαιμον
877 3468 968 3517 τοῦ
1019 3459 1134 3536 βίου
1189 3461 1275 3516 καὶ
1335 3460 1532 3538 ἀγαθόν
1590 3459 1696 3516 ἔστι
1727 3481 1784 3516 τε
1841 3482 1863 3515 ν

2072 3474 2160 3516 tos
2189 3463 2382 3518 vestra
2418 3453 3124 3535 pulchritudine,divitias
3145 3465 3206 3517 et
3239 3456 3663 3536 voluptates,et

273 3545 457 3606 δοκεῖ.
2013 3544 2305 3626 quidquid
2340 3545 2400 3604 in
2433 3543 2547 3604 vita
2573 3542 2712 3604 felix
2736 3541 3084 3623 bonumque
3113 3554 3204 3606 est
3234 3553 3292 3605 et
3321 3545 3574 3607 videtur.

357 3636 401 3695 ι.
443 3643 485 3693 Π
524 3637 536 3654 ε
678 3648 698 3657 -
908 3639 921 3658 κ
1006 3641 1018 3658 .
1332 3639 1344 3661 ,
1523 3641 1534 3652 .
1628 3639 1671 3658 M
1774 3638 1790 3651 ς
1815 3643 1835 3654 -

490 3659 579 3716 ρος
609 3659 772 3698 ταυτα
803 3640 838 3707 ἡ
871 3661 966 3704 την
999 3638 1208 3706 ηλικίαν
1240 3661 1451 3720 πρωτη,
1482 3662 1582 3707 την
1624 3655 1678 3694 οε
1737 3656 1930 3706 κΛησιν

2093 3634 2167 3698 Χ.
2200 3634 2289 3696 Ad
2321 3635 2448 3694 haec
2478 3641 2784 3694 autemea
2812 3650 2941 3713 qua:
2964 3644 3092 3694 erat
3111 3633 3302 3713 major
3320 3644 3661 3709 natu,voca-

270 3727 530 3807 Ἀγὰπη,
591 3727 806 3806 πρώτην
849 3729 937 3784 καὶ
997 3729 1092 3796 τὴν
1151 3730 1223 3792 εἰς
1271 3731 1402 3785 Θεὸν
1462 3729 1678 3807 ἀγάπην
1706 3728 1861 3808 deos“

2064 3733 2188 3787 stur
2216 3740 2358 3786 vero
2391 3725 2614 3804 Agape,
2667 3740 2800 3801 quae
2847 3721 3128 3784 studebat
3178 3741 3418 3803 quoque
3468 3724 3655 3786 videri

276 3814 587 3874 σπεύδουσα
647 3814 787 3873 αἰδοῖ
839 3816 1029 3892 μίξασα
1071 3817 1386 3896 παρρησίαν,
1437 3817 1710 3892 εὒκόσμως
1765 3838 1823 3872 τε

2069 3815 2206 3875 rima
2257 3812 2582 3873 dilectione
2629 3810 2690 3871 in
2743 3809 2950 3886 Deum,
2991 3831 3125 3872 cum
3158 3813 3513 3876 verecundia
3546 3813 3660 3876 mi-

276 3909 452 3986 χείλη
498 3903 740 3984 διάρασα,
791 3905 987 3974 Μηδείς
1036 3929 1154 3982 σου,
1203 3909 1352 3987 φησὶ,
1417 3907 1641 3964 πειθέτω
1669 3906 1854 3985 λόγος,

2066 3923 2190 3966 :ens
2221 3901 2461 3964 dicendi
2520 3900 2877 3977 libertatem,
2916 3908 2974 3962 et
3032 3901 3198 3963 labra
3230 3903 3477 3966 honeste
3512 3924 3657 3985 ape-

275 3992 538 4071 βασιλερ,
599 3996 672 4058 ὡς
715 3997 856 4071 ἡμᾶς
890 3997 925 4063 ii
968 3994 1125 4075 φόϐος
1159 3998 1440 4067 πτοήσειεν
1469 3996 1505 4064 ii
1536 3996 1702 4052 πειθὼ
1744 3994 1866 4051 δελει

2076 4012 2183 4056 ens
2211 4014 2224 4056 :
2251 3990 2448 4066 Nulla,
2485 3989 2701 4071 inquit,
2727 3989 2878 4052 ratio
2905 3989 3005 4051 tibi
3030 3992 3454 4070 persuadeat,o
3478 3995 3667 4076 impc-

276 4106 430 4141 σειεν
488 4085 524 4150 ἦ
583 4083 825 4150 κολάσεις
882 4083 1303 4160 διαπειλούμενει
1347 4085 1381 4153 ii
1432 4085 1601 4163 ἀγαθὰ
1654 4106 1865 4164 προτειν

2064 4093 2205 4163 ator,
2239 4082 2399 4161 quod
2433 4099 2540 4142 nos
2575 4079 2665 4142 vel
2701 4088 2894 4141 metus
2946 4082 3358 4160 perterrucrit,
3387 4092 3488 4145 aut
3517 4104 3655 4166 per-

277 4196 418 4250 μενοι
469 4173 505 4242 ἢ
550 4173 802 4242 νεότητος
847 4175 1034 4239 οἶκτος
1066 4176 1101 4244 ii
1133 4175 1360 4239 γάλλους
1385 4174 1534 4240 ἕλεος
1565 4174 1600 4243 ii
1632 4177 1722 4230 τοῦ
1750 4173 1868 4252 γὲνο

2064 4173 2216 4235 aasio
2273 4173 2646 4245 inescaverit,
2700 4182 2799 4230 aut
2856 4167 3165 4231 intentatas
3225 4172 3655 4253 suppliciorum

275 4262 608 4342 λαμπρότης
670 4263 910 4340 μαλακόν
968 4289 1017 4322 τι
1061 4266 1288 4322 πείσειεν
1346 4263 1484 4328 ὅλως
1538 4265 1866 4334 ὑπονοήσασθ

2068 4263 2218 4336 Iinae,
2252 4269 2350 4324 aut
2381 4259 2536 4322 bona
2565 4258 2889 4340 proposita,
2923 4267 3026 4320 aut
3051 4259 3387 4338 juventutis
3418 4262 3659 4325 miseri-

277 4353 356 4428 μὴ
426 4351 510 4409 ὅτι
557 4375 620 4431 γε
676 4355 763 4409 καὶ
795 4355 989 4428 εἰπεῖν,
1022 4353 1139 4410 ἀλλ’
1190 4357 1320 4414 αὖτᾶ
1350 4353 1414 4423 δὴ
1443 4363 1610 4413 ταῦτα
1639 4354 1803 4410 πείθει
1848 4377 1868 4409 ν

2075 4352 2266 4426 )rdia,
2338 4361 2440 4412 aut
2506 4347 2948 4411 commiseratio
3030 4348 3494 4428 pulchritudinis
3566 4361 3666 4415 aut

281 4441 523 4518 μάλιστα
580 4443 804 4499 θανάτου
861 4457 1236 4523 καταφρονεῖν,
1298 4445 1378 4500 ὃτι
1451 4443 1726 4508 τοσούταις
1796 4467 1869 4500 πα

2077 4440 2306 4503 ilendor
2363 4437 2624 4520 generis,
2677 4436 2848 4498 nobis
2901 4438 3143 4499 omnino
3184 4441 3564 4519 persuaserit,
3604 4451 3668 4506 ut

287 4539 415 4590 Θεοῦ
471 4535 836 4607 κοσμηθεῖσαι
899 4546 1016 4598 τοῖς
1090 4532 1311 4611 ἀγαθοῖς
1370 4535 1458 4590 καὶ
1513 4531 1651 4588 οὕτω
1708 4531 1877 4590 πολλο

2080 4531 2242 4612 iquid
2300 4529 2480 4590 molle
2535 4537 2594 4590 et
2645 4527 2966 4589 delicatum
3021 4528 3268 4590 omnino
3315 4531 3666 4610 cogitemus,

286 4619 728 4696 πλεονεκτήμασι
804 4620 1138 4703 διαφέρουσαι
1220 4623 1431 4678 πάντων
1518 4622 1578 4677 ἃν
1631 4620 1871 4678 ἅτοπώτε

2076 4620 2247 4680 edum
2283 4626 2348 4680 ut
2377 4615 2791 4679 dicamus.Sed
2824 4619 2946 4678 haec
2977 4617 3218 4697 quidem
3253 4619 3380 4700 ipsa
3419 4621 3504 4683 vel
3539 4640 3667 4683 ma-

289 4707 643 4779 διανοηθῆσαι
688 4711 962 4790 φανῶμεν,
1019 4713 1063 4767 εἰ
1119 4713 1210 4768 τὸν
1271 4709 1538 4768 δεδωκότα
1600 4713 1729 4767 Θεὸν
1775 4713 1880 4787 ἡμε

2081 4727 2186 4771 me
2234 4706 2595 4788 persuadent
2647 4713 2902 4768 mortem
2952 4713 3362 4784 contemnere,
3397 4712 3553 4790 quod
3587 4721 3672 4773 tot

290 4799 650 4877 ἀρνηθείημεν
701 4797 937 4864 ἀϐούλως
997 4799 1192 4882 σφόδρα
1268 4802 1358 4858 καὶ
1440 4801 1791 4878 ἀγνωμόνως,
1853 4822 1881 4855 κ

2079 4800 2200 4859 anis
2229 4816 2262 4859 a
2291 4799 2415 4860 Deo
2467 4804 2709 4870 ornatae,
2749 4805 2864 4856 tam
2921 4795 3123 4856 multis
3152 4799 3483 4860 commodis
3514 4819 3670 4881 prte-

293 4890 370 4962 μὴ
427 4891 488 4946 τὲ
543 4886 667 4968 παρ’
712 4893 869 4948 αξιτοῦ
911 4890 1116 4966 μᾶλλον
1142 4891 1197 4946 ἐν
1228 4894 1413 4954 αὐτοῖς
1444 4890 1574 4968 ὑπὲρ
1604 4891 1762 4947 αὐτοῦ
1803 4913 1884 4968 πρε

2081 4887 2546 4961 antes,omnium
2568 4884 2998 4947 absurdissima
3027 4885 3368 4947 videremur
3388 4888 3669 4967 cogitare,

293 5000 449 5055 φασιν
481 4980 687 5042 εὐνοίας
714 4982 800 5036 καὶ
829 4981 1057 5045 πίστεως
1087 4980 1354 5060 ἀσφαλοῦς
1388 4981 1746 5055 ποιησόμεθα.

2098 4975 2420 5054 Deum,qui
2454 4993 2523 5036 ea
2553 4973 2856 5047 dedit,nos
2889 4972 3333 5036 inconsiderate
3352 4975 3671 5038 admodum

290 5073 351 5127 et
379 5065 616 5146 ingrate
657 5069 1073 5146 negaverimus
1103 5077 1162 5130 et
1216 5087 1334 5131 non
1367 5087 1438 5130 ea
1463 5063 1613 5150 qua:
1652 5067 1726 5130 ab
1786 5086 1856 5130 eo
1891 5065 2254 5146 accepimus,
2287 5063 2349 5124 in
2404 5061 2481 5125 iis
2511 5081 2641 5144 quas
2687 5079 2790 5141 pro
2835 5061 2962 5140 ipso
2996 5078 3257 5140 passura;
3300 5080 3530 5142 sumus,
3566 5084 3672 5129 oc-

293 5153 600 5218 casionem
632 5155 1086 5239 benevolentiae,
1114 5167 1412 5240 certisque
1456 5164 1515 5220 et
1538 5155 1767 5219 stabilis
1788 5155 1932 5218 ﬁdei
1962 5154 2330 5220 duxerimus.

377 5245 486 5305 Μ’.
547 5247 756 5314 Ταύτην
810 5250 836 5304 ὃ
880 5236 1128 5327 τύραννος
1186 5243 1285 5317 xiii
1314 5236 1652 5328 *παρρησίαν
1710 5247 1950 5312 ἐκτόπως

2113 5241 2214 5305 ΧΙ.
2249 5241 2411 5303 Hanc
2443 5238 2729 5320 loquendi
2751 5236 3086 5301 libertatem
3110 5258 3288 5321 supra
3307 5240 3546 5305 modum
3577 5245 3675 5306 ad-

296 5336 569 5410 θαυμάσας
602 5339 692 5394 καὶ
755 5339 974 5413 νομίσας
1019 5340 1162 5398 εἶναι
1221 5339 1436 5419 μανίαν,
1473 5341 1546 5402 ὡς
1577 5335 1632 5394 δὲ
1661 5338 1748 5394 καὶ
1778 5335 1887 5394 καλ)

2087 5333 2283 5394 tiratus
2316 5340 2624 5413 tyrannus,
2660 5339 2718 5393 et
2747 5336 2910 5390 ratus
2943 5347 3076 5391 esse
3108 5330 3424 5408 insaniam,
3461 5341 3519 5394 et
3549 5352 3678 5396 eam

301 5444 417 5498 σας,
470 5425 684 5483 οἴκοθεν
716 5429 960 5508 ἀτεχνῶς
994 5429 1092 5496 τὴν
1137 5429 1306 5508 κρίσιν
1353 5429 1668 5502 ποιούμενος
1696 5425 1794 5494 τῆς
1853 5449 1892 5501 μ

2091 5442 2121 5484 a
2146 5421 2477 5504 appellans,
2515 5439 2584 5482 ex
2609 5438 2674 5482 se
2709 5419 2886 5500 plane
2915 5419 3140 5481 faciens
3176 5419 3494 5500 judicium,
3526 5425 3682 5504 Aga-

302 5507 549 5590 Ἀγάπης
607 5518 666 5573 οὐ
717 5507 880 5573 πλέον
925 5517 1272 5598 ἀπεπειρᾶτο,
1333 5515 1578 5596 δευτέραν
1615 5513 1800 5598 δὲτὴν
1833 5512 1893 5570 δεη

2093 5531 2160 5575 eu
2213 5512 2456 5593 quidem
2508 5529 2627 5573 non
2686 5510 2928 5572 tentavit
2969 5510 3246 5592 amplius,
3279 5513 3545 5576 secundo
3575 5532 3684 5575 au—

305 5602 457 5681 τίραν
494 5611 720 5684 παριστᾷ
747 5607 837 5663 καὶ
867 5608 987 5672 τοὺς
1041 5605 1230 5688 λόγους
1258 5597 1576 5688 ίπροσῆγιν.
1627 5597 1718 5668 Ὠς
1778 5601 1833 5660 δὲ
1873 5628 1896 5660 ν

2096 5619 2171 5666 3m
2219 5601 2401 5682 jussit
2456 5599 2583 5664 sisti
2639 5599 2989 5678 secundam,
3052 5607 3111 5662 et
3160 5600 3358 5663 verbis
3413 5621 3543 5666 eam
3600 5610 3687 5665 est
