4028 6138
385 283 501 351 583

1695 281 1973 347 MENSIS
2012 281 2440 346 DEGEMBER.

3663 278 3781 348 584

394 419 656 482 adortus.
692 415 1009 497 Postquam
1040 434 1178 479 vero
1208 416 1385 496 hujus
1414 432 1651 496 quoque
1673 413 2037 488 similiter,et

2124 416 2282 484 αὐτῆς
2341 418 2564 494 ὁμοίως,
2610 413 2734 474 εἶτα
2774 417 2861 475 καὶ
2908 420 3006 485 τῆς
3064 418 3244 498 τρίτης
3301 419 3402 481 τὴν
3458 417 3784 494 μεταϐολὴν

399 507 620 569 deinde
653 505 846 567 tertiae
895 505 1232 586 desperavit
1289 505 1699 584 mutationem,
1733 513 2034 583 postremo

399 597 611 658 dicens
641 612 654 657 :
686 593 826 656 Haec
853 595 1098 655 audacia
1120 601 1312 654 vestra
1335 611 1624 673 responsa
1653 593 1814 653 nulla
1835 611 1900 654 re
1920 592 2038 654 alia

400 705 577 767 quem
609 685 845 746 inﬂictis
874 685 1185 745 tormentis
1214 681 1598 758 curabuntur,
1635 682 1762 742 illas
1794 682 2034 764 quidem

399 775 641 855 conjicit
694 781 753 834 in
807 790 1159 834 carcerem:
1209 772 1342 853 ipse
1387 779 1585 833 autem
1635 770 1695 831 in
1741 770 2034 852 supplicio

399 861 834 926 considerando
889 880 957 922 ac
988 861 1354 942 exquirendo
1410 859 1755 922 versabatur
1811 861 2032 936 animo,

399 970 607 1014 novam
631 952 889 1032 aliquam
943 957 1001 1010 et
1025 951 1198 1030 longe
1230 951 1632 1031 gravissimam
1667 950 1753 1011 eis
1786 958 2034 1012 mortem

400 1041 672 1103 invenire
690 1040 1074 1102 contendens.
1089 1041 1231 1114 Quae
1250 1059 1393 1102 vero
1410 1040 1502 1102 vel
1527 1047 1663 1102 ante
1685 1045 2033 1114 certamina,

397 1131 594 1194 animo
628 1138 684 1191 et
715 1129 979 1192 instituto
1027 1138 1155 1192 erat
1187 1148 1396 1192 eorum
1449 1129 1793 1192 certationis
1845 1134 2028 1205 socia,

396 1220 813 1294 Anastasia,ea
833 1238 964 1301 qua;
979 1229 1391 1297 consueverat,
1413 1239 1530 1282 non
1555 1219 2036 1303 cessabatadhuc

396 1312 613 1384 facere,
649 1308 844 1370 verbis
874 1309 1114 1389 quidem
1150 1310 1444 1372 accedens
1471 1308 1541 1371 ad
1569 1315 1894 1383 certamen,
1928 1326 2034 1370 re-

393 1400 522 1480 ipsa
551 1407 748 1462 autem
783 1416 985 1459 earum
1021 1417 1220 1462 curam
1257 1418 1470 1478 gerens
1505 1421 1517 1457 :
1579 1407 1636 1460 et
1669 1418 1787 1460 non
1819 1400 2032 1460 harum

395 1489 611 1562 solum,
647 1506 842 1567 neque
874 1487 1239 1567 reliquorum
1292 1489 1558 1550 omnium
1609 1489 1709 1568 qui
1761 1487 2039 1549 similiter

2119 506 2356 586 ἀπέγνω,
2419 505 2728 564 τελευταῖον
2776 507 2962 574 αὒταϊς
3012 509 3247 565 ἐπειπὼν
3301 511 3370 572 ὡς
3424 510 3493 566 Αἱ
3529 511 3784 586 θρασεῖαι

2120 595 2267 667 ὑμῶν
2319 596 2621 673 ἀποκρίσεις
2680 599 2830 653 αὗται
2893 593 3136 673 οὒδαμῶς
3201 597 3371 660 ἄλλως
3442 598 3481 665 ἢ
3530 597 3786 673 βασάνων

2121 685 2404 763 ἐπιφοραῖς
2448 687 2776 764 ἷαθήσονται,
2827 684 3030 749 ἐκείνας
3075 687 3172 760 μὲν
3224 693 3291 763 τῇ
3343 687 3545 764 εἱρκτῇ
3604 706 3789 763 παρα-

2121 771 2352 850 δίδωσιν,
2408 777 2563 840 αὒτὸς
2609 774 2663 830 δὲ
2720 775 2839 852 περὶ
2899 775 2994 843 τὴν
3049 772 3323 851 διάσκεψιν
3351 783 3467 831 τῶν
3503 780 3790 852 τιμωριῶν

2118 862 2424 944 ἀπησχόλει
2454 865 2544 920 τὸν
2603 874 2744 943 νοῦν,
2795 863 3106 920 καινότατόν
3152 886 3268 920 τινα
3301 866 3387 920 καὶ
3439 862 3788 943 χαλεπώτα-

2118 974 2209 1009 τον
2253 958 2440 1018 αὐταῖς
2501 955 2720 1010 θάνατον
2784 952 3010 1029 ἐξευρεῖν
3069 953 3446 1031 ἐπειγόμενος.
3486 953 3558 1009 Ἠ
3623 951 3680 1007 δέ
3725 974 3789 1028 γε

2118 1043 2206 1098 καὶ
2257 1045 2358 1122 πρὸ
2402 1050 2507 1100 τῶν
2572 1043 2792 1120 ἀγώνων
2845 1049 2913 1118 τῇ
2968 1043 3266 1121 προαιρέσει
3323 1040 3593 1106 σύναθλος
3652 1041 3789 1096 ταύ-

2118 1154 2236 1194 ταις
2278 1131 2610 1189 Ἀναστασία
2639 1138 2706 1190 τὰ
2751 1133 2971 1188 εἰωθότα
2999 1134 3086 1188 καὶ
3118 1130 3194 1188 ἔτι
3229 1144 3407 1188 ποιεῖν
3443 1135 3547 1189 οὐκ
3591 1129 3783 1207 ἔληγε,

2118 1219 2297 1300 λόγοις
2341 1223 2439 1298 μὲν
2506 1223 2637 1299 πρὸς
2685 1223 2774 1279 τὸν
2825 1221 3006 1300 ἀγῶνα
3066 1221 3536 1300 διαθερμαίνουσα,
3604 1218 3784 1298 ’ἔργοις

2118 1311 2172 1366 δὲ
2229 1313 2292 1368 τὰ
2346 1315 2438 1380 τῆς
2517 1312 2762 1384 προνοίας
2849 1309 3182 1383 ἐπιτελούσα,
3245 1312 3328 1365 καὶ
3383 1309 3518 1389 οὐχὶ
3578 1307 3783 1365 τούτων

2120 1401 2296 1475 μόνων
2342 1399 2459 1457 οὐδὲ
2503 1401 2606 1456 τῶν
2669 1398 2870 1456 λοιπῶν
2912 1401 3122 1455 πάντων
3175 1403 3279 1455 τῶν
3310 1398 3518 1474 ὁμοίῶς
3547 1397 3781 1454 ἀθλούν-

2121 1511 2225 1544 των
2270 1490 2468 1564 ὁμοίως
2514 1489 2726 1568 εἴχετο,
2773 1486 2908 1546 ἀλλὰ
2949 1490 3040 1544 καί
3073 1493 3178 1544 τῶν
3213 1485 3388 1550 ἄλλως
3428 1486 3777 1565 ἀπορούντων

395 1575 803 1649 decertabant,
861 1576 1142 1638 similiter
1198 1595 1403 1638 curam
1453 1576 1718 1657 gerebat,
1775 1577 1880 1638 sed
1935 1594 2037 1638 eos

2124 1577 2235 1635 ὅσοι
2289 1580 2354 1636 τὰ
2422 1583 2751 1656 Χριστιανῶν
2837 1574 3213 1656 πρεσϐεύοντες
3297 1576 3438 1644 ἦσαν
3529 1574 3784 1649 οὖδαμῶς

396 1666 706 1747 etiam,qui
728 1665 948 1746 alioqui
969 1679 1138 1728 erant
1168 1665 1808 1748 inopes,Christianam
1841 1672 2037 1727 autem

2124 1667 2313 1742 ἡμέλει
2371 1682 2486 1733 τοῖς
2532 1667 2628 1743 μὲν
2675 1668 2891 1746 τροφὰς,
2927 1680 3043 1728 τοῖς
3077 1666 3131 1722 δέ
3167 1667 3388 1744 στολὰς,
3440 1678 3569 1730 τοῖς
3602 1663 3655 1722 δὲ
3689 1665 3780 1721 καί

397 1755 913 1838 amplectebantur
940 1755 1318 1838 religionem,
1355 1756 1601 1818 minime
1652 1755 1987 1836 negligebat
2023 1776 2035 1818 :

2126 1756 2286 1836 ἄμφω
2343 1757 2636 1836 φιλοτίμως
2681 1756 3013 1835 παρέχουσα,
3048 1759 3122 1810 ὧν
3182 1753 3418 1831 ἀμοιϐὴν
3476 1756 3606 1829 μίαν
3640 1754 3783 1811 ἐκεί-

395 1847 515 1908 illis
545 1845 787 1926 quidem
822 1844 1126 1927 alimenta,
1161 1847 1255 1908 his
1287 1865 1426 1908 vero
1483 1846 1858 1920 vestimenta,
1909 1845 2041 1907 aliis

397 1945 597 1998 autem
628 1943 879 2014 utraque
911 1935 1185 2015 praebens
1217 1935 1566 2012 liberaliter,
1593 1954 1847 2013 quorum
1882 1943 1941 1996 et
1967 1934 2040 1995 ab

396 2026 516 2087 illis
540 2041 716 2086 unam
750 2023 989 2104 petebat
1018 2025 1591 2101 remunerationem,
1641 2033 1696 2085 et
1727 2025 1856 2104 ipsa
1887 2043 2035 2105 quo-

397 2135 511 2197 que
546 2113 926 2195 precabatur,
982 2123 1044 2176 ut
1076 2115 1162 2176 eis
1191 2133 1436 2177 aureum
1461 2116 1802 2194 imponeret
1833 2114 2040 2194 signa-

397 2205 620 2275 culum,
660 2204 924 2282 martyrii
955 2220 1260 2265 coronam.
1310 2204 1379 2265 Et
1431 2204 1591 2282 quod
1642 2206 1770 2284 ipsa
1797 2204 2035 2284 quidem

396 2313 503 2376 spe
531 2313 651 2355 non
682 2293 755 2354 sit
789 2293 952 2369 falsa,
985 2295 1178 2354 statim
1215 2293 1542 2356 declarabit
1571 2296 1784 2356 oratio.

478 2382 603 2446 XII.
643 2382 1044 2444 Diocletianus
1091 2392 1312 2463 autem,
1363 2403 1495 2446 cum
1551 2384 1625 2446 de
1685 2380 2038 2463 martyribus

397 2474 585 2536 multa
638 2472 838 2534 animo
893 2475 1189 2553 agitasset,
1225 2483 1283 2534 et
1335 2473 1397 2536 in
1451 2474 1634 2534 dubio
1686 2474 1812 2552 ejus
1842 2471 2038 2533 adhuc

397 2572 554 2626 esset
576 2563 901 2636 animus,et
925 2563 1099 2623 simul
1145 2571 1206 2624 ut
1237 2562 1715 2642 proﬁcisceretur
1746 2561 1804 2620 in
1842 2559 2038 2621 Mace-

396 2653 635 2714 doniam
669 2671 702 2713 a
731 2651 1082 2732 quibusdam
1127 2651 1381 2731 publicis
1413 2659 1730 2727 urgeretur
1761 2649 2036 2726 negotiis,

397 2761 529 2802 cum
567 2741 817 2802 Dulcitio
865 2741 1148 2819 praefecto
1207 2757 1407 2802 earum
1442 2738 1780 2800 mandasset
1811 2737 2038 2800 exami-

394 2833 723 2903 nationem,
757 2828 908 2909 quod
941 2847 1041 2890 eas
1075 2837 1377 2909 oporteret
1411 2828 1643 2908 punire,
1673 2827 1857 2890 multa
1884 2845 2040 2908 pras-

398 2923 574 3000 cepit.
609 2919 716 2980 ille
747 2936 886 2979 vero
915 2936 1049 2978 cum
1089 2917 1258 2979 malae
1299 2926 1523 2980 naturae
1555 2918 1876 2998 adjecisset
1908 2935 2038 2978 ma-

398 3009 518 3069 lum
538 3007 912 3088 imperatoris
945 3007 1314 3087 mandatum,
1350 3016 1406 3069 et
1428 3007 1574 3070 iram
1611 3007 1865 3068 maxime
1897 3025 2038 3068 exa-

2126 1869 2243 1910 νους
2275 1868 2331 1902 τε
2363 1847 2583 1923 ἀπῄτει,
2618 1848 2704 1902 καὶ
2754 1847 2887 1912 αὕτη
2931 1843 3000 1901 δι’
3050 1847 3219 1925 εὗχῆς
3275 1845 3527 1901 ἐποιεῖτο
3559 1845 3621 1900 τὸ
3651 1849 3776 1899 πᾶσι

2125 1937 2326 2001 τούτοις
2377 1942 2584 2016 χρυσῆν
2639 1935 2900 1992 ἐπιθεῖναι
2969 1931 3234 2016 σφραγῖδα
3299 1934 3396 1989 τὸν
3456 1933 3778 2012 μαρτυρικὸν

2124 2025 2402 2105 στέφανον,
2443 2028 2536 2084 Καὶ
2568 2024 2700 2093 αὕτη
2734 2026 2833 2101 μὲν
2866 2025 2945 2082 ὅτι
2991 2029 3089 2091 τῆς
3150 2021 3361 2087 ἐλπίδος
3397 2026 3461 2082 οὗ
3493 2022 3774 2098 διεψεύσθη

2125 2113 2249 2173 ὅσον
2281 2115 2428 2172 οὕπω
2459 2116 2544 2172 καὶ
2575 2118 2602 2172 ὁ
2625 2115 2785 2193 λόγος
2816 2113 3068 2182 δηλώσει,

2206 2381 2308 2442 ιε’.
2377 2383 2757 2451 Διοκλητιανὸς
2805 2381 2860 2439 δὲ
2905 2381 3075 2439 πολλᾶ
3136 2383 3254 2458 περὶ
3315 2383 3432 2437 τῶν
3496 2379 3769 2459 μαρτύρων

2121 2470 2559 2547 διασκέψάμενος,
2610 2473 2663 2528 ἐν
2691 2473 2874 2547 ἀπόρῳ
2917 2493 2974 2529 τε
3027 2472 3104 2528 ἔτι
3163 2471 3259 2537 τὴν
3321 2469 3557 2548 γνώμην
3600 2469 3762 2548 ἔχων,

2189 2563 2204 2582 κ
2285 2559 2309 2578 τ’
2507 2564 2517 2576 ν
2843 2584 2854 2594 .
3002 2562 3015 2592 τ
3165 2559 3176 2582 ν
3395 2582 3399 2585 -
3539 2561 3553 2580 ‘

2119 2582 2205 2616 και
2273 2583 2385 2634 αμα
2467 2585 2564 2628 την
2624 2562 2675 2625 ἐς
2758 2561 3078 2618 Μακεδον.αν
3160 2559 3402 2616 ελαύνειν
3464 2561 3566 2616 ὒπο
3621 2580 3768 2614 τινων

2122 2648 2486 2729 ἐπειγόμενος,
2521 2649 2790 2726 δημοσίων
2825 2649 3116 2723 Δουλκιτίῳ
3165 2649 3403 2728 ἐπάρχῳ
3454 2650 3552 2717 τὴν
3580 2648 3761 2706 τούτων

2124 2737 2356 2804 ἐξέτασιν
2402 2738 2708 2818 ἐπιτρέψας,
2773 2738 2944 2796 πολλὰ
3005 2741 3122 2818 περὶ
3180 2746 3271 2795 τοῦ
3303 2737 3425 2796 δεῖν
3460 2737 3617 2799 αὒτᾶς
3667 2758 3756 2791 κο-

2125 2827 2300 2899 λάζειν
2385 2827 2740 2908 ἐπήγγελλεν.
2803 2820 2861 2886 Ὀ
2919 2827 2972 2883 δὲ
3053 2834 3263 2906 πονηρᾷ
3320 2830 3483 2907 φύσει
3545 2823 3752 2902 πονηρὰν

2124 2919 2364 2996 προσθεὶς
2400 2918 2663 2994 βασιλέως
2713 2915 2963 2990 διάταξιν,
3001 2919 3089 2973 καὶ
3133 2919 3223 2973 τὸν
3279 2919 3460 2994 θυμὸν
3490 2919 3564 2980 ὡς
3611 2911 3758 2990 μαλι-

2125 3030 2222 3064 στα
2276 3009 2576 3086 παραθήξας
2636 3008 2846 3081 ἕτοιμος
2924 3006 2987 3073 ἧν
3077 3005 3380 3076 ἀπλήστως
3459 3012 3528 3082 τῇ
3585 3005 3760 3083 γνώμῃ

402 3098 642 3172 cuisset,
673 3105 907 3176 paratus
936 3105 1064 3158 erat
1094 3115 1266 3158 suum
1302 3097 1718 3177 inexplebilem
1775 3096 2037 3157 animum

2125 3098 2450 3177 χρήσασθαι,
2513 3095 2608 3160 Ὠς
2653 3095 2705 3151 δὲ
2749 3097 2836 3152 καὶ
2889 3093 3206 3174 ηὐτρέπιστο
3237 3097 3300 3151 τὰ
3364 3095 3510 3152 δεινὰ
3557 3095 3640 3150 καὶ
3678 3091 3765 3152 τὰς

406 3185 877 3249 exsatiare.Cum
905 3195 1098 3247 autem
1119 3188 1240 3266 jam
1269 3195 1465 3265 parata
1501 3194 1701 3249 essent
1723 3193 2036 3257 tormenta,

401 3285 459 3338 et
481 3293 584 3356 pro
619 3275 899 3337 tribunali
931 3284 1157 3337 starent
1208 3276 1494 3355 virgines,
1529 3281 1628 3356 qui
1686 3283 1885 3336 mente
1918 3281 2041 3336 erat

403 3367 573 3446 plane
604 3365 972 3439 caecutiente,
999 3374 1247 3446 repente
1279 3366 1457 3446 cmpit
1490 3371 1663 3426 etiam
1691 3383 1823 3426 esse
1848 3381 2040 3426 caecus

400 3453 627 3535 oculis;
657 3455 744 3516 vel
777 3453 971 3534 potius
1004 3472 1138 3515 cum
1169 3453 1472 3516 videretur
1503 3455 1795 3534 aspicere,
1833 3461 1890 3514 et
1921 3471 2040 3514 non

400 3545 633 3607 clausos
662 3543 912 3606 haberet
942 3544 1168 3626 oculos,
1213 3545 1519 3608 neminem
1564 3542 1800 3607 videbat
1850 3562 1920 3606 ex
1969 3542 2039 3603 iis

398 3635 499 3714 qui
526 3634 798 3696 aderant.
853 3634 978 3706 Quo
1027 3633 1243 3696 factum
1291 3641 1401 3708 est,
1437 3642 1500 3696 ut
1535 3633 1791 3696 maxima
1821 3633 1909 3694 ira
1941 3637 2037 3694 in-

401 3744 636 3801 census,
662 3733 783 3787 tum
813 3725 1052 3805 quidem
1117 3725 1206 3786 vel
1270 3725 1485 3786 invitus
1526 3742 1627 3786 eas
1654 3724 2040 3786 abducereta

401 3815 719 3892 tribunali;
771 3815 972 3877 timuit
1003 3814 1162 3876 enim
1194 3833 1270 3876 ne
1328 3814 1554 3895 aliquid
1586 3813 1842 3894 amplius
1872 3821 2037 3894 pate-

399 3913 591 3981 retur,
627 3906 677 3966 si
708 3905 1010 3967 adessent.
1048 3908 1255 3968 Postea
1277 3923 1418 3966 vero
1450 3923 1584 3966 cum
1614 3922 1820 3965 rursus
1845 3910 2044 3966 essent

404 3997 696 4076 coniectae
728 3995 786 4056 in
818 4012 1148 4070 carcerem,
1183 4003 1241 4056 et
1265 3995 1388 4074 jam
1447 3994 1520 4055 ad
1575 3995 1758 4056 Deum
1793 3993 2042 4073 hymnos

400 4087 598 4148 dicere
615 4091 672 4144 et
701 4082 928 4145 cantica
959 4084 1213 4164 psallere
1238 4102 1538 4162 aggressa}
1564 4091 1787 4163 essent,
1822 4089 1880 4142 in
1905 4083 2040 4143 ani-

402 4193 498 4236 mo
521 4173 762 4253 quidem
789 4173 992 4234 habuit
1011 4178 1368 4256 irrumpere,
1403 4181 1460 4234 et
1490 4193 1556 4235 ex
1584 4173 1906 4252 improviso
1936 4189 2040 4233 ac-

401 4265 645 4339 cedens,
681 4263 914 4324 illarum
948 4264 1172 4339 venari,
1209 4272 1271 4324 ut
1330 4266 1590 4343 putabat,
1629 4262 1955 4341 praestigias
1985 4269 2044 4323 et

405 4353 859 4416 incantationes.
920 4353 1126 4415 Divina
1191 4360 1392 4414 autem
1459 4351 1760 4412 voluntate
1816 4351 1918 4412 ille
1969 4350 2042 4412 ab

2121 3184 2406 3264 παρθένους
2438 3186 2666 3266 παρίστη
2724 3186 2800 3260 τῷ
2842 3183 3068 3260 βήματι,
3118 3187 3145 3242 ὁ
3194 3186 3289 3252 τὴν
3341 3183 3590 3242 διάνοιαν
3617 3181 3763 3259 ἀκρι-

2122 3272 2227 3333 ϐῶς
2281 3273 2598 3354 τυφλώττων
2655 3273 2848 3354 τυφλὸς
2904 3273 3119 3340 ἐξάπινα
3177 3275 3264 3330 καὶ
3322 3276 3429 3337 τὰς
3484 3271 3630 3348 ὄψεις
3676 3270 3756 3348 ἦν,

2124 3362 2324 3439 μᾶλλον
2383 3361 2435 3419 δὲ
2479 3363 2694 3441 βλέπειν
2752 3361 2922 3420 δοκῶν
2985 3365 3071 3421 καὶ
3120 3364 3240 3426 τοὺς
3287 3363 3593 3444 ὀφθαλμοὺς
3623 3359 3759 3438 ἔχων

2123 3452 2452 3529 ἀκλείστους,
2514 3452 2694 3510 οὐδένα
2747 3459 2850 3509 τῶν
2912 3453 3185 3530 παρόντων
3224 3452 3368 3532 ἐώρα
3402 3473 3418 3492 ο
3472 3453 3516 3527 ᾧ
3558 3448 3620 3516 δὴ
3675 3447 3756 3503 καὶ

2123 3541 2354 3618 μάλιστα
2409 3544 2502 3599 τὸν
2559 3544 2721 3619 θυμὸν
2782 3542 3057 3607 ἐκκαυθείς
3112 3543 3230 3600 τότε
3289 3543 3392 3618 μὲν
3451 3539 3608 3602 αὐτὰς
3675 3535 3757 3592 καὶ

2124 3630 2265 3688 ἄκων
2309 3631 2502 3709 ἀπάγει
2559 3633 2652 3690 to;
2711 3633 2953 3708 βήματος
2986 3648 3001 3662 ⁶
3075 3628 3253 3687 ἐδεδίει
3299 3633 3402 3712 γὰρ
3465 3629 3540 3706 μή
3583 3649 3632 3683 τι
3674 3624 3755 3681 καὶ

2124 3721 2287 3778 πλέον
2343 3721 2752 3800 παρισταμένων
2810 3721 2950 3796 αύτῷ
2993 3721 3149 3778 πάθοι
3185 3738 3201 3755 ο
3254 3720 3474 3801 ὕστερον
3505 3715 3558 3773 δὲ
3586 3718 3654 3780 ὡς
3694 3716 3758 3787 τῇ

2125 3813 2304 3890 εἰρκτῇ
2345 3809 2680 3890 παρεδίδοντο
2710 3812 2799 3870 καὶ
2827 3809 2930 3878 ἤδη
2963 3815 3068 3866 τῶν
3123 3810 3195 3874 εἷς
3259 3800 3396 3867 Θεὸν
3449 3808 3622 3884 ὕμνων
3675 3800 3756 3858 καὶ

2124 3900 2271 3975 ᾠδῶν
2318 3899 2564 3981 εἴχοντο,
2601 3903 2738 3980 ὁρμᾷ
2794 3901 2891 3975 μὲν
2943 3898 3262 3968 εἰσπηδῆσαι
3307 3901 3398 3957 καὶ
3438 3896 3657 3976 θηράσαι
3685 3894 3756 3963 τῷ

2123 3992 2409 4070 ἀπριιόπτῳ
2463 3992 2560 4058 τὴν
2624 3991 2837 4046 ἐκείνων
2914 3990 3135 4070 φθάσας,
3202 3991 3276 4052 ὡς
3341 3990 3476 4064 ᾢετο
3547 3990 3754 4060 μᾶγγι-

2125 4081 2265 4138 νείαν
2302 4099 2316 4112 ·
2349 4081 2459 4153 θείᾳ
2484 4079 2538 4135 δὲ
2569 4079 2734 4158 βουλῇ
2788 4079 2880 4135 καί
2930 4079 3131 4146 ταύτης
3175 4077 3384 4142 ἐκεῖνος
3429 4082 3525 4143 τῆς
3568 4070 3754 4151 βουλῆς

2127 4170 2385 4250 εἴργεται.
2463 4172 2572 4235 Τῆς
2630 4170 2728 4248 γὰρ
2820 4170 3036 4231 εὐθείας·
3081 4170 3442 4248 παρα-τραπεὶς
3500 4164 3588 4222 καί
3647 4179 3753 4221 πως

2128 4263 2256 4337 πρὸς
2310 4281 2426 4316 τινα
2470 4258 2700 4327 πλησίον
2730 4259 2960 4316 οἰκίσκον
3015 4260 3384 4339 παρενεχθεὶς,
3419 4257 3476 4321 ὃς
3529 4253 3590 4319 δὴ
3644 4258 3753 4310 τοῖς

2127 4349 2339 4430 φύλαξιν
2384 4351 2455 4415 εἷς
2486 4350 2771 4409 ὀπτάνεῖον
2809 4348 3002 4429 ἐτέλει,
3039 4349 3256 4406 ἐνταῦθα
3314 4345 3379 4414 δὴ
3433 4347 3750 4430 μαγειρικοῖς

401 4444 517 4504 hoc
545 4462 779 4524 quoque
807 4451 1044 4505 arcetur
1073 4442 1347 4504 consilio.
1382 4442 1527 4504 Cum
1587 4440 1747 4501 enim
1791 4457 1824 4501 a
1881 4449 2037 4501 recta

2129 4425 2361 4518 ἆγγείοις
2407 4441 2490 4496 καὶ
2550 4439 2771 4519 χύτραις
2819 4425 3148 4518 περιτυχὼν,
3194 4436 3400 4517 ἔκφρων
3449 4455 3505 4489 τε
3546 4433 3604 4486 τδ
3632 4425 3750 4530 σύγ-

403 4515 783 4609 declinasset,
822 4541 879 4593 et
910 4532 981 4592 ad
1012 4534 1330 4612 quamdam
1387 4530 1778 4612 propinquam
1813 4529 2037 4592 delatus

2125 4515 2247 4585 οἷον
2294 4528 2525 4606 γεγονὼς
2554 4515 2667 4584 Qui
2713 4515 3160 4604 conscidit—avoc
3210 4515 3304 4589 τὰς
3375 4521 3649 4612 παρθένομς
3695 4515 3749 4612 ἓν

406 4630 562 4684 esset
591 4601 1050 4695 domuhculam;
1071 4639 1202 4700 quae
1246 4601 1515 4698 quid-em.
1543 4601 1888 4682 custodibus
1921 4627 2037 4681 erat

2128 4601 2312 4698 χερσὶν
2358 4601 2530 4697 ἐχειν,
2592 4615 2828 4684 ἀσϐόλης
2885 4601 3125 4692 μένντὴν
3169 4614 3315 4692 ὅψιν,
3350 4612 3554 4692 λιγνύος
3581 4605 3632 4661 δὲ
3659 4601 3748 4668 τὴν

406 4714 535 4774 loco
566 4712 802 4786 culinas,
835 4711 930 4774 hic
961 4729 1094 4773 cum
1120 4711 1182 4771 in
1213 4728 1348 4773 vasa
1377 4710 1668 4773 culinaria
1694 4717 1753 4771 et
1780 4710 1928 4771 ollas
1956 4709 2037 4770 in-

2129 4709 2324 4776 ἐσθῆτα
2355 4711 2440 4764 καὶ
2469 4714 2673 4765 καπνοῦ
2704 4706 2915 4787 πλήρης
2946 4709 3033 4764 καὶ
3062 4704 3311 4771 δυσωδίας
3342 4703 3616 4762 ἐδείκνυτο.

403 4802 669 4883 cidisset,
701 4810 758 4863 et
787 4779 961 4864 esset
991 4800 1234 4863 omnino
1277 4811 1491 4862 emotae
1547 4799 1784 4875 mentis,
1819 4807 1877 4861 et
1921 4806 2157 4880 putaret
2208 4815 2272 4858 se
2327 4796 2489 4877 ipsas
2533 4797 2791 4875 virgines
2819 4779 3065 4858 habere
3122 4795 3184 4857 in
3245 4791 3537 4866 manibus,
3570 4779 3752 4846 vultus

399 4893 640 4975 quidem
673 4893 726 4952 ei
757 4891 866 4953 fuit
893 4892 1160 4972 repletus
1187 4891 1453 4971 fuligine,
1489 4890 1667 4980 vestis
1697 4898 1894 4980 autem
1921 4890 2097 4970 plena
2125 4888 2343 4980 favilis,
2372 4888 2540 4980 tumo
2566 4894 2630 4980 et
2661 4895 2813 4980 tetro
2843 4886 3049 4980 odore.
3139 4978 3147 4980 Δ
3264 4977 3274 4980 _
3366 4972 3392 4980 _
3581 4959 3603 4980 ﬁ
3647 4957 3659 4980 ν

479 4981 632 5046 XIII.
666 4984 814 5046 Cum
847 4959 1045 5044 autem
1076 5000 1208 5063 quae
1237 4959 1746 5054 an‘imohabebat,
1778 4959 2037 5054 fecisset,

2217 4959 2338 5040 11"."
2372 4975 2532 5034 Ἐπεὶ
2561 4974 2616 5032 δὲ
2647 4978 2714 5033 τὰ
2746 4977 2879 5033 κατὰ
2922 4983 3062 5049 νοῦν,
3124 4978 3198 5040 ὡς
3258 4972 3530 5049 ὑπείληφε,
3576 4959 3750 5068 δράσας

401 5085 468 5140 ut
509 5070 884 5146 existimavit,
948 5060 1112 5133 illinc
1159 5080 1248 5134 est
1299 5089 1599 5151 egressus,
1665 5068 1940 5130 omnibus
1996 5070 2037 5130 ei

2133 5071 2337 5125 ἐκεῖθεν
2382 5065 2545 5142 ἐξῄει,
2603 5067 2709 5124 τῶν
2763 5068 2864 5123 ὑπὸ
2920 5079 3088 5146 χεῖρα
3145 5067 3356 5128 πάντων
3405 5060 3501 5125 ἔξω
3528 5060 3750 5129 περῑτην

407 5164 690 5244 subjectis
703 5169 872 5224 extra
885 5162 1047 5224 fores
1070 5180 1205 5224 eum
1223 5158 2037 5242 exspectantibus.Postquam

2134 5159 2286 5236 θύραν
2339 5155 2734 5232 ἀναμενόντων,
2767 5159 2840 5222 ὡς
2900 5155 3043 5214 ἐίδον
3103 5158 3260 5216 αὐτὸν
3303 5155 3494 5244 ἐκεῖνοι
3546 5153 3748 5244 paeni:

404 5221 544 5317 vero
577 5254 665 5315 illi
687 5271 821 5315 eum
854 5253 1154 5328 viderunt,
1183 5271 1315 5314 esse
1332 5221 1580 5333 aliquod
1621 5221 1919 5331 spectrum
1951 5257 2037 5311 aut

2135 5246 2278 5315 τώδη
2337 5247 2452 5304 τινὰ
2513 5247 2602 5303 καὶ
2658 5247 2934 5324 τεράστιον
3009 5243 3362 5309 ὗπολαϐόντες
3417 5238 3578 5311 εἶναι,
3631 5221 3748 5333 “FF:

408 5353 741 5406 monstrum
799 5341 1046 5423 opinati,
1077 5310 1154 5402 in,
1194 5341 1388 5419 fugam
1429 5310 1586 5403 1sunt
1615 5310 1907 5402 conversi.
1939 5337 2037 5401 Ille

2134 5310 2302 5416 <90va
2347 5335 2607 5416 ἐχώρουν.
2663 5310 2730 5393 ιΟ¹
2775 5333 2830 5391 δὲ
2875 5338 3253 5414 περιφρόνησιν
3284 5326 3512 5423 εἶναιτὸ
3539 5310 3744 5423 γεῇέθς

407 5441 602 5494 autem
628 5451 693 5494 se
723 5400 1130 5511 conIemptum
1158 5400 1581 5510 putans,utqui
1614 5429 1876 5492 nondum
1912 5446 2037 5490 sen-

2124 5425 2358 5502 οἰόμενος
2414 5427 2502 5483 καὶ
2557 5424 2704 5482 οὔπω
2741 5427 2844 5480 τῶν
2894 5423 2967 5480 ὧν
3011 5423 3269 5481 πέπονθεν
3326 5419 3564 5511 αἴσθησιν
3599 5400 3740 5511 iam“

407 5489 688 5584 nais.
707 5489 1649 5602 qdé'éin'iréééid‘eEth,illisalia;
1663 5489 1902 5600 quidem
1929 5489 2037 5580 do-

2261 5489 2356 5575 οὒκ
2385 5515 2461 5572 ἔτι
2508 5515 2603 5592 μὲν
2648 5515 2732 5571 ἐπὶ
2775 5515 2874 5582 τὴν
2917 5513 3108 5588 οἰκίαν,
3145 5512 3265 5602 ᾇλλ’
3310 5509 3392 5566 ἐπὶ
3438 5504 3498 5602 τα
3524 5489 3740 5602 ξασθξξῗ

408 5628 596 5688 mum,
630 5575 742 5683 sedI
770 5613 830 5673 in
864 5591 1084 5692 regiam
1114 5627 1323 5691 magna
1351 5609 1439 5671 ira
1465 5618 1522 5673 et
1553 5575 1749 5672 studio
1792 5617 2037 5671 conten-

2124 5575 2253 5688 όργῇ
2282 5605 2460 5682 πολλῇ
2503 5575 2588 5664 καὶ
2631 5575 2842 5682 σπουδῂ-
2862 5603 3057 5685 ἐχώρει
3088 5575 3254 5662 πολὺν
3299 5609 3410 5662 τοῖς
3463 5587 3609 5673 ὁρῶσι
3653 5575 3735 5632 τὸν
