4056 6142
274 346 391 411 585
1147 347 1614 411 MARTYRIUM
1661 347 1720 408 S.
1769 345 2218 410 ANASTASI/E
2263 349 2361 410 ET
2407 349 2813 412 SOCIARUM.
3531 353 3649 422 586

275 477 488 554 γέλωτα
541 480 826 555 συγκινῶν.
861 483 970 546 Τῆς
1030 477 1084 534 δέ
1135 479 1418 555 βασιλικῆς
1477 479 1644 547 αὖλῆς
1677 480 1763 536 καὶ
1821 483 1910 535 τῶι

2010 479 2120 556 dit,
2153 500 2426 559 magnum
2453 483 2640 544 risum
2668 501 2911 544 movens
2944 483 3018 544 iis
3049 483 3153 560 qui
3183 482 3481 549 videbant.
3503 487 3646 551 Cum

272 565 574 647 δορυφόρων
621 570 694 631 εἷς
754 569 916 642 μέσον
964 566 1128 624 ἐλθὼν
1177 567 1390 646 θορύϐου
1440 571 1632 643 μεστὸς
1671 569 1742 625 ὢν
1798 568 1910 638 ἐξή-

2009 577 2204 630 autem
2241 573 2502 632 venisset
2533 572 2591 632 in
2640 572 2899 632 medium
2935 573 3083 634 aulae
3127 576 3307 652 regiae
3336 583 3394 636 et
3424 577 3650 637 satelli-

270 678 352 711 τει
385 658 473 711 τὸν
505 655 749 732 βασιλέα,
784 656 873 711 ἅτε
928 654 990 722 δὴ
1022 659 1108 712 καὶ
1140 658 1275 712 κατὰ
1304 663 1407 714 τῶν
1466 660 1566 714 ὑπὸ
1596 673 1761 738 χεῖρα
1823 664 1910 714 τῶι

2011 665 2157 738 tum,
2195 668 2251 719 et
2283 669 2436 721 totus
2461 659 2848 722 conturbatus
2880 671 3171 742 quaereret
3202 665 3648 744 imperatorem,

271 745 462 800 ἑαυτοῦ
509 747 850 824 ἐντυγχάνειν
883 744 1094 820 μέλλων
1145 748 1216 808 ὡς
1261 744 1348 802 ὑπ’
1408 747 1579 803 αὐτῶν
1611 749 1676 803 τὰ
1721 746 1910 827 ἔσχατα

2009 755 2070 806 ut
2104 748 2200 827 qui
2233 748 2306 810 de
2335 750 2405 810 iis
2438 751 2536 830 qui
2568 749 2679 810 sibi
2708 749 2962 830 subjecti
3008 761 3198 824 erant,
3235 762 3394 815 esset
3424 754 3647 836 aliquid

269 832 734 914 περιυϐρισμένος’
783 837 829 890 οἱ
898 835 951 890 δέ
1014 835 1297 914 ὑπόμωρόν
1353 858 1469 892 τινα
1541 837 1628 893 καὶ
1685 847 1922 912 γε)ωτο-

271 925 428 979 ποιὸν
485 925 572 979 καὶ
602 923 903 1004 παράφορον
959 925 1046 979 καὶ
1080 925 1250 980 πάντα
1302 923 1505 999 μᾶλλον
1557 927 1711 984 αὐτὸν
1768 925 1803 993 ἢ
1834 928 1923 981 τὸν

272 1011 516 1092 ἔπαρχον
588 1013 930 1075 ὅπονοοῦντες
993 1011 1314 1098 ,Δουλκίτιον
1387 1027 1625 1092 πυγμαῖς
1710 1036 1767 1070 τε
1836 1017 1922 1071 καὶ

269 1103 540 1174 ὠθισμοῖς
603 1099 824 1166 ἐξώθουν
880 1102 967 1157 καὶ
1013 1101 1269 1180 ἀπεῖργον
1333 1103 1474 1177 ανδτῷ
1530 1103 1627 1170 τὴν
1685 1101 1916 1162 εἴσοδον.

269 1188 422 1246 Ἐπεὶ
483 1189 536 1244 δέ
567 1211 707 1253 τινες
765 1190 872 1245 τῶν
933 1188 1128 1270 σφόδρα
1175 1193 1434 1264 συνήθων,
1469 1192 1568 1266 ὀψέ
1627 1193 1713 1248 καὶ
1763 1192 1916 1266 μόλις

267 1279 584 1354 ἀναγνόντες
643 1285 750 1334 τῶν
782 1276 938 1356 ἄνδρα
985 1281 1069 1334 καὶ
1117 1281 1177 1334 τὸ
1221 1280 1507 1356 γενόμενον
1548 1279 1916 1355 συμϐαλόντες

267 1367 364 1422 καὶ
420 1372 518 1433 τῆς
578 1374 882 1446 παραγορᾰς
943 1365 1277 1440 ἐλεήσαντες,
1329 1371 1401 1434 εἷς
1462 1369 1557 1436 τῆν
1615 1372 1762 1426 οἷκαν
1806 1371 1914 1426 ἀπ-

273 1457 498 1534 ήγαγον,
562 1456 712 1535 ὤφθη
745 1456 842 1530 μέν
897 1456 1059 1512 κάκεῖ
1116 1459 1323 1534 γυναικί
1365 1479 1420 1513 τε
1480 1461 1567 1514 καὶ
1625 1461 1776 1516 παισὶ
1831 1462 1916 1515 καὶ

266 1561 386 1609 τοῖς
439 1547 492 1602 ἐν
525 1547 660 1620 θ’ίκῳ
684 1569 844 1602 πασιν
902 1547 1152 1625 αἰσχύνη.
1215 1545 1362 1614 Πλὴν
1435 1545 1553 1602 ἀλλ’
1588 1549 1659 1610 εἰς
1691 1549 1751 1602 τὸ
1807 1553 1917 1627 φῶς

268 1633 565 1711 ἂναϐλέψαι
618 1641 705 1692 καὶ
763 1637 863 1702 τὴν
939 1635 1186 1702 ἀλήθειαν
1245 1635 1532 1714 ἐπιγνῶναι
1595 1635 1710 1694 οὐδέ
1754 1635 1917 1701 οὕτως

267 1727 424 1780 αὺτὸν
497 1726 616 1789 νοῦς
670 1725 932 1804 εἰσ-ἦλθεν,
979 1723 1097 1779 ἀλλ’
1173 1727 1245 1788 εἷς
1292 1727 1538 1804 γοητείαν
1594 1728 1654 1782 τὸ
1698 1728 1918 1804 γεγονὸς

270 1773 419 1780 η--.
508 1773 614 1789 .-η
672 1773 932 1804 -.,.,..--.,

267 1814 567 1893 ἀναφέρων,
621 1813 962 1893 σφοδρότερον

264 1911 373 1958 τῶν
435 1904 707 1982 παρθένων
765 1903 931 1960 ἕπνειο
985 1903 1169 1978 ἀμέλει
1225 1908 1312 1960 καὶ
1369 1906 1610 1979 βήματος
1671 1905 1909 1984 εὔτρεπιη

261 1993 476 2057 σθέντος
510 1997 652 2065 αὖτῷ
683 1994 917 2073 ἀχθῆναι
947 1993 1040 2057 τὰς
1072 1994 1356 2072 παρθένους
1395 1993 1626 2052 κελεύει.

1048 1814 1124 1869 ἔτι
1204 1817 1286 1871 καὶ
1353 1816 1712 1893 μανικώτερον
1782 1817 1916 1872 κατὰ

351 2261 456 2320 1Δ⁹.
517 2262 646 2319 Επεὶ
675 2260 729 2317 δέ
787 2265 874 2318 καὶ
903 2263 1174 2343 ἤχθησαν,
1211 2261 1410 2339 γυμνᾶς
1461 2260 1710 2318 ἐπέταττε
1742 2281 1915 2336 παρα-

265 2353 480 2418 στῆναι,
549 2344 639 2414 Ὠς
671 2350 723 2406 δέ
755 2353 848 2416 τὰς
876 2367 1068 2434 χεῖρας
1105 2355 1150 2410 οἱ
1185 2349 1366 2426 δήμιοι
1416 2363 1531 2413 τοῖς
1576 2353 1915 2429 παρθενικοῖς

269 2439 529 2496 ἐπέϐαλον
601 2443 869 2516 σώμασιν,
1060 2439 1364 2520 παραδόξων
1414 2442 1740 2518 πραγμάτων
1812 2437 1913 2504 δη-

269 2531 488 2608 μιουργὲ
522 2531 670 2608 Κύριε
707 2529 776 2610 1)
863 2534 909 2586 οἱ
981 2538 1208 2611 χιτῶνες
1279 2532 1352 2593 ὡς
1423 2527 1654 2608 δεύτεραι
1726 2529 1914 2606 σάρκες

268 2621 356 2675 καὶ
423 2617 650 2696 δέρματα
707 2633 828 2683 ταῖς
888 2621 1163 2700 παρθένοις
1237 2619 1600 2696 περιταθέντες
1658 2630 1916 2695 συμφυεῖς

263 2722 386 2773 ταῖς
436 2708 672 2786 πρώταις
705 2709 850 2785 σαρξὶ
881 2712 970 2766 καὶ
1013 2723 1129 2771 τοῖς
1183 2707 1384 2770 ὀστέοις
1417 2707 1698 2768 ἐνέκειντο.
1759 2708 1916 2780 Θάμ-

262 2795 352 2860 ϐος
382 2797 466 2853 ἐπὶ
519 2801 595 2870 τῷ
624 2796 898 2877 παραδόξῳ
934 2800 1055 2862 τοὺς
1110 2801 1342 2876 ὁρῶντας
1375 2797 1502 2876 εἶχε
1545 2797 1632 2852 καὶ
1661 2793 1914 2860 ἔκπληξις

2007 836 2300 913 dicturus,
2337 847 2611 918 tanquam
2669 838 2740 900 ab
2775 845 2861 900 eis
2912 851 3173 902 extrema
3204 841 3448 904 allectus
3487 845 3648 924 inju-

2004 927 2117 999 ria,
2153 926 2236 988 illi
2289 929 2624 988 morionem
2678 930 2937 1005 aliquem
2992 937 3048 990 et
3081 948 3312 991 scuram
3347 939 3405 993 et
3450 941 3650 995 mente

2005 1023 2262 1094 captum,
2298 1025 2354 1078 et
2402 1017 2663 1097 quemvis
2696 1018 2890 1096 potius
2950 1017 3166 1097 ipsum,
3203 1037 3378 1099 quam
3432 1021 3647 1099 przefe-

2005 1111 2164 1164 ctum
2218 1105 2623 1170 existimantes
2653 1105 2996 1185 Dulcitium,
3035 1107 3245 1186 pugnis
3296 1117 3352 1168 et
3381 1109 3650 1172 calcibus

2003 1211 2136 1252 eum
2170 1195 2586 1274 extrudebant,
2622 1205 2681 1256 et
2714 1195 2999 1257 arcebant
3039 1195 3112 1256 ab
3143 1197 3438 1275 ingressu.
3471 1197 3646 1260 Post-

2002 1299 2177 1358 quam
2213 1301 2348 1344 vero
2374 1283 2612 1364 quidam
2645 1303 2712 1345 ex
2746 1287 2830 1345 eis
2861 1286 2963 1363 qui
2994 1293 3162 1345 erant
3193 1287 3245 1345 ei
3277 1285 3444 1347 valde
3477 1288 3650 1348 fami-

2001 1370 2343 1446 liares,cum
2377 1391 2511 1433 sero
2539 1374 2776 1434 tandem
2809 1381 2866 1434 et
2891 1374 2980 1434 vix
2998 1374 3190 1434 virum
3210 1375 3642 1453 agnovis‘sseut,

2001 1468 2060 1520 et
2090 1459 2149 1520 id
2183 1462 2339 1536 quod
2374 1461 2671 1524 acciderat
2703 1462 3127 1542 conjecissent,
3162 1472 3220 1522 et
3249 1464 3497 1526 insanire
3527 1467 3646 1527 mi-

2002 1549 2150 1609 serti
2175 1560 2397 1630 essent,
2423 1569 2556 1611 eum
2589 1551 2834 1612 domum
2863 1550 3258 1624 abduxerunt,
3293 1552 3482 1612 visum
3507 1555 3647 1629 qui-

2003 1636 2138 1698 dem
2172 1647 2258 1699 est
2289 1639 2410 1700 illic
2440 1659 2679 1720 quoque
2732 1639 2898 1700 uxori
2931 1649 2988 1700 et
3020 1638 3251 1713 liberis,
3285 1646 3344 1701 et
3371 1641 3647 1704 omnibus

2003 1726 2103 1804 qui
2135 1727 2300 1789 domi
2350 1737 2540 1808 erant,
2575 1729 2854 1790 dedecus.
2891 1727 3005 1790 Sed
3048 1729 3239 1789 lucem
3271 1729 3559 1809 aspicere,
3591 1739 3650 1791 et

1942 1853 1976 1902 Β
2001 1817 2307 1877 veritatem
2341 1835 2707 1895 cognoscere
2763 1837 2838 1878 ne
2871 1818 2954 1878 sic
2989 1817 3229 1896 quidem
3285 1818 3340 1880 ei
3377 1818 3532 1878 venit
3583 1819 3644 1880 in

1999 1913 2258 1966 mentem
2296 1927 2312 1982 ;
2372 1906 2475 1967 sed
2509 1907 2564 1968 id
2620 1907 2774 1987 quod
2826 1907 3044 1967 factum
3079 1905 3269 1967 fuerat
3315 1906 3647 1969 attribuens

1993 1991 2408 2068 incantationi,
2445 1995 2855 2057 vehementius
2887 1996 3082 2056 adhuc
3118 2003 3175 2055 et
3206 1995 3474 2056 insanius
3516 1997 3643 2076 spi-

1993 2083 2160 2143 rabat
2189 2086 2249 2143 in
2280 2084 2561 2162 virgines.
2596 2083 2662 2144 Ei
2698 2084 2897 2164 itaque
2921 2094 3121 2164 parato
3155 2082 3457 2161 tribunali,
3473 2083 3648 2164 jubet

1998 2171 2210 2233 adduci
2243 2172 2532 2249 virgines.

2079 2259 2230 2322 XIV.
2271 2259 2584 2340 Postquam
2629 2269 2823 2323 autem
2856 2261 3126 2323 adductas
3155 2270 3314 2335 sunt,
3338 2261 3517 2342 jussit
3547 2280 3647 2326 eas

1998 2360 2189 2410 astare
2222 2349 2436 2412 nudas.
2471 2350 2784 2430 Postquam
2821 2369 2958 2412 vero
2995 2349 3268 2427 virgineis
3297 2351 3417 2412 illis
3439 2369 3648 2429 corpo-

1998 2438 2164 2499 ribus
2197 2456 2407 2500 manus
2437 2439 2754 2500 admovere
2786 2438 3025 2499 lictores
3054 2441 3116 2518 (ο
3142 2439 3415 2514 Domine,
3450 2439 3648 2520 opifex

1996 2546 2198 2589 rerum
2232 2527 2730 2606 admirabilium),
2768 2529 3005 2608 tunicae,
3050 2535 3323 2608 tanquam
3370 2529 3652 2591 secundas

1997 2635 2205 2678 carnes
2239 2628 2295 2678 et
2329 2618 2538 2696 pelles,
2573 2617 2964 2678 circumcirca
2993 2626 3252 2678 extensae
3288 2616 3647 2696 virginibus,

1998 2705 2370 2767 inhaerebant
2397 2706 2803 2767 coalescentes
2834 2718 2894 2766 et
2925 2707 3259 2784 conjuncta:
3294 2705 3501 2786 primis
3522 2725 3648 2768 car-

1997 2795 2171 2855 nibus
2203 2803 2259 2854 et
2280 2793 2538 2856 ossibus.
2579 2794 2745 2874 Cepit
2771 2811 2871 2855 eos
2902 2795 3001 2874 qui
3028 2793 3304 2854 videbant
3331 2794 3643 2856 admiratio

263 2888 381 2950 τοὺς
428 2887 744 2950 ἀκοῦοντας.
782 2890 881 2945 Τὸν
937 2887 990 2944 δέ
1021 2888 1270 2965 τύραννον
1320 2885 1470 2962 ἑτέρα
1519 2883 1676 2940 πάλιν
1722 2883 1910 2961 πληγὴ

1999 2890 2238 2963 propter
2260 2901 2384 2944 rem
2398 2883 2839 2959 admirabilem,
2867 2894 2926 2944 et
2959 2901 3090 2962 qua)
3121 2889 3246 2943 erat
3274 2891 3488 2962 praeter
3508 2883 3642 2963 opi-

264 2973 686 3050 κατελάμϐανεν.
722 2974 874 3043 ’Ἤδη
931 2977 1027 3054 γὰρ
1052 2975 1147 3032 καί
1179 2976 1283 3030 τῶν
1337 2971 1603 3048 ὁμοδόξων
1635 2972 1792 3028 αὒτὸν
1837 2974 1909 3034 εἷς

1999 2972 2262 3052 nionem,
2291 2979 2347 3032 et
2368 2980 2574 3052 stupor
2598 2973 2810 3032 invasit
2833 2990 2936 3032 eos
2957 2974 3053 3051 qui
3077 2970 3648 3052 audiebant.Tyran--

268 3064 521 3139 ὠμότητα
573 3063 923 3143 διασυρόντων
982 3067 1069 3121 καὶ
1129 3064 1323 3127 πάσαις
1376 3061 1615 3140 γνώμαις
1666 3061 1908 3139 αὔθαίρε-

1999 3079 2104 3122 nus
2133 3070 2328 3122 autem
2359 3061 2531 3121 aliam
2556 3079 2760 3122 rursus
2786 3062 3016 3140 accepit
3046 3063 3301 3140 plagam.
3329 3063 3476 3123 Nam
3508 3078 3641 3123 eum

265 3171 354 3208 τον
421 3156 574 3210 αὐτοῦ
630 3154 894 3234 τύφλωσιν
964 3157 1051 3211 καὶ
1127 3154 1316 3210 πανίαν
1393 3150 1908 3231 καταψηφιζομένων

1999 3152 2109 3231 iam
2143 3153 2180 3213 ii
2208 3151 2382 3212 etiam
2417 3152 2518 3230 qui
2563 3161 2729 3212 erant
2759 3150 3029 3230 ejusdem
3063 3151 3392 3225 sententiae,
3426 3167 3639 3229 repre-

262 3244 346 3298 καὶ
406 3244 442 3304 ἡ
505 3242 702 3300 ἄνωθεν
761 3244 1038 3321 συνηγόρει
1117 3242 1318 3320 ψῆφος.
1387 3239 1576 3296 Αὐτίκα
1646 3261 1744 3318 γαρ
1801 3240 1908 3312 θείᾳ

1999 3241 2331 3302 henderent
2356 3241 2485 3318 ejus
2508 3239 3373 3320 crudelitatem,etdamnarent
3393 3257 3512 3299 uno
3536 3257 3640 3300 ore

259 3333 364 3388 τινί
401 3334 491 3389 καὶ
548 3333 758 3410 οὖρανίᾳ
789 3331 1004 3408 δυνάμει
1035 3332 1254 3407 ἆὸρασίᾳ
1297 3328 1610 3402 πλήττεται,
1647 3331 1732 3384 καὶ
1781 3333 1910 3385 καθ-

1999 3331 2128 3411 ejus
2158 3329 2542 3390 voluntariam
2572 3329 2892 3390 caecitatem
2937 3337 2994 3390 et
3024 3327 3340 3408 insaniam,
3371 3328 3458 3388 eis
3487 3346 3640 3407 quo-

259 3423 389 3499 άπερ
472 3419 748 3497 βαθυτάτῳ
807 3422 1142 3500 κατενεχθεὶς
1227 3419 1374 3491 ὕπνῳ
1431 3419 1518 3473 καὶ
1587 3415 1752 3491 μηδέν
1809 3424 1910 3473 τῶν

1999 3437 2117 3500 que
2173 3427 2261 3479 est
2309 3418 2621 3496 suffragata
2674 3435 2934 3497 superna
2989 3418 3304 3479 sententia.
3365 3416 3641 3478 Protinus

260 3511 644 3590 πραττομένων
690 3513 877 3584 συνεὶς,
928 3511 1092 3573 οὕτως
1150 3509 1364 3564 ἐκάθντο
1422 3505 1681 3562 καθεύδων
1736 3506 1910 3584 ὥσπερ

1999 3508 2157 3569 enim
2191 3507 2441 3588 quadam
2485 3506 2682 3568 divina
2716 3514 2773 3566 et
2805 3505 3028 3566 cmlesti
3061 3513 3347 3584 potestate
3375 3505 3639 3583 privatur

259 3601 343 3657 ἐπὶ
404 3600 594 3667 κλίνης
659 3602 744 3655 καὶ
787 3600 1021 3680 ῥέγχων,
1057 3597 1298 3677 ’Ἀγουσι
1354 3598 1438 3653 οὖν
1469 3598 1622 3652 αὐτὸν
1655 3600 1700 3653 οἱ
1752 3619 1910 3673 προσ-

2000 3597 2239 3658 videndi
2270 3595 2562 3656 facultate:
2599 3603 2658 3657 et
2690 3594 2936 3675 perinde
2968 3613 3036 3654 ac
3070 3613 3279 3654 somno
3311 3610 3634 3671 oppressus

257 3693 481 3760 ἥκοντες
539 3692 625 3745 καὶ
674 3688 834 3745 πάλιν
883 3691 954 3752 εἷς
1015 3688 1114 3754 τὴν
1185 3688 1351 3742 οἰκίαν
1400 3687 1472 3747 ὡς
1534 3683 1748 3765 ἄψυχόν
1791 3707 1910 3742 τινα

2001 3685 2482 3765 profundissimo,
2535 3693 2588 3745 et
2648 3683 2796 3744 nihil
2846 3682 3182 3759 intelligens
3241 3698 3446 3741 eorum
3502 3698 3637 3756 quas

256 3780 449 3858 φόρτον
531 3777 987 3843 διαϐαστάξοντες,
1070 3777 1208 3834 Εἶτα
1263 3775 1510 3850 μανθάνει
1568 3782 1731 3832 ταῦτα
1813 3773 1910 3830 καῖ

1999 3774 2238 3850 ﬁebant,
2274 3775 2353 3834 ita
2409 3773 2654 3834 sedebat
2683 3771 3011 3850 dormiens,
3045 3778 3318 3849 tanquam
3371 3769 3441 3858 in
3482 3768 3632 3830 lecto

256 3857 503 3945 βασιλεὺς
585 3871 673 3924 καὶ
736 3869 918 3925 τούτου
996 3867 1090 3942 μέν
1177 3864 1422 3944 ἐλαφρίαν
1505 3865 1905 3942 κατογινώσκει’

1999 3873 2052 3926 et
2089 3871 2367 3925 stertens.
2428 3861 2574 3922 Eum
2634 3861 2830 3940 itaque
2877 3877 3082 3922 rursus
3113 3861 3354 3920 domum
3412 3857 3638 3919 ducunt

257 3959 506 4032 Σισιννίῳ
585 3958 641 4014 θέ
697 3981 797 4015 τινι
856 3959 1054 4034 κόμητι
1110 3956 1206 4023 τὴν
1283 3954 1416 4011 κατὰ
1463 3960 1568 4009 τῶν
1643 3954 1910 4033 παρθένων

1999 3952 2333 4035 propinqui,
2371 3959 2648 4032 tanquam
2682 3950 3010 4012 inanimum
3043 3948 3282 4028 aliquod
3312 3966 3463 4009 onus
3495 3965 3635 4028 por-

255 4048 492 4114 ὲξέτασιν
524 4047 816 4124 ἐπιτρέπει.

1994 4051 2206 4106 tantes.
2258 4040 2488 4104 Deinde
2519 4042 2645 4101 hinc
2688 4044 2862 4100 etiam
2914 4039 3151 4100 rescivit
3197 4038 3544 4118 imperator,
3578 4047 3637 4099 et

260 4138 390 4218 ejus
424 4136 664 4217 quidem
722 4133 1080 4198 condemnat
1109 4131 1437 4208 levitatem,
1471 4130 1734 4195 Sisinnio
1761 4141 1958 4200 autem
2004 4132 2239 4198 cuidam
2276 4130 2480 4192 comiti
2527 4128 2823 4210 permittit
2873 4128 3156 4190 adversus
3187 4128 3446 4207 virgines
3490 4143 3629 4188 exa-

254 4226 668 4299 minationem,

398 4317 418 4342 ,
493 4308 508 4328 ο
611 4314 656 4334 κν
728 4315 773 4352 ε.
885 4319 898 4339 τ
950 4314 962 4332 ς
1056 4312 1085 4336 )1
1520 4319 1542 4329 υ
1695 4315 1708 4332 \
1831 4317 1840 4338 ν

331 4327 396 4375 IE
431 4363 443 4376 .
514 4326 554 4374 Ο
606 4335 660 4371 οε
689 4337 788 4377 τη)
846 4338 1010 4382 αυτην
1055 4337 1140 4390 ῃει
1199 4338 1274 4388 τῳ
1330 4311 1546 4390 βασιλευ
1584 4336 1721 4370 κατα
1781 4339 1905 4392 μιαν

2067 4315 2199 4376 XV.
2232 4310 2339 4373 Ille
2370 4328 2506 4372 vero
2539 4310 2846 4388 ingressus
2879 4316 2966 4368 est
2997 4307 3203 4369 eadem
3241 4305 3353 4386 via,
3381 4323 3496 4386 qua
3524 4304 3634 4366 im-

259 4429 310 4464 τε
348 4406 591 4485 διαιρῶν,
625 4407 712 4462 καὶ
771 4409 847 4471 πῆ
879 4404 973 4479 μέν
1030 4410 1372 4484 τυραννικῶς,
1406 4409 1483 4470 πῆ
1528 4402 1583 4458 δέ
1641 4407 1906 4462 θωπευτι-

1999 4417 2252 4484 perator,
2294 4399 2609 4480 aliquando
2662 4397 2902 4480 quidem
2955 4397 3278 4478 tyrannica,
3311 4395 3634 4473 aliquando

258 4499 359 4561 κῶς
409 4495 597 4558 αὒταϊς
659 4494 1112 4573 προσφερόμενος.
1168 4491 1316 4550 Ἐπεὶ
1360 4491 1414 4548 δέ
1452 4493 1626 4549 πάντα
1667 4497 1754 4551 καὶ
1812 4495 1907 4551 λέ·

260 4610 362 4664 γων
413 4587 504 4642 καὶ
545 4585 792 4662 πράττων
853 4584 1074 4659 σώματα
1131 4581 1228 4658 μέν
1274 4581 1412 4660 ἑώρα
1457 4587 1564 4637 σῶν
1630 4583 1906 4661 παρθένων

259 4679 381 4756 πρὸς
439 4673 648 4741 ἄλληλα
695 4672 1028 4752 διαφέροντα,
1058 4672 1279 4750 γνώμην
1313 4669 1365 4726 δέ
1417 4673 1541 4746 μίαν
1599 4673 1684 4727 καὶ
1716 4673 1768 4728 ἐν
1819 4676 1905 4730 καὶ

290 4768 301 4782 .
402 4767 418 4790 ,
464 4767 477 4785 ς
597 4765 607 4784 ρ
764 4761 795 4818 λ
906 4763 918 4784 ,
1109 4764 1121 4781 .
1265 4759 1291 4798 τι
1400 4762 1412 4782 ,
1556 4766 1578 4776 -

259 4785 316 4822 το
362 4788 491 4822 αυτο
539 4785 712 4828 πασας
800 4785 1046 4840 εγουσας,
1097 4784 1170 4826 ως
1225 4771 1350 4818 Οδτε
1385 4759 1618 4816 απειλων
1670 4761 1904 4841 ἐκφοϐή-

261 4877 390 4930 σεις,
451 4854 568 4912 οὔτε
639 4852 891 4909 θωπεύων
947 4851 1274 4914 ἆναπείσειςυ
1321 4849 1460 4926 ἡμῖν
1520 4850 1616 4927 γὰρ
1683 4851 1744 4907 τὸ
1806 4852 1902 4927 μέν

261 4949 438 5002 θανεῖν
490 4943 615 5022 ὑπέρ
678 4950 903 5020 Χριστοῦ
954 4940 1088 5020 ζωὴ,
1121 4942 1180 4996 τὸ
1239 4938 1292 4994 δέ
1322 4945 1418 5014 ζῇν
1459 4938 1549 4994 οὖν
1583 4937 1635 4994 ἔν
1695 4947 1906 5018 Χριστῷ

260 5035 503 5098 θάνατος’
591 5033 706 5088 ἒπεί
778 5041 940 5090 ταῦτα
1024 5028 1234 5107 διέγνω,
1307 5034 1404 5094 τῆς
1482 5027 1580 5103 μέν
1651 5029 1904 5108 νεωτέρας

264 5124 426 5181 αὐτῶν
475 5122 704 5198 Εἰρήνης
736 5117 844 5178 οὗθ’
911 5117 1076 5182 οὕτως
1108 5118 1348 5196 ἀπέγνω,
1382 5114 1518 5172 ἀλλὰ
1547 5122 1653 5173 τῶν
1705 5116 1905 5174 λοιπῶν

263 5212 418 5281 αὐτὴν
488 5209 801 5289 διακτήσας,
874 5206 1120 5287 ’Λγαίπης
1191 5205 1435 5284 ἐπειρᾶτό
1495 5206 1562 5262 τὰ
1629 5204 1909 5263 τελευταῖα

264 5305 346 5357 καί
400 5300 668 5381 Χριονίας,
729 5289 820 5361 ἐὶς
881 5295 935 5352 δέ
989 5295 1077 5353 καί
1133 5297 1274 5361 αὖθις
1343 5293 1572 5357 πολλοὺς
1629 5294 1906 5361 ἀναλώσας

265 5387 446 5468 λόγους
521 5389 746 5446 ἀδύνατα
797 5391 963 5465 θηρᾷν
1019 5386 1136 5450 καίς
1168 5386 1237 5450 εἷς
1297 5383 1423 5463 ἀέρα
1453 5381 1620 5463 δέρειν
1675 5381 1905 5463 ἀκριϐῶς

268 5477 600 5556 ἐγινώσκετο,
646 5479 736 5534 τὸν
793 5475 876 5532 διὰ
918 5476 1076 5554 πυρὸς
1133 5474 1320 5538 αὖταϊς
1364 5473 1746 5552 ἐπιψηφίζεται
1802 5475 1901 5530 θά-

268 5589 438 5628 νατον.
493 5561 556 5624 Ἠ
588 5566 684 5643 μέν
744 5567 832 5623 οὖν
892 5566 1115 5642 κάμινος
1171 5563 1424 5642 εὐτρεπὴς
1469 5564 1560 5628 ἦν·
1600 5565 1648 5618 αἱ
1703 5563 1900 5642 παρθέ-

271 5677 343 5714 νοι
373 5655 428 5714 δέ
469 5663 544 5732 τῷ
602 5654 870 5730 καλλίστῳ
899 5659 1003 5712 τῶν
1057 5651 1237 5713 ὅπλων
1267 5652 1335 5728 τῇ
1389 5655 1526 5730 εὐχῇ
1556 5649 1898 5731 φραξάμεναι,

496 5777 756 5843 PATROL.
795 5777 909 5844 Ga.
955 5777 1161 5842 CXVI.

1993 4512 2130 4556 vero
2166 4491 2380 4553 blande
2407 4507 2539 4550 cum
2573 4489 2660 4549 eis
2689 4506 2889 4567 agens.
2928 4486 3241 4567 Postquam
3266 4495 3462 4548 autem
3495 4503 3631 4546 om-

1991 4584 2089 4644 nia
2111 4583 2316 4644 dicens
2353 4587 2410 4640 et
2430 4577 2678 4658 faciens,
2702 4579 2848 4638 vidit
2878 4578 3120 4658 quidem
3154 4575 3447 4656 virginum
3473 4574 3632 4636 inter

1990 4691 2055 4734 se
2086 4672 2323 4734 differre
2353 4685 2623 4747 corpora,
2656 4684 2833 4727 unam
2864 4676 3062 4728 autem
3091 4683 3220 4726 esse
3253 4676 3537 4739 mentem,
3573 4672 3631 4725 et

1989 4778 2197 4822 omnes
2228 4774 2413 4819 unum
2449 4765 2506 4816 et
2530 4755 2687 4816 idem
2723 4756 2945 4827 dicere,
2982 4772 3234 4834 nempe:
3273 4755 3501 4815 Minans
3522 4771 3632 4814 nos

1990 4868 2106 4909 non
2143 4845 2416 4921 terrebis,
2445 4862 2638 4924 neque
2670 4843 2982 4905 blandiens
3007 4843 3426 4921 persuadebis:
3459 4839 3630 4904 nobis

1989 4939 2146 4999 enim
2206 4955 2310 5016 pro
2371 4935 2605 4995 Christo
2666 4933 2933 4993 moriest
2986 4933 3148 5008 vita;
3211 4933 3403 4992 vivere
3430 4937 3625 4991 autem

1989 5046 2107 5088 non
2139 5027 2200 5087 in
2227 5026 2486 5096 Christo,
2515 5041 2675 5083 mors
2712 5043 2724 5084 :
2757 5036 3072 5101 postquam
3099 5022 3224 5082 haec
3253 5019 3628 5098 eognovit,de

1988 5116 2221 5196 juniori
2251 5115 2489 5196 quidem
2518 5111 2689 5173 lrene
2721 5130 2795 5172 ne
2816 5111 2903 5171 sic
2933 5111 3173 5190 quidem
3199 5128 3365 5190 spem
3389 5125 3624 5169 omnem

1993 5195 2231 5284 abjecit,
2268 5195 2372 5264 Sed
2431 5221 2562 5262 cum
2611 5219 2738 5261 eam
2793 5207 3125 5280 separasset
3170 5217 3202 5260 a
3249 5197 3516 5280 reliquis,
3551 5195 3623 5258 ab

1989 5296 2216 5374 Agape,
2251 5293 2518 5372 inquam,
2555 5301 2612 5351 et
2658 5290 2919 5365 Chionia,
2956 5307 3057 5350 eas
3106 5296 3398 5370 postremo
3431 5295 3626 5349 tenta-

1988 5383 2090 5448 vit.
2146 5381 2264 5445 Sed
2295 5400 2427 5442 cum
2487 5380 2686 5442 multis
2717 5379 3083 5459 consumptis
3135 5377 3530 5454 sermonibus,
3564 5396 3628 5440 se

1989 5473 2162 5553 plane
2213 5471 2376 5532 novit
2433 5489 2503 5532 ea
2546 5471 2768 5547 venari,
2807 5488 2938 5550 qua:
2988 5468 3118 5548 capi
3148 5487 3265 5529 non
3326 5475 3623 5548 poterant,

1987 5571 2044 5624 et
2070 5562 2244 5642 plane
2273 5559 2590 5623 verberare
2621 5578 2852 5634 aerem,
2885 5577 2985 5622 eas
3006 5558 3364 5620 condemnat
3398 5565 3461 5618 ut
3487 5557 3623 5637 igne

1986 5656 2238 5714 mortem
2294 5649 2593 5713 subirent.
2628 5647 2699 5711 Et
2739 5655 2941 5729 parata
2967 5647 3208 5728 quidem
3239 5653 3366 5710 erat
3417 5647 3624 5708 fornax

2960 5769 3030 5834 19
