4028 6138
410 264 526 334 587

1712 260 1872 327 ΜΕΝ
1885 258 1995 324 SIS
2038 254 2466 327 DEGEMBER.

3666 264 3770 335 588

408 400 760 464 luculenta:
821 399 1078 479 virgines
1135 414 1301 496 vero.
1333 394 1574 458 munitae
1628 394 2046 496 pulcherrimis

2140 403 2228 468 αιᾷ
2272 398 2392 496 μὲν,
2419 403 2572 476 φωνῇ
2632 399 2783 493 πρὸςῃ
2812 396 3109 495 ᾠδὴνλμιᾷ
3150 396 3206 453 δὲ
3258 402 3520 479 προθυμίᾳ
3553 402 3677 477 πρὸς
3721 404 3776 458 τὸ

410 490 594 553 armis
654 489 961 564 orationis,
996 506 1112 548 una
1164 485 1404 567 quidem
1437 503 1582 545 voce
1612 484 1683 544 ad
1733 487 2056 557 canticum,

412 598 531 641 uno
562 588 757 640 autem
790 584 1066 658 prompto
1113 584 1171 636 et
1201 573 1379 635 alacri
1413 572 1611 633 animo
1662 571 2062 652 procedebant

411 666 741 748 adignem:
778 675 839 728 et
867 666 954 728 sic
975 664 1149 725 simul
1181 661 1553 740 canentes,in
1580 661 1773 739 ignem
1806 660 2060 721 insilue-

413 764 578 821 runt.
616 756 774 836 Ignis
803 773 947 817 vero
981 772 1099 814 non
1160 761 1285 814 erat
1314 749 1568 829 amplius
1616 750 1789 827 ignis,
1827 750 1930 810 sed
1962 767 2061 810 ros

411 855 583 908 tener
599 855 658 908 et
687 843 1072 907 mollis.Deus
1097 848 1288 903 autem
1309 839 1516 901 dividit
1541 839 2062 917 miraculum:par-

418 936 520 995 tim
553 934 793 1014 quidem
854 932 1091 992 illarum
1125 929 1383 1009 implens
1444 927 1811 1008 petitionem,
1847 926 2058 1007 partim

414 1040 550 1084 vero
573 1039 739 1083 suam
767 1018 1095 1081 ostendens
1113 1017 1457 1098 potentiam.
1496 1019 1646 1080 Nam
1674 1016 1789 1076 illae
1819 1016 2056 1095 quidem

410 1110 543 1171 sine
572 1110 779 1172 dolore
811 1126 946 1169 suas
990 1107 1227 1169 animas
1260 1107 1324 1167 in
1356 1123 1569 1166 manus
1620 1106 1727 1167 Dei
1761 1106 2058 1184 deposue-

410 1206 572 1274 runt,
606 1198 764 1277 ignis
781 1205 979 1259 autem
1004 1196 1113 1258 fuit
1136 1195 1483 1257 exstinctus:
1516 1202 1575 1255 et
1596 1212 1843 1272 corpora
1875 1192 2058 1271 virgi-

409 1305 519 1349 nea
545 1287 696 1349 adeo
738 1286 926 1348 illmsa
961 1293 1018 1346 et
1048 1284 1267 1345 intacta
1298 1291 1507 1362 aperte
1537 1292 1675 1343 sunt
1709 1282 1965 1357 coquite,
1997 1289 2059 1341 ut

412 1395 609 1458 neque
640 1377 761 1439 ulla
785 1393 922 1455 pars
952 1373 1152 1448 vestis,
1180 1390 1373 1452 neque
1403 1371 1558 1433 ullus
1587 1371 1847 1449 denique
1877 1371 2054 1450 pilus,

412 1465 537 1527 ullo
569 1464 747 1526 modo
776 1464 962 1526 ferret
990 1460 1227 1542 aliquod
1259 1462 1487 1539 signum
1524 1460 1869 1522 exustionis.
1903 1458 2064 1520 Ilur-

416 1573 518 1616 sus
549 1572 690 1615 vero
744 1553 952 1614 harum
987 1568 1408 1630 generosarum
1460 1548 1749 1628 virginum
1784 1547 2066 1627 reliquias

2142 483 2243 553 πῦρ
2286 477 2525 555 ἑλώρουν
2583 479 2669 532 καὶ
2728 476 2890 539 οὕτως
2943 476 3158 534 ἅὸουσαί
3199 476 3308 553 ᾇμα
3358 486 3422 556 τῇ
3454 476 3610 560 φλογὶ
3654 480 3772 551 ἐνή-

2141 564 2321 627 λαντο.
2385 568 2456 622 Τὸ
2487 563 2540 620 δὲ
2591 568 2687 642 πῦρ
2718 568 2814 621 οὒκ
2866 566 2939 622 ἔτι
2986 572 3181 640 παρῆν,
3220 567 3355 622 ἀλλὰ
3385 567 3601 643 μαλακὴ
3659 568 3774 645 δρό-

2143 676 2259 714 σοσ.
2322 656 2527 730 Μερίζει
2572 652 2625 708 δὲ
2676 656 2737 709 το
2766 658 2937 728 θαῦμα
2995 656 3149 728 Θεὸς,
3183 658 3243 712 τὸ
3287 657 3386 730 μὲν
3439 659 3534 726 τὴν
3576 658 3775 713 ἐκείνων

2144 744 2311 820 eux-ip;
2362 742 2602 820 πληρων,
2641 744 2701 797 τὸ
2753 740 2805 797 δὲ
2857 744 2951 809 τὴν
2997 745 3191 799 οἰκείαν
3245 751 3516 823 παριστὼν
3549 743 3775 819 δύναμιν.

2146 835 2205 888 Αἱ
2257 832 2352 905 μὲν
2409 833 2508 908 γὰρ
2567 830 2781 895 ἀλύπως
2839 832 2931 894 τὰς
2984 832 3184 888 ἑαυτῶν
3228 836 3412 911 ψυχὰς
3463 836 3536 898 εἰς
3597 848 3776 914 χεῖρας

2147 928 2275 976 Θεοῦ
2333 923 2687 997 παρετίθεντο,
2750 922 2810 975 τὸ
2870 920 2922 976 δὲ
2953 922 3053 999 πῦρ
3103 924 3168 978 τὰ
3216 926 3512 991 παρθενικὰ
3569 925 3779 999 σώματα

2145 1016 2249 1064 τῶν
2308 1010 2585 1087 μαρτύρων
2648 1008 2812 1072 οἱῖτως
2873 1011 3051 1078 ἀπαθῆ
3111 1014 3200 1068 καὶ
3267 1013 3456 1069 ἄθικτα
3528 1011 3781 1092 διαφανῶς

2145 1098 2453 1177 ἐγνωρίζετο
2502 1100 2575 1160 ὼς
2620 1101 2756 1173 μήτε
2800 1122 2838 1155 τι
2870 1100 2962 1156 τοῦ
3017 1101 3303 1176 ἐνδύματος
3360 1102 3499 1177 μήτε
3530 1102 3636 1176 μὴν
3692 1101 3777 1168 τῆς

2142 1190 2326 1267 τριχὸς
2421 1201 2648 1261 σημεῖον
2739 1189 2978 1253 καύσεως
3062 1190 3325 1266 μηδαμῶς
3413 1191 3772 1270 ἀποφέρεσθαι.

2143 1277 2295 1339 Αὖθις
2327 1275 2381 1331 δὲ
2424 1278 2605 1332 καὶτὰ
2654 1275 2878 1352 λείψανα
2909 1284 3013 1333 τῶν
3076 1282 3327 1357 γενναίων
3385 1281 3568 1357 μύροις
3596 1303 3651 1338 τε
3698 1287 3778 1341 καὶ

2142 1365 2416 1443 ἀρώμασιν
2490 1367 2523 1433 ἡ
2609 1365 2929 1445 ιριλόμαρτυς
3003 1369 3319 1425 Ἀναστασία
3392 1372 3651 1447 μυρίσασα
3729 1367 3777 1423 ’ἐν

2146 1477 2248 1510 τινι
2279 1457 2417 1530 θήκῃ
2472 1454 2562 1509 σὺν
2593 1453 2732 1511 αἰδοτ
2778 1455 2952 1531 πολλῇ
2985 1479 3040 1512 τε
3084 1460 3171 1519 καὶ
3215 1456 3461 1532 εὐλαϐείᾳ
3517 1456 3774 1529 κατέθετο,

2148 1547 2468 1612 κοινωνῆσαι
2554 1544 2763 1606 ταύταις
2847 1553 2940 1602 τοῦ
3024 1549 3304 1624 μαρτυρίου
3390 1546 3559 1625 εὒχῆς
3640 1547 3778 1625 ἔργον

411 1661 547 1705 cum
596 1642 915 1721 unguentis
945 1648 1002 1702 et
1059 1639 1424 1701 aromatibus
1483 1648 1806 1718 martyrum
1860 1654 2054 1699 amans

2150 1634 2397 1689 ἑκάστοτε
2440 1632 2754 1708 ποιουμένη,

412 1731 736 1795 condiisset
780 1729 1113 1808 Anastasia,
1148 1728 1209 1789 in
1266 1726 1518 1809 quadam
1553 1745 1730 1807 capsa
1770 1724 2046 1806 deposuit
2099 1742 2233 1787 cum
2268 1721 2485 1801 pietate
2520 1739 2731 1800 magna
2779 1731 2834 1783 et
2881 1723 3245 1805 reverentia,
3276 1730 3342 1785 ut
3393 1743 3599 1787 earum
3638 1732 3781 1786 esset

420 1821 486 1882 in
515 1818 796 1896 martyrio
829 1818 992 1880 socia
1020 1834 1259 1895 semper
1290 1834 1565 1897 precans.

490 1907 648 1972 XVI.
678 1909 773 1981 Sic
801 1905 1031 1969 duabus
1062 1904 1388 1982 virginibus
1422 1905 1482 1965 in
1512 1904 1746 1967 Christo
1784 1922 2058 1965 consum-
2087 1912 2121 1960 Β

421 1996 618 2073 matis,
636 2013 839 2058 comes
856 1994 1200 2074 productam
1224 1993 1516 2070 virginem
1525 1993 2061 2071 jussitsacriticare

413 2081 881 2159 simulacris,Ne
912 2081 1495 2158 mors,dicens,quaa
1526 2087 1655 2142 tuas
1690 2099 2059 2160 praeoccupa-

408 2174 490 2236 vit
517 2191 778 2249 sorores,
816 2180 871 2233 te
900 2169 1396 2249 comprehendat.
1430 2169 1536 2231 Illa
1555 2179 1752 2232 autem
1778 2171 1830 2231 ei
1861 2169 2006 2230 dicit
2043 2191 2055 2231 :

409 2261 596 2324 Deum
633 2262 853 2336 meum,
886 2258 1105 2335 inquit,
1129 2276 1272 2337 rogo
1301 2267 1364 2319 ut
1389 2276 1489 2320 eas
1517 2276 1733 2339 sequar
1764 2264 1820 2318 in
1855 2258 2055 2319 omni-

409 2349 545 2412 bus.
606 2348 917 2428 Tyrannus
947 2365 1086 2408 vero
1119 2366 1251 2408 cum
1309 2355 1468 2409 esset
1495 2347 1663 2409 valde
1694 2346 1965 2418 callidus,
2000 2356 2059 2408 et

407 2440 590 2501 sciret
610 2457 783 2518 quam
817 2443 975 2499 esset
995 2455 1168 2514 grave
1191 2444 1249 2497 et
1272 2436 1710 2514 detestandum,
1735 2444 1793 2495 et
1820 2435 1911 2496 vel
1931 2436 2059 2513 ipsa

409 2538 600 2590 morte
625 2527 899 2590 acerbius
931 2523 1149 2587 Christi
1199 2524 1386 2585 servis
1414 2523 1869 2602 intemperantia
1897 2541 1910 2584 :
1946 2522 2054 2607 Te,

405 2616 623 2695 inquit,
651 2616 712 2677 in
730 2615 969 2696 publico
988 2623 1235 2675 statuam
1262 2613 1613 2692 prostibulo,
1640 2611 1824 2673 cuivis
1845 2611 2059 2673 volenti

308 2729 315 2735 ’
407 2704 795 2786 prostituens,
824 2711 889 2763 ut
910 2702 1109 2762 anima
1130 2708 1189 2761 et
1220 2718 1470 2781 corpore
1488 2700 1804 2781 polluta,ut
1828 2700 2059 2781 eloquia

408 2796 627 2857 docent
654 2800 770 2854 tuae
799 2790 1142 2872 Scriptura,
1178 2789 1333 2852 male
1357 2808 1588 2871 pereas.
1611 2789 1828 2868 Martyr
1857 2800 2054 2852 autem

407 2901 546 2945 cum
577 2882 778 2943 statim
813 2881 873 2941 in
904 2879 1120 2943 malum
1156 2879 1495 2941 sustulisset
1518 2879 1743 2953 oculos,
1773 2887 1831 2941 et
1857 2899 1889 2941 e
1914 2899 2054 2958 pro-

406 2971 590 3033 fundo
620 2968 1082 3031 lamentabiliter
1113 2967 1469 3048 suspirasset
1495 2987 1509 3031 :
1536 2966 1805 3042 Conﬁdo,
1834 2969 2051 3048 inquit,

408 3061 470 3121 in
498 3063 620 3120 Deo
653 3058 962 3120 Servatore
996 3075 1152 3131 meo,
1189 3057 1560 3136 quodpedes
1592 3074 1756 3117 meos
1780 3056 1993 3118 evellet
2022 3074 2054 3116 e

407 3149 646 3230 laqueo,
684 3154 743 3209 et
770 3148 1027 3208 animam
1063 3163 1257 3207 meam
1301 3145 1577 3207 liberabit
1624 3146 1698 3207 ab
1731 3148 1890 3207 omni
1938 3147 2054 3207 im-

406 3237 721 3300 munditia.
755 3236 974 3298 Fidelis
999 3242 1088 3295 est
1108 3234 1294 3314 enim,
1320 3236 1421 3315 qui
1443 3235 1908 3314 promisit,quod
1938 3254 2053 3296 non
2076 3265 2114 3315 ο

404 3327 561 3389 sinet
592 3344 698 3387 nos
717 3331 926 3387 tentari
955 3341 1343 3404 supra,quam
1372 3342 1685 3404 possumus
1710 3327 1756 3388 ί.
1782 3322 1898 3402 Ego
1918 3342 2054 3386 vero

406 3416 550 3478 deos
582 3423 715 3478 tuos
756 3434 873 3477 non
906 3417 1121 3495 colam,
1155 3432 1347 3494 neque
1379 3413 1468 3474 eis
1499 3414 1741 3476 offeram
1794 3433 2053 3491 unquam

404 3505 793 3568 sacriﬁcium.
826 3503 997 3576 Quod
1019 3511 1215 3564 autem
1243 3504 1305 3563 ﬁt
1327 3521 1433 3583 per
1462 3504 1578 3563 vim
1607 3512 1664 3564 et
1684 3512 2055 3585 repugnante

402 3592 977 3674 voluntate,quandu
1003 3601 1176 3673 turpe
1199 3592 1397 3664 fuerit,
1425 3592 1501 3654 iis
1522 3593 1762 3672 quidem
1790 3593 1889 3670 qui
1916 3602 2057 3654 sunt

403 3684 616 3758 coacti,
643 3683 879 3745 videtur
903 3680 1100 3761 potius
1128 3698 1260 3742 esse
1290 3680 1673 3761 supplicium,
1708 3700 1882 3762 quam
1909 3700 2053 3761 pec-

403 3784 598 3834 catum
635 3793 649 3832 :
686 3790 827 3833 reos
859 3780 1056 3832 autem
1087 3770 1394 3833 constituit
1422 3788 1526 3832 eos
1557 3772 1655 3850 qui
1688 3772 1801 3832 vim
1837 3771 2054 3833 attule-

404 3868 564 3923 runt.
601 3863 799 3923 Meum
832 3861 1028 3940 itaque
1060 3878 1179 3921 non
1234 3859 1408 3923 fuerit
1440 3861 1552 3921 hoc
1585 3871 1912 3940 peccatum,
1940 3880 2054 3942 quo

403 3951 580 4012 modo
613 3968 727 4012 nec
788 3949 861 4010 iis
894 3949 995 4029 qui
1026 3967 1122 4010 me
1179 3959 1636 4029 praecesserunt,
1673 3951 2049 4032 martyribus,

403 4038 646 4118 polluta)
670 4055 880 4101 carnes
911 4039 1191 4099 etvinum
1218 4038 1590 4114 libaminum,
1624 4058 1730 4119 per
1759 4039 1872 4101 vim
1894 4041 1954 4100 in
1987 4059 2052 4101 os

403 4146 601 4189 eorum
626 4130 1013 4204 interiectum,
1037 4136 1275 4189 omnino
1295 4133 1500 4190 obfuit.
1525 4134 1581 4190 Si
1606 4135 1758 4190 enim
1786 4148 1898 4190 non
1923 4149 1971 4204 pi
1993 4148 2052 4190 r-

402 4217 806 4292 suadens,scd
838 4219 952 4278 vim
984 4216 1266 4298 aﬂ‘erens,
1300 4218 1417 4280 vita
1450 4218 1685 4279 trahere
1715 4218 1788 4279 ad
1824 4218 2047 4280 cultum

405 4314 643 4366 tuorum
679 4306 952 4381 deorum,
987 4323 1094 4367 cur
1122 4325 1241 4366 non
1275 4309 1390 4367 cito
1423 4315 1594 4367 utens
1625 4315 1939 4387 potestate,
1965 4308 2055 4369 vel

402 4394 620 4457 invitos
646 4394 1014 4457 Christianos
1033 4396 1362 4472 cogisgenu
1386 4396 1627 4458 ﬂectere
1649 4396 2055 4461 daemonibus?

480 4482 658 4546 XVII.
690 4483 828 4545 Haec
858 4490 1166 4563 postquam
1216 4483 1411 4544 audiit
1443 4485 1781 4565 praefectus,
1813 4487 2055 4549 tradens

399 4589 534 4635 eam
596 4572 903 4646 militibus,
952 4571 1132 4648 jussit
1189 4572 1580 4635 abducerein
1626 4573 2044 4654 prostibulum.

400 4660 559 4723 Deus
588 4667 787 4722 autem
822 4678 940 4721 non
972 4659 1130 4741 sinit,
1162 4679 1406 4723 suorum
1437 4664 1679 4723 omnino
1710 4680 1909 4725 curam
1943 4681 2046 4740 ge-

397 4768 540 4813 rens
579 4767 594 4814 :
651 4750 757 4812 sed
789 4749 1064 4830 protinus
1093 4749 1167 4812 ad
1192 4749 1410 4812 milites
1441 4753 1795 4816 accedentes
1822 4753 2043 4834 angeli,

398 4840 500 4923 qui
551 4838 667 4921 ipsi
699 4849 869 4901 erant
915 4838 1107 4900 induti
1138 4839 1341 4901 habitu
1374 4849 1431 4902 et
1490 4849 1651 4903 veste
1701 4842 1961 4915 militari,
1994 4853 2051 4904 et

394 4942 666 5008 tanquam
698 4932 940 4991 secundi
965 4948 996 4990 a
1018 4934 1282 5004 praefecto
1305 4935 1485 5001 missi,
1504 4943 1555 4991 et
1581 4950 1704 4992 eam
1730 4935 1842 4992 alio
1866 4945 2047 4993 trans-

392 5018 550 5081 ferre
574 5017 749 5097 jussi,
782 5015 1062 5079 auferunt
1093 5016 1332 5097 quidem
1366 5016 1441 5079 ab
1470 5018 1543 5079 iis
1593 5020 1691 5098 qui
1722 5038 1851 5080 eam
1885 5020 2040 5081 deli-

393 5106 632 5169 nebant.
671 5108 817 5170 Cum
866 5124 1002 5167 vero
1036 5125 1165 5168 cam
1220 5107 1610 5170 abduxissent
1641 5108 1697 5168 in
1754 5127 2039 5169 cacumen

391 5195 631 5272 montis,
660 5196 875 5257 mirum
901 5195 960 5256 in
989 5196 1228 5257 modum
1257 5196 1382 5271 alti,
1420 5198 1540 5260 illic
1574 5205 1857 5273 statuunt,
1878 5207 2039 5260 metu

389 5283 627 5362 quidem
662 5292 720 5346 et
750 5283 1197 5364 perturbatione
1239 5287 1501 5363 plenam,
1536 5287 1693 5367 quod
1730 5287 1804 5349 ad
1838 5295 2036 5369 priora

387 5371 843 5436 attinetzdeinde
861 5372 1038 5436 etiam
1065 5371 1188 5436 Deo
1210 5374 1586 5455 eloquentem
1620 5380 1796 5438 verba
1815 5378 2035 5456 gratia-

466 5564 487 5608 ¹
517 5563 704 5637 ICor.
734 5582 795 5644 x,
829 5568 929 5632 l5.

2228 1901 2358 1975 ις’.
2422 1900 2571 1957 Οὕτω
2601 1908 2705 1957 τῶν
2764 1900 2852 1958 δύο
2901 1901 3169 1979 παρθένιον
3216 1902 3271 1958 ἐν
3320 1911 3528 1979 Χριστῷ
3568 1903 3775 1959 τελειω-

2142 1992 2354 2063 eatur»,
2392 1991 2489 2056 τὴς
2554 1992 2779 2067 [εἰρήνην
2838 1993 2865 2046 6
2925 1992 3099 2065 ιιόμης
3150 1993 3626 2069 παραστησάμενος
3652 1993 3776 2047 θύειν

2142 2078 2350 2135 ἐκέλευε
2386 2092 2497 2140 τοῖς
2527 2078 2786 2150 εἰδώλοις,
2824 2078 2909 2145 Μή
2940 2101 3020 2152 σε,
3058 2078 3253 2156 λέγων,
3290 2084 3319 2136 6
3361 2080 3639 2158 προλαϐὼν
3665 2094 3774 2142 ταῖς

2140 2167 2393 2247 ἀδελφαῖς
2450 2169 2668 2229 θάνατος
2721 2166 3019 2245 καταλάϐῃ.
3082 2161 3148 2225 Ἠ
3193 2168 3246 2225 δὲ
3293 2174 3425 2248 πρὸς
3460 2173 3633 2243 αὐτὸν,
3680 2171 3768 2228 Εὔ-

2140 2280 2335 2336 χομαι,
2368 2255 2491 2335 ἔφη,
2529 2264 2602 2330 τῷ
2661 2262 2777 2326 Θεῷ
2826 2280 2928 2330 μου
2958 2258 3011 2312 ἐν
3070 2257 3256 2329 μηδενὶ
3311 2261 3512 2316 τούτων
3564 2258 3769 2316 ἀπολει-

2140 2347 2351 2424 φθῆναι.
2416 2347 2508 2402 Ταὶ
2555 2349 2581 2401 ὁ
2622 2348 2869 2422 τύραννος
2930 2344 3127 2426 σφόδρα
3183 2346 3356 2413 δεινὸς
3414 2350 3486 2406 ὢν
3517 2352 3603 2405 καὶ
3638 2347 3770 2409 εἰδὼς

2139 2435 2283 2497 ὅπως
2315 2435 2444 2512 βαρὺ
2505 2437 2591 2491 καὶ
2630 2435 2914 2510 ἀπώμοτον
2974 2437 3059 2491 καὶ
3116 2436 3274 2492 αὐτοῦ
3318 2440 3539 2495 θανάτου
3593 2454 3767 2511 πικρο-

2139 2545 2288 2601 τερον
2360 2536 2477 2585 τοῖς
2554 2531 2777 2586 Χριστοῦ
2831 2522 3035 2589 δούλοις
3100 2523 3384 2606 ἀκολασία,
3441 2535 3507 2585 Εν
3565 2526 3767 2605 πορνείῳ

2142 2635 2225 2692 σε,
2257 2612 2381 2691 ἔφη,
2415 2615 2819 2687 καταστήσομαι
2862 2612 3103 2687 δημοσίῳ
3153 2618 3311 2672 παντὶ
3368 2622 3445 2690 τῷ
3487 2614 3763 2692 βουλομένῳ

2140 2706 2374 2781 προθείς,
2406 2701 2480 2758 ἵν’
2530 2701 2641 2774 ἅμα
2698 2704 2786 2759 καὶ
2830 2703 3013 2782 ψδχὴν
3056 2705 3146 2759 καὶ
3202 2709 3364 2780 σῶμα
3421 2704 3757 2785 διαφθαρεῖσα,

2140 2793 2210 2856 ὡς
2239 2792 2303 2846 τὰ
2335 2792 2430 2859 τῆς
2463 2797 2561 2857 σῆς
2596 2794 2804 2869 Γρανρής
2864 2791 3198 2849 ἐκδιδάκουσι
3227 2792 3414 2875 λόγια,
3442 2800 3605 2857 ιιακῶς
3633 2812 3753 2865 παρ-

2140 2879 2357 2940 απολεῖ.
2420 2882 2515 2938 Καὶ
2556 2883 2589 2948 ἧ
2645 2882 2843 2958 μάρτυς
2902 2883 3049 2943 εὐθὺς
3101 2883 3159 2938 τὸ
3217 2883 3375 2958 ὄμμα
3418 2887 3490 2948 εἰς
3535 2881 3748 2959 οὖρανοὺς

2138 2968 2304 3047 ἄρασα
2363 2972 2449 3026 καὶ
2501 2971 2675 3045 βύθιόν
2717 2993 2766 3026 τι
2814 2971 2900 3026 καὶ
2956 2973 3176 3049 τακερὸν
3226 2971 3541 3052 στενάξασα,
3581 2971 3758 3027 Πέποι-

2138 3060 2223 3130 θα,
2256 3056 2381 3137 ἔφη,
2416 3057 2507 3114 ἐπί
2551 3063 2627 3129 τῷ
2676 3063 2792 3130 Θεῷ
2840 3065 2916 3133 τῷ
2966 3060 3178 3137 Σωτῆρί
3231 3083 3364 3136 μου,
3400 3060 3478 3117 ὅτι
3533 3058 3759 3116 ἐκσπάσει

2138 3143 2355 3222 παγιδος
2412 3146 2531 3209 τοὺς
2564 3145 2726 3211 πόδας
2781 3169 2881 3220 μου
2915 3147 3004 3202 καί
3054 3148 3150 3215 τὴν
3209 3151 3399 3229 ψυχήν
3431 3171 3528 3224 μου
3573 3147 3761 3225 ῥύσεται

2138 3234 2314 3298 πάσης
2383 3236 2722 3312 ἀκαθαρσίας.
2797 3237 2986 3299 Πιστὸς
3057 3237 3157 3315 γὰρ
3228 3239 3255 3293 6
3333 3236 3759 3316 ἐπαγγειλάμενος

2140 3322 2221 3378 ὅτι
2273 3324 2367 3379 οὐκ
2422 3323 2564 3379 ἐάσει
2626 3328 2967 3402 πειρασθῆναι
3025 3327 3167 3399 ἡμας
3213 3325 3349 3407 ὓπερ
3403 3328 3432 3383 ὃ
3495 3324 3756 3398 δυνάμεθα.

2142 3412 2284 3489 Ἐγὼ
2341 3409 2395 3466 δὲ
2427 3410 2563 3467 ἀλλὰ
2619 3426 2735 3475 τοῖς
2786 3417 2931 3477 θεοῖς
2977 3436 3067 3471 σου
3109 3418 3169 3474 οὐ
3219 3413 3492 3494 λατρεύσω
3516 3413 3626 3473 οὐδὲ
3678 3415 3762 3468 Ou-

2139 3503 2254 3555 σίαν
2300 3505 2482 3566 αὐτοῖς
2514 3504 2780 3581 προσοίσω
2809 3504 2960 3564 ποτε.
2996 3506 3067 3561 T6
3110 3502 3164 3559 δέ
3221 3527 3281 3582 γε
3319 3507 3448 3584 πρὸς
3477 3507 3589 3582 βίαν
3614 3500 3762 3558 ἀϐου-

2138 3588 2314 3659 λήτως
2376 3591 2758 3669 πραττόμενον,
2809 3593 3005 3649 ὁπόταν
3076 3595 3302 3672 αἰσχρὸν
3367 3594 3424 3669 ἦ,
3486 3604 3602 3655 τοῖς
3671 3589 3760 3664 μὲν

2137 3680 2568 3756 ἠναγκασμένοις
2623 3683 2851 3760 τιμωρία
2911 3680 3138 3757 μᾶλλον,
3170 3685 3273 3762 οὔχ
3322 3684 3546 3759 ἁμαρτία
3598 3680 3756 3753 δοκεῖ,

2138 3770 2262 3832 τοὺς
2319 3767 2373 3825 δὲ
2433 3770 2784 3846 βιασαμένους
2836 3772 3148 3836 ὑπευθύνους
3204 3786 3377 3832 ποιεῖ.
3426 3771 3529 3828 Οὔκ
3580 3769 3639 3826 ἂν
3676 3769 3754 3823 οὖν

2139 3857 2230 3924 εἴη
2288 3858 2440 3915 τοῦτο
2471 3858 2600 3933 ἐμὸν
2643 3860 2956 3938 ἁμάρτημα,
3002 3862 3181 3939 ὥσπερ
3217 3860 3309 3916 οὖν
3361 3859 3475 3920 οὐδὲ
3516 3872 3627 3924 τοῖς
3666 3856 3758 3934 πρὸ

2136 3949 2291 4023 ἡμῶν
2337 3947 2588 4024 μάρτυσιν
2646 3947 2733 4010 οἶς
2788 3950 2877 4024 βίᾳ
2926 3950 2991 4007 τὰ
3047 3951 3392 4023 μεμιασμένοι
3420 3949 3620 4029 κρέα,ὁ
3662 3948 3755 4000 τῶν

2136 4034 2374 4093 σπονδῶν
2448 4050 2595 4100 οἶνος
2641 4060 2717 4111 τῳ
2759 4042 2981 4113 στόματι
3026 4038 3329 4119 ἐπηνέχθη,
3367 4039 3404 4095 ἅ
3444 4039 3582 4098 οὐδὲν
3628 4033 3756 4094 ὅλως

2134 4130 2320 4189 αὐτοὺς
2370 4124 2730 4203 παρὲϐλαψεν.
2764 4128 2819 4183 Εἰ
2871 4146 2969 4207 γαρ
3002 4151 3080 4203 μη
3138 4130 3352 4204 πείθων,
3400 4126 3532 4184 ἀλλὰ
3585 4120 3755 4201 βιαζό-

2133 4236 2290 4289 μενος
2320 4213 2501 4271 ἕλκειν
2543 4215 2719 4291 βούλει
2751 4218 2881 4289 πρὸς
2927 4218 3023 4285 τὴν
3052 4223 3157 4274 τῶν
3206 4222 3341 4274 θεῶν
3371 4239 3459 4275 σου
3506 4211 3750 4290 λατρείαν,

2136 4304 2186 4360 τί
2225 4305 2302 4380 μὴ
2334 4306 2474 4383 ταχὺ
2529 4311 2598 4381 τῇ
2649 4303 2851 4378 ἐξουσίᾳ
2899 4308 3178 4387 χρώμενος
3221 4310 3312 4366 καὶ
3339 4308 3557 4369 ἆκοντας
3599 4308 3750 4379 Χρισ-

2139 4397 2383 4460 στιανοὺς
2441 4395 2567 4473 γόνυ
2616 4394 2816 4451 κλίνειν
2873 4397 3282 4473 παρασκεύάζεις
3342 4410 3457 4460 τοῖς
3510 4392 3748 4466 animum;

2219 4483 2317 4545 lZ'.
2355 4483 2566 4541 Τούτων
2596 4487 2622 4541 6
2653 4485 2836 4565 ἅρχων
2866 4488 2938 4550 ὡς
2979 4484 3193 4561 ἤκουσε,
3231 4485 3568 4567 στρατιώταις
3598 4477 3746 4544 αὐτὴν

2135 4571 2400 4651 παραδοὺς
2444 4573 2672 4651 ἀπάγειν
2703 4573 2943 4632 ἐκέλευεν
2974 4575 3045 4638 είς
3108 4566 3380 4655 πορνεῖον
3417 4574 3537 4634 Θεὸς
3564 4568 3616 4626 δὲ
3665 4566 3748 4622 οὒκ

2131 4661 2261 4718 ἀνίει
2322 4663 2533 4727 πάντως
2584 4670 2690 4718 τῶν
2746 4663 2930 4721 ἕαυτοῦ
2980 4666 3394 4742 προϊστάμενοςο
3454 4660 3582 4719 ἀλλὰ
3637 4666 3744 4715 τοῖς

2132 4751 2479 4829 στρατιώταις
2537 4749 2757 4830 ἄγγελοι
2822 4754 2966 4819 εὐθὺς
3026 4753 3358 4829 ἐπιστάντες,
3425 4751 3605 4831 σχῆμα
3668 4743 3742 4831 καί

2132 4841 2277 4897 αὐτοὶ
2331 4844 2707 4917 στρατιωτικὸν
2762 4843 2850 4899 καὶ
2918 4845 3108 4913 σκευὴν
3167 4842 3611 4924 περιϐεϐλημένοι,
3664 4830 3741 4888 καὶ

2131 4932 2202 4991 ὡς
2276 4927 2501 5006 δεύτεροι
2550 4934 2687 5009 ,πρὸς
2757 4939 2849 4989 τοῦ
2906 4930 3167 5013 ἄρχοντος
3234 4919 3604 5011 ἐκπεμφθέντες
3660 4919 3739 4977 καὶ

2124 5016 2397 5098 ἀλλαχόσε
2454 5021 2652 5086 ταύτην
2698 5020 3009 5100 μετεκέγιιαι
3068 5019 3537 5100 προστεταγμένοι,
3586 5013 3735 5090 ἀφαι-

2122 5109 2328 5171 ροῦνται
2399 5107 2496 5182 μὲν
2555 5108 2615 5164 ἐκ
2675 5116 2778 5166 τῶν
2841 5110 3184 5190 κατεχόντων
3243 5113 3326 5169 καὶ
3381 5111 3467 5166 τοῦ
3515 5100 3733 5182 πορνείου

2121 5195 2415 5275 ἐξάξουσιν
2478 5196 2560 5260 εἵς
2609 5220 2728 5255 τινα
2797 5197 2852 5255 δὲ
2910 5188 3201 5280 ἀκρώρειαν
3258 5200 3404 5278 ὅρους
3460 5188 3734 5280 θαυμεισξθὗ

2119 5287 2181 5342 τὸ
2226 5272 2362 5361 ἷὶψος
2411 5285 2802 5366 ἀπαγαγόντες,
2864 5272 3069 5346 ἐκεῖσε·
3105 5272 3300 5357 ταύτην
3356 5289 3530 5343 ἱστῶσι
3583 5272 3727 5366 φόϐου

2120 5376 2207 5433 καὶ
2265 5380 2511 5456 ταραχῆς
2544 5364 2680 5434 ὅσον
2722 5379 2807 5435 επὶ
2842 5391 2959 5442 τοῖς
3003 5380 3274 5459 προτέροις
3319 5373 3576 5453 ἕπμλεων,
3617 5364 3729 5422 εἷται
