4028 6138
244 286 356 359 589

1081 288 1549 360 MARTYRIUM
1596 296 1656 359 S.
1702 288 2150 359 ANASTASI/E
2195 296 2293 359 ET
2344 289 2750 361 SOGIABUM.

3495 304 3617 371 590

243 431 326 487 καὶ
382 435 499 504 Θεῷ
557 429 624 485 τὰ
679 430 776 499 τῆς
831 429 1168 510 εὔχαριστίας
1224 428 1592 489 δπολαϐοῦσαν
1638 432 1875 509 ῥήματα.
1904 438 1931 487 Α

1985 447 2095 490 ἮΠΙ
2121 429 2720 513 actionis.Postquam
2745 431 3135 513 autem,quod
3163 433 3377 497 factum
3398 436 3607 513 fuerat,

247 511 336 582 Ὠς
392 517 447 573 δὲ
505 521 566 576 τὸ
624 520 865 599 πραχθὲν
921 522 949 575 ὁ
992 519 1169 594 κόμης
1203 519 1511 596 ἐμάνθανεν,
1548 522 1729 578 αὐτίκα
1773 521 1886 576 ἐπι-

244 606 334 668 ϐὰς
390 608 550 681 ἵππῳ
593 615 670 681 τῷ
707 608 815 687 ὄρει
845 606 1205 686 προσήλαυνε.
1244 610 1340 666 Καὶ
1371 608 1467 684 ὅρα
1497 632 1590 684 μοι
1621 609 1885 666 κάνταῦθα

246 705 372 756 Θεοῦ
416 698 706 772 θαυμάσια,
766 696 995 753 διάνοιαν
1056 696 1154 771 μὲν
1206 698 1278 760 εἰς
1312 696 1592 772 ἔκπληξιν,
1638 697 1885 775 γλῶτταν

245 785 297 842 δὲ
340 785 606 845 καλοῦντα
663 789 791 865 πρὸς
841 785 1150 865 εὖφημίανε
1211 785 1307 848 Ὠς
1360 787 1459 865 γὰρ
1519 790 1757 865 προσῆγε
1809 792 1885 860 τῷ

246 876 413 956 τόπῳ,
448 877 543 939 τὰς
583 874 771 955 φρένας
803 874 1107 940 ἁλλοιωθεὶς
1152 879 1273 951 ὁρᾷν
1312 880 1406 950 μέν
1442 876 1572 955 εἶχε
1605 877 1701 941 τὴν
1747 874 1885 951 μάρ-

246 986 370 1043 τυρα
423 963 714 1043 πόῤῥωθεν,
773 965 1117 1043 προσεγγίσαι
1188 961 1242 1019 δὲ
1300 966 1385 1020 καὶ
1455 964 1549 1032 τῆς
1608 965 1885 1042 ὁρωμένης

245 1051 608 1126 ἒπιλαϐέσθαι,
642 1055 814 1110 καίτοι
844 1052 1041 1132 σφόδρα
1094 1051 1438 1129 βουλόμενος,
1502 1051 1751 1117 ἀδύνατος
1792 1053 1883 1132 ἦν,

246 1144 315 1206 ὡς
360 1144 422 1199 τὸ
465 1144 560 1199 τοῦ
587 1142 726 1200 θείου
789 1132 1013 1200 Ἠσαίου
1050 1144 1141 1199 καὶ
1184 1141 1269 1198 ἐπ’
1314 1147 1458 1217 αότῷ
1492 1141 1653 1220 πέρας
1713 1141 1882 1220 ἔχειν,

255 1251 282 1290 ς
314 1230 721 1310 Ψελαφάσουσι,
759 1254 787 1286 ιι
830 1230 1098 1308 λέγοντος,
1142 1250 1169 1291 α
1205 1234 1279 1295 ὡς
1327 1231 1522 1312 τυφλὸς
1551 1244 1768 1310 τοῖχον,
1804 1232 1889 1286 καὶ

249 1321 318 1383 ὠς
363 1321 472 1401 οὔχ
504 1322 859 1400 ὑπαρχόντων
887 1320 1172 1399 ὀφθαλμῶν
1219 1319 1623 1400 ψηλαφήσουσι.
1677 1341 1700 1377 ι)
1757 1329 1888 1377 Τοι-

251 1413 399 1468 οῦτον
457 1411 604 1484 αῦτῷ
658 1412 861 1489 τειχίον
891 1410 1087 1489 ὀχυρόν
1142 1430 1199 1465 τε
1250 1411 1339 1466 καὶ
1395 1407 1629 1487 ἀσφαλὲς
1660 1410 1761 1485 πρὸ
1793 1408 1887 1475 τῆς

249 1498 410 1572 κόρης
498 1497 878 1576 περιελήλατο,
957 1498 1116 1555 ’Ὅθεν
1172 1499 1260 1554 καὶ
1338 1497 1520 1572 κύκλῳ
1576 1499 1667 1554 τὸν
1727 1497 1887 1576 λόφον

1968 521 2196 599 accepit
2227 521 2655 600 comes,statim
2692 521 3028 583 ascendens
3058 539 3299 601 equum,
3330 525 3617 605 equitavit

1967 608 2039 668 ad
2059 608 2462 671 montem.Hic
2487 628 2622 671 vero
2643 610 2776 671 vide
2800 610 2945 672 mihi
2966 628 3062 671 res
3084 612 3273 673 Deiad
3285 612 3613 696 mirabiles,

1968 714 2099 776 quae
2129 706 2386 758 mentem
2417 698 2656 778 quidem
2680 709 2889 761 vocant
2916 700 2988 761 ad
3015 699 3619 784 admirationem,lin-

1970 803 2143 864 gnam
2176 797 2373 847 autem
2399 788 2470 848 ad
2497 786 2732 849 laudem
2764 788 2777 847 !
2805 787 2914 851 Ubi
2940 789 3102 850 enim
3139 792 3390 854 accessit
3422 792 3495 855 ad
3519 793 3614 855 lo-

1970 893 2129 949 cum,
2163 885 2361 937 mente
2393 876 2762 952 immutatus,
2799 876 3108 940 videbatur
3141 879 3381 960 quidem
3412 882 3617 945 videre

1972 964 2178 1044 procul
2203 964 2516 1043 virginem,
2552 974 2609 1027 et
2639 985 2765 1028 eam
2799 967 3501 1050 appropinquare,visam
3518 991 3619 1037 au-

1972 1060 2088 1113 tem
2124 1054 2602 1133 apprehendere,
2638 1057 2743 1117 etsi
2780 1056 3034 1118 maxime
3065 1058 3268 1134 vellet,
3291 1078 3411 1121 non
3439 1069 3615 1142 pote-

1969 1152 2106 1205 rat:
2141 1143 2290 1204 adeo
2342 1152 2406 1205 ut
2460 1145 2607 1206 illud
2661 1143 2828 1207 Isaiae
2880 1147 3256 1226 impleretur,
3304 1148 3610 1214 dicentis:

1978 1255 2003 1286 α
2035 1231 2363 1312 Palpabunt
2387 1242 2663 1313 tanquam
2690 1254 2889 1297 caecus
2919 1237 3224 1315 parietem,
3244 1245 3303 1300 et
3334 1245 3613 1320 tanquam

1971 1321 2175 1384 oculos
2199 1340 2314 1382 non
2352 1321 2630 1403 habeant,
2664 1323 2990 1403 palpabunt
3010 1323 3057 1388 9.
3082 1344 3110 1384 ι
3145 1323 3306 1388 Talis
3328 1327 3382 1387 ei
3407 1345 3615 1390 murus

1973 1410 2177 1471 ﬁrmus
2208 1419 2266 1471 et
2296 1411 2523 1473 validus
2577 1411 2845 1491 objectus
2896 1414 3086 1476 fuerat
3135 1422 3271 1477 ante
3296 1415 3611 1496 virginem.

1971 1498 2370 1570 Quamobrem
2406 1501 2696 1562 tumulum
2724 1501 2784 1562 in
2811 1502 3018 1565 orbem
3045 1502 3421 1584 circumiens,
3439 1524 3613 1568 man-

250 1590 466 1667 περιιὼν
535 1586 690 1663 ἔμενε
767 1586 923 1644 ἔωθεν
984 1584 1142 1666 ἄχρις
1207 1586 1356 1654 ἡλίου
1415 1586 1651 1666 δυσμῶν,
1716 1585 1889 1662 μάτην

250 1683 422 1734 πονῶν
456 1679 542 1733 καὶ
576 1676 1068 1755 περιπλανώμενος,

1985 1680 2189 1743 οοῐδηε
2220 1685 2278 1738 Ol
2309 1678 2767 1743 circumerrans.

327 1765 443 1824 lﬂ’.
484 1765 572 1822 Ἐν
624 1766 670 1839 ᾧ
727 1763 782 1820 δέ
837 1771 999 1821 ταῦτα
1052 1763 1364 1844 ἐπράττετο,
1395 1766 1455 1821 τὸ
1500 1764 1648 1830 τόξον
1679 1785 1755 1829 τις
1786 1769 1931 1842 τῶνγ

2054 1764 2259 1839 XVIII.
2294 1768 2537 1829 Interim
2569 1776 2765 1831 autem
2794 1769 2935 1831 dum
2961 1771 3088 1832 haec
3119 1770 3615 1851 fiebant,quidam

251 1856 513 1910 συνόντων
572 1855 757 1926 ἐκείνῳ
810 1858 1150 1932 στρατιωτῶν
1195 1854 1403 1919 εὐθύνας
1453 1854 1589 1909 κατὰ
1619 1859 1715 1919 τῆς
1748 1853 1889 1930 μάρ-

1985 1872 2043 1915 ex
2072 1854 2146 1915 iis
2176 1854 2279 1933 qui
2309 1864 2477 1917 erant
2507 1875 2639 1917 cum
2692 1876 2761 1937 eo
2796 1858 3086 1921 militibus
3116 1878 3317 1922 arcum
3350 1860 3618 1941 dirigens

250 1966 424 2024 τυρος,
457 1946 547 2000 καὶ
579 1942 730 2020 βέλος
763 1943 910 2021 ἀφεὶς
941 1942 1165 2013 πλήττει
1215 1943 1312 2014 μὲν
1367 1944 1528 2010 αὑτὴν
1581 1948 1713 1999 Θεοῦ
1757 1962 1889 2018 συγ-

1985 1943 2034 2032 in
2069 1951 2411 2032 martyrem,
2438 1953 2494 2006 et
2518 1946 2787 2024 jaculum
2824 1947 3129 2029 emittens,
3162 1949 3350 2030 ipsam
3373 1950 3617 2032 quidem

251 2036 600 2113 χωρήσαντος
636 2052 650 2066 ο
696 2031 872 2098 ἐκείνη
918 2029 972 2087 δέ
1026 2032 1119 2094 τὰς
1151 2044 1342 2111 χεῖρας
1389 2030 1752 2088 διαπετάσασα
1802 2030 1890 2085 καὶ

1985 2031 2136 2111 ferit,
2179 2031 2301 2093 Deo
2343 2035 2733 2097 concedente.
2770 2034 2878 2097 Illa
2897 2044 3095 2099 autem
3131 2029 3321 2119 passis
3345 2029 3619 2102 manibus

253 2125 320 2186 εἰς
351 2121 528 2202 εὐχὴν
561 2122 750 2187 ἑαυτὴν
794 2121 1205 2201 σχηματίσασα,
1248 2119 1383 2185 Δόξα
1443 2142 1550 2198 σοι,
1612 2118 1805 2198 Χριστὲ
1864 2120 1891 2174 ὁ

1985 2139 2111 2181 cum
2132 2138 2197 2182 se
2214 2121 2284 2182 ad
2308 2140 2514 2199 preces
2542 2125 2977 2202 composuisset
3005 2143 3019 2187 :
3045 2118 3246 2190 Gloria
3278 2127 3410 2204 tibi,
3439 2128 3620 2192 Chri-

255 2213 401 2287 Θεὸς,
450 2210 850 2291 ἐπιφθέγγεται,
896 2208 977 2266 ὅτι
1013 2231 1079 2284 με
1126 2211 1202 2286 μὴ
1252 2210 1413 2285 μόνοι
1445 2207 1778 2284 σεϐάσματος
1807 2231 1892 2297 μι-

1985 2217 2067 2271 ste
2093 2210 2279 2297 Deos,
2312 2211 2542 2285 cffatur,
2568 2211 2724 2291 quod
2746 2230 2864 2273 non
2886 2213 3077 2274 solum
3110 2214 3182 2275 ab
3212 2215 3397 2296 impio
3426 2217 3620 2297 cultu,

254 2309 400 2378 αροῦ,
450 2299 588 2357 ἀλλὰ
616 2302 704 2356 καὶ
748 2301 945 2364 παντὸς
1011 2297 1173 2357 ἄλλου
1206 2300 1434 2376 καθαρὰν
1492 2297 1768 2374 μολυσμοῦ
1810 2295 1892 2352 δι-

1985 2297 2081 2359 sed
2112 2296 2294 2360 etiam
2329 2317 2361 2360 a
2391 2300 2699 2380 quibusvis
2728 2299 2860 2361 aliis
2906 2300 3186 2364 sordibus
3232 2295 3314 2366 et,
3337 2295 3622 2384 inquies;

257 2392 549 2468 ετήρησας,
578 2399 671 2448 τοῦ
696 2398 789 2447 σοῦ
812 2410 871 2445 τε
915 2386 1145 2456 ἠξίωσας
1192 2387 1559 2466 ὕπαραθλῆσαι
1606 2387 1888 2456 ὀνόματος.

1985 2387 2200 2448 mentis
2234 2406 2329 2449 me
2376 2406 2579 2469 puram
2622 2390 3089 2471 conservaveris,
3126 2399 3185 2452 et
3235 2410 3343 2473 pro
3374 2400 3476 2456 tuo
3502 2411 3617 2457 no-

262 2478 437 2544 Οῧτως
500 2481 719 2535 εἰποῦσα
750 2480 935 2558 χερσὶν
967 2476 1211 2556 ἀγγέλων
1241 2477 1425 2557 ἀφίησι
1457 2476 1554 2544 τὴν
1582 2477 1792 2556 ψυχήν.
1828 2476 1897 2532 Τὸ

1985 2477 2142 2537 mine
2176 2475 2488 2539 decertare
2518 2477 2799 2541 volueris.
2833 2482 2976 2543 Cum
3013 2479 3100 2541 sic
3130 2479 3401 2558 dixisset,
3430 2482 3493 2543 in
3516 2500 3618 2544 an-

262 2567 314 2624 δέ
342 2572 498 2643 σῶμα
538 2569 760 2642 ταύτης,
802 2569 916 2624 ἐπεὶ
969 2569 1058 2624 καὶ
1110 2569 1137 2623 δ
1190 2566 1365 2642 κόμης
1424 2564 1660 2623 ἐκποδὼν
1713 2567 1801 2640 ἦν,
1862 2567 1896 2633 ἡ

1985 2568 2245 2644 gelorum
2277 2585 2484 2628 mauus
2499 2566 2697 2629 emisit
2713 2566 3353 2648 animam.Ejusautem
3376 2589 3618 2652 corpus,

263 2658 578 2715 Ἀναστασία
636 2658 841 2715 ἐκεῖθεν
895 2655 1190 2733 ἀνελομένη
1243 2657 1331 2712 καὶ
1390 2656 1572 2734 μύροις
1626 2657 1711 2712 καὶ
1771 2655 1893 2712 ὀθο-

1985 2673 2113 2715 cum
2179 2655 2342 2716 illinc
2397 2665 2664 2718 remotus
2720 2665 2877 2718 esset
2923 2675 3148 2739 comes,
3182 2659 3397 2722 tollens
3453 2662 3623 2723 Ana-

258 2749 379 2809 νίοις
437 2747 665 2821 ἐντίμως
723 2748 811 2803 καὶ
881 2749 1090 2818 σεμνῶς
1146 2744 1519 2825 περιστείλασα
1589 2757 1710 2809 ταῖς
1769 2766 1893 2823 προο

1985 2746 2182 2817 stasia,
2208 2746 2529 2825 unguentis
2560 2745 2864 2808 conditum
2925 2752 2988 2809 et
3035 2746 3237 2811 linteis
3284 2748 3621 2813 honoriﬁce

258 2835 538 2901 λαϐούσαις
597 2833 847 2916 ἀδελφοῖς
899 2838 1033 2911 ὁμοῦ
1093 2836 1179 2890 καὶ
1270 2833 1543 2898 συνάθλοις
1629 2854 1900 2908 συγκατα-

1985 2833 2407 2912 compositum,
2435 2835 2612 2895 simul
2664 2834 2909 2916 deponit
2958 2854 3092 2898 cum
3126 2836 3455 2916 sororibus,
3491 2857 3624 2921 qua

260 2927 484 2992 τίθησιν.
1236 2972 1241 2976 .

1985 2921 2218 2989 fuerant
2247 2922 2425 2984 sociae
2456 2924 2823 2986 certaminis.

337 3013 416 3071 ιε’
481 3015 623 3072 Εἶτα
673 3013 809 3080 δῆλα
870 3020 947 3088 τῷ
994 3012 1209 3089 βασιλεῖ
1269 3015 1638 3084 Διοκλητιανῷ
1693 3011 1780 3067 καὶ
1837 3010 1902 3066 τὰ

2050 3008 2180 3072 XIX
2195 3011 2528 3073 .Deindead
2543 3011 2965 3092 imperatorem
2982 3015 3411 3078 Diocletianum
3428 3015 3627 3080 defer-

264 3106 372 3182 περί
425 3106 530 3170 τῆς
576 3102 837 3181 μάρτυρος
899 3102 1098 3180 γίνεται
1173 3099 1457 3175 Θεοδότης,
1507 3098 1622 3167 ἥτις
1682 3099 1931 3182 ὥρμητο,

1986 3109 2079 3158 tur
2110 3103 2279 3159 etiam
2310 3111 2524 3174 martyr
2546 3104 2983 3178 Theodote,quae
3012 3116 3132 3164 orta
3154 3108 3387 3178 quidem
3408 3116 3530 3167 erat
3550 3122 3626 3166 ex

261 3191 351 3265 μὲν
400 3192 465 3250 ἐκ
531 3196 757 3249 Βιθυνῶν
812 3191 1020 3255 πόλεως
1082 3191 1323 3270 Νικαίας,
1356 3191 1417 3245 τὸ
1472 3187 1523 3245 δὲ
1574 3187 1730 3253 σέϐας
1776 3183 1931 3243 οὖσα¹

1987 3183 2275 3264 Bithyniae
2296 3187 2530 3248 civitate
2555 3185 3112 3262 Nicaea,Christiana
3132 3198 3329 3252 autem
3364 3199 3492 3254 erat
3518 3209 3623 3254 re-

262 3282 557 3359 Χριστιανὴ
615 3282 704 3339 καὶ
747 3289 823 3356 τῷ
852 3283 974 3359 περὶ
1013 3282 1075 3337 τὸ
1119 3278 1278 3344 σέϐας
1308 3278 1455 3354 ζήλῳ
1484 3279 1679 3358 πολλὴ,
1714 3276 1900 3354 μέτοι-

1986 3273 2231 3356 ligione,
2258 3284 2315 3337 et
2344 3277 2402 3338 in
2426 3277 2557 3357 ejus
2576 3277 2702 3339 zelo
2732 3278 2963 3340 fervens
2990 3296 3004 3342 :
3029 3278 3320 3359 inquilina
3344 3298 3483 3343 vero
3498 3287 3627 3343 erat

259 3393 345 3434 ιιος
398 3373 497 3427 καὶ
557 3371 689 3437 αῦτη
746 3372 837 3426 σὺν
884 3365 1217 3440 Ἀναστασίᾳ
1261 3370 1349 3424 καὶ
1393 3368 1527 3446 τρισῖ
1584 3367 1787 3431 τέκνοις
1848 3366 1901 3422 ἐν

1985 3362 2113 3444 ipsa
2132 3382 2369 3445 quoque
2383 3384 2515 3427 cum
2531 3367 2848 3429 Anastasia
2861 3377 2914 3429 et
2931 3367 3119 3430 tribus
3136 3367 3346 3429 liberis
3360 3368 3421 3429 in
3437 3373 3631 3432 Mace-

260 3458 559 3531 Μακεδονίᾳ
603 3460 823 3536 γίνεται.
858 3456 1211 3534 Παραστᾶσης
1270 3459 1356 3514 οὖν
1407 3463 1482 3529 τῷ
1528 3455 1751 3512 Βασιλεῖ
1807 3454 1900 3511 καὶ

1986 3456 2179 3515 douia.
2213 3456 2352 3515 Cum
2386 3473 2523 3530 ergo
2548 3461 2666 3531 ipsa
2690 3475 2917 3532 quoque
2939 3476 2999 3517 se
3022 3462 3256 3519 stitisset
3279 3472 3410 3519 ante
3437 3463 3629 3535 impe-

260 3551 416 3615 αὒτῆς
465 3545 758 3611 Λευκάδιός
817 3570 896 3611 τις
958 3544 1188 3621 τοῦνομα
1237 3550 1335 3612 τῆς
1384 3544 1523 3623 ὥρας
1578 3542 1694 3601 κατ’
1738 3543 1902 3622 ἄκρας

1986 3550 2265 3619 ratorem,
2302 3544 2539 3623 quidam
2571 3546 2811 3607 nomine
2841 3545 3191 3620 Leucadius,
3222 3547 3388 3608 valde
3418 3555 3628 3625 captus

259 3634 409 3701 ἁλοὺς
621 3637 721 3715 γὰρ
768 3638 856 3694 καὶ
912 3637 1008 3705 τὴν
1052 3634 1172 3710 ὄψιν
1223 3631 1452 3700 Θεοδότη
1484 3631 1678 3713 σφόδρα
1709 3653 1902 3712 χαριε-

1988 3632 2117 3710 ejus
2142 3632 2587 3711 pulchritudine
2607 3635 2935 3711 (eratenim
2958 3634 3266 3697 Theodote
3289 3653 3525 3716 quoque
3547 3637 3633 3697 fa-

1973 1589 2044 1649 sit
2073 1607 2107 1650 a
2142 1588 2424 1651 matutino
2456 1608 2644 1671 usque
2675 1591 2746 1653 ad
2776 1609 3049 1654 occasum
3083 1593 3246 1671 solis,
3279 1594 3496 1657 frustra
3523 1595 3616 1659 la-

260 3725 453 3806 στᾶτη)
523 3723 686 3790 πολὺς
743 3725 809 3793 ἦν
853 3736 946 3785 τοῦ
1018 3722 1279 3796 βασιλέως
1342 3721 1589 3799 δεόμενος
1644 3720 1906 3792 οἰκτεῖραι

258 3827 346 3875 τοῦ
399 3813 646 3879 κάλλους
699 3816 862 3881 αὑτὴν
926 3816 1014 3871 καὶ
1076 3816 1154 3888 μὴ
1205 3811 1370 3875 οὕτως
1431 3811 1603 3891 ἄωροι
1647 3808 1904 3866 ἀπολέσαι

260 3906 417 3984 κόρην
484 3901 630 3981 ἄγαν
686 3902 1007 3978 περικαλλῖμ
1063 3902 1219 3960 Ἐπεὶ
1291 3900 1345 3957 δὲ
1398 3903 1487 3957 καὶ
1551 3900 1680 3975 πρὸς
1741 3898 1906 3976 γσίμον

260 3994 467 4071 ᾐτεῖτο,
526 3989 755 4068 ἄσμενος
815 3995 843 4049 ὃ
886 3990 1131 4069 βασιλεὺς
1191 3988 1410 4065 ἀσμένῳ
1470 3986 1676 4045 δίδωσιν
1731 3986 1908 4066 ’ᾪετο

259 4084 356 4161 γὰρ
408 4082 533 4139 ἀπὸ
591 4081 686 4149 τῆς
746 4084 907 4138 αὑτοῦ
980 4080 1220 4158 συζυγίας
1287 4077 1538 4150 διάζευξιν
1583 4077 1643 4134 ἐκ
1677 4081 1776 4143 τῆς
1818 4074 1911 4132 τοῦ

262 4178 487 4251 Χριστοῦ
546 4171 788 4250 γενέσθαι
844 4168 1010 4247 ταύτῃ
1067 4168 1365 4251 φιλοθείας,
1440 4163 1766 4247 Παραλαϐὼν
1824 4165 1912 4222 οὖν

262 4263 289 4316 δ
344 4257 644 4321 Λευκάδιος
704 4262 801 4329 τὴν
866 4258 1151 4335 Θεοδότην,
1198 4258 1247 4314 τί
1305 4257 1401 4332 μέν
1433 4259 1525 4314 οὑκ
1567 4255 1738 4334 ἔλεγε,
1774 4256 1826 4311 τί
1862 4252 1916 4310 δέ

263 4359 337 4419 μη
396 4349 577 4408 ἐποίει
610 4364 797 4407 πεῖσαι
828 4349 1026 4418 ταύτην
1076 4347 1380 4419 σπουδάζων
1433 4347 1523 4414 τὴν
1564 4346 1659 4420 μὲν
1705 4344 1915 4423 ἁγνείαν

1988 3722 2080 3782 cie
2104 3721 3405 3803 venustissima),vehementerinstabatapud
3428 3723 3629 3805 impe-

1987 3816 2346 3883 ratorem,ut
2372 3810 2759 3872 misereretur
2783 3812 2913 3892 ejus
2938 3811 3488 3892 pulchritudinis,et
3510 3831 3631 3876 non

1991 3896 2078 3960 sic
2105 3897 2481 3959 immaturam
2521 3899 2798 3980 perderet
2847 3900 3099 3981 puellam
3133 3901 3627 3982 pulcherrimam.

1992 3986 2280 4059 Quoniam
2301 3999 2497 4050 autem
2520 4007 2589 4050 ea
2611 3988 2922 4070 petebatur
2943 3989 3015 4049 ad
3037 3991 3637 4073 noptiasjmperator

1992 4075 2188 4137 libens
2219 4077 2387 4138 dedit
2420 4077 2671 4155 libenti;
2738 4079 3112 4141 existimabat
3171 4082 3328 4142 enim
3362 4080 3512 4156 fore,
3568 4088 3636 4142 ut

1997 4184 2067 4227 ex
2098 4164 2228 4244 ejus
2259 4166 2535 4246 conjugio
2564 4167 2619 4228 ei
2652 4168 2822 4230 ﬁeret
2853 4168 3173 4248 disjunctio
3203 4187 3238 4230 a
3260 4169 3479 4230 Christi
3500 4168 3639 4231 reli-

1997 4254 2351 4334 gione.Cum
2369 4274 2507 4333 ergo
2531 4255 2899 4320 Theodotem
2926 4263 3254 4339 accepisset
3278 4257 3633 4332 Leucadius,

1999 4345 2137 4424 quid
2171 4363 2286 4406 non
2326 4345 2584 4422 dicebat,
2619 4347 2760 4427 quid
2818 4366 2932 4408 non
2994 4348 3265 4418 faciebat.
3299 4346 3549 4409 studens
3581 4345 3642 4409 ei

268 4443 349 4496 καὶ
401 4442 504 4508 τὴν
568 4442 645 4503 εἷς
695 4440 918 4518 Χριστὸν
976 4435 1241 4498 εὐσέϐειαν
1299 4436 1673 4512 ἐξομόσασθαι,
1732 4434 1916 4491 συνθέ-

2002 4434 2386 4513 persuadere,
2422 4442 2486 4496 ut
2515 4436 2846 4498 castitatem
2902 4437 3144 4517 quidem
3177 4445 3235 4498 et
3268 4441 3544 4517 pietatem
3577 4435 3641 4498 in

271 4530 381 4587 σθαι
438 4528 496 4586 δέ
551 4536 625 4606 τῇ
679 4515 916 4608 ἀσεϐείᾳ,
972 4529 1058 4585 καὶ
1116 4530 1256 4602 αὒτῷ
1315 4528 1445 4606 πρὸς
1489 4525 1664 4602 γάμου
1711 4546 1914 4580 κοινω-

2001 4520 2297 4583 Christum
2331 4523 2649 4602 abjuraret,
2681 4515 2973 4604 impieta‘ti
2999 4532 3197 4587 autem
3220 4515 3639 4604 assentiretur,

273 4619 379 4675 νίαν
401 4619 594 4677 ὶλϐεἶν
634 4639 650 4699 ς

350 4707 437 4769 ις’.
483 4698 653 4765 Ἐπεὶ
694 4705 750 4763 δὲ
808 4712 972 4764 ταῦτα
1015 4707 1262 4785 πράττων
1315 4704 1529 4784 γράφειν
1562 4704 1634 4766 εἰς
1665 4698 1802 4779 ὕδωρ
1832 4702 1918 4757 καὶ

275 4798 426 4864 rev-iw
459 4796 693 4873 ψάλλειν
726 4795 905 4871 ἐῴιιει,
941 4796 1036 4852 οἶα
1064 4797 1163 4875 γάρ
1194 4796 1327 4873 πρὸς
1360 4795 1516 4852 αὐτὸν
1547 4792 1613 4847 τὰ
1653 4795 1753 4857 τῆς
1786 4799 1920 4846 Θεο-

275 4881 429 4953 δότης
465 4902 480 4916 ·
536 4888 597 4943 Ei
648 4886 746 4960 μὲν
777 4895 868 4945 τοῦ
894 4885 1024 4960 ἐμοῦ
1072 4884 1303 4941 πλούτου
1358 4885 1445 4939 καὶ
1489 4883 1593 4937 τῶν
1623 4880 1919 4958 γρῆμάτων

276 4972 585 5051 ἔπιθυμεῖς,
650 4977 735 5031 καὶ
810 4973 895 5030 διὰ
951 4972 1118 5030 ταῦτοί
1196 4995 1262 5047 με
1322 4969 1559 5035 σπεύδεις
1632 4968 1921 5047 ἀγαγέσθαι

2002 4618 2059 4672 et
2090 4609 2176 4670 sic
2216 4613 2593 4673 matrimonio
2623 4631 2756 4673 cum
2784 4631 2853 4674 eo
2886 4613 3402 4694 conjungeretur?

2081 4700 2217 4763 XX.
2257 4699 2578 4780 Postquam
2637 4719 2775 4762 vero
2826 4704 2948 4764 haec
2998 4722 3179 4783 agens
3225 4703 3385 4765 visus
3436 4710 3528 4766 est
3581 4703 3646 4765 in

2002 4807 2212 4869 aquam
2243 4789 2535 4870 scribere,
2569 4799 2627 4851 et
2658 4808 2873 4852 canere
2904 4791 3268 4867 inania,cum
3295 4800 3497 4854 essent
3524 4793 3646 4853 hu-

1996 4878 2265 4957 jusmodi
2298 4882 2429 4958 qu‘te
2460 4881 2516 4940 ei
2545 4879 2782 4943 dicebat
2813 4879 3122 4943 Theodote
3151 4902 3164 4944 :
3222 4881 3283 4943 Si
3316 4899 3478 4943 meas
3507 4880 3648 4961 qui-

2005 4967 2141 5028 dem
2175 4985 2319 5047 opes
2369 4969 2536 5047 cupis
2590 4976 2650 5030 et
2704 4975 3008 5050 pecunias,
3064 4978 3119 5030 et
3152 4987 3246 5032 me
3276 4970 3412 5031 ideo
3443 4969 3650 5032 studes

275 5064 402 5141 πρὸς
448 5064 653 5143 γάμον,
700 5062 810 5120 ἰδού
870 5080 951 5121 σοι
1009 5062 1223 5119 πάντων
1274 5059 1565 5135 ἐξίσταμαι,
1625 5060 1786 5134 μόθον
1817 5058 1924 5136 ἐγὼ

2007 5074 2249 5117 uxorem
2285 5062 2680 5131 ducere,ecce
2711 5057 2816 5118 tibi
2850 5059 2999 5120 cedo
3030 5058 3335 5133 omnibus,
3371 5077 3478 5138 pro
3511 5076 3652 5123 om-

276 5155 501 5229 Χριστὸν
562 5152 677 5208 ἀντὶ
737 5154 933 5217 παντὸς
992 5149 1220 5209 πλούτου
1274 5147 1670 5228 κληρωσαμένη
1702 5164 1717 5178 °
1782 5147 1826 5203 εἰ
1869 5144 1925 5202 δέ

2006 5145 2184 5207 nibus
2214 5145 2429 5208 divitiis
2461 5148 2651 5209 solum
2685 5147 2985 5209 Christum
3020 5150 3275 5229 sortita;
3326 5150 3420 5210 sin
3451 5158 3651 5213 autem

277 5241 368 5296 καί
425 5248 526 5299 τοῦ
581 5240 889 5315 σωματικοῦ
945 5239 1172 5301 κάλλους
1218 5239 1363 5319 ἐρᾷς,
1398 5237 1664 5295 ἀδυνάτων
1695 5234 1805 5292 ἴσθι
1865 5238 1926 5292 τὸ

2011 5235 2191 5297 etiam
2213 5254 2563 5317 corpoream
2585 5255 2748 5298 amas
2773 5236 3468 5320 pulchritudinem,scias
3494 5247 3553 5303 te
3583 5258 3656 5302 ea

279 5330 530 5408 παράπαν
589 5330 719 5409 ἱρῶν
755 5350 769 5366 ·
821 5330 1074 5410 πρότερον
1132 5330 1232 5408 γάρ
1274 5328 1336 5385 ἄν
1401 5349 1501 5404 μου
1560 5326 1657 5394 τὴν
1718 5326 1925 5406 μορφὴν

2010 5342 2234 5397 amare,
2270 5344 2401 5406 quae
2453 5326 2697 5389 omnino
2733 5326 2862 5388 fieri
2907 5340 3212 5408 nequeunt
3244 5349 3258 5387 :
3295 5328 3461 5410 prius
3491 5329 3651 5392 enim

281 5415 517 5497 ἀμείψῃς
547 5419 586 5487 ἢ
618 5421 714 5488 τὴν
754 5420 977 5499 γνώμην
1022 5415 1349 5492 μεταϐαλεῖς
1386 5434 1398 5449 ·
1434 5416 1531 5475 κᾶν
1581 5416 1625 5471 εἰ
1669 5416 1788 5489 πυρὶ
1843 5416 1929 5472 καὶ

2015 5432 2207 5477 meam
2241 5414 2488 5477 formam
2534 5434 2712 5497 quam
2746 5425 3007 5480 mentem
3043 5419 3388 5495 mutaveris,
3418 5419 3659 5484 etiamst

284 5502 487 5582 σιδήρῳ
516 5527 590 5585 με
648 5508 735 5566 καὶ
786 5511 948 5566 πᾶσιν
1006 5508 1141 5585 ὁμοῦ
1201 5505 1574 5585 κολαστηρίοις
1625 5501 1929 5576 ἐκδαπανή-

2015 5522 2112 5566 me
2141 5504 2279 5585 igne
2309 5512 2367 5567 et
2397 5504 2582 5583 ferro,
2609 5514 2669 5569 et
2699 5505 2977 5570 omnibus
3010 5506 3182 5570 simul
3215 5509 3660 5594 consumpseris

360 5625 389 5669 '
417 5626 540 5691 lsa.
565 5642 680 5705 ιιι,
712 5624 811 5692 10.
