4028 6138
337 294 448 366 591

1644 296 1926 367 MENSIS
1967 300 2392 365 DECEMBER.

3588 291 3717 363 592

343 437 675 521 suppliciis.
698 435 810 501 Ubi
839 437 967 500 haec
997 455 1136 515 ergo
1188 437 1407 500 audivit
1433 437 1791 513 Leucadius,
1821 459 1958 519 quo-

2054 465 2191 505 σαις.
2244 440 2335 505 Ὠς
2388 439 2476 497 οῦν
2506 446 2671 496 ταῦτα
2704 438 2931 507 ἤκουσεν
2984 441 3011 495 ὃ
3066 437 3367 514 Λευκάδιος,
3416 438 3529 494 ἐπεὶ
3560 457 3715 513 παρ-

333 533 494 592 niam
536 541 777 610 paratus
828 536 954 589 erat
981 545 1097 588 una
1129 546 1259 589 cum
1294 525 1635 606 egrediente
1663 528 1825 589 exire
1849 535 1961 589 im-

335 628 633 700 peratore,
669 617 828 679 domi
861 617 1099 697 quidem
1129 615 1373 696 reliquit
1414 615 1804 698 Theodolem,
1839 617 1965 696 ipse

332 726 475 771 vero
498 707 615 769 iter
643 714 735 768 est
783 706 1108 784 ingressus,
1142 703 1464 767 Theodotae
1494 705 1793 784 negolium
1847 726 1965 767 non

332 795 542 859 leviter
563 807 622 858 et
646 796 707 855 in
740 796 992 855 transitu
1016 792 1389 855 tractandum
1423 812 1556 856 esse
1586 795 1834 866 ducens,
1862 796 1967 857 sed

330 886 396 947 id
425 902 733 948 reservans
763 883 837 944 ad
860 882 1043 943 otium
1069 890 1126 943 et
1149 890 1380 963 tempus
1402 883 1785 946 conveniens.
1821 885 1964 946 Cum

332 992 475 1051 ergo
503 973 762 1035 relaxata
792 971 998 1034 fuisset
1025 970 1355 1052 Theodote,
1382 981 1440 1033 et
1472 972 1726 1034 similem
1752 973 1813 1035 in
1845 974 1966 1034 vir-

331 1070 455 1124 tute
484 1070 541 1126 et
571 1061 687 1123 [ide
714 1059 1138 1141 assumpsisset
1187 1062 1583 1137 Anastasiam,
1639 1081 1755 1122 una
1785 1063 1967 1123 animi

327 1150 631 1213 alacritate
660 1159 718 1212 et
752 1149 1172 1227 consensione,
1209 1159 1266 1212 et
1297 1150 1465 1229 quasi
1497 1152 1961 1232 conspiratione,

326 1241 577 1321 parique
605 1239 733 1302 zelo
784 1238 1144 1321 peragebant
1193 1239 1428 1301 solitum
1463 1258 1701 1301 cursum
1732 1240 1966 1321 pietatis

327 1329 812 1412 Christianis,qui
831 1330 890 1390 in
905 1327 1243 1391 carceribus
1262 1328 1519 1408 publicis
1541 1328 1755 1391 inclusi
1772 1338 1960 1403 erant,

325 1419 554 1481 effectae
584 1418 805 1493 omnia,
841 1417 1059 1479 medici
1113 1417 1450 1491 vulnerum,
1487 1418 1966 1499 suppeditatores

325 1509 744 1591 pecuniarum,
778 1507 1211 1587 praeteritorum
1245 1507 1533 1569 malorum
1578 1506 1873 1582 solatium,
1910 1517 1967 1569 et

326 1598 401 1659 ad
423 1598 683 1660 futurum
712 1594 1071 1658 validissima
1118 1596 1468 1659 consolatio.
1503 1597 1576 1658 Et
1607 1596 1691 1656 sic
1724 1596 1963 1677 quidem

325 1687 611 1766 virgines.

406 1775 566 1839 XXI.
599 1775 745 1839 Cum
777 1782 970 1835 autem
1001 1774 1615 1837 rursusintellexisset
1644 1774 1963 1838 Diocletia-
1992 1808 2027 1858 Β

326 1883 462 1938 nus,
509 1882 687 1946 quam
734 1870 936 1925 essent
978 1863 1224 1941 quidem
1255 1865 1786 1943 angusti'carceres
1819 1884 1962 1945 pro-

327 1961 462 2035 pter
485 1951 925 2015 multitudinem
961 1952 1219 2033 piorum,
1253 1953 1359 2030 qui
1416 1954 1474 2014 in
1507 1953 1577 2013 iis
1606 1952 1964 2014 detineban-

326 2050 653 2124 tur,essent
677 2056 815 2104 vero
830 2041 1030 2103 inania
1051 2042 1276 2119 quasvis
1296 2042 1623 2120 excogitata
1648 2050 1962 2118 tormenta,

325 2151 361 2194 a
382 2131 761 2196 confessione
791 2130 1031 2193 nemine
1063 2149 1268 2192 eorum
1317 2131 1662 2205 recedente,
1699 2148 1802 2193 eos
1832 2131 1964 2213 qui—

327 2222 466 2284 dem
493 2220 665 2302 jubet
691 2218 938 2281 diversis
971 2220 1177 2281 mortis
1206 2219 1380 2281 illatis
1396 2220 1718 2296 generibus
1748 2222 1821 2282 de
1847 2241 1964 2282 me-

327 2311 428 2373 dio
454 2309 577 2373 tolli
610 2326 678 2370 ex
708 2306 1071 2383 hominibus,
1099 2314 1159 2370 et
1204 2308 1284 2369 ita
1313 2308 1509 2369 locum
1540 2308 1681 2371 dare
1713 2311 1964 2371 carceri-

326 2398 440 2462 bus
471 2420 485 2460 :
523 2397 668 2461 alios
697 2406 893 2460 autem
925 2397 1567 2480 comprehendere,qui
1593 2398 1799 2460 eadem
1832 2418 1963 2460 sen-

324 2488 553 2552 tiebant
586 2510 600 2553 :
634 2494 694 2550 et
717 2486 975 2568 primum
1009 2487 1250 2567 quidem
1284 2487 1346 2547 in
1376 2488 1610 2549 vincula
1634 2486 1958 2569 conjicere,

325 2579 546 2643 deinde
565 2578 616 2638 si
635 2576 746 2640 sibi
768 2594 885 2638 non
911 2576 1337 2656 persuaderent
1359 2583 1421 2635 ut
1437 2594 1599 2636 suam
1616 2576 1960 2655 abjurarent

321 2667 700 2745 religionem,
735 2683 836 2726 eos
867 2665 1176 2725 tormentis
1226 2664 1551 2727 efﬁcerent.
1605 2664 1790 2728 Tanta
1835 2677 1961 2728 erat

322 2756 492 2837 impii
541 2754 845 2817 contentio
924 2753 1213 2814 adversus
1270 2752 1658 2829 Christianos,
1721 2755 1955 2817 occulto

321 2855 596 2926 tyranno,
624 2841 948 2916 communi,
983 2842 1250 2922 inquam,
1288 2842 1457 2903 hoste
1488 2843 1956 2906 Christianorum

322 2934 492 2995 illum
521 2932 593 2994 ad
607 2932 1244 3010 hocincitante.Atque
1265 2931 1488 2994 sanctis
1511 2931 1746 3012 quidem
1771 2934 1958 2995 multa

325 3029 385 3085 et
412 3021 574 3083 varia
596 3020 803 3082 mortis
821 3037 1038 3099 genera
1055 3028 1195 3081 sunt
1212 3019 1520 3100 dispertita
1546 3040 1558 3081 :
1588 3032 1643 3083 et
1664 3022 1812 3084 alios
1830 3024 1957 3104 qui-

322 3111 457 3174 dem
483 3108 820 3189 ignis,alios
845 3128 983 3170 vero
1004 3127 1176 3188 aqua,
1203 3111 1352 3171 alios
1372 3118 1566 3173 autem
1600 3112 1781 3182 ensis.
1806 3113 1953 3175 alios

318 3218 461 3263 vero
482 3198 703 3279 aliquid
722 3196 878 3259 aliud
913 3217 982 3258 ex
1014 3198 1176 3258 novis
1206 3197 1326 3259 illis
1356 3208 1571 3279 praeter
1602 3201 1726 3262 haec
1758 3201 1954 3265 inven-

321 3292 396 3352 tis
426 3295 673 3368 repente
695 3294 753 3350 et
783 3286 843 3347 in
874 3305 993 3347 una
1023 3296 1194 3347 nocte
1227 3305 1434 3349 omnes
1465 3291 1948 3369 comprehendit.

396 3376 904 3455 XXII.Martyrum
938 3385 1132 3437 autem
1165 3394 1530 3458 amans,quze
1566 3386 1691 3460 ipsa
1722 3400 1955 3463 quoque

318 3485 455 3530 mox
478 3473 696 3547 martyr
714 3473 840 3526 erat
862 3464 1079 3545 futura,
1104 3465 1433 3542 Anastasis,
1470 3487 1602 3529 cum
1628 3469 1705 3531 de
1735 3471 1828 3532 his
1856 3489 1956 3534 re-

310 3556 581 3619 scivisset
613 3566 804 3628 (mane
860 3559 1019 3615 enim
1077 3555 1417 3634 advenerat,
1454 3575 1525 3619 ex
1558 3576 1724 3621 more
1772 3560 1947 3623 solito

308 3643 745 3726 curatura),ubi
780 3643 1336 3706 tntellexitvacuum
1372 3664 1504 3708 esse
1534 3664 1861 3726 carcerem,
1890 3659 1949 3713 et

307 3750 507 3795 aerem
540 3731 811 3812 implevit
841 3730 1286 3809 vociferatione,
1338 3742 1395 3795 et
1430 3735 1644 3797 uberes
1675 3737 1945 3820 lacrymaz

306 3823 533 3884 ﬂuxere
547 3840 617 3883 ex
648 3821 837 3910 oculis
864 3839 875 3880 :
903 3840 1154 3903 eamque
1177 3824 1553 3903 opprimebat
1576 3828 1852 3910 gemitus,
1889 3838 1946 3891 et

306 3911 659 3976 lacerabant
688 3909 1194 3990 ejulatus.Rogata
1221 3930 1357 3974 vero
1384 3932 1491 3976 cur
1517 3915 1817 3990 ﬂeret,illa
1838 3909 1945 3979 Vni-

305 3997 395 4061 hil
416 3998 622 4079 verita,
654 4015 849 4078 neque
878 3999 1087 4060 volens
1118 4018 1251 4063 esse
1281 4009 1572 4065 nocturna
1600 4005 1817 4067 Christi
1847 4008 1943 4069 di-

308 4086 563 4169 scipula,
593 4086 699 4148 sed
724 4086 942 4149 timens
966 4088 1163 4168 potius
1194 4109 1268 4152 ne
1293 4110 1399 4171 pro
1425 4112 1494 4154 eo
1512 4112 1629 4154 non
1650 4104 1946 4173 pateretur

304 4194 421 4240 nec
442 4185 803 4251 moreretur,
840 4177 1172 4240 vociferans
1206 4180 1357 4242 dixit
1395 4201 1409 4242 :
1443 4180 1652 4252 Qumro
1684 4185 1792 4247 Dei
1827 4192 1941 4248 mei

2051 532 2336 588 εσκεύαστο
2391 528 2683 604 ἒξορμῶντί
2751 530 2871 584 τότε
2929 533 3008 600 τῷ
3061 527 3278 604 βασιλεῖ
3334 528 3709 606 συνοίχεσθαι,

2050 621 2147 686 τὴν
2194 621 2291 694 μὲν
2345 616 2604 684 Θεοδότην
2655 617 2798 674 οἴκοι
2846 616 3177 697 καταλείπει,
3217 621 3242 673 ὁ
3274 615 3327 673 δέ
3361 624 3713 693 παραχρῆμα

2052 708 2170 766 ὁδοῦ
2230 708 2438 787 εἴχετο,
2474 710 2534 764 τὸ
2565 709 2681 784 περὶ
2713 704 2976 773 Θεοδότης
3009 705 3159 784 ἔργον
3192 709 3286 763 οὐκ
3340 705 3393 760 ἐν
3452 704 3712 780 παρέργῳ

2051 800 2229 867 τιθεὶς,
2267 795 2383 853 ἀλλ’
2417 796 2470 851 ἐν
2527 796 2706 875 σχολῇ
2767 796 2920 853 τοῦτο
2950 795 3331 869 ταμιευόμενος
3379 794 3464 847 καὶ
3526 798 3713 867 καιρῷ

2049 888 2394 961 προσήκοντι.
2451 886 2728 941 Ἀνεθεῖσα
2796 885 2966 939 τοίνυν
3050 886 3084 951 ἡ
3167 881 3396 949 Θεοδότη
3453 883 3539 938 καὶ
3595 884 3708 946 τὴν

2050 978 2235 1051 ὁμοίαν
2286 978 2357 1039 εἷς
2404 975 2596 1054 ἂρετὴν
2653 975 2747 1029 καί
2792 974 2968 1029 πίστιν
3028 972 3377 1029 Ἀναστασίαν
3445 968 3705 1048 παραλα-

2050 1063 2208 1121 ϐοῦσα
2266 1071 2363 1139 μιᾷ
2393 1064 2649 1139 προθυμίᾳ
2679 1084 2733 1119 τε
2768 1064 2851 1119 καὶ
2911 1063 3176 1136 σὺμπνοίᾳ
3233 1062 3320 1116 καὶ
3382 1060 3489 1131 ἴσῳ
3545 1057 3709 1130 ζήλῳ

2049 1157 2139 1211 τὸν
2211 1156 2408 1222 συνήθη
2468 1152 2660 1232 δρόμον
2720 1157 2818 1218 τῆς
2888 1149 3150 1213 εὒσεϐείας
3211 1149 3453 1227 ἔτρεχον,
3516 1146 3707 1202 πάντα

2048 1251 2167 1304 τοῦς
2225 1244 2279 1299 ἐν
2337 1242 2617 1317 δημοσίαις
2675 1241 2938 1321 φυλαιιαῖς
2994 1240 3319 1318 εἷργομὲνοις
3351 1245 3706 1317 Χριστιανοῖς

2048 1335 2342 1410 γινόμεναι,
2418 1331 2733 1408 τραυμάτων
2786 1330 2976 1407 ἰατροὶ,
3057 1329 3290 1409 χορηγοὶ
3361 1326 3699 1406 χρημάτων,

2047 1430 2152 1478 τῶν
2209 1444 2265 1479 τε
2321 1421 2686 1498 παρελθόντων
2741 1418 2925 1474 δεινῶν
2969 1417 3269 1496 παραψυχή
3325 1419 3412 1472 καὶ
3463 1416 3593 1492 πρὸς
3626 1416 3702 1470 τὸ

2049 1511 2243 1586 μέλλον
2285 1511 2613 1591 ἰσχυροτάτη
2642 1509 2999 1588 παράκλησις.
3036 1511 3096 1564 Αἱ
3157 1508 3256 1581 μὲν
3309 1507 3399 1561 οῦν
3445 1505 3704 1583 παρθένοι

2049 1600 2241 1666 οὕτως.

2133 1779 2268 1842 KA’.
2307 1778 2685 1846 Διοκλητιανὸς
2718 1775 2772 1832 δὲ
2831 1776 3010 1849 μαθὼν
3062 1777 3150 1832 καὶ
3206 1778 3345 1839 οῧθις
3403 1774 3518 1849 περὶ
3578 1774 3699 1828 τῶν

2049 1871 2272 1929 εὐσεϐῶν
2331 1874 2404 1934 ὡς
2468 1874 2515 1927 αἱ
2574 1872 2670 1945 μὲν
2728 1869 2952 1948 φυλακαὶ
3024 1870 3098 1942 τῷ
3156 1867 3344 1938 πλήθει
3423 1873 3527 1922 τῶν
3584 1864 3697 1933 ἤδη

2047 1960 2480 2041 κατασχεθέντων
2512 1961 2709 2032 στεναὶ,
2743 1960 2892 2015 κεναί
2943 1957 2997 2012 δὲ
3047 1964 3211 2013 πᾶται
3268 1964 3375 2012 τῶν
3432 1955 3700 2032 ἀλγεινῶν

2047 2056 2097 2109 αἱ
2130 2051 2378 2124 ἐπίνοιαι,
2429 2049 2652 2125 μηδενὸς
2706 2054 2876 2107 αὖτῶν
2930 2049 3027 2112 τῆς
3062 2046 3347 2123 ὁμολογίας
3379 2045 3690 2121 ἀφισταμέ-

2048 2164 2160 2213 νου,
2210 2142 2420 2201 τούτους
2464 2141 2562 2212 μὲν
2607 2137 2806 2194 κελεύει
2851 2136 3112 2215 διατόροις
3166 2134 3404 2191 θανάτων
3461 2136 3688 2210 ἐπαγω-

2048 2244 2174 2309 γαῖς
2219 2229 2269 2294 ἐξ
2329 2228 2616 2307 ἀνθρώπων
2662 2239 2861 2299 ποιεῖν,
2917 2226 3001 2282 καὶ
3056 2224 3193 2280 οὕτω
3250 2224 3434 2302 χώραν
3488 2219 3695 2277 διδόναι

2047 2336 2166 2384 ταῖς
2234 2318 2518 2400 φυλακαῖς,
2589 2315 2793 2394 ἑτέρους
2870 2316 2922 2368 δὲ
2996 2309 3395 2387 συλλαμϐάνειν,
3437 2312 3501 2365 τὰ
3554 2312 3694 2368 αὖτᾶ

2047 2416 2389 2487 φροκοῦντας,
2422 2408 2509 2462 καὶ
2541 2406 2723 2477 πρῶτα
2780 2405 2879 2478 μὲν
2936 2416 3051 2464 τοῖς
3098 2400 3479 2479 δεσμωτηρίοις
3513 2398 3688 2477 ἐγκα-

2046 2495 2306 2571 τακλείεν,
2353 2496 2536 2552 ἔπειτα
2594 2491 2647 2549 δὲ
2708 2493 2781 2566 μη
2840 2491 3181 2566 πειθομένους
3238 2492 3298 2545 τὸ
3351 2492 3546 2546 οἰκεῖον
3594 2488 3691 2554 ἐξ-

2046 2585 2299 2657 όμνυσθαι
2344 2582 2500 2647 σέϐας
2545 2596 2665 2646 ταῖς
2696 2582 2948 2658 βασάνοίς
3000 2577 3338 2656 παραδιδόναι
3376 2597 3389 2611 ’
3451 2577 3685 2647 τοααότη

2043 2673 2337 2753 φιλονεικία
2360 2680 2437 2747 τῷ
2466 2672 2759 2751 παρανόμῳ
2812 2671 2948 2726 κατὰ
3000 2674 3350 2748 Χριστιανῶν,
3399 2674 3501 2725 Τοῦ
3553 2690 3681 2745 κρυ-

2042 2772 2175 2821 πτοῦ
2217 2763 2465 2841 τυράννου
2522 2768 2614 2818 τοῦ
2685 2767 2858 2815 κοινοῦ
2927 2764 3033 2814 τῶν
3110 2764 3434 2833 Χριστιανῶν
3488 2755 3676 2835 ἐχθροῦ

2042 2851 2248 2907 ἐκεῖνον
2307 2848 2695 2926 διερεθίζοντος,
2757 2850 2876 2909 τοὺς
2936 2848 3034 2922 μὲν
3100 2847 3277 2924 ἁγίους
3339 2845 3521 2903 πολλοὶ
3586 2848 3673 2903 καὶ

2042 2937 2273 2996 ποικίλοι
2327 2940 2549 2995 θανάτου
2604 2937 2790 3014 τρόποι
2850 2933 3201 3012 διεμερίζοντο
3238 2954 3250 2968 ’
3305 2937 3392 2991 καὶ
3438 2936 3523 2997 οὓς
3582 2933 3677 3008 μὲν

2040 3038 2162 3106 πῦρ,
2211 3030 2296 3093 οὓς
2326 3027 2379 3083 δὲ
2411 3025 2566 3104 ὕδωρ,
2606 3025 2692 3089 οὓς
2723 3023 2776 3080 δέ
2806 3022 2974 3104 ξίφος,
3021 3024 3108 3087 οὕς
3139 3021 3192 3078 δὲ
3241 3021 3372 3080 ἄλλο
3427 3046 3477 3079 τι
3538 3025 3679 3102 παρὰ

2037 3119 2199 3174 ταῦτα
2272 3118 2378 3174 τῶν
2461 3121 2655 3173 καινῶν
2726 3113 2924 3172 ἐκείνου
3008 3109 3376 3191 ἐξευρημάτων
3471 3111 3676 3192 ἀθρόως

2038 3210 2123 3264 καὶ
2152 3207 2204 3262 ἐν
2238 3212 2333 3281 μιᾷ
2376 3205 2526 3262 νυκτί
2558 3204 2755 3265 πάντας
2786 3200 3101 3279 ἐλάμϐανεν.

2122 3294 2251 3358 KB’.
2301 3293 2363 3351 Ἠ
2406 3293 2458 3349 δὲ
2501 3294 2823 3374 φιλόμαρτυς
2896 3294 2982 3348 καὶ
3031 3292 3153 3349 ὅσον
3213 3292 3359 3349 οὔπω
3412 3293 3500 3348 καὶ
3546 3291 3678 3359 αῦτή

2040 3385 2235 3463 μάρτυς
2309 3382 2627 3440 Ἀναστασία
2698 3382 2929 3459 γνωσθὲν
2985 3381 3119 3458 αὒτῇ
3166 3381 3231 3436 τὰ
3316 3382 3431 3458 περὶ
3488 3381 3677 3446 αὑτοὺς

2039 3473 2267 3556 (ἐπέστη
2313 3473 2410 3551 γὰρ
2454 3471 2569 3549 ἄρτι
2599 3473 2716 3550 περὶ
2767 3474 2865 3539 τὴν
2921 3469 2992 3527 ἕω
3024 3518 3040 3549 ,
3102 3472 3194 3526 τὸν
3237 3468 3434 3537 συνήθη
3479 3472 3675 3545 τρόπον

2029 3565 2241 3629 τούτους
2299 3560 2766 3640 ἑκθεραπεύουσα),
2861 3563 2934 3624 ὡς
3005 3561 3104 3627 τὴν
3163 3560 3375 3636 εἱρκτὴν
3440 3558 3674 3635 ἐμάνθα-

2029 3676 2113 3711 νεν
2158 3653 2299 3709 εἶναι
2344 3653 2525 3725 κενὴν,
2583 3652 2715 3728 βοῆς
2774 3672 2828 3706 τε
2889 3652 2977 3706 τὸν
3021 3649 3149 3727 ἆέρα
3195 3647 3424 3725 ἐπλήρου
3456 3650 3542 3706 καὶ
3572 3646 3671 3706 δά-

2029 3765 2185 3820 κρυον
2229 3740 2449 3817 δαψιλὲς
2504 3747 2609 3797 τῶν
2687 3740 2945 3816 ὀμμάτων
3015 3736 3283 3817 κατέῤῥεε,
3350 3752 3671 3818 στεναγμοῖς

2028 3854 2085 3890 τε
2139 3833 2415 3910 συνείχετο
2461 3831 2549 3887 καὶ
2592 3828 2843 3909 ὀδυρμοῖς
2889 3829 3163 3886 ὲκόπτετιι.
3220 3826 3573 3906 Ἐρωτωμένη
3619 3827 3674 3884 δὲ

2030 3923 2127 3991 την
2174 3922 2341 3977 αἰτίαν
2384 3927 2490 3977 τῶν
2521 3918 2779 3998 ὀδυρμῶν,
2827 3918 3002 3985 ἐκείνη
3060 3917 3228 3994 μηδὲν
3262 3915 3477 3974 δείσασα
3533 3916 3673 3992 μηδὲ

2028 4011 2301 4088 νυκτερινὴ
2374 4011 2635 4086 μαθήτρια
2719 4010 3003 4088 τυγχάνειν
3092 4005 3341 4063 ἐθέλουσα
3396 4014 3489 4063 τοῦ
3547 4014 3672 4086 Χρι-

2029 4109 2174 4173 στοῦ,
2224 4099 2361 4155 ἀλλὰ
2390 4102 2450 4155 τὸ
2483 4100 2559 4174 μή
2590 4121 2637 4154 τι
2668 4101 2855 4155 παθεῖν
2908 4095 3113 4172 μᾶλλον
3141 4094 3276 4172 μηδὲ
3329 4099 3507 4153 θανεῖν
3537 4096 3666 4175 ῦπὲρ

2027 4190 2184 4247 αὐτοῦ
2228 4187 2515 4262 δεδοικυῖα,
2556 4190 2645 4244 σὺν
2676 4189 2799 4264 βοῇ,
2854 4188 2985 4252 Τοὺς
3042 4194 3133 4243 τοῦ
3166 4192 3296 4243 Θεοῦ
3352 4208 3474 4265 μου,
3533 4185 3665 4266 ἔφα-

302 4283 523 4343 servos,
561 4265 855 4346 quimodo
874 4277 1046 4328 erant
1069 4267 1130 4328 in
1154 4269 1444 4331 custodia.
1483 4273 1796 4352 Postquam
1830 4293 1938 4336 au-

2048 4300 2142 4350 rxs,
2212 4277 2449 4353 δούλους,
2497 4277 2732 4348 ἐπιζητῶ
2800 4277 2923 4340 τοὺς
2966 4274 3081 4353 ἄρτι
3147 4276 3287 4353 παρὰ
3329 4281 3396 4350 τῇ
3453 4273 3663 4352 φυλακῇ

300 4360 421 4415 tem
442 4353 864 4445 intellexerunt
893 4373 1193 4445 eamesse
1225 4355 1777 4436 Christianam,eam
1806 4383 1937 4443 prum

2048 4367 2197 4433 ῗντας.
2249 4367 2399 4424 Ἐπεὶ
2444 4365 2495 4422 δέ
2540 4365 2857 4445 Χριστιανῆν
2910 4365 3051 4423 εἶναι
3096 4366 3291 4431 ταύτην
3347 4364 3658 4443 ἐμάνθανον,

300 4447 461 4504 tinus
490 4443 982 4545 c‘omprOebensam
1016 4444 1309 4545 duxerunt
1351 4448 1422 4509 ad
1454 4448 1691 4511 Florum
1727 4455 1935 4532 priete-

2048 4458 2203 4515 ιῦτίκα
2273 4443 2753 4536 συσχόντεςὴπρος
2827 4454 3046 4533 Φλῶρον
3108 4456 3200 4511 τὸν
3273 4452 3509 4534 ἔπαρχον
3566 4461 3659 4510 τοῦ

300 4538 457 4593 ctum
489 4531 1011 4627 Illyrici,dic-enles
1037 4553 1050 4592 :
1076 4531 1417 4597 Invenimus
1440 4539 1593 4599 hanc
1613 4531 1851 4602 flentem
1877 4543 1935 4605 in

2048 4546 2309 4627 ιλλυρικοῦ
2373 4531 2729 4624 -παρήγαγον,
2815 4531 3019 4612 Ταύτην
3107 4542 3346 4623 εὕρομεν,
3379 4531 3663 4620 Πλέγοντες

299 4625 635 4715 carcere,et
664 4636 796 4679 cum
831 4618 1334 4715 intellexissemus
1359 4644 1490 4687 esse
1510 4627 1932 4711 Christianam,

2048 4618 2262 4713 πρὸς-τῇ
2293 4618 2501 4715 φυλακῇ
2545 4618 2849 4715 κλαίουσαν,
2913 4638 3009 4690 καὶ
3072 4618 3341 4707 μαθόντες-
3384 4631 3465 4687 ὅτι
3497 4618 3659 4710 -Χρι-

294 4707 802 4803 Munere-propter
822 4707 1352 4790 Christianos,eam
1370 4715 1443 4775 ad
1470 4724 1633 4777 tuum
1652 4707 1937 4796 judiciale

2048 4726 2206 4793 statvi]
2266 4727 2351 4781 καὶ
2412 4730 2740 4803 Χριστιανῶν
2798 4723 2958 4803 χάριν
3013 4722 3146 4799 αὐτῇ
3176 4724 3236 4779 τὸ
3279 4720 3524 4796 δαιρύεεν
3584 4728 3662 4796 τῷ

291 4795 551 4858 tribunal
583 4796 961 4890 adduximus.
997 4802 1145 4890 Cum
1168 4820 1309 4864 vero
1343 4795 1666 4882 praefectus
1688 4826 1815 4868 eam
1848 4809 1937 4869 iu-

2051 4815 2307 4889 ικαστικῷ
2382 4836 2472 4872 σου
2535 4815 2734 4890 βήματι
2792 4814 3221 4890 παρεστήσαμεν.
3298 4808 3356 4869 Ὀ
3416 4809 3660 4890 ἔπαρχος

288 4893 655 4979 terrogasset
686 4906 820 4949 cum
872 4888 1267 4953 admiratione
1302 4915 1313 4950 :
1350 4892 1438 4954 Tu
1484 4912 1622 4973 ergo
1655 4916 1718 4957 es
1755 4898 1929 4959 Chri—

2051 4904 2187 4960 οίνυν
2247 4888 2320 4967 ὣς
2353 4888 2668 4979 ἤρετοήμεῦ
2736 4888 3040 4972 ἐκπλῆξεως
3074 4918 3088 4934 ⁸
3146 4902 3218 4957 Σὺ
3272 4898 3325 4957 δέ
3371 4897 3469 4973 ἄρα
3525 4888 3653 4979 Χρι-

286 4975 483 5038 stiaoa
505 4975 663 5069 {illa
693 4977 1028 5069 claravoce
1065 4998 1077 5041 :
1113 4981 1311 5063 Certe,
1345 4982 1560 5063 inquit,
1586 5004 1719 5046 sum
1753 4984 1924 5048 Chri-

2048 4994 2255 5066 τιανή;
2320 4975 2494 5060 ἐκείνη
2553 4975 2771 5069 λαμπρᾷ
2829 4997 2896 5067 τῇ
2956 4998 3128 5069 φωνῇ,
3187 4990 3285 5049 Ναὶ
3340 4975 3651 5067 Χριστιανὴ,

288 5070 503 5161 stlana.
534 5066 688 5128 Nam
720 5066 889 5161 quod
913 5068 1024 5129 tibi
1056 5069 1287 5132 videtur
1315 5091 1449 5134 esse
1471 5092 1653 5134 unum
1679 5093 1747 5136 ex
1770 5076 1930 5138 nefa-

2048 5105 2112 5161 φη
2145 5098 2158 5112 ⁸
2222 5084 2309 5139 καὶ
2370 5080 2468 5160 γάρ
2530 5080 2658 5161 ὅπερ
2716 5079 2803 5137 eo":
2865 5080 2918 5136 ἓν
2954 5086 3138 5137 τιτῶν
3195 5079 3452 5155 ἀθεμίτων
3513 5082 3653 5137 εἶναι

283 5154 439 5231 rliis,
475 5155 588 5218 hoc
621 5164 710 5217 est
748 5155 891 5217 mihi
919 5168 1335 5222 ornamentum
1370 5170 1428 5223 et
1458 5181 1677 5224 nomen
1710 5165 1926 5244 praeci-

2048 5184 2184 5252 οκεῖ,
2214 5177 2369 5228 τοῦτο
2400 5170 2517 5247 ἐμοὶ
2558 5171 2759 5247 κόσμος
2792 5171 2878 5227 οιαὶ
2907 5169 3073 5245 ὄνομα
3102 5169 3445 5247 κυριώτατον.

280 5260 576 5423 έυξᾶὶιι.
614 5331 931 5414 Postquam
964 5345 1159 5398 autem
1193 5339 1294 5400 ille
1328 5349 1385 5401 et
1406 5341 1536 5405 vitae
1564 5344 1691 5423 ejus
1722 5345 1922 5406 condi-

2092 5349 2222 5410 KI".
2259 5348 2409 5407 Ἐπεὶ
2467 5345 2521 5405 δέ
2577 5349 2666 5405 καὶ
2724 5349 2895 5429 τύχην
2938 5351 3145 5412 ἐκεῖνος
3174 5348 3260 5404 καὶ
3287 5347 3385 5415 τὴν
3415 5346 3644 5423 ἐνεγκα-

280 5418 596 5516 tionem,et
626 5425 969 5516 patriam,“
990 5443 1180 5516 genus
1212 5431 1466 5516 accepit,
1502 5418 1655 5512 quod
1689 5433 1924 5496 scilicet

2051 5439 2173 5506 ἐνην
2218 5441 2399 5496 καὶτὸ
2432 5437 2581 5516 γένος
2611 5436 2866 5515 ἒμάνθανε
2924 5438 3010 5494 καὶ
3065 5436 3144 5492 ὅτι
3200 5437 3294 5505 τῆς
3352 5433 3645 5514 πρεσϐυτέ-

276 5507 342 5571 in
366 5508 555 5612 veteri
588 5511 736 5612 urbe
758 5515 949 5574 Roma
977 5513 1191 5576 illustri
1222 5507 1544 5581 loco'es'se't
1573 5530 1730 5582 nata.
1767 5521 1920 5593 Quid

2048 5550 2095 5593 κς
2125 5528 2338 5603 Ῥώμης
2372 5528 2483 5584 ἐστὶ
2513 5527 2599 5583 καὶ
2640 5533 2743 5584 τῶν
2800 5527 3105 5607 ἐπισήμων,
3141 5526 3200 5586 Τί
3259 5525 3346 5584 οὖν
3389 5528 3450 5582 τὸ
3511 5539 3643 5583 πεῖ-

273 5605 733 5690 yero,inquit,te
765 5605 1156 5684 persuasit,ut
1184 5606 1433 5670 Romam
1454 5610 1696 5688 quidem
1727 5612 1918 5674 relin-

2048 5639 2124 5698 ιν,
2185 5620 2327 5683 αὖθις
2379 5614 2567 5696 εἴρηκε
2644 5617 2775 5697 πρὸς
2834 5617 2995 5685 αὐτὴν
3030 5664 3046 5697 ,
3090 5605 3216 5684 ίτὴν
3267 5618 3365 5692 μὲν
3422 5613 3636 5693 Ῥώμην
