4056 6142
289 356 405 442 595

1594 361 1752 424 MEN
1764 358 1874 421 SIS
1926 356 2174 418 DECEM
2186 354 2355 417 BER.

3543 339 3663 406 596

292 509 476 590 cium,
509 496 806 590 quomoio
843 508 1012 585 pater
1040 508 1173 564 tuus
1204 494 1654 590 obtulit,sed_iis
1679 491 1969 572 relictis,t

2054 502 2132 546 εῖν
2162 495 2306 555 θεοῖς
2338 492 2395 546 ὃν
2427 487 2621 569 τρόπον
2651 490 2740 546 καὶ
2771 490 2798 545 ὃ
2845 489 2936 549 σὸς
2985 487 3225 563 προσῆγε
3262 479 3463 559 πατὴρ,
3523 475 3665 534 ἀλλὰ

2104 582 2114 590 .
2303 580 2316 590 .
2402 579 2421 590 ι
2534 587 2556 590 μ
2727 578 2740 590 ι
2755 575 2782 590 ο
2891 584 2926 590 ..
3056 577 3069 590 ι
3198 572 3219 590 η
3358 570 3371 590 9
3512 565 3573 590 τδ
3600 589 3603 590 ,
3625 589 3634 590 κ

294 582 810 669 εοΙίεὈῙπίειυῐῐι,
844 582 1026 670 quem
1056 588 1249 651 nescis
1276 595 1331 648 et
1366 605 1434 648 ex
1463 582 1685 649 Judaeis
1714 591 1939 656 natum,

297 697 357 751 et
385 688 460 753 ab
491 687 563 750 iis
610 686 757 767 ipsis
784 693 1061 762 tanquam
1118 677 1462 767 maleficum
1486 673 1561 735 de
1609 671 1805 767 medio
1836 689 1942 732 su-

295 779 524 853 blatum
559 777 584 841 ?
612 762 924 839 Anastasis
955 777 1152 833 autem
1185 764 1493 846 respondit
1525 784 1538 823 :
1566 767 1687 841 Ego
1713 762 1858 824 deos
1891 770 1947 822 et

298 852 467 945 deas,
499 885 648 949 quos
700 873 763 925 tu
820 861 989 940 dicis,
1038 856 1305 921 colebam
1358 852 1726 934 aliquando;
1789 868 1948 911 nunc

297 937 463 1020 vero,
493 937 736 1017 r'ectiori
770 937 1047 1028 suscepta
1098 944 1418 1019 sententia,
1453 960 1556 1004 eos
1587 940 1826 1021 quidem
1874 937 1947 1000 ab

298 1045 448 1126 ipsis
477 1041 771 1123 impositis
801 1037 1037 1102 araneis
1068 1042 1129 1097 et
1162 1034 1390 1112 avibus,
1425 1049 1562 1109 qua
1590 1048 1691 1092 eos
1722 1028 1944 1091 allicie-

297 1117 452 1197 bant
481 1117 721 1211 injuria,
757 1136 815 1191 et
858 1147 891 1190 a
922 1124 1147 1188 muscis
1191 1141 1322 1205 quae
1351 1122 1412 1183 in
1447 1122 1534 1182 eis
1579 1117 1946 1211 habitabant,

299 1205 587 1296 liberans,
621 1205 743 1299 igni
776 1216 994 1281 tradidi
1027 1238 1040 1274 :
1096 1220 1317 1277 etcum
1353 1216 1439 1272 sic
1489 1227 1591 1272 eos
1620 1205 1951 1270 convertis-

300 1329 426 1376 sem
459 1311 521 1371 in
575 1308 886 1390 pecunias,
922 1303 1131 1369 satiavi
1178 1301 1499 1364 multorum
1529 1306 1765 1360 ventres
1808 1313 1949 1359 esu-

299 1386 617 1477 rientes,et
647 1398 784 1461 aliis
806 1394 1119 1475 egentibus
1151 1390 1377 1472 praebui
1407 1389 1538 1449 vitae
1562 1386 1947 1449 adminicula.

302 1491 520 1572 Sicque
550 1506 619 1550 ea
647 1506 778 1569 quae
822 1484 967 1547 nulli
1003 1490 1173 1546 erant
1201 1482 1362 1555 usui,
1410 1478 1578 1540 effeci
1608 1486 1673 1539 ut
1701 1495 1820 1538 non
1850 1492 1952 1537 es-

304 1568 440 1645 sent
498 1568 712 1651 otiosa,
773 1575 876 1638 sed
938 1572 1112 1635 valde
1154 1569 1342 1632 utilia.
1384 1568 1703 1631 Praefectus
1756 1574 1957 1626 autem

2026 582 2239 646 τούτους
2294 579 2631 637 ἀπολιποῦσα
2689 575 2819 654 σέϐῃ
2890 577 3136 656 Χριστὸν,
3195 572 3253 628 ὃν
3323 570 3418 627 οὒκ
3482 565 3663 638 οἶδας,

2028 669 2296 748 ἄνθρωπον
2356 670 2498 748 παρὰ
2552 666 2819 731 Ἰουδαίοις
2871 653 2948 721 τε*
2995 660 3312 742 γεννηθέντα
3382 658 3468 716 καὶ
3537 653 3667 731 παρ’

2069 763 2083 783 ν
2124 746 2165 771 ὀ
2262 760 2296 790 ν,
2438 746 2445 748 “
2799 763 2820 773 η-
3014 754 3028 775 ’
3230 750 3239 769 ν

2029 782 2200 817 αυτων
2258 759 2453 816 εκείνον
2512 762 2603 815 οἷα
2659 778 2952 835 κακουργον
3006 754 3389 831 αναιρεθεντας
3468 747 3560 805 Καὶ
3630 746 3668 812 ἡ

2029 849 2369 906 Ἀναστασία·
2426 848 2572 925 Ἐγὼ
2626 847 2772 909 θεοὺς
2820 848 2907 910 οὖς
2960 843 3137 922 λέγεις
3193 841 3349 903 αὐτὸς
3404 837 3491 893 καὶ
3544 835 3671 896 θεὰς

2030 938 2176 1014 ἤμην
2206 938 2335 995 ποτὲ
2365 938 2598 1012 τιμῶσα,
2639 936 2788 1005 ἡνίκα
2847 957 2936 1009 μοι
2994 930 3258 1000 νηπιῶδες
3304 927 3391 985 καὶ
3443 927 3502 981 τὸ
3537 945 3675 1003 φρο-

2033 1011 2145 1085 νεῖν
2199 1028 2286 1096 ἧν·
2345 1011 2431 1086 νῦν
2488 1025 2542 1083 δὲ
2599 1022 2933 1104 βεϐαιοτέρου
3006 1022 3344 1103 φρονήματος
3412 1011 3675 1072 ἐπιλαϐο-

2034 1118 2195 1194 μένη,
2227 1118 2440 1180 τούτους
2472 1116 2568 1191 μὲν
2602 1102 2731 1171 τῶν
2802 1102 3150 1187 ἐπικειμένων
3202 1106 3387 1172 αὖτοὺς
3420 1102 3678 1183 ἀραχνῶν

2033 1193 2121 1263 καὶ
2177 1212 2282 1263 τῶν
2344 1204 2709 1284 ἒξυϐριζόντων
2767 1206 2841 1266 εἰς
2899 1201 3082 1263 αὐτοὺς
3141 1198 3332 1277 ὀρνέων
3380 1203 3486 1252 τῶν
3534 1193 3680 1249 ἐνοι-

2037 1297 2266 1353 κούντων
2318 1317 2374 1351 τε
2433 1299 2614 1360 αὐτοῖς
2673 1297 2817 1370 μυῶν
2873 1290 3280 1349 ἀπαλλάττουσα
3337 1284 3465 1364 πυρῖ
3508 1281 3680 1338 δέδω-

2038 1407 2126 1460 κα)
2190 1385 2278 1442 καὶ
2335 1382 2499 1449 οὕτως
2561 1386 2632 1449 εἷς
2691 1384 2949 1463 χρήματα
3018 1376 3391 1455 μεταϐαλοῦσα
3462 1369 3682 1463 πολλῶν

2036 1459 2303 1537 πεινώσας
2334 1474 2595 1553 γαστέρας
2646 1459 2990 1547 ἐμπέπληκα,
3048 1470 3135 1527 καὶ
3192 1465 3462 1540 δεομένοις
3494 1459 3680 1523 ἄλλοις

2038 1565 2131 1627 τὰς
2191 1565 2321 1639 πρὸς
2352 1552 2470 1638 ίζῇν
2526 1562 2766 1642 ἀφορμὰς
2823 1561 3121 1638 παρέσχον,
3178 1557 3344 1632 ταύτῃ
3407 1555 3472 1610 τὰ
3537 1552 3674 1629 πρὸς

306 1639 941 1744 οιιῐηῐυειεηο
985 1661 1357 1724 acerbitate:
1422 1659 1494 1721 At
1552 1675 1682 1734 ego,
1738 1654 1953 1744 inquit,

2054 1651 2187 1710 ὠδὶν
2272 1654 2543 1732 χρήσιμον
2627 1639 2972 1710 συντελοῦντα
3055 1648 3240 1726 ἐνεργὰ
3322 1642 3519 1726 σφόδρα
3591 1639 3684 1696 καὶ

306 1777 427 1822 non
458 1757 668 1840 patiar,
701 1762 767 1817 ut
798 1731 912 1818 hcc
942 1751 1302 1832 sacrilegum
1336 1749 1557 1811 faciens
1594 1731 1688 1807 ine
1718 1731 1962 1806 auribus

2054 1731 2312 1821 (9&6)an
2351 1742 2591 1821 γενέσθαι
2660 1740 3122 1817 παρασκεοάσασα.
3183 1737 3281 1794 Καὶ
3351 1736 3379 1791 ὃ
3438 1731 3677 1808 ἔπαρχος

308 1819 548 1930 quidem
582 1819 932 1926 accipiatur.
981 1819 1313 1930 Subridens
1360 1856 1498 1930 vero
1535 1846 1757 1930 martyr
1788 1854 1821 1930 :_
1856 1832 1961 1894 In-

2054 1819 2230 1889 αὖτίκα
2287 1819 2422 1906 μετὰ
2472 1828 2678 1896 πολλῆς
2734 1828 2865 1895 ὅσης
2909 1833 3009 1894 τῆς
3056 1824 3361 1901 αὐστηρίας,
3395 1819 3548 1878 ’Λλλ’
3575 1819 3683 1897 οὐχ

307 1909 470 2016 έθηίἰ
518 1936 603 1999 tui
646 1909 898 1997 acumen
960 1928 1247 2002 admiror,
1281 1948 1315 1989 ο
1354 1926 1561 2007 judex,
1599 1909 1759 2000 quod
1806 1922 1958 1984 hanc

2054 1924 2314 1995 ὃπομενῶ,
2380 1920 2504 1999 ἔφη,
2564 1920 2665 1986 τὴν
2734 1916 3001 1998 ἱερόσυλον
3057 1916 3252 1981 ταύτην
3322 1910 3504 1989 πρᾶξιν
3573 1909 3685 1985 ἐγὼ

2077 2008 2146 2016 ---
2884 2003 3063 2016 η..
3232 2001 3463 2016 ι...
3660 1998 3674 2015 κ

305 2015 437 2091 rem
480 2042 660 2088 voces
686 2021 1088 2100 sacrilegium.
1125 2018 1185 2080 Si
1217 2017 1374 2079 enim
1409 2015 1564 2077 ullus
1595 2030 1830 2087 sensus,
1864 2020 1962 2072 aut

308 2115 432 2180 ulla
461 2115 547 2178 vis
577 2120 734 2176 esset
762 2112 824 2173 in
852 2111 945 2173 bis
975 2107 1282 2181 inanimis,
1320 2104 1460 2185 quid
1487 2102 1771 2181 obstaret,
1806 2118 1960 2182 quo-

310 2205 511 2268 minus
561 2202 699 2278 sibi,
734 2201 875 2263 dum
936 2199 1291 2275 franguntur
1320 2204 1377 2257 et
1432 2192 1867 2266 convelluntur,
1906 2197 1964 2251 et

310 2295 429 2359 alia
459 2292 782 2376 patiuntur,
815 2307 991 2370 opem
1024 2287 1363 2376 ferrent,_et
1394 2302 1496 2345 eos
1525 2283 1625 2362 qui
1647 2280 1963 2360 insultant,

316 2374 768 2460 uicis—serantur,
803 2387 903 2441 aut
924 2378 1184 2440 alienum
1216 2374 1425 2436 saltem
1449 2379 1509 2433 et
1537 2379 1794 2432 vestrum
1826 2378 1966 2430 tunc

310 2472 706 2555 implorarent
755 2459 1035 2530 auxilium
1064 2465 1094 2525 ‘?
1146 2464 1317 2526 Nunc
1359 2471 1554 2524 autem
1589 2478 1666 2521 ne
1709 2460 1820 2521 hoc
1870 2459 1965 2537 ip-

312 2548 446 2628 sum
522 2561 763 2640 quidem
819 2558 1018 2619 sciunt
1069 2561 1274 2633 aperte
1323 2570 1387 2612 se
1433 2552 1584 2640 pati,
1627 2548 1967 2611 Orationem

309 2671 450 2719 vero
532 2636 982 2727 interrumpens
1077 2641 1444 2721 praefectus:
1519 2636 1965 2707 Divinissimus,

313 2743 532 2821 inquit,
582 2744 786 2800 noster
826 2724 1147 2813 imperator
1183 2729 1386 2821 jussit,
1436 2735 1496 2821 u_t
1542 2725 1653 2787 alia
1727 2724 1968 2806 quidem

313 2817 594 2912 juberem
627 2823 847 2912 valere,
869 2822 985 2883 hoc
1016 2825 1215 2880 autem
1244 2817 1436 2879 solum
1455 2817 1971 2894 facerem,nempe

316 2903 384 2982 ut
413 2917 502 2980 vel
539 2910 961 2996 persuaderem
992 2916 1056 2970 ut
1104 2906 1497 2987 sacriﬁcares,
1529 2912 1630 2968 aut
1659 2912 1721 2965 tu
1750 2903 1972 2985 alioqui

320 3005 475 3071 male
501 3002 753 3087 perires.

2044 2008 2159 2066 οὒδὲ
2215 2023 2334 2073 τοῖς
2392 1998 2517 2066 ὧσὶν
2573 2009 2818 2066 ἀκοῦσαι.
2881 2003 3198 2080 Μειδιάματι
3229 2001 3282 2058 δε
3327 2004 3362 2070 ἡ
3394 2001 3589 2078 μάρτυς
3622 1998 3692 2053 τὰ

2043 2099 2203 2180 χείλη
2234 2098 2604 2169 διακινήσασα.
2641 2096 2883 2174 ’Άγᾱμαί
2939 2116 2997 2152 σε
3056 2093 3149 2161 τῆς
3200 2091 3504 2171 ἀγχινοίας,
3553 2088 3683 2167 ἔφη,

2045 2177 2091 2245 ὦ
2121 2187 2362 2269 δικαστᾶ,
2422 2187 2602 2266 ὅτιπερ
2656 2185 2942 2262 ἱεροσυλίαν
3000 2186 3062 2241 τὸ
3110 2189 3331 2262 πρᾶγμα
3375 2177 3587 2241 καλεῖς.
3631 2177 3689 2233 Εἰ

2047 2279 2147 2356 γὰρ
2199 2301 2279 2341 τις
2335 2265 2584 2343 αἴσθησις
2634 2275 2687 2332 ἐν
2739 2275 2860 2340 τοῖς
2901 2275 3136 2353 ἀψύχοις
3168 2271 3371 2332 τούτοις
3400 2266 3436 2336 ἢ
3465 2265 3685 2341 δύναμις

2047 2368 2137 2445 ἦν,
2198 2368 2246 2423 τί
2304 2365 2501 2423 ἐκώλυε
2551 2363 2981 2438 κατακλωμένοις
3034 2362 3216 2422 αὒτοῖς
3266 2359 3353 2415 καὶ
3400 2377 3686 2412 κατασπωο

2052 2457 2228 2533 μένοις
2287 2458 2375 2513 καὶ
2429 2453 2596 2513 τᾶλλα
2655 2454 2956 2533 πάσχουσιν
3012 2451 3047 2520 ἤ
3092 2452 3307 2511 ἑαυτοῖς
3352 2448 3570 2523 βοηθεῖν
3601 2448 3687 2505 καὶ

2049 2547 2170 2611 τοὺς
2228 2547 2675 2622 ἐμπαροινοῦντας
2737 2543 3053 2622 ἀμύνασθαι,
3099 2541 3134 2609 ἦ
3177 2549 3301 2621 γοῦν
3330 2542 3452 2605 τοὺς
3494 2538 3688 2601 ἄλλους

2050 2636 2260 2699 πάντως
2312 2636 2448 2711 ὑμᾶς
2510 2637 2634 2713 πρὸς
2696 2633 2895 2708 ἄμυναν
2943 2632 3075 2698 τέως
3105 2630 3483 2702 ἐπιϐοήσασθαι
3517 2649 3532 2709 ;
3568 2628 3695 2686 Νυνὶ

2052 2724 2107 2780 δὲ
2136 2723 2240 2782 οὐδ’
2278 2726 2405 2783 αὐτὰ
2447 2727 2602 2783 τοῦτο
2658 2725 2921 2801 ἄντικρυς,
2966 2721 3048 2778 ὅτι
3105 2721 3429 2799 πάσχουσιν,
3484 2718 3689 2776 ἴσασιν.

2057 2816 2326 2892 Ἐγκόψας
2391 2813 2446 2870 δὲ
2516 2817 2605 2873 τον
2672 2798 2830 2892 λόγον
2900 2815 2928 2869 ὁ
2997 2798 3265 2890 ἔπαρχος,
3319 2798 3377 2867 Ὀ
3426 2807 3689 2868 θειότατος

2052 2906 2207 2978 ἡμῶν
2263 2902 2533 2981 βασιλεὺς,
2596 2905 2721 2985 ἔφη,
2781 2901 2951 2960 τᾶλλα
3008 2900 3105 2975 μὲν
3157 2901 3366 2979 χαίρειν
3396 2897 3509 2977 ἐᾷν,
3536 2902 3690 2952 τοῦτο

2054 2993 2109 3050 δὲ
2169 2994 2328 3069 μόνον
2388 2992 2635 3072 πράττειν
2693 2992 2988 3071 ἐκέλευσεν,
3047 2988 3082 3057 ἥ
3140 2992 3288 3046 θῦσαι
3360 3000 3476 3051 τοῖς
3552 2988 3695 3047 θεοῖς

2054 3087 2385 3159 πεισθεῖσαν,
2421 3083 2454 3152 ἦ
2488 3090 2665 3148 κακῶς
2695 3080 3006 3139 ἀπολέσθαι.

397 3180 609 3249 XXVI.
660 3182 984 3271 Postquam
1013 3195 1159 3271 vero
1182 3263 1195 3271 ἡ
1219 3175 1369 3237 dixit
1403 3181 1642 3271 martyr,
1680 3192 1798 3234 non
1839 3190 1969 3271 esse

2061 3261 2081 3271 Δ
2141 3172 2282 3247 ag“.
2320 3173 2469 3230 Ἐπεὶ
2502 3171 2556 3229 δὲ
2587 3175 2622 3241 ἡ
2674 3172 2897 3250 μάρτυς,
2959 3170 3065 3228 Οὗκ
3109 3167 3251 3225 ἔστιν
3298 3165 3589 3224 ἀπολέσθαι
3638 3164 3700 3220 τὸ

322 3273 545 3357 perire,
580 3269 735 3331 mori
785 3253 1031 3347 propter
1059 3263 1384 3357 Cbristum,
1417 3263 1521 3323 sed
1563 3253 1743 3324 ivitam
1779 3260 1969 3341 potius

2056 3261 2139 3357 διὰ
2193 3263 2421 3357 ξριστὸν
2476 3261 2790 3339 ἀποθανεῖν,
2853 3260 3058 3338 ἔλεγεν,
3116 3256 3251 3315 ἀλλᾶ
3303 3256 3443 3329 ζωῆς
3496 3253 3701 3330 μᾶλλον

322 3344 606 3427 aeternam
640 3344 912 3419 firmi—teri
937 3352 1386 3436 apprehendere
1422 3373 1433 3414 :
1471 3370 1602 3412 cum
1666 3350 1969 3433 praefectus

2054 3352 2263 3407 αἰωνίου
2330 3349 2553 3428 βεϐαίως
2626 3347 3012 3427 ἀντιλαϐέσθαι,
3082 3344 3313 3409 πολλοὺς
3395 3347 3484 3402 καὶ
3554 3347 3703 3407 αὖθις

320 3469 529 3517 rursus
561 3446 840 3511 movisset
870 3430 1053 3506 multa
1082 3440 1398 3503 verborum
1432 3430 1724 3515 eianiina,
1757 3439 1969 3519 multos

2054 3443 2285 3511 κινήσας
2342 3444 2370 3498 ὁ
2428 3440 2612 3520 ἄρχων
2669 3439 2841 3517 λόγων
2908 3437 3123 3513 ἐσμοὺς,
3174 3434 3388 3494 πολλῶν
3437 3432 3491 3490 δὲ
3522 3430 3702 3512 φόϐων

321 3550 522 3604 autem
543 3547 739 3600 metus
773 3543 948 3616 atque
966 3533 1116 3595 adeo
1139 3531 1325 3611 ipsam
1353 3539 1605 3593 mortem
1631 3529 1685 3591 ei
1702 3527 1969 3607 redegis-

2054 3531 2144 3586 καὶ
2204 3533 2360 3590 αὗτοῦ
2413 3531 2723 3603 ὑπομνήσας
2780 3529 3025 3601 θανάτου,
3084 3526 3199 3583 ἐπεὶ
3248 3525 3461 3582 πάντων
3508 3523 3705 3589 ἒπίσης

328 3638 428 3695 set
472 3631 535 3692 in
567 3613 943 3699 memoriam,
981 3621 1082 3684 ubi
1111 3620 1258 3682 vidit
1290 3636 1419 3682 eain
1470 3619 1672 3681 omnia
1698 3636 1769 3681 ex
1813 3635 1969 3697 atque

2063 3620 2201 3700 ἐώρα
2258 3618 2659 3697 καταγελῶσαν,
2719 3618 2965 3697 ἀναφέρει
3020 3618 3107 3672 καὶ
3178 3617 3319 3676 αὖθις
3392 3613 3565 3670 πάντα
3625 3616 3705 3685 τῷ

322 3720 645 3791 ridentem,
678 3714 880 3777 omnia
937 3729 1147 3773 rursus
1186 3709 1369 3772 refert
1401 3707 1474 3770 ad
1532 3708 1969 3789 imperatorem.

2061 3708 2301 3786 βασιλεῖ’
2366 3708 2446 3789 ἐφ’
2508 3709 2596 3773 οἷς
2653 3707 2849 3764 ἐκείνου
2911 3703 3115 3782 μᾶλλον
3156 3705 3229 3767 εἷς
3259 3702 3710 3783 όργῆνδποκινη-

322 3812 577 3889 Propter
599 3789 730 3886 quae
760 3821 892 3865 cum
928 3801 1032 3863 ille
1049 3799 1265 3861 fuisset
1287 3796 1472 3889 magis
1499 3796 1570 3889 ad
1595 3797 1746 3889 iram
1775 3795 1969 3857 incita-

2061 3800 2262 3873 θέντος,
2296 3800 2384 3856 καὶ
2428 3798 2476 3855 τί
2506 3796 2611 3854 δέοι
2670 3797 2917 3872 πράττειν
2976 3792 3061 3851 ἐπ’
3119 3792 3252 3870 αὐτῇ
3314 3789 3708 3865 διασκεπτομέ-

323 3885 532 3971 ιιιβίοι
563 3885 845 3976 quidnam
880 3890 953 3952 de
980 3908 1049 3974 ea
1081 3894 1386 3970 Oporteret
1419 3886 1567 3963 fieri,
1595 3885 1977 3976 deliberaret,

325 3984 566 4051 acecdit
582 3974 806 4063 aliquis
837 3999 908 4043 ex
931 3979 1004 4040 iis
1032 3978 1133 4059 qui
1156 3995 1288 4038 cum
1323 3994 1392 4038 eo
1426 3974 1898 4050 versabantur,et
1927 3976 1983 4036 ei

326 4074 651 4140 studebant
674 4068 1015 4150 gratiﬁcari,
1036 4074 1094 4129 et
1125 4087 1138 4130 :
1170 4063 1610 4144 Jube,inquit,o
1634 4065 1980 4145 imperator,

324 4184 453 4229 eam
489 4162 642 4225 tradi
673 4160 928 4242 Ulpiano
962 4156 1227 4240 pontifici
1278 4154 1573 4235 Capitolii.
1609 4153 1675 4215 Ei
1708 4160 1864 4216 enim
1896 4157 1982 4215 vel

324 4255 585 4319 maxime
617 4268 777 4314 curae
808 4249 941 4325 erit,
979 4255 1041 4309 ut
1089 4245 1191 4327 qui
1224 4244 1299 4305 sit
1329 4243 1575 4304 deorum
1610 4242 1893 4322 pontifex,
1929 4251 1988 4306 et

322 4345 412 4407 vel
446 4343 691 4405 omnino
725 4335 1138 4421 persuadebit,
1172 4333 1264 4395 vel
1314 4331 1701 4394 acerbissime
1731 4333 1986 4412 puniens

321 4433 491 4495 tollet
520 4431 595 4492 de
630 4428 827 4491 medio
866 4446 882 4503 ;
914 4441 1124 4487 omnes
1179 4429 1376 4483 autem
1409 4421 1541 4501 ejus
1571 4421 1901 4501 facultates,
1935 4421 1984 4483 si

2064 3913 2177 3969 νου,
2237 3889 2476 3968 πρόσεισί
2531 3910 2609 3951 τις
2666 3893 2769 3943 τῶν
2831 3885 3092 3942 συνόντων
3161 3885 3248 3939 καὶ
3302 3881 3605 3962 χαρίζεσθαί
3662 3890 3711 3944 οἱ

2066 3977 2149 4035 διὰ
2203 3976 2435 4045 σπουδῆς
2492 3978 2798 4054 τιθεμένων,
2851 3976 2962 4054 καὶ,
2997 3972 3280 4047 Κέλευσον,
3310 3972 3493 4048 φησὶν,
3527 3969 3573 4026 ὦ
3600 3969 3708 4045 βα-

2066 4067 2233 4143 σιλεῦ,
2295 4066 2576 4142 Οὐλπιανῷ
2629 4067 2826 4133 ταύτην
2879 4071 2957 4139 τῷ
3009 4061 3258 4143 ἀρχιερεῖ
3313 4059 3406 4116 τοῦ
3470 4079 3708 4116 καπιτω-

2068 4156 2182 4214 λίου
2208 4156 2592 4235 παραδοθῆναι.
2626 4156 2808 4229 Τούτῳ
2838 4155 2938 4233 γὰρ
2980 4154 3069 4209 καὶ
3112 4149 3342 4227 μάλιστα
3395 4150 3468 4209 ὡς
3520 4148 3708 4227 ἀρχιε-

2067 4248 2153 4323 ρεῖ
2203 4252 2308 4303 τῶν
2362 4251 2496 4303 θεῶν
2551 4243 2798 4318 μελήσει,
2857 4245 2945 4301 καὶ
3001 4242 3036 4311 ἦ
3093 4241 3260 4298 πείσει
3290 4238 3525 4310 πάντως,
3560 4235 3712 4303 ἤπι-

2066 4336 2295 4414 κρο’τατα
2341 4334 2738 4411 τιμωρούμενος
2791 4332 3091 4410 ἀναιρήσει,
3149 4328 3248 4396 τὴν
3308 4324 3364 4382 δὲ
3397 4347 3457 4402 γε
3500 4345 3709 4400 περιου-

2067 4427 2182 4481 σίαν
2212 4426 2375 4492 αὐτῆς
2428 4428 2621 4495 πᾶσαν,
2683 4421 2736 4478 εἴ
2790 4443 2871 4484 τις
2932 4419 3030 4499 ἄρα
3083 4420 3169 4476 καὶ
3197 4413 3598 4486 ὑπολέλειπται,
3630 4418 3709 4484 τῷ

320 4518 503 4584 modo
548 4518 669 4581 sint
695 4517 830 4578 ulla;
858 4495 1130 4594 reliquae,
1169 4495 1471 4572 dedicabi't
1505 4508 1817 4592 Capitolio.
1853 4495 1969 4575 P'la‘

2068 4512 2374 4586 καπιτωλίῳ
2438 4511 2718 4579 ἀνάθηται.
2794 4495 3024 4585 ’Ἠρεσκε
3085 4513 3250 4564 ταῦτα
3315 4511 3391 4578 τῷ
3463 4500 3705 4580 βασιλεῖ,

323 4613 586 4672 cuerunt
618 4606 745 4667 haec
774 4599 1145 4682 imperatori,
1182 4611 1242 4661 et
1273 4607 1448 4680 prout
1480 4600 1671 4661 fuerat
1697 4600 1980 4677 monitus,

326 4694 624 4759 accersito
655 4691 934 4773 Ulpiano,
974 4707 1103 4752 eam
1134 4687 1187 4751 ei
1219 4687 1422 4751 tradit.
1455 4687 1563 4751 Iile
1593 4707 1733 4752 vero
1764 4690 1988 4752 faciens

325 4784 634 4848 diversum
679 4781 753 4844 ab
809 4778 1128 4861 asperitate
1181 4778 1583 4859 imperatoris,
1615 4786 1746 4841 astu
1789 4789 1986 4841 autem

326 4875 533 4958 potius
562 4890 628 4934 se
660 4889 793 4935 eam
824 4887 958 4932 esse
994 4874 1437 4950 superaturum,
1471 4876 1529 4928 et
1582 4869 1633 4928 ei
1672 4886 1986 4948 persuasu-

323 4955 456 5028 rum
488 4961 818 5038 conﬁdens,
857 4976 987 5021 eam
1022 4956 1359 5020 honorifice
1388 4955 1627 5021 abducit
1658 4958 1716 5018 in
1747 4957 1988 5021 domum

323 5071 491 5117 suam
503 5102 517 5116 .

403 5138 642 5206 XXVII.
673 5137 744 5200 Et
769 5136 1027 5219 primum
1056 5135 1298 5218 quidem
1321 5136 1531 5199 multis
1556 5136 1746 5217 iisque
1764 5135 1984 5219 proba-

321 5230 544 5292 bilibus
588 5227 810 5305 verbis,
850 5246 961 5308 per
995 5226 1266 5288 auditum
1300 5225 1737 5305 quodammodo
1780 5226 1983 5289 infun-

320 5318 464 5381 dere
478 5334 776 5380 venenum
797 5334 909 5378 con
924 5316 1065 5377 tend
1077 5314 1479 5377 ebat.Deinde
1502 5317 1676 5377 etiam
1695 5334 1987 5398 peraspe-

320 5414 479 5470 ctum
511 5405 790 5467 adhibuit
821 5403 1269 5484 deceptionem,
1300 5403 1474 5463 valde
1498 5404 1763 5484 improbe
1786 5415 1842 5467 et
1863 5424 1984 5467 ma-

315 5494 511 5556 litiose
547 5512 744 5573 oppon
762 5511 868 5553 eus
894 5480 1193 5554 contraria
1215 5480 1728 5554 contrarii‘szliinc
1745 5495 1986 5574 quidem

314 5580 577 5643 mundos
634 5581 960 5643 muliebres
988 5580 1325 5642 luculentus
1355 5588 1413 5641 et
1461 5591 1874 5661 sumptuosos,
1911 5584 1988 5644 il-

314 5669 437 5735 linc
483 5675 680 5731 autem
714 5686 893 5731 omne
940 5687 1103 5751 genu
1133 5686 1161 5731 s
1196 5675 1490 5731 tormenta
1524 5690 1540 5744 ;
1574 5670 1713 5732 hinc
1763 5672 1989 5753 lapides

2067 4605 2155 4661 καὶ
2213 4603 2349 4660 κατὰ
2403 4602 2498 4664 τὰς
2556 4598 2826 4667 ὑποθήκας
2880 4596 3179 4658 Οὐλπιανὸν
3229 4592 3457 4655 καλέσας
3508 4589 3709 4655 ταύτην

2070 4693 2209 4767 αὒτῷ
2265 4689 2633 4770 παραδίδωσιν.
2700 4678 2756 4747 Ὀ
2814 4687 2868 4743 δὲ
2925 4692 3023 4754 τῆς
3080 4681 3341 4763 βασιλέως
3372 4680 3707 4760 τραχύτητος

2067 4781 2365 4839 τούναντίον
2425 4786 2617 4859 ποιῶν,
2676 4775 2937 4844 δεινότητι
2992 4774 3047 4832 δὲ
3106 4772 3310 4850 μᾶλλον
3379 4770 3708 4849 περιέσεσθαι

2069 4872 2158 4927 καὶ
2186 4883 2371 4928 πεῖσαι
2425 4868 2626 4948 θαῤῥῶν
2682 4869 2774 4924 σὺν
2832 4868 2964 4943 τιμῇ
3018 4865 3215 4930 ταύτην
3273 4861 3345 4925 εἷς
3409 4860 3502 4916 τὸν
3552 4859 3712 4916 αὖτοῦ

2071 4960 2228 5017 οἷκον
2256 4959 2474 5038 ἀπάγει,

2152 5139 2276 5199 ΚΖ’.
2311 5140 2408 5198 Καὶ
2436 5139 2619 5217 πρῶτα
2649 5136 2747 5214 μὲν
2799 5133 3025 5197 πολλοῖς
3071 5132 3158 5189 καὶ
3216 5132 3463 5192 πιθανοῖς
3522 5124 3706 5201 λόγοις

2068 5228 2153 5285 διὰ
2180 5234 2277 5296 τῆς
2308 5212 2684 5304 ἀκοῆςνῶσπερ
2716 5224 3021 5304 κατασχεῖν
3051 5219 3367 5301 ἐφιλονείκει
3418 5216 3479 5272 τὸ
3529 5212 3712 5284 δηλη-

2068 5320 2272 5396 τήριον·
2334 5318 2455 5373 εἶτα
2512 5318 2599 5374 καὶ
2664 5315 2728 5371 δι’
2787 5314 2961 5390 ὅψεως
3018 5312 3115 5379 τὴν
3187 5309 3399 5373 ἀπάτην
3469 5307 3710 5383 προσῆγε

2072 5408 2267 5486 σφόδρα
2324 5405 2666 5486 κακοτέχισως
2724 5405 2789 5463 τὰ
2856 5402 3062 5461 ἐναντία
3111 5399 3232 5463 τοῖς
3264 5396 3529 5456 ἐναντίοις
3558 5391 3708 5448 ἆντιυ

2070 5483 2243 5560 τιθείς·
2307 5496 2446 5553 ἔνθεν
2504 5483 2600 5571 μέν
2658 5493 2980 5571 γυναικείους
3038 5490 3269 5565 κόσμους
3328 5483 3569 5546 εὖανθεῖς
3621 5483 3712 5537 καί

2072 5585 2408 5666 πολυτελεῖς,
2468 5585 2668 5642 ἐκεῖθεν
2725 5581 2779 5639 δὲ
2835 5578 3145 5639 παντοδαπὰ
3177 5572 3571 5653 στρεϐλωτήρια
3621 5572 3735 5627 καὶ.

2072 5675 2324 5734 ποικίλων
2394 5662 2589 5757 δ’ργανα
2657 5671 3107 5752 βασανιστηρίων,
3178 5666 3321 5726 ἔνθεν
3386 5662 3561 5727 λίθους
3632 5681 3714 5725 τι·
