4056 6142
338 341 452 407 597

1175 347 1645 411 MARTYRIUM
1691 348 1752 411 S.
1817 347 2264 413 ANASTASLE
2307 347 2404 409 ET
2449 348 2855 410 SOCIARUM.

3586 346 3702 415 598

337 478 488 552 μίους
561 478 646 534 καὶ
718 477 907 557 χάριεν
988 476 1230 557 ἀτεχνῶς
1289 479 1730 554 ἁπολάμποντας,
1792 481 1993 539 ἐκεῖθεν

2079 483 2368 561 pretiosos
2393 488 2450 542 et
2465 488 2628 559 grato
2653 460 3521 564 nitoreresplendentes,illinc
3542 502 3714 548 enses

336 566 455 642 ξίφη
529 564 783 645 φρικῶδες
844 567 929 622 καὶ
1002 563 1222 644 φοϐερὸν
1296 565 1701 640 ἀποστίλϐοντα,
1768 569 1985 628 ἐνταῦθα

333 659 431 729 μὲν
488 655 665 720 κλίνας
727 656 1126 733 ἂργαρηλάτους
1191 655 1285 712 καί
1348 656 1619 735 στρώμασι
1671 657 1981 739 φιλοκάλοις

331 745 764 820 κεκοσμημέναις,
800 745 1002 801 ἐκεῖθεν
1054 743 1107 800 δὲ
1151 744 1363 809 κλοιοὺς
1407 748 1491 802 καὶ
1525 745 1692 820 δεσμὰ
1751 750 1980 825 κακούρ-

329 857 437 912 γων
510 835 598 890 καὶ
656 831 899 913 χαλεπὰς
973 833 1264 911 μάστιγας.
1313 836 1372 892 Τί
1427 832 1491 902 δὴ
1536 842 1699 891 ταῦτα
1743 837 1911 892 ποιῶν
1955 840 1983 894 ὁ

330 922 495 986 δεινὸς
551 925 639 979 καὶ
693 920 777 979 διὰ
808 925 857 979 τί
897 936 1015 987 τοῖς
1048 936 1311 1002 χρηστοῖς
1365 924 1640 980 συνάπτων
1672 927 1735 982 τὰ
1782 924 1978 1006 δυσχε-

331 1019 448 1091 ρῆς
509 1011 584 1070 ’ἶν’
646 1012 675 1080 ἢ
733 1025 849 1074 τοῖς
881 1010 1125 1088 φαιδροῖς
1200 1012 1538 1090 ἐπαγάγηται
1571 1014 1606 1082 ἢ
1662 1014 1981 1091 καταπλήξ-ῃ

330 1117 448 1168 tam;
530 1100 804 1182 φοϐεροῖς.
879 1098 1027 1158 Ἀλλ’
1111 1101 1346 1175 ἐψύσατο
1420 1105 1454 1171 ἡ
1514 1100 1684 1159 ἀδικία
1762 1105 1978 1177 ἑαυτὴν,

330 1192 466 1247 κατὰ
520 1193 582 1247 τὸ
613 1195 759 1247 θετον
815 1191 971 1267 φάναι
1033 1189 1227 1264 Δαυ³ιδ,
1277 1191 1363 1246 καὶ
1424 1197 1495 1254 εἰς
1529 1190 1673 1250 οὒδέν
1717 1201 1879 1249 ταῦτα
1914 1200 1981 1269 τῇ

334 1281 551 1359 μσίρτυρι
610 1280 978 1356 ἐλογίσθησαν.
1068 1282 1204 1346 Φησὶ
1276 1280 1375 1359 γὰρ
1447 1281 1582 1354 μετὰ
1640 1284 1984 1360 φρονήματος

333 1370 599 1448 ἐλευθέρου
654 1371 738 1425 καὶ
770 1376 982 1426 συνετοῦ
1041 1371 1472 1443 καταστήματος
1534 1370 1657 1427 Ἐπὶ
1701 1371 1758 1426 σὲ
1819 1378 1979 1427 ταῦτα

333 1460 527 1533 πάντα,
591 1456 825 1533 διάϐολε,
870 1460 957 1514 καὶ
1001 1460 1081 1513 σοὶ
1152 1457 1385 1514 ἔστωσαν
1430 1459 1599 1533 μόνῳ*
1661 1458 1844 1537 ὅτιπερ
1888 1463 1979 1515 σὺν

2069 569 2354 631 micantes
2378 570 2784 652 horribiliter;
2820 572 2957 633 hinc
2983 573 3223 653 quidem
3260 574 3445 635 lectos
3471 584 3713 651 argento

2066 657 2451 739 incrustatos,
2476 669 2534 721 et
2561 661 2836 740 stragulis
2879 660 3250 740 elegantibus
3281 663 3716 739 ornatos,illinc

2066 759 2265 809 autem
2302 746 2545 809 cellaria
2575 758 2633 810 et
2664 750 2899 811 vincula
2946 751 3376 827 maleﬁcorum,
3411 761 3468 812 et
3518 752 3713 830 gravia

2067 836 2320 913 ﬂagella.
2355 837 2469 899 Cur
2505 856 2639 899 vero
2671 838 2784 900 hoc
2814 838 3070 901 faciebat
3126 840 3215 901 vir
3245 841 3345 902 ille
3376 841 3626 902 callidus
3655 851 3716 904 et

2065 935 2313 1005 astutus,
2351 934 2405 986 et
2439 944 2546 986 cur
2576 946 2709 987 cum
2769 927 3040 1007 benignis
3070 928 3466 1009 conjungebat
3496 929 3714 992 acerba

2066 1021 2124 1075 et
2145 1013 2436 1076 molesta?
2464 1012 2541 1076 Ut
2570 1016 2659 1075 vel
2691 1015 2871 1078 rebus
2902 1017 3053 1078 laetis
3082 1017 3357 1096 illiceret,
3392 1018 3480 1079 vel
3515 1026 3710 1081 terro-

2065 1122 2189 1165 rem
2223 1104 2461 1165 afferret
2474 1102 2651 1165 rebus
2678 1104 3197 1167 terribilibus.Sed
3219 1106 3477 1189 seipsam
3502 1107 3714 1168 fefellit

2063 1193 2370 1272 injustitia,
2408 1201 2472 1252 ut
2523 1193 2667 1255 dicit
2715 1194 2951 1256 divinus
3002 1194 3182 1257 David
3207 1197 3263 1272 3,
3299 1203 3356 1257 et
3402 1196 3528 1257 haec
3573 1204 3711 1257 sunt

2063 1301 2168 1362 pro
2194 1282 2378 1342 nihilo
2410 1290 2683 1361 reputata
2709 1301 2741 1343 a
2777 1290 3061 1362 martyre.
3097 1283 3250 1345 Βὶοίι
3279 1283 3463 1359 enim,
3486 1284 3707 1346 libera-

2062 1372 2178 1432 lem
2201 1388 2396 1450 prazse
2419 1372 2616 1431 ferens
2632 1372 3300 1454 spiritum,gravemque
3322 1375 3706 1435 ethonestum

2063 1460 2326 1521 habitum
2364 1481 2377 1517 :
2426 1458 2488 1520 In
2525 1468 2580 1521 te
2633 1460 2757 1522 haec
2789 1463 3009 1533 omnia,
3040 1461 3298 1541 diabole,
3328 1470 3388 1523 et
3435 1462 3539 1524 libi
3589 1463 3711 1524 sint

333 1550 519 1613 αὖτοῗς
549 1554 616 1624 τῇ
671 1546 908 1619 ἀπωλείᾳ
964 1545 1329 1626 παραδοθήσῃ.
1370 1550 1424 1605 Εἰ
1481 1546 1535 1603 δὲ
1577 1549 1662 1604 καὶ
1708 1550 1979 1625 μαστίγων

2059 1550 2212 1620 soli;
2246 1548 2525 1629 quoniam
2559 1567 2691 1611 cum
2724 1550 2811 1611 eis
2845 1549 3094 1611 traderis
3137 1550 3208 1611 ad
3243 1552 3568 1613 interitum.
3602 1551 3709 1613 Sin

329 1640 384 1695 ἐν
438 1637 589 1715 πείρᾳ
650 1658 715 1708 με
788 1637 1023 1713 γενέσθαι
1083 1636 1502 1712 παρασκευάσεις
1561 1639 1648 1693 καὶ
1699 1651 1814 1703 τοῖς
1885 1636 1975 1693 δε-

2057 1646 2257 1700 autem
2294 1637 2543 1713 efﬁcies,
2582 1648 2642 1699 ut
2666 1638 3033 1718 ﬂagellorum
3063 1640 3520 1719 quoquefaciam
3547 1640 3709 1719 peri-

328 1742 488 1804 σμοῖς
546 1727 754 1787 τούτοις
814 1726 900 1781 καὶ
960 1738 1076 1789 τοϊς
1146 1725 1353 1788 κλοιοῖς
1412 1728 1657 1804 βαρυνεϊς
1714 1727 1801 1782 τὸν
1846 1726 1973 1801 ἐμὸν

2057 1727 2281 1802 culum,
2300 1734 2357 1788 et
2378 1728 2473 1791 his
2501 1727 2752 1789 vinculis
2774 1736 2832 1789 et
2856 1728 3181 1789 collaribus
3200 1728 3466 1806 gravabis
3486 1727 3704 1790 collum

325 1821 551 1898 αὖχενα,
584 1818 704 1872 τότε
769 1818 834 1881 δὴ
878 1815 966 1870 καὶ
1018 1813 1221 1888 μᾶλλον
1269 1815 1341 1877 ὡς
1399 1816 1600 1889 κόσμον
1632 1816 1745 1871 τινὰ
1796 1818 1969 1871 ἔπαυ-

2056 1836 2279 1891 meum,
2319 1826 2460 1878 tunc
2505 1824 2781 1899 tanquam
2816 1818 3053 1898 aliquod
3089 1818 3225 1878 colli
3263 1824 3702 1893 ornamentum,

326 1908 508 1989 χένιον
556 1907 648 1961 τὸν
678 1904 817 1982 παρὰ
868 1911 959 1960 σοῦ
988 1903 1168 1960 κλοιὸν
1208 1902 1432 1983 φέρουσα
1475 1904 1671 1979 ἀρεστὴ
1702 1904 1795 1960 καί
1847 1904 1966 1960 ἐπί-

2056 1906 2209 1986 quod
2244 1905 2389 1967 mihi
2421 1912 2715 1987 impones,
2744 1906 2963 1969 collare
2989 1907 3492 1986 gestans,Christo
3522 1925 3705 1987 appa-

325 2019 486 2078 χαρις
547 2000 621 2069 τῷ
664 1995 871 2068 Χριστῷ
913 2001 1198 2073 φανοῦμαι·
1259 1993 1339 2048 ὅτι
1399 1995 1553 2055 αὕτός
1609 1993 1718 2049 ἐστι
1777 1995 1967 2071 Σωτήρ

2056 1994 2197 2058 rebo
2230 1999 2451 2073 gratior
2477 2005 2535 2058 et
2564 1997 2872 2058 venustior
2906 2015 2918 2058 :
2973 1997 3252 2074 quoniam
3282 1997 3410 2077 ipse
3441 2005 3531 2057 est
3560 1993 3705 2056 Ser-

327 2109 428 2163 μου
499 2087 587 2140 καὶ
644 2081 986 2161 ἀντιλήπτωρ
1039 2105 1140 2158 μου
1184 2085 1269 2138 καὶ
1313 2082 1396 2138 ἐπ’
1456 2083 1598 2156 αὗτῴ
1654 2080 1877 2149 ἤλπισεν
1932 2084 1967 2150 ἡ

2056 2095 2220 2147 vetor
2265 2105 2431 2149 meus
2464 2095 2521 2149 et
2578 2086 2860 2148 defensor
2905 2104 3096 2163 meus,
3130 2093 3189 2148 et
3246 2085 3309 2146 in
3346 2102 3415 2145 eo
3450 2082 3709 2165 speravit

329 2173 508 2253 καρδία
541 2196 666 2249 μου,

2060 2194 2166 2237 CUI‘
2196 2194 2418 2239 meum.

413 2262 555 2322 [ιη’.
590 2268 697 2329 Τῆς
756 2262 843 2318 οὖν
886 2260 1293 2340 μεγαλοψυχίας
1347 2259 1623 2324 ἐκπλαθεὶς
1680 2261 1777 2326 τὴν
1834 2261 1976 2339 μάρ-

2140 2265 2406 2330 XXVIlI.
2458 2267 2728 2348 Martyris
2758 2268 2957 2344 itaque
3015 2266 3199 2326 animi
3230 2262 3704 2343 magnitudinem

331 2375 458 2432 νυρα
503 2355 531 2408 ὁ
588 2350 885 2414 Οὒλπιανὸς
932 2352 1024 2407 καί
1067 2350 1245 2429 χρόνῳ
1295 2349 1521 2424 μαλάξαι
1552 2349 1648 2416 τὴν
1705 2349 1974 2406 ἀιένδοτον

2057 2354 2384 2417 admiratus
2414 2355 2723 2436 Ulpianus,
2750 2366 2806 2418 et
2837 2364 2999 2417 ratus
3030 2355 3154 2415 fore
3187 2363 3249 2415 ut
3282 2371 3411 2414 eam
3446 2352 3709 2414 molliret

326 2442 529 2510 οἰηθείς
574 2444 647 2504 εἷς
706 2442 885 2517 τρίτην
927 2441 1131 2517 ἡμέραν
1188 2438 1535 2495 ἀναϐαλέσθαι
1597 2440 1660 2494 τὰ
1722 2441 1837 2517 περὶ
1874 2440 1971 2494 αὐ·-

2059 2452 2349 2523 tempore,
2385 2465 2517 2526 quae
2564 2445 2781 2507 cedere
2812 2445 3072 2519 nolebat,
3105 2445 3166 2505 in
3213 2443 3411 2504 animo
3441 2441 3708 2505 habebat

326 2540 425 2601 τῆς
468 2529 823 2587 διεσκέπτετο.
888 2520 946 2587 Ἠ
982 2527 1034 2583 δὲ
1068 2530 1193 2605 πρὸς
1253 2528 1404 2583 αὐτὸν
1437 2530 1502 2603 τῇ
1546 2525 1786 2605 διατριϐῇ
1843 2526 1963 2585 δυσ-

2056 2520 2198 2611 ejus
2218 2520 2453 2595 causam
2494 2535 2734 2598 differre
2760 2535 2817 2595 in
2863 2535 3101 2596 tertium
3135 2533 3317 2595 diem.
3348 2531 3454 2594 llla
3489 2549 3623 2591 vero
3649 2532 3704 2592 ei

323 2621 664 2701 χεραίνουσα·
731 2617 874 2684 "Han
947 2639 1038 2691 μοι
1111 2617 1205 2679 τὰς
1289 2630 1434 2693 τρεῖς
1504 2616 1694 2678 ταύτας
1768 2614 1967 2693 ἡμέρας

318 2712 501 2783 νόμιζε
538 2706 818 2777 παρελθεῖν
849 2708 935 2763 καὶ
995 2717 1113 2767 τοῖς
1146 2705 1302 2779 ἐμοῖς
1337 2703 1516 2781 λόγοις
1564 2704 1832 2782 πρόσοχες
1878 2703 1967 2759 τόν

315 2806 458 2856 νοῦν.
519 2796 777 2874 ’ἰδοὺ-(ἂρ
835 2796 899 2852 τὰ
955 2795 1084 2850 αὖτά
1141 2815 1223 2849 σοι
1288 2795 1375 2849 καὶ
1408 2800 1493 2848 νῦν
1556 2793 1680 2870 ἐρῶ,
1713 2793 1846 2870 ἅπερ
1904 2790 1965 2847 ἂν

318 2890 461 2944 ετπω
503 2888 589 2942 καὶ
642 2887 768 2941 κετὲι
827 2886 926 2950 τὴν
980 2881 1281 2957 διάσκεψιν,
1316 2881 1396 2939 ὅτι
1450 2896 1565 2945 τοῖς
1595 2886 1737 2945 θεοῖς
1784 2904 1875 2937 σου
1906 2886 1965 2940 οὗ

317 2976 555 3055 λατρεύω
600 2977 688 3031 καὶ
743 2980 819 3046 τῷ
870 2979 947 3046 σῷ
995 2972 1260 3050 γελήματι
1292 2973 1377 3027 καὶ
1434 2978 1510 3043 τῷ
1554 2977 1643 3026 τοῦ
1699 2970 1964 3048 αὐτοκρά-

325 3087 475 3143 τορος
553 3064 959 3135 ἀντιτάσσομαι,
1033 3065 1148 3116 Θύω
1205 3058 1259 3114 δὲ
1328 3059 1505 3116 θυσίαν
1578 3059 1825 3121 αἰνέσεως
1893 3064 1967 3131 τῷ

319 3157 536 3231 βασιλεῖ
587 3159 692 3209 τῶν
728 3152 929 3208 αἰώνων
962 3156 1168 3227 Χριστῷ
1219 3154 1296 3220 τῷ
1338 3148 1450 3222 ἐμῷ
1496 3150 1593 3202 καὶ
1628 3149 1773 3222 μόνῳ
1833 3149 2024 3251 ἆθα-Γ

323 3246 466 3319 νάτῳ
520 3250 654 3317 Θεῷ,
691 3241 819 3319 ὑπὲρ
851 3243 909 3297 οὗ
935 3242 1020 3296 καὶ
1076 3240 1172 3306 τὴν
1202 3239 1383 3317 ψυχὴν
1431 3248 1683 3316 προϊεμαι
1713 3236 1811 3294 καί
1861 3244 1968 3293 τῶν

323 3341 429 3390 σῶν
463 3334 706 3409 βασάνων
755 3329 1088 3409 καταφρονῶ,
1121 3328 1215 3384 ἵνα
1259 3328 1481 3403 Χριστὸν
1512 3335 1671 3402 μόνον
1729 3325 1969 3404 κερδήσω

324 3422 421 3488 τὴν
480 3422 692 3477 αἰωνίαν
751 3420 915 3490 ζωήν,
978 3420 1074 3476 Καὶ
1123 3418 1204 3496 ὃς,
1256 3415 1509 3495 ’Ἔγνω-ι,
1544 3414 1668 3494 ἔφη,
1730 3416 1962 3488 παντως,

321 3512 402 3568 ὅτι
458 3512 551 3567 τὸν
581 3509 767 3584 ὅμοιον
823 3514 898 3582 τῷ
930 3511 1135 3585 Χριστῴ
1189 3528 1281 3562 σου
1311 3506 1531 3561 θάνατον
1586 3505 1967 3570 ἁνοηταίνοοσα

326 3603 417 3657 καὶ
468 3600 601 3667 αὐτὴ
631 3603 774 3676 αἱρῇ.
814 3592 873 3653 Ἠ
906 3595 958 3652 δὲ
1018 3597 1284 3653 ἀκούσασα
1315 3597 1402 3651 καὶ
1433 3601 1508 3667 τῷ
1556 3593 1701 3671 λόγῳ
1731 3594 1963 3669 καθάπερ

320 3694 571 3764 ἡσθεῖσα,
621 3689 819 3763 Ἀμὴν,
890 3687 1056 3761 ἀμὴν,
1125 3685 1250 3764 ἔφη,
1315 3683 1520 3762 γένοιτό
1592 3705 1708 3760 μοι,
1771 3683 1962 3758 Χριστέ

319 3781 506 3856 νλμφίε
548 3779 635 3837 καὶ
665 3776 881 3854 βασιλεῦ
915 3774 928 3837 Ῑ
992 3775 1139 3833 Καὶὸ
1171 3774 1446 3856 ἀρχιερεὺς
1493 3773 1638 3830 εὖθὺς
1689 3770 1958 3847 ἐπηρώτα·

316 3870 378 3928 Τί
407 3855 471 3925 τὸ
503 3867 680 3941 Ἀμὴν
726 3867 858 3933 αὖτῆ
915 3864 1159 3941 βούλεται
1197 3883 1213 3936 ;
1245 3855 1306 3920 Ἠ
1366 3861 1419 3917 δὲ
1454 3861 1673 3937 μάρτυς,
1713 3859 1856 3916 Αλλὰ
1905 3860 1966 3916 σύ

317 3981 379 4034 γε
439 3962 534 4016 οὒκ
592 3955 752 4034 ἇ(ιος,
818 3956 939 4033 ἔφη,
1001 3961 1155 4010 τοῦτο
1208 3956 1422 4027 μαθεῖν’
1466 3949 1581 4007 οὐδὲ
1637 3950 1736 4027 γὰρ
1779 3950 1967 4023 σαπρῷ

317 4047 508 4126 δογείῃ
573 4046 735 4123 μύρον
791 4042 853 4099 ἄν
909 4066 988 4108 τις
1050 4043 1374 4098 πιστεύσειεν
1432 4040 1487 4095 εὖ
1530 4039 1757 4116 φρονῶν,
1824 4037 1966 4094 Οὐλ-

318 4138 514 4200 πιανὸς
564 4135 652 4191 οὖν
711 4137 847 4209 ᾗπερ
903 4131 1165 4206 ἐσκέψατο
1211 4132 1303 4187 καὶ
1338 4129 1621 4199 πεποίηκε,
1658 4128 1753 4183 καί
1808 4132 1964 4204 τριῶν

318 4229 538 4304 ἡμερῶν
601 4223 717 4287 δοὺς
784 4223 914 4289 αὗτῆ
987 4222 1325 4298 προθεσμίαν,
1397 4217 1621 4296 γυναιξὶν
1691 4215 1962 4282 Ἑλληνίσι

321 4319 418 4370 ναὶ
473 4313 609 4368 κατὰ
662 4312 811 4389 γένος
870 4312 1012 4383 αὒτῷ
1068 4306 1457 4387 προσηκόύταις
1512 4305 1854 4383 παραδίδωσι,
1895 4310 1964 4380 τῇ

2054 2631 2295 2700 propter
2323 2642 2545 2684 moram
2580 2624 2897 2700 indignans
2930 2641 2943 2685 :
2978 2624 3134 2695 Jam,
3176 2622 3388 2701 inquit,
3436 2620 3706 2682 existima

2050 2710 2160 2772 hos
2195 2719 2313 2773 tres
2344 2711 2474 2773 dies
2501 2712 2649 2774 mihi
2680 2712 3075 2793 praeteriisse,
3095 2719 3153 2773 et
3185 2710 3334 2771 meis
3365 2708 3558 2771 verbis
3579 2710 3704 2770 ani-

2051 2818 2210 2861 mum
2244 2801 2483 2864 adhibe.
2518 2801 2673 2864 Ecce
2705 2801 2868 2863 enim
2905 2800 3114 2862 eadem
3158 2797 3260 2860 tibi
3290 2816 3449 2859 nunc
3480 2796 3694 2872 dicam,

2049 2908 2179 2968 quas
2213 2889 2442 2952 dictura
2471 2910 2600 2951 sum
2637 2899 2769 2971 post
2801 2889 3295 2952 deliberationem
3325 2908 3337 2948 :
3383 2888 3538 2949 Deos
3570 2894 3701 2948 tuos

2051 2996 2169 3038 non
2215 2978 2367 3050 colo,
2404 2988 2464 3041 et
2495 2987 2607 3041 tute
2667 2979 3160 3058 imperatorisque
3190 2993 3458 3057 repugno
3488 2976 3700 3036 volun-

2050 3067 2175 3127 tati.
2202 3066 2482 3128 Sacrifico
2517 3075 2714 3129 autem
2740 3068 3095 3130 sacriﬁcium
3123 3066 3312 3128 laudis
3344 3064 3698 3125 saeculorum

2052 3155 2175 3234 regi
2235 3157 2493 3236 Christo,
2529 3157 2628 3237 qui
2688 3165 2779 3218 est
2837 3174 3008 3218 meus
3055 3164 3111 3216 et
3159 3154 3322 3216 solus
3349 3151 3698 3214 immortalis

2013 3237 2026 3253 ⁸
2052 3244 2229 3319 Deus,
2260 3263 2363 3324 pro
2388 3265 2504 3324 quo
2551 3246 2724 3307 etiam
2753 3245 3045 3325 profundo
3074 3245 3331 3305 animam
3359 3252 3416 3303 et
3442 3250 3538 3302 tua
3567 3246 3698 3303 tor-

2052 3343 2250 3395 menta
2272 3334 2634 3414 despicio,ut
2658 3334 2848 3395 solum
2876 3333 3173 3396 Christum
3201 3329 3698 3410 lucrifaciam,qui

2050 3429 2140 3483 est
2168 3422 2285 3484 vita
2315 3432 2555 3485 aeterna.
2593 3424 2699 3487 llle
2758 3442 2896 3486 vero
2924 3445 2938 3484 :
2972 3421 3270 3501 Sciebam,
3300 3419 3515 3499 inquit,
3547 3419 3695 3491 fore,

2053 3514 2391 3577 utsimilem
2417 3514 2646 3578 Christo
2673 3522 2931 3576 mortem
2965 3522 3023 3575 tu
3043 3530 3277 3594 quoque
3297 3513 3477 3573 stulta
3505 3510 3696 3588 elige-

2046 3621 2166 3665 res.
2200 3602 2305 3664 Illa
2333 3612 2528 3666 autem
2583 3623 2717 3665 cum
2762 3604 3076 3676 audiisset,
3111 3610 3169 3662 et
3197 3619 3265 3662 ex
3308 3618 3377 3661 eo
3410 3598 3568 3679 quod
3599 3598 3696 3658 di-

2048 3699 2204 3751 ctum
2239 3701 2388 3763 erat,
2418 3691 2678 3752 laetitiam
2712 3691 3093 3770 accepisset:
3127 3693 3348 3759 Amen,
3379 3702 3578 3763 amen,
3601 3684 3699 3743 fiat

2050 3779 2217 3852 mihi,
2254 3779 2468 3860 inquit,
2501 3780 2734 3842 Christe
2785 3780 2866 3839 mi
2899 3795 3122 3859 sponse
3166 3783 3223 3836 et
3251 3774 3394 3835 rex!
3433 3771 3697 3860 Pontifer

2049 3875 2244 3928 autem
2279 3858 2661 3946 interrogavit
2692 3870 2960 3948 protinus
2993 3886 3006 3928 :
3061 3864 3205 3936 Quid
3256 3863 3367 3924 sibi
3398 3863 3519 3922 vult
3547 3858 3694 3921 illud

2053 3959 2274 4019 Amen?
2309 3956 2527 4037 Martyr
2550 3975 2687 4018 vero
2716 3974 2729 4019 :
2765 3957 2880 4019 Sed
2908 3965 2965 4015 tu
3000 3969 3115 4015 non
3148 3971 3237 4027 es,
3263 3949 3697 4033 inquit,dignus

2051 4045 2154 4122 qui
2185 4046 2299 4107 hoc
2323 4046 2742 4107 discas.Nemo
2773 4044 3288 4123 enim,inqnit,qui
3321 4041 3492 4120 sapit,
3524 4056 3694 4099 com-

2054 4133 2282 4195 miserit
2308 4143 2675 4210 unguentum
2709 4134 2825 4194 vasi
2860 4133 3039 4213 putri.
3073 4130 3357 4200 Uluianus
3387 4136 3582 4189 autem
3615 4126 3698 4187 fe-

2046 4229 2127 4283 cit
2182 4232 2244 4285 ut
2280 4231 2621 4292 statuerat;
2662 4231 2722 4283 et
2773 4240 2905 4282 cum
2963 4222 3018 4281 ei
3057 4219 3325 4280 dedisset
3377 4215 3692 4277 terminum

2046 4312 2221 4373 trium
2255 4311 2691 4386 dierum,trarlit
2723 4329 2851 4371 eam
2887 4307 3238 4370 mulieribus
3255 4303 3604 4383 gentilibus,
3635 4312 3695 4362 et

322 4425 379 4459 τε
435 4402 616 4477 ὁμιλίᾳ
644 4402 749 4458 τῶν
799 4406 1059 4477 ⁸ίυναιιῶν
1106 4399 1199 4455 καῖ
1232 4405 1297 4473 τῇ
1343 4398 1631 4473 παρατάσει
1669 4402 1769 4451 τῶν
1818 4394 1960 4467 ἠμε-

2056 4420 2177 4478 quze
2209 4420 2430 4480 genere
2453 4400 2524 4461 ad
2558 4419 2684 4461 ram
2710 4396 3391 4475 attinebant,mulierum
3417 4408 3692 4480 sermone

321 4500 425 4569 ρῶν
474 4492 611 4552 ἴσως
647 4514 690 4547 τι
748 4495 845 4555 τῆς
877 4493 1097 4566 γνώμης
1156 4487 1319 4553 αὐτὴν
1348 4488 1433 4542 καὶ
1465 4483 1789 4559 μεταϐαλεῖν
1846 4483 1993 4569 οἷό-1

2056 4499 2105 4549 et
2127 4479 2356 4552 dierum
2384 4489 2755 4568 longitudine
2775 4488 2926 4567 fore,
2945 4497 3008 4547 ut
3037 4483 3310 4546 nonnihil
3335 4479 3687 4569 sententiam

324 4558 505 4654 μενος,
571 4572 631 4636 Ἠ
704 4578 757 4634 δὲ
815 4577 995 4655 ὥσπερ
1062 4574 1351 4643 ἐπαυξῆσαι
1418 4573 1644 4653 μᾶλλον,
1716 4572 1834 4627 ἀλλ’
1906 4558 1993 4627 οὔ1

2056 4586 2325 4653 mutaret,
2356 4558 2721 4639 existimans.
2750 4577 2853 4638 llla
2884 4558 3024 4638 vero
3056 4593 3187 4637 cum
3212 4571 3327 4633 sibi
3360 4567 3691 4650 persuasis-

321 4679 545 4745 μειῶσαι
603 4671 693 4724 τὸν
753 4666 875 4745 περὲ
951 4668 1172 4743 Χριστὸν
1227 4664 1388 4720 πόθσν
1455 4664 1645 4729 ἑαυτὴν
1713 4662 1961 4735 πείσασα,

2056 4682 2131 4727 set
2157 4686 2365 4742 augere
2388 4679 2599 4741 potius,
2622 4684 2794 4740 quam
2823 4673 3091 4725 minuere
3116 4681 3283 4723 suum
3307 4666 3363 4719 in
3407 4662 3690 4718 ChriStum

319 4772 577 4837 τλνατκας
624 4756 825 4817 ἐκείνας
886 4756 980 4812 καὶ
1032 4754 1219 4831 λ’ὶγους
1276 4752 1499 4815 ἐκείνους
1529 4754 1727 4830 ψόφους
1787 4750 1967 4812 κενοὺς

2056 4755 2436 4826 desiderium,
2468 4752 2748 4813 mulieres
2769 4752 3008 4831 quidem
3035 4752 3191 4824 illas,
3221 4747 3428 4809 etillos
3458 4762 3694 4805 sermo-

320 4852 507 4926 ἡγεϊτο
539 4847 716 4922 μάτην
769 4845 901 4920 αὒτῇ
932 4842 1364 4923 καταχεομένους
1395 4849 1499 4898 τῶν
1542 4841 1738 4914 ἀκοῶν,
1774 4852 1965 4919 χεῖρας

321 4937 373 4992 δὲ
434 4938 545 5012 ἅμα
619 4938 704 4991 καὶ
773 4934 962 5014 φρένας
1016 4935 1086 4993 εἰς
1161 4933 1375 5009 οὖρανὸν
1431 4930 1653 5007 αἴρουσα
1722 4928 1966 5004 συνεργὸν

325 5024 499 5082 ἐκάλει
561 5027 687 5103 πρὸς
723 5026 816 5079 τὸν
846 5023 1029 5102 ἆιρτῦνα
1061 5022 1117 5076 ὃν
1151 5019 1314 5099 ἐφίλει
1376 5022 1622 5098 Χριστὸν,
1658 5015 1791 5092 μηδὲ
1822 5018 1965 5093 βρω-

323 5123 416 5172 τοῦ
460 5136 604 5178 τινος
671 5114 705 5181 ἢ
764 5119 931 5168 ποτοῦ
986 5132 1100 5175 ταις
1156 5112 1321 5187 τρισὶν
1376 5109 1598 5187 ἡμέραις
1664 5116 1962 5183 μετασχεῖν

325 5205 463 5269 ὅλως
496 5202 863 5282 ἀνασχομένη.

414 5380 550 5440 ΚΘ’.
607 5382 749 5438 Μενὰ
790 5379 844 5436 δὲ
878 5381 974 5447 τὴν
1004 5380 1184 5457 τρίτην
1230 5377 1348 5446 ἥκει
1380 5374 1536 5433 πάλιν
1588 5371 1878 5436 Οὒλπιᾱνὸς
1909 5370 1966 5425 ἐκ

331 5478 422 5527 τοῦ
480 5469 675 5550 σφόδρα
720 5471 994 5547 βούλεσθαι
1046 5469 1122 5543 μὴ
1181 5469 1587 5545 ἀπογινώσκων,
1639 5460 1761 5519 ἀλλ’
1813 5461 1967 5543 ἐγγὺς

411 5643 445 5692 3
472 5638 628 5703 Psal.
662 5656 816 5716 xxvi,
852 5643 948 5702 t2.
1036 5641 1064 5692 Α
1097 5638 1251 5703 Psal.
1285 5653 1471 5716 xxvii,
1499 5637 1561 5697 7.

2051 4863 2175 4914 ucs,
2207 4847 2571 4903 existimabat
2617 4860 2744 4901 esse
2776 4848 2977 4901 inanes
3022 4846 3317 4913 strepitus,
3356 4839 3450 4909 qui
3484 4848 3694 4893 temere

2052 4932 2512 4995 effundebantur
2543 4932 2602 4992 in
2634 4948 2808 4992 aures
2835 4950 2849 4990 :
2880 4948 3087 4990 manus
3118 4935 3311 4988 autem
3347 4933 3403 4985 et
3434 4928 3693 4982 mentem

2053 5021 2229 5081 simul
2286 5020 2344 5079 in
2377 5020 2556 5079 altum
2603 5017 2903 5090 attollens,
2937 5015 3007 5076 ad
3041 5032 3212 5094 opem
3272 5013 3327 5072 ei
3384 5007 3690 5094 ferendam

2046 5110 2107 5169 in
2164 5106 2493 5169 certamine
2524 5105 2768 5165 vocabat
2803 5093 3126 5183 Christum,
3162 5118 3342 5179 quem
3390 5093 3689 5183 diligebat,

2047 5216 2159 5259 nec
2191 5197 2389 5257 cibum
2423 5214 2533 5259 nec
2565 5201 2764 5274 potum
2790 5209 3026 5253 sumere
3058 5181 3300 5250 omnino
3333 5183 3524 5246 tribus
3553 5181 3687 5243 die-

2049 5286 2162 5348 bus
2192 5285 2515 5346 sustinens.

2128 5373 2342 5438 ΧΧΙΧ.
2376 5370 2576 5435 Tertio
2628 5379 2830 5432 autem
2858 5369 2960 5432 die
2992 5376 3122 5450 post
3172 5364 3329 5428 venit
3356 5379 3562 5426 rursus
3588 5357 3659 5422 Ul

2052 5464 2358 5547 pianus,ex
2383 5481 2454 5523 eo
2478 5461 2633 5546 quod
2657 5461 2828 5524 valde
2850 5460 3045 5532 vellet,
3075 5456 3317 5519 minime
3340 5452 3689 5532 desperans,
