4056 6142
398 307 517 374 599
1701 297 1976 361 MENSIS
2031 291 2461 356 DECEMBER.
3679 288 3796 355 θοο

395 443 501 508 sed
523 436 855 521 conjiciens
875 454 942 501 se
971 434 1229 517 praedam
1254 439 1459 494 tenere
1479 424 2054 511 propemodum.Ubi

2142 424 2293 521 ἔχεῖν
2349 424 2570 521 εἰκάζων
2605 424 2692 521 πὸ.
2741 424 2975 502 θήραμα.
3032 424 3179 483 Ἐπεὶ
3222 422 3276 481 δὲ
3335 425 3654 502 πυθόμενος
3705 424 3802 480 ἆν-

400 551 538 595 vero
574 513 699 592 eain
730 513 1159 601 interrogasset.
1192 533 1247 582 et
1286 523 1604 581 rescivisset
1628 524 2047 578 incrementum

2142 514 2386 589 εμάθανεν
2458 516 2532 578 ὡς
2604 514 2846 579 ὶπίτασις
2934 515 3066 591 αὗτῇ
3135 515 3321 594 γέγονε
3414 513 3631 591 μᾶλλον
3707 518 3806 581 τῆς

402 619 731 701 sumpsisse
774 616 905 695 ejus
935 612 1290 676 sententiam
1338 606 1708 686 longitudine
1738 603 2046 683 temporis,

2142 602 2351 701 γνώμης
2399 602 2435 669 ἦ
2489 601 2581 701 τοῦ
2634 609 2818 681 καιροῦ
2878 606 3195 683 παρατασις,
3247 605 3339 661 καὶ
3400 603 3487 660 ὅτι
3547 605 3805 682 κρείττων

404 719 465 774 et
488 690 605 773 non
626 690 825 771 solum
830 704 1127 765 bonorum
1145 696 1673 779 promissione,sed
1700 693 1875 756 etiam
1900 711 2047 773 sup-

2142 693 2227 747 οὒκ
2300 690 2618 770 ἐπαγγελίας
2684 692 2892 770 ἀγαθῶν
2971 690 3156 779 μόνον,
3231 691 3372 750 ἀλλὰ
3447 695 3537 751 καί
3617 694 3805 770 πείρας

406 798 724 880 pliciorum
772 791 1090 855 formidine
1122 778 1430 849 mulierem
1491 803 1624 847 esse
1653 784 2048 865 superiorem,

2142 782 2497 880 τιμωριῶνΩὴ
2550 781 2714 880 γυνὴ,
2779 782 2908 860 πρὸς
2978 779 3054 836 ἔτι
3114 778 3167 836 δὲ
3232 784 3319 839 καὶ
3395 788 3501 852 τῆς
3572 787 3804 859 φυσικῆς

406 870 731 969 quinetiam
796 880 1050 943 naturali
1104 894 1340 958 quoque
1392 873 1732 937 necessitati
1805 870 2053 935 minime

407 963 854 1046 concedentem,
887 987 1017 1051 quae
1062 973 1219 1028 tanto
1253 974 1521 1047 tempore
1574 982 1685 1027 nec
1716 963 1914 1026 cibum
1944 979 2055 1022 nec

404 1072 612 1147 potum
666 1058 963 1141 sumpsit:
1004 1065 1314 1147 postquam
1367 1055 1493 1147 haec
1523 1052 1746 1116 audivit
1774 1050 2055 1147 sacerdos

402 1140 686 1217 falsorum
725 1149 1002 1223 deorum,
1037 1146 1097 1208 in
1128 1144 1322 1207 aulam
1356 1143 1596 1224 quidem
1632 1140 1882 1221 prosilit,
1922 1156 2052 1200 eam

404 1261 514 1324 per
542 1259 607 1302 se
639 1238 1014 1302 contendens
1049 1235 1308 1324 trahere,
1342 1249 1598 1324 cumque
1626 1230 1812 1324 vellet
1826 1226 2051 1324 aliquid

400 1317 602 1399 facere
630 1330 1048 1401 inhonestum,
1084 1332 1142 1386 et
1175 1322 1437 1405 profanis
1483 1320 1607 1382 suis
1637 1318 1753 1381 diis
1782 1317 2050 1397 dignum,

403 1420 613 1484 feritur
641 1419 836 1480 statim
894 1415 1065 1497 plaga
1100 1412 1367 1474 immissa
1400 1408 1708 1481 divinitus,
1742 1411 1803 1470 et
1846 1405 2051 1468 oculo-

402 1529 537 1574 rum
569 1510 704 1580 luce
736 1506 1008 1581 orbatus,
1041 1502 1245 1565 obibat
1278 1508 1455 1561 totam
1489 1498 1758 1573 domum,
1794 1515 1912 1558 non
1944 1514 2055 1576 po-

405 1608 539 1663 tens
563 1597 768 1659 videre
797 1595 1071 1676 amplius.
1100 1591 1251 1664 Quin
1285 1590 1461 1652 etiam
1495 1595 1712 1671 praeter
1732 1586 2054 1647 caecitatem

406 1691 946 1749 vehementissimus
979 1685 1143 1745 dolor
1172 1686 1292 1758 ejus
1324 1681 1539 1740 invadit
1560 1679 1777 1738 oculos.
1816 1678 1890 1736 Eo
1918 1692 2057 1749 ergo

2137 870 2377 939 ἀνάγκης
2436 868 2762 947 ὑψηλότερα,
2808 871 2927 937 ητις
2983 868 3097 928 οὐδὲ
3154 871 3447 948 βρώματός
3514 895 3661 936 τινος
3724 874 3807 931 ἐπὶ

2136 966 2387 1016 τοσοῦτον
2444 958 2480 1026 ἢ
2528 958 2768 1035 πόματος
2807 959 3137 1038 ἑπεστραιρηο
3196 962 3269 1023 ὡς
3311 962 3528 1019 τούτων
3578 962 3806 1031 ἤκουσεν
3854 966 3861 973 ’

2137 1050 2165 1103 6
2214 1049 2318 1103 τῶν
2367 1045 2719 1123 ψευδωνύμων
2772 1052 2905 1106 θεῶν
2966 1050 3155 1128 ἱερεύς,
3208 1048 3506 1129 ἐφάλλεται
3571 1055 3671 1126 μὲν
3733 1055 3804 1117 εἰς

2138 1138 2198 1192 τὸ
2254 1149 2501 1209 ταμιεῖον
2549 1135 2615 1192 δι’
2667 1137 2856 1196 ἑαυτοῦ
2897 1136 3097 1205 ταύτην
3167 1136 3387 1196 ἑλκύσαι
3451 1139 3800 1220 φιλονεικῶν,

2136 1226 2226 1281 καί
2279 1248 2328 1282 τι
2359 1227 2445 1282 καὶ
2504 1224 2784 1303 βουληθεὶς
2816 1224 3014 1284 ἄτοπον
3071 1225 3255 1305 δρᾶσαι
3299 1230 3391 1286 καὶ
3452 1232 3568 1286 τῶν
3630 1229 3800 1307 βεϐή-

2136 1313 2243 1370 λων
2280 1314 2437 1372 αὖτοῦ
2479 1317 2609 1373 θεῶν
2667 1314 2831 1381 ἄξιον·
2866 1314 3157 1383 πλῆττεται
3198 1315 3253 1372 δὲ
3314 1318 3513 1378 αὖτίκα
3556 1319 3805 1393 θεηλᾶτςρ

2137 1403 2348 1484 πληγῇ,
2398 1406 2482 1461 καὶ
2540 1405 2632 1469 τὰς
2703 1404 2855 1485 ὄχεις
2926 1403 3231 1472 ἅλλοιωθείς
3311 1410 3535 1486 περιῄει
3593 1407 3802 1465 ἅπαντα

2136 1495 2228 1550 τὸν
2280 1495 2510 1551 οἰκίσκον
2562 1495 2668 1574 οὔχ
2717 1496 2841 1572 ὁρᾷν
2884 1494 2961 1551 ’έτι
3019 1492 3326 1572 δυνάμενος,
3388 1499 3485 1554 καὶ
3547 1499 3683 1577 πρὸς
3739 1505 3803 1575 τῇ

2137 1583 2432 1663 τυφλότητι
2496 1581 2551 1640 δὲ
2604 1584 2698 1640 καί
2750 1581 2998 1661 ἀλγηδὼν
3054 1586 3213 1643 αὐτοῦ
3266 1585 3614 1666 σφοδροτάτη
3672 1591 3800 1643 καθ-

2143 1685 2344 1730 ικνεῖτο
2401 1676 2505 1729 τῶν
2576 1669 2882 1753 ὄφθαλμῶν.
2943 1672 3120 1738 Θῦτως
3180 1674 3269 1732 οῦν
3321 1674 3446 1731 λίαν
3505 1675 3805 1755 περιαλγὴς

407 1776 614 1841 dolore
641 1776 911 1856 atfectus,
936 1773 1151 1837 clamat
1173 1771 1525 1846 sceleratus,
1549 1776 1607 1831 et
1634 1783 1878 1829 suorum
1911 1764 2056 1827 deo-

2142 1763 2428 1856 γενόμενος
2480 1759 2606 1818 ἐϐὸα
2637 1764 2665 1818 6
2728 1763 2941 1840 μιαρὸς,
2988 1766 3075 1819 καὶ
3130 1765 3249 1826 τοῦς
3304 1765 3470 1825 αὐτοῦ
3519 1766 3673 1827 θεοὺς
3729 1768 3799 1827 εἰς

403 1886 536 1930 rum
569 1866 791 1929 misere
834 1864 1147 1926 invocabat
1180 1860 1487 1924 auxilium.
1540 1859 1678 1921 Haec
1708 1864 1906 1920 autem
1938 1873 2057 1916 non

403 1967 634 2020 temere
678 1953 1116 2018 administravit
1170 1947 1568 2021 Providentia,
1602 1945 1710 2007 sed
1762 1952 1823 2005 ut
1851 1962 1987 2007 cum
2017 1943 2061 2004 ii

401 2052 501 2128 qui
533 2052 703 2107 erant
728 2051 917 2119 extra,
940 2041 1297 2128 sensissent,
1326 2047 1382 2101 et
1403 2044 1471 2100 ut
1502 2054 1611 2119 par
1643 2042 2058 2128 e_rat,r.ongre-

402 2122 689 2215 garentur
707 2131 780 2193 ad
804 2150 977 2211 opem
1000 2130 1054 2193 ei
1080 2127 1410 2203 ferendam,
1436 2142 1532 2189 res
1554 2124 1829 2186 evaderet
1863 2122 2058 2184 mani-

404 2212 575 2298 festa,
609 2238 865 2301 quanam
913 2220 1144 2282 ratione
1191 2226 1257 2286 et.
1279 2215 1575 2298 quomodo
1631 2212 1968 2293 accidisset,
2005 2219 2064 2273 et

405 2331 525 2376 non
550 2310 762 2374 liceret
778 2308 1074 2373 sacerdoti
1097 2325 1337 2370 causam
1365 2307 1427 2368 in
1450 2304 1610 2366 aliud
1635 2302 1933 2377 conferre,
1961 2308 2062 2362 aut

410 2401 648 2465 mentiri
676 2400 962 2464 adversus
1008 2395 1385 2460 miraculum.
1419 2392 1587 2469 Quod
1621 2393 1795 2455 etiam
1842 2390 2057 2451 factum

406 2499 518 2569 est,
539 2498 598 2554 et
621 2509 760 2555 cum
780 2489 948 2552 multi
966 2487 1247 2549 adessent
1268 2493 1470 2559 testes,
1502 2482 1792 2569 deductus
1814 2478 2059 2569 domum

409 2567 625 2662 caecus,
653 2587 711 2641 et
738 2578 900 2659 gravi
929 2576 1137 2638 dolore
1183 2575 1451 2647 affectus,
1485 2579 1541 2631 et
1564 2568 1803 2662 deinde
1820 2567 2049 2646 gravio-

405 2672 574 2734 ribus
608 2655 884 2732 dolorum
918 2663 1175 2727 stimulis
1205 2671 1470 2737 vexatus,
1492 2657 1667 2739 jubet
1696 2665 1759 2717 ut
1789 2655 1849 2715 in
1881 2672 2056 2717 exse-

409 2760 697 2824 crandum
729 2758 979 2819 deorum
1011 2769 1251 2814 suorum
1290 2748 1576 2830 templum
1610 2746 1967 2820 deferretur,
2005 2751 2063 2806 et

408 2849 532 2911 illic
578 2847 1000 2927 deponeretur,
1033 2850 1249 2923 putans
1277 2838 1403 2900 fore
1448 2845 1512 2900 ut
1543 2836 1643 2918 qui
1674 2855 1777 2898 eos
1808 2835 2054 2909 coleret,

406 2936 481 3000 ab
531 2937 619 2998 eis
668 2938 1000 2997 curaretur.
1034 2927 1376 3010 Egregiam
1434 2943 1600 3007 vero,
1635 2934 1693 2988 et
1724 2943 1903 3006 quam
1953 2941 2060 3004 par

405 3032 556 3101 erat,
589 3023 680 3087 sui
711 3023 906 3085 cultus
927 3020 1131 3083 retulit
1162 3017 1525 3081 mercedem.
1560 3013 1876 3077 Doloribus
1896 3012 2056 3076 enim

407 3114 605 3178 adhuc
652 3109 1061 3174 vehementius
1131 3126 1267 3171 eum
1329 3103 1772 3179 invadentibus,
1841 3102 2056 3166 emittit

410 3204 586 3270 etiam
627 3201 911 3265 animam.

488 3292 668 3355 XXX.
693 3291 779 3353 Ex
800 3307 870 3351 eo
901 3286 1214 3350 Anastasis
1247 3284 1583 3348 libertatem
1603 3294 1954 3363 consecuta,
1982 3282 2059 3344 il-

404 3385 531 3448 line
573 3380 821 3464 quidem
847 3377 1173 3458 egreditur,
1207 3375 1367 3436 venit
1421 3382 1616 3464 autem
1648 3372 1721 3434 ad
1780 3370 2060 3464 Theodo-

409 3482 557 3555 tem,
591 3462 763 3554 quam
814 3470 979 3549 prius
1012 3463 1444 3555 declaravirnus
1474 3462 1743 3555 habitare
1771 3462 1926 3542 apud
1954 3480 2061 3555 co-

406 3550 626 3625 mitem.
670 3556 1059 3635 Leucadiam,
1094 3562 1151 3616 et
1181 3552 1482 3633 sigillatim
1518 3552 1574 3614 ei
1606 3557 1809 3612 narrat
1839 3550 2058 3627 omnia,

406 3660 524 3716 tam
558 3667 686 3731 quae
730 3664 899 3730 passa
928 3646 1029 3724 sit,
1062 3661 1236 3725 quam
1267 3658 1535 3731 quaeper
1592 3640 1778 3721 ipsam
1812 3647 1871 3700 et
1924 3658 2057 3701 cum

405 3741 538 3823 ipsa
558 3729 716 3801 Deus
735 3729 1185 3823 fecerit.Paucis
1209 3738 1342 3812 post
1361 3729 1575 3793 diebus
1598 3746 2062 3823 comesquoque

406 3816 744 3895 Eeucadius
792 3843 860 3887 ex
914 3821 1186 3903 Bithynia
1241 3838 1543 3895 reversus,
1591 3837 1727 3880 cum
1757 3816 2062 3880 Theodote

416 3916 715 4000 prioribus
746 3913 975 3977 similes
1004 3929 1210 3974 rursus
1232 3909 1440 3972 habuit
1457 3926 1792 3982 sermones,
1828 3915 2063 3970 tentans

408 3996 539 4071 eam
572 4006 883 4069 inducere.
936 4001 1253 4080 Postquam
1309 4006 1506 4061 autem
1553 4000 1737 4059 multa
1786 3996 2059 4079 loquens,

413 4097 687 4178 cognovit
733 4112 800 4156 se
830 4091 995 4173 loqui
1039 4090 1243 4165 littori,
1278 4096 1337 4151 et
1379 4107 1513 4151 cum
1546 4086 1737 4178 ventis
1789 4086 2063 4178 conferre

413 4175 788 4265 sermonem,
814 4180 1185 4245 Anastasiam
1210 4196 1450 4257 quoque
1480 4175 1715 4239 reciscit
1742 4175 1896 4255 apud
1920 4193 2060 4237 eum

405 4278 649 4357 degere,
677 4280 736 4336 et
766 4263 969 4336 furore
1013 4270 1302 4352 percitus,
1339 4276 1654 4357 propterea
1684 4265 1839 4344 quod
1869 4263 2060 4327 Theo-

404 4355 546 4429 dote
575 4365 736 4426 illius
756 4359 1265 4424 admonitionibus
1297 4355 1621 4430 inducitur,
1664 4363 1728 4414 ut
1759 4370 1894 4414 eum
1931 4372 2059 4416 ma-

405 4454 496 4532 gis
526 4458 891 4529 contemnat,
916 4447 1283 4511 Anastasiam
1315 4443 1554 4532 quidem
1571 4444 1768 4505 statim
1799 4444 2056 4507 vinctam

406 4530 585 4603 tradit
614 4538 901 4602 tribunali
924 4535 1272 4617 judiciario.
1304 4530 1455 4605 Quin
1480 4531 1655 4594 etiam
1688 4532 2054 4596 Theodotem

407 4627 663 4690 vinctam
710 4624 1052 4689 transmittit
1080 4623 1154 4684 ad
1204 4620 1619 4702 proconsulem
1653 4621 1954 4702 Bythyniae
1983 4623 2058 4685 de

412 4735 482 4779 ea
514 4734 647 4778 eum
680 4734 787 4798 per
837 4714 1084 4793 litteras,
1119 4729 1293 4794 quam
1344 4709 1631 4773 citissime
1683 4708 1815 4773 fieri
1842 4711 2054 4794 potuit,

406 4802 669 4866 reddens
700 4801 1038 4865 certiorem.

486 4890 701 4957 XXXI.
739 4892 884 4956 Cum
946 4897 1142 4952 autem
1195 4888 1256 4949 in
1304 4887 1634 4968 Bithyniam
1693 4888 2059 4966 pervenisset

407 4981 741 5058 Theodote,
776 4980 1065 5063 producta
1116 4978 1300 5041 estad
1353 4976 1607 5040 tribunal
1658 4979 2051 5061 proconsulis.

403 5072 555 5151 Age,
584 5073 779 5152 inquit
808 5070 932 5144 ille,
954 5088 986 5131 ο
1009 5068 1336 5147 Theodote,
1356 5066 1540 5146 jussis
1566 5084 1779 5146 parens
1802 5067 2056 5149 impera-

406 5162 574 5241 toris,
595 5159 740 5224 velis
769 5159 882 5222 diis
908 5160 1122 5221 oﬂ'erre
1148 5156 1529 5219 sacriﬁcium.
1567 5154 1663 5218 Sic
1686 5162 1843 5218 enim
1875 5158 2052 5220 simul

403 5258 461 5309 et
487 5253 623 5309 ﬁliis
654 5254 828 5317 vives,
854 5263 910 5308 et
939 5251 1222 5323 particeps
1248 5250 1362 5305 eris
1397 5245 1709 5305 multorum
1743 5248 2049 5310 bonorum.

401 5337 547 5392 Nam
582 5337 687 5393 etsi
717 5349 831 5393 non
865 5343 979 5400 tua,
1011 5343 1068 5391 at
1098 5333 1347 5390 ﬁliorum
1379 5330 1608 5401 quidem
1642 5341 1788 5388 certe
1820 5344 2047 5394 tuorum

403 5437 603 5499 causa,
633 5424 868 5500 aequum
893 5419 1168 5497 fuerit,ut
1197 5418 1256 5479 id
1288 5416 1470 5493 eligas
1501 5417 1656 5496 quod
1677 5424 1765 5478 est
1788 5419 2045 5483 futurum

406 5510 511 5573 tibi
540 5511 866 5573 utile.Dum
886 5513 1012 5573 haec
1046 5519 1242 5573 autem
1267 5508 1508 5589 martyri
1542 5507 1768 5571 diceret
1800 5530 2048 5591 procon-

403 5597 520 5680 sul,
552 5599 922 5683 respondens
952 5599 1112 5663 illius
1155 5600 1408 5663 filiorum
1463 5595 1919 5679 primogenitus,
1950 5604 2048 5667 cui

2141 1849 2342 1927 ὂίμυναν
2399 1849 2588 1916 ἀθλίως
2631 1851 2958 1926 ἐξεκαλεῖτο,
2996 1858 3167 1911 Ταῦτα
3214 1851 3268 1910 δὲ
3325 1854 3389 1910 οὔ
3423 1856 3610 1929 μάτην
3660 1856 3799 1929 ᾠκο-

2141 1940 2346 2015 νόμητο
2401 1945 2468 2017 τῇ
2524 1940 2766 2019 Προνοίᾳ,
2813 1939 2933 1997 ἀλλ’
2975 1941 3067 1998 ἵνα
3112 1942 3200 1999 καὶ
3268 1957 3393 2007 τοῖς
3459 1943 3653 2009 ἔξωθεν
3696 1951 3797 2000 τῶν

2141 2036 2330 2107 φωνῶν
2398 2029 2729 2104 αἰσθομένοις
2783 2033 2881 2087 καὶ
2940 2031 3070 2108 πρὸς
3120 2032 3372 2107 βοήθειαν
3427 2033 3617 2113 ὥσπερ
3663 2034 3799 2095 εἰκὸς

2141 2117 2622 2197 συναθροιζομένοις
2667 2115 2914 2185 ἐπίδηλον
2962 2124 3202 2195 καταστῇ
3251 2119 3370 2177 ὅθεν
3430 2144 3490 2178 τε
3540 2125 3603 2179 τὸ
3660 2145 3796 2197 συμ-

2144 2204 2258 2267 ϐὰν.
2323 2230 2410 2263 και
2441 2206 2585 2271 ὅπως
2640 2208 2837 2283 καὶμὴ
2885 2206 2976 2285 ἐξῇ
3029 2213 3107 2283 τῷ
3135 2211 3268 2287 ἱερεῖ
3321 2210 3429 2279 τὴν
3464 2212 3640 2269 αἰτίαν
3699 2233 3798 2284 με·

2142 2295 2405 2353 τατιθέναι
2484 2296 2519 2364 ἢ
2575 2298 2668 2353 τοῦ
2734 2297 2997 2372 θαύματος
3071 2297 3523 2374 καταψεύδεσθαι,
3597 2300 3667 2357 "6
3734 2299 3794 2368 δὴ

2144 2386 2232 2441 καί
2290 2385 2497 2464 γέγονε·
2546 2385 2634 2441 καί
2693 2386 2823 2464 πρὸς
2866 2386 2966 2452 τὴν
3021 2387 3189 2443 οἰκίαν
3227 2388 3327 2444 ὑπὸ
3389 2387 3624 2454 πολλοῖς
3658 2390 3793 2467 μάρ-

2142 2495 2256 2529 τυσι
2313 2475 2503 2553 τυφλὸς
2550 2475 2636 2530 καί
2678 2472 2993 2552 περιώδυνος
3050 2476 3332 2557 ἀπαχθεὶς,
3371 2479 3503 2535 εἶτα
3548 2480 3630 2536 κοὶ
3683 2477 3793 2557 δρι-

2142 2560 2390 2641 μυτέραις
2448 2575 2571 2626 ταῖς
2629 2561 2835 2627 ὀδύναις
2904 2562 3335 2642 διακεντούμενος
3399 2569 3476 2632 εἰς
3550 2571 3638 2625 τὸυ
3692 2571 3791 2624 τῶν

2139 2655 2271 2708 θεῶν
2328 2652 2489 2708 αὐτοῦ
2544 2652 2733 2729 μιαρὸν
2789 2658 3242 2731 μετακομισθῆναι
3291 2657 3422 2715 ναὸν
3468 2659 3560 2715 καὶ
3602 2678 3789 2737 προτεο

2141 2740 2291 2809 θῆναι
2360 2738 2714 2798 διακελεύεται
2786 2742 3023 2819 οἰόμενος
3085 2747 3263 2802 ἒκεῖσε
3314 2754 3448 2823 γοῦν
3521 2747 3787 2826 θεραπείας

2144 2831 2236 2888 ἅτε
2281 2833 2606 2909 θεραπευτὴς
2647 2832 2817 2890 αὐτῶν
2876 2833 3163 2900 τεύξεσθαι.
3224 2834 3454 2912 Ἀμέλει
3514 2840 3603 2896 καὶ
3660 2835 3790 2893 καλέ

2138 2943 2199 3000 γε
2243 2921 2442 2978 τούτων
2502 2924 2590 2979 καὶ
2619 2922 2997 3000 πρυσήκόντως
3056 2924 3325 2983 ἀπώνατο·
3397 2927 3478 2983 ἓτι
3511 2929 3610 3006 γὰρ
3658 2947 3782 3004 σφο-

2139 3009 2378 3090 δρότερον
2414 3011 2556 3085 αὒτῷ
2610 3018 2720 3069 τῶν
2776 3009 3084 3092 ἀλγηδόνων
3133 3013 3463 3091 ἐπιθεμένων
3518 3015 3785 3074 ἀπολείπει

2141 3101 2226 3157 καὶ
2268 3101 2364 3169 τὴν
2395 3102 2603 3181 ψυχήν,

2223 3277 2308 3337 Λ’.
2369 3277 2637 3337 Ἐντεῦθεν
2696 3278 2870 3345 ἂδείας
2947 3281 3266 3340 Ἀναστασία
3321 3291 3568 3365 τυχοῦσα
3639 3284 3786 3351 ἔξεισι

2142 3366 2238 3443 μὲν
2296 3367 2522 3441 ἐκεῖθεν,
2557 3368 2881 3449 ἀφικινεῖται
2953 3368 3009 3427 δὲ
3063 3371 3193 3452 πρὸς
3234 3374 3330 3441 τῆν
3386 3373 3675 3452 Θεοδότην,
3722 3373 3785 3441 ἢν

2142 3455 2340 3536 φθάσας
2398 3458 2425 3513 6
2486 3455 2649 3536 λόγος
2704 3460 2845 3535 παρὰ
2886 3466 2963 3535 τῷ
3018 3460 3217 3535 κόμητι
3275 3462 3552 3539 Λευκαδίῳ
3598 3462 3786 3539 διάγειν

2140 3544 2414 3624 ἒγνώρισε’
2501 3548 2594 3604 καί
2668 3545 2873 3615 διέξεισι
2956 3551 3088 3627 πρὸς
3158 3551 3322 3619 αὐτὴν
3409 3555 3549 3610 κατὰ
3630 3553 3782 3628 μέρος

2141 3634 2315 3692 πάντα
2360 3633 2457 3692 ὅσα
2499 3657 2554 3692 τε
2585 3639 2744 3695 πάθοι
2778 3640 2864 3695 καὶ
2904 3637 3003 3696 ὅσα
3033 3636 3102 3695 δι’
3133 3640 3298 3711 αὒτήν
3330 3662 3388 3698 τε
3419 3644 3508 3700 καί
3541 3640 3657 3719 μετ’
3689 3640 3783 3696 αὖ·

2142 3727 2240 3792 τῆς
2300 3726 2328 3780 6
2367 3730 2509 3789 ,Θεος
2562 3723 2821 3805 δράσειεν,
2881 3717 3105 3805 Ἡμέραι
3164 3727 3363 3811 ὀλίγαι,
3395 3732 3489 3789 καὶ
3616 3730 3783 3806 κόμης

2142 3811 2424 3877 Λευκάδιος
2495 3814 2555 3870 ἐκ
2611 3816 2846 3881 Βιθυνίας
2903 3815 3198 3882 ἀνασωθεὶς
3255 3824 3323 3895 τῇ
3396 3818 3633 3896 Θεοδοτη
3703 3818 3783 3873 καὶ

2143 3904 2284 3968 αὖθις
2316 3905 2526 3980 ὁμοὶους
2582 3906 2703 3969 τοῖς
2734 3905 3009 3984 προτέροις
3056 3913 3294 3986 προσῆγε
3324 3906 3520 3989 λόγους
3576 3912 3780 3986 ὑπαγα-

2142 3993 2323 4072 γέσθαι
2389 3995 2585 4063 ταύτην
2662 3995 3011 4075 πειρώμενος,
3082 3998 3179 4061 Ὠς
3252 3996 3306 4054 δὲ
3368 4000 3548 4059 πολλᾶ
3616 3998 3781 4076 λέγων

2143 4084 2368 4161 αἰγιαλῷ
2424 4081 2611 4143 λαλεῖν
2642 4086 2730 4142 καί
2787 4082 3000 4161 ὁμιλεῖν
3056 4086 3273 4164 ἀνέμοις
3331 4088 3610 4167 ἐγίνωσκε,
3646 4109 3781 4163 μαν-

2141 4173 2282 4229 θάνει
2340 4173 2427 4230 καὶ
2457 4175 2573 4249 περί
2624 4179 2723 4241 τῆς
2756 4174 3103 4241 Ἀναστασίας
3157 4176 3244 4234 ὅτε
3286 4177 3416 4257 παρ’
3445 4179 3580 4256 αύτῇ
3618 4176 3779 4254 διάγει

2141 4263 2229 4318 καί
2287 4263 2447 4338 μανίᾳ
2501 4261 2727 4341 πληγεὶς
2779 4263 2890 4321 ἀνθ’
2938 4267 3012 4320 ὧν
3068 4278 3192 4332 ταῖς
3234 4268 3529 4338 ὑποθήκαις
3581 4264 3778 4343 μᾶλλον

2141 4350 2348 4418 ἐκείνης
2385 4354 2419 4420 ἡ
2481 4350 2710 4420 Θεοδότη
2769 4354 2994 4411 πείθετοι
3064 4355 3250 4413 τούτου
3280 4369 3634 4437 καταφρονεῖν
3686 4354 3778 4420 τὴν

2141 4440 2240 4515 μὲν
2293 4440 2642 4500 Ἀναστασίαν
2687 4440 2894 4508 κλοιοῖς
2955 4443 3144 4509 εὐθέως
3208 4444 3509 4523 περιϐαλὼν
3551 4446 3637 4504 καὶ
3693 4442 3774 4498 δεα

2142 4543 2305 4605 σμοῖς
2360 4537 2434 4605 τῷ
2493 4528 2778 4613 δικαστικῷ
2834 4534 3036 4610 βήματι
3108 4533 3481 4611 παραδίδωσιν,
3544 4537 3617 4593 0'3
3670 4532 3776 4609 μὴν

2141 4619 2281 4675 ἀλλὰ
2354 4622 2439 4677 καί
2501 4622 2602 4688 τὴν
2675 4621 2936 4689 Θεοδότην
2978 4622 3191 4700 δέσμιον
3252 4632 3327 4700 τῷ
3385 4626 3479 4695 τῆς
3557 4622 3770 4683 Βίθυνίας

2140 4709 2381 4783 ὑπατικῷ
2433 4708 2799 4787 παραπέμπει,
2866 4712 3139 4790 γράμμασι
3198 4714 3264 4770 τὰ
3317 4714 3436 4771 κατ’
3493 4712 3654 4778 αὐτὴν
3703 4710 3772 4769 ὡ;

2138 4798 2268 4877 εἶχε
2299 4796 2383 4856 διὰ
2425 4798 2641 4879 ταχέων
2671 4801 3047 4875 ὑποσημήνας,

2218 4888 2351 4945 ΛΑ’.
2412 4887 2561 4945 Ἐπεὶ
2591 4887 2644 4945 δὲ
2675 4890 2773 4958 τὴν
2803 4892 3038 4949 Βιθυνίαν
3087 4894 3119 4961 ἡ
3152 4891 3381 4962 Θεοδότη
3410 4887 3766 4952 καταλαϐοῦσα

2137 4982 2215 5051 τῷ
2282 4985 2375 5035 τοῦ
2442 4980 2697 5037 ὑπατικοῦ
2775 4980 2974 5057 βήματι
3057 4984 3321 5062 παρέστη,
3378 4990 3559 5059 Δεῦρο,
3619 4978 3766 5058 φησὶν

2136 5066 2383 5149 ἐκεῖνος,
2427 5068 2473 5124 ὦ
2546 5068 2803 5147 Θεοδότη,
2859 5075 2977 5137 τοῖς
3052 5072 3355 5150 βασιλικοῖς
3412 5070 3763 5153 προστάγματι

2135 5157 2495 5237 πειθαρχοῦσα
2565 5159 2714 5222 θεοῖς
2798 5161 2973 5219 θυσίαι
3054 5175 3430 5242 προσενεγκεῖν
3498 5157 3763 5242 προθυμή·

2131 5251 2273 5313 θητι·
2311 5248 2447 5305 οὕτω
2495 5248 2593 5326 γὰρ
2637 5248 2750 5325 ἅμα
2780 5252 2866 5306 καὶ
2914 5264 3029 5317 τοῖς
3072 5241 3301 5316 τέκνοις
3328 5254 3465 5329 ζήσῃ
3507 5250 3590 5307 καὶ
3632 5241 3755 5301 πολ⁴

2132 5335 2240 5393 λῶν
2290 5337 2522 5413 μεθέξεις
2579 5346 2687 5396 τῶν
2741 5340 2975 5418 ἀγαθῶν.
3013 5343 3070 5399 Εἰ
3126 5342 3226 5420 γὰρ
3269 5343 3354 5398 καὶ
3411 5342 3488 5418 μὴ
3536 5344 3624 5395 σοῦ
3663 5335 3756 5389 αὖ·

2129 5429 2253 5501 τῆς,
2287 5425 2406 5483 ἀλλ’
2460 5427 2547 5485 οὖν
2607 5432 2712 5486 τῶν
2743 5428 2942 5488 παίδων
2999 5429 3176 5487 ἕνεκεν
3205 5428 3406 5489 δίκαιον
3463 5428 3520 5485 ἂν
3562 5423 3648 5490 εἷή
3677 5440 3752 5476 σοι

2128 5518 2189 5572 τὸ
2220 5529 2466 5575 συνοῖσον
2525 5516 2752 5578 ἑλέσθαι.
2823 5518 2912 5575 Ἐν
2968 5518 3078 5593 ὅσῳ
3136 5517 3190 5575 δὲ
3236 5521 3399 5577 ταῦτα
3438 5522 3465 5576 ὀ
3515 5509 3751 5573 ὑπατικὸς

2128 5604 2323 5683 ἔφασκε
2388 5609 2517 5688 πρός
2576 5608 2676 5678 τὴν
2730 5610 2990 5691 μάρτυρα,
3022 5607 3305 5669 ὑπολαϐὼν
3352 5613 3380 5668 6
3440 5607 3540 5667 τῶν
3585 5602 3743 5674 εκείνῃ
