  <div class='ocr_page' id='page_1' title='image "/cluster/home/n/w/nwhite01/storage/ocr_20150623/116/mdp.39015008903554/308.png"; bbox 0 0 4056 6142; ppageno 0'>
   <div class='ocr_carea' id='block_1_1' title="bbox 278 315 3639 394">
    <p class='ocr_par' dir='ltr' id='par_1_1' title="bbox 278 315 3639 394">
     <span class='ocr_line' id='line_1_1' title="bbox 278 315 3639 394; baseline -0.003 0"><span class='ocrx_word' id='word_1_1' title='bbox 278 325 386 394; x_wconf 82' lang='grc'><strong>601</strong></span> <span class='ocrx_word' id='word_1_2' title='bbox 1122 326 1591 388; x_wconf 78' lang='lat' dir='ltr'><strong>MARTYRIUM</strong></span> <span class='ocrx_word' id='word_1_3' title='bbox 1634 325 1694 388; x_wconf 90' lang='lat' dir='ltr'><strong>S.</strong></span> <span class='ocrx_word' id='word_1_4' title='bbox 1741 321 2184 389; x_wconf 65' lang='lat' dir='ltr'><strong>ANASTASIAS</strong></span> <span class='ocrx_word' id='word_1_5' title='bbox 2240 322 2336 384; x_wconf 87' lang='lat' dir='ltr'><strong>ET</strong></span> <span class='ocrx_word' id='word_1_6' title='bbox 2383 321 2786 384; x_wconf 81' lang='lat' dir='ltr'><strong>SOCIARUM.</strong></span> <span class='ocrx_word' id='word_1_7' title='bbox 3521 315 3639 384; x_wconf 82' lang='grc'><strong>602</strong></span> 
     </span>
    </p>
   </div>
   <div class='ocr_carea' id='block_1_2' title="bbox 281 455 1921 544">
    <p class='ocr_par' dir='ltr' id='par_1_2' title="bbox 281 459 1912 544">
     <span class='ocr_line' id='line_1_2' title="bbox 281 459 1912 544; baseline -0.004 -22"><span class='ocrx_word' id='word_1_8' title='bbox 281 465 482 523; x_wconf 77' lang='grc' dir='ltr'>παίδων</span> <span class='ocrx_word' id='word_1_9' title='bbox 527 462 892 544; x_wconf 76' lang='grc' dir='ltr'>πρωτότοκος,</span> <span class='ocrx_word' id='word_1_10' title='bbox 926 460 1116 526; x_wconf 79' lang='grc' dir='ltr'>Εὕοδος</span> <span class='ocrx_word' id='word_1_11' title='bbox 1149 462 1291 534; x_wconf 83' lang='grc' dir='ltr'>αὐτῷ</span> <span class='ocrx_word' id='word_1_12' title='bbox 1321 459 1505 537; x_wconf 72' lang='grc' dir='ltr'>ὄνομα,</span> <span class='ocrx_word' id='word_1_13' title='bbox 1545 459 1694 518; x_wconf 82' lang='grc' dir='ltr'>Ἀλλ’</span> <span class='ocrx_word' id='word_1_14' title='bbox 1724 464 1912 536; x_wconf 79' lang='grc' dir='ltr'>ἡμεῖς,</span> 
     </span>
    </p>
   </div>
   <div class='ocr_carea' id='block_1_3' title="bbox 2008 455 3634 544">
    <p class='ocr_par' dir='ltr' id='par_1_3' title="bbox 2008 455 3634 537">
     <span class='ocr_line' id='line_1_3' title="bbox 2008 455 3634 537; baseline -0.002 -18"><span class='ocrx_word' id='word_1_15' title='bbox 2008 475 2224 520; x_wconf 87' lang='lat' dir='ltr'><strong>nomen</strong></span> <span class='ocrx_word' id='word_1_16' title='bbox 2253 465 2380 520; x_wconf 83' lang='lat' dir='ltr'><strong>erat</strong></span> <span class='ocrx_word' id='word_1_17' title='bbox 2421 457 2678 522; x_wconf 87' lang='lat' dir='ltr'><strong>Evodius</strong></span> <span class='ocrx_word' id='word_1_18' title='bbox 2712 479 2724 520; x_wconf 92' lang='lat'>:</span> <span class='ocrx_word' id='word_1_19' title='bbox 2760 457 2828 519; x_wconf 85' lang='lat' dir='ltr'><strong>At</strong></span> <span class='ocrx_word' id='word_1_20' title='bbox 2880 473 3013 536; x_wconf 88' lang='lat' dir='ltr'><strong>nos,</strong></span> <span class='ocrx_word' id='word_1_21' title='bbox 3075 455 3292 537; x_wconf 85' lang='lat' dir='ltr'><strong>inquit,</strong></span> <span class='ocrx_word' id='word_1_22' title='bbox 3327 474 3360 518; x_wconf 96' lang='lat' dir='ltr'><strong>o</strong></span> <span class='ocrx_word' id='word_1_23' title='bbox 3393 470 3634 536; x_wconf 80' lang='lat' dir='ltr'><strong>praeses,</strong></span> 
     </span>
    </p>
   </div>
   <div class='ocr_carea' id='block_1_4' title="bbox 277 545 1921 634">
    <p class='ocr_par' dir='ltr' id='par_1_4' title="bbox 277 549 1912 634">
     <span class='ocr_line' id='line_1_4' title="bbox 277 549 1912 634; baseline -0.005 -21"><span class='ocrx_word' id='word_1_24' title='bbox 277 560 320 613; x_wconf 78' lang='grc' dir='ltr'>ὦ</span> <span class='ocrx_word' id='word_1_25' title='bbox 349 557 597 634; x_wconf 74' lang='grc' dir='ltr'>ἡγεμὼν,</span> <span class='ocrx_word' id='word_1_26' title='bbox 653 554 778 632; x_wconf 74' lang='grc' dir='ltr'>ἔφη,</span> <span class='ocrx_word' id='word_1_27' title='bbox 826 553 919 616; x_wconf 75' lang='grc' dir='ltr'><strong>τὰς</strong></span> <span class='ocrx_word' id='word_1_28' title='bbox 949 558 1054 608; x_wconf 86' lang='grc' dir='ltr'>τῶν</span> <span class='ocrx_word' id='word_1_29' title='bbox 1102 552 1388 628; x_wconf 82' lang='grc' dir='ltr'>ἀνθρώπων</span> <span class='ocrx_word' id='word_1_30' title='bbox 1446 549 1687 626; x_wconf 80' lang='grc' dir='ltr'>οὐδαμῶς</span> <span class='ocrx_word' id='word_1_31' title='bbox 1745 549 1912 607; x_wconf 84' lang='grc' dir='ltr'>δεδοί-</span> 
     </span>
    </p>
   </div>
   <div class='ocr_carea' id='block_1_5' title="bbox 2008 545 3636 634">
    <p class='ocr_par' dir='ltr' id='par_1_5' title="bbox 2008 545 3636 628">
     <span class='ocr_line' id='line_1_5' title="bbox 2008 545 3636 628; baseline -0.002 -19"><span class='ocrx_word' id='word_1_32' title='bbox 2008 547 2310 609; x_wconf 84' lang='lat' dir='ltr'><strong>hominum</strong></span> <span class='ocrx_word' id='word_1_33' title='bbox 2365 546 2658 627; x_wconf 87' lang='lat' dir='ltr'><strong>supplicia</strong></span> <span class='ocrx_word' id='word_1_34' title='bbox 2711 565 3084 627; x_wconf 86' lang='lat' dir='ltr'><strong>nequaquam</strong></span> <span class='ocrx_word' id='word_1_35' title='bbox 3135 545 3636 628; x_wconf 80' lang='lat' dir='ltr'><strong>pertimescimus,</strong></span> 
     </span>
    </p>
   </div>
   <div class='ocr_carea' id='block_1_6' title="bbox 279 635 1921 723">
    <p class='ocr_par' dir='ltr' id='par_1_6' title="bbox 279 641 1914 723">
     <span class='ocr_line' id='line_1_6' title="bbox 279 641 1914 723; baseline 0.009 -22"><span class='ocrx_word' id='word_1_36' title='bbox 279 667 447 721; x_wconf 83' lang='grc' dir='ltr'>καμεν</span> <span class='ocrx_word' id='word_1_37' title='bbox 518 646 800 723; x_wconf 74' lang='grc' dir='ltr'>τιμωρίας,</span> <span class='ocrx_word' id='word_1_38' title='bbox 857 645 915 699; x_wconf 74' lang='grc' dir='ltr'><strong>αἲ</strong></span> <span class='ocrx_word' id='word_1_39' title='bbox 967 641 1174 716; x_wconf 76' lang='grc' dir='ltr'>σώματι</span> <span class='ocrx_word' id='word_1_40' title='bbox 1239 642 1334 716; x_wconf 80' lang='grc' dir='ltr'><strong>μὲν</strong></span> <span class='ocrx_word' id='word_1_41' title='bbox 1394 641 1701 720; x_wconf 68' lang='grc' dir='ltr'>ἀφθαρσίαν,</span> <span class='ocrx_word' id='word_1_42' title='bbox 1761 645 1914 719; x_wconf 71' lang='grc' dir='ltr'>ψυχῇ</span> 
     </span>
    </p>
   </div>
   <div class='ocr_carea' id='block_1_7' title="bbox 2008 635 3637 723">
    <p class='ocr_par' dir='ltr' id='par_1_7' title="bbox 2008 635 3637 718">
     <span class='ocr_line' id='line_1_7' title="bbox 2008 635 3637 718; baseline -0.001 -20"><span class='ocrx_word' id='word_1_43' title='bbox 2008 656 2128 718; x_wconf 64' lang='lat' dir='ltr'><strong>qua;</strong></span> <span class='ocrx_word' id='word_1_44' title='bbox 2141 637 2376 718; x_wconf 89' lang='lat' dir='ltr'><strong>corpori</strong></span> <span class='ocrx_word' id='word_1_45' title='bbox 2396 637 2638 718; x_wconf 88' lang='lat' dir='ltr'><strong>quidem</strong></span> <span class='ocrx_word' id='word_1_46' title='bbox 2662 635 3420 716; x_wconf 70' lang='lat' dir='ltr'><strong>incorruptionem,animw</strong></span> <span class='ocrx_word' id='word_1_47' title='bbox 3441 643 3637 698; x_wconf 87' lang='lat' dir='ltr'><strong>autem</strong></span> 
     </span>
    </p>
   </div>
   <div class='ocr_carea' id='block_1_8' title="bbox 279 723 1921 811">
    <p class='ocr_par' dir='ltr' id='par_1_8' title="bbox 279 728 1909 811">
     <span class='ocr_line' id='line_1_8' title="bbox 279 728 1909 811; baseline -0.003 -21"><span class='ocrx_word' id='word_1_48' title='bbox 279 735 331 790; x_wconf 77' lang='grc' dir='ltr'>δὲ</span> <span class='ocrx_word' id='word_1_49' title='bbox 390 733 592 811; x_wconf 74' lang='grc' dir='ltr'>μᾶλλον</span> <span class='ocrx_word' id='word_1_50' title='bbox 655 734 937 790; x_wconf 70' lang='grc' dir='ltr'>ἀθανασίαν</span> <span class='ocrx_word' id='word_1_51' title='bbox 970 732 1178 788; x_wconf 76' lang='grc' dir='ltr'>εἰώθασι</span> <span class='ocrx_word' id='word_1_52' title='bbox 1210 728 1483 810; x_wconf 73' lang='grc' dir='ltr'>προξενεῖν</span> <span class='ocrx_word' id='word_1_53' title='bbox 1515 729 1659 810; x_wconf 87' lang='grc' dir='ltr'>ἀλλ’,</span> <span class='ocrx_word' id='word_1_54' title='bbox 1695 731 1749 787; x_wconf 82' lang='grc' dir='ltr'>ἐν</span> <span class='ocrx_word' id='word_1_55' title='bbox 1780 732 1909 786; x_wconf 89' lang='grc' dir='ltr'>ταύ-</span> 
     </span>
    </p>
   </div>
   <div class='ocr_carea' id='block_1_9' title="bbox 2008 723 3640 811">
    <p class='ocr_par' dir='ltr' id='par_1_9' title="bbox 2008 723 3640 807">
     <span class='ocr_line' id='line_1_9' title="bbox 2008 723 3640 807; baseline -0.001 -19"><span class='ocrx_word' id='word_1_56' title='bbox 2008 727 2189 807; x_wconf 76' lang='lat' dir='ltr'><strong>potius</strong></span> <span class='ocrx_word' id='word_1_57' title='bbox 2241 726 2754 788; x_wconf 76' lang='lat' dir='ltr'><strong>immortalitatem</strong></span> <span class='ocrx_word' id='word_1_58' title='bbox 2818 727 3014 788; x_wconf 90' lang='lat' dir='ltr'><strong>solent</strong></span> <span class='ocrx_word' id='word_1_59' title='bbox 3043 725 3392 799; x_wconf 90' lang='lat' dir='ltr'><strong>conciliare,</strong></span> <span class='ocrx_word' id='word_1_60' title='bbox 3429 724 3536 788; x_wconf 89' lang='lat' dir='ltr'><strong>sed</strong></span> <span class='ocrx_word' id='word_1_61' title='bbox 3566 723 3640 786; x_wconf 88' lang='lat' dir='ltr'><strong>iis</strong></span> 
     </span>
    </p>
   </div>
   <div class='ocr_carea' id='block_1_10' title="bbox 278 820 1910 900">
    <p class='ocr_par' dir='ltr' id='par_1_10' title="bbox 278 820 1910 900">
     <span class='ocr_line' id='line_1_10' title="bbox 278 820 1910 900; baseline -0.001 -20"><span class='ocrx_word' id='word_1_62' title='bbox 278 837 396 886; x_wconf 79' lang='grc' dir='ltr'>ταῖς</span> <span class='ocrx_word' id='word_1_63' title='bbox 442 831 631 899; x_wconf 76' lang='grc' dir='ltr'>μικροῦ</span> <span class='ocrx_word' id='word_1_64' title='bbox 687 821 786 878; x_wconf 75' lang='grc' dir='ltr'><strong>δέω</strong></span> <span class='ocrx_word' id='word_1_65' title='bbox 843 821 1019 899; x_wconf 84' lang='grc' dir='ltr'>λέγειν</span> <span class='ocrx_word' id='word_1_66' title='bbox 1070 821 1123 876; x_wconf 85' lang='grc' dir='ltr'><strong>ὲν</strong></span> <span class='ocrx_word' id='word_1_67' title='bbox 1161 821 1260 876; x_wconf 79' lang='grc' dir='ltr'><strong>(σω</strong></span> <span class='ocrx_word' id='word_1_68' title='bbox 1313 823 1402 876; x_wconf 83' lang='grc' dir='ltr'>καὶ</span> <span class='ocrx_word' id='word_1_69' title='bbox 1446 820 1695 900; x_wconf 81' lang='grc' dir='ltr'>εὐωχίαις</span> <span class='ocrx_word' id='word_1_70' title='bbox 1748 823 1910 878; x_wconf 71' lang='grc' dir='ltr'>ἓπευ-</span> 
     </span>
    </p>
   </div>
   <div class='ocr_carea' id='block_1_11' title="bbox 277 908 1915 994">
    <p class='ocr_par' dir='ltr' id='par_1_11' title="bbox 277 908 1915 994">
     <span class='ocr_line' id='line_1_11' title="bbox 277 908 1915 994; baseline -0.003 -26"><span class='ocrx_word' id='word_1_71' title='bbox 277 914 618 994; x_wconf 70' lang='grc' dir='ltr'>φραινόμεθα.</span> <span class='ocrx_word' id='word_1_72' title='bbox 700 911 1016 986; x_wconf 74' lang='grc' dir='ltr'>Δεδιιίκαμεν</span> <span class='ocrx_word' id='word_1_73' title='bbox 1075 909 1132 966; x_wconf 77' lang='grc' dir='ltr'>δὲ</span> <span class='ocrx_word' id='word_1_74' title='bbox 1188 912 1316 966; x_wconf 82' lang='grc' dir='ltr'><strong>Θεὸν</strong></span> <span class='ocrx_word' id='word_1_75' title='bbox 1389 909 1614 985; x_wconf 78' lang='grc' dir='ltr'>μᾶλλον,</span> <span class='ocrx_word' id='word_1_76' title='bbox 1670 911 1714 984; x_wconf 84' lang='grc' dir='ltr'>ᾦ</span> <span class='ocrx_word' id='word_1_77' title='bbox 1757 908 1915 965; x_wconf 85' lang='grc' dir='ltr'>δύνα-</span> 
     </span>
    </p>
   </div>
   <div class='ocr_carea' id='block_1_12' title="bbox 279 997 1911 1081">
    <p class='ocr_par' dir='ltr' id='par_1_12' title="bbox 279 997 1911 1081">
     <span class='ocr_line' id='line_1_12' title="bbox 279 997 1911 1081; baseline 0 -23"><span class='ocrx_word' id='word_1_78' title='bbox 279 1027 365 1078; x_wconf 88' lang='grc' dir='ltr'><strong>μις</strong></span> <span class='ocrx_word' id='word_1_79' title='bbox 410 1006 497 1059; x_wconf 85' lang='grc' dir='ltr'><strong>καὶ</strong></span> <span class='ocrx_word' id='word_1_80' title='bbox 551 1004 734 1081; x_wconf 69' lang='grc' dir='ltr'>ψυχὴν</span> <span class='ocrx_word' id='word_1_81' title='bbox 791 1001 879 1057; x_wconf 82' lang='grc' dir='ltr'>καὶ</span> <span class='ocrx_word' id='word_1_82' title='bbox 941 1007 1097 1075; x_wconf 81' lang='grc' dir='ltr'>σῶμα</span> <span class='ocrx_word' id='word_1_83' title='bbox 1141 997 1544 1077; x_wconf 74' lang='grc' dir='ltr'>τιμωρήσασθαι</span> <span class='ocrx_word' id='word_1_84' title='bbox 1596 1001 1648 1056; x_wconf 87' lang='grc' dir='ltr'><strong>ἐν</strong></span> <span class='ocrx_word' id='word_1_85' title='bbox 1701 999 1911 1077; x_wconf 81' lang='grc' dir='ltr'>γεέννῃ.</span> 
     </span>
    </p>
   </div>
   <div class='ocr_carea' id='block_1_13' title="bbox 281 1086 1911 1169">
    <p class='ocr_par' dir='ltr' id='par_1_13' title="bbox 281 1086 1911 1169">
     <span class='ocr_line' id='line_1_13' title="bbox 363 1086 1886 1122; baseline -0.003 -10"><span class='ocrx_word' id='word_1_86' title='bbox 363 1094 382 1113; x_wconf 71' lang='grc' dir='ltr'><strong><em>Α</em></strong></span> <span class='ocrx_word' id='word_1_87' title='bbox 418 1095 430 1110; x_wconf 83' lang='grc' dir='ltr'>ο</span> <span class='ocrx_word' id='word_1_88' title='bbox 651 1114 660 1122; x_wconf 46' lang='grc'><strong>.</strong></span> <span class='ocrx_word' id='word_1_89' title='bbox 836 1091 849 1107; x_wconf 61' lang='grc' dir='ltr'><strong>ς</strong></span> <span class='ocrx_word' id='word_1_90' title='bbox 943 1095 954 1106; x_wconf 71' lang='grc' dir='ltr'>ν</span> <span class='ocrx_word' id='word_1_91' title='bbox 1172 1090 1185 1106; x_wconf 62' lang='grc' dir='ltr'><strong>ι</strong></span> <span class='ocrx_word' id='word_1_92' title='bbox 1376 1086 1406 1114; x_wconf 81' lang='grc' dir='ltr'>ρ</span> <span class='ocrx_word' id='word_1_93' title='bbox 1490 1091 1504 1108; x_wconf 60' lang='grc' dir='ltr'><strong>κ</strong></span> <span class='ocrx_word' id='word_1_94' title='bbox 1650 1096 1676 1106; x_wconf 72' lang='grc' dir='ltr'>-ι</span> <span class='ocrx_word' id='word_1_95' title='bbox 1873 1090 1886 1108; x_wconf 64' lang='grc' dir='ltr'><em>κ</em></span> 
     </span>
     <span class='ocr_line' id='line_1_14' title="bbox 281 1087 1911 1169; baseline -0.003 -20"><span class='ocrx_word' id='word_1_96' title='bbox 281 1103 440 1150; x_wconf 82' lang='grc' dir='ltr'><strong>Καιο</strong></span> <span class='ocrx_word' id='word_1_97' title='bbox 484 1093 743 1153; x_wconf 72' lang='grc' dir='ltr'>υπατιριὸς</span> <span class='ocrx_word' id='word_1_98' title='bbox 773 1110 891 1154; x_wconf 79' lang='grc' dir='ltr'>τους</span> <span class='ocrx_word' id='word_1_99' title='bbox 930 1088 1229 1169; x_wconf 71' lang='grc' dir='ltr'>οφθαλμους</span> <span class='ocrx_word' id='word_1_100' title='bbox 1282 1089 1552 1145; x_wconf 85' lang='grc' dir='ltr'>ἐπιοαλων</span> <span class='ocrx_word' id='word_1_101' title='bbox 1609 1112 1686 1163; x_wconf 85' lang='grc' dir='ltr'>τῳ</span> <span class='ocrx_word' id='word_1_102' title='bbox 1742 1087 1911 1162; x_wconf 84' lang='grc' dir='ltr'>παιδι,</span> 
     </span>
    </p>
   </div>
   <div class='ocr_carea' id='block_1_14' title="bbox 281 1177 1914 1258">
    <p class='ocr_par' dir='ltr' id='par_1_14' title="bbox 281 1177 1914 1258">
     <span class='ocr_line' id='line_1_15' title="bbox 281 1177 1914 1258; baseline -0.004 -19"><span class='ocrx_word' id='word_1_103' title='bbox 281 1182 444 1258; x_wconf 85' lang='grc' dir='ltr'>Ὀρῶν</span> <span class='ocrx_word' id='word_1_104' title='bbox 516 1200 575 1235; x_wconf 88' lang='grc' dir='ltr'><strong>σε</strong></span> <span class='ocrx_word' id='word_1_105' title='bbox 647 1177 842 1254; x_wconf 80' lang='grc' dir='ltr'>κομιδῆ</span> <span class='ocrx_word' id='word_1_106' title='bbox 899 1180 999 1245; x_wconf 76' lang='grc' dir='ltr'><strong>τὴν</strong></span> <span class='ocrx_word' id='word_1_107' title='bbox 1055 1177 1267 1245; x_wconf 75' lang='grc' dir='ltr'>ἠλικίαν</span> <span class='ocrx_word' id='word_1_108' title='bbox 1349 1178 1724 1249; x_wconf 85' lang='grc' dir='ltr'>ἀτελεστατον,</span> <span class='ocrx_word' id='word_1_109' title='bbox 1789 1178 1914 1258; x_wconf 74' lang='grc' dir='ltr'>ἔφη,</span> 
     </span>
    </p>
   </div>
   <div class='ocr_carea' id='block_1_15' title="bbox 279 1267 1916 1348">
    <p class='ocr_par' dir='ltr' id='par_1_15' title="bbox 279 1267 1916 1348">
     <span class='ocr_line' id='line_1_16' title="bbox 279 1267 1916 1348; baseline 0 -23"><span class='ocrx_word' id='word_1_110' title='bbox 279 1271 554 1344; x_wconf 71' lang='grc' dir='ltr'>Θαυμάζειν</span> <span class='ocrx_word' id='word_1_111' title='bbox 587 1269 702 1348; x_wconf 77' lang='grc' dir='ltr'>ἔχω</span> <span class='ocrx_word' id='word_1_112' title='bbox 731 1275 843 1331; x_wconf 85' lang='grc' dir='ltr'><strong>πῶς</strong></span> <span class='ocrx_word' id='word_1_113' title='bbox 890 1290 1018 1325; x_wconf 84' lang='grc' dir='ltr'>ποτε</span> <span class='ocrx_word' id='word_1_114' title='bbox 1048 1267 1186 1324; x_wconf 73' lang='grc' dir='ltr'>οὕτω</span> <span class='ocrx_word' id='word_1_115' title='bbox 1215 1275 1380 1324; x_wconf 90' lang='grc' dir='ltr'>ταῦτα</span> <span class='ocrx_word' id='word_1_116' title='bbox 1437 1271 1524 1324; x_wconf 82' lang='grc' dir='ltr'>καὶ</span> <span class='ocrx_word' id='word_1_117' title='bbox 1581 1269 1722 1345; x_wconf 68' lang='grc' dir='ltr'>παρα</span> <span class='ocrx_word' id='word_1_118' title='bbox 1778 1270 1916 1331; x_wconf 81' lang='grc' dir='ltr'>τίνος</span> 
     </span>
    </p>
   </div>
   <div class='ocr_carea' id='block_1_16' title="bbox 283 1357 1920 1436">
    <p class='ocr_par' dir='ltr' id='par_1_16' title="bbox 283 1357 1920 1436">
     <span class='ocr_line' id='line_1_17' title="bbox 283 1357 1920 1436; baseline -0.001 -20"><span class='ocrx_word' id='word_1_119' title='bbox 283 1360 625 1433; x_wconf 74' lang='grc' dir='ltr'>ἐξεπονήθης,</span> <span class='ocrx_word' id='word_1_120' title='bbox 689 1359 720 1414; x_wconf 80' lang='grc' dir='ltr'>ἂ</span> <span class='ocrx_word' id='word_1_121' title='bbox 777 1357 932 1432; x_wconf 82' lang='grc' dir='ltr'>μόλις</span> <span class='ocrx_word' id='word_1_122' title='bbox 991 1357 1176 1413; x_wconf 88' lang='grc' dir='ltr'>πολλοὶ</span> <span class='ocrx_word' id='word_1_123' title='bbox 1220 1360 1305 1414; x_wconf 83' lang='grc' dir='ltr'>καὶ</span> <span class='ocrx_word' id='word_1_124' title='bbox 1363 1359 1544 1436; x_wconf 70' lang='grc' dir='ltr'>χρόνῳ</span> <span class='ocrx_word' id='word_1_125' title='bbox 1601 1367 1788 1435; x_wconf 83' lang='grc' dir='ltr'>μακρῷ</span> <span class='ocrx_word' id='word_1_126' title='bbox 1830 1361 1920 1415; x_wconf 81' lang='grc' dir='ltr'><strong>καὶ</strong></span> 
     </span>
    </p>
   </div>
   <div class='ocr_carea' id='block_1_17' title="bbox 287 1445 1916 1526">
    <p class='ocr_par' dir='ltr' id='par_1_17' title="bbox 287 1445 1916 1526">
     <span class='ocr_line' id='line_1_18' title="bbox 287 1445 1916 1526; baseline -0.001 -21"><span class='ocrx_word' id='word_1_127' title='bbox 287 1451 431 1521; x_wconf 78' lang='grc' dir='ltr'>πόνῳ</span> <span class='ocrx_word' id='word_1_128' title='bbox 488 1447 674 1521; x_wconf 87' lang='grc' dir='ltr'>πολλῷ</span> <span class='ocrx_word' id='word_1_129' title='bbox 729 1451 946 1504; x_wconf 79' lang='grc' dir='ltr'>κτᾶσθαι</span> <span class='ocrx_word' id='word_1_130' title='bbox 1001 1447 1323 1523; x_wconf 75' lang='grc' dir='ltr'>πεφύκαμιν.</span> <span class='ocrx_word' id='word_1_131' title='bbox 1379 1445 1494 1526; x_wconf 70' lang='grc' dir='ltr'><strong>Ἐφ’</strong></span> <span class='ocrx_word' id='word_1_132' title='bbox 1547 1449 1635 1511; x_wconf 72' lang='grc' dir='ltr'>οἷς</span> <span class='ocrx_word' id='word_1_133' title='bbox 1666 1449 1916 1526; x_wconf 78' lang='grc' dir='ltr'>εὐκαίρως</span> 
     </span>
    </p>
   </div>
   <div class='ocr_carea' id='block_1_18' title="bbox 927 1536 1917 1614">
    <p class='ocr_par' dir='ltr' id='par_1_18' title="bbox 927 1536 1917 1614">
     <span class='ocr_line' id='line_1_19' title="bbox 927 1536 1917 1614; baseline -0.004 -20"><span class='ocrx_word' id='word_1_134' title='bbox 927 1536 987 1594; x_wconf 80' lang='grc' dir='ltr'>Ὀ</span> <span class='ocrx_word' id='word_1_135' title='bbox 1041 1538 1230 1614; x_wconf 75' lang='grc' dir='ltr'>Σωτὴρ</span> <span class='ocrx_word' id='word_1_136' title='bbox 1279 1539 1433 1612; x_wconf 85' lang='grc' dir='ltr'>ἡμῶν</span> <span class='ocrx_word' id='word_1_137' title='bbox 1492 1537 1586 1593; x_wconf 67' lang='grc' dir='ltr'>καὶ</span> <span class='ocrx_word' id='word_1_138' title='bbox 1641 1538 1917 1604; x_wconf 79' lang='grc' dir='ltr'>Δεσπότης</span> 
     </span>
    </p>
   </div>
   <div class='ocr_carea' id='block_1_19' title="bbox 285 1625 1914 1706">
    <p class='ocr_par' dir='ltr' id='par_1_19' title="bbox 285 1625 1914 1706">
     <span class='ocr_line' id='line_1_20' title="bbox 285 1625 1914 1706; baseline -0.001 -22"><span class='ocrx_word' id='word_1_139' title='bbox 285 1630 369 1684; x_wconf 78' lang='grc' dir='ltr'><strong>καὶ</strong></span> <span class='ocrx_word' id='word_1_140' title='bbox 425 1630 614 1706; x_wconf 81' lang='grc' dir='ltr'>Κύριος</span> <span class='ocrx_word' id='word_1_141' title='bbox 675 1627 881 1693; x_wconf 83' lang='grc' dir='ltr'>Ἰησοῦς</span> <span class='ocrx_word' id='word_1_142' title='bbox 947 1628 1172 1702; x_wconf 77' lang='grc' dir='ltr'>Χριστὸς</span> <span class='ocrx_word' id='word_1_143' title='bbox 1232 1625 1387 1691; x_wconf 74' lang='grc' dir='ltr'>αὐτός</span> <span class='ocrx_word' id='word_1_144' title='bbox 1443 1627 1582 1683; x_wconf 80' lang='grc' dir='ltr'>ἐστιν</span> <span class='ocrx_word' id='word_1_145' title='bbox 1640 1627 1865 1704; x_wconf 79' lang='grc' dir='ltr'>εἰρηκώς</span> <span class='ocrx_word' id='word_1_146' title='bbox 1900 1647 1914 1662; x_wconf 79' lang='grc' dir='ltr'><strong>ο</strong></span> 
     </span>
    </p>
   </div>
   <div class='ocr_carea' id='block_1_20' title="bbox 293 1715 1920 1793">
    <p class='ocr_par' dir='ltr' id='par_1_20' title="bbox 293 1715 1920 1793">
     <span class='ocr_line' id='line_1_21' title="bbox 293 1715 1920 1793; baseline -0.002 -19"><span class='ocrx_word' id='word_1_147' title='bbox 293 1742 318 1773; x_wconf 76' lang='grc' dir='ltr'><strong>α</strong></span> <span class='ocrx_word' id='word_1_148' title='bbox 350 1717 529 1776; x_wconf 78' lang='grc' dir='ltr'>’Ὅταν</span> <span class='ocrx_word' id='word_1_149' title='bbox 558 1717 642 1772; x_wconf 82' lang='grc' dir='ltr'>ἐπὶ</span> <span class='ocrx_word' id='word_1_150' title='bbox 687 1715 928 1792; x_wconf 81' lang='grc' dir='ltr'><strong>βασιλεῖς</strong></span> <span class='ocrx_word' id='word_1_151' title='bbox 958 1715 1161 1793; x_wconf 66' lang='grc' dir='ltr'>ἀχθῆτε</span> <span class='ocrx_word' id='word_1_152' title='bbox 1188 1718 1281 1771; x_wconf 75' lang='grc' dir='ltr'><strong>καί</strong></span> <span class='ocrx_word' id='word_1_153' title='bbox 1336 1716 1630 1793; x_wconf 80' lang='grc' dir='ltr'><strong>ἡγεμόνας,</strong></span> <span class='ocrx_word' id='word_1_154' title='bbox 1691 1717 1767 1790; x_wconf 76' lang='grc' dir='ltr'>μὴ</span> <span class='ocrx_word' id='word_1_155' title='bbox 1827 1738 1920 1790; x_wconf 84' lang='grc' dir='ltr'>με·</span> 
     </span>
    </p>
   </div>
   <div class='ocr_carea' id='block_1_21' title="bbox 285 1803 1918 1886">
    <p class='ocr_par' dir='ltr' id='par_1_21' title="bbox 285 1803 1918 1886">
     <span class='ocr_line' id='line_1_22' title="bbox 285 1803 1918 1886; baseline -0.002 -24"><span class='ocrx_word' id='word_1_156' title='bbox 285 1809 577 1886; x_wconf 78' lang='grc' dir='ltr'>ριμνήσητε</span> <span class='ocrx_word' id='word_1_157' title='bbox 606 1806 654 1861; x_wconf 79' lang='grc' dir='ltr'><strong>τί</strong></span> <span class='ocrx_word' id='word_1_158' title='bbox 685 1804 947 1874; x_wconf 75' lang='grc' dir='ltr'>λαλήσετε</span> <span class='ocrx_word' id='word_1_159' title='bbox 984 1824 997 1837; x_wconf 75' lang='grc'><strong>⁸</strong></span> <span class='ocrx_word' id='word_1_160' title='bbox 1031 1803 1306 1874; x_wconf 78' lang='grc' dir='ltr'>δοθήσεται</span> <span class='ocrx_word' id='word_1_161' title='bbox 1337 1805 1436 1883; x_wconf 74' lang='grc' dir='ltr'><strong>γαρ</strong></span> <span class='ocrx_word' id='word_1_162' title='bbox 1498 1808 1626 1881; x_wconf 80' lang='grc' dir='ltr'>ὑμῖν</span> <span class='ocrx_word' id='word_1_163' title='bbox 1660 1806 1712 1861; x_wconf 62' lang='grc' dir='ltr'><strong>ἐν</strong></span> <span class='ocrx_word' id='word_1_164' title='bbox 1744 1805 1918 1881; x_wconf 75' lang='grc' dir='ltr'>ἐκείνῃ</span> 
     </span>
    </p>
   </div>
   <div class='ocr_carea' id='block_1_22' title="bbox 283 1892 1916 1971">
    <p class='ocr_par' dir='ltr' id='par_1_22' title="bbox 283 1892 1916 1971">
     <span class='ocr_line' id='line_1_23' title="bbox 283 1892 1916 1971; baseline -0.001 -20"><span class='ocrx_word' id='word_1_165' title='bbox 283 1899 348 1971; x_wconf 73' lang='grc' dir='ltr'><strong>τῇ</strong></span> <span class='ocrx_word' id='word_1_166' title='bbox 389 1895 501 1970; x_wconf 78' lang='grc' dir='ltr'><strong>ὥρᾳ</strong></span> <span class='ocrx_word' id='word_1_167' title='bbox 542 1896 592 1950; x_wconf 84' lang='grc' dir='ltr'><strong>τί</strong></span> <span class='ocrx_word' id='word_1_168' title='bbox 623 1892 905 1963; x_wconf 74' lang='grc' dir='ltr'>λαλήσέτε.</span> <span class='ocrx_word' id='word_1_169' title='bbox 945 1915 968 1950; x_wconf 77' lang='grc' dir='ltr'>ι)</span> <span class='ocrx_word' id='word_1_170' title='bbox 1036 1900 1136 1950; x_wconf 83' lang='grc' dir='ltr'>Νῦν</span> <span class='ocrx_word' id='word_1_171' title='bbox 1192 1896 1277 1948; x_wconf 78' lang='grc' dir='ltr'>οὐν</span> <span class='ocrx_word' id='word_1_172' title='bbox 1336 1900 1430 1953; x_wconf 88' lang='grc' dir='ltr'><strong>οὐκ</strong></span> <span class='ocrx_word' id='word_1_173' title='bbox 1477 1895 1580 1969; x_wconf 81' lang='grc' dir='ltr'><strong>ἐμὰ</strong></span> <span class='ocrx_word' id='word_1_174' title='bbox 1610 1903 1772 1952; x_wconf 83' lang='grc' dir='ltr'>ταῦτα</span> <span class='ocrx_word' id='word_1_175' title='bbox 1802 1893 1916 1950; x_wconf 83' lang='grc' dir='ltr'>οὐδὲ</span> 
     </span>
    </p>
   </div>
   <div class='ocr_carea' id='block_1_23' title="bbox 283 1980 1916 2062">
    <p class='ocr_par' dir='ltr' id='par_1_23' title="bbox 283 1980 1916 2062">
     <span class='ocr_line' id='line_1_24' title="bbox 283 1980 1916 2062; baseline 0 -22"><span class='ocrx_word' id='word_1_176' title='bbox 283 1984 612 2062; x_wconf 69' lang='grc' dir='ltr'>ἀνθρωπίνης</span> <span class='ocrx_word' id='word_1_177' title='bbox 669 1984 855 2062; x_wconf 70' lang='grc' dir='ltr'>σοφίας</span> <span class='ocrx_word' id='word_1_178' title='bbox 917 1985 963 2036; x_wconf 80' lang='grc' dir='ltr'><strong>οἱ</strong></span> <span class='ocrx_word' id='word_1_179' title='bbox 1030 1980 1178 2059; x_wconf 81' lang='grc' dir='ltr'>λόγοι</span> <span class='ocrx_word' id='word_1_180' title='bbox 1214 2002 1227 2016; x_wconf 83' lang='grc'><em>’</em></span> <span class='ocrx_word' id='word_1_181' title='bbox 1289 1981 1408 2038; x_wconf 86' lang='grc' dir='ltr'>ἀλλ’</span> <span class='ocrx_word' id='word_1_182' title='bbox 1461 1987 1490 2051; x_wconf 75' lang='grc' dir='ltr'>ἦ</span> <span class='ocrx_word' id='word_1_183' title='bbox 1549 1984 1644 2058; x_wconf 78' lang='grc' dir='ltr'><strong>μέν</strong></span> <span class='ocrx_word' id='word_1_184' title='bbox 1703 1983 1916 2060; x_wconf 84' lang='grc' dir='ltr'>γλῶττα</span> 
     </span>
    </p>
   </div>
   <div class='ocr_carea' id='block_1_24' title="bbox 282 2070 1916 2152">
    <p class='ocr_par' dir='ltr' id='par_1_24' title="bbox 282 2070 1916 2152">
     <span class='ocr_line' id='line_1_25' title="bbox 282 2070 1916 2152; baseline -0.001 -22"><span class='ocrx_word' id='word_1_185' title='bbox 282 2076 490 2138; x_wconf 75' lang='grc' dir='ltr'>πάντως</span> <span class='ocrx_word' id='word_1_186' title='bbox 545 2075 678 2152; x_wconf 76' lang='grc' dir='ltr'>ἒμὴ,</span> <span class='ocrx_word' id='word_1_187' title='bbox 741 2079 874 2128; x_wconf 89' lang='grc' dir='ltr'>Θεοῦ</span> <span class='ocrx_word' id='word_1_188' title='bbox 929 2070 983 2126; x_wconf 77' lang='grc' dir='ltr'>δὲ</span> <span class='ocrx_word' id='word_1_189' title='bbox 1037 2072 1101 2126; x_wconf 82' lang='grc' dir='ltr'><strong>τὰ</strong></span> <span class='ocrx_word' id='word_1_190' title='bbox 1148 2073 1359 2148; x_wconf 78' lang='grc' dir='ltr'>ῥήματα</span> <span class='ocrx_word' id='word_1_191' title='bbox 1411 2073 1674 2152; x_wconf 74' lang='grc' dir='ltr'>ἄντικρυς,</span> <span class='ocrx_word' id='word_1_192' title='bbox 1740 2077 1844 2132; x_wconf 78' lang='grc' dir='ltr'><strong>Καὶ</strong></span> <span class='ocrx_word' id='word_1_193' title='bbox 1889 2075 1916 2129; x_wconf 86' lang='grc' dir='ltr'><strong>ὁ</strong></span> 
     </span>
    </p>
   </div>
   <div class='ocr_carea' id='block_1_25' title="bbox 283 2161 1917 2241">
    <p class='ocr_par' dir='ltr' id='par_1_25' title="bbox 283 2161 1917 2241">
     <span class='ocr_line' id='line_1_26' title="bbox 283 2161 1917 2241; baseline -0.001 -23"><span class='ocrx_word' id='word_1_194' title='bbox 283 2163 557 2241; x_wconf 73' lang='grc' dir='ltr'>δικαστὴς,</span> <span class='ocrx_word' id='word_1_195' title='bbox 590 2161 768 2238; x_wconf 79' lang='grc' dir='ltr'>ὥσπερ</span> <span class='ocrx_word' id='word_1_196' title='bbox 797 2166 896 2226; x_wconf 78' lang='grc' dir='ltr'>τῆς</span> <span class='ocrx_word' id='word_1_197' title='bbox 930 2163 1132 2238; x_wconf 83' lang='grc' dir='ltr'>μητρὸς</span> <span class='ocrx_word' id='word_1_198' title='bbox 1165 2161 1426 2238; x_wconf 80' lang='grc' dir='ltr'>ἀπογνοὺς</span> <span class='ocrx_word' id='word_1_199' title='bbox 1463 2162 1555 2218; x_wconf 73' lang='grc' dir='ltr'>καί</span> <span class='ocrx_word' id='word_1_200' title='bbox 1613 2169 1705 2219; x_wconf 84' lang='grc' dir='ltr'><strong>τοῦ</strong></span> <span class='ocrx_word' id='word_1_201' title='bbox 1763 2163 1917 2239; x_wconf 87' lang='grc' dir='ltr'><strong>πρώ-</strong></span> 
     </span>
    </p>
   </div>
   <div class='ocr_carea' id='block_1_26' title="bbox 282 2248 1918 2329">
    <p class='ocr_par' dir='ltr' id='par_1_26' title="bbox 282 2248 1918 2329">
     <span class='ocr_line' id='line_1_27' title="bbox 282 2248 1918 2329; baseline -0.001 -21"><span class='ocrx_word' id='word_1_202' title='bbox 282 2274 371 2310; x_wconf 79' lang='grc' dir='ltr'>του</span> <span class='ocrx_word' id='word_1_203' title='bbox 427 2259 533 2309; x_wconf 87' lang='grc' dir='ltr'><strong>τῶν</strong></span> <span class='ocrx_word' id='word_1_204' title='bbox 587 2251 806 2328; x_wconf 80' lang='grc' dir='ltr'>παίδων,</span> <span class='ocrx_word' id='word_1_205' title='bbox 844 2249 928 2305; x_wconf 82' lang='grc' dir='ltr'><strong>ἐπὶ</strong></span> <span class='ocrx_word' id='word_1_206' title='bbox 957 2249 1076 2312; x_wconf 83' lang='grc' dir='ltr'>τοὺς</span> <span class='ocrx_word' id='word_1_207' title='bbox 1109 2248 1298 2314; x_wconf 84' lang='grc' dir='ltr'>ἀλλους</span> <span class='ocrx_word' id='word_1_208' title='bbox 1331 2251 1428 2318; x_wconf 79' lang='grc' dir='ltr'><strong>τὴν</strong></span> <span class='ocrx_word' id='word_1_209' title='bbox 1487 2250 1756 2329; x_wconf 80' lang='grc' dir='ltr'>διάπειραν</span> <span class='ocrx_word' id='word_1_210' title='bbox 1816 2273 1918 2327; x_wconf 84' lang='grc' dir='ltr'>με·</span> 
     </span>
    </p>
   </div>
   <div class='ocr_carea' id='block_1_27' title="bbox 281 2337 1918 2422">
    <p class='ocr_par' dir='ltr' id='par_1_27' title="bbox 281 2337 1918 2422">
     <span class='ocr_line' id='line_1_28' title="bbox 281 2337 1918 2422; baseline -0.001 -24"><span class='ocrx_word' id='word_1_211' title='bbox 281 2342 520 2422; x_wconf 65' lang='grc' dir='ltr'>ταφέρει,</span> <span class='ocrx_word' id='word_1_212' title='bbox 593 2338 963 2417; x_wconf 78' lang='grc' dir='ltr'>ἀτελεστέρους</span> <span class='ocrx_word' id='word_1_213' title='bbox 1036 2337 1110 2395; x_wconf 80' lang='grc' dir='ltr'>ἔτι</span> <span class='ocrx_word' id='word_1_214' title='bbox 1199 2343 1298 2406; x_wconf 82' lang='grc' dir='ltr'>την</span> <span class='ocrx_word' id='word_1_215' title='bbox 1360 2341 1566 2407; x_wconf 70' lang='grc' dir='ltr'>ἡλικίαν</span> <span class='ocrx_word' id='word_1_216' title='bbox 1640 2340 1775 2417; x_wconf 75' lang='grc' dir='ltr'>δρῶν</span> <span class='ocrx_word' id='word_1_217' title='bbox 1832 2341 1918 2396; x_wconf 84' lang='grc' dir='ltr'><strong>καὶ</strong></span> 
     </span>
    </p>
   </div>
   <div class='ocr_carea' id='block_1_28' title="bbox 286 2427 1918 2507">
    <p class='ocr_par' dir='ltr' id='par_1_28' title="bbox 286 2427 1918 2507">
     <span class='ocr_line' id='line_1_29' title="bbox 286 2427 1918 2507; baseline -0.001 -21"><span class='ocrx_word' id='word_1_218' title='bbox 286 2431 449 2505; x_wconf 74' lang='grc' dir='ltr'>ταύτῃ</span> <span class='ocrx_word' id='word_1_219' title='bbox 506 2429 570 2497; x_wconf 78' lang='grc' dir='ltr'>δὴ</span> <span class='ocrx_word' id='word_1_220' title='bbox 614 2429 708 2486; x_wconf 72' lang='grc' dir='ltr'>καί</span> <span class='ocrx_word' id='word_1_221' title='bbox 771 2427 1116 2505; x_wconf 78' lang='grc' dir='ltr'>παραπείσειν</span> <span class='ocrx_word' id='word_1_222' title='bbox 1166 2429 1428 2501; x_wconf 79' lang='grc' dir='ltr'>οἰόμενος.</span> <span class='ocrx_word' id='word_1_223' title='bbox 1478 2430 1627 2486; x_wconf 81' lang='grc' dir='ltr'>Ἐπεὶ</span> <span class='ocrx_word' id='word_1_224' title='bbox 1682 2429 1736 2485; x_wconf 79' lang='grc' dir='ltr'>δὲ</span> <span class='ocrx_word' id='word_1_225' title='bbox 1789 2431 1918 2507; x_wconf 66' lang='grc' dir='ltr'>πρὸς</span> 
     </span>
    </p>
   </div>
   <div class='ocr_carea' id='block_1_29' title="bbox 287 2515 1919 2597">
    <p class='ocr_par' dir='ltr' id='par_1_29' title="bbox 287 2515 1919 2597">
     <span class='ocr_line' id='line_1_30' title="bbox 287 2515 1919 2597; baseline -0.001 -21"><span class='ocrx_word' id='word_1_226' title='bbox 287 2525 388 2587; x_wconf 81' lang='grc' dir='ltr'><strong>τὴν</strong></span> <span class='ocrx_word' id='word_1_227' title='bbox 440 2525 626 2597; x_wconf 80' lang='grc' dir='ltr'>εὐγενῆ</span> <span class='ocrx_word' id='word_1_228' title='bbox 683 2519 822 2596; x_wconf 79' lang='grc' dir='ltr'>ῥίζαν</span> <span class='ocrx_word' id='word_1_229' title='bbox 880 2515 1026 2574; x_wconf 68' lang='grc' dir='ltr'>ονύδέν</span> <span class='ocrx_word' id='word_1_230' title='bbox 1083 2521 1132 2573; x_wconf 81' lang='grc' dir='ltr'><strong>οἱ</strong></span> <span class='ocrx_word' id='word_1_231' title='bbox 1206 2517 1386 2575; x_wconf 78' lang='grc' dir='ltr'>κλάδοι</span> <span class='ocrx_word' id='word_1_232' title='bbox 1461 2518 1919 2594; x_wconf 69' lang='grc' dir='ltr'>παραλλάττοντες</span> 
     </span>
    </p>
   </div>
   <div class='ocr_carea' id='block_1_30' title="bbox 288 2605 1922 2688">
    <p class='ocr_par' dir='ltr' id='par_1_30' title="bbox 288 2605 1922 2688">
     <span class='ocr_line' id='line_1_31' title="bbox 288 2605 1922 2688; baseline -0.001 -22"><span class='ocrx_word' id='word_1_233' title='bbox 288 2608 558 2688; x_wconf 65' lang='grc' dir='ltr'>ὤφθησαν,</span> <span class='ocrx_word' id='word_1_234' title='bbox 604 2607 724 2664; x_wconf 74' lang='grc' dir='ltr'>ἀλλ’</span> <span class='ocrx_word' id='word_1_235' title='bbox 769 2605 1059 2663; x_wconf 75' lang='grc' dir='ltr'>ἐδείκνυντο</span> <span class='ocrx_word' id='word_1_236' title='bbox 1090 2608 1176 2662; x_wconf 85' lang='grc' dir='ltr'><strong>καὶ</strong></span> <span class='ocrx_word' id='word_1_237' title='bbox 1207 2607 1332 2670; x_wconf 75' lang='grc' dir='ltr'>ταῖς</span> <span class='ocrx_word' id='word_1_238' title='bbox 1372 2607 1612 2684; x_wconf 77' lang='grc' dir='ltr'>γνώμαις</span> <span class='ocrx_word' id='word_1_239' title='bbox 1657 2612 1702 2665; x_wconf 87' lang='grc' dir='ltr'><strong>οἱ</strong></span> <span class='ocrx_word' id='word_1_240' title='bbox 1733 2607 1922 2672; x_wconf 83' lang='grc' dir='ltr'>παῖδες</span> 
     </span>
    </p>
   </div>
   <div class='ocr_carea' id='block_1_31' title="bbox 286 2695 1922 2776">
    <p class='ocr_par' dir='ltr' id='par_1_31' title="bbox 286 2695 1922 2776">
     <span class='ocr_line' id='line_1_32' title="bbox 286 2695 1922 2776; baseline -0.001 -21"><span class='ocrx_word' id='word_1_241' title='bbox 286 2704 383 2764; x_wconf 81' lang='grc' dir='ltr'>τῆς</span> <span class='ocrx_word' id='word_1_242' title='bbox 429 2698 528 2774; x_wconf 88' lang='grc' dir='ltr'>μὲν</span> <span class='ocrx_word' id='word_1_243' title='bbox 570 2698 750 2776; x_wconf 79' lang='grc' dir='ltr'>τέκνα,</span> <span class='ocrx_word' id='word_1_244' title='bbox 783 2703 873 2752; x_wconf 80' lang='grc' dir='ltr'>τοῦ</span> <span class='ocrx_word' id='word_1_245' title='bbox 904 2695 958 2752; x_wconf 81' lang='grc' dir='ltr'><em>δέ</em></span> <span class='ocrx_word' id='word_1_246' title='bbox 1008 2695 1245 2774; x_wconf 66' lang='grc' dir='ltr'>ἀδελφοὶ,</span> <span class='ocrx_word' id='word_1_247' title='bbox 1290 2697 1447 2752; x_wconf 73' lang='grc' dir='ltr'>πάλιν</span> <span class='ocrx_word' id='word_1_248' title='bbox 1493 2701 1620 2776; x_wconf 81' lang='grc' dir='ltr'>πρὸς</span> <span class='ocrx_word' id='word_1_249' title='bbox 1653 2699 1750 2766; x_wconf 81' lang='grc' dir='ltr'><strong>τὴν</strong></span> <span class='ocrx_word' id='word_1_250' title='bbox 1807 2721 1922 2772; x_wconf 79' lang='grc' dir='ltr'>μη-</span> 
     </span>
    </p>
   </div>
   <div class='ocr_carea' id='block_1_32' title="bbox 286 2783 1917 2864">
    <p class='ocr_par' dir='ltr' id='par_1_32' title="bbox 286 2783 1917 2864">
     <span class='ocr_line' id='line_1_33' title="bbox 286 2783 1917 2864; baseline 0 -21"><span class='ocrx_word' id='word_1_251' title='bbox 286 2788 408 2863; x_wconf 77' lang='grc' dir='ltr'>τέρα</span> <span class='ocrx_word' id='word_1_252' title='bbox 467 2788 555 2841; x_wconf 77' lang='grc' dir='ltr'>καὶ</span> <span class='ocrx_word' id='word_1_253' title='bbox 612 2787 702 2841; x_wconf 83' lang='grc' dir='ltr'>τὸν</span> <span class='ocrx_word' id='word_1_254' title='bbox 750 2791 960 2862; x_wconf 87' lang='grc' dir='ltr'>πρῶτον</span> <span class='ocrx_word' id='word_1_255' title='bbox 1033 2791 1140 2840; x_wconf 89' lang='grc' dir='ltr'><strong>τῶν</strong></span> <span class='ocrx_word' id='word_1_256' title='bbox 1198 2783 1534 2864; x_wconf 78' lang='grc' dir='ltr'>αὐταδὲλφων</span> <span class='ocrx_word' id='word_1_257' title='bbox 1585 2800 1917 2864; x_wconf 74' lang='grc' dir='ltr'>μεταχωρεῖ,</span> 
     </span>
    </p>
   </div>
   <div class='ocr_carea' id='block_1_33' title="bbox 290 2873 1918 2954">
    <p class='ocr_par' dir='ltr' id='par_1_33' title="bbox 290 2873 1918 2954">
     <span class='ocr_line' id='line_1_34' title="bbox 290 2873 1918 2954; baseline -0.012 -6"><span class='ocrx_word' id='word_1_258' title='bbox 290 2876 708 2953; x_wconf 74' lang='grc' dir='ltr'>Ἐπιστράφητε,</span> <span class='ocrx_word' id='word_1_259' title='bbox 754 2873 952 2949; x_wconf 79' lang='grc' dir='ltr'>λέγων,</span> <span class='ocrx_word' id='word_1_260' title='bbox 1014 2875 1143 2950; x_wconf 72' lang='grc' dir='ltr'>πρὸς</span> <span class='ocrx_word' id='word_1_261' title='bbox 1208 2874 1271 2928; x_wconf 78' lang='grc' dir='ltr'>τὰ</span> <span class='ocrx_word' id='word_1_262' title='bbox 1329 2873 1556 2948; x_wconf 75' lang='grc' dir='ltr'>ὑμέτερα</span> <span class='ocrx_word' id='word_1_263' title='bbox 1609 2876 1918 2954; x_wconf 69' lang='grc' dir='ltr'>σπλάγχνα,</span> 
     </span>
    </p>
   </div>
   <div class='ocr_carea' id='block_1_34' title="bbox 288 2960 1920 3045">
    <p class='ocr_par' dir='ltr' id='par_1_34' title="bbox 288 2960 1920 3045">
     <span class='ocr_line' id='line_1_35' title="bbox 288 2960 1920 3045; baseline -0.002 -23"><span class='ocrx_word' id='word_1_264' title='bbox 288 2969 535 3045; x_wconf 66' lang='grc' dir='ltr'>φείσασθε</span> <span class='ocrx_word' id='word_1_265' title='bbox 577 2970 681 3020; x_wconf 87' lang='grc' dir='ltr'><strong>τῶν</strong></span> <span class='ocrx_word' id='word_1_266' title='bbox 713 2963 918 3030; x_wconf 77' lang='grc' dir='ltr'>νηπίων</span> <span class='ocrx_word' id='word_1_267' title='bbox 955 2969 1059 3017; x_wconf 87' lang='grc' dir='ltr'><strong>τῶν</strong></span> <span class='ocrx_word' id='word_1_268' title='bbox 1111 2960 1354 3041; x_wconf 81' lang='grc' dir='ltr'>ἁπαλῶν,</span> <span class='ocrx_word' id='word_1_269' title='bbox 1386 2965 1490 3019; x_wconf 86' lang='grc' dir='ltr'>τῶν</span> <span class='ocrx_word' id='word_1_270' title='bbox 1555 2963 1739 3040; x_wconf 85' lang='grc' dir='ltr'>ἀώρων</span> <span class='ocrx_word' id='word_1_271' title='bbox 1766 2981 1779 2993; x_wconf 87' lang='grc'><strong>·</strong></span> <span class='ocrx_word' id='word_1_272' title='bbox 1842 2965 1920 3040; x_wconf 80' lang='grc' dir='ltr'><strong>μὴ</strong></span> 
     </span>
    </p>
   </div>
   <div class='ocr_carea' id='block_1_35' title="bbox 284 1537 871 1615">
    <p class='ocr_par' dir='ltr' id='par_1_35' title="bbox 284 1537 871 1615">
     <span class='ocr_line' id='line_1_36' title="bbox 284 1537 871 1615; baseline -0.005 -20"><span class='ocrx_word' id='word_1_273' title='bbox 284 1543 310 1595; x_wconf 83' lang='grc' dir='ltr'><strong>ὂ</strong></span> <span class='ocrx_word' id='word_1_274' title='bbox 340 1552 470 1602; x_wconf 76' lang='grc' dir='ltr'>παῖς</span> <span class='ocrx_word' id='word_1_275' title='bbox 505 1537 822 1615; x_wconf 76' lang='grc' dir='ltr'>ἀπεκρίνατο</span> <span class='ocrx_word' id='word_1_276' title='bbox 856 1555 871 1572; x_wconf 81' lang='grc'><strong><em>⁸</em></strong></span> 
     </span>
    </p>
   </div>
   <div class='ocr_carea' id='block_1_36' title="bbox 295 3051 1813 3132">
    <p class='ocr_par' dir='ltr' id='par_1_36' title="bbox 295 3051 1813 3132">
     <span class='ocr_line' id='line_1_37' title="bbox 295 3051 1813 3132; baseline 0 -22"><span class='ocrx_word' id='word_1_277' title='bbox 295 3053 557 3132; x_wconf 76' lang='grc' dir='ltr'>περιίδητε</span> <span class='ocrx_word' id='word_1_278' title='bbox 587 3053 706 3110; x_wconf 87' lang='grc' dir='ltr'>κατ’</span> <span class='ocrx_word' id='word_1_279' title='bbox 738 3051 1034 3132; x_wconf 73' lang='grc' dir='ltr'>ὀφθαλμοὺς</span> <span class='ocrx_word' id='word_1_280' title='bbox 1066 3053 1211 3124; x_wconf 80' lang='grc' dir='ltr'>ὑμῶν</span> <span class='ocrx_word' id='word_1_281' title='bbox 1243 3059 1420 3118; x_wconf 82' lang='grc' dir='ltr'>κακῶς</span> <span class='ocrx_word' id='word_1_282' title='bbox 1451 3053 1813 3127; x_wconf 88' lang='grc' dir='ltr'>ἀπολλύμενα.</span> 
     </span>
    </p>
   </div>
   <div class='ocr_carea' id='block_1_37' title="bbox 373 3141 1920 3222">
    <p class='ocr_par' dir='ltr' id='par_1_37' title="bbox 373 3141 1920 3222">
     <span class='ocr_line' id='line_1_38' title="bbox 373 3141 1920 3222; baseline 0.001 -21"><span class='ocrx_word' id='word_1_283' title='bbox 373 3143 499 3209; x_wconf 83' lang='grc' dir='ltr'><strong>ΛΒ’,</strong></span> <span class='ocrx_word' id='word_1_284' title='bbox 545 3143 725 3201; x_wconf 76' lang='grc' dir='ltr'><strong>Πολλᾶ</strong></span> <span class='ocrx_word' id='word_1_285' title='bbox 782 3152 995 3201; x_wconf 88' lang='grc' dir='ltr'>τοιαῦτα</span> <span class='ocrx_word' id='word_1_286' title='bbox 1039 3143 1224 3220; x_wconf 83' lang='grc' dir='ltr'>εἰπὼν,</span> <span class='ocrx_word' id='word_1_287' title='bbox 1269 3141 1381 3198; x_wconf 77' lang='grc' dir='ltr'>ἐπεὶ</span> <span class='ocrx_word' id='word_1_288' title='bbox 1433 3151 1551 3205; x_wconf 73' lang='grc' dir='ltr'>τοῦς</span> <span class='ocrx_word' id='word_1_289' title='bbox 1617 3144 1803 3222; x_wconf 82' lang='grc' dir='ltr'>λόγους</span> <span class='ocrx_word' id='word_1_290' title='bbox 1849 3147 1920 3210; x_wconf 83' lang='grc' dir='ltr'><strong>εἰς</strong></span> 
     </span>
    </p>
   </div>
   <div class='ocr_carea' id='block_1_38' title="bbox 287 3231 1921 3313">
    <p class='ocr_par' dir='ltr' id='par_1_38' title="bbox 287 3231 1921 3313">
     <span class='ocr_line' id='line_1_39' title="bbox 287 3231 1921 3313; baseline 0 -22"><span class='ocrx_word' id='word_1_291' title='bbox 287 3236 414 3313; x_wconf 77' lang='grc' dir='ltr'>ἀέρα</span> <span class='ocrx_word' id='word_1_292' title='bbox 462 3238 578 3302; x_wconf 77' lang='grc' dir='ltr'><strong>εἶκῆ</strong></span> <span class='ocrx_word' id='word_1_293' title='bbox 641 3233 932 3313; x_wconf 73' lang='grc' dir='ltr'>χεομένους</span> <span class='ocrx_word' id='word_1_294' title='bbox 992 3231 1154 3309; x_wconf 81' lang='grc' dir='ltr'>ἑώρα,</span> <span class='ocrx_word' id='word_1_295' title='bbox 1210 3233 1300 3288; x_wconf 78' lang='grc' dir='ltr'><strong>τὸν</strong></span> <span class='ocrx_word' id='word_1_296' title='bbox 1344 3231 1513 3288; x_wconf 83' lang='grc' dir='ltr'>παῖδα</span> <span class='ocrx_word' id='word_1_297' title='bbox 1552 3233 1751 3291; x_wconf 84' lang='grc' dir='ltr'>κελεύει</span> <span class='ocrx_word' id='word_1_298' title='bbox 1801 3235 1921 3292; x_wconf 87' lang='grc' dir='ltr'>κατ’</span> 
     </span>
    </p>
   </div>
   <div class='ocr_carea' id='block_1_39' title="bbox 2001 814 3640 899">
    <p class='ocr_par' dir='ltr' id='par_1_39' title="bbox 2001 814 3640 899">
     <span class='ocr_line' id='line_1_40' title="bbox 2001 814 3640 899; baseline -0.002 -20"><span class='ocrx_word' id='word_1_299' title='bbox 2001 834 2208 899; x_wconf 89' lang='lat' dir='ltr'><strong>parum</strong></span> <span class='ocrx_word' id='word_1_300' title='bbox 2249 816 2419 878; x_wconf 87' lang='lat' dir='ltr'><strong>abest</strong></span> <span class='ocrx_word' id='word_1_301' title='bbox 2449 817 2586 897; x_wconf 83' lang='lat' dir='ltr'><strong>quin</strong></span> <span class='ocrx_word' id='word_1_302' title='bbox 2619 817 3018 898; x_wconf 79' lang='lat' dir='ltr'><strong>dicam,aeque</strong></span> <span class='ocrx_word' id='word_1_303' title='bbox 3047 835 3114 878; x_wconf 91' lang='lat' dir='ltr'><strong>ac</strong></span> <span class='ocrx_word' id='word_1_304' title='bbox 3141 815 3414 878; x_wconf 88' lang='lat' dir='ltr'><strong>convivio</strong></span> <span class='ocrx_word' id='word_1_305' title='bbox 3443 814 3640 876; x_wconf 89' lang='lat' dir='ltr'><strong>delec-</strong></span> 
     </span>
    </p>
   </div>
   <div class='ocr_carea' id='block_1_40' title="bbox 2001 905 3641 987">
    <p class='ocr_par' dir='ltr' id='par_1_40' title="bbox 2001 905 3641 987">
     <span class='ocr_line' id='line_1_41' title="bbox 2001 905 3641 987; baseline -0.002 -19"><span class='ocrx_word' id='word_1_306' title='bbox 2001 917 2218 968; x_wconf 87' lang='lat' dir='ltr'><strong>tamur.</strong></span> <span class='ocrx_word' id='word_1_307' title='bbox 2274 907 2459 968; x_wconf 92' lang='lat' dir='ltr'><strong>Deum</strong></span> <span class='ocrx_word' id='word_1_308' title='bbox 2520 925 2658 967; x_wconf 91' lang='lat' dir='ltr'><strong>vero</strong></span> <span class='ocrx_word' id='word_1_309' title='bbox 2717 905 2910 987; x_wconf 78' lang='lat' dir='ltr'><strong>potius</strong></span> <span class='ocrx_word' id='word_1_310' title='bbox 2964 906 3269 982; x_wconf 84' lang='lat' dir='ltr'><strong>timemus,</strong></span> <span class='ocrx_word' id='word_1_311' title='bbox 3315 906 3413 986; x_wconf 88' lang='lat' dir='ltr'><strong>qui</strong></span> <span class='ocrx_word' id='word_1_312' title='bbox 3447 910 3641 985; x_wconf 87' lang='lat' dir='ltr'><strong>potest</strong></span> 
     </span>
    </p>
   </div>
   <div class='ocr_carea' id='block_1_41' title="bbox 2000 994 3640 1078">
    <p class='ocr_par' dir='ltr' id='par_1_41' title="bbox 2000 994 3640 1078">
     <span class='ocr_line' id='line_1_42' title="bbox 2000 994 3640 1078; baseline -0.002 -19"><span class='ocrx_word' id='word_1_313' title='bbox 2000 997 2258 1059; x_wconf 90' lang='lat' dir='ltr'><strong>animam</strong></span> <span class='ocrx_word' id='word_1_314' title='bbox 2294 1006 2352 1060; x_wconf 86' lang='lat' dir='ltr'><strong>et</strong></span> <span class='ocrx_word' id='word_1_315' title='bbox 2382 1016 2601 1078; x_wconf 87' lang='lat' dir='ltr'><strong>corpus</strong></span> <span class='ocrx_word' id='word_1_316' title='bbox 2633 998 2839 1077; x_wconf 84' lang='lat' dir='ltr'><strong>punire</strong></span> <span class='ocrx_word' id='word_1_317' title='bbox 2889 996 2950 1058; x_wconf 87' lang='lat' dir='ltr'><strong>in</strong></span> <span class='ocrx_word' id='word_1_318' title='bbox 2982 997 3279 1075; x_wconf 83' lang='lat' dir='ltr'><strong>gehenna.</strong></span> <span class='ocrx_word' id='word_1_319' title='bbox 3314 994 3640 1057; x_wconf 85' lang='lat' dir='ltr'><strong>Proconsul</strong></span> 
     </span>
    </p>
   </div>
   <div class='ocr_carea' id='block_1_42' title="bbox 2001 1085 3640 1166">
    <p class='ocr_par' dir='ltr' id='par_1_42' title="bbox 2001 1085 3640 1166">
     <span class='ocr_line' id='line_1_43' title="bbox 2001 1085 3640 1166; baseline -0.002 -17"><span class='ocrx_word' id='word_1_320' title='bbox 2001 1096 2194 1149; x_wconf 91' lang='lat' dir='ltr'><strong>autem</strong></span> <span class='ocrx_word' id='word_1_321' title='bbox 2221 1089 2411 1149; x_wconf 86' lang='lat' dir='ltr'><strong>oculis</strong></span> <span class='ocrx_word' id='word_1_322' title='bbox 2445 1087 2504 1148; x_wconf 91' lang='lat' dir='ltr'><strong>in</strong></span> <span class='ocrx_word' id='word_1_323' title='bbox 2539 1105 2788 1166; x_wconf 90' lang='lat' dir='ltr'><strong>puerum</strong></span> <span class='ocrx_word' id='word_1_324' title='bbox 2841 1087 3132 1166; x_wconf 77' lang='lat' dir='ltr'><strong>conjectis</strong></span> <span class='ocrx_word' id='word_1_325' title='bbox 3163 1103 3178 1148; x_wconf 88' lang='lat'>:</span> <span class='ocrx_word' id='word_1_326' title='bbox 3231 1088 3376 1148; x_wconf 88' lang='lat' dir='ltr'><strong>Cum</strong></span> <span class='ocrx_word' id='word_1_327' title='bbox 3411 1085 3640 1146; x_wconf 84' lang='lat' dir='ltr'><strong>videam</strong></span> 
     </span>
    </p>
   </div>
   <div class='ocr_carea' id='block_1_43' title="bbox 2002 1173 3644 1257">
    <p class='ocr_par' dir='ltr' id='par_1_43' title="bbox 2002 1173 3644 1257">
     <span class='ocr_line' id='line_1_44' title="bbox 2002 1173 3644 1257; baseline -0.002 -19"><span class='ocrx_word' id='word_1_328' title='bbox 2002 1187 2086 1249; x_wconf 90' lang='lat' dir='ltr'><strong>te,</strong></span> <span class='ocrx_word' id='word_1_329' title='bbox 2122 1177 2341 1257; x_wconf 81' lang='lat' dir='ltr'><strong>inquit,</strong></span> <span class='ocrx_word' id='word_1_330' title='bbox 2389 1185 2560 1240; x_wconf 69' lang='lat' dir='ltr'><strong>aetate</strong></span> <span class='ocrx_word' id='word_1_331' title='bbox 2607 1176 2924 1238; x_wconf 87' lang='lat' dir='ltr'><strong>admodum</strong></span> <span class='ocrx_word' id='word_1_332' title='bbox 2980 1175 3417 1254; x_wconf 87' lang='lat' dir='ltr'><strong>imperfectum,</strong></span> <span class='ocrx_word' id='word_1_333' title='bbox 3455 1173 3644 1235; x_wconf 86' lang='lat' dir='ltr'><strong>miror</strong></span> 
     </span>
    </p>
   </div>
   <div class='ocr_carea' id='block_1_44' title="bbox 2001 1263 3642 1346">
    <p class='ocr_par' dir='ltr' id='par_1_44' title="bbox 2001 1263 3642 1346">
     <span class='ocr_line' id='line_1_45' title="bbox 2001 1263 3642 1346; baseline -0.002 -19"><span class='ocrx_word' id='word_1_334' title='bbox 2001 1267 2300 1343; x_wconf 91' lang='lat' dir='ltr'><strong>quomodo</strong></span> <span class='ocrx_word' id='word_1_335' title='bbox 2333 1277 2390 1327; x_wconf 88' lang='lat' dir='ltr'><strong>et</strong></span> <span class='ocrx_word' id='word_1_336' title='bbox 2421 1287 2452 1326; x_wconf 88' lang='lat' dir='ltr'><strong>a</strong></span> <span class='ocrx_word' id='word_1_337' title='bbox 2485 1286 2599 1346; x_wconf 90' lang='lat' dir='ltr'><strong>quo</strong></span> <span class='ocrx_word' id='word_1_338' title='bbox 2624 1267 2750 1327; x_wconf 66' lang='lat' dir='ltr'><strong>hazc</strong></span> <span class='ocrx_word' id='word_1_339' title='bbox 2773 1267 2854 1326; x_wconf 92' lang='lat' dir='ltr'><strong>sic</strong></span> <span class='ocrx_word' id='word_1_340' title='bbox 2889 1265 3312 1345; x_wconf 73' lang='lat' dir='ltr'><strong>didicisti,quw</strong></span> <span class='ocrx_word' id='word_1_341' title='bbox 3343 1263 3437 1326; x_wconf 84' lang='lat' dir='ltr'><strong>vix</strong></span> <span class='ocrx_word' id='word_1_342' title='bbox 3470 1263 3642 1324; x_wconf 89' lang='lat' dir='ltr'><strong>multi</strong></span> 
     </span>
    </p>
   </div>
   <div class='ocr_carea' id='block_1_45' title="bbox 2002 1351 3641 1434">
    <p class='ocr_par' dir='ltr' id='par_1_45' title="bbox 2002 1351 3641 1434">
     <span class='ocr_line' id='line_1_46' title="bbox 2002 1351 3641 1434; baseline -0.003 -16"><span class='ocrx_word' id='word_1_343' title='bbox 2002 1365 2061 1418; x_wconf 91' lang='lat' dir='ltr'><strong>et</strong></span> <span class='ocrx_word' id='word_1_344' title='bbox 2093 1357 2266 1433; x_wconf 88' lang='lat' dir='ltr'><strong>longo</strong></span> <span class='ocrx_word' id='word_1_345' title='bbox 2300 1363 2567 1434; x_wconf 88' lang='lat' dir='ltr'><strong>tempore</strong></span> <span class='ocrx_word' id='word_1_346' title='bbox 2599 1367 2655 1416; x_wconf 88' lang='lat' dir='ltr'><strong>et</strong></span> <span class='ocrx_word' id='word_1_347' title='bbox 2704 1355 2906 1415; x_wconf 87' lang='lat' dir='ltr'><strong>labore</strong></span> <span class='ocrx_word' id='word_1_348' title='bbox 2965 1361 3099 1416; x_wconf 81' lang='lat' dir='ltr'><strong>sunt</strong></span> <span class='ocrx_word' id='word_1_349' title='bbox 3127 1358 3459 1415; x_wconf 88' lang='lat' dir='ltr'><strong>consecuti.</strong></span> <span class='ocrx_word' id='word_1_350' title='bbox 3491 1351 3641 1424; x_wconf 86' lang='lat' dir='ltr'><strong>Qui-</strong></span> 
     </span>
    </p>
   </div>
   <div class='ocr_carea' id='block_1_46' title="bbox 2004 1441 3643 1525">
    <p class='ocr_par' dir='ltr' id='par_1_46' title="bbox 2004 1441 3643 1525">
     <span class='ocr_line' id='line_1_47' title="bbox 2004 1441 3643 1525; baseline -0.002 -19"><span class='ocrx_word' id='word_1_351' title='bbox 2004 1447 2114 1506; x_wconf 90' lang='lat' dir='ltr'><strong>bus</strong></span> <span class='ocrx_word' id='word_1_352' title='bbox 2148 1463 2293 1522; x_wconf 89' lang='lat' dir='ltr'><strong>puer</strong></span> <span class='ocrx_word' id='word_1_353' title='bbox 2338 1452 2669 1525; x_wconf 84' lang='lat' dir='ltr'><strong>opportune</strong></span> <span class='ocrx_word' id='word_1_354' title='bbox 2717 1443 3024 1522; x_wconf 86' lang='lat' dir='ltr'><strong>respondit</strong></span> <span class='ocrx_word' id='word_1_355' title='bbox 3060 1465 3073 1506; x_wconf 94' lang='lat'>:</span> <span class='ocrx_word' id='word_1_356' title='bbox 3128 1441 3410 1504; x_wconf 88' lang='lat' dir='ltr'><strong>Servator</strong></span> <span class='ocrx_word' id='word_1_357' title='bbox 3439 1449 3643 1504; x_wconf 85' lang='lat' dir='ltr'><strong>noster</strong></span> 
     </span>
    </p>
   </div>
   <div class='ocr_carea' id='block_1_47' title="bbox 2002 1529 3636 1610">
    <p class='ocr_par' dir='ltr' id='par_1_47' title="bbox 2002 1529 3636 1610">
     <span class='ocr_line' id='line_1_48' title="bbox 2002 1529 3636 1610; baseline 0.001 -16"><span class='ocrx_word' id='word_1_358' title='bbox 2002 1542 2059 1594; x_wconf 88' lang='lat' dir='ltr'><strong>et</strong></span> <span class='ocrx_word' id='word_1_359' title='bbox 2116 1533 2408 1594; x_wconf 84' lang='lat' dir='ltr'><strong>Dominus</strong></span> <span class='ocrx_word' id='word_1_360' title='bbox 2456 1531 2630 1594; x_wconf 87' lang='lat' dir='ltr'><strong>.lesus</strong></span> <span class='ocrx_word' id='word_1_361' title='bbox 2687 1530 2978 1610; x_wconf 85' lang='lat' dir='ltr'><strong>Christus,</strong></span> <span class='ocrx_word' id='word_1_362' title='bbox 3015 1531 3143 1610; x_wconf 90' lang='lat' dir='ltr'><strong>ipse</strong></span> <span class='ocrx_word' id='word_1_363' title='bbox 3195 1538 3286 1591; x_wconf 90' lang='lat' dir='ltr'><strong>est</strong></span> <span class='ocrx_word' id='word_1_364' title='bbox 3315 1530 3416 1610; x_wconf 87' lang='lat' dir='ltr'><strong>qui</strong></span> <span class='ocrx_word' id='word_1_365' title='bbox 3445 1529 3636 1596; x_wconf 83' lang='lat' dir='ltr'><strong>dixit:</strong></span> 
     </span>
    </p>
   </div>
   <div class='ocr_carea' id='block_1_48' title="bbox 2009 1618 3642 1701">
    <p class='ocr_par' dir='ltr' id='par_1_48' title="bbox 2009 1618 3642 1701">
     <span class='ocr_line' id='line_1_49' title="bbox 2009 1618 3642 1701; baseline 0.001 -21"><span class='ocrx_word' id='word_1_366' title='bbox 2009 1647 2030 1680; x_wconf 78' lang='grc' dir='ltr'><strong>ι</strong></span> <span class='ocrx_word' id='word_1_367' title='bbox 2067 1622 2314 1694; x_wconf 87' lang='lat' dir='ltr'><strong>Quando</strong></span> <span class='ocrx_word' id='word_1_368' title='bbox 2348 1621 2649 1684; x_wconf 81' lang='lat' dir='ltr'><strong>duceinini</strong></span> <span class='ocrx_word' id='word_1_369' title='bbox 2687 1621 2759 1682; x_wconf 88' lang='lat' dir='ltr'><strong>ad</strong></span> <span class='ocrx_word' id='word_1_370' title='bbox 2811 1638 2984 1697; x_wconf 84' lang='lat' dir='ltr'><strong>reges</strong></span> <span class='ocrx_word' id='word_1_371' title='bbox 3028 1629 3087 1682; x_wconf 91' lang='lat' dir='ltr'><strong>et</strong></span> <span class='ocrx_word' id='word_1_372' title='bbox 3118 1618 3426 1701; x_wconf 68' lang='lat' dir='ltr'><strong>praesides,</strong></span> <span class='ocrx_word' id='word_1_373' title='bbox 3458 1620 3642 1682; x_wconf 90' lang='lat' dir='ltr'><strong>nolite</strong></span> 
     </span>
    </p>
   </div>
   <div class='ocr_carea' id='block_1_49' title="bbox 2002 1708 3642 1792">
    <p class='ocr_par' dir='ltr' id='par_1_49' title="bbox 2002 1708 3642 1792">
     <span class='ocr_line' id='line_1_50' title="bbox 2002 1708 3642 1792; baseline -0.001 -19"><span class='ocrx_word' id='word_1_374' title='bbox 2002 1713 2260 1789; x_wconf 85' lang='lat' dir='ltr'><strong>cogitare</strong></span> <span class='ocrx_word' id='word_1_375' title='bbox 2289 1711 2430 1792; x_wconf 87' lang='lat' dir='ltr'><strong>quid</strong></span> <span class='ocrx_word' id='word_1_376' title='bbox 2483 1710 2834 1788; x_wconf 89' lang='lat' dir='ltr'><strong>loquamini.</strong></span> <span class='ocrx_word' id='word_1_377' title='bbox 2895 1709 3144 1771; x_wconf 81' lang='lat' dir='ltr'><strong>Dabitur</strong></span> <span class='ocrx_word' id='word_1_378' title='bbox 3191 1710 3348 1770; x_wconf 89' lang='lat' dir='ltr'><strong>enim</strong></span> <span class='ocrx_word' id='word_1_379' title='bbox 3384 1709 3548 1771; x_wconf 82' lang='lat' dir='ltr'><strong>vobis</strong></span> <span class='ocrx_word' id='word_1_380' title='bbox 3577 1708 3642 1771; x_wconf 91' lang='lat' dir='ltr'><strong>in</strong></span> 
     </span>
    </p>
   </div>
   <div class='ocr_carea' id='block_1_50' title="bbox 2001 1798 3644 1882">
    <p class='ocr_par' dir='ltr' id='par_1_50' title="bbox 2001 1798 3644 1882">
     <span class='ocr_line' id='line_1_51' title="bbox 2001 1798 3644 1882; baseline -0.001 -20"><span class='ocrx_word' id='word_1_381' title='bbox 2001 1801 2100 1862; x_wconf 91' lang='lat' dir='ltr'><strong>illa</strong></span> <span class='ocrx_word' id='word_1_382' title='bbox 2135 1803 2278 1863; x_wconf 83' lang='lat' dir='ltr'><strong>liora</strong></span> <span class='ocrx_word' id='word_1_383' title='bbox 2305 1802 2446 1882; x_wconf 90' lang='lat' dir='ltr'><strong>quid</strong></span> <span class='ocrx_word' id='word_1_384' title='bbox 2480 1800 2806 1881; x_wconf 86' lang='lat' dir='ltr'><strong>loquamini</strong></span> <span class='ocrx_word' id='word_1_385' title='bbox 2835 1803 2887 1863; x_wconf 84' lang='lat'><strong>5.</strong></span> <span class='ocrx_word' id='word_1_386' title='bbox 2927 1824 2950 1858; x_wconf 73' lang='grc' dir='ltr'><strong>ιι</strong></span> <span class='ocrx_word' id='word_1_387' title='bbox 2992 1798 3162 1860; x_wconf 87' lang='lat' dir='ltr'><strong>Nunc</strong></span> <span class='ocrx_word' id='word_1_388' title='bbox 3193 1817 3334 1879; x_wconf 86' lang='lat' dir='ltr'><strong>ergo</strong></span> <span class='ocrx_word' id='word_1_389' title='bbox 3356 1799 3644 1860; x_wconf 67' lang='lat' dir='ltr'><strong>sunthaec</strong></span> 
     </span>
    </p>
   </div>
   <div class='ocr_carea' id='block_1_51' title="bbox 2003 1888 3643 1970">
    <p class='ocr_par' dir='ltr' id='par_1_51' title="bbox 2003 1888 3643 1970">
     <span class='ocr_line' id='line_1_52' title="bbox 2003 1888 3643 1970; baseline -0.001 -19"><span class='ocrx_word' id='word_1_390' title='bbox 2003 1909 2120 1951; x_wconf 92' lang='lat' dir='ltr'><strong>non</strong></span> <span class='ocrx_word' id='word_1_391' title='bbox 2157 1910 2313 1963; x_wconf 80' lang='lat' dir='ltr'><strong>mea,</strong></span> <span class='ocrx_word' id='word_1_392' title='bbox 2377 1909 2573 1968; x_wconf 90' lang='lat' dir='ltr'><strong>neque</strong></span> <span class='ocrx_word' id='word_1_393' title='bbox 2631 1890 2906 1951; x_wconf 78' lang='lat' dir='ltr'><strong>humanae</strong></span> <span class='ocrx_word' id='word_1_394' title='bbox 2965 1889 3269 1970; x_wconf 70' lang='lat' dir='ltr'><strong>sapientiae</strong></span> <span class='ocrx_word' id='word_1_395' title='bbox 3297 1888 3500 1962; x_wconf 91' lang='lat' dir='ltr'><strong>verba,</strong></span> <span class='ocrx_word' id='word_1_396' title='bbox 3535 1889 3643 1950; x_wconf 88' lang='lat' dir='ltr'><strong>sed</strong></span> 
     </span>
    </p>
   </div>
   <div class='ocr_carea' id='block_1_52' title="bbox 2001 1975 3646 2060">
    <p class='ocr_par' dir='ltr' id='par_1_52' title="bbox 2001 1975 3646 2060">
     <span class='ocr_line' id='line_1_53' title="bbox 2001 1975 3646 2060; baseline -0.002 -18"><span class='ocrx_word' id='word_1_397' title='bbox 2001 1981 2246 2042; x_wconf 89' lang='lat' dir='ltr'><strong>omnino</strong></span> <span class='ocrx_word' id='word_1_398' title='bbox 2279 1980 2518 2060; x_wconf 88' lang='lat' dir='ltr'><strong>quidem</strong></span> <span class='ocrx_word' id='word_1_399' title='bbox 2551 1999 2682 2042; x_wconf 89' lang='lat' dir='ltr'><strong>mea</strong></span> <span class='ocrx_word' id='word_1_400' title='bbox 2711 1990 2801 2041; x_wconf 91' lang='lat' dir='ltr'><strong>est</strong></span> <span class='ocrx_word' id='word_1_401' title='bbox 2822 1980 3047 2058; x_wconf 81' lang='lat' dir='ltr'><strong>lingua,</strong></span> <span class='ocrx_word' id='word_1_402' title='bbox 3071 1986 3278 2060; x_wconf 91' lang='lat' dir='ltr'><strong>aperte</strong></span> <span class='ocrx_word' id='word_1_403' title='bbox 3307 1987 3507 2039; x_wconf 87' lang='lat' dir='ltr'><strong>autem</strong></span> <span class='ocrx_word' id='word_1_404' title='bbox 3537 1975 3646 2040; x_wconf 88' lang='lat' dir='ltr'><strong>Dei</strong></span> 
     </span>
    </p>
   </div>
   <div class='ocr_carea' id='block_1_53' title="bbox 2001 2065 3644 2149">
    <p class='ocr_par' dir='ltr' id='par_1_53' title="bbox 2001 2065 3644 2149">
     <span class='ocr_line' id='line_1_54' title="bbox 2001 2065 3644 2149; baseline -0.003 -16"><span class='ocrx_word' id='word_1_405' title='bbox 2001 2077 2140 2133; x_wconf 91' lang='lat' dir='ltr'><strong>sunt</strong></span> <span class='ocrx_word' id='word_1_406' title='bbox 2172 2069 2371 2131; x_wconf 89' lang='lat' dir='ltr'><strong>verba.</strong></span> <span class='ocrx_word' id='word_1_407' title='bbox 2406 2069 2598 2131; x_wconf 83' lang='lat' dir='ltr'><strong>Judex</strong></span> <span class='ocrx_word' id='word_1_408' title='bbox 2628 2088 2790 2149; x_wconf 86' lang='lat' dir='ltr'><strong>vero,</strong></span> <span class='ocrx_word' id='word_1_409' title='bbox 2822 2068 3009 2131; x_wconf 91' lang='lat' dir='ltr'><strong>veluti</strong></span> <span class='ocrx_word' id='word_1_410' title='bbox 3035 2068 3109 2130; x_wconf 90' lang='lat' dir='ltr'><strong>de</strong></span> <span class='ocrx_word' id='word_1_411' title='bbox 3135 2075 3323 2129; x_wconf 87' lang='lat' dir='ltr'><strong>matre</strong></span> <span class='ocrx_word' id='word_1_412' title='bbox 3351 2085 3520 2148; x_wconf 91' lang='lat' dir='ltr'><strong>spem</strong></span> <span class='ocrx_word' id='word_1_413' title='bbox 3543 2065 3644 2128; x_wconf 88' lang='lat' dir='ltr'><strong>ab-</strong></span> 
     </span>
    </p>
   </div>
   <div class='ocr_carea' id='block_1_54' title="bbox 1995 2156 3643 2239">
    <p class='ocr_par' dir='ltr' id='par_1_54' title="bbox 1995 2156 3643 2239">
     <span class='ocr_line' id='line_1_55' title="bbox 1995 2156 3643 2239; baseline -0.001 -19"><span class='ocrx_word' id='word_1_414' title='bbox 1995 2159 2238 2238; x_wconf 89' lang='lat' dir='ltr'><strong>jiciens,</strong></span> <span class='ocrx_word' id='word_1_415' title='bbox 2269 2167 2328 2220; x_wconf 94' lang='lat' dir='ltr'><strong>et</strong></span> <span class='ocrx_word' id='word_1_416' title='bbox 2358 2161 2432 2220; x_wconf 93' lang='lat' dir='ltr'><strong>de</strong></span> <span class='ocrx_word' id='word_1_417' title='bbox 2461 2160 2653 2239; x_wconf 91' lang='lat' dir='ltr'><strong>primo</strong></span> <span class='ocrx_word' id='word_1_418' title='bbox 2686 2160 2815 2238; x_wconf 84' lang='lat' dir='ltr'><strong>ejus</strong></span> <span class='ocrx_word' id='word_1_419' title='bbox 2841 2159 3057 2236; x_wconf 83' lang='lat' dir='ltr'><strong>ﬁlio,se</strong></span> <span class='ocrx_word' id='word_1_420' title='bbox 3087 2157 3368 2218; x_wconf 81' lang='lat' dir='ltr'><strong>transfert</strong></span> <span class='ocrx_word' id='word_1_421' title='bbox 3400 2156 3474 2218; x_wconf 90' lang='lat' dir='ltr'><strong>ad</strong></span> <span class='ocrx_word' id='word_1_422' title='bbox 3495 2156 3643 2218; x_wconf 89' lang='lat' dir='ltr'><strong>alios</strong></span> 
     </span>
    </p>
   </div>
   <div class='ocr_carea' id='block_1_55' title="bbox 2004 2246 3641 2329">
    <p class='ocr_par' dir='ltr' id='par_1_55' title="bbox 2004 2246 3641 2329">
     <span class='ocr_line' id='line_1_56' title="bbox 2004 2246 3641 2329; baseline -0.002 -18"><span class='ocrx_word' id='word_1_423' title='bbox 2004 2249 2342 2329; x_wconf 85' lang='lat' dir='ltr'><strong>tentandos,</strong></span> <span class='ocrx_word' id='word_1_424' title='bbox 2377 2267 2480 2310; x_wconf 88' lang='lat' dir='ltr'><strong>eos</strong></span> <span class='ocrx_word' id='word_1_425' title='bbox 2508 2249 2718 2310; x_wconf 90' lang='lat' dir='ltr'><strong>videns</strong></span> <span class='ocrx_word' id='word_1_426' title='bbox 2759 2256 2931 2309; x_wconf 57' lang='lat' dir='ltr'><strong>aetate</strong></span> <span class='ocrx_word' id='word_1_427' title='bbox 2983 2265 3116 2308; x_wconf 87' lang='lat' dir='ltr'><strong>esse</strong></span> <span class='ocrx_word' id='word_1_428' title='bbox 3148 2246 3641 2327; x_wconf 83' lang='lat' dir='ltr'><strong>imperfectiores,</strong></span> 
     </span>
    </p>
   </div>
   <div class='ocr_carea' id='block_1_56' title="bbox 2005 2336 3640 2420">
    <p class='ocr_par' dir='ltr' id='par_1_56' title="bbox 2005 2336 3640 2420">
     <span class='ocr_line' id='line_1_57' title="bbox 2005 2336 3640 2420; baseline -0.001 -21"><span class='ocrx_word' id='word_1_429' title='bbox 2005 2348 2216 2420; x_wconf 89' lang='lat' dir='ltr'><strong>putans</strong></span> <span class='ocrx_word' id='word_1_430' title='bbox 2250 2339 2398 2414; x_wconf 85' lang='lat' dir='ltr'><strong>fore,</strong></span> <span class='ocrx_word' id='word_1_431' title='bbox 2435 2347 2498 2400; x_wconf 91' lang='lat' dir='ltr'><strong>ut</strong></span> <span class='ocrx_word' id='word_1_432' title='bbox 2547 2356 2651 2400; x_wconf 93' lang='lat' dir='ltr'><strong>eos</strong></span> <span class='ocrx_word' id='word_1_433' title='bbox 2699 2338 2772 2400; x_wconf 84' lang='lat' dir='ltr'><strong>ad</strong></span> <span class='ocrx_word' id='word_1_434' title='bbox 2824 2356 2989 2399; x_wconf 90' lang='lat' dir='ltr'><strong>suam</strong></span> <span class='ocrx_word' id='word_1_435' title='bbox 3022 2336 3370 2398; x_wconf 89' lang='lat' dir='ltr'><strong>traduceret</strong></span> <span class='ocrx_word' id='word_1_436' title='bbox 3393 2345 3640 2398; x_wconf 89' lang='lat' dir='ltr'><strong>senten-</strong></span> 
     </span>
    </p>
   </div>
   <div class='ocr_carea' id='block_1_57' title="bbox 2003 2424 3643 2508">
    <p class='ocr_par' dir='ltr' id='par_1_57' title="bbox 2003 2424 3643 2508">
     <span class='ocr_line' id='line_1_58' title="bbox 2003 2424 3643 2508; baseline -0.002 -18"><span class='ocrx_word' id='word_1_437' title='bbox 2003 2430 2164 2492; x_wconf 90' lang='lat' dir='ltr'><strong>tiam.</strong></span> <span class='ocrx_word' id='word_1_438' title='bbox 2201 2431 2517 2508; x_wconf 90' lang='lat' dir='ltr'><strong>Postquam</strong></span> <span class='ocrx_word' id='word_1_439' title='bbox 2572 2436 2769 2489; x_wconf 90' lang='lat' dir='ltr'><strong>autem</strong></span> <span class='ocrx_word' id='word_1_440' title='bbox 2807 2427 2913 2489; x_wconf 83' lang='lat' dir='ltr'><strong>visi</strong></span> <span class='ocrx_word' id='word_1_441' title='bbox 2977 2435 3114 2488; x_wconf 90' lang='lat' dir='ltr'><strong>sunt</strong></span> <span class='ocrx_word' id='word_1_442' title='bbox 3142 2425 3293 2488; x_wconf 88' lang='lat' dir='ltr'><strong>rami</strong></span> <span class='ocrx_word' id='word_1_443' title='bbox 3327 2425 3475 2487; x_wconf 88' lang='lat' dir='ltr'><strong>nihil</strong></span> <span class='ocrx_word' id='word_1_444' title='bbox 3520 2424 3643 2486; x_wconf 85' lang='lat' dir='ltr'><strong>dif-</strong></span> 
     </span>
    </p>
   </div>
   <div class='ocr_carea' id='block_1_58' title="bbox 2004 2513 3644 2596">
    <p class='ocr_par' dir='ltr' id='par_1_58' title="bbox 2004 2513 3644 2596">
     <span class='ocr_line' id='line_1_59' title="bbox 2004 2513 3644 2596; baseline -0.002 -18"><span class='ocrx_word' id='word_1_445' title='bbox 2004 2519 2161 2579; x_wconf 87' lang='lat' dir='ltr'><strong>ferre</strong></span> <span class='ocrx_word' id='word_1_446' title='bbox 2213 2537 2246 2580; x_wconf 89' lang='lat' dir='ltr'><strong>a</strong></span> <span class='ocrx_word' id='word_1_447' title='bbox 2301 2535 2594 2596; x_wconf 91' lang='lat' dir='ltr'><strong>generosa</strong></span> <span class='ocrx_word' id='word_1_448' title='bbox 2652 2517 2874 2590; x_wconf 83' lang='lat' dir='ltr'><strong>radice,</strong></span> <span class='ocrx_word' id='word_1_449' title='bbox 2911 2515 3016 2576; x_wconf 90' lang='lat' dir='ltr'><strong>sed</strong></span> <span class='ocrx_word' id='word_1_450' title='bbox 3050 2514 3442 2577; x_wconf 81' lang='lat' dir='ltr'><strong>ostenderunt</strong></span> <span class='ocrx_word' id='word_1_451' title='bbox 3474 2513 3644 2592; x_wconf 92' lang='lat' dir='ltr'><strong>pueri</strong></span> 
     </span>
    </p>
   </div>
   <div class='ocr_carea' id='block_1_59' title="bbox 2005 2603 3641 2688">
    <p class='ocr_par' dir='ltr' id='par_1_59' title="bbox 2005 2603 3641 2688">
     <span class='ocr_line' id='line_1_60' title="bbox 2005 2603 3641 2688; baseline -0.002 -20"><span class='ocrx_word' id='word_1_452' title='bbox 2005 2626 2071 2669; x_wconf 91' lang='lat' dir='ltr'><strong>se</strong></span> <span class='ocrx_word' id='word_1_453' title='bbox 2101 2607 2259 2668; x_wconf 92' lang='lat' dir='ltr'><strong>illius</strong></span> <span class='ocrx_word' id='word_1_454' title='bbox 2288 2607 2528 2688; x_wconf 83' lang='lat' dir='ltr'><strong>quidem</strong></span> <span class='ocrx_word' id='word_1_455' title='bbox 2590 2606 2767 2679; x_wconf 80' lang='lat' dir='ltr'><strong>ﬁlios,</strong></span> <span class='ocrx_word' id='word_1_456' title='bbox 2819 2605 3000 2684; x_wconf 90' lang='lat' dir='ltr'><strong>hujus</strong></span> <span class='ocrx_word' id='word_1_457' title='bbox 3049 2622 3188 2666; x_wconf 90' lang='lat' dir='ltr'><strong>vero</strong></span> <span class='ocrx_word' id='word_1_458' title='bbox 3241 2621 3374 2665; x_wconf 84' lang='lat' dir='ltr'><strong>esse</strong></span> <span class='ocrx_word' id='word_1_459' title='bbox 3403 2603 3641 2676; x_wconf 79' lang='lat' dir='ltr'><strong>fratres,</strong></span> 
     </span>
    </p>
   </div>
   <div class='ocr_carea' id='block_1_60' title="bbox 2005 2692 3644 2772">
    <p class='ocr_par' dir='ltr' id='par_1_60' title="bbox 2005 2692 3644 2772">
     <span class='ocr_line' id='line_1_61' title="bbox 2005 2692 3644 2772; baseline -0.003 -14"><span class='ocrx_word' id='word_1_460' title='bbox 2005 2715 2070 2758; x_wconf 91' lang='lat' dir='ltr'><strong>se</strong></span> <span class='ocrx_word' id='word_1_461' title='bbox 2101 2715 2308 2758; x_wconf 90' lang='lat' dir='ltr'><strong>rursus</strong></span> <span class='ocrx_word' id='word_1_462' title='bbox 2359 2697 2646 2758; x_wconf 83' lang='lat' dir='ltr'><strong>transfert</strong></span> <span class='ocrx_word' id='word_1_463' title='bbox 2691 2695 2766 2756; x_wconf 88' lang='lat' dir='ltr'><strong>ad</strong></span> <span class='ocrx_word' id='word_1_464' title='bbox 2826 2703 3101 2768; x_wconf 85' lang='lat' dir='ltr'><strong>matrem,</strong></span> <span class='ocrx_word' id='word_1_465' title='bbox 3164 2702 3223 2754; x_wconf 92' lang='lat' dir='ltr'><strong>et</strong></span> <span class='ocrx_word' id='word_1_466' title='bbox 3267 2692 3456 2754; x_wconf 82' lang='lat' dir='ltr'><strong>tilium</strong></span> <span class='ocrx_word' id='word_1_467' title='bbox 3513 2693 3644 2772; x_wconf 87' lang='lat' dir='ltr'><strong>ejus</strong></span> 
     </span>
    </p>
   </div>
   <div class='ocr_carea' id='block_1_61' title="bbox 2007 2781 3645 2865">
    <p class='ocr_par' dir='ltr' id='par_1_61' title="bbox 2007 2781 3645 2865">
     <span class='ocr_line' id='line_1_62' title="bbox 2007 2781 3645 2865; baseline -0.002 -19"><span class='ocrx_word' id='word_1_468' title='bbox 2007 2786 2468 2865; x_wconf 84' lang='lat' dir='ltr'><strong>primogenitum</strong></span> <span class='ocrx_word' id='word_1_469' title='bbox 2506 2804 2518 2846; x_wconf 93' lang='lat'>:</span> <span class='ocrx_word' id='word_1_470' title='bbox 2583 2784 3033 2857; x_wconf 85' lang='lat' dir='ltr'><strong>Convertimini,</strong></span> <span class='ocrx_word' id='word_1_471' title='bbox 3069 2782 3306 2855; x_wconf 90' lang='lat' dir='ltr'><strong>dicens,</strong></span> <span class='ocrx_word' id='word_1_472' title='bbox 3339 2781 3411 2842; x_wconf 88' lang='lat' dir='ltr'><strong>ad</strong></span> <span class='ocrx_word' id='word_1_473' title='bbox 3445 2787 3645 2843; x_wconf 87' lang='lat' dir='ltr'><strong>vestra</strong></span> 
     </span>
    </p>
   </div>
   <div class='ocr_carea' id='block_1_62' title="bbox 2004 2871 3646 2939">
    <p class='ocr_par' dir='ltr' id='par_1_62' title="bbox 2004 2871 3646 2939">
     <span class='ocr_line' id='line_1_63' title="bbox 2004 2871 3646 2939; baseline 0 -6"><span class='ocrx_word' id='word_1_474' title='bbox 2004 2875 2254 2939; x_wconf 69' lang='grc' dir='ltr'><strong>νίςοριό.</strong></span> <span class='ocrx_word' id='word_1_475' title='bbox 2320 2875 2548 2937; x_wconf 81' lang='lat' dir='ltr'><strong>Parcite</strong></span> <span class='ocrx_word' id='word_1_476' title='bbox 2620 2874 2843 2936; x_wconf 91' lang='lat' dir='ltr'><strong>teneris</strong></span> <span class='ocrx_word' id='word_1_477' title='bbox 2902 2872 3232 2935; x_wconf 76' lang='lat' dir='ltr'><strong>infantibus</strong></span> <span class='ocrx_word' id='word_1_478' title='bbox 3288 2871 3646 2933; x_wconf 88' lang='lat' dir='ltr'><strong>immaturis.</strong></span> 
     </span>
    </p>
   </div>
   <div class='ocr_carea' id='block_1_63' title="bbox 2005 2959 3642 3041">
    <p class='ocr_par' dir='ltr' id='par_1_63' title="bbox 2005 2959 3642 3041">
     <span class='ocr_line' id='line_1_64' title="bbox 2005 2959 3642 3041; baseline -0.001 -17"><span class='ocrx_word' id='word_1_479' title='bbox 2005 2963 2198 3026; x_wconf 89' lang='lat' dir='ltr'><strong>Nolite</strong></span> <span class='ocrx_word' id='word_1_480' title='bbox 2250 2966 2452 3026; x_wconf 90' lang='lat' dir='ltr'><strong>videre</strong></span> <span class='ocrx_word' id='word_1_481' title='bbox 2503 2983 2605 3026; x_wconf 92' lang='lat' dir='ltr'><strong>eos</strong></span> <span class='ocrx_word' id='word_1_482' title='bbox 2666 2973 2800 3025; x_wconf 89' lang='lat' dir='ltr'><strong>ante</strong></span> <span class='ocrx_word' id='word_1_483' title='bbox 2850 2974 3079 3025; x_wconf 88' lang='lat' dir='ltr'><strong>vestros</strong></span> <span class='ocrx_word' id='word_1_484' title='bbox 3107 2963 3312 3024; x_wconf 87' lang='lat' dir='ltr'><strong>oculos</strong></span> <span class='ocrx_word' id='word_1_485' title='bbox 3347 2959 3501 3022; x_wconf 89' lang='lat' dir='ltr'><strong>male</strong></span> <span class='ocrx_word' id='word_1_486' title='bbox 3531 2976 3642 3041; x_wconf 89' lang='lat' dir='ltr'><strong>pe-</strong></span> 
     </span>
    </p>
   </div>
   <div class='ocr_carea' id='block_1_64' title="bbox 2001 3064 2264 3118">
    <p class='ocr_par' dir='ltr' id='par_1_64' title="bbox 2001 3064 2264 3118">
     <span class='ocr_line' id='line_1_65' title="bbox 2001 3064 2264 3118; baseline 0.008 -2"><span class='ocrx_word' id='word_1_487' title='bbox 2001 3064 2264 3118; x_wconf 87' lang='lat' dir='ltr'><strong>reuntes.</strong></span> 
     </span>
    </p>
   </div>
   <div class='ocr_carea' id='block_1_65' title="bbox 2085 3139 3644 3226">
    <p class='ocr_par' dir='ltr' id='par_1_65' title="bbox 2085 3139 3644 3226">
     <span class='ocr_line' id='line_1_66' title="bbox 2085 3139 3644 3226; baseline -0.004 -18"><span class='ocrx_word' id='word_1_488' title='bbox 2085 3144 2322 3208; x_wconf 82' lang='lat' dir='ltr'><strong>XXXII.</strong></span> <span class='ocrx_word' id='word_1_489' title='bbox 2357 3147 2502 3209; x_wconf 83' lang='lat' dir='ltr'><strong>Cum</strong></span> <span class='ocrx_word' id='word_1_490' title='bbox 2538 3146 2725 3207; x_wconf 82' lang='lat' dir='ltr'><strong>multa</strong></span> <span class='ocrx_word' id='word_1_491' title='bbox 2753 3145 3049 3226; x_wconf 88' lang='lat' dir='ltr'><strong>ejusmodi</strong></span> <span class='ocrx_word' id='word_1_492' title='bbox 3075 3143 3343 3216; x_wconf 83' lang='lat' dir='ltr'><strong>dixisset,</strong></span> <span class='ocrx_word' id='word_1_493' title='bbox 3371 3148 3430 3203; x_wconf 87' lang='lat' dir='ltr'><strong>et</strong></span> <span class='ocrx_word' id='word_1_494' title='bbox 3458 3139 3644 3202; x_wconf 90' lang='lat' dir='ltr'><strong>vidis-</strong></span> 
     </span>
    </p>
   </div>
   <div class='ocr_carea' id='block_1_66' title="bbox 2005 3231 3648 3314">
    <p class='ocr_par' dir='ltr' id='par_1_66' title="bbox 2005 3231 3648 3314">
     <span class='ocr_line' id='line_1_67' title="bbox 2005 3231 3648 3314; baseline -0.003 -18"><span class='ocrx_word' id='word_1_495' title='bbox 2005 3244 2094 3296; x_wconf 92' lang='lat' dir='ltr'><strong>set</strong></span> <span class='ocrx_word' id='word_1_496' title='bbox 2125 3236 2306 3297; x_wconf 87' lang='lat' dir='ltr'><strong>verba</strong></span> <span class='ocrx_word' id='word_1_497' title='bbox 2341 3244 2566 3298; x_wconf 90' lang='lat' dir='ltr'><strong>temere</strong></span> <span class='ocrx_word' id='word_1_498' title='bbox 2591 3236 2761 3298; x_wconf 83' lang='lat' dir='ltr'><strong>fundi</strong></span> <span class='ocrx_word' id='word_1_499' title='bbox 2785 3237 2844 3297; x_wconf 91' lang='lat' dir='ltr'><strong>in</strong></span> <span class='ocrx_word' id='word_1_500' title='bbox 2877 3232 3273 3314; x_wconf 86' lang='lat' dir='ltr'><strong>aerem,jubet</strong></span> <span class='ocrx_word' id='word_1_501' title='bbox 3296 3231 3483 3293; x_wconf 81' lang='lat' dir='ltr'><strong>tilium</strong></span> <span class='ocrx_word' id='word_1_502' title='bbox 3513 3236 3648 3292; x_wconf 89' lang='lat' dir='ltr'><strong>ante</strong></span> 
     </span>
    </p>
   </div>
   <div class='ocr_carea' id='block_1_67' title="bbox 286 3318 1921 3402">
    <p class='ocr_par' dir='ltr' id='par_1_67' title="bbox 286 3319 1913 3402">
     <span class='ocr_line' id='line_1_68' title="bbox 286 3319 1913 3402; baseline -0.002 -19"><span class='ocrx_word' id='word_1_503' title='bbox 286 3326 412 3402; x_wconf 72' lang='grc' dir='ltr'>ὄψιν</span> <span class='ocrx_word' id='word_1_504' title='bbox 461 3332 568 3382; x_wconf 86' lang='grc' dir='ltr'>τῶν</span> <span class='ocrx_word' id='word_1_505' title='bbox 613 3329 887 3398; x_wconf 81' lang='grc' dir='ltr'>μητρικῶν</span> <span class='ocrx_word' id='word_1_506' title='bbox 945 3319 1229 3400; x_wconf 79' lang='grc' dir='ltr'>ὀφθαλμῶν</span> <span class='ocrx_word' id='word_1_507' title='bbox 1274 3321 1514 3388; x_wconf 77' lang='grc' dir='ltr'>ἀνηλεῶς</span> <span class='ocrx_word' id='word_1_508' title='bbox 1572 3322 1913 3401; x_wconf 78' lang='grc' dir='ltr'>ῥαϐδίζεσοαι.</span> 
     </span>
    </p>
   </div>
   <div class='ocr_carea' id='block_1_68' title="bbox 2008 3318 3649 3402">
    <p class='ocr_par' dir='ltr' id='par_1_68' title="bbox 2008 3318 3649 3402">
     <span class='ocr_line' id='line_1_69' title="bbox 2008 3318 3649 3402; baseline -0.004 -16"><span class='ocrx_word' id='word_1_509' title='bbox 2008 3325 2213 3386; x_wconf 89' lang='lat' dir='ltr'><strong>oculos</strong></span> <span class='ocrx_word' id='word_1_510' title='bbox 2245 3326 2452 3386; x_wconf 89' lang='lat' dir='ltr'><strong>matris</strong></span> <span class='ocrx_word' id='word_1_511' title='bbox 2482 3327 2810 3388; x_wconf 89' lang='lat' dir='ltr'><strong>crudeliter</strong></span> <span class='ocrx_word' id='word_1_512' title='bbox 2831 3324 2978 3390; x_wconf 84' lang='lat' dir='ltr'><strong>caedi</strong></span> <span class='ocrx_word' id='word_1_513' title='bbox 3008 3325 3210 3402; x_wconf 85' lang='lat' dir='ltr'><strong>virgis.</strong></span> <span class='ocrx_word' id='word_1_514' title='bbox 3244 3320 3411 3394; x_wconf 91' lang='lat' dir='ltr'><strong>Quod</strong></span> <span class='ocrx_word' id='word_1_515' title='bbox 3441 3318 3649 3381; x_wconf 88' lang='lat' dir='ltr'><strong>videns</strong></span> 
     </span>
    </p>
   </div>
   <div class='ocr_carea' id='block_1_69' title="bbox 286 3409 1922 3492">
    <p class='ocr_par' dir='ltr' id='par_1_69' title="bbox 286 3409 1922 3492">
     <span class='ocr_line' id='line_1_70' title="bbox 286 3409 1922 3492; baseline 0.005 -29"><span class='ocrx_word' id='word_1_516' title='bbox 286 3417 349 3473; x_wconf 82' lang='grc' dir='ltr'><strong><em>Ἦ</em></strong></span> <span class='ocrx_word' id='word_1_517' title='bbox 406 3413 462 3470; x_wconf 69' lang='grc' dir='ltr'>δὲ</span> <span class='ocrx_word' id='word_1_518' title='bbox 521 3414 733 3490; x_wconf 78' lang='grc' dir='ltr'>γενναία</span> <span class='ocrx_word' id='word_1_519' title='bbox 765 3412 946 3488; x_wconf 82' lang='grc' dir='ltr'>μήτηρ</span> <span class='ocrx_word' id='word_1_520' title='bbox 977 3413 1149 3488; x_wconf 76' lang='grc' dir='ltr'>ὁρῶσα</span> <span class='ocrx_word' id='word_1_521' title='bbox 1180 3414 1284 3490; x_wconf 82' lang='grc' dir='ltr'>οὐχ</span> <span class='ocrx_word' id='word_1_522' title='bbox 1331 3409 1476 3475; x_wconf 81' lang='grc' dir='ltr'>ὅπως</span> <span class='ocrx_word' id='word_1_523' title='bbox 1534 3413 1676 3472; x_wconf 80' lang='grc' dir='ltr'>οὐδὲν</span> <span class='ocrx_word' id='word_1_524' title='bbox 1708 3415 1922 3492; x_wconf 86' lang='grc' dir='ltr'>ἀγεννες</span> 
     </span>
    </p>
   </div>
   <div class='ocr_carea' id='block_1_70' title="bbox 283 3497 1923 3580">
    <p class='ocr_par' dir='ltr' id='par_1_70' title="bbox 283 3497 1923 3580">
     <span class='ocr_line' id='line_1_71' title="bbox 283 3497 1923 3580; baseline 0.003 -24"><span class='ocrx_word' id='word_1_525' title='bbox 283 3507 319 3574; x_wconf 70' lang='grc' dir='ltr'><strong>ἢ</strong></span> <span class='ocrx_word' id='word_1_526' title='bbox 377 3505 636 3561; x_wconf 75' lang='grc' dir='ltr'>πέπονθεν</span> <span class='ocrx_word' id='word_1_527' title='bbox 668 3503 703 3570; x_wconf 74' lang='grc' dir='ltr'><strong>ἢ</strong></span> <span class='ocrx_word' id='word_1_528' title='bbox 740 3499 1042 3580; x_wconf 69' lang='grc' dir='ltr'>ἐφθέγξατο,</span> <span class='ocrx_word' id='word_1_529' title='bbox 1091 3497 1208 3555; x_wconf 84' lang='grc' dir='ltr'>ἀλλ’</span> <span class='ocrx_word' id='word_1_530' title='bbox 1252 3501 1429 3579; x_wconf 82' lang='grc' dir='ltr'>ὣσπερ</span> <span class='ocrx_word' id='word_1_531' title='bbox 1477 3501 1769 3577; x_wconf 76' lang='grc' dir='ltr'>ἐνηδομὲνη</span> <span class='ocrx_word' id='word_1_532' title='bbox 1801 3519 1923 3568; x_wconf 83' lang='grc' dir='ltr'>ταῖς</span> 
     </span>
    </p>
   </div>
   <div class='ocr_carea' id='block_1_71' title="bbox 283 3587 1926 3669">
    <p class='ocr_par' dir='ltr' id='par_1_71' title="bbox 283 3587 1926 3669">
     <span class='ocr_line' id='line_1_72' title="bbox 283 3587 1926 3669; baseline 0.002 -22"><span class='ocrx_word' id='word_1_533' title='bbox 283 3603 374 3652; x_wconf 73' lang='grc' dir='ltr'>τοῦ</span> <span class='ocrx_word' id='word_1_534' title='bbox 433 3592 684 3655; x_wconf 70' lang='grc' dir='ltr'>φιλτάτου</span> <span class='ocrx_word' id='word_1_535' title='bbox 717 3590 979 3669; x_wconf 78' lang='grc' dir='ltr'>πληγαῖς,</span> <span class='ocrx_word' id='word_1_536' title='bbox 1015 3587 1202 3667; x_wconf 78' lang='grc' dir='ltr'>φαιδρὰ</span> <span class='ocrx_word' id='word_1_537' title='bbox 1246 3591 1534 3668; x_wconf 82' lang='grc' dir='ltr'>παρίστατο</span> <span class='ocrx_word' id='word_1_538' title='bbox 1585 3606 1702 3656; x_wconf 87' lang='grc' dir='ltr'>τοῖς</span> <span class='ocrx_word' id='word_1_539' title='bbox 1735 3593 1926 3669; x_wconf 69' lang='grc' dir='ltr'>ὀφθαλ-</span> 
     </span>
    </p>
   </div>
   <div class='ocr_carea' id='block_1_72' title="bbox 285 3680 1923 3764">
    <p class='ocr_par' dir='ltr' id='par_1_72' title="bbox 285 3680 1923 3764">
     <span class='ocr_line' id='line_1_73' title="bbox 285 3680 1923 3764; baseline -0.001 -24"><span class='ocrx_word' id='word_1_540' title='bbox 285 3697 414 3759; x_wconf 82' lang='grc' dir='ltr'>μοῖς</span> <span class='ocrx_word' id='word_1_541' title='bbox 445 3680 754 3738; x_wconf 82' lang='grc' dir='ltr'>διανιύουσα</span> <span class='ocrx_word' id='word_1_542' title='bbox 784 3688 860 3752; x_wconf 85' lang='grc' dir='ltr'><strong>τῷ</strong></span> <span class='ocrx_word' id='word_1_543' title='bbox 892 3681 1162 3759; x_wconf 80' lang='grc' dir='ltr'>σχήματι,</span> <span class='ocrx_word' id='word_1_544' title='bbox 1197 3687 1524 3758; x_wconf 84' lang='grc' dir='ltr'>παρορμῶσα</span> <span class='ocrx_word' id='word_1_545' title='bbox 1551 3694 1668 3746; x_wconf 86' lang='grc' dir='ltr'>τοῖς</span> <span class='ocrx_word' id='word_1_546' title='bbox 1715 3680 1923 3764; x_wconf 83' lang='grc' dir='ltr'>λόγοις,</span> 
     </span>
    </p>
   </div>
   <div class='ocr_carea' id='block_1_73' title="bbox 285 3768 1923 3852">
    <p class='ocr_par' dir='ltr' id='par_1_73' title="bbox 285 3768 1923 3852">
     <span class='ocr_line' id='line_1_74' title="bbox 285 3768 1923 3852; baseline -0.002 -22"><span class='ocrx_word' id='word_1_547' title='bbox 285 3771 691 3850; x_wconf 79' lang='grc' dir='ltr'>παρακαλοῦσα,</span> <span class='ocrx_word' id='word_1_548' title='bbox 755 3771 843 3837; x_wconf 77' lang='grc' dir='ltr'><strong>Μὴ</strong></span> <span class='ocrx_word' id='word_1_549' title='bbox 897 3771 1194 3846; x_wconf 80' lang='grc' dir='ltr'>ῦποπὲσῃς,</span> <span class='ocrx_word' id='word_1_550' title='bbox 1257 3768 1507 3845; x_wconf 83' lang='grc' dir='ltr'>λέγουσα,</span> <span class='ocrx_word' id='word_1_551' title='bbox 1565 3783 1690 3826; x_wconf 82' lang='grc' dir='ltr'>παῖ·</span> <span class='ocrx_word' id='word_1_552' title='bbox 1745 3773 1923 3852; x_wconf 72' lang='grc' dir='ltr'>στῆθι,</span> 
     </span>
    </p>
   </div>
   <div class='ocr_carea' id='block_1_74' title="bbox 291 3857 1925 3939">
    <p class='ocr_par' dir='ltr' id='par_1_74' title="bbox 291 3857 1925 3939">
     <span class='ocr_line' id='line_1_75' title="bbox 291 3857 1925 3939; baseline -0.002 -19"><span class='ocrx_word' id='word_1_553' title='bbox 291 3865 502 3935; x_wconf 79' lang='grc' dir='ltr'>τέκνον,</span> <span class='ocrx_word' id='word_1_554' title='bbox 548 3860 799 3937; x_wconf 81' lang='grc' dir='ltr'>γενναίως</span> <span class='ocrx_word' id='word_1_555' title='bbox 846 3859 1056 3936; x_wconf 80' lang='grc' dir='ltr'>μικρὸν,</span> <span class='ocrx_word' id='word_1_556' title='bbox 1106 3858 1230 3916; x_wconf 71' lang='grc' dir='ltr'>ὅσο)</span> <span class='ocrx_word' id='word_1_557' title='bbox 1281 3861 1368 3915; x_wconf 82' lang='grc' dir='ltr'><strong>καὶ</strong></span> <span class='ocrx_word' id='word_1_558' title='bbox 1411 3860 1505 3924; x_wconf 86' lang='grc' dir='ltr'><strong>τὰς</strong></span> <span class='ocrx_word' id='word_1_559' title='bbox 1558 3857 1641 3915; x_wconf 85' lang='grc' dir='ltr'><strong>διὰ</strong></span> <span class='ocrx_word' id='word_1_560' title='bbox 1699 3864 1925 3939; x_wconf 82' lang='grc' dir='ltr'>Χριστὸν</span> 
     </span>
    </p>
   </div>
   <div class='ocr_carea' id='block_1_75' title="bbox 285 3946 1924 4028">
    <p class='ocr_par' dir='ltr' id='par_1_75' title="bbox 285 3946 1924 4028">
     <span class='ocr_line' id='line_1_76' title="bbox 285 3946 1924 4028; baseline -0.002 -20"><span class='ocrx_word' id='word_1_561' title='bbox 285 3954 478 4014; x_wconf 88' lang='grc' dir='ltr'>ταύτας</span> <span class='ocrx_word' id='word_1_562' title='bbox 537 3950 752 4028; x_wconf 71' lang='grc' dir='ltr'>πληγὰς</span> <span class='ocrx_word' id='word_1_563' title='bbox 783 3950 931 4024; x_wconf 84' lang='grc' dir='ltr'>τιμαὶ</span> <span class='ocrx_word' id='word_1_564' title='bbox 962 3948 1047 4004; x_wconf 79' lang='grc' dir='ltr'>καὶ</span> <span class='ocrx_word' id='word_1_565' title='bbox 1077 3947 1325 4026; x_wconf 75' lang='grc' dir='ltr'>στέφανοι</span> <span class='ocrx_word' id='word_1_566' title='bbox 1387 3946 1724 4014; x_wconf 82' lang='grc' dir='ltr'>διαδέξονται.</span> <span class='ocrx_word' id='word_1_567' title='bbox 1787 3951 1924 4008; x_wconf 87' lang='grc' dir='ltr'><strong>Τού-</strong></span> 
     </span>
    </p>
   </div>
   <div class='ocr_carea' id='block_1_76' title="bbox 285 4038 1926 4115">
    <p class='ocr_par' dir='ltr' id='par_1_76' title="bbox 285 4038 1926 4115">
     <span class='ocr_line' id='line_1_77' title="bbox 285 4038 1926 4115; baseline -0.002 -16"><span class='ocrx_word' id='word_1_568' title='bbox 285 4065 399 4105; x_wconf 86' lang='grc' dir='ltr'>τοις</span> <span class='ocrx_word' id='word_1_569' title='bbox 446 4042 533 4096; x_wconf 80' lang='grc' dir='ltr'><strong>καὶ</strong></span> <span class='ocrx_word' id='word_1_570' title='bbox 591 4038 824 4115; x_wconf 76' lang='grc' dir='ltr'>μάλιστα</span> <span class='ocrx_word' id='word_1_571' title='bbox 896 4038 986 4094; x_wconf 78' lang='grc' dir='ltr'><strong>τὸν</strong></span> <span class='ocrx_word' id='word_1_572' title='bbox 1035 4039 1196 4111; x_wconf 79' lang='grc' dir='ltr'>θυμὸν</span> <span class='ocrx_word' id='word_1_573' title='bbox 1272 4039 1298 4092; x_wconf 89' lang='grc' dir='ltr'>ὁ</span> <span class='ocrx_word' id='word_1_574' title='bbox 1354 4039 1609 4101; x_wconf 74' lang='grc' dir='ltr'>ὑπατικὸς</span> <span class='ocrx_word' id='word_1_575' title='bbox 1659 4039 1926 4104; x_wconf 77' lang='grc' dir='ltr'>ἐκκαυθεὶς</span> 
     </span>
    </p>
   </div>
   <div class='ocr_carea' id='block_1_77' title="bbox 285 4126 1928 4210">
    <p class='ocr_par' dir='ltr' id='par_1_77' title="bbox 285 4126 1928 4210">
     <span class='ocr_line' id='line_1_78' title="bbox 285 4126 1928 4210; baseline -0.001 -23"><span class='ocrx_word' id='word_1_576' title='bbox 285 4132 497 4210; x_wconf 73' lang='grc' dir='ltr'>πονηρὰ</span> <span class='ocrx_word' id='word_1_577' title='bbox 527 4128 827 4206; x_wconf 79' lang='grc' dir='ltr'>βουλεύεται</span> <span class='ocrx_word' id='word_1_578' title='bbox 858 4140 980 4189; x_wconf 83' lang='grc' dir='ltr'>ταῖς</span> <span class='ocrx_word' id='word_1_579' title='bbox 1008 4133 1104 4184; x_wconf 86' lang='grc' dir='ltr'>τοῦ</span> <span class='ocrx_word' id='word_1_580' title='bbox 1155 4133 1391 4207; x_wconf 87' lang='grc' dir='ltr'>πονηροῦ</span> <span class='ocrx_word' id='word_1_581' title='bbox 1448 4126 1693 4201; x_wconf 80' lang='grc' dir='ltr'>δαίμονος</span> <span class='ocrx_word' id='word_1_582' title='bbox 1724 4131 1928 4200; x_wconf 78' lang='grc' dir='ltr'>ὑποθή-</span> 
     </span>
    </p>
   </div>
   <div class='ocr_carea' id='block_1_78' title="bbox 284 4217 1930 4298">
    <p class='ocr_par' dir='ltr' id='par_1_78' title="bbox 284 4217 1930 4298">
     <span class='ocr_line' id='line_1_79' title="bbox 284 4217 1930 4298; baseline -0.002 -20"><span class='ocrx_word' id='word_1_583' title='bbox 284 4244 431 4286; x_wconf 83' lang='grc' dir='ltr'>καις,</span> <span class='ocrx_word' id='word_1_584' title='bbox 486 4217 660 4298; x_wconf 81' lang='grc' dir='ltr'>Ἀνδρὶ</span> <span class='ocrx_word' id='word_1_585' title='bbox 710 4219 808 4296; x_wconf 79' lang='grc' dir='ltr'><strong>γὰρ</strong></span> <span class='ocrx_word' id='word_1_586' title='bbox 859 4217 1081 4294; x_wconf 76' lang='grc' dir='ltr'>ἀσελγεῖ</span> <span class='ocrx_word' id='word_1_587' title='bbox 1137 4219 1222 4274; x_wconf 79' lang='grc' dir='ltr'><strong>καί</strong></span> <span class='ocrx_word' id='word_1_588' title='bbox 1270 4218 1400 4294; x_wconf 82' lang='grc' dir='ltr'>πρὸς</span> <span class='ocrx_word' id='word_1_589' title='bbox 1447 4218 1646 4294; x_wconf 76' lang='grc' dir='ltr'>ἔρωτας</span> <span class='ocrx_word' id='word_1_590' title='bbox 1705 4219 1930 4298; x_wconf 82' lang='grc' dir='ltr'>ἀκρατεῖ</span> 
     </span>
    </p>
   </div>
   <div class='ocr_carea' id='block_1_79' title="bbox 286 4304 1929 4389">
    <p class='ocr_par' dir='ltr' id='par_1_79' title="bbox 286 4304 1929 4389">
     <span class='ocr_line' id='line_1_80' title="bbox 286 4304 1929 4389; baseline -0.002 -23"><span class='ocrx_word' id='word_1_591' title='bbox 286 4313 384 4378; x_wconf 67' lang='grc' dir='ltr'>τὴν</span> <span class='ocrx_word' id='word_1_592' title='bbox 445 4310 777 4383; x_wconf 70' lang='grc' dir='ltr'>σεμνοτάτην</span> <span class='ocrx_word' id='word_1_593' title='bbox 834 4304 1124 4367; x_wconf 76' lang='grc' dir='ltr'>ἐκδίδωσιν.</span> <span class='ocrx_word' id='word_1_594' title='bbox 1157 4304 1310 4362; x_wconf 79' lang='grc' dir='ltr'>Ἀλλ’</span> <span class='ocrx_word' id='word_1_595' title='bbox 1346 4311 1438 4364; x_wconf 80' lang='grc' dir='ltr'><strong>οὐκ</strong></span> <span class='ocrx_word' id='word_1_596' title='bbox 1469 4307 1656 4381; x_wconf 79' lang='grc' dir='ltr'>ἔμελλε</span> <span class='ocrx_word' id='word_1_597' title='bbox 1714 4311 1929 4389; x_wconf 69' lang='grc' dir='ltr'>χαιρήο</span> 
     </span>
    </p>
   </div>
   <div class='ocr_carea' id='block_1_80' title="bbox 287 4394 1928 4478">
    <p class='ocr_par' dir='ltr' id='par_1_80' title="bbox 287 4394 1928 4478">
     <span class='ocr_line' id='line_1_81' title="bbox 287 4394 1928 4478; baseline -0.001 -22"><span class='ocrx_word' id='word_1_598' title='bbox 287 4423 398 4456; x_wconf 87' lang='grc' dir='ltr'>σειν</span> <span class='ocrx_word' id='word_1_599' title='bbox 453 4403 480 4456; x_wconf 84' lang='grc' dir='ltr'>ὁ</span> <span class='ocrx_word' id='word_1_600' title='bbox 535 4397 804 4475; x_wconf 73' lang='grc' dir='ltr'>ὑϐριστής,</span> <span class='ocrx_word' id='word_1_601' title='bbox 865 4395 956 4462; x_wconf 85' lang='grc' dir='ltr'><strong>Ὠς</strong></span> <span class='ocrx_word' id='word_1_602' title='bbox 1012 4397 1111 4474; x_wconf 82' lang='grc' dir='ltr'>γὰρ</span> <span class='ocrx_word' id='word_1_603' title='bbox 1170 4394 1233 4464; x_wconf 77' lang='grc' dir='ltr'>δὴ</span> <span class='ocrx_word' id='word_1_604' title='bbox 1286 4397 1372 4452; x_wconf 88' lang='grc' dir='ltr'>καὶ</span> <span class='ocrx_word' id='word_1_605' title='bbox 1431 4398 1592 4469; x_wconf 84' lang='grc' dir='ltr'>μόνον</span> <span class='ocrx_word' id='word_1_606' title='bbox 1653 4400 1681 4455; x_wconf 75' lang='grc' dir='ltr'>ὃ</span> <span class='ocrx_word' id='word_1_607' title='bbox 1740 4401 1928 4478; x_wconf 79' lang='grc' dir='ltr'>μιαρὸς</span> 
     </span>
    </p>
   </div>
   <div class='ocr_carea' id='block_1_81' title="bbox 286 4484 1928 4569">
    <p class='ocr_par' dir='ltr' id='par_1_81' title="bbox 286 4484 1928 4569">
     <span class='ocr_line' id='line_1_82' title="bbox 286 4484 1928 4569; baseline -0.002 -22"><span class='ocrx_word' id='word_1_608' title='bbox 286 4490 544 4569; x_wconf 76' lang='grc' dir='ltr'>Ὕρτακὸς</span> <span class='ocrx_word' id='word_1_609' title='bbox 596 4488 798 4563; x_wconf 70' lang='grc' dir='ltr'>ἥψατο,</span> <span class='ocrx_word' id='word_1_610' title='bbox 843 4495 996 4544; x_wconf 88' lang='grc' dir='ltr'>τοῦτο</span> <span class='ocrx_word' id='word_1_611' title='bbox 1056 4487 1155 4565; x_wconf 78' lang='grc' dir='ltr'><strong>γὰρ</strong></span> <span class='ocrx_word' id='word_1_612' title='bbox 1214 4484 1484 4562; x_wconf 79' lang='grc' dir='ltr'>ἐκαλεῖτο,</span> <span class='ocrx_word' id='word_1_613' title='bbox 1519 4489 1700 4545; x_wconf 79' lang='grc' dir='ltr'>αὐτίκα</span> <span class='ocrx_word' id='word_1_614' title='bbox 1756 4487 1816 4544; x_wconf 81' lang='grc' dir='ltr'><strong>τό</strong></span> <span class='ocrx_word' id='word_1_615' title='bbox 1871 4511 1928 4544; x_wconf 92' lang='grc' dir='ltr'>τε</span> 
     </span>
    </p>
   </div>
   <div class='ocr_carea' id='block_1_82' title="bbox 288 4575 1929 4654">
    <p class='ocr_par' dir='ltr' id='par_1_82' title="bbox 288 4575 1929 4654">
     <span class='ocr_line' id='line_1_83' title="bbox 288 4575 1929 4654; baseline -0.001 -18"><span class='ocrx_word' id='word_1_616' title='bbox 288 4580 577 4650; x_wconf 77' lang='grc' dir='ltr'>πρόσωπον</span> <span class='ocrx_word' id='word_1_617' title='bbox 605 4578 745 4634; x_wconf 66' lang='grc' dir='ltr'>ἅπαν</span> <span class='ocrx_word' id='word_1_618' title='bbox 775 4575 1058 4640; x_wconf 75' lang='grc' dir='ltr'>ἠλλοιοῦτο</span> <span class='ocrx_word' id='word_1_619' title='bbox 1105 4577 1193 4632; x_wconf 86' lang='grc' dir='ltr'>καὶ</span> <span class='ocrx_word' id='word_1_620' title='bbox 1237 4581 1340 4632; x_wconf 86' lang='grc' dir='ltr'>τῶν</span> <span class='ocrx_word' id='word_1_621' title='bbox 1385 4577 1540 4654; x_wconf 78' lang='grc' dir='ltr'>ῥινῶν</span> <span class='ocrx_word' id='word_1_622' title='bbox 1570 4579 1713 4654; x_wconf 79' lang='grc' dir='ltr'>αἷμα</span> <span class='ocrx_word' id='word_1_623' title='bbox 1759 4601 1929 4634; x_wconf 87' lang='grc' dir='ltr'>ποτα-</span> 
     </span>
    </p>
   </div>
   <div class='ocr_carea' id='block_1_83' title="bbox 2005 3411 3648 3494">
    <p class='ocr_par' dir='ltr' id='par_1_83' title="bbox 2005 3411 3648 3494">
     <span class='ocr_line' id='line_1_84' title="bbox 2005 3411 3648 3494; baseline -0.004 -18"><span class='ocrx_word' id='word_1_624' title='bbox 2005 3433 2296 3494; x_wconf 89' lang='lat' dir='ltr'><strong>generosa</strong></span> <span class='ocrx_word' id='word_1_625' title='bbox 2329 3425 2538 3490; x_wconf 92' lang='lat' dir='ltr'><strong>mater,</strong></span> <span class='ocrx_word' id='word_1_626' title='bbox 2575 3435 2692 3476; x_wconf 92' lang='lat' dir='ltr'><strong>non</strong></span> <span class='ocrx_word' id='word_1_627' title='bbox 2747 3415 2928 3476; x_wconf 91' lang='lat' dir='ltr'><strong>modo</strong></span> <span class='ocrx_word' id='word_1_628' title='bbox 2980 3414 3125 3474; x_wconf 81' lang='lat' dir='ltr'><strong>nihil</strong></span> <span class='ocrx_word' id='word_1_629' title='bbox 3159 3411 3507 3473; x_wconf 82' lang='lat' dir='ltr'><strong>indecorum</strong></span> <span class='ocrx_word' id='word_1_630' title='bbox 3549 3416 3648 3470; x_wconf 84' lang='lat' dir='ltr'><strong>aut</strong></span> 
     </span>
    </p>
   </div>
   <div class='ocr_carea' id='block_1_84' title="bbox 2006 3497 3647 3582">
    <p class='ocr_par' dir='ltr' id='par_1_84' title="bbox 2006 3497 3647 3582">
     <span class='ocr_line' id='line_1_85' title="bbox 2006 3497 3647 3582; baseline -0.005 -16"><span class='ocrx_word' id='word_1_631' title='bbox 2006 3505 2208 3582; x_wconf 64' lang='lat' dir='ltr'><strong>gessit,</strong></span> <span class='ocrx_word' id='word_1_632' title='bbox 2241 3513 2340 3566; x_wconf 93' lang='lat' dir='ltr'><strong>aut</strong></span> <span class='ocrx_word' id='word_1_633' title='bbox 2370 3513 2459 3566; x_wconf 88' lang='lat' dir='ltr'><strong>est</strong></span> <span class='ocrx_word' id='word_1_634' title='bbox 2515 3507 2734 3577; x_wconf 84' lang='lat' dir='ltr'><strong>locuta,</strong></span> <span class='ocrx_word' id='word_1_635' title='bbox 2772 3503 2876 3565; x_wconf 91' lang='lat' dir='ltr'><strong>sed</strong></span> <span class='ocrx_word' id='word_1_636' title='bbox 2934 3504 3112 3564; x_wconf 88' lang='lat' dir='ltr'><strong>etiam</strong></span> <span class='ocrx_word' id='word_1_637' title='bbox 3169 3499 3347 3561; x_wconf 91' lang='lat' dir='ltr'><strong>veluti</strong></span> <span class='ocrx_word' id='word_1_638' title='bbox 3381 3497 3647 3577; x_wconf 81' lang='lat' dir='ltr'><strong>gaudens</strong></span> 
     </span>
    </p>
   </div>
   <div class='ocr_carea' id='block_1_85' title="bbox 2010 3591 3643 3671">
    <p class='ocr_par' dir='ltr' id='par_1_85' title="bbox 2010 3591 3643 3671">
     <span class='ocr_line' id='line_1_86' title="bbox 2010 3591 3643 3671; baseline -0.005 -17"><span class='ocrx_word' id='word_1_639' title='bbox 2010 3593 2196 3671; x_wconf 82' lang='lat' dir='ltr'><strong>plagis</strong></span> <span class='ocrx_word' id='word_1_640' title='bbox 2217 3595 2552 3655; x_wconf 86' lang='lat' dir='ltr'><strong>charissimi</strong></span> <span class='ocrx_word' id='word_1_641' title='bbox 2579 3594 2710 3666; x_wconf 81' lang='lat' dir='ltr'><strong>lilii,</strong></span> <span class='ocrx_word' id='word_1_642' title='bbox 2734 3591 3169 3670; x_wconf 91' lang='lat' dir='ltr'><strong>astititalacris,</strong></span> <span class='ocrx_word' id='word_1_643' title='bbox 3197 3606 3469 3651; x_wconf 88' lang='lat' dir='ltr'><strong>annuens</strong></span> <span class='ocrx_word' id='word_1_644' title='bbox 3494 3605 3643 3647; x_wconf 89' lang='lat' dir='ltr'><strong>ocu-</strong></span> 
     </span>
    </p>
   </div>
   <div class='ocr_carea' id='block_1_86' title="bbox 2010 3677 3645 3762">
    <p class='ocr_par' dir='ltr' id='par_1_86' title="bbox 2010 3677 3645 3762">
     <span class='ocr_line' id='line_1_87' title="bbox 2010 3677 3645 3762; baseline -0.005 -18"><span class='ocrx_word' id='word_1_645' title='bbox 2010 3683 2101 3756; x_wconf 92' lang='lat' dir='ltr'><strong>lis,</strong></span> <span class='ocrx_word' id='word_1_646' title='bbox 2137 3691 2303 3762; x_wconf 87' lang='lat' dir='ltr'><strong>gestu</strong></span> <span class='ocrx_word' id='word_1_647' title='bbox 2335 3683 2815 3756; x_wconf 83' lang='lat' dir='ltr'><strong>incitans,verbis</strong></span> <span class='ocrx_word' id='word_1_648' title='bbox 2846 3682 3166 3742; x_wconf 85' lang='lat' dir='ltr'><strong>adhortans</strong></span> <span class='ocrx_word' id='word_1_649' title='bbox 3205 3697 3217 3738; x_wconf 91' lang='lat'>:</span> <span class='ocrx_word' id='word_1_650' title='bbox 3251 3677 3333 3739; x_wconf 89' lang='lat' dir='ltr'><strong>Ne</strong></span> <span class='ocrx_word' id='word_1_651' title='bbox 3363 3694 3645 3737; x_wconf 88' lang='lat' dir='ltr'><strong>succum-</strong></span> 
     </span>
    </p>
   </div>
   <div class='ocr_carea' id='block_1_87' title="bbox 2009 3769 3651 3847">
    <p class='ocr_par' dir='ltr' id='par_1_87' title="bbox 2009 3769 3651 3847">
     <span class='ocr_line' id='line_1_88' title="bbox 2009 3769 3651 3847; baseline -0.004 -15"><span class='ocrx_word' id='word_1_652' title='bbox 2009 3771 2136 3845; x_wconf 90' lang='lat' dir='ltr'><strong>bas,</strong></span> <span class='ocrx_word' id='word_1_653' title='bbox 2173 3771 2402 3842; x_wconf 87' lang='lat' dir='ltr'><strong>dicens,</strong></span> <span class='ocrx_word' id='word_1_654' title='bbox 2441 3791 2474 3832; x_wconf 94' lang='grc' dir='ltr'>ο</span> <span class='ocrx_word' id='word_1_655' title='bbox 2503 3772 2582 3832; x_wconf 82' lang='lat' dir='ltr'><strong>ﬁli</strong></span> <span class='ocrx_word' id='word_1_656' title='bbox 2613 3792 2628 3847; x_wconf 90' lang='lat'><strong>;</strong></span> <span class='ocrx_word' id='word_1_657' title='bbox 2661 3783 2755 3834; x_wconf 88' lang='lat' dir='ltr'><strong>sta</strong></span> <span class='ocrx_word' id='word_1_658' title='bbox 2787 3771 3043 3845; x_wconf 83' lang='lat' dir='ltr'><strong>fortiter,</strong></span> <span class='ocrx_word' id='word_1_659' title='bbox 3075 3777 3232 3830; x_wconf 89' lang='lat' dir='ltr'><strong>nate.</strong></span> <span class='ocrx_word' id='word_1_660' title='bbox 3261 3769 3380 3829; x_wconf 85' lang='lat' dir='ltr'><strong>Has</strong></span> <span class='ocrx_word' id='word_1_661' title='bbox 3406 3773 3651 3845; x_wconf 87' lang='lat' dir='ltr'><strong>propter</strong></span> 
     </span>
    </p>
   </div>
   <div class='ocr_carea' id='block_1_88' title="bbox 2009 3852 3651 3941">
    <p class='ocr_par' dir='ltr' id='par_1_88' title="bbox 2009 3852 3651 3941">
     <span class='ocr_line' id='line_1_89' title="bbox 2009 3852 3651 3941; baseline -0.005 -19"><span class='ocrx_word' id='word_1_662' title='bbox 2009 3860 2308 3922; x_wconf 88' lang='lat' dir='ltr'><strong>Christum</strong></span> <span class='ocrx_word' id='word_1_663' title='bbox 2342 3860 2539 3941; x_wconf 84' lang='lat' dir='ltr'><strong>plagas</strong></span> <span class='ocrx_word' id='word_1_664' title='bbox 2571 3861 2830 3921; x_wconf 89' lang='lat' dir='ltr'><strong>honores</strong></span> <span class='ocrx_word' id='word_1_665' title='bbox 2861 3869 2920 3922; x_wconf 92' lang='lat' dir='ltr'><strong>et</strong></span> <span class='ocrx_word' id='word_1_666' title='bbox 2943 3875 3180 3920; x_wconf 75' lang='lat' dir='ltr'><strong>coronae</strong></span> <span class='ocrx_word' id='word_1_667' title='bbox 3204 3855 3524 3936; x_wconf 83' lang='lat' dir='ltr'><strong>excipient.</strong></span> <span class='ocrx_word' id='word_1_668' title='bbox 3545 3852 3651 3916; x_wconf 87' lang='lat' dir='ltr'><strong>His</strong></span> 
     </span>
    </p>
   </div>
   <div class='ocr_carea' id='block_1_89' title="bbox 2013 3942 3648 4029">
    <p class='ocr_par' dir='ltr' id='par_1_89' title="bbox 2013 3942 3648 4029">
     <span class='ocr_line' id='line_1_90' title="bbox 2013 3942 3648 4029; baseline -0.004 -19"><span class='ocrx_word' id='word_1_669' title='bbox 2013 3949 2330 4029; x_wconf 85' lang='lat' dir='ltr'><strong>proconsul</strong></span> <span class='ocrx_word' id='word_1_670' title='bbox 2393 3950 2479 4010; x_wconf 86' lang='lat' dir='ltr'><strong>vel</strong></span> <span class='ocrx_word' id='word_1_671' title='bbox 2536 3951 2733 4011; x_wconf 88' lang='lat' dir='ltr'><strong>animo</strong></span> <span class='ocrx_word' id='word_1_672' title='bbox 2769 3949 3030 4010; x_wconf 85' lang='lat' dir='ltr'><strong>maxime</strong></span> <span class='ocrx_word' id='word_1_673' title='bbox 3060 3949 3368 4024; x_wconf 84' lang='lat' dir='ltr'><strong>incensus,</strong></span> <span class='ocrx_word' id='word_1_674' title='bbox 3405 3942 3648 4022; x_wconf 81' lang='lat' dir='ltr'><strong>maligni</strong></span> 
     </span>
    </p>
   </div>
   <div class='ocr_carea' id='block_1_90' title="bbox 2012 4032 3649 4119">
    <p class='ocr_par' dir='ltr' id='par_1_90' title="bbox 2012 4032 3649 4119">
     <span class='ocr_line' id='line_1_91' title="bbox 2012 4032 3649 4119; baseline -0.004 -18"><span class='ocrx_word' id='word_1_675' title='bbox 2012 4038 2300 4101; x_wconf 65' lang='lat' dir='ltr'><strong>daemonis</strong></span> <span class='ocrx_word' id='word_1_676' title='bbox 2347 4039 2725 4118; x_wconf 85' lang='lat' dir='ltr'><strong>suggestione</strong></span> <span class='ocrx_word' id='word_1_677' title='bbox 2754 4037 3091 4119; x_wconf 89' lang='lat' dir='ltr'><strong>improbum</strong></span> <span class='ocrx_word' id='word_1_678' title='bbox 3124 4036 3284 4116; x_wconf 88' lang='lat' dir='ltr'><strong>capit</strong></span> <span class='ocrx_word' id='word_1_679' title='bbox 3310 4032 3649 4107; x_wconf 77' lang='lat' dir='ltr'><strong>consilium,</strong></span> 
     </span>
    </p>
   </div>
   <div class='ocr_carea' id='block_1_91' title="bbox 2015 4124 3652 4210">
    <p class='ocr_par' dir='ltr' id='par_1_91' title="bbox 2015 4124 3652 4210">
     <span class='ocr_line' id='line_1_92' title="bbox 2015 4124 3652 4210; baseline -0.003 -21"><span class='ocrx_word' id='word_1_680' title='bbox 2015 4128 2136 4189; x_wconf 88' lang='lat' dir='ltr'><strong>viro</strong></span> <span class='ocrx_word' id='word_1_681' title='bbox 2168 4128 2327 4190; x_wconf 90' lang='lat' dir='ltr'><strong>enim</strong></span> <span class='ocrx_word' id='word_1_682' title='bbox 2361 4129 2646 4210; x_wconf 88' lang='lat' dir='ltr'><strong>petulanti</strong></span> <span class='ocrx_word' id='word_1_683' title='bbox 2671 4135 2729 4190; x_wconf 93' lang='lat' dir='ltr'><strong>et</strong></span> <span class='ocrx_word' id='word_1_684' title='bbox 2757 4128 2829 4189; x_wconf 93' lang='lat' dir='ltr'><strong>ad</strong></span> <span class='ocrx_word' id='word_1_685' title='bbox 2858 4145 3094 4190; x_wconf 90' lang='lat' dir='ltr'><strong>amores</strong></span> <span class='ocrx_word' id='word_1_686' title='bbox 3123 4124 3520 4188; x_wconf 83' lang='lat' dir='ltr'><strong>incontinenti</strong></span> <span class='ocrx_word' id='word_1_687' title='bbox 3541 4130 3652 4184; x_wconf 89' lang='lat' dir='ltr'><strong>tra-</strong></span> 
     </span>
    </p>
   </div>
   <div class='ocr_carea' id='block_1_92' title="bbox 2013 4211 3652 4298">
    <p class='ocr_par' dir='ltr' id='par_1_92' title="bbox 2013 4211 3652 4298">
     <span class='ocr_line' id='line_1_93' title="bbox 2013 4211 3652 4298; baseline -0.004 -19"><span class='ocrx_word' id='word_1_688' title='bbox 2013 4218 2100 4279; x_wconf 91' lang='lat' dir='ltr'><strong>dit</strong></span> <span class='ocrx_word' id='word_1_689' title='bbox 2124 4219 2274 4279; x_wconf 88' lang='lat' dir='ltr'><strong>hanc</strong></span> <span class='ocrx_word' id='word_1_690' title='bbox 2298 4219 2609 4280; x_wconf 89' lang='lat' dir='ltr'><strong>mulierem</strong></span> <span class='ocrx_word' id='word_1_691' title='bbox 2632 4218 2691 4279; x_wconf 93' lang='lat' dir='ltr'><strong>in</strong></span> <span class='ocrx_word' id='word_1_692' title='bbox 2719 4219 2924 4298; x_wconf 90' lang='lat' dir='ltr'><strong>primis</strong></span> <span class='ocrx_word' id='word_1_693' title='bbox 2946 4211 3501 4278; x_wconf 89' lang='lat' dir='ltr'><strong>venerandam.Sed</strong></span> <span class='ocrx_word' id='word_1_694' title='bbox 3533 4229 3652 4273; x_wconf 91' lang='lat' dir='ltr'><strong>nou</strong></span> 
     </span>
    </p>
   </div>
   <div class='ocr_carea' id='block_1_93' title="bbox 2015 4307 3650 4380">
    <p class='ocr_par' dir='ltr' id='par_1_93' title="bbox 2015 4307 3650 4380">
     <span class='ocr_line' id='line_1_94' title="bbox 2015 4307 3650 4380; baseline -0.005 -11"><span class='ocrx_word' id='word_1_695' title='bbox 2015 4319 2141 4371; x_wconf 88' lang='lat' dir='ltr'><strong>erat</strong></span> <span class='ocrx_word' id='word_1_696' title='bbox 2173 4309 2484 4372; x_wconf 89' lang='lat' dir='ltr'><strong>insolentis</strong></span> <span class='ocrx_word' id='word_1_697' title='bbox 2529 4310 2783 4371; x_wconf 88' lang='lat' dir='ltr'><strong>hominis</strong></span> <span class='ocrx_word' id='word_1_698' title='bbox 2833 4307 3095 4370; x_wconf 77' lang='lat' dir='ltr'><strong>futurum</strong></span> <span class='ocrx_word' id='word_1_699' title='bbox 3127 4307 3471 4367; x_wconf 89' lang='lat' dir='ltr'><strong>diuturnum</strong></span> <span class='ocrx_word' id='word_1_700' title='bbox 3502 4319 3650 4380; x_wconf 88' lang='lat' dir='ltr'><strong>gau-</strong></span> 
     </span>
    </p>
   </div>
   <div class='ocr_carea' id='block_1_94' title="bbox 2012 4390 3652 4480">
    <p class='ocr_par' dir='ltr' id='par_1_94' title="bbox 2012 4390 3652 4480">
     <span class='ocr_line' id='line_1_95' title="bbox 2012 4390 3652 4480; baseline -0.004 -21"><span class='ocrx_word' id='word_1_701' title='bbox 2012 4398 2357 4462; x_wconf 89' lang='lat' dir='ltr'><strong>dium.Nam</strong></span> <span class='ocrx_word' id='word_1_702' title='bbox 2385 4407 2693 4480; x_wconf 82' lang='lat' dir='ltr'><strong>postquam</strong></span> <span class='ocrx_word' id='word_1_703' title='bbox 2721 4417 2848 4460; x_wconf 90' lang='lat' dir='ltr'><strong>eam</strong></span> <span class='ocrx_word' id='word_1_704' title='bbox 2888 4397 2978 4460; x_wconf 88' lang='lat' dir='ltr'><strong>vel</strong></span> <span class='ocrx_word' id='word_1_705' title='bbox 3002 4396 3193 4458; x_wconf 89' lang='lat' dir='ltr'><strong>solum</strong></span> <span class='ocrx_word' id='word_1_706' title='bbox 3217 4393 3408 4472; x_wconf 87' lang='lat' dir='ltr'><strong>attigit</strong></span> <span class='ocrx_word' id='word_1_707' title='bbox 3436 4390 3652 4471; x_wconf 81' lang='lat' dir='ltr'><strong>Hyrta-</strong></span> 
     </span>
    </p>
   </div>
   <div class='ocr_carea' id='block_1_95' title="bbox 2013 4481 3656 4569">
    <p class='ocr_par' dir='ltr' id='par_1_95' title="bbox 2013 4481 3656 4569">
     <span class='ocr_line' id='line_1_96' title="bbox 2013 4481 3656 4569; baseline -0.005 -21"><span class='ocrx_word' id='word_1_708' title='bbox 2013 4506 2120 4550; x_wconf 90' lang='lat' dir='ltr'><strong>cus</strong></span> <span class='ocrx_word' id='word_1_709' title='bbox 2149 4488 2255 4568; x_wconf 87' lang='lat' dir='ltr'><strong>(ita</strong></span> <span class='ocrx_word' id='word_1_710' title='bbox 2284 4489 2443 4550; x_wconf 91' lang='lat' dir='ltr'><strong>enim</strong></span> <span class='ocrx_word' id='word_1_711' title='bbox 2479 4488 3014 4569; x_wconf 87' lang='lat' dir='ltr'><strong>vocabatur),totus</strong></span> <span class='ocrx_word' id='word_1_712' title='bbox 3036 4486 3234 4546; x_wconf 88' lang='lat' dir='ltr'><strong>vultus</strong></span> <span class='ocrx_word' id='word_1_713' title='bbox 3265 4481 3534 4565; x_wconf 88' lang='lat' dir='ltr'><strong>protinus</strong></span> <span class='ocrx_word' id='word_1_714' title='bbox 3565 4487 3656 4542; x_wconf 90' lang='lat' dir='ltr'><strong>est</strong></span> 
     </span>
    </p>
   </div>
   <div class='ocr_carea' id='block_1_96' title="bbox 2017 4570 3656 4658">
    <p class='ocr_par' dir='ltr' id='par_1_96' title="bbox 2017 4570 3656 4658">
     <span class='ocr_line' id='line_1_97' title="bbox 2017 4570 3656 4658; baseline -0.005 -20"><span class='ocrx_word' id='word_1_715' title='bbox 2017 4587 2296 4658; x_wconf 82' lang='lat' dir='ltr'><strong>mutatus,</strong></span> <span class='ocrx_word' id='word_1_716' title='bbox 2329 4586 2389 4640; x_wconf 95' lang='lat' dir='ltr'><strong>et</strong></span> <span class='ocrx_word' id='word_1_717' title='bbox 2444 4597 2555 4641; x_wconf 91' lang='lat' dir='ltr'><strong>nec</strong></span> <span class='ocrx_word' id='word_1_718' title='bbox 2613 4595 2964 4640; x_wconf 90' lang='lat' dir='ltr'><strong>concessum</strong></span> <span class='ocrx_word' id='word_1_719' title='bbox 3016 4575 3256 4657; x_wconf 87' lang='lat' dir='ltr'><strong>quidem</strong></span> <span class='ocrx_word' id='word_1_720' title='bbox 3317 4579 3406 4635; x_wconf 86' lang='lat' dir='ltr'><strong>est</strong></span> <span class='ocrx_word' id='word_1_721' title='bbox 3433 4570 3656 4632; x_wconf 91' lang='lat' dir='ltr'><strong>intueri</strong></span> 
     </span>
    </p>
   </div>
   <div class='ocr_carea' id='block_1_97' title="bbox 289 4661 1921 4748">
    <p class='ocr_par' dir='ltr' id='par_1_97' title="bbox 289 4664 1921 4747">
     <span class='ocr_line' id='line_1_98' title="bbox 289 4664 1921 4747; baseline 0 -23"><span class='ocrx_word' id='word_1_722' title='bbox 289 4669 458 4743; x_wconf 69' lang='grc' dir='ltr'>μηδδν</span> <span class='ocrx_word' id='word_1_723' title='bbox 514 4667 750 4746; x_wconf 70' lang='grc' dir='ltr'>ἀπέρρει,</span> <span class='ocrx_word' id='word_1_724' title='bbox 815 4667 911 4722; x_wconf 73' lang='grc' dir='ltr'><strong>καῖ</strong></span> <span class='ocrx_word' id='word_1_725' title='bbox 981 4664 1096 4722; x_wconf 75' lang='grc' dir='ltr'>οὐδὲ</span> <span class='ocrx_word' id='word_1_726' title='bbox 1155 4666 1334 4742; x_wconf 81' lang='grc' dir='ltr'>ἐνορᾷν</span> <span class='ocrx_word' id='word_1_727' title='bbox 1390 4673 1457 4742; x_wconf 80' lang='grc' dir='ltr'><strong>τῇ</strong></span> <span class='ocrx_word' id='word_1_728' title='bbox 1514 4669 1732 4747; x_wconf 71' lang='grc' dir='ltr'>μάρτυρι</span> <span class='ocrx_word' id='word_1_729' title='bbox 1781 4667 1921 4730; x_wconf 82' lang='grc' dir='ltr'>δέους</span> 
     </span>
    </p>
   </div>
   <div class='ocr_carea' id='block_1_98' title="bbox 2008 4661 3655 4748">
    <p class='ocr_par' dir='ltr' id='par_1_98' title="bbox 2017 4661 3655 4748">
     <span class='ocr_line' id='line_1_99' title="bbox 2017 4661 3655 4748; baseline -0.004 -20"><span class='ocrx_word' id='word_1_730' title='bbox 2017 4676 2334 4747; x_wconf 80' lang='lat' dir='ltr'><strong>martyrem</strong></span> <span class='ocrx_word' id='word_1_731' title='bbox 2353 4667 2485 4729; x_wconf 90' lang='lat' dir='ltr'><strong>sine</strong></span> <span class='ocrx_word' id='word_1_732' title='bbox 2518 4671 2744 4729; x_wconf 86' lang='lat' dir='ltr'><strong>timore.</strong></span> <span class='ocrx_word' id='word_1_733' title='bbox 2785 4670 2990 4748; x_wconf 84' lang='lat' dir='ltr'><strong>Itaque</strong></span> <span class='ocrx_word' id='word_1_734' title='bbox 3021 4684 3233 4744; x_wconf 83' lang='lat' dir='ltr'><strong>magna</strong></span> <span class='ocrx_word' id='word_1_735' title='bbox 3261 4681 3404 4724; x_wconf 86' lang='lat' dir='ltr'><strong>voce</strong></span> <span class='ocrx_word' id='word_1_736' title='bbox 3431 4661 3655 4722; x_wconf 81' lang='lat' dir='ltr'><strong>clama-</strong></span> 
     </span>
    </p>
   </div>
   <div class='ocr_carea' id='block_1_99' title="bbox 289 4755 1928 4836">
    <p class='ocr_par' dir='ltr' id='par_1_99' title="bbox 289 4755 1928 4836">
     <span class='ocr_line' id='line_1_100' title="bbox 289 4755 1928 4836; baseline 0.001 -24"><span class='ocrx_word' id='word_1_737' title='bbox 289 4756 410 4813; x_wconf 77' lang='grc' dir='ltr'>ἄνευ</span> <span class='ocrx_word' id='word_1_738' title='bbox 461 4759 852 4836; x_wconf 73' lang='grc' dir='ltr'>συνεχωρεῖτο.</span> <span class='ocrx_word' id='word_1_739' title='bbox 887 4758 1049 4831; x_wconf 75' lang='grc' dir='ltr'><strong>Φωνῇ</strong></span> <span class='ocrx_word' id='word_1_740' title='bbox 1080 4763 1354 4834; x_wconf 86' lang='grc' dir='ltr'>τοιγαροῦν</span> <span class='ocrx_word' id='word_1_741' title='bbox 1386 4755 1597 4833; x_wconf 79' lang='grc' dir='ltr'>μεγάλῃ</span> <span class='ocrx_word' id='word_1_742' title='bbox 1650 4760 1781 4835; x_wconf 81' lang='grc' dir='ltr'>πρὸς</span> <span class='ocrx_word' id='word_1_743' title='bbox 1838 4759 1928 4814; x_wconf 80' lang='grc' dir='ltr'><strong>τὸν</strong></span> 
     </span>
    </p>
   </div>
   <div class='ocr_carea' id='block_1_100' title="bbox 286 4844 1927 4926">
    <p class='ocr_par' dir='ltr' id='par_1_100' title="bbox 286 4844 1927 4926">
     <span class='ocr_line' id='line_1_101' title="bbox 286 4844 1927 4926; baseline 0.001 -24"><span class='ocrx_word' id='word_1_744' title='bbox 286 4847 542 4903; x_wconf 73' lang='grc' dir='ltr'>ὑπατικὸν</span> <span class='ocrx_word' id='word_1_745' title='bbox 591 4847 903 4926; x_wconf 77' lang='grc' dir='ltr'>ἀνέκραγεν,</span> <span class='ocrx_word' id='word_1_746' title='bbox 953 4846 1064 4919; x_wconf 78' lang='grc' dir='ltr'>ἅμα</span> <span class='ocrx_word' id='word_1_747' title='bbox 1112 4844 1282 4922; x_wconf 83' lang='grc' dir='ltr'>λέγων</span> <span class='ocrx_word' id='word_1_748' title='bbox 1325 4846 1422 4912; x_wconf 74' lang='grc' dir='ltr'><strong>τὴν</strong></span> <span class='ocrx_word' id='word_1_749' title='bbox 1468 4859 1632 4924; x_wconf 83' lang='grc' dir='ltr'>χεῖρα</span> <span class='ocrx_word' id='word_1_750' title='bbox 1674 4853 1742 4923; x_wconf 78' lang='grc' dir='ltr'><strong>τῇ</strong></span> <span class='ocrx_word' id='word_1_751' title='bbox 1792 4855 1927 4904; x_wconf 87' lang='grc' dir='ltr'><strong>Θεο-</strong></span> 
     </span>
    </p>
   </div>
   <div class='ocr_carea' id='block_1_101' title="bbox 290 4932 1929 5014">
    <p class='ocr_par' dir='ltr' id='par_1_101' title="bbox 290 4932 1929 5014">
     <span class='ocr_line' id='line_1_102' title="bbox 290 4932 1929 5014; baseline -0.001 -23"><span class='ocrx_word' id='word_1_752' title='bbox 290 4935 419 5011; x_wconf 76' lang='grc' dir='ltr'>δότῇ</span> <span class='ocrx_word' id='word_1_753' title='bbox 477 4933 756 4992; x_wconf 75' lang='grc' dir='ltr'>ἐπιϐαλεῖν</span> <span class='ocrx_word' id='word_1_754' title='bbox 815 4938 900 4991; x_wconf 82' lang='grc' dir='ltr'><strong>καὶ</strong></span> <span class='ocrx_word' id='word_1_755' title='bbox 979 4934 1094 4990; x_wconf 82' lang='grc' dir='ltr'>νέον</span> <span class='ocrx_word' id='word_1_756' title='bbox 1150 4936 1264 4990; x_wconf 82' lang='grc' dir='ltr'>τινὰ</span> <span class='ocrx_word' id='word_1_757' title='bbox 1323 4932 1454 4989; x_wconf 70' lang='grc' dir='ltr'>ἰδεῖν</span> <span class='ocrx_word' id='word_1_758' title='bbox 1526 4937 1760 5014; x_wconf 77' lang='grc' dir='ltr'>εὐπρεπῆ</span> <span class='ocrx_word' id='word_1_759' title='bbox 1833 4939 1929 5004; x_wconf 75' lang='grc' dir='ltr'>τὴν</span> 
     </span>
    </p>
   </div>
   <div class='ocr_carea' id='block_1_102' title="bbox 287 5022 1930 5104">
    <p class='ocr_par' dir='ltr' id='par_1_102' title="bbox 287 5022 1930 5104">
     <span class='ocr_line' id='line_1_103' title="bbox 287 5022 1930 5104; baseline 0.001 -24"><span class='ocrx_word' id='word_1_760' title='bbox 287 5025 437 5100; x_wconf 80' lang='grc' dir='ltr'>θέαν,</span> <span class='ocrx_word' id='word_1_761' title='bbox 501 5029 740 5104; x_wconf 78' lang='grc' dir='ltr'>εὐπρεπῆ</span> <span class='ocrx_word' id='word_1_762' title='bbox 797 5024 895 5091; x_wconf 69' lang='grc' dir='ltr'><strong>τήν</strong></span> <span class='ocrx_word' id='word_1_763' title='bbox 941 5022 1163 5094; x_wconf 75' lang='grc' dir='ltr'>στολὴν,</span> <span class='ocrx_word' id='word_1_764' title='bbox 1225 5031 1648 5102; x_wconf 87' lang='grc' dir='ltr'>συμπαρεστῶτα</span> <span class='ocrx_word' id='word_1_765' title='bbox 1680 5031 1744 5102; x_wconf 81' lang='grc' dir='ltr'><strong>τῇ</strong></span> <span class='ocrx_word' id='word_1_766' title='bbox 1804 5034 1930 5082; x_wconf 84' lang='grc' dir='ltr'><strong>Θεο-</strong></span> 
     </span>
    </p>
   </div>
   <div class='ocr_carea' id='block_1_103' title="bbox 287 5111 1928 5191">
    <p class='ocr_par' dir='ltr' id='par_1_103' title="bbox 287 5111 1928 5191">
     <span class='ocr_line' id='line_1_104' title="bbox 287 5111 1928 5191; baseline -0.001 -20"><span class='ocrx_word' id='word_1_767' title='bbox 287 5113 444 5191; x_wconf 76' lang='grc' dir='ltr'>δότῃ,</span> <span class='ocrx_word' id='word_1_768' title='bbox 477 5117 536 5177; x_wconf 81' lang='grc' dir='ltr'><strong>’ὃς</strong></span> <span class='ocrx_word' id='word_1_769' title='bbox 567 5117 724 5171; x_wconf 85' lang='grc' dir='ltr'>αὐτὸν</span> <span class='ocrx_word' id='word_1_770' title='bbox 754 5116 840 5170; x_wconf 71' lang='grc' dir='ltr'><strong>καὶ</strong></span> <span class='ocrx_word' id='word_1_771' title='bbox 871 5114 1005 5170; x_wconf 84' lang='grc' dir='ltr'>κατὰ</span> <span class='ocrx_word' id='word_1_772' title='bbox 1063 5111 1256 5190; x_wconf 63' lang='grc' dir='ltr'>κόρρης</span> <span class='ocrx_word' id='word_1_773' title='bbox 1305 5113 1498 5179; x_wconf 79' lang='grc' dir='ltr'>παίσας</span> <span class='ocrx_word' id='word_1_774' title='bbox 1555 5115 1675 5176; x_wconf 85' lang='grc' dir='ltr'>τούς</span> <span class='ocrx_word' id='word_1_775' title='bbox 1706 5137 1763 5170; x_wconf 89' lang='grc' dir='ltr'><strong>τε</strong></span> <span class='ocrx_word' id='word_1_776' title='bbox 1821 5138 1928 5191; x_wconf 89' lang='grc' dir='ltr'>μυ-</span> 
     </span>
    </p>
   </div>
   <div class='ocr_carea' id='block_1_104' title="bbox 286 5201 1929 5282">
    <p class='ocr_par' dir='ltr' id='par_1_104' title="bbox 286 5201 1929 5282">
     <span class='ocr_line' id='line_1_105' title="bbox 286 5201 1929 5282; baseline -0.001 -21"><span class='ocrx_word' id='word_1_777' title='bbox 286 5211 493 5282; x_wconf 79' lang='grc' dir='ltr'>κτῆρας</span> <span class='ocrx_word' id='word_1_778' title='bbox 563 5205 835 5280; x_wconf 77' lang='grc' dir='ltr'>συνέτριψε</span> <span class='ocrx_word' id='word_1_779' title='bbox 884 5205 972 5258; x_wconf 84' lang='grc' dir='ltr'>καὶ</span> <span class='ocrx_word' id='word_1_780' title='bbox 1030 5205 1090 5258; x_wconf 84' lang='grc' dir='ltr'><strong>τὸ</strong></span> <span class='ocrx_word' id='word_1_781' title='bbox 1142 5201 1425 5280; x_wconf 72' lang='grc' dir='ltr'>καταρρέον</span> <span class='ocrx_word' id='word_1_782' title='bbox 1498 5208 1635 5279; x_wconf 88' lang='grc' dir='ltr'>αἷμα</span> <span class='ocrx_word' id='word_1_783' title='bbox 1693 5203 1776 5260; x_wconf 81' lang='grc' dir='ltr'><strong>διὰ</strong></span> <span class='ocrx_word' id='word_1_784' title='bbox 1824 5211 1929 5262; x_wconf 82' lang='grc' dir='ltr'><strong>τῶν</strong></span> 
     </span>
    </p>
   </div>
   <div class='ocr_carea' id='block_1_105' title="bbox 285 5291 1928 5375">
    <p class='ocr_par' dir='ltr' id='par_1_105' title="bbox 285 5291 1928 5375">
     <span class='ocr_line' id='line_1_106' title="bbox 285 5291 1928 5375; baseline 0.001 -27"><span class='ocrx_word' id='word_1_785' title='bbox 285 5294 442 5369; x_wconf 77' lang='grc' dir='ltr'>ῥινῶν</span> <span class='ocrx_word' id='word_1_786' title='bbox 503 5295 743 5373; x_wconf 75' lang='grc' dir='ltr'>φέρεσθαι</span> <span class='ocrx_word' id='word_1_787' title='bbox 802 5293 1213 5369; x_wconf 69' lang='grc' dir='ltr'>παρεσκεύασεν.</span> <span class='ocrx_word' id='word_1_788' title='bbox 1277 5291 1428 5348; x_wconf 71' lang='grc' dir='ltr'>Ἀλλ’</span> <span class='ocrx_word' id='word_1_789' title='bbox 1481 5295 1508 5348; x_wconf 84' lang='grc' dir='ltr'><strong>ὁ</strong></span> <span class='ocrx_word' id='word_1_790' title='bbox 1569 5294 1764 5372; x_wconf 58' lang='grc' dir='ltr'>τυφλὸς</span> <span class='ocrx_word' id='word_1_791' title='bbox 1823 5297 1928 5375; x_wconf 82' lang='grc' dir='ltr'>οὐχ</span> 
     </span>
    </p>
   </div>
   <div class='ocr_carea' id='block_1_106' title="bbox 284 5383 1928 5462">
    <p class='ocr_par' dir='ltr' id='par_1_106' title="bbox 284 5383 1928 5462">
     <span class='ocr_line' id='line_1_107' title="bbox 284 5383 1928 5462; baseline 0.002 -25"><span class='ocrx_word' id='word_1_792' title='bbox 284 5383 452 5460; x_wconf 66' lang='grc' dir='ltr'>ἑώρα,</span> <span class='ocrx_word' id='word_1_793' title='bbox 507 5386 594 5438; x_wconf 86' lang='grc' dir='ltr'><strong>καὶ</strong></span> <span class='ocrx_word' id='word_1_794' title='bbox 651 5385 678 5437; x_wconf 79' lang='grc' dir='ltr'>ὁ</span> <span class='ocrx_word' id='word_1_795' title='bbox 746 5383 992 5446; x_wconf 85' lang='grc' dir='ltr'>ἀσύνετος</span> <span class='ocrx_word' id='word_1_796' title='bbox 1036 5384 1292 5444; x_wconf 80' lang='grc' dir='ltr'>ὑπατικὸς</span> <span class='ocrx_word' id='word_1_797' title='bbox 1346 5383 1406 5436; x_wconf 84' lang='grc' dir='ltr'>οὐ</span> <span class='ocrx_word' id='word_1_798' title='bbox 1463 5384 1647 5462; x_wconf 71' lang='grc' dir='ltr'>συνίει,</span> <span class='ocrx_word' id='word_1_799' title='bbox 1706 5383 1815 5443; x_wconf 80' lang='grc' dir='ltr'>οὐδ’</span> <span class='ocrx_word' id='word_1_800' title='bbox 1885 5387 1928 5441; x_wconf 78' lang='grc' dir='ltr'><strong>εἰ</strong></span> 
     </span>
    </p>
   </div>
   <div class='ocr_carea' id='block_1_107' title="bbox 287 5470 1928 5553">
    <p class='ocr_par' dir='ltr' id='par_1_107' title="bbox 287 5470 1928 5553">
     <span class='ocr_line' id='line_1_108' title="bbox 287 5470 1928 5553; baseline 0.003 -27"><span class='ocrx_word' id='word_1_801' title='bbox 287 5474 365 5546; x_wconf 76' lang='grc' dir='ltr'><strong>μή</strong></span> <span class='ocrx_word' id='word_1_802' title='bbox 420 5494 468 5527; x_wconf 86' lang='grc' dir='ltr'>τι</span> <span class='ocrx_word' id='word_1_803' title='bbox 503 5471 636 5528; x_wconf 67' lang='grc' dir='ltr'>ἄλλο</span> <span class='ocrx_word' id='word_1_804' title='bbox 666 5473 727 5528; x_wconf 84' lang='grc' dir='ltr'>τὸ</span> <span class='ocrx_word' id='word_1_805' title='bbox 758 5473 974 5551; x_wconf 64' lang='grc' dir='ltr'>ἐναργὲς</span> <span class='ocrx_word' id='word_1_806' title='bbox 1033 5470 1314 5542; x_wconf 75' lang='grc' dir='ltr'>ηὐλαϐήθη</span> <span class='ocrx_word' id='word_1_807' title='bbox 1371 5481 1464 5531; x_wconf 84' lang='grc' dir='ltr'>τοῦ</span> <span class='ocrx_word' id='word_1_808' title='bbox 1517 5473 1780 5553; x_wconf 79' lang='grc' dir='ltr'>θαύματος</span> <span class='ocrx_word' id='word_1_809' title='bbox 1842 5477 1928 5531; x_wconf 85' lang='grc' dir='ltr'>καὶ</span> 
     </span>
    </p>
   </div>
   <div class='ocr_carea' id='block_1_108' title="bbox 369 5659 988 5738">
    <p class='ocr_par' dir='ltr' id='par_1_108' title="bbox 369 5659 988 5738">
     <span class='ocr_line' id='line_1_109' title="bbox 369 5659 988 5738; baseline -0.003 -12"><span class='ocrx_word' id='word_1_810' title='bbox 369 5661 403 5711; x_wconf 73' lang='lat'><strong>5</strong></span> <span class='ocrx_word' id='word_1_811' title='bbox 430 5659 636 5726; x_wconf 74' lang='lat' dir='ltr'><strong>Matth.</strong></span> <span class='ocrx_word' id='word_1_812' title='bbox 664 5676 725 5738; x_wconf 75' lang='grc' dir='ltr'>ι,</span> <span class='ocrx_word' id='word_1_813' title='bbox 760 5659 855 5738; x_wconf 85' lang='grc'><strong>18,</strong></span> <span class='ocrx_word' id='word_1_814' title='bbox 894 5659 988 5724; x_wconf 73' lang='grc'><strong>19.</strong></span> 
     </span>
    </p>
   </div>
   <div class='ocr_carea' id='block_1_109' title="bbox 2015 4753 3654 4836">
    <p class='ocr_par' dir='ltr' id='par_1_109' title="bbox 2015 4753 3654 4836">
     <span class='ocr_line' id='line_1_110' title="bbox 2015 4753 3654 4836; baseline -0.005 -20"><span class='ocrx_word' id='word_1_815' title='bbox 2015 4757 2094 4817; x_wconf 90' lang='lat' dir='ltr'><strong>vit</strong></span> <span class='ocrx_word' id='word_1_816' title='bbox 2123 4757 2196 4816; x_wconf 88' lang='lat' dir='ltr'><strong>ad</strong></span> <span class='ocrx_word' id='word_1_817' title='bbox 2228 4757 2670 4836; x_wconf 89' lang='lat' dir='ltr'><strong>proconsulem,</strong></span> <span class='ocrx_word' id='word_1_818' title='bbox 2699 4757 2907 4817; x_wconf 91' lang='lat' dir='ltr'><strong>dicens</strong></span> <span class='ocrx_word' id='word_1_819' title='bbox 2961 4775 3027 4818; x_wconf 94' lang='lat' dir='ltr'><strong>se</strong></span> <span class='ocrx_word' id='word_1_820' title='bbox 3061 4775 3194 4816; x_wconf 90' lang='lat' dir='ltr'><strong>cum</strong></span> <span class='ocrx_word' id='word_1_821' title='bbox 3233 4753 3488 4832; x_wconf 90' lang='lat' dir='ltr'><strong>primum</strong></span> <span class='ocrx_word' id='word_1_822' title='bbox 3523 4765 3654 4809; x_wconf 89' lang='lat' dir='ltr'><strong>ma-</strong></span> 
     </span>
    </p>
   </div>
   <div class='ocr_carea' id='block_1_110' title="bbox 2015 4839 3655 4926">
    <p class='ocr_par' dir='ltr' id='par_1_110' title="bbox 2015 4839 3655 4926">
     <span class='ocr_line' id='line_1_111' title="bbox 2015 4839 3655 4926; baseline -0.006 -19"><span class='ocrx_word' id='word_1_823' title='bbox 2015 4865 2154 4907; x_wconf 90' lang='lat' dir='ltr'><strong>num</strong></span> <span class='ocrx_word' id='word_1_824' title='bbox 2191 4846 2397 4926; x_wconf 87' lang='lat' dir='ltr'><strong>injecit</strong></span> <span class='ocrx_word' id='word_1_825' title='bbox 2429 4847 2487 4907; x_wconf 86' lang='lat' dir='ltr'><strong>in</strong></span> <span class='ocrx_word' id='word_1_826' title='bbox 2505 4844 3126 4925; x_wconf 86' lang='lat' dir='ltr'><strong>Theodotem,vidisse</strong></span> <span class='ocrx_word' id='word_1_827' title='bbox 3143 4840 3458 4922; x_wconf 88' lang='lat' dir='ltr'><strong>quemdam</strong></span> <span class='ocrx_word' id='word_1_828' title='bbox 3490 4839 3655 4926; x_wconf 46' lang='lat' dir='ltr'><strong>juvef</strong></span> 
     </span>
    </p>
   </div>
   <div class='ocr_carea' id='block_1_111' title="bbox 2013 4925 3654 5011">
    <p class='ocr_par' dir='ltr' id='par_1_111' title="bbox 2013 4925 3654 5011">
     <span class='ocr_line' id='line_1_112' title="bbox 2013 4925 3654 5011; baseline -0.007 -14"><span class='ocrx_word' id='word_1_829' title='bbox 2013 4954 2174 5011; x_wconf 91' lang='lat' dir='ltr'><strong>nem,</strong></span> <span class='ocrx_word' id='word_1_830' title='bbox 2207 4936 2369 4996; x_wconf 91' lang='lat' dir='ltr'><strong>vultu</strong></span> <span class='ocrx_word' id='word_1_831' title='bbox 2401 4937 2726 4996; x_wconf 86' lang='lat' dir='ltr'><strong>formosum</strong></span> <span class='ocrx_word' id='word_1_832' title='bbox 2786 4943 2843 4996; x_wconf 90' lang='lat' dir='ltr'><strong>et</strong></span> <span class='ocrx_word' id='word_1_833' title='bbox 2900 4933 3105 4996; x_wconf 84' lang='lat' dir='ltr'><strong>habitu</strong></span> <span class='ocrx_word' id='word_1_834' title='bbox 3136 4932 3441 5003; x_wconf 90' lang='lat' dir='ltr'><strong>decorum,</strong></span> <span class='ocrx_word' id='word_1_835' title='bbox 3474 4925 3654 4986; x_wconf 87' lang='lat' dir='ltr'><strong>simul</strong></span> 
     </span>
    </p>
   </div>
   <div class='ocr_carea' id='block_1_112' title="bbox 2012 5016 3658 5101">
    <p class='ocr_par' dir='ltr' id='par_1_112' title="bbox 2012 5016 3658 5101">
     <span class='ocr_line' id='line_1_113' title="bbox 2012 5016 3658 5101; baseline -0.007 -16"><span class='ocrx_word' id='word_1_836' title='bbox 2012 5025 2225 5086; x_wconf 85' lang='lat' dir='ltr'><strong>adesse</strong></span> <span class='ocrx_word' id='word_1_837' title='bbox 2245 5045 2378 5086; x_wconf 90' lang='lat' dir='ltr'><strong>cum</strong></span> <span class='ocrx_word' id='word_1_838' title='bbox 2428 5024 2759 5096; x_wconf 87' lang='lat' dir='ltr'><strong>Theodote,</strong></span> <span class='ocrx_word' id='word_1_839' title='bbox 2796 5024 2903 5101; x_wconf 89' lang='lat' dir='ltr'><strong>qui</strong></span> <span class='ocrx_word' id='word_1_840' title='bbox 2935 5023 2989 5086; x_wconf 89' lang='lat' dir='ltr'><strong>ei</strong></span> <span class='ocrx_word' id='word_1_841' title='bbox 3020 5024 3258 5084; x_wconf 88' lang='lat' dir='ltr'><strong>incusso</strong></span> <span class='ocrx_word' id='word_1_842' title='bbox 3289 5016 3566 5096; x_wconf 89' lang='lat' dir='ltr'><strong>colapho,</strong></span> <span class='ocrx_word' id='word_1_843' title='bbox 3599 5021 3658 5075; x_wconf 93' lang='lat' dir='ltr'><strong>et</strong></span> 
     </span>
    </p>
   </div>
   <div class='ocr_carea' id='block_1_113' title="bbox 2014 5103 3656 5193">
    <p class='ocr_par' dir='ltr' id='par_1_113' title="bbox 2014 5103 3656 5193">
     <span class='ocr_line' id='line_1_114' title="bbox 2014 5103 3656 5193; baseline -0.007 -19"><span class='ocrx_word' id='word_1_844' title='bbox 2014 5131 2191 5176; x_wconf 90' lang='lat' dir='ltr'><strong>nares</strong></span> <span class='ocrx_word' id='word_1_845' title='bbox 2218 5115 2516 5193; x_wconf 82' lang='lat' dir='ltr'><strong>contrivit,</strong></span> <span class='ocrx_word' id='word_1_846' title='bbox 2540 5124 2594 5174; x_wconf 87' lang='lat' dir='ltr'><strong>et</strong></span> <span class='ocrx_word' id='word_1_847' title='bbox 2619 5123 2680 5174; x_wconf 90' lang='lat' dir='ltr'><strong>ut</strong></span> <span class='ocrx_word' id='word_1_848' title='bbox 2705 5131 2808 5192; x_wconf 86' lang='lat' dir='ltr'><strong>per</strong></span> <span class='ocrx_word' id='word_1_849' title='bbox 2831 5129 2932 5173; x_wconf 86' lang='lat' dir='ltr'><strong>eas</strong></span> <span class='ocrx_word' id='word_1_850' title='bbox 2962 5110 3202 5190; x_wconf 86' lang='lat' dir='ltr'><strong>sanguis</strong></span> <span class='ocrx_word' id='word_1_851' title='bbox 3236 5110 3526 5177; x_wconf 87' lang='lat' dir='ltr'><strong>maneret,</strong></span> <span class='ocrx_word' id='word_1_852' title='bbox 3563 5103 3656 5193; x_wconf 46' lang='lat' dir='ltr'><strong>et?</strong></span> 
     </span>
    </p>
   </div>
   <div class='ocr_carea' id='block_1_114' title="bbox 2014 5192 3650 5277">
    <p class='ocr_par' dir='ltr' id='par_1_114' title="bbox 2014 5192 3650 5277">
     <span class='ocr_line' id='line_1_115' title="bbox 2014 5192 3650 5277; baseline -0.008 -12"><span class='ocrx_word' id='word_1_853' title='bbox 2014 5203 2177 5265; x_wconf 80' lang='lat' dir='ltr'><strong>fecit.</strong></span> <span class='ocrx_word' id='word_1_854' title='bbox 2214 5203 2328 5266; x_wconf 86' lang='lat' dir='ltr'><strong>Sed</strong></span> <span class='ocrx_word' id='word_1_855' title='bbox 2357 5223 2473 5265; x_wconf 88' lang='lat' dir='ltr'><strong>non</strong></span> <span class='ocrx_word' id='word_1_856' title='bbox 2505 5192 2744 5264; x_wconf 87' lang='lat' dir='ltr'><strong>videbat</strong></span> <span class='ocrx_word' id='word_1_857' title='bbox 2772 5208 3057 5277; x_wconf 68' lang='lat' dir='ltr'><strong>caacus,et</strong></span> <span class='ocrx_word' id='word_1_858' title='bbox 3085 5199 3298 5260; x_wconf 89' lang='lat' dir='ltr'><strong>stultus</strong></span> <span class='ocrx_word' id='word_1_859' title='bbox 3331 5192 3650 5275; x_wconf 91' lang='lat' dir='ltr'><strong>proconsul</strong></span> 
     </span>
    </p>
   </div>
   <div class='ocr_carea' id='block_1_115' title="bbox 2011 5281 3658 5372">
    <p class='ocr_par' dir='ltr' id='par_1_115' title="bbox 2011 5281 3658 5372">
     <span class='ocr_line' id='line_1_116' title="bbox 2011 5281 3658 5372; baseline -0.008 -18"><span class='ocrx_word' id='word_1_860' title='bbox 2011 5293 2256 5354; x_wconf 86' lang='lat' dir='ltr'><strong>minime</strong></span> <span class='ocrx_word' id='word_1_861' title='bbox 2285 5292 2676 5371; x_wconf 87' lang='lat' dir='ltr'><strong>intelligebat,</strong></span> <span class='ocrx_word' id='word_1_862' title='bbox 2709 5300 2768 5355; x_wconf 92' lang='lat' dir='ltr'><strong>et</strong></span> <span class='ocrx_word' id='word_1_863' title='bbox 2793 5289 3067 5372; x_wconf 84' lang='lat' dir='ltr'><strong>neque,si</strong></span> <span class='ocrx_word' id='word_1_864' title='bbox 3101 5288 3247 5351; x_wconf 86' lang='lat' dir='ltr'><strong>nihil</strong></span> <span class='ocrx_word' id='word_1_865' title='bbox 3272 5282 3431 5348; x_wconf 86' lang='lat' dir='ltr'><strong>aliud</strong></span> <span class='ocrx_word' id='word_1_866' title='bbox 3468 5281 3658 5372; x_wconf 85' lang='lat' dir='ltr'><strong>mira-</strong></span> 
     </span>
    </p>
   </div>
   <div class='ocr_carea' id='block_1_116' title="bbox 2010 5371 3656 5460">
    <p class='ocr_par' dir='ltr' id='par_1_116' title="bbox 2010 5371 3656 5460">
     <span class='ocr_line' id='line_1_117' title="bbox 2010 5371 3656 5460; baseline -0.008 -16"><span class='ocrx_word' id='word_1_867' title='bbox 2010 5383 2126 5444; x_wconf 88' lang='lat' dir='ltr'><strong>culi</strong></span> <span class='ocrx_word' id='word_1_868' title='bbox 2185 5383 2481 5444; x_wconf 82' lang='lat' dir='ltr'><strong>reveritus</strong></span> <span class='ocrx_word' id='word_1_869' title='bbox 2539 5382 2648 5444; x_wconf 90' lang='lat' dir='ltr'><strong>fuit</strong></span> <span class='ocrx_word' id='word_1_870' title='bbox 2709 5371 3094 5460; x_wconf 86' lang='lat' dir='ltr'><strong>evidentiam,</strong></span> <span class='ocrx_word' id='word_1_871' title='bbox 3153 5374 3378 5440; x_wconf 90' lang='lat' dir='ltr'><strong>destitit</strong></span> <span class='ocrx_word' id='word_1_872' title='bbox 3438 5371 3656 5433; x_wconf 86' lang='lat' dir='ltr'><strong>adver-</strong></span> 
     </span>
    </p>
   </div>
   <div class='ocr_carea' id='block_1_117' title="bbox 2015 5461 3658 5536">
    <p class='ocr_par' dir='ltr' id='par_1_117' title="bbox 2015 5461 3658 5536">
     <span class='ocr_line' id='line_1_118' title="bbox 2015 5461 3658 5536; baseline -0.002 -4"><span class='ocrx_word' id='word_1_873' title='bbox 2015 5491 2117 5534; x_wconf 92' lang='lat' dir='ltr'><strong>sus</strong></span> <span class='ocrx_word' id='word_1_874' title='bbox 2159 5489 2288 5534; x_wconf 90' lang='lat' dir='ltr'><strong>eam</strong></span> <span class='ocrx_word' id='word_1_875' title='bbox 2335 5472 2722 5536; x_wconf 71' lang='lat' dir='ltr'><strong>contendere.</strong></span> <span class='ocrx_word' id='word_1_876' title='bbox 2755 5469 2876 5535; x_wconf 86' lang='lat' dir='ltr'><strong>Sed</strong></span> <span class='ocrx_word' id='word_1_877' title='bbox 2908 5489 3043 5534; x_wconf 89' lang='lat' dir='ltr'><strong>cum</strong></span> <span class='ocrx_word' id='word_1_878' title='bbox 3103 5486 3233 5530; x_wconf 88' lang='lat' dir='ltr'><strong>eam</strong></span> <span class='ocrx_word' id='word_1_879' title='bbox 3285 5480 3496 5528; x_wconf 87' lang='lat' dir='ltr'><strong>rursus</strong></span> <span class='ocrx_word' id='word_1_880' title='bbox 3525 5461 3658 5528; x_wconf 84' lang='lat' dir='ltr'><strong>sisti</strong></span> 
     </span>
    </p>
   </div>
  </div>
