4028 6138
404 304 532 380 503

1718 317 1882 382 ΜΕΝ
1887 316 2000 380 SIS
2056 318 2485 383 DECEMBER.

3667 319 3789 387 604

413 455 701 530 curasset,
735 448 994 512 minatus
1025 457 1117 513 est
1172 467 1237 513 se
1293 451 1345 512 ei
1401 452 1533 513 esse
1561 448 1885 532 illaturum,
1920 469 2048 533 quae

2139 455 2229 517 τῆς
2272 452 2402 528 πρὸς
2446 451 2609 520 αὒττὶν
2659 450 2858 520 ἐπέστη
2904 452 3224 533 φιλονεικίας
3254 475 3266 488 ·
3319 453 3456 512 ἀλλὰ
3494 454 3582 512 καὶ
3634 454 3793 517 αὖθις

411 537 769 602 videbantur
797 540 1064 602 omnium
1121 540 1469 619 gravissima
1502 560 1515 602 :
1550 539 1679 603 Nisi
1728 541 1895 620 deos,
1953 541 2051 602 di-

411 643 578 703 cens,
612 626 985 691 immortales
1017 629 1299 711 colueris,
1345 628 1644 690 interfecti
1677 629 1890 692 cadent
1915 639 2052 693 ante

412 723 545 778 tuos
572 717 777 780 oculos
805 718 934 782 filii.
969 719 1074 782 Illa
1103 728 1303 783 autem
1342 717 1488 781 :Vel
1522 719 1658 799 hoc,
1686 719 2050 801 inquit,olim

413 805 671 868 maxime
699 806 859 869 sitio.
896 806 995 870 Sic
1043 807 1204 871 enim
1226 827 1359 871 cum
1385 826 1550 869 meos
1572 809 1725 871 filios
1745 808 1947 871 vivens
1977 809 2049 871 ad

412 893 712 959 Christum
748 897 1112 979 praemisera,
1148 907 1206 959 et
1238 907 1516 977 tanquam
1575 897 1636 958 in
1699 905 1818 960 tuto
1882 908 2051 980 portu

414 984 809 1066 constituero,
840 984 1062 1049 deinde
1094 1005 1203 1067 ego
1259 1004 1480 1068 sequar
1510 987 1782 1066 vestigia,
1812 988 1962 1050 adeo
1993 996 2055 1048 ut

413 1079 549 1153 apte
570 1074 791 1154 possim
816 1092 1071 1139 canere:
1105 1105 1126 1137 ι
1156 1077 1309 1139 Ecce
1333 1095 1442 1156 ego
1472 1085 1531 1138 et
1560 1076 1693 1153 lilii,
1725 1096 1876 1159 quos
1910 1077 2054 1139 mihi

415 1160 656 1239 dedisti,
693 1165 851 1227 Deus
881 1164 936 1229 6.
977 1190 1001 1222 ι

493 1341 876 1406 XXXIII.His
900 1346 1085 1423 magis
1107 1346 1490 1409 conturbatus
1513 1347 1856 1428 proconsul,
1876 1346 2055 1428 jussit

2132 542 2611 618 παραστησάμενος
2669 540 2701 598 ὀὶ
2728 543 2961 635 Ἀπάντων
3019 542 3189 601 ἐδόκει
3238 544 3512 603 δὲινότατα
3568 544 3793 613 ἠπείλει

2132 631 2299 706 ταύτῃ
2342 634 2662 711 επαγαγεῐν,
2728 631 2813 689 Ην
2899 635 2978 709 μὴ
3047 632 3356 714 λατρεύσῃς,
3417 634 3613 714 λέγων,
3660 646 3795 695 τοῖς

2134 717 2409 787 ἀθανάτοις
2450 726 2595 785 θεοῖς
2666 722 3004 802 σφαττόμενά
3060 747 3154 784 σου
3196 739 3441 782 πεσεῖται
3495 726 3563 781 τὰ
3618 724 3797 781 τέκνα

2133 811 2233 887 πρὸ
2277 810 2584 891 ὀφθαλμῶν.
2633 812 2698 870 Ἦ
2728 811 2806 891 δὲ,
2858 815 2956 871 Καὶ
2999 814 3154 872 τοῦτο
3212 813 3465 890 μάλιστα,
3508 814 3635 894 ἔφη,
3666 815 3803 870 πά-

2134 897 2222 955 λαι
2267 898 2475 976 διψῶσα
2527 903 2783 982 τυγχάνω
2817 922 2829 937 ⁸
2892 902 3031 960 οὕτω
3087 905 3189 982 γάρ
3247 926 3349 979 μου
3404 905 3471 959 τὰ
3503 903 3661 959 τέκνα
3694 902 3800 959 καὶ

2135 994 2278 1060 ζῶσα
2334 996 2411 1063 τῷ
2454 997 2662 1069 Χριστῷ
2690 992 3051 1069 προπέμψασα
3083 994 3168 1049 καὶ
3201 992 3379 1072 ὥσπερ
3435 991 3489 1048 ἐν
3546 990 3804 1073 ἀσφαλεῖ

2136 1080 2517 1149 καταστήσασα
2574 1088 2649 1156 τῷ
2710 1080 2909 1160 λιμένι,
2977 1082 3159 1139 ἔπειτα
3218 1082 3372 1160 κάγὼ
3424 1083 3562 1139 κατὰ
3612 1079 3800 1144 πόδας

2139 1166 2360 1244 ἕψομαι,
2395 1169 2531 1226 ὥστε
2570 1169 2847 1248 προσᾴδειν
2890 1169 3200 1238 ἐπιτηδείως
3235 1187 3249 1202 '
3294 1192 3315 1221 ι
3350 1169 3480 1229 Ἰδοὺ
3527 1172 3636 1249 ἐγὼ
3696 1172 3803 1227 καὶ

2137 1257 2203 1313 τά
2234 1256 2412 1314 παιδία
2439 1259 2474 1314 οῗ
2503 1282 2593 1331 μοι
2625 1259 2815 1316 ἔδωκεν
2846 1263 2874 1317 ὁ
2913 1260 3069 1325 Θεός.
3104 1281 3126 1311 I

2218 1346 2342 1407 Al".
2390 1351 2609 1413 Τούτοις
2667 1349 2751 1405 ἐπὶ
2800 1349 2957 1406 πλέον
3009 1354 3037 1407 ὁ
3088 1353 3349 1418 ὑπατικὸς
3406 1350 3796 1431 διαταραχθεῖς

413 1446 542 1491 eam
570 1431 687 1510 igni
714 1434 861 1494 tradi
893 1434 1068 1495 simul
1100 1454 1234 1496 cum
1297 1436 1454 1497 filiis.
1506 1439 1821 1517 Postquam
1854 1445 2048 1499 autem

2139 1438 2255 1515 πυρὶ
2314 1436 2671 1516 παραδοθῆναι
2744 1440 2938 1505 ταύτην
2994 1441 3201 1516 σύναμα
3255 1442 3340 1497 καὶ
3401 1440 3597 1505 τέκνοις
3651 1440 3798 1495 ἱκέ-

412 1520 621 1582 fornax
648 1521 759 1583 fuit
789 1540 1043 1585 accensa
1069 1523 1243 1586 citius
1266 1544 1439 1605 quam
1461 1516 1691 1606 jussuin
1717 1526 1926 1600 fuerat,
1966 1525 2048 1586 illi

2139 1523 2308 1587 λευεν.
2356 1516 2449 1591 Ὠς
2493 1527 2548 1584 δὲ
2606 1529 2692 1584 καὶ
2735 1531 2769 1596 ἡ
2821 1530 3045 1604 κάμινος
3095 1534 3281 1587 θᾶττον
3337 1528 3534 1609 ἐξήφθη
3573 1528 3799 1603 μᾶλλον

415 1616 690 1698 tanquam
741 1610 964 1674 fontem
1007 1632 1175 1693 aqua!
1194 1632 1328 1675 cum
1366 1615 1582 1692 gaudio
1605 1614 1908 1676 fornacem
1943 1633 2048 1675 su-

2139 1614 2167 1683 ἢ
2226 1617 2554 1695 προσετάγη,
2614 1616 2837 1692 ἐκεῖνοι,
2894 1619 3127 1698 καθάπερ
3184 1621 3257 1683 εἷς
3329 1619 3515 1697 πηγὴν
3563 1617 3796 1689 ὕδατος,

415 1694 615 1775 biere;
667 1707 726 1761 et
756 1699 942 1764 Deum
975 1703 1217 1783 quidem
1251 1703 1570 1766 benedicat
1621 1716 1855 1785 mater;
1919 1705 2048 1766 col-

2139 1702 2267 1760 οῦτω
2321 1707 2411 1761 σὺν
2454 1704 2618 1782 ἡδονῇ
2646 1729 2741 1775 την
2785 1706 3008 1782 κάμινον
3038 1709 3378 1783 ὑπεισῄεσαν.
3446 1709 3543 1765 Καὶ
3602 1706 3793 1773 ηὒλό-

413 1786 765 1853 Ιωιεὶιειιιιιι·
805 1802 1000 1855 autem
1036 1793 1233 1868 filii,et
1260 1794 1347 1856 sic
1376 1794 1550 1856 ambo
1582 1795 1699 1856 laeti
1731 1804 1788 1855 et
1820 1795 2046 1857 alacres

2139 1814 2210 1874 γει
2261 1794 2359 1868 μὲν
2402 1794 2492 1851 τὸν
2550 1797 2681 1852 Θεὸν
2704 1798 2738 1863 ἡ
2771 1797 2974 1873 μήτηρ,
3026 1794 3247 1873 συν-ᾖδον
3277 1794 3332 1852 δὲ
3360 1797 3448 1851 καὶ
3480 1798 3528 1851 οἱ
3558 1793 3795 1859 παῖδεςο

411 1877 641 1940 animas
661 1898 799 1942 suas
820 1882 880 1943 in
921 1882 1189 1944 manibus
1223 1883 1325 1945 Dei
1355 1883 1780 1963 deposuerunt.
1815 1883 1885 1946 Et
1915 1885 2048 1947 illos

2139 1885 2219 1940 καὶ
2277 1884 2439 1948 οὕτως
2503 1886 2833 1965 εὖχαρὶστως
2892 1883 3053 1964 ἄμφω
3111 1887 3183 1949 εἷς
3243 1897 3436 1965 χεῖρας
3494 1891 3627 1941 Θεοῦ
3685 1887 3795 1949 τὰς

414 1967 652 2044 quidem
711 1969 799 2031 sic
855 1972 1090 2052 accepit
1146 1972 1356 2035 beatus
1410 1973 1567 2037 ﬁnis.
1623 1976 1798 2035 Beata
1854 1983 2048 2037 autem

2139 1973 2333 2031 ἑαυτῶν
2384 1974 2564 2052 ψιχας
2623 1975 2996 2051 παρατίθεσαν.
3036 1975 3131 2031 Καὶ
3179 1975 3301 2039 τοῦς
3354 1975 3451 2047 μὲν
3509 1972 3646 2030 οῦτω
3722 1977 3793 2032 τὸ

418 2052 634 2144 Christi
694 2068 913 2140 martyr
978 2060 1285 2122 Anastasis
1369 2062 1816 2124 custodiebatur
1896 2063 2048 2144 apud

2139 2061 2392 2141 μακάριον
2446 2062 2598 2127 τέλος
2645 2061 2872 2128 ἐδέξατο.
2933 2066 2997 2120 Ἦ
3057 2062 3240 2139 μέντοι
3294 2085 3355 2140 γε
3396 2070 3489 2119 τοῦ
3554 2071 3792 2141 Χριστοῦ

417 2143 760 2223 praefectum
807 2148 1068 2228 Illyrici;
1128 2152 1227 2230 qui
1283 2170 1417 2212 cum
1478 2151 1553 2212 de
1609 2170 1677 2214 ea
1736 2143 2048 2233 diligenter

2139 2152 2333 2230 μάρτυς
2392 2151 2712 2209 Ἀναστασία
2765 2152 2906 2229 παρὰ
2978 2153 3052 2225 τῷ
3111 2152 3356 2232 ἐπάρχῳ,
3440 2154 3601 2233 φημὶ,
3678 2160 3787 2210 τοῦ

416 2235 748 2313 quaesisset,
782 2246 843 2300 et
874 2257 1003 2300 eam
1064 2240 1277 2302 illustri
1312 2241 1442 2302 loco
1480 2258 1612 2302 esse
1642 2252 1834 2304 natam
1868 2244 2048 2305 intel-

2140 2241 2425 2320 Ἰλλυρικοῦ
2482 2240 2782 2318 τηρουμένη
2825 2242 2889 2307 ἦν
2924 2257 2939 2272 ⁸
3000 2240 3059 2303 ὅς
3104 2242 3169 2296 τὰ
3220 2238 3338 2298 κατ’
3403 2241 3567 2308 αὒτήν
3617 2242 3788 2320 ἆκρι-

412 2321 680 2403 lexisset,
715 2344 1081 2408 magnasque
1112 2348 1243 2392 esse
1298 2331 1432 2410 ejus
1483 2330 1809 2408 facultates,
1867 2343 1925 2395 et
1980 2352 2050 2395 ex

2140 2241 2425 2320 Ἰλλυρικοῦ
2482 2240 2782 2318 τηρουμένη
2825 2242 2889 2307 ἧν
2924 2257 2939 2272 ⁸

2135 2330 2242 2395 ϐὦς
2299 2330 2791 2407 διερευνησάμενος,
2839 2332 2923 2386 καὶ
2985 2331 3165 2404 μαθὼν
3224 2328 3304 2385 ὅτι
3371 2351 3427 2386 τε
3478 2332 3566 2386 καὶ
3611 2332 3789 2397 οἰκίας

412 2412 487 2503 iis
538 2432 672 2478 esse
719 2426 932 2493 ortam,
983 2438 1234 2496 quorum
1297 2439 1528 2497 magna;
1582 2432 1750 2483 erant
1790 2441 1957 2503 opes,
2019 2442 2048 2485 a

2139 2423 2388 2499 τυγχάνει
2451 2419 2698 2497 λαμπρᾶς
2748 2421 2835 2477 καὶ
2895 2421 3073 2482 οὖσίας
3150 2419 3487 2492 πολυτελοῦς,
3556 2422 3644 2476 καὶ
3692 2420 3787 2478 ὅτι

410 2501 578 2564 lucro
608 2515 940 2586 superatus,
974 2516 1031 2568 et
1079 2518 1286 2588 captus
1316 2528 1521 2571 amore
1571 2501 1859 2589 pecuniae,
1911 2531 2046 2573 cum

2139 2518 2239 2566 τῶν
2283 2509 2496 2575 πλούτῳ
2552 2510 2828 2585 βαθυτάτῳ
2882 2509 3174 2583 κομώντων
3217 2509 3355 2565 ἐστὶν
3382 2557 3399 2588 ,
3455 2508 3615 2576 ἧττον
3688 2512 3789 2567 καὶ

411 2608 542 2652 eam
572 2611 841 2657 seorsum
874 2596 948 2658 ad
982 2615 1047 2657 se
1077 2598 1291 2660 adduci
1324 2608 1592 2660 curasset
1619 2622 1630 2657 :
1666 2600 1827 2679 Scio,
1863 2620 1895 2660 o
1926 2620 2048 2660 mu-

2139 2597 2341 2677 κέρδους
2395 2598 2469 2655 ὢν
2498 2601 2586 2655 καὶ
2638 2598 2793 2675 ’έρωτι
2850 2598 3150 2677 χρημάτων
3210 2597 3368 2663 ἁλοὺς
3422 2596 3525 2671 ἰδίᾳ
3577 2600 3784 2666 ταύτην

409 2680 543 2755 lier,
580 2685 794 2764 inquit,
828 2694 885 2745 te
940 2703 1071 2747 esse
1123 2688 1292 2747 valde
1349 2687 1614 2749 divitem.
1649 2688 2044 2750 ChriSIianam

2139 2688 2635 2766 παραστησάμενος,
2684 2684 2817 2744 Οἶδά
2876 2708 2956 2761 σε,
3017 2688 3198 2766 φησὶν,
3244 2688 3290 2742 ὦ
3360 2689 3532 2767 γύναι,
3602 2688 3782 2744 πολυ-

413 2778 610 2831 autem
647 2788 779 2832 esse
812 2780 871 2833 et
898 2782 953 2833 tu
988 2773 1158 2846 dicis,
1195 2782 1253 2836 et
1283 2793 1390 2854 ego
1414 2777 1537 2855 jam
1585 2796 1715 2838 sum
1743 2790 2046 2857 expertus.

2139 2778 2416 2855 χρήματον
2447 2782 2725 2854 γεγογέναι
2759 2795 2776 2814 ο
2838 2777 3126 2857 Χριστιανὴ
3184 2774 3239 2831 δὲ
3286 2789 3427 2833 εῖναι
3481 2777 3540 2832 σύ
3586 2798 3638 2831 τε
3666 2775 3773 2831 λέ-

408 2856 535 2935 Age
583 2876 730 2948 ergo
790 2879 1004 2940 parens
1037 2871 1133 2924 tuo
1186 2884 1430 2945 sponso,
1465 2869 1566 2948 qui
1611 2869 1739 2947 lege
1770 2855 1935 2931 cavet
1986 2878 2048 2931 ut

2139 2888 2243 2944 γεις
2290 2866 2441 2943 κάγὼ
2483 2867 2809 2943 παπείραμαι
2875 2864 3002 2931 ἤδη.
3037 2855 3184 2943 ’Ἄγε
3236 2865 3324 2921 οῦν
3373 2873 3450 2938 τῷ
3481 2866 3558 2939 σῷ
3587 2868 3771 2920 πειθοι-

413 2964 622 3009 omnes
654 2947 949 3027 despicias
999 2950 1251 3027 divitias,
1306 2956 1451 3017 cede
1491 2947 1650 3018 mihi
1699 2958 1967 3037 pecuniis
1992 2967 2048 3022 et

2139 2955 2271 3030 μένη
2304 2957 2505 3035 νυμφίῳ
2535 2962 2611 3028 τῷ
2659 2956 2855 3017 παντὸς
2905 2952 3132 3011 πλούτου
3179 2955 3544 3029 νομοθετοῦντι
3598 2976 3772 3010 κατα-

412 3038 913 3116 possessionibus,
952 3051 1010 3105 et
1039 3044 1315 3106 omnibus
1348 3046 1465 3107 tuis
1511 3046 1905 3111 facultatibus.
1962 3052 2046 3111 'l‘u

2139 3059 2371 3123 φρονεῖν,
2407 3048 2700 3125 χρημάτων
2733 3044 2830 3118 μὲν
2862 3043 2978 3116 ἐμοὶ
3034 3044 3123 3099 καὶ
3167 3043 3460 3118 κτημάτων
3519 3046 3609 3100 καὶ
3661 3042 3778 3100 πά-

411 3131 609 3187 autem
642 3127 769 3189 haec
801 3129 1051 3210 faciens,
1087 3133 1360 3213 utrinque
1417 3135 1769 3208 lucraberis,
1806 3145 1870 3196 ut
1917 3156 2048 3213 quae

2139 3157 2231 3201 σης
2277 3156 2370 3190 σου
2410 3140 2507 3201 τῆς
2537 3133 2833 3212 περιουσίας
2867 3131 3080 3197 smus;
3118 3147 3132 3162 '
3169 3134 3231 3188 σὺ
3273 3130 3517 3188 δὲταῦτα
3549 3136 3782 3190 ποιοῦσα

411 3216 604 3294 legem
637 3218 877 3298 quidem
912 3227 990 3282 sis
1039 3222 1377 3302 impletura,
1412 3234 1470 3285 et
1526 3226 1716 3287 libera
1772 3228 1965 3289 futura
2018 3247 2048 3288 a

2139 3223 2502 3299 ἀμφοτέρωθεν
2553 3221 2861 3298 κερδανεῖς,
2916 3221 3009 3277 τοῦ
3066 3220 3163 3295 μὲν
3207 3223 3481 3299 πληροῦσα
3537 3223 3628 3277 τὸν
3679 3224 3779 3278 νό-

414 3311 603 3367 nostri
662 3316 842 3370 metu.
903 3308 1197 3389 Deinceps
1254 3314 1412 3373 enim
1470 3313 1573 3374 tibi
1608 3314 1812 3377 licebit
1841 3328 1901 3378 et
1947 3334 2048 3377 se-

2139 3333 2259 3391 μον,
2306 3310 2548 3389 ἐλευθέρα
2604 3308 2658 3366 δὲ
2708 3318 2800 3366 τοῦ
2848 3308 2973 3385 παρ’
3003 3311 3156 3385 ἡμῶν
3188 3307 3349 3388 φόϐου
3381 3311 3775 3385 καθισταμένη.

412 3411 556 3485 cure
587 3397 944 3474 sacriﬁcare,
982 3409 1039 3461 et
1095 3400 1284 3463 libere
1317 3404 1516 3465 colere
1550 3404 1759 3476 Deum,
1796 3405 1897 3485 qui
1928 3424 1960 3467 ιι
1994 3415 2048 3467 te

2139 3400 2325 3458 Ἔσται
2370 3400 2469 3478 γάρ
2513 3422 2595 3455 σοι
2653 3401 2714 3455 τὸ
2758 3400 2862 3456 ἀπὸ
2918 3396 3066 3455 τοῦδε
3144 3401 3228 3455 καὶ
3285 3400 3423 3455 θύειν
3478 3398 3645 3462 ἀδεῶς
3680 3402 3777 3458 καὶ

407 3483 712 3549 adorator.

490 3664 741 3729 XXXIV.
772 3668 857 3730 Ad
897 3666 1024 3733 haec
1054 3670 1231 3733 veluti
1278 3690 1410 3752 qum
1437 3673 1696 3735 animum
1736 3694 1783 3738 et
1804 3674 2043 3750 exisset,

408 3768 687 3838 supernae
709 3759 1012 3838 sapientia:
1043 3759 1217 3839 plena
1232 3761 1536 3825 Anastasia
1566 3782 1579 3826 :
1607 3764 1747 3839 Sed,
1783 3785 1816 3827 ο
1835 3764 2045 3846 judei,

409 3850 620 3922 inquit,
648 3850 861 3909 alicubi
888 3852 1104 3911 dictum
1136 3865 1219 3911 est
1242 3856 1299 3911 in
1320 3855 1646 3928 Evangeliis
1669 3874 1697 3915 a
1732 3874 1856 3916 meo
1888 3857 2052 3916 Chri-

410 3943 502 3997 sto
539 3957 553 3998 :
595 3960 622 3991 α
650 3937 858 3999 Vende
881 3938 1083 4000 omnia
1103 3958 1233 4019 quae
1253 3939 1526 4014 habes,et
1559 3942 1632 4004 da
1666 3943 2047 4023 pauperibus,

413 4033 474 4085 et
504 4024 753 4086 habebis
770 4026 856 4087 sic
878 4028 1220 4090 thesaurum
1247 4030 1308 4091 in
1334 4030 1501 4093 caelis
1521 4033 1572 4091 7.
1605 4056 1627 4090 ι
1658 4030 1792 4093 Tibi
1824 4043 2047 4106 autem,

408 4112 514 4193 qui
543 4132 608 4175 es
629 4114 812 4188 dives,
850 4117 979 4195 quis
996 4127 1084 4179 est
1115 4118 1266 4180 adeo
1293 4120 1477 4181 miser
1507 4129 1564 4180 et
1595 4121 1744 4181 adeo
1775 4122 2047 4196 demens,

409 4201 512 4282 qui
543 4220 675 4265 cum
715 4203 858 4265 velit
885 4207 1868 4287 succurrereindigentibus,diviti
1904 4228 2050 4288 prae-

408 4290 544 4352 beat
574 4309 671 4354 res
701 4312 1050 4375 pauperum,
1079 4305 1138 4356 et
1158 4314 1256 4357 res
1277 4299 1663 4359 esurientium
1687 4298 1740 4359 ei
1764 4299 1864 4379 qui
1887 4299 2050 4373 degit

409 4380 472 4442 in
494 4381 725 4444 deliciis
748 4383 773 4443 ?
794 4384 961 4456 Quod
982 4385 1032 4445 si
1056 4394 1110 4446 te
1133 4385 1336 4446 videro
1358 4387 1814 4467 esurientem,et
1833 4388 2048 4449 sitien-

2133 3487 2403 3567 λατρεύειν
2464 3486 2762 3566 ἐλευθερίως
2845 3494 2922 3561 τῷ
2988 3488 3088 3543 ὑπὸ
3159 3496 3253 3546 σοῦ
3327 3488 3780 3565 προσκυνουμένῳ

2131 3585 2270 3642 Θεῶ.

2212 3668 2349 3728 ΛΔ¹.
2413 3669 2549 3745 Πρὸς
2608 3673 2770 3724 ταῦτα
2824 3665 3007 3740 ὥσπερ
3051 3663 3373 3722 διαναστᾶσα
3416 3665 3516 3733 τὴν
3547 3666 3776 3742 γνώμην

2130 3760 2163 3825 ἡ
2227 3759 2320 3826 τῆς
2384 3756 2580 3813 ἄνωθεν
2637 3757 2819 3834 σοφίας
2876 3752 3087 3832 πλήρης
3139 3753 3486 3829 Ἀναστασία,
3519 3752 3668 3812 Ἀλλ’
3698 3762 3775 3836 ὦ,

2135 3847 2296 3926 φησί,
2329 3846 2574 3921 δικαστὰ,
2607 3844 2817 3922 εἴρηται
2862 3866 2961 3901 που
3020 3841 3075 3898 ἐν
3115 3857 3233 3906 τοῖς
3296 3844 3637 3921 Εὖαγγελίοις
3692 3848 3777 3918 τῷ

2134 3936 2248 4011 ἐμῷ
2294 3940 2503 4014 Χριστῷ
2537 3952 2549 3966 ·
2593 3956 2615 3989 α
2654 3933 2913 3999 Ιιώλησόν
2955 3955 3049 3990 σου
3108 3934 3172 3991 τὰ
3200 3933 3533 4013 ὑπάρχοντα,
3565 3935 3652 3990 καὶ
3682 3932 3777 3999 δὸς

2135 4026 2411 4104 πτωχοῖς,
2467 4028 2551 4082 καὶ
2594 4023 2853 4100 θησαυρὸν
2909 4021 3073 4087 οὕτως
3131 4022 3264 4088 ἕξεις
3323 4022 3377 4110 ἐν
3433 4025 3699 4101 οὖρανοτς.
3737 4048 3768 4078 ι

2134 4118 2225 4172 Σοὶ
2255 4115 2309 4171 δὲ
2340 4115 2575 4187 πλουσίῳ
2603 4113 2714 4169 ὄντι
2743 4114 2818 4172 τίς
2851 4111 3017 4175 οὕτως
3047 4110 3226 4175 ἄθλιος
3275 4113 3362 4169 καὶ
3419 4119 3620 4191 φρενῶν
3672 4115 3769 4168 ἱν-

2131 4202 2254 4271 δεὴς
2299 4205 2357 4269 ὃς
2386 4203 2655 4276 δεομένοις
2688 4202 2940 4276 ἐπαρκεῖν
2996 4199 3316 4277 βουλόμενος
3344 4209 3422 4276 τῷ
3453 4200 3766 4259 πλουτοῦντι

2128 4295 2194 4349 τὰ
2236 4300 2340 4349 τῶν
2371 4293 2581 4371 ἀπόρων
2628 4292 2713 4348 καὶ
2737 4292 2803 4346 τὰ
2829 4289 2936 4346 τῶν
2966 4288 3108 4364 λιμῷ
3164 4290 3477 4365 τηκομένων
3504 4297 3580 4364 τῷ
3633 4312 3764 4369 τρι-

2130 4389 2296 4461 φῶντι
2326 4383 2597 4461 παράσχοι
2630 4401 2647 4456 ;
2682 4378 2806 4437 Ἐὰν
2836 4377 2887 4434 δὲ
2940 4382 3207 4435 πεινῶντα
3263 4401 3322 4436 σε
3366 4381 3453 4436 καὶ
3503 4378 3761 4454 διψῶντα,

410 4478 552 4544 tem,
582 4481 643 4531 et
672 4471 922 4541 nudum,
976 4481 1037 4535 et
1090 4482 1500 4551 aegrotantem,
1533 4485 1592 4537 et
1623 4477 1954 4556 conjectum
1988 4477 2048 4538 in

2139 4471 2257 4527 εἶτα
2313 4471 2408 4528 καί
2467 4470 2862 4549 γυμνητεύοντα
2940 4468 3027 4524 καὶ
3085 4470 3336 4524 νοσοῦντα
3397 4470 3486 4526 καὶ
3555 4467 3766 4548 φυλακῇ

407 4575 732 4637 carcerem,
776 4570 917 4622 tunc
946 4562 1378 4625 convenienter
1435 4563 1485 4626 ei
1516 4565 1675 4644 quod
1707 4565 1853 4627 dicit
1882 4583 2049 4627 meus

408 4646 702 4724 Christus,
739 4657 794 4709 te
820 4657 881 4711 et
912 4650 1196 4724 nutriam,
1223 4661 1280 4713 et
1311 4652 1546 4733 potabo,
1582 4662 1641 4715 et
1682 4654 1952 4729 visitabo,
1987 4667 2050 4716 et.

407 4736 706 4818 colligam,
737 4746 797 4800 et
842 4739 1240 4819 suppeditabo
1289 4761 1420 4823 quae
1481 4759 1653 4805 erunt
1688 4743 2045 4807 necessaria.

402 4826 523 4889 Sed
553 4826 717 4889 enim
750 4830 1079 4890 secundum
1130 4850 1369 4893 carnem
1404 4841 1466 4894 et
1498 4833 1782 4895 mundum
1816 4842 1876 4894 tu
1910 4834 2048 4913 qui-

405 4916 542 4978 dem
567 4935 634 4979 es
655 4917 826 4980 valde
845 4919 1013 4981 dives
1039 4938 1056 4993 ;
1091 4938 1162 4981 ea
1190 4939 1611 5003 vero,quorum
1647 4943 1711 4986 es
1733 4941 1959 5004 pauper
1986 4930 2048 4985 et

403 5007 576 5071 valde
601 5006 863 5089 inops,et
891 5028 1023 5089 quae
1057 5020 1294 5090 oportet
1322 5022 1547 5093 petere,
1579 5034 1683 5075 cur
1713 5032 1830 5075 non
1867 5012 2046 5091 petis?

403 5093 674 5176 Rogante
703 5105 898 5158 autem
963 5101 1282 5179 przefectoz
1340 5101 1623 5174 Quaenam
1675 5121 1745 5164 ea
1793 5111 1951 5174 sunt,
1987 5108 2047 5162 et

406 5202 661 5264 quanam
689 5203 797 5264 ego
823 5185 1032 5249 laboro
1053 5189 1307 5268 inopia?
1329 5190 1801 5272 Maximaﬁnquit
1823 5190 1947 5266 illa,
1982 5190 2043 5251 in

402 5275 586 5337 rebus
616 5275 912 5351 maximis,
965 5297 1180 5359 nempe
1210 5280 1271 5341 in
1305 5281 1444 5363 fide,
1502 5291 1559 5345 et
1588 5283 1951 5363 cognitione,
1984 5293 2045 5343 et

404 5363 676 5425 veritate.

483 5450 704 5517 XXXV.
742 5451 1059 5517 Praafectus
1080 5475 1217 5519 vero
1240 5466 1503 5538 captans,
1531 5469 1597 5522 ut
1624 5461 1877 5537 videtur,
1908 5461 2039 5539 glo~

483 5634 517 5687 6
542 5634 654 5701 Isa.
691 5649 821 5718 vm,
851 5640 948 5705 18.
1034 5640 1064 5694 7
1093 5643 1301 5709 Matth.
1336 5661 1457 5725 xxx,
1488 5645 1590 5713 21.

2130 4560 2506 4636 καθειργμένον
2557 4557 2847 4634 θεάσωμαι,
2905 4555 3024 4611 τότε
3079 4558 3217 4612 κατὰ
3259 4568 3350 4612 τὸν
3398 4563 3492 4613 τοῦ
3542 4564 3767 4634 Χριστοῦ

2131 4671 2234 4722 μου
2279 4647 2438 4725 λόγον
2496 4648 2585 4704 καὶ
2630 4646 2835 4725 θρέψω,
2878 4644 2965 4700 καὶ
3017 4651 3206 4725 ποτιῶ,
3268 4647 3354 4701 καὶ
3411 4645 3620 4722 θάλψω,
3680 4646 3769 4701 καὶ

2132 4736 2514 4813 ἐπισκέψομαι⁸
2560 4737 2649 4791 καὶ
2705 4734 2987 4810 συναγάγω
3048 4730 3229 4814 πάλιν,
3290 4736 3379 4790 καὶ
3434 4748 3551 4796 τοῖς
3597 4735 3765 4812 ἀναγ-

2132 4828 2298 4891 καίοις
2359 4824 2802 4906 φιλοτιμήσομαι,
2862 4820 3028 4879 Ἀλλὰ
3106 4823 3206 4899 γὰρ
3263 4824 3398 4880 κατὰ
3455 4824 3623 4901 σάρκα
3681 4824 3769 4880 καὶ

2127 4919 2329 4991 κόσμον
2387 4916 2449 4971 σὺ
2506 4916 2594 4970 καὶ
2638 4912 2753 4969 λίαν
2795 4910 3047 4977 πλουτεῖς
3082 4927 3096 4941 ·
3159 4911 3232 4968 ὧν
3292 4911 3347 4968 δὲ
3379 4912 3546 4979 πένης
3577 4916 3632 4969 εἴ
3683 4912 3769 4969 καὶ

2130 5005 2322 5081 κομιδῇ
2383 5004 2601 5081 ἄπορος,
2641 5003 2728 5057 καὶ
2759 5000 2793 5057 ἃ
2848 4998 2965 5056 δέον
3021 5003 3215 5074 αἰτεῖν,
3277 5007 3390 5065 πῶς
3424 5002 3518 5058 οῦκ
3551 5004 3711 5064 αἰτεῖς
3746 5017 3763 5075 ;

2128 5103 2228 5154 Τοῦ
2286 5093 2526 5173 ἐπάρχου
2581 5089 2636 5147 δὲ
2692 5089 3085 5163 πυνθανομένου
3117 5106 3131 5121 ⁸
3197 5090 3296 5147 Καὶ
3351 5090 3464 5146 τίνα
3528 5089 3589 5146 ἂν
3674 5089 3765 5157 εἴη

2126 5193 2314 5265 ταῦτα,
2359 5185 2446 5241 καὶ
2477 5184 2629 5239 ποίαν
2673 5178 2735 5236 ἂν
2766 5178 2875 5255 ἐγὼ
2904 5179 3085 5235 πενίαν
3116 5179 3373 5253 πενθίμην
3408 5198 3424 5254 ;
3483 5183 3591 5247 Τὴν
3647 5181 3766 5257 περὶ

2124 5276 2190 5333 τὰ
2220 5276 2468 5352 μέγιστα,
2500 5271 2601 5352 ἔφη
2643 5270 2845 5344 εκείνη,
2884 5269 2983 5335 τὴν
3031 5269 3229 5348 πίστιν,
3267 5268 3359 5325 καὶ
3391 5271 3487 5336 τὴν
3545 5276 3767 5348 γνῶσιν,

2124 5369 2212 5424 καὶ
2244 5365 2341 5432 τὴν
2369 5362 2654 5431 ἀλήθειαν.

2208 5453 2344 5517 AE'.
2394 5454 2491 5511 Καὶ
2540 5454 2568 5510 ὁ
2624 5449 2862 5535 ἔπαρχος
2921 5445 3162 5528 ὀξυτέρας
3234 5447 3418 5528 φρενὸς
3470 5449 3532 5506 τὸ
3589 5445 3771 5508 δοκεῖν
