4056 6142
281 336 399 406 605

1121 340 1590 405 MARTYRIUM
1635 336 1699 401 S.
1745 335 2192 403 ANASTASIAQ
2251 339 2350 402 ET
2394 338 2798 402 SOCIARUM.

3525 334 3646 409 606

282 474 432 543 δόξαν
488 473 816 555 θηρώμενος,
891 476 982 533 τὸν
1054 474 1212 553 λόγον
1283 475 1547 556 ἁρπάσας,
1606 474 1783 539 Ἀλλὰ
1837 474 1921 549 σὺ,

2008 471 2156 535 riam
2188 473 2473 536 acutioris
2501 472 3056 555 ingenii,arripiens
3087 470 3145 534 id
3178 470 3335 555 quod
3365 471 3594 535 dixerat
3625 489 3640 535 :

282 565 489 646 ἐπειδὴ,
550 564 673 645 ἔφη,
709 565 807 634 τὴν
865 567 1063 645 πίστιν,
1110 569 1183 630 ὡς
1240 564 1441 647 λέγεις,
1472 564 1747 645 πλουτεῖς,
1802 578 1922 627 τοῖς

282 655 455 734 ὄρεσιν
527 655 641 712 εἰπὲ
712 654 882 734 λόγῳ.
946 654 1238 735 Μετάϐηθι,
1308 658 1396 713 καὶ
1452 657 1496 711 εἰ
1564 654 1922 729 μεταϐήσεται

279 745 414 803 κατά
473 766 535 822 γε
595 746 659 802 τὰ
717 742 1090 822 ἐπηγγελμέναι
1140 767 1222 801 σοι
1280 745 1422 824 παρὰ
1477 752 1570 801 τοῦ
1611 742 1924 804 διδασκάλου

281 841 371 891 τοῦ
425 840 541 907 σοῦ,
587 835 675 890 καὶ
744 833 1089 908 πιστούομεν.
1151 825 1212 891 Ἠ
1273 833 1327 890 δὲ
1413 831 1749 911 (πεπαίδευτο
1822 834 1921 912 γὰρ

278 921 522 1001 ἱκανῶς),
555 924 662 982 Καῖ
701 929 863 979 ταῦτα
893 924 1012 1003 μὲν,
1047 922 1252 1004 ἔλεγεν,
1283 926 1318 992 ἡ
1369 924 1545 988 πίστις
1580 923 1609 989 ἡ
1663 922 1917 1001 ἡμετέρα,

277 1011 470 1091 θάρῤει,
519 1013 612 1068 καῖ
664 1012 728 1068 τὰ
772 1011 955 1086 πολλῷ
1000 1013 1193 1069 τούτων
1226 1015 1270 1069 εἰ
1314 1013 1487 1091 λέγεις
1533 1015 1770 1087 μείζονα,
1825 1013 1921 1073 Καὶ

281 1108 594 1178 μαρτυροῦσι
648 1106 848 1168 Μωσῆς
902 1101 1001 1177 μὲν
1031 1104 1124 1159 οὒκ
1170 1106 1226 1158 ἒν
1266 1108 1336 1180 γῇ
1382 1105 1543 1179 μόνον
1585 1105 1919 1179 θαυματουρ-

279 1192 408 1268 γῶν,
470 1188 609 1246 ἁλλὰ
663 1191 750 1246 καὶ
806 1188 1069 1268 θάλασσρν
1123 1188 1359 1269 διαιρῶν,
1418 1194 1505 1248 καὶ
1575 1192 1718 1254 αὖθις
1787 1212 1916 1248 συν-

280 1280 460 1337 ἁπτων
549 1280 639 1335 τὸν
710 1277 764 1334 δέ
833 1279 962 1357 ὑπέρ
1018 1282 1160 1356 ἡμᾶς
1231 1281 1383 1350 ἣλιον
1444 1280 1647 1349 Ἰησοῦς
1729 1282 1912 1354 ἱστῶν,

280 1368 374 1425 καὶ
415 1369 603 1435 Ἠλίας
659 1368 815 1425 αὐτὸν
862 1368 986 1427 ὅλον
1042 1371 1233 1427 κλείων
1274 1372 1366 1427 τὸν
1417 1370 1654 1444 οὐρανὸν,
1686 1369 1780 1426 ἵνα
1838 1370 1916 1445 μὴ

282 1459 399 1522 τοὺς
443 1459 538 1517 τοῖ’)
581 1465 806 1536 Πριστοῦ
849 1482 951 1534 μου
994 1463 1229 1534 μαθητας
1273 1459 1439 1538 λέγω,
1485 1463 1560 1515 ὧν
1602 1461 1688 1516 καὶ
1733 1459 1917 1534 ἱμάτια

283 1549 365 1604 καὶ
396 1550 539 1604 σκιαὶ
595 1549 752 1622 μόναι
783 1549 996 1624 νεκροὺς
1038 1549 1283 1623 ἆνίστων,
1318 1550 1405 1605 καὶ
1461 1550 1576 1611 τοὺς
1613 1546 1737 1626 παρ’
1792 1549 1922 1623 ὑμῖν

282 1638 432 1701 θεοὺς
488 1638 605 1702 τοὺς
638 1636 885 1712 δαίμονας
944 1637 1193 1710 ἤλαυνον,
1227 1639 1313 1695 καὶ
1368 1637 1464 1695 ὅσα
1519 1637 1638 1695 καθ’
1693 1638 1922 1704 ἑκάστην

282 1725 398 1783 κατ’
444 1728 566 1803 ὂψιν
600 1728 748 1802 ὑμῶν
798 1725 881 1782 διὰ
925 1734 1028 1783 τῶν
1058 1728 1481 1805 ὒπεραθλούντων
1513 1734 1605 1785 τοῦ
1664 1728 1920 1803 ὀνόματος

2007 560 2081 624 At
2109 570 2168 625 tu
2199 563 2502 644 quoniam,
2538 564 2756 644 inquit,
2791 581 2855 623 es
2884 562 3035 625 ﬁdes
3065 562 3252 638 dives,
3286 559 3403 638 dic,
3429 559 3642 641 inquit,

2006 652 2182 714 verbo
2209 653 2393 715 monti
2428 671 2442 715 :
2474 653 2933 726 Transmovere,
2960 661 3015 714 et
3039 653 3090 714 si
3116 649 3644 731 transmotebitur,

2007 745 2431 806 convenienter
2454 743 2689 827 iisquae
2721 753 2852 805 tuus
2874 742 2982 804 tibi
3007 741 3567 827 promisitMagister
3588 741 3641 815 8,

2006 832 2458 895 credemus.llla
2486 842 2681 894 autem
2718 833 2869 914 (erat
2897 832 3055 895 enim
3089 833 3233 895 satis
3258 831 3544 904 erudita):
3575 829 3648 892 Et

2005 920 2130 983 haec
2161 922 2424 1002 quidem,
2460 922 2674 1000 inquit,
2711 923 2889 985 audet
2915 930 3114 985 nostra
3144 922 3292 984 ﬁdes
3322 929 3380 984 et
3409 940 3477 984 ea
3507 937 3644 1003 quae

2003 1020 2139 1072 sunt
2161 1011 2254 1073 his
2277 1012 2448 1091 longe
2477 1012 2866 1092 majoraFert
2890 1031 3027 1074 vero
3045 1011 3189 1074 mihi
3210 1010 3642 1086 testimonium,

2004 1099 2194 1163 Moses
2224 1101 2489 1182 quidem,
2526 1121 2643 1163 non
2674 1103 2733 1163 in
2765 1110 2923 1163 terra
2957 1103 3148 1164 solum
3181 1101 3409 1163 faciens
3457 1103 3642 1162 mira-

1999 1191 2154 1264 cula,
2188 1190 2292 1252 sed
2322 1195 2499 1253 etiam
2534 1210 2698 1253 mare
2729 1191 3026 1268 dividens,
3069 1199 3127 1255 et
3147 1209 3353 1252 rursus
3381 1192 3639 1271 conjun-

2000 1298 2146 1359 gens
2167 1280 2237 1363 9;
2268 1280 2448 1343 Josue
2476 1290 2672 1344 autem
2706 1280 2923 1343 sistens
2954 1284 3167 1356 solem,
3210 1280 3310 1362 qui
3342 1291 3432 1341 est
3462 1298 3643 1360 supra

2001 1389 2109 1432 nos
2132 1370 2230 1446 *0;
2263 1369 2331 1432 Et
2352 1369 2511 1431 Elias
2542 1370 2734 1451 ipsum
2766 1376 2950 1431 totum
2985 1370 3198 1432 cmlum
3232 1369 3517 1432 claudens
3544 1369 3591 1412 “
3621 1392 3636 1449 ;

2005 1478 2079 1521 ne
2110 1461 2302 1522 dicam
2339 1459 2553 1522 Christi
2587 1462 2698 1521 mei
2746 1458 3095 1541 discipulos,
3130 1477 3380 1540 quorum
3415 1458 3502 1519 vel
3536 1475 3639 1520 ve-

2001 1558 2120 1611 stes
2142 1560 2201 1611 et
2234 1548 2459 1611 umbrae
2490 1549 2628 1610 solae
2670 1557 2934 1610 mortuos
2964 1548 3329 1611 suscitabant
3363 1547 3420 1598 12
3450 1554 3508 1609 et
3536 1548 3641 1625 qui

2005 1649 2141 1701 sunt
2169 1639 2324 1719 apud
2360 1657 2466 1700 vos
2496 1639 2604 1713 dii,
2637 1642 2941 1701 daemones
2967 1639 3341 1719 expellebant
3375 1658 3389 1698 :
3424 1644 3483 1699 et
3512 1656 3640 1718 quae

2001 1729 2268 1810 quotidie
2286 1727 2453 1791 vobis
2472 1728 2809 1791 videntibus
2843 1729 2991 1790 ﬁunt
3021 1747 3128 1810 per
3157 1748 3259 1792 eos
3289 1727 3391 1809 qui
3422 1727 3640 1789 decer-

280 1814 486 1885 δηλαόἠ
522 1823 615 1873 τοῦ
663 1823 887 1896 χριστοῦ
915 1817 1136 1894 γίνεται’
1199 1819 1242 1873 εἰ
1296 1818 1382 1875 καὶ
1440 1816 1603 1893 μηδέν
1632 1819 1761 1893 ὑμῖν
1816 1823 1921 1874 τῶν

2007 1828 2127 1882 tant
2160 1839 2265 1901 pro
2298 1820 2541 1881 nomine
2562 1818 2800 1899 Christi,
2835 1818 3071 1882 etiamsi
3104 1818 3248 1880 nihil
3283 1835 3487 1880 eorum
3512 1834 3642 1899 qua;

278 1907 569 1985 γινομένων
626 1908 699 1969 εἰς
756 1906 987 1979 σύνεσιν,
1021 1905 1140 1962 ἀλλ’
1192 1906 1627 1971 ἐθελοκακοῦντες
1672 1906 1917 1987 τυφλώτ-

275 2017 417 2056 τετε.
476 1994 624 2063 Πλὴν
683 1997 785 2074 οὔχ
834 1993 961 2051 ὅταν
1010 1997 1136 2070 δμῒν
1194 1994 1345 2072 δοκῇ,
1379 1997 1498 2052 τότε
1551 1995 1615 2063 δὴ
1670 1998 1763 2054 καί
1823 1996 1919 2065 τὴν

273 2086 413 2144 θείαν
472 2092 812 2163 Χριστιανοϊς
888 2083 1205 2151 ἐπικλητὲον
1272 2085 1488 2161 δύναμιν
1541 2100 1655 2147 τοῖς
1727 2106 1917 2163 πειρα-

276 2187 431 2239 σταϊς
503 2173 985 2252 συναπαγομένοις.
1062 2174 1360 2253 Γέγραπται
1420 2177 1518 2254 γὰρ
1591 2178 1727 2246 ὑμᾶς
1798 2178 1917 2239 τοὺς

274 2265 531 2326 ἀπίστους
592 2265 679 2326 οὒς
743 2263 837 2339 μὲν
894 2276 1124 2339 σημεῖα,
1158 2266 1242 2330 οὒς
1298 2263 1352 2321 δὲ
1407 2267 1493 2322 καὶ
1537 2268 1722 2347 σοφίαν
1766 2266 1920 2337 ἐπιζη

272 2366 417 2426 τεῒν,
476 2354 622 2427 ἡμᾶς
685 2351 739 2408 δὲ
811 2353 1087 2431 κηρύττειν
1159 2354 1345 2432 Κύριον
1397 2354 1605 2423 Ἰησοῦν
1670 2357 1920 2434 Χριστὸν,

275 2444 367 2499 καὶ
425 2445 612 2499 τοῦτον
679 2442 1100 2520 ἐσταυρωμένον.
1193 2445 1288 2501 Καὶ
1357 2447 1385 2501 6
1441 2443 1679 2525 ἔπαρχος
1737 2445 1918 2502 αὒτίκα

279 2538 372 2593 τὸν
440 2534 598 2613 λόγον
639 2533 941 2605 ὑπολαϐὼν,
992 2536 1155 2593 Τοῦτό
1212 2558 1303 2616 με,
1353 2539 1503 2618 φησί,
1538 2540 1598 2596 τὸ
1646 2537 1915 2616 ἐσταδρῶ-

278 2628 394 2683 σθαι
435 2626 703 2703 ταράττει,
734 2631 847 2688 πῶς
899 2627 927 2682 6
972 2627 1201 2703 Χριστός
1228 2649 1318 2683 σου
1375 2629 1528 2703 Θεὸς,
1562 2630 1633 2690 ὡς
1682 2630 1810 2708 φης,
1842 2629 1916 2684 ὢν

274 2717 498 2796 σταυρὸν
557 2714 778 2793 δπέστη,
810 2719 943 2793 πρὸς
1002 2716 1078 2772 ἔτι
1122 2714 1177 2772 δὲ
1219 2716 1313 2773 καί
1372 2719 1467 2786 τὴν
1494 2716 1721 2796 πλευρὰν
1765 2718 1916 2775 ἐκεν-

272 2808 436 2876 τήθη·
491 2804 654 2878 ὅσπερ
678 2805 775 2881 ἄρα
818 2807 940 2872 Ζεὺς
1000 2809 1027 2863 6
1085 2808 1190 2863 τῶν
1245 2808 1518 2882 ἡμετέρων
1561 2811 1693 2864 θεῶν
1756 2809 1917 2886 μέγι-

274 2897 397 2961 στός
455 2917 515 2952 τε
548 2894 641 2952 καῖ
700 2895 897 2961 ὕπατος
955 2896 1049 2953 οὒκ
1093 2895 1241 2977 ἔχεις
1293 2897 1464 2953 εἰπεῖν
1494 2895 1575 2952 ὅτι
1631 2896 1913 2960 πέπονθεν,

278 2992 398 3049 Πῶς
445 2984 534 3042 οὖν
571 2986 650 3059 μὴ
704 3007 886 3061 τορτον
944 2999 1259 3065 προσκυνεῖς
1314 2985 1516 3061 μᾶλλον
1572 2988 1659 3043 τὸν
1723 2987 1914 3045 ἐσταυ-

2002 1910 2170 1990 ﬁunt,
2204 1910 2470 1971 conferat
2501 1908 2670 1971 vobis
2701 1909 2771 1970 ad
2808 1907 3395 1988 intelligentiam,sed
3429 1915 3642 1988 sponte

2001 2007 2246 2081 propter
2276 2008 2529 2062 vestram
2564 1999 2855 2061 caecutitis
2885 1996 3318 2061 malitiam.Sed
3349 2016 3470 2059 non
3505 2015 3637 2058 cum

2000 2089 2168 2150 vobis
2198 2089 2386 2151 visum
2442 2089 2641 2162 fuerit,
2681 2098 2768 2150 est
2813 2089 3010 2150 divina
3039 2089 3224 2149 virtus
3253 2085 3581 2149 invocanda
3610 2104 3644 2148 ιι

2003 2177 2766 2259 Christianis,assentiendo
2800 2176 3520 2257 teutatoribus.Scriptum
3554 2182 3644 2237 est

2002 2269 2187 2344 enim,
2223 2288 2324 2330 vos
2356 2269 2630 2330 inﬁdeles
2663 2268 2869 2348 partim
2927 2266 3167 2347 quidem
3200 2266 3392 2345 signa,
3428 2266 3639 2346 partim

2003 2368 2201 2422 autem
2226 2376 2492 2441 quaerere
2515 2356 2888 2438 sapientiam:
2920 2375 3026 2417 nos
3042 2374 3179 2418 vero
3196 2355 3520 2436 praedicare
3533 2354 3639 2414 Do-

2005 2450 2230 2511 minum
2261 2447 2462 2512 Jesum
2487 2448 3074 2527 Christum,eumque
3106 2443 3638 2508 cruciﬁxumPrm-

1998 2541 2187 2602 fectus
2206 2547 2428 2600 autem:
2451 2536 2920 2618 Hoc,inquit,me
2942 2534 3440 2614 conturbat,quod
3464 2533 3641 2594 fuerit

1999 2626 2655 2700 cruciﬁxus.Qumnodo
2680 2625 2953 2688 Christus
2987 2634 3145 2701 tuus,
3182 2623 3283 2704 qui
3317 2632 3426 2697 est,
3454 2622 3635 2683 utdi-

2001 2719 2109 2792 cis,
2143 2717 2326 2790 Deus,
2360 2734 2597 2778 crucem
2632 2714 2838 2790 subiit,
2866 2722 3228 2795 etpraaterea
3247 2712 3355 2774 fuit
3389 2718 3640 2792 punctus

2001 2809 2060 2870 in
2083 2806 2312 2869 latere?
2335 2805 2501 2878 Quod
2529 2802 2769 2881 quidem
2792 2802 3130 2884 Jovem,qui
3154 2810 3241 2863 est
3262 2803 3507 2863 deorum
3534 2818 3642 2861 no-

2000 2903 2258 2958 strorum
2296 2895 2585 2956 maximus
2634 2903 2692 2956 et
2749 2911 3043 2973 summus,
3077 2909 3320 2973 passum
3353 2908 3486 2952 esse
3518 2908 3636 2951 non

2000 2996 2168 3070 potes
2200 2986 2424 3048 dicere.
2455 2983 2765 3056 Quomodo
2789 3002 2928 3063 ergo
2952 3002 3070 3043 non
3093 3000 3227 3043 eum
3263 2981 3462 3063 potius
3485 2980 3636 3070 ado-

278 3074 514 3151 ρωμένον
544 3072 847 3140 διωσαμένη
885 3089 901 3148 ;
952 3077 1049 3133 Καὶ
1077 3077 1111 3143 ἡ
1147 3075 1367 3151 μάρτυς.
1436 3084 1526 3133 Οτι
1560 3076 1688 3152 πρὸς
1719 3076 1739 3097 ’⁵
1794 3078 1914 3157 μὲν,

2001 3068 2120 3154 ras,
2151 3076 2390 3157 repulso
2414 3071 2745 3136 cruciﬁxo?
2785 3073 2997 3154 Μαι-ψ·
3043 3080 3240 3133 autem
3269 3089 3282 3131 :
3318 3068 3636 3145 Quoniam,

275 3163 427 3235 εἶπε,
487 3165 579 3222 καὶ
645 3164 865 3227 θάνατος
927 3165 1186 3244 καύχημα
1242 3168 1333 3221 καὶ
1397 3165 1609 3242 Χριστῶ
1647 3166 1733 3221 καὶ
1793 3172 1916 3222 πᾶσι

2000 3167 2212 3248 inquit,
2249 3185 2390 3228 crux
2423 3174 2480 3227 et
2508 3183 2666 3225 mors
2692 3174 2780 3226 est
2824 3163 3064 3227 Christo
3086 3160 3381 3242 gloriatio,
3418 3169 3474 3222 et
3505 3177 3639 3221 om-

276 3261 643 3332 Χριστιανοϊς,
671 3253 949 3310 ἀθανασίαν
991 3251 1074 3308 διὰ
1129 3254 1328 3310 τούτων
1378 3252 1469 3310 καῖ
1516 3251 1668 3318 δόξαν
1694 3260 1770 3328 τῷ
1823 3255 1918 3327 μὲν

2002 3260 2172 3317 nibus
2203 3259 2536 3318 Christianis
2568 3275 2585 3314 :
2617 3272 2745 3314 cum
2780 3257 2877 3313 ille
2898 3256 3128 3328 quidem
3156 3253 3639 3312 immortalitatem

272 3341 434 3419 δόντι,
482 3354 604 3404 τοῖς
662 3339 715 3397 δὲ
760 3340 1000 3399 λαϐοῦσι·
1047 3343 1113 3399 τὰ
1167 3340 1222 3398 δὲ
1266 3349 1357 3398 τοῦ
1403 3349 1494 3398 σοῦ
1544 3344 1663 3406 Γιὸς
1710 3342 1913 3423 ἔργα...

271 3430 408 3488 ἆλλᾶ
461 3428 629 3506 μηδὲν
660 3430 768 3508 ἐγὼ
798 3431 917 3506 περὶ
959 3429 1179 3492 τούτων,
1215 3432 1287 3486 Σὺ
1339 3430 1435 3505 μὲν
1468 3433 1555 3487 οὗν
1584 3433 1675 3488 τὸν
1718 3432 1916 3490 ὕπατον

274 3521 370 3576 Δία
425 3521 518 3577 τὸν
549 3520 664 3591 σὸν,
700 3520 743 3574 εἰ
803 3517 1004 3599 βούλει,
1042 3518 1219 3595 ὥσπερ
1248 3517 1313 3586 δὴ
1358 3520 1446 3576 καὶ
1486 3519 1689 3597 βούλει,
1721 3529 1909 3600 μιμοῦ,

268 3608 407 3685 κάμὲ
448 3605 503 3663 δὲ
531 3608 623 3665 τὸν
650 3607 781 3683 ἒμὸν
813 3607 874 3665 ἔα
903 3611 1181 3685 μιμεῖσθαι
1213 3608 1364 3671 θεόν,

350 3785 481 3860 Ag’
496 3834 509 3847 .
556 3786 767 3845 Τούτων
799 3784 934 3843 οὕτω
990 3783 1288 3865 λεχθέντων
1339 3788 1570 3855 ἀνῆπται
1602 3786 1795 3868 σφόδρα
1837 3790 1914 3863 τῷ

272 3876 498 3956 ἄρχοντι
544 3877 571 3931 6
619 3875 805 3955 θυμὸς,
851 3879 946 3931 καὶ
997 3873 1198 3931 κελεύει
1241 3877 1437 3944 ταύτην
1495 3876 1546 3934 ἐν
1602 3879 1780 3955 εἱρκτῇ
1822 3879 1918 3951 μὲν

268 3964 646 4045 ἆσρεγγεστάτῃ
706 3963 1175 4037 κατακλεισθῆναι,
1249 3966 1422 4023 πάντα
1504 3963 1559 4021 δὲ
1629 3966 1715 4023 ὕπ’
1796 3968 1919 4043 ὄψιν

271 4055 408 4132 αὖτῇ
481 4057 798 4132 προτεθῆναι
858 4054 925 4110 τὰ
980 4059 1084 4109 τῶν
1147 4055 1389 4131 βασάνων
1462 4055 1678 4135 ὄργανα,
1738 4055 1818 4112 ἵν’
1882 4057 1917 4126 ἣ

268 4145 402 4222 πρὸς
463 4141 627 4221 φόϐον
654 4141 855 4200 ἰδοῦσον
913 4147 1219 4221 καθυφεῖναι
1273 4144 1430 4222 πείσῃ
1485 4152 1577 4203 τοῦ
1623 4147 1777 4203 τόνου
1832 4142 1919 4203 καὶ

264 4239 364 4299 τῆς
428 4231 815 4306 ἒιστάσεως,ἢ
867 4233 1243 4312 φροντίζουσαν
1301 4235 1555 4314 εὓψοχίας
1615 4237 1687 4300 εἷς
1745 4234 1917 4292 πολυ-

263 4322 464 4396 ῴδυνον
538 4321 684 4377 ἀνίαν
728 4318 938 4397 ἐμϐάλῃ
1008 4326 1075 4397 τῇ
1146 4322 1335 4398 μνήμῃ
1390 4329 1495 4379 τῶν
1554 4323 1909 4402 ἅλγυνόντων.

2003 3353 2060 3407 et
2088 3342 2332 3424 gloriam
2398 3361 2504 3425 per
2552 3344 2677 3404 haec
2709 3340 2965 3414 dederit,
3012 3342 3073 3403 hi
3105 3358 3242 3403 vero
3270 3338 3635 3417 acceperint.

2000 3439 2106 3497 Tui
2136 3451 2272 3496 vero
2307 3439 2460 3496 Jovis
2492 3450 2663 3507 opera
2694 3452 2707 3490 :
2734 3437 2835 3493 sed
2866 3451 2970 3507 ego
3003 3435 3147 3491 nihil
3181 3435 3250 3491 de
3279 3434 3479 3491 his.Tu
3500 3447 3637 3505 ergo

1995 3540 2293 3585 summum
2318 3523 2563 3601 quidem
2589 3523 2755 3583 illum
2801 3532 2965 3583 tuum
3010 3523 3238 3600 Jovem,
3270 3519 3319 3582 si
3343 3518 3452 3589 vis,
3486 3518 3639 3579 sicut

1995 3630 2204 3676 revera
2233 3613 2341 3689 vis,
2376 3611 2648 3689 imitare;
2683 3629 2777 3672 me
2807 3618 3004 3673 autem
3061 3609 3191 3669 sine
3220 3624 3417 3668 meum
3450 3605 3636 3667 Deum

1996 3703 2241 3766 imitari.

2082 3791 2337 3855 XXXVI.
2362 3789 2468 3852 His
2497 3789 2692 3869 dictis,
2726 3789 2810 3849 ira
2843 3788 3012 3850 valde
3043 3786 3154 3848 fuit
3184 3803 3467 3849 accensus
3489 3804 3636 3867 prae-

2003 3901 2123 3958 ses,
2157 3890 2216 3943 et
2239 3879 2412 3961 jubet
2441 3897 2567 3941 eam
2600 3880 2660 3939 in
2691 3896 2932 3940 carcere
2964 3877 3205 3959 quidem
3237 3876 3460 3937 includi
3493 3875 3636 3937 obs-

1999 3972 2313 4033 curissimo
2350 3989 2363 4032 :
2395 3968 2595 4031 omnia
2618 3986 2755 4030 vero
2784 3966 3185 4029 instrumenta
3208 3973 3634 4026 tormentorum

2003 4060 2219 4124 deduci
2250 4062 2308 4123 in
2342 4061 2472 4141 ejus
2500 4066 2913 4138 conspectum,
2949 4065 3012 4118 ut
3062 4056 3151 4117 vel
3208 4074 3341 4117 cum
3376 4054 3634 4129 vidisset,

2003 4156 2056 4213 ei
2084 4158 2243 4212 metu
2276 4149 2685 4232 persuaderet,
2710 4155 2773 4209 ut
2813 4145 3032 4227 aliquid
3066 4146 3142 4208 de
3176 4164 3279 4207 sua
3307 4144 3639 4207 remitteret

2000 4240 2464 4319 constantia,aut
2495 4238 2544 4298 si
2573 4237 2860 4299 retineret
2880 4254 3042 4297 suam
3067 4233 3253 4296 animi
3278 4233 3632 4311 magnitudi-

1997 4347 2161 4408 nem,
2207 4331 2433 4391 varium
2468 4335 2526 4388 et
2557 4325 2949 4407 multiplicem
3000 4325 3054 4385 ei
3076 4323 3314 4384 afferret
3338 4321 3629 4397 dolorem,

267 4422 308 4470 Κ
348 4413 363 4432 ο
566 4411 579 4431 \
689 4408 731 4429 λς
836 4411 850 4433 9
896 4417 922 4427 ~
1026 4409 1048 4428 κ
1440 4413 1450 4432 r

316 4435 365 4468 αι
422 4432 626 4490 τροφῇ
684 4426 738 4466 οε
797 4432 929 4493 αοτη
972 4408 1200 4467 δίοοσθαι
1246 4430 1557 4489 προστατεει
1616 4414 1932 4494 βραχεῖαν,

333 4502 347 4516 ι
488 4500 501 4516 ο
671 4498 754 4516 «‘1
935 4498 947 4516 r
986 4500 999 4516 ο
1074 4498 1097 4516 1ο
1222 4500 1235 4516 ι
1353 4491 1416 4516 ο.-
1478 4501 1519 4516 su
1645 4503 1656 4516 ι
1893 4505 1932 4516 ι.

2000 4417 2407 4480 recordatione
2438 4434 2642 4478 eorum
2668 4433 2799 4497 quae
2826 4412 3100 4476 molestia
3129 4411 3411 4473 afﬁciunt.
3446 4412 3632 4472 Porro

262 4502 351 4557 καὶ
405 4500 606 4568 ταύτην
663 4498 814 4568 ἡλίου
880 4492 1013 4576 μέτὰ
1068 4498 1289 4574 δοσμάς.
1353 4491 1416 4558 Ἠ
1475 4501 1528 4557 δὲ
1585 4491 1779 4581 μάρτυς
1822 4505 1932 4561 καὶ¹

2000 4517 2193 4570 autem
2222 4507 2394 4587 jubet
2425 4507 2598 4568 etiam
2634 4491 2914 4583 eiiguum
2943 4502 2999 4565 ei
3021 4502 3147 4563 dari
3175 4499 3627 4573 nutrimentum,

261 4588 430 4653 οὕτως
491 4592 706 4647 οἰκοῦσα
775 4590 861 4645 καὶ
919 4595 1082 4646 ταῦτα
1140 4591 1316 4660 ὁρῶσα
1370 4592 1456 4647 καὶ
1514 4598 1712 4670 τροφῆς
1770 4592 1909 4658 ὅλως

262 4679 514 4759 μετέχειν
545 4678 623 4755 μὴ
667 4677 967 4755 βουλομένη
1017 4677 1129 4735 ἀντὶ
1187 4679 1396 4735 πάντων
1453 4681 1540 4737 τὸν
1573 4683 1643 4746 εἰς
1685 4686 1907 4760 Χριστὸν

262 4769 316 4824 ἐν
372 4770 535 4845 ἑαυτῇ
588 4768 804 4847 ἔστρεφε
864 4769 1048 4827 πόθον.
1102 4769 1200 4828 Καὶ
1256 4768 1421 4833 οὕτως
1480 4771 1546 4838 ἦν
1603 4771 1777 4839 ἐκείνη
1821 4774 1912 4830 καὶ

258 4859 454 4935 βρῶσις
511 4857 764 4937 ἀκροῦσα,
800 4860 886 4913 καὶ
937 4855 1029 4914 τοῦ
1059 4857 1219 4938 ζόφου
1252 4857 1610 4936 παράκλησις,
1670 4864 1907 4939 Ἐωρᾶτο

259 4948 317 5003 δὲ
377 4949 512 5024 αὑτῇ
551 4946 636 5029 ἔφ’
669 4947 900 5014 ἑκάστης
947 4949 1128 5010 νυκτὸς
1162 4948 1249 5004 καὶ
1304 4949 1338 5015 ἡ
1369 4948 1619 5013 σύναθλος
1677 4948 1905 5018 Θεοδότη

258 5040 359 5109 τήν
392 5058 449 5093 τε
495 5036 706 5116 καρδίαν
763 5037 1088 5115 εὐφροσύνης
1148 5035 1446 5117 πληροῦσα,
1481 5037 1573 5095 καί
1607 5040 1732 5114 πρὸς
1785 5042 1904 5106 τοὺς

260 5127 475 5204 ἀγῶνας
553 5123 966 5205 ἐπιρῤωνόουσα,
1028 5130 1095 5193 ἦν
1165 5127 1254 5183 καὶ
1315 5125 1570 5194 πολλάκις
1640 5134 1904 5206 φοιτῶσα)

255 5217 293 5283 ἡ
352 5212 517 5290 μηδὲν
560 5215 761 5271 ἐάσασα
817 5222 919 5272 τῶν
976 5214 1185 5296 ἀγαθῶν
1244 5215 1583 5281 ἀνεξέταστον
1642 5215 1904 5275 ’Λναστα-

254 5306 369 5382 σῖα,
418 5304 506 5361 καὶ
567 5311 722 5362 τοῦτο
760 5303 943 5383 ἤρετο,
971 5305 1085 5361 τίνα
1133 5302 1198 5374 δὴ
1237 5306 1456 5385 τρόπον,
1488 5306 1736 5385 λέγουσα,
1769 5309 1904 5385 μετὰ

254 5397 317 5451 τὸ
360 5397 541 5451 θανεῖν
573 5401 730 5473 φοιτᾷ
761 5397 892 5475 πρὸς
924 5396 1111 5464 αὑτήν.
1150 5385 1210 5451 Ἠ
1268 5395 1321 5451 δὲ
1354 5392 1587 5453 δεδόσθαι
1644 5411 1766 5463 ταῖς
1798 5403 1903 5454 τῶν

253 5484 537 5564 μαρτύρων
608 5483 711 5564 ἔφη
783 5490 990 5565 ψυχαῖς
1053 5486 1138 5541 καὶ
1196 5485 1350 5542 τοῦτο
1420 5488 1559 5563 παρᾶ
1625 5494 1777 5561 Θεο),
1842 5496 1903 5551 τὸ

1993 4596 2175 4678 idque
2206 4607 2338 4677 post
2365 4613 2642 4657 occasum
2678 4594 2844 4656 solis.
2880 4593 3091 4674 Martyr
3119 4608 3255 4651 vero
3288 4606 3421 4651 cum
3455 4595 3517 4649 et
3545 4588 3631 4649 sic

1991 4686 2306 4758 habitaret,
2343 4692 2401 4746 et
2458 4685 2583 4745 haec
2645 4682 2893 4762 videret,
2929 4691 2987 4745 et
3021 4681 3202 4742 nollet
3233 4679 3477 4741 omnino
3500 4696 3634 4740 esse

1993 4775 2110 4838 cibi
2142 4774 2458 4856 particeps,
2470 4791 2575 4854 pro
2600 4771 2876 4834 omnibus
2895 4771 3050 4851 apud
3077 4789 3141 4833 se
3167 4767 3439 4831 versabat
3458 4786 3629 4829 suum

1991 4864 2053 4926 in
2077 4864 2372 4927 Christum
2398 4861 2782 4922 desiderium.
2809 4859 2872 4922 Id
2896 4870 3093 4922 autem
3119 4866 3244 4920 erat
3266 4857 3350 4919 illi
3369 4865 3427 4917 et
3459 4856 3626 4918 cibus

1989 4953 2315 5024 sufﬁciens,
2351 4958 2408 5013 et
2438 4951 2708 5011 solatium
2762 4948 3164 5011 obscuritatis.
3197 4946 3266 5009 Ei
3296 4963 3434 5007 vero
3458 4946 3623 5006 vide-

1989 5041 2162 5104 batur
2210 5041 2387 5103 etiam
2439 5039 2688 5118 singulis
2744 5038 3021 5100 noctibus
3077 5035 3239 5098 socia
3289 5033 3628 5096 certaminis

1989 5130 2318 5206 Theodote,
2348 5135 2405 5191 et
2431 5146 2532 5190 cor
2563 5129 2692 5207 ejus
2711 5127 2953 5208 replens
2985 5125 3212 5199 laetitia,
3267 5124 3541 5203 viresque
3573 5133 3631 5186 et

1986 5221 2249 5284 animum
2276 5218 2504 5282 addens
2533 5218 2607 5279 ad
2659 5215 3010 5279 certamina.
3045 5214 3231 5287 Quam
3267 5214 3441 5274 etiam
3471 5230 3629 5293 saepe

1986 5311 2533 5388 ventitantem,quae
2554 5306 2781 5368 nullum
2817 5306 2951 5368 sivit
2982 5305 3201 5367 bonum
3250 5319 3373 5364 non
3395 5303 3629 5364 exami-

1988 5410 2187 5465 natum
2221 5399 2552 5471 Anaslasia,
2587 5397 2701 5459 hoc
2748 5414 2986 5478 quoque
3037 5392 3440 5473 interrogavit,
3472 5412 3628 5474 quo-

1986 5512 2124 5556 nam
2158 5490 2331 5554 modo
2364 5489 2436 5552 ad
2468 5507 2596 5551 eam
2623 5488 2849 5551 veniret
2873 5494 3004 5570 post
3028 5483 3412 5547 mortem.llla
3429 5493 3626 5548 autem

331 5643 607 5739 8Matth‘;
633 5660 772 5739 sui,
802 5645 897 5709 l9.
958 5643 1015 5739 A9
1041 5641 1204 5706 Exod
1250 5659 1365 5726 xiv,
1397 5642 1460 5708 2t
1520 5661 1692 5731 seqq.
1780 5654 1838 5710 10
1876 5654 2060 5721 Josue
2091 5672 2150 5737 ι,
2190 5661 2212 5715 ι
2267 5669 2435 5739 seqq.
2522 5649 2569 5694 υ
2602 5648 2683 5715 IlI
2730 5650 2874 5734 Reg.
2915 5649 3022 5726 I,2
3051 5665 3217 5733 seqq.
3305 5644 3364 5696 η
3388 5650 3518 5715 Act.
3572 5665 3623 5735 ν,

253 5733 315 5792 et
344 5740 465 5789 xu.
553 5722 663 5790 1εΗ
692 5725 826 5791 Cor.
855 5741 920 5806 II,
956 5724 1016 5792 2.
