4056 6142
433 289 552 360 607
1115 347 1124 352 .
1738 300 2026 364 MENSIS
2064 358 2065 362 η

2152 298 2498 368 ICEMBER.
3705 305 3818 373 608

435 429 601 513 dixit,
638 431 749 496 hoc
773 453 1008 518 quoque
1039 433 1240 498 datum
1275 451 1408 498 esse
1429 453 1462 496 a
1482 434 1738 498 Domino
1759 435 2065 500 animabus

2155 439 2289 513 μετὰ
2347 439 2444 506 τὴν
2476 439 2710 496 ἐντεῦθεν
2765 439 3064 516 ἆποδῆμίον
3123 439 3409 520 ἐπιφοιτᾷν
3461 442 3592 520 παρ’
3627 445 3716 506 οὓς
3760 446 3818 500 ἃν

438 528 783 613 martyrum,
808 535 891 606 ut,
918 534 1224 607 postquam
1243 524 1396 613 hinc
1423 523 1810 598 excesserint,
1838 526 2065 589 veniant

2158 529 2244 584 καὶ
2287 529 2582 606 βούλοιντο,
2644 531 2730 588 καὶ
2790 529 3001 608 ὁμιλίας
3044 533 3132 589 καὶ
3173 531 3581 613 παρακλήσεως
3638 533 3819 598 αὖτοὺς

433 609 506 672 ad
539 630 686 693 quos
716 613 918 691 velint,
945 624 1004 677 et
1034 633 1168 677 cum
1201 612 1287 676 eis
1311 631 1620 676 sermones
1647 613 1979 694 conferant,
2016 626 2075 680 et
2157 615 2354 683 ἀξιοὸν.

434 717 537 762 eos
567 704 974 766 consolentur.

513 791 792 858 XXXVII.
849 795 994 857 Cum
1046 793 1306 856 venisset
1353 813 1490 857 vero
1547 796 1679 859 dies
1708 797 2065 880 tricesimus,

2235 789 2359 860 ΛΖ’,
2423 803 2750 877 Τριαγοστῆς
2805 800 2859 856 δὲ
2910 800 3200 868 ἐπιστάσης
3266 803 3481 880 ἡμέρας
3542 802 3826 862 ὑπολαϐὼν

435 880 779 970 existimans
807 883 1120 965 praefectus
1151 883 1306 945 fame
1335 892 1394 946 et
1425 885 1539 947 alia
1570 885 1893 947 amictione
1923 905 2065 947 con-

2155 889 2182 942 ὁ
2242 885 2479 968 ἔπαρχος
2553 897 2628 962 τῷ
2700 912 2755 946 τε
2815 888 2957 964 λιμῷ
3017 894 3102 948 καὶ
3159 899 3228 969 τῇ
3288 893 3438 970 ἄλλῃ
3496 896 3825 966 κακοπαθείᾳ

433 967 644 1032 tectam
677 991 808 1035 esse
837 982 1174 1054 martyrem,
1210 981 1268 1034 et
1297 973 1518 1054 aliquid
1539 976 1611 1037 de
1631 993 1739 1036 sua
1767 975 2065 1037 remisisse

2154 979 2572 1054 κατεργασθῆναι
2648 979 2744 1046 τὴν
2825 981 3059 1060 μάρτυρα
3139 984 3226 1038 καὶ
3320 983 3426 1050 τῆς
3525 984 3824 1048 ἐνστάσεως

435 1061 896 1136 constantia,ubi
929 1082 1058 1126 eam
1081 1063 1530 1140 accersisset,et
1553 1065 1902 1126 alacriorem
1926 1064 2065 1127 libe-

2154 1065 2456 1138 ὑποδοῦναι,
2493 1069 2981 1143 μεταπεμψάμενος
3051 1071 3272 1146 ταύτην,
3311 1074 3392 1137 ὡς
3431 1071 3552 1128 εῖδε
3607 1071 3826 1148 φαιδρὰν

431 1148 676 1241 riasque
705 1171 886 1228 qnam
916 1153 1078 1233 prius
1097 1139 1726 1234 loquentemvidisset,
1754 1155 1936 1216 iratus
1966 1156 2065 1216 fuit

2156 1155 2360 1231 μᾶλλον
2427 1139 2518 1214 καγί
2579 1139 3122 1237 πεπαρρηνσιασμένην
3187 1163 3220 1231 ἢ
3257 1139 3269 1146 ⁷
3299 1163 3600 1241 πρότερον,
3622 1139 3632 1152 ι
3659 1139 3822 1240 ὠργί-

430 1240 994 1325 custodibus,utqui
1027 1243 1081 1304 ei
1105 1242 1416 1305 dedissent
1443 1243 1692 1325 aliquid,
1724 1263 1841 1324 quo
1873 1263 1937 1306 se
1966 1263 2070 1306 re-

430 1330 654 1392 ticeret.
677 1329 920 1393 Illorum
945 1333 1145 1411 itaque
1167 1332 1592 1411 benignitatem
1617 1353 1902 1397 accusans
1933 1343 2070 1396 tan-

429 1438 604 1498 quam
636 1420 886 1496 crimen,
922 1439 1025 1484 eos
1055 1430 1322 1483 removet
1349 1441 1382 1483 a
1409 1423 1682 1484 custodia
1717 1441 1730 1485 :
1771 1441 1898 1484 eam
1932 1443 2069 1486 vero

2152 1253 2269 1316 ζετο
2339 1247 2474 1305 κατὰ
2522 1249 2625 1304 τῶν
2683 1247 2927 1327 φυλάκων
2986 1251 3058 1314 ὡς
3125 1249 3190 1321 δή
3233 1273 3384 1316 τινος
3460 1251 3591 1329 παρ’
3651 1251 3822 1307 abst-3v

2153 1335 2428 1400 εὒπαθείας
2489 1335 2883 1404 ἆπολαυούσης.
2964 1338 3217 1396 Ἐκείνων
3275 1340 3382 1407 μὲν
3438 1341 3533 1396 οὖν
3595 1342 3672 1404 ὡς
3732 1340 3822 1415 ἔγ-

2153 1423 2336 1498 κλημα
2392 1425 2490 1492 τὴν
2547 1425 2936 1506 φιλανθρωπίαν
2987 1431 3370 1507 κατηγορήσας
3426 1435 3529 1506 τῇς
3577 1428 3818 1508 φυλακῆς

430 1509 745 1572 committit
767 1512 1076 1592 aliis,quos
1106 1510 1335 1573 sciebat
1366 1510 1625 1574 libenter
1658 1513 1854 1574 omnia
1877 1514 2065 1576 iactu-

2153 1515 2342 1573 αὖσοὺς
2403 1514 2686 1581 ἐξίστησιν*
2749 1516 2947 1596 ἑτέροις
3005 1516 3060 1573 δὲ
3116 1519 3314 1586 ταύτην
3384 1519 3668 1598 ἐπιτρέπει
3733 1521 3818 1584 οὓς

426 1615 526 1659 ros
556 1617 625 1660 ex
650 1601 781 1680 ejus
798 1601 980 1662 animi
1013 1599 1486 1663 sententia.Cum
1520 1619 1622 1662 eos
1653 1620 1791 1680 ergo
1829 1602 1882 1663 ei
1915 1621 2065 1683 prae-

2152 1601 2263 1679 ᾔδει
2309 1605 2394 1660 καὶ
2439 1607 2670 1679 μάλιστα
2716 1607 2885 1662 πάντα
2941 1609 3074 1664 κατὰ
3117 1615 3235 1666 νοῦν
3279 1611 3430 1683 αῦτῴ
3490 1610 3582 1666 καὶ
3643 1631 3816 1688 κεχα-

429 1678 760 1764 fecisset,et
789 1690 921 1752 aliis
955 1689 1194 1770 triginta
1221 1689 1437 1751 diebus
1467 1709 1597 1752 eam
1625 1678 1931 1753 custodire
1938 1695 2065 1770 jus-

2152 1693 2410 1769 ρισμένως
2477 1695 2742 1764 ποιήσειν.
2831 1697 3053 1759 Τούτους
3131 1697 3218 1754 οὖν
3290 1703 3436 1775 αὖτῇ
3525 1698 3817 1768 ἐπιστήσας

427 1779 624 1855 sisset,
655 1789 718 1842 et
739 1780 1058 1860 signaculis
1096 1780 1426 1842 custodiam
1460 1780 1860 1860 obsignasset,
1896 1782 2064 1846 abiit.

2152 1784 2236 1838 καὶ
2293 1785 2376 1838 ἐπὶ
2436 1783 2638 1857 ἑτέραις
2697 1786 2978 1864 τριάκοντα
3019 1785 3300 1866 φυλάττειν
3366 1787 3605 1867 ἡμέραις
3651 1810 3817 1865 προσ-

426 1866 532 1930 Illa
559 1877 783 1945 autem,
819 1870 928 1931 etsi
958 1888 1160 1930 secum
1210 1868 1291 1930 ita
1339 1877 1636 1948 ageretur,
1673 1889 1791 1931 non
1822 1871 2065 1933 cessavit

2153 1871 2334 1947 τάξας,
2369 1874 2500 1948 πρὸς
2533 1871 2588 1928 δὲ
2645 1877 2732 1931 καὶ
2764 1889 3018 1953 σφραγῖσι
3050 1877 3147 1944 τὴν
3190 1876 3443 1955 φυλακὴν
3476 1877 3818 1950 ἐπισημηνά-

427 1967 624 2019 tamen
658 1960 855 2021 facere
886 1977 956 2020 ea
1003 1978 1138 2039 quae
1183 1968 1572 2022 consueverat
1609 1980 1622 2022 :
1658 1959 1766 2021 sed
1795 1967 1854 2020 in
1886 1961 2065 2022 vehe-

2155 1983 2333 2036 μενος,
2368 1961 2571 2042 ᾤχετο.
2623 1953 2682 2018 ἸΙ
2743 1961 2797 2019 δὲ
2852 1965 2948 2020 κᾶν
3001 1964 3206 2030 τούτοις
3260 1966 3396 2022 οὖσα
3442 1969 3541 2023 οὐκ
3600 1966 3815 2023 ἐπέλιπε

430 2048 615 2110 menti
643 2048 938 2128 oratione,
970 2056 1030 2110 et
1079 2057 1369 2111 nocturna
1416 2049 1690 2122 statione,
1745 2058 1805 2110 et
1832 2051 2065 2113 assidua

2152 2052 2218 2105 τὰ
2277 2053 2473 2120 συνήθη
2531 2065 2730 2130 ποιεῖν,
2763 2051 2883 2109 ἀλλ’
2935 2055 3075 2132 εὖχῇ
3103 2076 3158 2110 τε
3209 2057 3452 2128 συντόνῳ
3496 2057 3589 2113 καὶ
3638 2057 3814 2111 στάσει

431 2139 784 2201 extensione
836 2157 1114 2200 manuum
1169 2137 1611 2218 perseverabat.
1655 2138 1882 2200 Deinde
1931 2159 2065 2200 cum

2155 2143 2411 2220 παννύχῳ
2465 2144 2550 2196 καὶ
2581 2142 2822 2198 ἂνοτάσει
2869 2149 3068 2222 χειρῶν
3122 2143 3460 2219 ἀδιαλείπτῳ
3515 2168 3810 2225 προσεκαρ-

432 2230 746 2308 praefectus
771 2230 938 2292 illinc
989 2247 1117 2291 eam
1155 2227 1485 2308 eduxisset,
1521 2229 1880 2291 condemnat
1935 2248 2065 2292 cum

2157 2228 2319 2306 τέρει,
2383 2230 2518 2287 Εἶτα
2550 2231 2751 2290 ἐκεῖθεν
2811 2233 2975 2301 αῦτὴν
3033 2233 3305 2311 ἐξαγαγὼν
3352 2238 3379 2291 'c
3443 2235 3688 2316 ἔπαρχος
3747 2242 3817 2306 τῷ

433 2320 634 2381 multis
657 2319 791 2382 aliis
813 2321 1025 2395 reis,ut
1043 2324 1100 2379 in
1133 2318 1496 2399 profundum
1523 2318 1704 2380 maris
1736 2319 2069 2399 projicere-

433 2418 550 2472 tur.
584 2409 722 2472 Erat
741 2419 938 2472 autem
960 2427 1078 2470 una
1101 2427 1233 2470 cum
1255 2408 1331 2470 iis
1351 2406 1526 2470 etiam
1551 2408 1790 2489 quidam
1816 2413 1903 2470 vir
1935 2408 2068 2487 pius

427 2500 672 2561 nomine
701 2498 1124 2580 Eutychianus,
1151 2499 1249 2578 qui
1282 2498 1408 2578 ipse
1439 2516 1680 2576 quoque
1715 2507 1956 2576 propter
1991 2497 2063 2556 ti-

425 2588 562 2650 dem
595 2595 653 2649 in
687 2590 1011 2660 Christum,
1046 2587 1302 2648 nudatus
1340 2585 1740 2654 facultatibus.
1777 2585 2066 2646 condem-

425 2689 602 2738 natus
633 2678 762 2746 tuit.
799 2687 864 2740 ut
887 2679 1189 2757 jaceretur
1219 2675 1276 2735 in
1312 2692 1492 2735 mare.

509 2766 1143 2844 XXXVlll.Postquam
1173 2783 1308 2825 vero
1333 2764 1390 2823 in
1416 2762 1611 2824 medio
1635 2764 1777 2824 mari
1804 2763 2067 2838 fuerunt,

425 2857 524 2936 qui
557 2875 661 2917 eos
693 2854 991 2916 ducebant
1053 2854 1293 2934 milites,
1356 2852 1467 2932 ipsi
1499 2853 1740 2934 quidem
1789 2853 2064 2932 cymbam

424 2945 742 3022 quamdam
776 2942 1257 3022 ascendentes,iu
1292 2952 1510 3005 terram
1547 2942 1916 3021 navigarunt,
1954 2961 2066 3004 na-

427 3053 556 3094 vem
591 3043 812 3108 autem,
848 3049 977 3114 quas
1008 3031 1261 3094 ducebat
1311 3031 1527 3095 Christi
1577 3042 1895 3113 martyrem
1929 3051 2064 3094 cum

2154 2319 2296 2393 βυθῷ
2351 2325 2446 2395 τῇς
2478 2318 2750 2386 θαλάσσης
2781 2319 2987 2396 σύναμα
3017 2323 3105 2378 καὶ
3161 2321 3346 2386 ἄλλοις
3380 2323 3619 2388 πολλοῖς
3649 2345 3811 2380 κατα-

2151 2406 2311 2472 δίκοις
2384 2407 2639 2486 ἀφεθῆναι
2719 2411 3155 2485 καταψηρίζεται.
3228 2414 3408 2480 Συνὴν
3484 2413 3539 2470 δὲ
3612 2415 3814 2474 τούτοις

2147 2497 2236 2552 καί
2263 2519 2342 2558 τις
2367 2498 2498 2574 ἀνὴρ
2551 2494 2788 2571 εὖσεϐὴς,
2853 2503 3177 2578 Εὐτυχιανὸς
3233 2502 3432 2582 ὄνομα,
3495 2505 3554 2568 ὃς
3613 2505 3696 2559 καὶ
3730 2503 3814 2556 αἰ-

2148 2587 2238 2648 τὸς
2297 2583 2380 2641 διὰ
2411 2586 2509 2653 τὴν
2567 2589 2638 2648 εἰς
2688 2589 2908 2662 Χριστὸν
2943 2595 3117 2645 πίστιν
3161 2594 3461 2667 γυμνωθεὶς
3493 2596 3602 2648 τιῦν
3653 2590 3808 2647 ὄντων

2152 2674 2241 2729 τὸν
2273 2675 2326 2730 ὲν
2354 2673 2588 2751 θαλάττῃ
2631 2675 2983 2744 κατεδικάσθη
3015 2679 3261 2742 θάνατον,

2236 2765 2377 2826 ΑΠ’,
2453 2755 2537 2826 ιυς
2571 2763 2624 2820 δὲ
2674 2764 2738 2832 δη
2771 2767 2906 2822 κατὰ
2938 2767 3100 2840 μέσον
3144 2769 3310 2837 αὒτῆς
3359 2769 3538 2840 δήπου
3567 2772 3667 2836 τῆς
3714 2773 3808 2824 θα-

2153 2851 2353 2919 λάττης
2412 2854 2546 2920 ἦσαν
2591 2856 2637 2909 οἱ
2701 2855 2916 2917 τούτους
2973 2856 3192 2934 ἄγοντες
3251 2863 3616 2937 στρατιῶται,
3677 2858 3808 2913 αῦτοὲ

2152 2942 2249 3016 μὲν
2308 2942 2520 2998 ἀκατίου
2550 2945 2692 3007 τινὸς
2754 2943 3032 3007 ἐπιϐάντες
3063 2949 3190 3022 πρὸς
3242 2948 3340 3014 τὴν
3385 2954 3492 3025 γῆν
3525 2945 3802 3017 ἀπέπλεον,

2151 3033 2251 3097 τὴν
2307 3030 2361 3088 δὲ
2416 3039 2536 3088 ναῦν
2597 3033 2631 3100 ἢ
2664 3033 2762 3100 τὴν
2823 3040 2911 3089 τοῦ
2954 3041 3179 3112 Χριστοῦ
3210 3038 3462 3115 μάρτυρα
3522 3039 3615 3094 σὺν
3651 3036 3807 3094 Εὔτυ-

428 3123 792 3203 Eutychiano
827 3132 882 3184 et
912 3124 1141 3184 caeteris
1172 3122 1606 3196 condemnatis,
1634 3141 1766 3183 cum
1801 3121 2065 3201 undique

2152 3129 2351 3200 χιανῷ,
2415 3121 2582 3199 φημὶ,
2645 3125 2730 3178 καὶ
2803 3136 2920 3186 τοῖς
2991 3124 3288 3189 καταδίκοις
3380 3129 3510 3206 ἦγε,
3563 3128 3806 3182 πάντοθεν

427 3193 858 3294 ρετίοτειεεοηι,
891 3231 1048 3286 eam,
1085 3232 1217 3273 cum
1254 3213 1312 3272 in
1347 3219 1506 3274 tanto
1540 3220 1875 3272 versaretur
1899 3193 2062 3290 peri-

2152 3207 2547 3286 διατρήσαντες,
2583 3210 2744 3276 οὕτως
2801 3211 3107 3291 ἐπισφαλῶς
3168 3211 3409 3293 ἔχουσαν
3461 3230 3582 3278 τοῖς
3639 3213 3804 3286 κύμα-

421 3305 580 3376 culo,
613 3301 1276 3383 relinquunttluctibus.
1309 3299 1407 3363 Sic
1437 3319 1645 3362 navem
1702 3319 1864 3361 mare
1897 3309 2062 3379 tege-

423 3393 545 3473 bat,
562 3401 618 3454 et
644 3397 730 3454 eis
755 3399 954 3471 parata
977 3409 1009 3450 a
1033 3393 1153 3454 Deo
1181 3389 1438 3469 adjutrix
1465 3390 1642 3450 missa
1668 3389 1842 3450 beata
1860 3390 2062 3451 Theo-

423 3483 584 3558 dote,
615 3491 672 3544 et
695 3483 821 3544 velo
854 3482 1125 3543 insidens
1173 3478 1576 3541 cernebatur:
1612 3485 1671 3539 et
1699 3477 1930 3538 clavum
1969 3477 2064 3538 di-

420 3573 622 3649 rigens
645 3571 1048 3642 securissime,
1083 3569 1170 3632 eis
1203 3569 1611 3647 navigantibus
1643 3586 1881 3629 cursum
1919 3586 2065 3648 pra:-

423 3661 1152 3724 bebatsecundissimum.
1205 3660 1293 3720 Ad
1351 3666 1570 3719 terram
1620 3666 1816 3718 autem
1851 3672 2062 3718 navem

418 3751 584 3814 duxit
606 3752 736 3813 sine
755 3751 1044 3831 periculo.
1073 3749 1226 3821 Quin
1250 3748 1429 3811 etiam
1451 3746 1711 3808 ostendit
1739 3746 2064 3827 Eutychia-

419 3859 560 3902 num
582 3840 767 3903 fuisse
789 3847 1284 3902 connumeratum
1311 3838 1467 3898 inter
1487 3836 1710 3898 Christi
1747 3847 2064 3917 martyres.

419 3929 584 3992 Tunc
613 3931 836 4009 itaque,
867 3929 967 4010 qui
1002 3938 1175 3991 erant
1221 3928 1281 3988 in
1315 3945 1460 3989 nave
1490 3924 1901 4005 condemnati,
1951 3924 2064 3986 ob-

417 4018 728 4095 stupefacti
765 4016 1154 4091 miraculo,ad
1189 4015 1536 4096 Eutychiani
1571 4012 1756 4092 pedes
1789 4011 2062 4092 procide-

415 4105 560 4170 bant
589 4114 646 4168 et
675 4112 1032 4186 martyris,et
1061 4105 1345 4183 rogabant
1378 4113 1439 4164 ut
1485 4103 1846 4163 docerentur
1875 4099 2061 4161 ratio-

419 4214 555 4257 nem
590 4195 753 4259 ﬁdei.
786 4193 865 4256 Ea
889 4213 1028 4273 ergo
1049 4213 1183 4275 qua}
1217 4193 1520 4273 petebant,
1550 4188 1880 4267 consecuti,
1914 4196 1967 4249 et
1999 4189 2060 4248 in

420 4289 636 4364 pietate
669 4299 732 4346 ut
760 4293 995 4364 oportet
1029 4283 1272 4360 initiati,
1309 4282 1368 4342 in
1401 4279 1622 4343 Christi
1653 4296 1890 4356 gregem
1924 4285 2063 4337 sunt

417 4377 692 4452 cooptati,
726 4375 830 4452 qui
883 4382 1052 4435 erant
1110 4389 1320 4434 omnes
1375 4369 1550 4432 simul
1585 4375 1820 4428 centum
1855 4377 1916 4428 et
1969 4367 2060 4426 vi-

416 4463 561 4540 ginti
593 4463 723 4524 viri.

497 4551 754 4615 XXXIX.
789 4551 927 4615 [hec
955 4550 1130 4612 tertio
1164 4558 1294 4629 post
1323 4547 1423 4608 die
1467 4545 1881 4624 signiﬁcantur
1908 4563 2060 4624 prw-
2086 4560 2130 4611 ι)

417 4638 591 4700 tecto.
630 4639 742 4712 Qui
774 4659 906 4700 cum
939 4638 1142 4701 statim
1182 4655 1395 4716 magno
1425 4637 1621 4697 studio
1667 4642 1850 4696 totum
1904 4635 2064 4695 hunc

418 4729 691 4801 chorum,
726 4748 918 4809 nuper
940 4727 1265 4798 initiatum,
1294 4724 1876 4806 comprehendisset,
1904 4733 1961 4786 et
1989 4723 2059 4785 ad

420 4817 678 4880 tribunal
709 4818 1008 4880 sistendos
1040 4827 1336 4896 curasset,
1370 4833 1472 4877 eos
1515 4813 1836 4876 arbitratus
1869 4814 2064 4874 adhuc

421 4909 668 4988 primam
693 4927 932 4970 servare
961 4907 1344 4987 sententiam,
1381 4903 1466 4967 eis
1498 4921 1704 4964 aurum
1762 4902 1975 4964 obtulit
2006 4911 2065 4963 et

421 4997 745 5073 divitias,et
777 4999 1035 5060 honores
1069 5003 1280 5073 partim
1309 4995 1552 5075 quidem
1579 4995 1700 5073 jam
1737 4991 2061 5071 praebebat,

421 5087 632 5167 partim
672 5107 808 5150 vero
837 5087 1254 5169 pollicebatur,
1284 5089 1330 5148 si
1367 5085 1558 5146 solum
1596 5082 1840 5143 vidisset
1864 5091 2061 5143 muta-

421 5185 599 5257 tos,et
629 5197 834 5240 rursus
855 5177 1141 5257 gentilem
1167 5184 1470 5238 servantes
1493 5171 1867 5252 religionem.
1891 5169 2060 5232 Post-

422 5285 600 5346 quam
631 5276 827 5328 autem
853 5285 958 5346 spe
982 5267 1148 5328 valde
1178 5267 1287 5327 fuit
1317 5263 1713 5337 falsus,fortes
1747 5269 1805 5322 et
1835 5261 2061 5321 validos

419 5355 626 5416 videns
657 5375 862 5417 eorum
895 5356 1244 5434 animos,eis
1273 5363 1479 5416 contra
1511 5349 1863 5412 ostendebat
1887 5368 2063 5410 enses

419 5443 632 5523 nudos,
668 5453 726 5505 et
755 5445 975 5522 ignem,
1009 5453 1065 5505 et
1101 5444 1454 5519 catapultas,
1491 5449 1551 5501 et
1582 5441 1910 5519 sartagines
1946 5461 1958 5502 :
1998 5437 2060 5501 Si

421 5531 642 5601 nolitis,
678 5533 907 5606 dicens,
941 5541 998 5594 at
1032 5534 1157 5594 haec
1188 5549 1291 5593 vos
1343 5531 1554 5591 invitos
1615 5528 2064 5607 persuadebunt

421 5619 780 5692 sacriﬁcare.
815 5623 1133 5710 Postquam
1167 5630 1364 5688 autem
1395 5617 1484 5682 illi
1517 5636 1585 5680 ex
1643 5635 1814 5698 aequo
1869 5636 2062 5706 neque

2148 3319 2230 3353 σιν
2289 3299 2526 3374 ἀφιᾶσιν.
2587 3299 2746 3356 Οὔπω
2803 3302 2902 3367 τὴν
2932 3311 3055 3360 ναῦν
3116 3301 3384 3360 ἐκάλυπτε
3434 3304 3695 3375 θάλασσα,
3726 3301 3804 3356 καὶ

2148 3388 2289 3464 παρὰ
2321 3395 2452 3443 Θεοῦ
2496 3387 2706 3462 ἕτοιμος
2765 3393 2950 3451 αὐτοῖς
2981 3391 3174 3466 βοηθὸς
3217 3394 3250 3458 ἡ
3283 3394 3527 3472 μακαρία
3586 3388 3804 3453 Θεοδότη

2149 3479 2416 3551 πεμθεῐσα
2461 3484 2539 3550 τῷ
2594 3479 2741 3552 ἱστίῳ
2783 3499 2841 3534 τε
2911 3485 3010 3546 τῆς
3073 3483 3202 3546 νηὸς
3247 3481 3626 3557 ἐπικαθημένη
3679 3482 3801 3534 καθ·

2151 3572 2373 3642 εωρᾶτο,
2411 3568 2498 3622 καὶ
2555 3569 2628 3630 ὡς
2681 3567 3052 3648 ἀσφαλέστατα
3096 3569 3400 3630 διιθῦνουσα
3453 3575 3516 3628 τὸ
3547 3567 3802 3637 πηδάλιον

2148 3653 2398 3732 εὔδρομον
2427 3658 2524 3729 μὲν
2583 3657 2769 3720 αὐτοῖς
2800 3673 3037 3738 παρεῖχε
3079 3661 3171 3715 τὸν
3215 3659 3408 3736 πλοῦν,
3445 3663 3580 3738 πρὸς
3627 3658 3680 3714 δὲ
3711 3657 3799 3720 τήν

2147 3744 2342 3823 χέρσον
2401 3743 2685 3810 ἀκινδύνως
2737 3747 2843 3824 ἦγε
2887 3748 2987 3814 τὴν
3019 3755 3166 3804 ναῦνο
3229 3748 3570 3807 ἐπεδείκνυτο
3618 3745 3671 3802 δὲ
3719 3745 3802 3800 καὶ

2153 3834 2242 3889 τὸν
2297 3835 2622 3909 Εὐτυψιανὸν
2655 3837 2727 3900 ὡς
2759 3835 2851 3902 εἴη
2908 3838 2994 3893 καὶ
3039 3839 3193 3900 αὐτὸς
3251 3851 3369 3904 τοῖς
3405 3840 3630 3916 μάρτυσι
3683 3841 3798 3910 Χρι-

2149 3925 2275 3979 στοῦ
2336 3927 2692 4002 συναρίθμιυς.
2758 3925 2888 3983 Τότε
2939 3934 3062 4004 γοῦν
3107 3931 3155 3984 οἱ
3199 3927 3252 3983 ἐν
3305 3935 3383 4002 τῷ
3415 3928 3587 4000 πλοίῳ
3635 3923 3797 3979 κατά-

2147 4009 2285 4068 δικοι
2349 4018 2427 4084 τῷ
2471 4011 2749 4088 παραδόξῳ
2804 4014 3236 4092 καταπλαγέντες
3313 4014 3680 4095 προσέπιπτόν
3747 4030 3798 4064 τε

2145 4106 2222 4172 τῷ
2282 4102 2593 4180 Εὗτυχιανῷ
2651 4111 2743 4157 σὺν
2807 4110 2873 4175 τῇ
2934 4103 3177 4182 μάρτυρι,
3209 4107 3294 4162 καὶ
3341 4105 3654 4186 διδαχθῆναι
3714 4103 3798 4153 τὸν

2145 4195 2243 4256 τῆς
2308 4192 2530 4253 πίστεως
2591 4189 2752 4270 λόγον
2809 4192 3002 4257 ἠξίουν.
3075 4195 3338 4273 Τυχόντες
3397 4199 3674 4273 τοιγαροῦν
3728 4189 3796 4240 ὤν

2145 4277 2356 4336 ἐδέοντο
2418 4283 2507 4335 καί
2579 4280 2676 4348 τήν
2738 4278 3006 4337 εὐσέϐειαν
3079 4286 3148 4344 ὡς
3207 4285 3318 4363 χρὴ
3382 4283 3669 4358 μυηθέντες
3725 4280 3794 4345 τῷ

2145 4367 2235 4424 τοῦ
2295 4369 2519 4444 Χριστοῦ
2580 4370 2810 4444 ποιμνίῳ
2868 4371 3374 4451 συγκατελέχθγβαν
3445 4371 3612 4448 δῆμος
3677 4365 3793 4426 ὅλος

2146 4455 2346 4534 ἀνδρῶν
2375 4460 2446 4521 εἰς
2481 4457 2656 4515 εἴκοσι
2687 4461 2774 4515 καὶ
2804 4461 2992 4516 ἑκατὸν
3024 4461 3422 4540 ἀριθμούμενοι.

2227 4546 2353 4606 ΛΘ’.
2418 4548 2593 4605 Ταῦτα
2649 4550 2784 4622 μετὰ
2832 4550 3013 4626 τρίτην
3073 4554 3284 4627 γνωστὰ
3341 4557 3419 4625 τῷ
3459 4551 3683 4626 ἐπάρχῳ
3715 4541 3790 4621 φίσ

2151 4657 2315 4710 νετσι,
2351 4637 2440 4692 καὶ
2495 4638 2680 4696 αὐτίκα
2708 4639 2884 4715 πολλῇ
2937 4638 3141 4716 σπουδῇ
3174 4643 3264 4697 τὸν
3307 4639 3557 4719 ἀρτιτελῆ
3616 4641 3788 4690 τοῦτον

2146 4739 2318 4783 πάντα
2378 4727 2549 4805 χορὸν
2581 4725 2856 4782 συλλαϐὼν
2907 4736 2982 4802 τῷ
3012 4730 3214 4804 βήματι
3271 4718 3666 4801 παρεστήσατοο
3709 4718 3789 4775 καὶ

2146 4815 2210 4886 δὴ
2268 4820 2364 4885 τὴν
2429 4818 2646 4896 πρώτην
2707 4821 2891 4882 αὐτοὺς
2953 4823 3040 4878 καὶ
3112 4822 3186 4878 ἔτι
3250 4824 3472 4901 γνώμην
3527 4813 3787 4877 διασώξειν

2145 4906 2430 4964 ὑπολαϐὼι
2487 4911 2688 4987 χρυσὸν
2747 4914 2931 4972 αυτοῖς
2992 4918 3220 4990 παρῆγεδ
3266 4899 3368 4968 imi
3427 4910 3650 4968 πλοῦτον
3708 4899 3787 4954 καὶ

2144 4999 2305 5071 τιμὰς
2357 4999 2448 5062 τὰς
2479 5000 2577 5072 μὲν
2626 4999 2726 5066 ἤδη
2777 5000 3028 5080 παρεῖχε,
3067 5003 3161 5066 τὰς
3193 4999 3245 5056 δὲ
3304 4996 3685 5079 ἐπηγγέλλετο,
3719 4989 3778 5052 ἦν

2146 5087 2312 5160 μόνον
2368 5084 2460 5162 ἴδῃ
2512 5087 2898 5161 μεταθεμένους
2971 5091 3055 5144 καὶ
3109 5091 3207 5157 τὴν
3279 5083 3593 5157 Ἑλληνικὴν
3633 5077 3783 5135 πάλιν

2145 5177 2427 5252 θρησκείαν
2497 5173 2905 5252 πρεσϐεύοντας.
3001 5175 3149 5235 Ἐπεὶ
3228 5177 3281 5234 δὲ
3351 5179 3577 5254 ἐψεύσθη
3653 5167 3782 5240 παρὰ

2143 5264 2278 5320 πολὺ
2345 5270 2450 5320 τῶν
2495 5263 2878 5341 ἐλπιζομένων,
2913 5265 3212 5344 ἒῤῥωμένας
3274 5270 3443 5324 αὖτῶν
3496 5267 3587 5328 τὰς
3641 5255 3778 5334 γνώ-

2144 5375 2248 5427 μας
2311 5356 2479 5430 ὁμὼν,
2540 5356 2836 5411 τοῦναντίον
2887 5360 3068 5421 αὐτοῖς
3128 5357 3247 5433 Ξίφη
3304 5358 3477 5434 γυμνᾶ
3522 5347 3776 5408 ῦπεδείκνυ

2146 5443 2232 5498 καὶ
2284 5453 2384 5520 πῦρ
2415 5444 2500 5498 καὶ
2531 5443 2868 5506 καταπέλτας
2897 5445 2994 5500 καί
3045 5448 3276 5524 τήγανα.
3307 5448 3411 5502 "Hv
3443 5447 3521 5516 μὴ
3573 5439 3777 5499 θΰστιτεν

2146 5530 2340 5608 λέγων,
2387 5530 2524 5587 ἀλλά
2567 5542 2730 5591 ταῦτα
2772 5535 2909 5609 ὑμᾶς
2962 5537 3050 5592 καὶ
3114 5536 3339 5600 ἄκοντας
3393 5540 3548 5592 θῦσαι
3602 5524 3780 5609 πείσει.

2147 5611 2208 5676 Ὠ
2247 5619 2302 5680 δὲ
2362 5621 2548 5690 ἐπίσης
2581 5621 2779 5680 ἐκεῖνοι
2838 5621 2955 5681 οὔτε
3014 5632 3118 5683 τῶν
3147 5633 3326 5684 κακῶν
3383 5625 3650 5696 ἡττῶντο,
3680 5607 3782 5668 οὔτε
