4056 6142
275 306 394 378 609

1451 297 1920 369 MARTYRIUM
1965 303 2025 367 S.
2074 300 2458 367 EUGENLE.

3519 296 3641 364 610

277 447 386 521 μὴν
450 451 555 501 τῶν
597 442 886 500 δοκούντων
959 443 1167 520 ἀγαθῶν
1227 440 1631 519 ἐπεστρέφοντο,
1683 440 1914 504 πολλαῖς

2009 439 2386 502 vincebantur
2409 456 2442 500 a
2471 436 2785 518 malis,nec
2815 435 2888 497 ab
2918 434 2992 498 iis
3019 451 3150 512 quae
3181 432 3336 495 bona
3361 431 3640 495 videban-

275 530 530 612 πρότερον
576 537 804 596 κολάσας
845 533 1116 612 βασάνοις,
1164 536 1284 588 εἶτα
1339 532 1427 587 καὶ
1483 530 1702 586 θάνατον
1748 531 1918 586 αὐτῶν

273 626 584 703 παράνομον
644 621 1000 693 καταδικάζει,
1077 623 1186 688 Την
1269 620 1450 696 μέντοι
1527 619 1770 696 γενναίαν
1827 630 1920 678 τοῦ

275 721 499 792 Χριστοῦ
543 713 775 789 μάρτυρα
836 711 1026 774 πάλοις
1082 710 1286 766 κελεύει
1350 707 1729 789 προσδεθεϊσαν
1784 710 1918 786 τρισὶ

271 805 358 859 καὶ
401 804 522 879 πυρὶ
581 803 834 858 πάντοθεν
879 799 1243 856 κυκλωθετσαν
1303 798 1440 856 οὕτω
1496 800 1556 856 τὸ
1599 801 1917 876 μαρτυρικὸν

276 894 570 958 δποστῆναι
614 889 790 953 τέλος,
839 889 910 945 Οὔ
942 888 1004 956 δὴ
1054 890 1140 945 καὶ
1169 889 1259 944 σὺν
1288 890 1446 967 τάχει
1477 889 1808 968 πραχθέντος
1845 890 1915 950 εἷς

275 994 470 1060 χεῖρας
499 982 587 1036 καὶ
620 979 753 1046 αὖτῆ
801 986 930 1038 Θεοῦ
982 979 1044 1034 τὸ
1100 985 1310 1054 πνεῦμα
1370 978 1644 1056 παρέθετο,
1678 974 1918 1056 δευτέραν

276 1072 358 1126 ἐπὶ
389 1068 555 1126 εἰκάδι
600 1070 718 1125 τότε
749 1075 841 1126 τοῦ
876 1064 1197 1145 Δεκεμϐρίου
1226 1067 1397 1142 μηνὸς
1429 1065 1673 1145 ἄγοντος.

357 1160 452 1221 Μ’,
502 1157 836 1215 Ἀπολλωνία
892 1155 948 1212 δέ
1003 1178 1080 1221 τις
1150 1156 1284 1234 γυνῆ
1336 1157 1397 1212 τὸ
1454 1155 1606 1232 γένος
1651 1156 1916 1232 ἐπίσημοοζ

277 1255 374 1317 τῆς
417 1259 510 1308 τοῦ
553 1247 794 1326 ἐπάρχου
845 1247 1093 1324 γυναικὸς
1144 1243 1395 1312 δεηθεῖσα
1437 1246 1497 1300 τὸ
1555 1247 1692 1322 ῗερὸν
1751 1245 1917 1302 Ἀνα-

282 1339 493 1404 στασίας
573 1342 729 1408 σῶμα
813 1332 1094 1412 λαμϐάνει,
1169 1336 1258 1391 καὶ
1334 1331 1592 1410 λαμπρῶς
1651 1335 1777 1392 αὐτὸ
1833 1337 1920 1391 καί

281 1426 426 1490 ὅπως
483 1423 657 1482 ἒδεϊτο
716 1429 952 1481 τοιοῦτον
1022 1423 1297 1498 τιμήσασα
1364 1422 1419 1477 ἐν
1478 1430 1554 1496 τῷ
1595 1427 1694 1490 τῆς
1754 1424 1918 1487 οἰκίας

281 1518 441 1583 αὐτῆς
491 1515 800 1581 κατατίθησι
843 1514 1025 1585 κήπῳ.
1071 1511 1328 1590 ⁸’Υστερον
1386 1511 1440 1568 δὲ
1479 1512 1574 1569 καί
1620 1514 1746 1568 ναὸν
1777 1511 1919 1590 ἐγεί-

280 1627 356 1684 ρει
404 1611 472 1680 τῇ
537 1604 756 1682 μάρτυρι
808 1600 1075 1668 πολυτελῆ
1120 1603 1205 1657 καὶ
1250 1600 1620 1680 περίϐλεπτον,
1670 1604 1754 1658 καὶ
1796 1604 1919 1681 ἐορ-

278 1695 376 1760 τὴν
433 1692 519 1750 ἐπὶ
578 1700 782 1756 τούτοις
839 1692 1052 1759 ἐτησίαν
1097 1689 1408 1749 διατελοῦσα
1458 1693 1627 1768 μένει.
1681 1693 1826 1749 Μετὰ
1868 1691 1922 1748 δὲ

2003 538 2116 609 tur,
2140 527 2666 599 convertebantur,
2696 545 2829 589 cum
2859 544 2962 587 eos
2988 529 3149 604 prius
3183 522 3385 585 multis
3405 523 3639 584 affecis-

1999 629 2090 681 set
2123 616 2686 689 tormentis,deinde
2713 618 2888 676 etiam
2911 613 3116 688 iniqua
3152 620 3342 674 morte
3374 629 3477 674 eos
3497 631 3642 674 con-

2001 707 2260 770 demnat.
2310 705 2673 768 Generosam
2707 722 2848 766 vero
2885 703 3100 767 Christi
3133 711 3446 782 martyrem
3473 701 3646 781 jubet

1999 797 2190 858 tribus
2224 795 2371 878 palis
2394 796 2712 875 alligatam,
2749 801 2806 855 et
2832 793 2966 871 igne
3001 791 3267 872 undique
3297 791 3642 853 circumda-

2004 892 2142 960 tam,
2179 892 2262 946 sic
2297 887 2474 947 ﬁnem
2510 883 2713 946 subire
2740 880 3204 963 martyrii.Quod
3235 880 3476 962 quidem
3508 900 3644 944 cum

2000 975 2279 1037 celeriter
2304 974 2522 1035 factum
2549 971 2864 1052 esset,ipsa
2882 988 3116 1052 quoque
3149 968 3210 1030 in
3246 968 3518 1031 manibus
3537 969 3646 1032 Dei

2001 1066 2093 1126 sui
2123 1063 2370 1146 deponit
2405 1062 2679 1144 spiritum
2712 1061 2792 1122 92
2824 1059 3049 1123 mensis
3080 1057 3452 1121 Decembris.

2082 1153 2526 1235 XL.Apollonia
2549 1160 2747 1214 autem
2779 1148 3047 1231 quaedam
3074 1148 3291 1210 mulier
3310 1167 3530 1228 genere
3549 1149 3647 1211 in-

2001 1245 2211 1325 signis,
2247 1250 2485 1324 precata
2538 1239 2803 1323 praefecti
2860 1257 3132 1313 uxorem,
3168 1239 3382 1318 accipit
3411 1257 3646 1301 sacrum

2004 1353 2222 1414 corpus
2251 1329 2602 1411 Anastasiae,
2637 1337 2696 1391 et
2754 1347 2886 1390 cum
2941 1329 3132 1408 ipsum
3187 1326 3472 1407 praeclare
3501 1337 3557 1389 et
3587 1335 3650 1389 ut

2005 1427 2303 1499 oportebat
2333 1427 2691 1487 honorasset,
2730 1421 2960 1493 deponit
2994 1420 3054 1477 in
3089 1420 3254 1478 honto
3277 1421 3480 1478 domus
3509 1436 3641 1478 suae.

2003 1519 2216 1577 Postea
2248 1531 2387 1574 \ero
2418 1512 2705 1591 templum
2728 1526 2963 1589 quoque
2987 1507 3204 1569 excitat
3231 1507 3466 1588 martyri
3500 1529 3646 1590 prae-

2005 1605 2228 1667 clarum
2257 1611 2315 1664 et
2338 1600 2811 1680 magniﬁcum,et
2845 1603 3051 1677 postea
3081 1596 3559 1658 anniversarium
3594 1600 3648 1661 ei

2006 1696 2215 1756 festum
2247 1691 2681 1754 celebrat.Post
2711 1704 2903 1748 annos
2932 1695 3128 1748 autem
3167 1686 3405 1769 multos,
3443 1686 3650 1749 civita-

280 1785 506 1862 χρόνους
562 1785 597 1850 ἡ
645 1782 698 1837 ἐν
744 1780 930 1838 πόλεσι
986 1779 1375 1856 πανευδαίμων,
1410 1782 1444 1848 ἠ
1504 1784 1916 1858 Κωνσταντίνου,

2009 1793 2129 1846 tum
2160 1775 3111 1856 felicissima,Constantinopolis,
3147 1775 3550 1856 inquam,ejus
3577 1777 3650 1838 ad

279 1873 439 1951 φημὶ,
499 1874 559 1928 τὸ
617 1872 816 1938 ταύτης
879 1870 1230 1944 ἀνακομισθὲν
1308 1867 1584 1949 ἐκδέχεται
1643 1869 1915 1946 λείψανον,

2009 1893 2067 1936 se
2099 1891 2266 1951 expet
2287 1877 2438 1932 tatas
2470 1868 2720 1946 suscipit
2750 1865 3053 1946 reliquias,
3095 1873 3153 1926 et
3185 1883 3284 1925 eas
3316 1864 3562 1944 deponit
3592 1867 3652 1928 in

276 1963 370 2018 καί
435 1969 512 2035 τῷ
560 1959 968 2038 μεγαλοπρεπεῖ
1001 1967 1110 2033 ναῷ
1140 1960 1228 2016 καὶ
1256 1959 1382 2034 ἀξίῳ
1438 1961 1637 2026 ταύτης
1671 1959 1919 2017 ἐναποτί-

2009 1962 2321 2042 magniﬁco
2345 1961 2565 2038 templo
2585 1966 2643 2018 el;
2666 1955 3302 2034 eadigno,thesaurum
3328 1954 3645 2032 bonorum,

275 2054 418 2107 θεται
489 2055 765 2124 θησαυρῶν
825 2049 1058 2127 ἀγαθῶν,
1131 2049 1412 2122 θαυμάτων
1502 2050 1708 2128 πηγὴν,
1760 2049 1919 2126 ῥῶτιν

2009 2051 2224 2112 fontem
2261 2048 2706 2119 miraculorum,
2737 2043 3286 2105 corroborationem
3347 2043 3563 2104 animae
3593 2053 3652 2106 et

275 2141 483 2219 ψυχῆς,
530 2141 688 2216 ῥῶσιν
730 2139 1006 2214 σώματος,
1047 2139 1117 2202 εἰς
1174 2135 1323 2202 δόξαν
1357 2140 1591 2217 (ἰατρὸς,
1657 2141 1776 2194 Υἰιῦ
1832 2141 1918 2195 καὶ

2009 2141 2294 2220 corporis,
2327 2141 2400 2198 ad
2434 2137 2682 2213 gloriam
2716 2132 3080 2206 Patris,Filii
3115 2140 3173 2192 et
3202 2133 3452 2211 Spiritus
3478 2151 3652 2194 sanc-

275 2231 426 2307 ἁγίου
473 2230 818 2301 Πνεύματος,
870 2231 967 2295 τῆς
1025 2232 1150 2301 μιᾶς
1210 2228 1460 2292 θεότητός
1505 2249 1561 2283 τε
1616 2229 1700 2282 καὶ
1756 2229 1916 2303 βασι-

2009 2230 2071 2304 ιί,
2115 2228 2289 2288 unius
2323 2225 2655 2287 divinitatis
2688 2231 2744 2283 et
2777 2223 2942 2300 regni
2981 2243 2993 2283 :
3031 2220 3129 2282 cui
3159 2223 3436 2282 convenit
3460 2222 3652 2283 omnis

273 2316 449 2398 λείας,
481 2320 516 2394 ᾗ
546 2319 732 2396 πρέπει
776 2315 908 2391 τιμη
972 2321 1139 2388 πᾶσα,
1196 2315 1532 2392 μεγαλοσύνη
1563 2339 1622 2371 τε
1674 2319 1761 2373 κιὶ
1819 2340 1920 2392 με-

2009 2320 2218 2391 honor,
2257 2316 2531 2395 majestas
2565 2321 2622 2374 et
2653 2311 3280 2390 magniﬁcentia,nunc
3305 2321 3362 2373 et
3386 2329 3646 2393 semper,

276 2407 643 2486 γαλοπρέπεια
700 2409 784 2462 νῦν
842 2408 927 2462 καὶ
987 2407 1059 2467 εἱς
1095 2407 1212 2469 τοὺς
1272 2407 1462 2470 αἰῶνας
1526 2412 1630 2461 τῶν
1691 2406 1919 2470 αἰώνων,

2009 2417 2067 2469 et
2100 2409 2156 2469 in
2194 2407 2410 2468 saacula
2439 2403 2816 2466 saeculorum.
2847 2401 3065 2464 Amen.

278 2497 336 2555 Ἀ
345 2500 453 2574 μήν
465 2545 479 2559 ,

359 2628 429 2691 S.
483 2629 831 2691 Anastasiw
889 2627 1156 2708 epistolae
1214 2627 1346 2688 dum
1401 2628 1504 2711 ad;
1536 2627 1609 2711 Si
1621 2628 2135 2711 Chrysogonum,
2197 2651 2338 2695 cum
2392 2631 2463 2695 S.
2531 2629 2905 2711 Chrysogoni
2963 2628 3285 2708 rescripto,
3330 2633 3568 2691 exstant

1339 2709 1506 2788 apud
1548 2709 1978 2790 Nicephorum,
2029 2714 2136 2776 lib.
2185 2731 2288 2777 xiv
2331 2715 2396 2775 in
2431 2712 2579 2790 ﬁne.

1639 3046 2290 3134 ΜΑΡΤΥΡΙΟΝ

467 3252 811 3378 ΤΗΣ
909 3247 1425 3378 ΑΓΙΑΣ
1533 3250 2480 3384 ΜΑΡΤΥΡΟΣ
2599 3249 3470 3382 ΕΥΓΕΝΙΑΣ

1622 3621 2298 3707 MARTYRIUM

896 3867 1466 3997 SANCT/E
1556 3870 2265 3980 MARTYRIS
2354 3873 3005 3984 EUGENI/E

543 4187 745 4254 (Latina
773 4189 900 4261 apud
938 4191 1145 4248 Surium
1195 4191 1256 4247 ari
1291 4189 1425 4248 diem
1463 4188 1534 4247 25
1579 4189 1919 4258 Decembris;
1962 4189 2150 4248 Graece
2187 4209 2249 4246 ex
2287 4192 2398 4252 cod.
2442 4208 2538 4250 ms.
2589 4194 2753 4251 Paris.
2801 4211 2853 4251 n.
2899 4193 3056 4262 1195,
3093 4211 3212 4253 szec.
3257 4196 3400 4264 xxv.)

352 4424 436 4486 A’.
490 4427 726 4497 Κομόδου
785 4431 918 4504 μετᾶ
963 4431 1174 4510 Μάρκον
1231 4432 1323 4487 τὸν
1384 4433 1544 4488 αὐτοῦ
1597 4429 1802 4508 πατέρα
1858 4432 1917 4487 τὸ

2082 4432 2129 4494 Ι.
2165 4431 2492 4495 Commodo
2515 4440 2647 4514 post
2666 4433 2929 4496 Marcum
2956 4452 3127 4496 suum
3158 4431 3656 4515 patrem,Roma-

269 4514 580 4589 Ῥωμαϊκὸν
641 4517 908 4598 σκῆπτρον
951 4519 1172 4600 ἔχοντος
1228 4523 1316 4576 καὶ
1364 4518 1588 4596 ἕϐδομον
1651 4520 1767 4580 ἔτος
1810 4517 1913 4587 ἤδη

2009 4538 2143 4582 num
2174 4527 2417 4603 tenente
2446 4522 2794 4603 imperium,
2848 4543 2980 4586 cum
3022 4514 3662 4605 jam’septem'annos

272 4610 348 4680 τῇ
377 4607 524 4684 ἀρχῇ
553 4604 875 4683 διανύοντος,
908 4610 1168 4672 Φίλιππος
1201 4610 1334 4688 ἀνήρ
1382 4633 1464 4673 τις
1511 4616 1618 4666 τῶν
1647 4609 1916 4687 ἐπιφανῶν

276 4691 518 4772 ἔπαρχος
553 4697 815 4774 Αἰγύπτου
851 4699 1176 4773 καθίσταται,
1223 4701 1282 4762 ὃς
1333 4699 1446 4773 ἅμα
1475 4700 1682 4777 γυναικὶ
1744 4699 1922 4756 Κλαυ-

280 4781 366 4854 δίᾳ
419 4786 507 4840 καὶ
539 4795 746 4848 τεκνοις
802 4789 900 4843 ἀνὰ
945 4790 1042 4855 τὴν
1097 4791 1367 4867 Αἴγυπτον
1411 4788 1709 4852 στέλλεται,
1743 4789 1926 4862 Τούτῳ

279 4870 472 4936 παῖδες
533 4876 631 4948 μὲν
691 4875 898 4955 άρῤενες
956 4876 1068 4952 δύο,
1136 4878 1356 4954 Ἀμιτός
1411 4900 1468 4934 τε
1528 4879 1621 4936 καὶ
1681 4878 1921 4955 Σέργιος,

282 4960 517 5040 θυγάτηρ
575 4962 631 5019 δὲ
692 4967 908 5043 Εὐγενία
971 4965 1161 5043 ὄνομα,
1227 4967 1446 5045 εὐγενὴς
1500 4966 1554 5023 δὲ
1611 4968 1699 5024 καὶ
1743 4971 1928 5046 ψυχὴν

284 5049 466 5128 ὥσπερ
497 5052 596 5131 ἄρα
639 5055 726 5110 καὶ
757 5061 913 5128 σῶμα
954 5057 1042 5112 καὶ
1097 5057 1158 5112 τὸ
1206 5055 1405 5121 κάλλος
1453 5055 1713 5135 ἀοίδιμος,
1745 5055 1810 5123 ἧς
1840 5057 1928 5112 καὶ

280 5140 375 5196 τόν
437 5141 550 5217 βίον
581 5146 608 5200 ὁ
653 5141 810 5222 λόγος
866 5142 980 5222 ἄρτι
1024 5159 1142 5209 τοῖς
1185 5144 1486 5226 φιλαρέτοις
1515 5147 1759 5204 ὕπόθεσιν
1801 5167 1930 5222 προ-

280 5231 570 5300 εστήσατο.
606 5232 666 5290 Ὀ
700 5234 796 5308 μὲν
828 5237 915 5290 οὖν
946 5233 1210 5298 Φίλιππος
1240 5237 1313 5299 ὡς
1359 5234 1463 5303 ἤδη
1512 5237 1611 5303 τὴν
1671 5233 1925 5298 Ἀλεξάν-

275 5315 401 5397 δρου
453 5320 608 5378 πόλιν
667 5324 767 5390 τὴν
831 5322 1074 5402 μεγάλην
1131 5323 1414 5402 κατέλαϐε,
1462 5347 1644 5401 νομοις
1691 5325 1754 5381 τὰ
1811 5323 1928 5380 ἐκεῖ

275 5409 452 5466 πάντα
501 5409 686 5486 διῴκει
721 5411 1080 5495 Ῥωμαϊκοῖς,
1114 5416 1202 5472 καὶ
1230 5428 1348 5479 τοῖς
1396 5417 1662 5493 πατρῴοις
1695 5412 1926 5470 ἀκολου-

274 5501 387 5554 θῶν
444 5499 604 5582 ἔθεσι,
652 5501 896 5582 χαλεπὸς
949 5505 1044 5579 μὲν
1109 5505 1170 5573 ἧν
1229 5518 1348 5570 τοῖς
1392 5507 1494 5573 τὴν
1525 5506 1697 5583 μάγον
1723 5503 1928 5584 τέχνην

273 5591 728 5670 μεταχειρίζουσι,
790 5592 1035 5671 χαλεπὸς
1107 5592 1162 5652 δὲ
1240 5608 1358 5660 τοῖς
1427 5594 1774 5668 ’ίουδαίζοοσι
1822 5604 1928 5656 τῶν

2005 4611 2065 4671 in
2099 4628 2168 4672 eo
2202 4612 2606 4691 transegisset,
2637 4613 2878 4693 quidam
2937 4615 3241 4695 Philippus
3279 4615 3364 4674 vir
3396 4613 3655 4674 illustris

2007 4702 2252 4779 [Egypto
2275 4701 2623 4781 proﬁcitur:
2651 4701 2753 4782 qui
2799 4703 2983 4764 simul
3007 4721 3140 4764 cum
3193 4720 3377 4766 uxore
3406 4702 3662 4764 Claudia

2009 4794 2068 4850 et
2089 4788 2225 4848 ﬁliis
2249 4789 2500 4851 mittitur
2520 4790 2582 4851 in
2606 4793 2942 4870 Egyptum.
2973 4791 3040 4853 Ei
3065 4800 3234 4852 erant
3259 4792 3376 4852 duo
3410 4791 3658 4870 quidem

2014 4876 2118 4938 ﬁlii
2144 4878 2622 4956 masculi,Avitas
2651 4889 2712 4942 et
2739 4878 2981 4958 Sergius
3018 4896 3031 4940 :
3070 4879 3189 4942 ﬁlia
3220 4877 3657 4954 autem,nomi-

2013 4983 2089 5028 ne
2117 4965 2358 5045 quidem
2392 4967 2682 5047 Eugenia,
2737 4968 2936 5030 animo
2989 4986 3130 5030 vero
3159 4985 3473 5047 generosa,
3508 4968 3662 5029 sicut

2011 5055 2190 5117 etiam
2221 5073 2475 5137 corpore
2507 5065 2566 5119 et
2623 5057 2815 5118 forma
2872 5056 3144 5136 insignis.
3179 5057 3264 5118 De
3313 5056 3488 5134 cujus
3545 5056 3663 5118 vita

2015 5145 2380 5225 propositum
2414 5154 2503 5207 est
2532 5146 2733 5209 dicere
2768 5146 2904 5206 viris
2935 5146 3110 5208 bonis
3140 5154 3198 5208 et
3227 5145 3458 5206 virtutis
3487 5162 3662 5207 ama-

2013 5233 2268 5296 toribus.
2302 5235 2500 5315 Atque
2533 5236 2848 5317 Philippus
2881 5235 3124 5316 quidem
3162 5243 3471 5315 postquam
3503 5234 3668 5296 venit

2010 5322 2074 5386 in
2107 5342 2377 5402 magnam
2399 5324 2722 5387 Alexandri
2744 5325 3204 5400 civitatem,illic
3235 5324 3438 5386 omnia
3465 5323 3658 5386 admi-

2011 5415 2318 5492 nistrabat,
2352 5420 2656 5480 Romanos
2697 5425 2757 5479 et
2788 5418 3010 5498 patrios
3045 5434 3305 5499 sequens
3339 5433 3556 5480 mores.
3586 5417 3663 5480 Et

2009 5505 2260 5569 infestus
2281 5507 2524 5587 quidem
2556 5515 2683 5568 erat
2713 5507 2787 5570 iis
2811 5508 2913 5590 qui
2945 5517 3133 5570 artem
3167 5505 3498 5570 tractabant
3521 5524 3658 5570 ma-

2009 5596 2225 5676 gicam,
2261 5597 2514 5661 infestus
2541 5608 2744 5662 autem
2769 5606 2829 5662 et
2849 5599 3073 5663 Judaais
3109 5620 3121 5662 :
3151 5599 3392 5662 illorum
3419 5597 3662 5680 quidem
