4056 6142
452 282 564 351 611

1754 259 2034 348 MENSIS
2075 275 2504 351 DECEMBER.

3690 292 3796 359 612

459 421 675 485 multos
705 420 782 482 de
815 420 1012 483 medio
1046 420 1282 493 tollens,
1315 417 1551 481 Judaeos
1584 436 1722 507 vero
1770 437 1846 482 ne
1894 420 2086 507 sinent

2184 421 2281 495 μὲν
2310 428 2399 482 καὶ
2431 426 2659 493 πολλοὺς
2720 428 2970 507 ἀναιρῶν,
3030 425 3309 490 Ἰουδαίους
3360 427 3414 485 δὲ
3449 427 3579 503 μηδέ
3608 431 3795 506 ὀνομά-

454 511 698 594 quidem
721 510 1040 573 nominari:
1071 508 1272 570 mitius
1294 516 1489 570 autem
1513 506 1724 587 agebat
1751 526 1888 570 cum
1921 506 2096 571 Chri-

454 600 858 682 stianis,ipsos
884 600 1123 680 quidem
1143 598 1323 660 etiam
1341 596 1646 677 expellens
1671 616 1701 659 e
1716 596 1972 671 civitate;
1995 596 2098 658 sed

452 699 589 754 ante
623 708 845 765 muros,
881 707 1014 751 cum
1047 687 1129 750 ita
1152 686 1440 766 jussisset
1498 687 1846 768 imperator,
1882 706 1986 749 eos
2011 687 2098 749 si-

457 799 606 842 nens
636 779 856 858 degere
880 775 1477 856 ethabitare.Aperte
1500 786 1696 838 autem
1724 775 2093 852 ostendebat,

453 888 516 930 se
533 868 898 931 Christianos
931 866 1170 947 quidem
1197 865 1465 929 revereri
1500 876 1743 946 propter
1775 866 2096 947 perfectam

453 959 583 1020 vitae
616 957 1047 1037 philosophiam
1078 976 1092 1032 ;
1125 964 1183 1016 et
1215 956 1350 1016 ideo
1383 974 1489 1016 eos
1549 956 1724 1017 etiam
1778 955 2101 1037 praeferens

452 1045 783 1108 cultoribus
813 1045 1296 1107 simulacrorum.
1333 1043 1469 1125 Ipse
1523 1063 1663 1106 vero
1714 1064 1848 1107 cum
1895 1064 2100 1107 rursus

452 1144 757 1198 teneretur
784 1153 818 1196 a
848 1134 1275 1215 superstitione
1307 1142 1366 1195 et
1397 1134 1546 1196 falsa
1602 1134 1915 1214 religione,
1968 1153 2100 1215 qua).

450 1243 484 1286 a
516 1233 685 1305 patre
713 1222 767 1286 ei
801 1223 992 1285 fuerat
1024 1223 1261 1296 tradita,
1294 1232 1520 1285 amaret
1549 1231 1747 1284 autrm
1800 1223 2096 1285 eruditio-

449 1332 586 1376 nem
603 1323 664 1376 et
685 1310 1447 1393 eloquentiam,Eugeniam
1467 1330 1702 1393 quoque
1723 1331 1890 1374 suam
1917 1310 2096 1375 filiam

450 1404 512 1465 in
545 1402 881 1484 disciplinis
911 1402 1182 1464 educavit
1234 1399 1586 1475 liberaliter,
1643 1411 1954 1482 utrumque
1984 1402 2097 1462 do-

449 1512 616 1569 cens,
645 1510 861 1572 nempe
894 1492 1224 1553 Romanam
1257 1499 1315 1552 et
1342 1488 1604 1553 Graecam
1639 1491 1994 1566 orationem,
2042 1500 2102 1554 et

446 1584 695 1645 studens
710 1581 911 1644 videre
925 1598 1052 1642 eam
1072 1580 1241 1641 valde
1267 1589 1604 1660 provectam
1626 1579 1684 1641 in
1704 1579 2096 1661 philosophia.

2183 517 2358 584 ζεσθαι
2417 519 2737 599 συγχωρῶν,
2772 525 3112 596 Χριστιανοϊς
3168 540 3229 596 γε
3274 519 3381 593 μὴν
3439 517 3803 598 ἐπιεικέστερον

2184 605 2534 684 προσεφέρετο
2605 612 2701 674 τῆς
2770 607 2864 682 μὲν
2936 605 3144 672 πόλεως
3201 608 3282 664 καὶ
3346 608 3529 672 αὐτοὺς
3587 607 3800 684 ἐξωθῶν,

2184 691 2411 760 πλησίον
2440 695 2496 753 δέ
2524 720 2625 754 που
2658 698 2758 775 πρὸ
2815 702 2920 753 τῶν
2978 702 3201 776 τειχῶν,
3264 695 3526 773 βασιλέως
3556 698 3690 755 οὕτω
3719 720 3806 755 κε-

2183 780 2492 862 λεύσαντος,
2558 787 2718 865 ἐφιεὶς
2766 784 2964 863 διάγειν
2995 788 3083 841 καὶ
3112 798 3411 844 κατοικεῖν.
3454 786 3625 852 Δῆλος
3656 785 3709 842 δὲ
3747 790 3808 855 ἧν

2183 876 2523 943 Χριστιανοὺς
2556 874 2653 947 μὲν
2682 873 2767 930 διὰ
2820 874 2917 940 τὴν
2960 871 3152 951 ἀκριϐῆ
3211 881 3301 930 τοὺ
3353 874 3468 949 βίου
3516 872 3810 952 φιλοσοφίαν

2185 958 2488 1035 αἰδούμενος
2534 966 2620 1018 καὶ
2677 962 2819 1038 παρὰ
2876 968 3028 1018 τοῦτο
3071 963 3159 1018 καὶ
3221 963 3322 1040 πρὸ
3376 968 3480 1017 τῶν
3533 959 3808 1019 εἰδωλολα-

2184 1056 2319 1127 τρῶν
2354 1051 2649 1126 τιθέμενος,
2687 1052 2852 1117 Αὐτὸς
2909 1049 2961 1106 δὲ
3020 1050 3183 1108 πάλιν
3232 1052 3331 1107 ὐπὸ
3391 1051 3486 1119 τῆς
3543 1073 3808 1130 πατροπα-

2182 1136 2400 1215 ραδότου
2457 1139 2867 1216 δεισιδαιμονίας
2927 1140 3231 1221 ἐχόμενος,
3312 1139 3552 1205 παιδείας
3628 1138 3679 1197 δὲ
3732 1142 3810 1197 καὶ

2182 1224 2357 1305 λόγων
2418 1233 2702 1309 γενόμενος
2756 1229 2978 1306 ἐραστὴς
3036 1228 3131 1284 καὶ
3195 1234 3443 1305 Εὐγενίαν
3475 1229 3601 1296 ,τὴν
3665 1233 3809 1287 αὐτοῦ

2181 1316 2436 1397 θυγατέρα
2496 1318 2845 1394 παιδεύμασιν
2932 1316 3238 1395 ἐλευθερίοις
3316 1318 3563 1397 ἀνέτρεφε
3598 1364 3615 1397 ,
3670 1315 3808 1373 διδά-

2183 1429 2325 1463 σκων
2387 1408 2547 1487 ἄμφω
2603 1410 2691 1464 τὸν
2752 1406 3055 1483 Ῥωμαϊκόν
3111 1429 3171 1463 τε
3217 1408 3303 1462 καὶ
3350 1404 3605 1473 ’Ἕλληνα
3636 1405 3806 1484 λόγον,

2182 1497 2270 1552 καὶ
2321 1496 2634 1577 φιλοσοφίας
2694 1496 2778 1554 ἐπὶ
2838 1496 2978 1573 μέγα
3029 1494 3260 1563 ἤκουσαν
3306 1495 3609 1567 σπουδάζων
3665 1493 3810 1559 ἱδεῐν.

2185 1583 2397 1654 Ἐκείνη
2457 1585 2511 1642 δὲ
2571 1592 2639 1663 τῇ
2691 1591 2791 1653 τῆς
2854 1587 3057 1664 φύσεως
3117 1585 3363 1659 εὐμαθείᾳ
3405 1587 3690 1663 προσθεῖσα
3735 1584 3815 1640 καὶ

448 1670 552 1734 Illa
580 1679 777 1733 autem
813 1689 946 1731 cum
1001 1668 1180 1731 docili
1234 1668 1476 1745 ingenio
1532 1667 1860 1731 addidisset
1921 1669 2086 1731 etialr

2185 1673 2433 1750 ἄσκησιν,
2485 1675 2641 1741 ἀξίως
2701 1677 2838 1733 πάνυ
2887 1688 3005 1739 τοῖς
3048 1674 3228 1751 λόγοις
3290 1673 3492 1730 ’ἔπτατο
3543 1679 3668 1729 πᾶσι
3727 1672 3813 1743 μὲν

449 1759 967 1834 exercitationem,
1001 1757 1285 1820 celeriter
1312 1757 1603 1820 advolavit
1632 1757 1704 1819 ad
1739 1757 2094 1834 doctrinam,

446 1850 714 1912 animum
739 1847 981 1928 quidem
1009 1846 1307 1909 adhibens
1335 1848 1777 1926 omnibus.qnae
1802 1856 1970 1909 erant
1989 1854 2098 1908 uti-

446 1939 576 2001 lia:
629 1938 828 2000 omnia
891 1944 1116 2004 autem,
1177 1934 1392 2016 quibus
1452 1941 1715 1997 animum
1747 1936 2092 2012 adhibebat,

450 2035 647 2089 mente
670 2026 847 2089 facile
876 2025 1375 2106 apprehendens;
1419 2043 1551 2104 quae
1584 2042 1723 2085 vero
1758 2025 2089 2098 didicisset,

443 2117 527 2179 ita
560 2125 776 2179 tenens
801 2114 1111 2192 memoria,
1148 2123 1211 2176 ut
1268 2113 1615 2177 viderentur
1675 2114 1902 2196 scripta
1958 2133 2091 2177 esse

445 2208 505 2270 in
537 2207 669 2287 ejus
697 2206 881 2268 corde
916 2214 1190 2286 tanquam
1226 2203 1287 2264 in
1323 2202 1539 2265 tabulis
1569 2204 1776 2267 aeneis.

523 2294 596 2359 II.
621 2299 768 2359 Cum
800 2295 887 2357 sic
917 2295 1205 2357 doctrinae
1229 2300 1386 2356 esset
1415 2293 1640 2364 dedita.
1675 2294 1859 2355 nihilo
1890 2294 2088 2356 secius

443 2395 567 2450 erat
590 2385 767 2448 etiam
802 2394 1009 2466 suapte
1047 2393 1256 2446 natura
1289 2382 1553 2445 studiosa
1575 2383 1848 2456 virtutis;
1883 2393 1939 2444 et
1965 2393 2088 2446 erat

440 2476 684 2558 quidem
734 2474 912 2554 digna
940 2475 1111 2554 cujus
1137 2481 1489 2536 cerneretur
1517 2474 1775 2553 species,
1811 2482 1868 2534 et
1908 2473 2086 2553 digna

439 2566 608 2646 cujus
624 2564 933 2627 audiretur
962 2564 1176 2625 oratio.
1214 2563 1305 2625 Ad
1348 2561 1700 2622 imitandum
1736 2570 1934 2624 autem
1957 2571 2084 2624 erat

437 2654 717 2717 omnibus
747 2653 907 2714 utilis
939 2662 997 2714 et
1045 2651 1343 2730 salutaris,
1380 2658 1462 2724 et,
1496 2650 1652 2730 quod
1685 2659 1774 2711 est
1803 2651 2082 2713 omnibus

440 2740 881 2822 admirabilius,
914 2758 1047 2802 cum
1081 2739 1345 2800 nondum
1371 2738 1725 2801 excessisset
1754 2745 1939 2801 aetatis
1968 2759 2079 2803 an-

441 2850 583 2894 num
616 2828 915 2892 decimum
947 2835 1205 2908 sextum,
1251 2828 1307 2888 in
1369 2846 1600 2890 morum
1656 2828 1967 2892 honestate
2025 2839 2083 2892 et

440 2920 636 2982 studio
664 2916 896 2979 virtutis
916 2915 1233 2997 superabat
1264 2935 1364 2979 eos
1391 2917 1490 2998 qui
1514 2919 2081 2999 erantretatislonge

441 3006 1001 3091 provectioris.Cum
1025 3015 1222 3069 autem
1252 3007 1437 3069 latere
1471 3026 1588 3069 non
1622 3015 1842 3088 posset,
1879 3012 2082 3071 omnia

439 3096 799 3179 pervadente
841 3095 1017 3172 fama,
1053 3097 1205 3158 hanc
1235 3114 1367 3176 quae
1422 3106 1548 3159 erat
1601 3097 1818 3160 virtute
1867 3098 2079 3161 claris-

2184 1779 2299 1831 τοϊς
2329 1766 2618 1845 ὠφελίμοις
2650 1766 3013 1846 προσέχουσα,
3055 1765 3225 1821 πάντα
3279 1763 3334 1820 δὲ
3386 1766 3475 1827 οῖς
3535 1776 3815 1842 προσεῖχεν

2183 1857 2418 1935 εὐχερῶς
2458 1854 2810 1933 παραδιδοῦσα
2857 1862 2924 1930 τῇ
2981 1853 3182 1925 διανοίᾳ
3216 1874 3229 1890 ’
3277 1852 3310 1908 ἂ
3368 1852 3424 1909 δὲ
3491 1855 3647 1928 μάθοι
3689 1852 3816 1909 οὕτω

2177 1952 2247 2021 τῇ
2278 1947 2468 2023 μνήμη
2497 1943 2886 2025 διακατέχουσα
2929 1946 3003 2007 ὡς
3055 1944 3107 1999 ἐν
3140 1942 3380 2023 χαλκαῖς
3413 1941 3593 2000 δοκεῖν
3620 1940 3806 2007 πίναξιν

2176 2034 2527 2114 ἐγγεγράφθαι
2564 2037 2724 2101 αὐτῆς
2855 2032 3060 2111 καρδίᾳ.

2250 2302 2330 2365 Β’.
2365 2301 2514 2361 Οὕτω
2543 2304 2659 2381 περὶ
2714 2302 2902 2382 λόγους
2964 2299 3164 2381 ἔχουσα
3217 2300 3367 2357 οὐδὲν
3396 2301 3556 2370 ἧττον
3586 2298 3678 2358 καὶ
3705 2300 3794 2368 τὴν

2168 2393 2352 2472 ψυχὴν
2414 2394 2545 2471 πρὸς
2609 2392 2801 2471 ἀρετὴν
2859 2392 2915 2448 εὖ
2945 2390 3216 2471 ἐπεφύκει,
3252 2393 3340 2447 καὶ
3398 2389 3465 2457 ἦν
3518 2390 3647 2447 ἰδεῖν
3704 2390 3796 2464 μὲν

2168 2481 2488 2561 ἀξιοθέατος,
2523 2483 2693 2538 εἰπεῖν
2722 2480 2776 2537 δὲ
2836 2480 3198 2554 ἆξιάκουστος,
3244 2479 3494 2551 ζηλῶσαι
3544 2479 3597 2535 δέ
3650 2484 3799 2535 πᾶσιν

2163 2569 2432 2649 ὠφέλιμος
2488 2573 2572 2627 καὶ
2634 2573 2916 2648 σωτήριος,
2979 2569 3071 2626 καὶ
3130 2571 3189 2625 τό
3247 2591 3302 2625 τε
3362 2569 3578 2626 πάντων
3609 2571 3798 2643 θαυμα-

2162 2662 2414 2736 σιώτερον
2472 2658 2552 2716 ὅτι
2613 2662 2780 2735 μήπω
2835 2661 2896 2715 τὸ
2951 2659 3194 2733 πέμπτον
3248 2657 3365 2723 ἔτος
3448 2660 3536 2715 καὶ
3593 2655 3799 2713 δέκατον

2161 2746 2427 2823 ὐπερϐἆσα
2480 2750 2578 2815 τῆς
2612 2748 2822 2817 ἡλικίας
2878 2749 2952 2812 εἰς
3003 2747 3288 2821 εὐκοσμίαν
3338 2746 3495 2809 ’ἐθοδς
3543 2748 3629 2803 καῖ
3681 2745 3797 2823 ἀρε-

2161 2836 2256 2905 τῆς
2312 2836 2618 2912 ἐπιμέλειαν
2649 2840 2752 2896 τῶν
2789 2835 2975 2910 πολλῷ
3024 2833 3392 2915 πρεσϐυτέρων
3448 2835 3547 2903 τὴν
3602 2833 3797 2904 ἡλικίαν

2162 2924 2392 3003 ἐκράτει,
2453 2925 2604 2984 Ἐπεὶ
2660 2925 2715 2983 δέ
2758 2927 2836 3000 μὴ
2893 2925 3021 3005 ε’ίχε
3078 2924 3287 2998 λαθεῖν,
3348 2926 3450 2992 τῆς
3510 2925 3684 3003 φήμης
3713 2920 3792 2976 διὰ

2163 3016 2378 3072 πάντων
2436 3016 2745 3096 χωρούσης,
2800 3015 2897 3082 τὴν
2969 3011 3315 3080 ἐνδοξοτάτην
3365 3013 3488 3071 κατ’
3532 3014 3714 3091 ἀρετὴν
3768 3010 3793 3065 ὃ

2163 3104 2497 3171 ἐνδοξότατος
2526 3106 2623 3173 τὴν
2671 3104 2952 3172 πολιτικὴν
3001 3103 3179 3182 ἀρχὴν
3219 3103 3586 3178 ἐμνηστεύετο
3646 3100 3794 3158 Ἀκυ-

437 3188 612 3268 sima,
647 3191 708 3247 in
762 3185 1283 3248 administratione
1329 3185 1676 3266 reipublicae
1717 3187 2082 3250 clarissimus

2173 3195 2336 3270 λϊνος,
2381 3194 2578 3258 ὕπατος
2622 3192 2697 3251 ὢν
2730 3199 3019 3261 τηνικαῦτα
3050 3193 3138 3248 καὶ
3169 3191 3331 3256 ἄλλος
3399 3194 3465 3248 τὰ
3496 3191 3673 3271 πρῶτα
3700 3191 3793 3246 τῶν

435 3273 753 3357 despondit
801 3274 1112 3355 Aquilinus
1170 3274 1468 3356 [Aquilius
1516 3293 1617 3337 seu
1665 3277 1943 3358 Acilius],
1979 3279 2082 3357 qui

440 3374 581 3428 tunc
612 3372 738 3427 erat
762 3364 994 3446 consul,
1024 3374 1081 3426 et
1098 3363 1325 3443 alioqui
1348 3364 1589 3428 tenebat
1606 3365 1861 3446 primum
1887 3367 2079 3430 locum

432 3454 591 3538 apud
611 3454 909 3518 Romanos
940 3454 1531 3536 nobilesPostquam
1566 3473 1706 3517 vero
1727 3467 2081 3535 rogaverunt

435 3542 1016 3628 parentes,nunquid
1043 3543 1100 3606 ei
1129 3544 1295 3608 cordi
1314 3553 1474 3607 esset
1499 3546 1838 3626 conjugium
1864 3555 1922 3608 et
1943 3566 2080 3627 gra-

434 3646 531 3699 tus
551 3653 830 3717 sponsus,
867 3634 963 3696 hic
988 3634 1245 3696 maxime
1266 3633 1532 3712 Eugenia
1554 3635 1815 3696 ostendit
1844 3637 2079 3715 signum

430 3726 705 3807 generosi
727 3722 1184 3796 animi.Quidvis
1208 3724 1367 3786 enim
1392 3724 1597 3804 potius
1614 3724 1732 3805 pati
1753 3727 2076 3802 sustinens,

433 3833 610 3897 quam
643 3813 756 3875 sibi
780 3812 1017 3875 charam
1045 3813 1346 3895 expellere
1364 3814 1783 3893 virginitatem,
1812 3823 1870 3878 et
1897 3816 2075 3878 amit-

2161 3285 2304 3363 παρὰ
2362 3284 2641 3359 Ῥὧμαίοις
2715 3281 2859 3363 ἔχων
2944 3279 3290 3360 εὐπατριδῶν,
3351 3281 3510 3338 Ἐπεὶ
3580 3286 3697 3358 γοῦν
3750 3290 3793 3333 οι

2160 3385 2338 3452 γονεῖς
2409 3373 2718 3453 προσιόντες
2783 3372 3029 3452 ἠρώτων,
3087 3372 3129 3427 εἰ
3185 3370 3320 3427 κατᾶ
3378 3373 3500 3428 νούν
3557 3373 3583 3427 ὁ
3632 3369 3791 3447 γάμος

2162 3466 2295 3539 αὐτῇ
2324 3463 2408 3519 καὶ
2453 3462 2672 3539 ἀρεστὸς
2708 3464 2735 3517 ὁ
2778 3461 3024 3540 νυμφίος,
3056 3459 3275 3517 ἐνταῦθα
3319 3457 3377 3515 δέ
3429 3461 3517 3516 καὶ
3576 3457 3793 3534 μάλιστα

2166 3551 2381 3629 Εὐγενία
2436 3554 2534 3617 τῆς
2588 3555 2772 3630 ψυχῆς
2824 3550 3087 3627 εὐγενείας
3148 3546 3345 3605 ἐδείκνυ
3405 3551 3465 3605 τὸ
3515 3544 3787 3623 σύμϐολον.

2161 3641 2340 3697 Πάντα
2376 3640 2474 3720 γὰρ
2531 3638 2734 3716 μᾶλλον
2785 3642 2971 3695 παθεῖν
3024 3638 3366 3715 ὑπομένουσα
3414 3638 3449 3706 ἢ
3494 3638 3592 3705 τὴν
3639 3634 3788 3713 φίλην

2161 3735 2294 3807 αὐτῇ
2342 3730 2620 3808 παρθενίαν
2666 3728 2976 3786 ἀπώσασθαι
3034 3728 3121 3785 καὶ
3172 3730 3270 3795 τὴν
3322 3726 3536 3806 ἁγνείαν
3592 3721 3790 3781 ἀποϐα-

2160 3819 2301 3895 λεῖν,
2362 3819 2625 3899 σοφίζεται
2682 3818 2803 3884 τούς
2857 3817 3170 3892 τεκόντας..
3213 3821 3309 3874 Καὶ
3369 3818 3432 3873 τὸ
3485 3815 3580 3892 μέν
3650 3812 3790 3893 γένος

439 3913 564 3965 tere
611 3901 965 3981 castitatem,
1026 3911 1302 3982 parentes
1359 3910 1489 3965 arte
1536 3902 1812 3984 decipit;
1863 3912 1923 3966 et
1976 3905 2081 3965 viri

2173 3908 2347 3985 ἒπῂνει
2396 3917 2490 3968 τοῦ
2539 3905 2745 3986 ἀνδρὸς,
2804 3908 2896 3963 τὸν
2957 3906 3150 3984 τρόπον
3190 3904 3246 3961 δέ
3304 3906 3530 3983 ἡττᾶτο,
3566 3905 3651 3962 καὶ
3691 3902 3790 3980 ὅτι,

440 3992 680 4074 quidem
710 4007 897 4069 genus
926 3990 1411 4068 laudavit,mores
1441 3999 1636 4054 autem
1669 3993 2076 4073 reprehendit:

2173 4000 2348 4079 φησὶν,
2404 3996 2636 4061 ἐκείνους
2693 3994 2775 4053 δεῖ
2833 3997 2905 4058 ὡς
2964 3997 3030 4052 τὰ
3093 3993 3266 4052 πολλὰ
3339 3993 3643 4074 ἐκλέγεσθαι
3697 3997 3795 4079 τῶν

445 4088 505 4145 et
551 4087 807 4162 oportet,
868 4079 1082 4168 inquit,
1144 4091 1206 4143 ut
1259 4080 1579 4162 plurimum
1653 4082 1784 4144 illos
1831 4101 2083 4164 sponsos

2173 4076 2399 4168 νυμφίων
2430 4101 2487 4143 οῖ
2512 4088 2573 4143 τὸ
2604 4085 2753 4164 γένος
2806 4086 3061 4160 κόσμοῦσι
3115 4083 3339 4160 μᾶλλον,
3388 4087 3492 4164 οὐχ
3520 4082 3574 4141 οἳ
3605 4080 3684 4138 διὰ
3711 4076 3796 4136 τοῦ

450 4169 808 4250 eligere,qui
838 4167 1050 4250 generi
1077 4180 1492 4233 ornamentum
1526 4171 1804 4250 atl‘erunt,
1832 4189 1953 4232 non
1984 4174 2085 4253 qui

2173 4167 2349 4257 γένους
2394 4180 2708 4253 κοσμεῖσθαι
2761 4174 3057 4252 βούλονται.
3100 4174 3318 4232 Πολλῶν
3369 4172 3425 4231 δέ
3487 4175 3574 4230 καὶ
3629 4170 3795 4232 ἄλλων

445 4265 652 4323 volunt
705 4259 902 4322 ornari
932 4278 967 4321 a
990 4278 1239 4338 genere.
1272 4263 1420 4322 Cum
1478 4269 1673 4321 autem
1706 4260 1874 4322 multi
1906 4261 2081 4325 etiam

2173 4266 2544 4344 ἐξαιτουμένων
2602 4265 2767 4330 αὐτὴν
2824 4265 2970 4338 παρὰ
3011 4271 3117 4321 τῶν
3160 4265 3423 4321 τεκόντων
3480 4262 3689 4334 πλούτῳ
3748 4277 3793 4314 τι

444 4350 548 4414 alii
578 4367 707 4413 eam
742 4357 1063 4430 peterenta
1095 4349 1620 4429 parentibus,clari
1652 4349 1865 4431 opibus
1887 4360 1945 4414 et
1973 4372 2083 4432 ge-

444 4457 611 4515 nere,
650 4457 727 4502 ne
748 4438 834 4499 illi
865 4439 1106 4521 quidem
1166 4437 1409 4500 omnino
1463 4436 1522 4498 in
1578 4438 1854 4501 omnibus
1899 4442 2085 4504 defuit

443 4530 691 4592 honesta
719 4527 1039 4590 excusatio.
1076 4527 1192 4589 Sed
1252 4526 1456 4607 specie
1484 4527 1724 4608 quidem
1755 4530 2085 4611 repellebat

443 4635 605 4695 eum,
636 4614 737 4698 qui
785 4634 947 4678 nunc
999 4616 1230 4678 volebat
1276 4616 1497 4678 ducere
1555 4635 1839 4693 uxorem;
1872 4639 2083 4684 revera

442 4723 582 4771 vero
613 4705 860 4769 omnino
881 4705 1198 4769 recusabat
1216 4705 1754 4789 matrimonium,et
1783 4709 1898 4771 hoc
1926 4719 2075 4787 erat,

442 4797 613 4879 cujus
642 4796 834 4859 solum
891 4794 1089 4859 studio
1148 4794 1480 4872 tenebatur,
1541 4815 1759 4879 nempe
1808 4806 1873 4860 ut
1924 4807 2081 4861 esset

440 4895 625 4951 casta.
682 4887 780 4951 Sic
808 4902 935 4967 vas,
961 4885 1121 4967 quod
1151 4892 1278 4948 erat
1305 4885 1641 4967 speciosum
1674 4896 1733 4950 et
1765 4887 2074 4967 mundum,

439 4986 707 5059 paratum
738 4984 866 5039 erat
894 4976 1123 5040 scilicet
1142 4975 1216 5038 ad
1245 4974 1510 5039 divinum
1543 4984 1911 5056 unguentum
1943 4997 2081 5040 sus-

437 5065 803 5148 cipiendum.
837 5063 1159 5144 Propterea
1207 5063 1362 5127 bona
1419 5083 1600 5146 opera
1648 5064 1807 5127 bona
1842 5084 2083 5147 quoque

438 5156 585 5218 fides
610 5174 744 5217 mox
776 5164 866 5216 est
893 5163 1119 5235 secuta,
1155 5162 1216 5218 et
1244 5174 1392 5236 pura
1444 5155 1702 5218 accessit
1749 5154 1825 5216 ad
1862 5174 2079 5236 purum

433 5244 657 5308 fontem
690 5243 944 5325 pietatis.
976 5242 1085 5306 Rei
1112 5252 1310 5306 autem
1343 5246 1466 5307 haec
1501 5246 1610 5306 fuit
1633 5244 1895 5309 occasio.

515 5336 616 5397 Ill.
647 5334 825 5399 Venit
875 5342 933 5396 et
986 5333 1051 5394 in
1099 5352 1309 5396 manus
1364 5334 1528 5397 Pauli
1570 5335 1752 5397 divini
1788 5336 2079 5417 praeconis

437 5422 673 5486 divinus
700 5422 853 5486 liber
900 5422 1328 5504 Epistolarum,
1363 5430 1425 5486 et
1454 5441 1591 5486 cum
1623 5426 1697 5488 ad
1721 5442 1790 5486 ea
1819 5443 1951 5507 quae
1978 5426 2074 5489 di-

436 5512 727 5575 cebantur
756 5510 1168 5591 intelligenda,
1201 5520 1464 5575 mentem
1487 5516 1654 5575 suam
1685 5512 2080 5591 defixisset,et

438 5600 810 5681 cognovisset
837 5618 978 5664 vero
1021 5618 1203 5664 unum
1257 5617 1391 5664 esse
1417 5599 1630 5683 Deum,
1663 5604 1765 5682 qui
1794 5601 1934 5667 fecit
1963 5605 2076 5671 hoc

2167 4357 2426 4438 λαμπρῶν
2484 4357 2573 4413 καὶ
2616 4356 2693 4431 τῷ
2734 4353 2874 4434 γένει
2905 4358 3205 4432 περιφανῶν
3252 4351 3484 4417 οὐδόλως
3529 4352 3613 4408 ἐπὶ
3645 4354 3792 4407 πᾶσιν

2167 4434 2343 4515 ἐκείνη
2395 4445 2740 4526 εὐπροσώπου
2824 4444 3099 4523 ἠπόρησεν
3175 4443 3446 4523 ἀφορμῆς.
3508 4438 3669 4498 Ἀλλά
3722 4434 3819 4527 τῷῆ

2165 4539 2263 4614 μὲν
2291 4535 2469 4594 δοκεῖν
2512 4537 2604 4591 τὸν
2658 4538 2830 4613 γῆμαι
2884 4540 2971 4591 νῦν
3030 4531 3354 4609 βουλόμενον
3409 4531 3698 4600 ἀπωθεϊτο,
3727 4528 3791 4601 τῇ

2163 4625 2218 4682 δὲ
2276 4623 2497 4696 ἀληθείᾳ
2546 4625 2636 4702 τδν
2692 4624 2864 4702 γάμον
2923 4621 3060 4685 ὅλως
3132 4620 3398 4697 ἐξώμνυτο
3432 4637 3447 4652 ο
3504 4622 3591 4676 καὶ
3645 4621 3789 4675 τοῦτο

2164 4718 2326 4793 μόνον
2362 4715 2496 4791 αὐτῇ
2541 4698 2626 4768 διὲ
2681 4698 2864 4775 τέλους
2907 4710 2974 4779 ἦν
3017 4711 3265 4789 ἁγνεῦσαι
3327 4712 3388 4766 τὸ
3432 4705 3788 4793 σπουδαζόμεέ

2163 4792 2275 4866 νον.
2309 4803 2459 4862 Οὕτω
2490 4805 2549 4861 τὸ
2593 4810 2777 4865 σκεῦος
2817 4803 3089 4878 εὐπρεπῶς
3144 4821 3203 4858 τε
3243 4801 3332 4857 καὶ
3373 4802 3613 4878 καθαρῶς
3667 4792 3787 4873 ἕχόν

2161 4893 2376 4971 ἕτοιμον
2417 4893 2484 4961 ἢν
2539 4893 2612 4950 εἷς
2659 4889 2937 4970 ὑποδοχὴν
2993 4896 3086 4945 τοῦ
3156 4891 3293 4947 θείου
3345 4886 3550 4955 δηλαδὴ
3609 4884 3784 4962 μύρου,

2167 4984 2265 5041 Διὰ
2323 4989 2473 5039 τοῦτο
2531 4983 2616 5038 καὶ
2669 4980 2793 5037 ὅσον
2850 4979 2998 5037 οὔπω
3056 4991 3173 5041 τοῖς
3205 4977 3397 5042 καλοῖς
3450 4975 3619 5055 ἔργοις
3646 4972 3729 5029 καὶ
3754 4971 3788 5036 ἡ

2163 5071 2343 5137 καλῶς
2376 5071 2575 5151 ἔχουσα
2604 5071 2779 5133 πίστις
2839 5067 3187 5136 ἐπηκολούθει
3237 5069 3325 5124 καὶ
3379 5069 3415 5135 ἦ
3469 5060 3668 5141 καθεὶρά
3716 5061 3789 5151 ﬁt?

2163 5164 2375 5240 καθαρῷ
2408 5142 2535 5227 Πτῆς
2594 5156 2855 5220 εὐσεϐείας
2932 5157 3151 5236 προσῄει
3210 5155 3362 5235 φωέί.
3428 5153 3686 5233 Πρόφασις
3739 5142 3791 5201 δὲ

2164 5259 2258 5308 τοῦ
2287 5251 2600 5330 πράγματος
2612 5295 2623 5308 .
3176 5252 3180 5256 ’

2243 5327 2339 5400 Γ’.-
2370 5327 2528 5396 Ἠκεν
2554 5340 2628 5405 εἰς
2657 5350 2848 5418 χεῖρας
2879 5338 3013 5414 αὐτῇ
3046 5334 3252 5393 Παύλου
3304 5342 3394 5392 τοῦ
3439 5332 3575 5391 θείου
3597 5416 3607 5418 Α
3628 5327 3783 5418 κήρυ·

2162 5452 2254 5497 κος
2298 5431 2333 5498 ἡ
2382 5427 2491 5487 θεία
2540 5412 3029 5485 τῶνἾἚπιστολιῖιν
3083 5421 3286 5503 βίϐλος,
3331 5425 3419 5480 καὶ
3473 5419 3540 5495 τῇ
3589 5412 3787 5503 διανοίᾳ

2158 5524 2265 5579 τῶν
2317 5520 2491 5601 λόγων
2547 5519 2790 5599 ἐρείσασα
2843 5518 2944 5586 τὴν
2992 5502 3180 5597 ψυχὴν
3240 5516 3329 5572 καὶ
3375 5519 3569 5593 γνοῦσα
3596 5507 3675 5566 ὅτι
3704 5502 3784 5566 εἷς

2163 5613 2291 5677 Sed;
2321 5611 2462 5669 ἐστιν
2490 5608 2723 5686 ἀληθὴς,
2754 5611 2783 5668 ὁ
2812 5609 2875 5666 τὸ
2905 5612 3010 5664 πᾶν
3041 5611 3194 5664 τούτο
3240 5602 3574 5680 πεποιηκὼς,
3632 5616 3782 5676 περι-
