4056 6142
289 322 406 390 613

1451 316 1924 386 MARTYRIUM
1969 313 2029 381 S.
2079 315 2462 380 EUGENLE.

3534 320 3651 384 614

292 460 565 517 λάμπεται
625 460 722 534 μὲν
767 459 949 517 αὖτίκα
994 460 1086 516 τὸν
1128 463 1270 536 νοῦν,
1327 455 1419 512 ait:
1481 457 1565 516 καὶ
1631 456 1692 512 ἐκ
1732 455 1934 512 πολλοῦ

2024 453 2381 526 universum,
2421 458 2618 513 mente
2649 451 2891 529 quidem
2924 452 3120 512 statim
3175 450 3559 531 illuminatur,
3589 465 3653 518 ut

292 553 474 606 τοῦτον
535 548 904 629 καθηραμένη,
935 549 1072 604 κατὰ
1111 546 1295 626 ψυχὴν
1338 544 1392 602 δὲ
1437 546 1498 602 τό
1541 567 1601 622 γε
1661 553 1748 602 νόν
1803 545 1932 624 ἕχον

293 646 372 712 τῷ
417 643 628 716 Χριστῴ
683 638 1010 695 πιστεύσασα
1049 636 1102 690 ὲν
1163 641 1242 709 τῷ
1294 641 1502 714 φανερῷ
1535 635 1632 700 τὴν
1688 640 1792 690 τῶν
1850 657 1930 689 τε·

290 730 490 786 κόντων
535 727 732 784 λύσσαν
788 725 1160 782 ὑποϐλέπουσα
1204 727 1294 791 ἦν.
1359 722 1506 781 Ἐπεὶ
1566 722 1620 779 δὲ
1678 722 1773 779 καί
1827 724 1931 799 βα-

289 816 482 880 σιλέως
545 818 724 896 ἐφοίτα
786 818 1102 894 πρόσταγμα
1133 814 1232 880 ἔξω
1288 821 1487 894 τειχῶν
1517 815 1638 875 τοὺς
1677 819 1931 891 Χριστια-

290 910 408 972 νοὺς
439 905 682 981 ἐξωθοῦν,
727 907 812 962 καὶ
849 908 872 961 ὃ
915 904 1153 984 ἔπαρχος
1186 902 1288 971 ἤδη
1320 903 1472 981 ἔργου
1502 903 1726 981 ἥπτετο,
1773 902 1930 981 αὕτη,

289 995 600 1075 γλιχομένη
662 995 798 1053 κατᾶ
854 993 1058 1062 πολλὴν
1114 992 1288 1049 ἄδειαν
1358 1000 1680 1070 Χριστιανῶν
1738 1014 1794 1048 τε
1847 994 1932 1048 καὶ

287 1090 387 1154 τῆς
448 1085 661 1140 ἐκείνων
725 1083 1020 1143 ἀπολαῦσαι
1072 1082 1432 1162 διδασκαλίας,
1484 1085 1778 1152 σκήπτεται
1835 1082 1932 1156 μὲν

289 1181 394 1231 τῶν
440 1173 493 1230 ὲν
538 1175 726 1252 ἀγροῖς
757 1173 918 1252 χάριν
954 1173 1184 1252 χαρίτων
1230 1173 1317 1228 καί
1363 1174 1459 1238 τῆς
1517 1171 1718 1228 ἐκεῖθεν
1775 1172 1930 1226 εὔιε-

290 1263 401 1344 ρίας
440 1265 756 1342 ἐκχωρῆσαι
813 1263 911 1329 τῆς
951 1260 1146 1326 πόλεως
1189 1264 1279 1317 καὶ
1324 1261 1418 1328 τὴν
1466 1262 1650 1340 ψυχὴν
1708 1262 1930 1340 μετρίως

292 1361 398 1409 τῶν
457 1356 555 1419 τῆς
615 1351 852 1417 παιδείας
910 1350 1194 1432 φροντίδων
1241 1352 1448 1407 ἀνεῖναι
1483 1369 1499 1385 '
1533 1352 1645 1407 ἐπεὶ
1672 1350 1726 1406 δὲ
1758 1355 1805 1407 οἱ
1847 1372 1933 1407 τε·

294 1444 480 1507 κόντες
526 1441 671 1499 ούδὲν
725 1443 1107 1504 ὑποπτεύοντες
1161 1441 1386 1520 ἐφῆκαν⁷
1459 1441 1681 1515 ἑτοίμως
1739 1439 1934 1506 ἔξεισιν

295 1535 370 1596 εἰς
427 1534 522 1596 τὰς
576 1532 783 1606 κώμας.
823 1532 1023 1610 Χωρίον
1071 1529 1126 1586 δέ
1169 1553 1218 1586 τι
1279 1527 1653 1588 καταλαϐοῦσα
1695 1533 1783 1587 καὶ
1829 1551 1933 1605 μο-

295 1636 494 1700 ναχοῖς
527 1621 582 1677 ἔν
612 1642 672 1700 γε
706 1622 873 1693 τούτῳ
917 1627 1276 1700 περιτυχοῦσα
1319 1620 1542 1685 πολλοις
1599 1642 1655 1676 τε
1705 1623 1793 1676 καὶ
1836 1643 1934 1677 κο-

297 1713 475 1786 σμίοις
522 1713 610 1767 καὶ
664 1710 778 1766 λίαν
829 1712 1091 1774 εὖτάκτως
1137 1709 1318 1782 ᾅδουσι
1377 1715 1474 1777 τῆς
1523 1713 1664 1790 ἱερὰς
1729 1711 1934 1778 ἐκείνης

2016 563 2146 624 quin
2177 561 2304 605 eam
2356 543 2457 604 diu
2508 552 2643 603 ante
2701 541 2946 602 haberet
2979 550 3307 622 purgatam,
3342 549 3398 603 et
3453 553 3652 624 parata

2018 642 2174 695 esset
2212 633 2282 694 ad
2342 631 2603 692 divinum
2657 630 2944 710 Spiritum
2978 631 3450 712 suscipiendum.
3504 633 3649 696 Cum

2013 731 2209 784 autem
2238 721 2298 781 in
2331 721 2643 800 praesentia
2687 728 2887 780 mente
2918 720 3151 781 Christo
3184 721 3559 800 credidisset,
3595 731 3654 788 in

2013 820 2216 891 aperto
2235 819 2547 890 parentum
2582 827 2826 871 suorum
2851 809 3001 870 celat
3022 809 3304 873 furorem.
3335 813 3654 894 Postquam

2016 918 2154 962 vero
2209 900 2367 960 venit
2423 899 2727 960 decretum
2785 899 3182 978 imperatoris,
3250 909 3412 962 extra
3456 921 3658 966 muros

2018 989 2324 1064 expellens
2355 988 2813 1069 Christianos,et
2835 989 3144 1068 praefectus
3176 989 3289 1050 hoc
3314 991 3437 1069 jam
3457 1011 3659 1073 aggre-

2017 1079 2314 1158 diebatur,
2357 1078 2485 1158 ipsa
2533 1078 2890 1140 desiderans
2919 1096 3131 1140 secure
3169 1079 3283 1139 frui
3313 1080 3690 1145 Christianis

2017 1177 2074 1230 et
2099 1186 2304 1229 eorum
2339 1168 2632 1243 doctrina,
2671 1168 2836 1245 fingit
2887 1167 3150 1248 quidem.
3185 1187 3251 1229 se
3284 1177 3345 1230 ut
3390 1189 3530 1233 rure
3559 1191 3657 1235 re-

2017 1266 2200 1330 creet,
2237 1267 2297 1318 et
2326 1257 2480 1318 bona
2537 1257 2769 1317 fruatur
2825 1257 2981 1318 aeris
3016 1259 3332 1338 temperie,
3365 1262 3661 1327 excedere

2019 1366 2051 1408 e
2083 1347 2338 1414 civitate.
2373 1353 2436 1409 et
2469 1354 2532 1408 ut
2565 1364 2773 1427 parum
2832 1345 3055 1408 relaxet
3085 1347 3349 1409 animum
3382 1368 3415 1409 a
3444 1351 3660 1413 studiis

2020 1437 2652 1516 doctrinaxPoMquam
2670 1443 2864 1497 autem
2887 1436 3030 1497 nihil
3055 1437 3333 1516 suspicati
3357 1450 3655 1519 parentes,

2019 1545 2146 1588 eam
2182 1525 2355 1586 facile
2381 1525 2758 1604 dimiserunt,
2796 1525 3107 1600 egreditur
3161 1525 3220 1586 in
3270 1527 3450 1589 vicos.
3513 1529 3658 1592 Cum

2017 1618 2276 1676 venisset
2329 1623 2524 1676 autem
2580 1616 2638 1676 in
2688 1614 2988 1692 quoddam
3052 1615 3360 1694 przedium,
3411 1618 3557 1680 etin
3589 1638 3660 1682 eo

2018 1705 2328 1766 incidisset
2360 1705 2418 1765 in
2460 1705 2679 1766 multos
2725 1704 3044 1765 monachos
3073 1704 3242 1766 valde
3267 1705 3568 1789 honestos,
3603 1718 3662 1771 et

298 1802 477 1856 ἀκούει
521 1805 701 1880 φωνῆς
739 1821 755 1836 ·
820 1822 843 1856 α
885 1801 1079 1864 Πάντες
1111 1801 1156 1855 οἱ
1188 1801 1292 1855 θεοὶ
1324 1802 1429 1855 τῶν
1459 1802 1620 1856 ἒθνῶν
1665 1799 1931 1875 δαιμόνια,

2024 1813 2338 1856 numerose
2414 1801 2720 1872 canentes,
2777 1793 2944 1855 audit
3005 1804 3439 1857 sacrosanctam
3499 1798 3661 1860 illam

298 1882 357 1948 Ὀ
403 1889 458 1945 δὲ
507 1891 689 1968 Κύριος
723 1892 839 1954 τοὺς
881 1892 1128 1968 οὖρανοὺς
1179 1889 1418 1956 ἐποίησε.
1475 1913 1500 1944 ο
1555 1893 1716 1948 Τοῦτο
1763 1891 1936 1958 ἐκείνη

291 1981 568 2036 ἀκούσασα
612 1982 698 2036 καὶ
756 1981 935 2056 ὥσπερ
989 1979 1070 2035 ἐπὶ
1134 1984 1202 2054 τῇ
1230 1985 1462 2056 πατρικῇ
1515 1977 1689 2055 πλάνῃ
1729 1982 1938 2055 βαθείας

290 2071 554 2146 αἰσχύνης
638 2069 1042 2136 ὑποπλησθεῖσα
1108 2068 1344 2137 στενάζει
1421 2068 1517 2142 μὲν
1587 2067 1646 2122 Ex
1724 2068 1934 2148 καρδίας

289 2159 578 2237 περιπαθὲς
621 2182 670 2214 τι
701 2161 784 2214 καῖ
818 2161 1016 2236 βύθιον,

380 2338 469 2397 Δ¹.
521 2345 822 2416 Στραφεῖσα
879 2335 932 2391 δὲ
990 2339 1116 2414 πρὸς
1178 2337 1294 2398 τοὺς
1343 2335 1698 2416 ἐφεπομὲνους
1751 2336 1932 2393 εὐνού-

287 2450 451 2507 χους,
499 2431 572 2482 ῶν
614 2429 641 2482 ὁ
695 2427 791 2500 μὲν
850 2426 1121 2506 Πρωτέας²
1168 2430 1194 2482 ὁ
1239 2425 1286 2481 δὲ
1340 2425 1608 2486 Ὑάκινθος
1662 2425 1930 2499 ἐκαλεῖτο,

1107 2475 1121 2506 ⁷

291 2517 476 2592 λόγων
514 2515 569 2572 δὲ
612 2516 755 2572 οὗτοι
789 2515 962 2592 σοφῶν
1008 2517 1093 2571 καὶ
1124 2515 1433 2594 φιλοσορῖας
1493 2515 1740 2590 ἐπήκοοι,
1799 2515 1939 2573 Οἶνα

295 2608 402 2682 μὲν
455 2607 615 2680 ὑμᾶς,
663 2604 787 2684 ἔφη,
854 2610 940 2660 καὶ
999 2603 1236 2670 παιδείας
1295 2604 1687 2668 ἀπολαύσαντες
1749 2604 1939 2669 ἱκανῶς

293 2699 388 2752 καὶ
445 2694 670 2772 δόγμασι
715 2695 1098 2773 περιτυχόντας
1171 2702 1347 2772 σοφῶν
1406 2693 1505 2750 ὅσα
1547 2716 1604 2751 τε
1650 2696 1937 2771 Σωκράτης

296 2787 389 2842 καὶ
439 2784 815 2862 Ἀριστοτέλης
888 2787 974 2841 καὶ
1060 2785 1278 2842 Πλάτων
1357 2787 1442 2841 καὶ
1524 2787 1557 2852 ἡ
1612 2787 1939 2862 περιώνυμος

295 2874 485 2940 ἐξῆλθε
529 2877 680 2950 στοὰ,
725 2876 761 2938 ἦ
818 2896 874 2930 τε
931 2881 1037 2930 τῶν
1080 2875 1459 2950 Ἐπικουρείων
1525 2873 1645 2938 δοξα
1701 2871 1938 2951 παρέδω-

301 2986 420 3043 κεν,
469 2966 660 3038 ὁμοίως
704 2964 757 3019 δὲ
815 2966 903 3020 καὶ
963 2965 1203 3032 ποιητῶν
1236 2964 1411 3025 ἄλλων
1444 2967 1530 3019 καὶ
1561 2970 1823 3044 σοφιστῶν
1856 2963 1940 3018 καὶ

303 3052 426 3108 ὅσοι
484 3055 574 3121 τὴν
635 3057 741 3110 τῶν
795 3053 959 3110 ὄντων
1013 3055 1237 3133 αὗχοῠσι
1299 3059 1493 3132 γνῶσιν
1572 3053 1664 3108 οὒκ
1726 3052 1938 3126 ἀμαθῶς

299 3143 556 3222 ἔχοντας,
601 3143 742 3198 ’Ίστε
774 3150 899 3219 γοῦν
947 3145 1020 3207 ὡς
1071 3151 1232 3199 ταῦτα
1276 3144 1447 3199 πάντα
1507 3141 1794 3219 μυθολογία
1837 3163 1938 3197 σα-

292 3233 406 3311 φὴς
466 3234 552 3288 καὶ
595 3232 882 3298 πιθανότης
928 3233 1343 3310 παρακρούεσθαι
1402 3233 1521 3294 τοὺς
1575 3230 1803 3296 πολλοὺς
1847 3229 1967 3287 δ·›-⁴

294 3321 524 3395 ναμένη,
573 3320 741 3377 Ἀλλά
799 3323 883 3378 καὶ
928 3327 1031 3377 τῶν
1076 3321 1213 3399 μέγα
1269 3322 1386 3399 περὶ
1443 3323 1540 3389 τὴν
1596 3327 1788 3400 γνῶσιν
1835 3323 1934 3378 αὒ-

292 3413 540 3489 χούντων
564 3408 834 3479 Ἐλλήνων
862 3414 906 3467 οἱ
935 3412 1032 3485 μὲν
1065 3410 1168 3468 οὐδ’
1199 3410 1336 3474 ὅλως
1388 3415 1542 3467 εἷπον
1593 3414 1733 3466 εἶναι
1779 3412 1931 3484 Θεὸν,

288 3502 342 3555 οἱ
387 3498 441 3554 δὲ
485 3499 714 3562 πολλοὺς
760 3503 897 3556 εἶναι
933 3500 1175 3574 μείζονας
1207 3503 1293 3557 καὶ
1340 3499 1625 3564 ἐλάττονας
1686 3499 1936 3573 ἐδοκίμα-

289 3611 418 3651 σαν,
454 3593 606 3646 Οὔτοι
667 3597 789 3666 γοῦν
845 3591 919 3645 ἐνὶ
974 3591 1144 3663 τούτῳ
1202 3591 1395 3652 πάντες
1454 3590 1791 3670 ἐκκρούονται

293 3701 455 3754 ματι,
501 3686 577 3752 τῷ
625 3699 654 3736 α
687 3679 886 3742 Πάντες
937 3681 982 3736 οἱ
1039 3682 1144 3736 θεοὶ
1190 3686 1292 3736 τῶν
1359 3680 1516 3736 ἐθνῶν
1575 3677 1843 3753 δαιμόνια.
1907 3702 1929 3735 ο

297 3768 461 3826 ’Ἐστι
492 3770 590 3846 γὰρ
617 3773 716 3835 τῆς
766 3768 1049 3834 πολυθείας
1109 3769 1376 3836 παντελὴς
1408 3769 1712 3845 ἀναίρεσις.-
1755 3771 1826 3826 Τὸ
1884 3765 1938 3824 δὲ

308 3877 336 3915 ι
373 3858 555 3934 Κύριος
584 3859 702 3920 τοὺς
735 3859 979 3927 οὖρα-δοὺς
1014 3859 1233 3925 ἐποίησε
1272 3882 1294 3916 n
1329 3869 1482 3916 τοῦτο
1534 3856 1589 3912 δέ
1642 3857 1940 3936 μοναρχίαν

298 3946 532 4025 ἀκριϐῶς
603 3945 897 4026 ἀντεισάγει
959 3952 1046 4005 καὶ
1106 3950 1196 4004 τὸν
1240 3950 1417 4006 κοινὸν
1466 3949 1602 4023 ἡμῖν
1665 3949 1943 4015 Δεσπότην

299 4038 578 4114 γνώριμον
608 4040 848 4108 καθιστᾷ.
899 4036 1110 4111 Συνῳδοὶ
1139 4036 1193 4092 δὲ
1250 4039 1454 4101 τούτοις
1506 4038 1594 4093 καὶ
1646 4035 1943 4102 ἀπόστολος

302 4127 606 4202 εἰσηγεῖται
681 4125 905 4190 Παῦλος.
983 4126 1269 4203 Ἐπάγεται
1328 4128 1426 4206 γάρ
1476 4148 1541 4202 με
1596 4127 1685 4183 καὶ
1760 4127 1944 4183 τούτου

298 4214 370 4268 τα
421 4214 656 4294 ῥήματα,
723 4213 754 4268 ἃ
812 4215 939 4292 χθὲς
999 4216 1086 4270 καὶ
1133 4216 1319 4291 πρώην
1372 4214 1601 4282 ἐπῆλθον
1659 4216 1816 4295 αὑτὴ,
1852 4214 1940 4272 ἕνα

297 4309 410 4358 τῶν
454 4304 664 4359 πάντων
726 4303 866 4359 εἶναι
927 4301 1280 4383 διασαφοῦντα
1335 4309 1485 4362 Θειὶν.
1531 4305 1631 4366 Οῖς
1664 4307 1749 4361 καὶ
1778 4306 1940 4379 ἡμεῖς

298 4394 586 4466 πειθόμεθα
645 4391 776 4448 πολὺ
829 4394 890 4447 τὸ
945 4392 1226 4472 περιφανές
1275 4394 1362 4450 καὶ
1420 4393 1724 4459 ἀξιόπιστον
1769 4393 1938 4473 ἕχον⁸

295 4503 405 4554 σιν,
440 4481 529 4537 α’τε
560 4482 665 4538 ἀπὸ
696 4488 801 4538 τῶν
832 4480 998 4561 ἔργων
1030 4485 1121 4546 τας
1184 4484 1381 4542 ἑαυτῶν
1440 4484 1643 4546 πίστεις
1691 4505 1937 4562 παρεχο-

293 4593 500 4646 μενοις,

380 4737 463 4811 El.
497 4750 843 4827 Βουλομένοις
901 4754 988 4808 οὖν
1046 4752 1174 4826 ὑμῖν
1224 4749 1438 4825 ἕτοιμος
1482 4753 1575 4819 τῆς
1613 4753 1879 4832 σωτηρίας
1911 4755 1939 4809 ὁ

296 4839 494 4917 τρόπος
548 4841 636 4897 καὶ
687 4839 966 4920 εὔτρεπτςς.
1005 4837 1147 4918 Ἐγὼ
1175 4839 1229 4896 δέ
1259 4843 1384 4916 ὑμῖν
1418 4845 1522 4921 οὐχ
1571 4843 1644 4906 ὡς
1691 4841 1939 4898 δέσποινα

295 4927 377 4982 ἔτι
435 4929 956 5009 ’προσενεχθνίισομαι⁷
990 4928 1109 4985 ἀλλ’
1163 4928 1450 5002 ὁμόδουλος
1512 4931 1702 5005 ἔσομαί
1743 4953 1800 4987 τε
1852 4935 1939 4988 καὶ

296 5014 525 5096 ἀδελφὴ,
581 5019 693 5076 ἐπεὶ
741 5025 828 5098 καὶ
885 5021 1061 5076 κοινὸν
1101 5020 1378 5086 Δεσπότην
1434 5022 1524 5076 καὶ
1580 5021 1790 5098 Πατέρα
1820 5020 1939 5086 ἔξο-

296 5127 397 5182 μεν
440 5111 533 5163 τὸν
577 5109 731 5168 Θεόν.
776 5093 900 5165 "Ats
956 5118 1079 5187 γοῦν
1139 5109 1387 5184 ποιμένος
1419 5109 1534 5172 ἑνός
1567 5108 1713 5174 ὅντες
1745 5111 1839 5167 καί
1869 5112 1940 5174 ὡς

293 5193 512 5274 ἀδελφοὶ
540 5200 602 5254 τὸ
634 5197 686 5253 ἕν
746 5199 992 5260 πνέοντες
1045 5204 1198 5274 κοινῇ
1257 5199 1448 5276 γνώμῃ
1491 5200 1622 5275 πρὸς
1680 5207 1937 5278 Χριστια-

292 5287 416 5350 νοὺς
449 5287 768 5364 ἐλευσόμεθα
802 5303 816 5317 ⁸
880 5289 1054 5344 ἀκούω
1111 5289 1210 5366 γὰρ
1252 5290 1340 5346 καὶ
1385 5287 1584 5363 Ἑλένῳ
1641 5292 1740 5346 τινὶ
1772 5279 1936 5370 φρον-

289 5378 564 5454 τιστήριον
597 5376 838 5434 ἐνταυθοῖ
868 5378 1177 5456 γενόμενον,
1237 5377 1486 5435 κάκεῖνον
1533 5379 1630 5454 μὲν
1690 5377 1773 5435 διὰ
1831 5380 1932 5456 μὲ-

289 5469 444 5544 γεθος
501 5465 692 5545 ἀρετῆς
746 5468 837 5522 τὸν
879 5472 978 5534 τῆς
1039 5465 1338 5534 ἐπισκοπῆς
1394 5467 1650 5538 ἀναϐῆναι
1725 5469 1927 5547 θρόνον,

370 5637 392 5682 ¹
429 5636 586 5701 Psal.
618 5652 758 5716 xcv,
789 5640 848 5703 5.

2021 1902 2224 1945 vocem
2263 1905 2275 1941 :
2311 1904 2339 1942 ι(
2369 1883 2590 1946 Omnes
2616 1882 2699 1944 dii
2723 1883 2983 1959 gentium
3008 1883 3300 1946 daemonia
3329 1903 3341 1943 :
3375 1888 3666 1950 Dominus

2021 1983 2214 2034 autem
2251 1974 2432 2034 caelos
2464 1972 2608 2034 fecit
2640 1974 2684 2032 ¹.
2726 1997 2748 2028 ι)
2790 1971 2911 2033 Ηοο
2943 1991 3074 2033 cum
3135 1973 3234 2034 illa
3264 1975 3572 2056 audiisset,
3607 1984 3667 2040 et

2022 2072 2296 2143 tanquam
2332 2063 2404 2122 ob
2465 2070 2775 2141 parentum
2839 2080 3105 2123 errorem
3172 2065 3397 2144 pudore
3433 2067 3670 2146 perfusa

2019 2160 2200 2230 esset,
2237 2150 2634 2212 miserabilem
2662 2150 2902 2231 quidem
2937 2159 2996 2212 et
3031 2153 3387 2230 profundum
3424 2172 3456 2214 e
3487 2157 3668 2218 corde

2020 2241 2234 2300 emittit
2263 2241 2568 2317 gemitum.

2103 2330 2504 2392 lV.Conversa
2534 2346 2676 2390 vero
2710 2330 2778 2388 ad
2813 2330 3252 2409 eunuchos,qui
3285 2350 3412 2393 eam
3446 2352 3660 2414 seque-

2024 2418 2258 2492 bantur,
2293 2438 2546 2499 quorum
2579 2437 2732 2479 unus
2784 2419 3022 2498 quidem
3081 2424 3400 2482 vocabatur
3430 2423 3655 2502 Protas,

2023 2509 2172 2569 alter
2200 2518 2392 2570 autem
2429 2507 2788 2588 Hyacinthus
2839 2507 3206 2586 (audiverant
3257 2529 3394 2573 vero
3427 2512 3469 2572 ii
3501 2532 3658 2590 quo-

2022 2616 2138 2678 que
2165 2598 2646 2678 phil030phiam),
2687 2596 2801 2657 Vos
2853 2597 3091 2676 quidem
3145 2599 3293 2674 scio,
3329 2603 3541 2683 inquit,
3599 2605 3663 2666 in

2025 2686 2355 2766 disciplinis
2384 2688 2530 2748 satis
2583 2704 2716 2748 esse
2763 2696 3050 2762 versatos,
3086 2697 3142 2748 et
3173 2690 3662 2772 philosophorum

2025 2777 2365 2857 percepisse
2389 2776 2682 2855 dogmata,
2720 2794 2849 2856 quae
2895 2775 3166 2838 Socrates
3227 2785 3284 2840 et
3315 2781 3666 2844 Aristoteles

2025 2874 2081 2925 et
2113 2865 2363 2937 Plato,et
2393 2865 2550 2926 clara
2580 2864 2758 2925 tradit
2789 2865 3123 2927 Stoicorum
3151 2877 3335 2942 secta,
3374 2878 3432 2931 et
3465 2870 3665 2951 opinio

2025 2955 2460 3035 Epicureorum
2499 2973 2512 3017 :
2547 2955 2825 3016 similiter
2882 2964 3079 3018 autem
3142 2957 3396 3020 aliorum
3429 2979 3667 3041 quoque

2023 3045 2420 3124 sophistarum
2453 3053 2508 3106 et
2539 3054 2871 3124 poetarum,
2901 3055 2958 3107 et
2981 3046 3320 3128 quicunque
3340 3049 3668 3129 gloriantur

2024 3152 2089 3196 se
2122 3153 2238 3194 non
2272 3151 2405 3195 esse
2436 3134 2672 3214 ignaros
2703 3153 2911 3196 eorum
2946 3154 3079 3216 quae
3119 3145 3258 3198 sunt
3286 3139 3666 3217 cognitionis.

1986 3224 2238 3290 :Sciatis
2267 3242 2406 3304 ergo
2457 3225 2584 3286 haec
2641 3225 2843 3286 omnia
2891 3235 3131 3306 apertas
3163 3245 3296 3288 esse
3321 3226 3577 3304 fabulas,
3611 3236 3670 3291 et

2024 3314 2170 3375 nihil
2229 3313 2417 3388 aliud,
2476 3333 2653 3393 quam
2711 3313 3236 3396 probabilitatem,
3291 3336 3425 3395 qua;
3477 3325 3671 3399 potest

2024 3403 2238 3465 multos
2271 3404 2570 3483 decipere.
2603 3405 2795 3483 Atque
2854 3403 3201 3467 Graecorum
3259 3407 3530 3486 quidem,
3569 3407 3672 3489 qui

2022 3512 2088 3555 se
2116 3493 2190 3554 de
2221 3511 2326 3554 sua
2361 3494 2531 3555 valde
2555 3493 2780 3572 jactant
2810 3493 3106 3571 doctrina,
3143 3495 3244 3556 alii
3279 3515 3387 3558 nec
3420 3498 3668 3559 omnino

2022 3600 2151 3643 esse
2184 3581 2397 3654 Deum,
2431 3582 2531 3642 alii
2563 3601 2698 3643 vero
2733 3583 2948 3645 multos
3006 3602 3140 3645 esse
3193 3593 3251 3644 et
3305 3587 3560 3663 majores
3609 3595 3668 3646 et

2023 3671 2285 3734 minores
2340 3679 2711 3751 putaverunt.
2776 3673 2849 3734 Hi
2905 3691 3044 3733 vero
3106 3691 3316 3734 omnes
3367 3691 3485 3734 uno
3553 3675 3666 3737 hoc

2023 3759 2202 3822 verbo
2237 3760 2634 3822 excluduntur
2669 3783 2682 3820 :
2727 3786 2746 3817 ι
2776 3760 3000 3824 Omnes
3029 3761 3112 3822 dii
3146 3764 3416 3841 gentium
3450 3763 3668 3826 daemo-

2025 3851 2144 3912 nia.
2183 3871 2211 3910 »
2240 3849 2514 3913 Estenim
2540 3851 2858 3932 impietatis
2885 3852 3007 3912 haec
3034 3852 3294 3932 perfecta
3315 3861 3373 3915 et
3396 3853 3670 3916 absoluta

2027 3940 2269 4004 deletio.
2304 3939 2454 4003 Illud
2486 3949 2710 4017 autem,
2751 3963 2772 3996 (ι
2805 3940 3092 4002 Dominus
3137 3950 3333 4004 autem
3366 3943 3550 4006 caelos
3577 3944 3667 4006 fe-

2027 4031 2127 4105 cit,
2166 4056 2192 4088 »
2228 4032 2340 4092 hoc
2365 4049 2547 4092 unum
2567 4040 2768 4110 aperte
2799 4033 2984 4092 Deum
3017 4031 3268 4106 inducit,
3308 4040 3362 4093 et
3395 4051 3671 4096 commu-

2027 4141 2164 4185 nem
2196 4131 2462 4184 nostrum
2496 4121 2813 4184 Dominum
2874 4121 3070 4182 reddit
3120 4124 3291 4185 nobis
3341 4125 3667 4204 cognitum.

2027 4212 2131 4273 His
2161 4211 2579 4274 convenientia
2636 4211 2813 4272 tradit
2868 4210 3045 4272 etiam
3095 4212 3396 4292 apostolus
3425 4213 3666 4278 Paulus.

2025 4303 2319 4364 lnducunt
2350 4301 2508 4363 enim
2546 4319 2638 4362 me
2697 4317 2933 4382 quoque
2985 4303 3116 4378 ejus
3150 4301 3346 4379 verba,
3380 4321 3512 4384 qua:
3541 4303 3671 4385 ipsa

2024 4392 2151 4454 heri
2185 4392 2299 4472 legi
2349 4401 2402 4454 et
2437 4392 2657 4452 nudius
2691 4390 2920 4472 tertius,
2953 4409 3086 4472 quae
3137 4390 3439 4454 declarant
3482 4412 3668 4455 unum

2023 4500 2156 4544 esse
2189 4484 2374 4543 Deum
2408 4480 2843 4542 universorum.
2868 4481 3097 4554 Quibus
3120 4499 3226 4542 nos
3258 4501 3496 4564 quoque
3527 4501 3667 4547 cre-

1962 4571 2222 4650 Ddimus
2255 4580 2316 4632 ut
2351 4590 2484 4652 quas
2539 4577 2655 4631 sint
2715 4570 2885 4633 valde
2943 4571 3103 4633 clara
3135 4580 3192 4634 et
3224 4572 3340 4635 fide
3372 4575 3575 4654 digna,
3609 4581 3670 4638 et

2023 4680 2154 4741 quas
2181 4662 2357 4722 fidem
2391 4660 2612 4722 faciant
2640 4679 2709 4721 ex
2747 4660 2892 4739 ipsis
2924 4662 3235 4742 operibus.

2103 4749 2174 4813 V.
2209 4749 2387 4812 Vobis
2416 4751 2635 4831 ergo,si
2668 4749 2882 4830 velitis,
2921 4759 3231 4832 promptus
3267 4759 3356 4815 est
3383 4763 3443 4814 et
3473 4771 3665 4837 expe-

1998 4840 2179 4921 Oditus
2213 4841 2427 4902 modus
2459 4837 2686 4902 salutis.
2725 4839 2846 4919 Ego
2879 4848 3074 4901 autem
3108 4859 3226 4902 non
3276 4860 3372 4904 me
3414 4844 3674 4923 amplius

2024 4929 2084 4990 in
2115 4948 2216 4990 vos
2252 4947 2452 5008 geram
2511 4938 2787 5008 tanquam
2841 4927 3166 5002 dominam,
3225 4931 3332 4992 sed
3388 4950 3676 4995 conserva

2027 5037 2128 5081 ero
2164 5028 2222 5080 et
2253 5035 2440 5079 soror.
2477 5018 2868 5079 Communem
2917 5019 3075 5079 enim
3128 5018 3443 5081 Dominum
3471 5029 3528 5083 et
3557 5020 3674 5082 Pa-

2026 5116 2174 5169 trem
2210 5107 2565 5168 habebimus
2593 5106 2801 5167 Deum.
2837 5104 2913 5167 Ut
2945 5109 3046 5188 qui
3079 5127 3221 5188 ergo
3281 5116 3469 5170 simus
3501 5111 3675 5172 unius

2024 5197 2306 5280 pastoris,
2341 5205 2400 5257 et
2425 5205 2700 5276 tanquam
2731 5194 2945 5258 fratres
2971 5215 3151 5258 unum
3185 5197 3679 5277 spirantes,com-

2024 5285 2189 5349 muni
2218 5285 2518 5348 sententia
2546 5285 2856 5346 veniemus
2904 5286 2977 5347 ad
3029 5285 3418 5350 Christianos.
3479 5289 3673 5353 Audio

2019 5377 2180 5439 enim
2211 5396 2243 5438 a
2286 5375 2546 5453 quodam
2579 5373 2808 5436 Heleno
2848 5375 2946 5438 hic
3003 5377 3218 5440 factum
3268 5397 3403 5442 esse
3458 5399 3675 5443 mena-

2019 5466 2290 5548 sterium,
2324 5473 2384 5529 et
2407 5463 2572 5526 illum
2609 5463 2852 5543 quidem
2885 5476 3127 5548 propter
3157 5468 3389 5532 virtutis
3431 5471 3674 5551 magni-
