4056 6142
388 288 508 353 615

1685 286 1965 359 MENSIS
2011 282 2442 353 DECEMBER.

3639 283 3760 353 616

389 423 650 484 tudinem
686 420 1015 483 ascendisse
1046 423 1289 500 gradum
1320 422 1683 494 episcopatus
1705 422 2023 495 (t):quem-

2110 419 2377 500 Θεόδωρον
2421 422 2476 480 δέ
2504 447 2623 482 τινα
2667 426 2742 490 εἷς
2772 426 2862 482 τὸν
2912 422 3111 482 ἐκείνου
3158 423 3359 501 κλῆρον
3412 426 3759 502 ἐγκαταστῆ-

390 508 522 565 dam
543 515 731 565 autem
772 507 1134 566 Theodorum
1176 508 1351 564 fuisse
1377 506 1500 578 ejus
1523 506 1651 563 loco
1681 508 2031 581 institutum,

392 605 455 658 et
482 593 821 677 praefectum
842 593 1343 656 administrationi
1369 593 1746 655 monasterii:
1773 612 2034 676 eumque

389 697 510 751 tam
543 689 830 769 praeclare
858 706 966 750 suo
1015 687 1182 767 gregi
1210 686 1546 768 praefuisse,
1580 695 1642 750 et
1670 688 1742 749 ad
1777 706 1905 750 eam
1936 690 2030 751 di-

393 785 589 848 vinam
618 786 866 864 gratiam
930 783 1295 865 pervenisse,
1330 791 1394 845 ut
1450 790 1509 844 et
1566 781 1946 845 daemoniacis
1973 792 2033 846 et

2114 532 2198 566 ναι
2255 513 2343 568 καὶ
2390 513 2484 581 τῆς
2544 512 2772 592 μάνδραις
2822 513 3221 593 ἐγχειρισθῆναι
3279 515 3377 581 τὴν
3411 515 3756 592 προστασίαν,

2115 600 2172 655 ὃν
2231 600 2369 658 οὕτω
2423 601 2486 670 δὴ
2559 602 2851 682 φιλαρέτως
2915 610 3006 658 τοῦ
3052 603 3298 677 ποιμνίου
3355 609 3650 682 προστῆναι
3683 606 3759 668 εἷς

2117 685 2269 747 τοῦτό
2311 711 2369 745 τε
2412 688 2668 762 προϐῆναι
2720 694 2907 757 θεῖκῆς
2934 690 3152 770 χάριτος
3189 693 3262 754 ὡς
3321 693 3408 747 καὶ
3465 691 3760 767 δαιμονῶσι

2114 778 2202 834 καὶ
2257 778 2528 839 ἀσθενοῦσι
2583 794 2700 844 τοῖς
2747 780 2844 855 μὲν
2884 783 2948 837 τὸ
3000 779 3259 860 ἑνοχλοῦν
3288 790 3517 855 πνεῦμα,
3550 795 3672 845 τοϊς
3703 779 3763 837 δὲ

391 874 647 955 aegrotis,
682 873 799 936 illis
828 874 1064 955 quidem
1101 882 1409 935 vexantem
1439 872 1742 953 spiritum,
1767 872 1861 933 his
1893 892 2023 935 vero

2112 868 2210 934 τὴν
2265 868 2419 924 νόσον
2474 874 2710 949 εὔχερὼς
2740 870 3080 943 ἀπελαύνειν,
3115 874 3174 929 03
3226 869 3325 943 μὲν
3375 869 3510 927 ἀλλὰ
3544 872 3632 926 καὶ
3662 891 3763 926 τυ-

388 962 664 1027 morbum
695 961 865 1026 facile
886 962 1148 1043 expellat
1181 983 1194 1025 :
1229 961 1373 1043 quin
1425 961 1604 1023 etiam
1634 962 1809 1024 caecis
1840 963 2023 1025 oculis

2113 955 2271 1034 φλοῖς
2314 955 2518 1032 ὄμμασι
2579 960 2668 1015 τὸν
2711 960 3034 1032 ποθούμενον
3087 957 3241 1025 ἥλιον
3289 957 3548 1037 παρέχειν
3607 961 3758 1035 δρᾷντ

386 1051 788 1116 desideratum
834 1052 1022 1115 solem
1055 1051 1314 1133 praebeat
1359 1051 1704 1126 videndum,
1742 1061 1801 1113 et
1829 1051 1901 1113 iis
1928 1052 2023 1133 qui

2110 1047 2199 1104 καὶ
2250 1059 2363 1112 τοῖς
2422 1047 2510 1104 ὕπ’
2569 1050 2726 1107 αὒτον
2783 1048 2838 1104 δὲ
2897 1061 3168 1127 μοναχοῖς
3214 1046 3350 1104 οὕτω
3392 1053 3489 1114 τὴν
3534 1046 3764 1114 ἄσκησιν

389 1141 446 1203 ei
467 1140 721 1222 subjecti
764 1149 924 1217 sunt,
962 1141 1271 1203 monachis
1299 1148 1381 1203 ita
1420 1148 1630 1220 augeat
1664 1139 2023 1203 exercitatio.

2119 1134 2397 1193 ἐπιτείνειν
2439 1140 2508 1198 ὡς
2570 1144 2758 1216 μικροῦ
2792 1136 2958 1212 μηδὲν
3019 1139 3205 1203 αὐτοὺς
3262 1136 3570 1193 ἀπολειπειν
3603 1135 3761 1213 μέρος

386 1249 551 1312 nem,
584 1240 648 1292 ut
675 1230 899 1293 nullam
932 1237 1286 1312 praetereant
1321 1239 1546 1311 partem
1569 1228 1688 1291 diei
1710 1249 1778 1292 ac
1812 1231 2023 1301 noctis,

2117 1225 2318 1302 ἡμέρας
2348 1248 2405 1282 τε
2434 1228 2520 1283 καὶ
2550 1229 2738 1291 νυκτὸς
2778 1227 2807 1284 ὅ
2837 1229 2914 1299 μὴ
2970 1231 3165 1308 εὒχαϊς
3211 1229 3298 1284 καὶ
3352 1224 3518 1300 ῲόαῒς
3577 1226 3759 1282 ἀπαύ-

385 1339 519 1402 quae
545 1338 666 1382 non
717 1332 1103 1383 consumatur
1154 1321 1215 1380 in
1278 1319 1582 1399 perpetuis
1639 1318 1925 1399 precibus
1976 1325 2023 1381 et

2118 1337 2262 1379 στοις
2321 1315 2636 1384 ἀναλωθείη.
2709 1319 2918 1376 Τούτων
2966 1316 3217 1375 οὖδέποτε
3276 1316 3473 1395 γυναιξὶ
3528 1317 3755 1392 βάσιμος

389 1409 663 1473 canticis.
699 1409 923 1472 Horum
966 1411 1391 1472 monasterium
1421 1408 1604 1470 nullis
1626 1407 1767 1470 licet
1796 1408 2023 1471 feminis

2114 1405 2150 1471 ἡ
2218 1406 2385 1484 μονὴ,
2445 1404 2562 1462 οὔτε
2633 1406 2853 1486 ὀφθῆναι
2921 1419 3149 1485 γυναῖκα
3224 1408 3436 1479 θεμιτὸν
3511 1404 3751 1467 ἐκείνοις,

382 1499 662 1578 ingredi;
713 1517 913 1579 neque
970 1499 1055 1560 fas
1103 1507 1196 1561 est
1244 1517 1348 1560 eos
1395 1496 1472 1560 ab
1508 1498 1624 1558 ulla
1658 1499 1843 1577 aspici
1910 1518 2023 1561 mu-

2116 1493 2307 1568 Ὑμεῖς
2337 1492 2391 1549 δὲ
2421 1495 2557 1552 ἀλλὰ
2586 1500 2682 1563 τὴν
2714 1498 2890 1571 κόμην
2946 1504 3069 1574 γοῦν
3115 1501 3213 1562 τῆς
3263 1493 3499 1574 κεφαλῆς
3531 1496 3755 1552 ἀπομεί-

383 1590 556 1653 liere.
591 1588 707 1654 Sed
736 1606 842 1650 vos
874 1588 989 1651 mei
1023 1588 1233 1669 capitis
1262 1584 1491 1649 eomam
1525 1588 1794 1662 tondete,
1831 1596 1890 1648 et
1921 1588 2023 1650 hos

2114 1605 2238 1661 ρατε
2282 1586 2379 1650 τῆς
2437 1584 2599 1665 ἐμῆς,
2661 1590 2747 1642 καὶ
2804 1584 3111 1650 πλοκάμους
3175 1584 3237 1653 δὴ
3297 1584 3564 1660 περιέλετε
3626 1586 3757 1642 τού-

387 1678 587 1742 crines
632 1677 883 1755 auferte,
944 1685 1003 1740 et
1060 1677 1213 1739 virili
1272 1695 1367 1741 me
1433 1686 1594 1738 veste
1654 1678 1913 1751 induite,
1973 1685 2023 1740 el

2111 1693 2255 1746 τους,
2316 1673 2500 1731 ἔπειτα
2550 1679 2645 1732 καί
2717 1674 2965 1752 ἀνδρικήν
3023 1698 3113 1748 μοι
3177 1674 3475 1752 περιθέντες
3536 1673 3757 1755 στολὴν,

385 1774 566 1831 noctu
591 1767 660 1830 ad
688 1786 791 1830 eos
811 1767 1032 1842 ducite,
1062 1766 1235 1829 vobis
1257 1766 1501 1844 quidem
1549 1784 1643 1827 me
1674 1784 1855 1846 prope
1887 1784 2023 1828 eur-

2116 1764 2302 1826 νυκτὸς
2335 1761 2563 1840 ἀγάγετε
2607 1761 2731 1842 παρ’
2790 1765 3000 1835 αὖτοὺς,
3049 1766 3195 1839 ὑμὼν
3248 1764 3342 1830 μὲν
3402 1763 3627 1829 πλησίον
3668 1771 3764 1820 τοῦ

384 1872 518 1920 rum
549 1857 961 1938 sequentibus,
1015 1855 1265 1937 reliquis
1313 1864 1512 1918 autem
1566 1856 1801 1917 famulis
1856 1857 2028 1917 simul

386 1945 865 2028 praecedentibus
900 1953 958 2008 et
981 1945 1465 2027 sequentibus,ut
1487 1945 1723 2025 quando
1745 1945 2032 2008 fuerimus

385 2034 449 2096 in
480 2034 610 2115 ipso
632 2034 786 2109 loco,
815 2034 947 2114 ejus
964 2036 1119 2115 quod
1143 2033 1359 2096 factum
1387 2041 1497 2113 est,
1525 2033 1751 2094 nullum
1785 2050 2027 2095 sensum

385 2123 629 2187 omnino
653 2122 1047 2204 praebeamus.
1080 2123 1166 2185 De
1192 2131 1407 2186 cantero
1453 2122 1622 2184 vobis
1642 2140 1801 2185 cura;
1830 2124 1928 2199 sit,
1967 2139 2030 2191 ut

385 2232 520 2276 cum
547 2222 744 2294 portas
766 2213 1017 2293 ingressi
1047 2211 1361 2294 fuerimus,
1394 2213 1751 2294 salutem,ut
1778 2230 1884 2294 par
1914 2221 2023 2289 est,

384 2302 807 2383 adipiscamur.

468 2389 563 2455 VI.
595 2390 953 2456 Placuerunt
976 2392 1289 2467 eunuchis,
1324 2411 1459 2470 quae
1487 2393 1646 2455 dicta
1675 2399 1836 2466 sunt,
1871 2401 1930 2453 et
1959 2409 2030 2453 ea

383 2482 742 2546 studuerunt
793 2482 867 2545 ad
925 2482 1200 2548 effectum
1251 2483 1577 2545 deducere.
1607 2485 1793 2545 Porro
1822 2489 2022 2543 autem

382 2571 523 2636 felix
546 2590 782 2654 quoque
803 2571 1032 2650 signum
1058 2579 1527 2651 consequuntur.
1550 2569 1827 2633 Nondum
1861 2569 2022 2631 enim

383 2669 817 2743 pervenerant,
853 2669 917 2721 ut
969 2659 1431 2737 ingrederentur
1479 2658 1936 2732 monasterium,
1970 2668 2028 2721 et

382 2766 632 2827 magnus
660 2750 818 2812 inter
845 2748 1162 2828 episcopos
1190 2747 1454 2811 Helenus
1509 2749 1671 2810 venit
1701 2766 1772 2810 ex
1817 2748 2020 2810 Helio-

384 2837 550 2919 poii,
606 2856 742 2900 cum
831 2836 1209 2900 multitudine
1286 2836 1593 2914 virorum,
1661 2838 1783 2900 haec
1842 2837 2020 2900 veluti

2113 1853 2397 1931 ὀχήματος
2432 1855 2838 1934 παρεπομένων,
2886 1860 2990 1911 τῶν
3022 1853 3076 1909 δὲ
3109 1853 3309 1910 λοιπῶν
3368 1851 3568 1927 παίδων
3611 1875 3756 1929 παρ-

2113 1942 2351 2019 αγόντων
2408 1946 2540 2016 ὁμοῦ
2598 1945 2698 2001 καὶ
2739 1943 3079 2021 ἐφεπομένων
3140 1943 3240 2015 ἶν’,
3294 1943 3420 2000 ὅταν
3466 1942 3563 1998 καί
3628 1945 3757 2018 πρὸς

2112 2033 2254 2105 αὖτῷ
2296 2032 2569 2110 γενώμεθα
2600 2040 2675 2108 τῷ
2730 2035 2879 2107 τόπῳ
2911 2032 3157 2100 αἴσθησιν
3215 2037 3396 2097 αὐτοῖς
3458 2034 3516 2088 τὸ
3574 2033 3757 2113 παρά-

2111 2143 2217 2178 παν
2261 2120 2395 2197 μηδὲ
2440 2124 2565 2198 μίαν
2631 2121 2805 2198 δῶμεν
2863 2134 2954 2181 τοῦ
3009 2122 3405 2199 πεπραγμένου.
3453 2123 3522 2179 Τὸ
3565 2121 3759 2179 λοιπὸν

2112 2210 2275 2287 μέλον
2304 2213 2433 2286 ὑμῖν
2464 2211 2597 2269 ἔστω
2628 2212 2773 2277 ὅπως
2805 2211 2910 2269 ἔσω
2961 2219 3066 2268 τῶν
3121 2215 3289 2290 θυρῶν
3347 2211 3623 2289 γενόμενοι
3655 2214 3754 2278 τῆς

2111 2301 2373 2381 σωτηρίας
2402 2304 2474 2365 ὡς
2507 2307 2776 2381 προσῆκον
2806 2299 3201 2378 ὲπιλαϐώμεθα,

2188 2375 2296 2462 ςί.
2346 2375 2697 2469 “Ηρεσε’τοτς
2753 2375 3145 2471 εὖνούχοιςγτὰ
3190 2389 3504 2470 mnsam,
3552 2391 3642 2447 καὶ
3676 2392 3753 2453 είς

2110 2476 2262 2555 ἔργον
2333 2478 2577 2538 ἔσπευδον
2662 2488 2824 2538 ταῦτα
2889 2492 3244 2559 προαγαγεῖν.
3304 2481 3637 2559 Τυγχάνουσι
3696 2480 3754 2537 δέ

2108 2567 2196 2622 καί
2237 2589 2378 2631 τινος
2424 2570 2588 2626 αἰσίου
2642 2568 2930 2644 συμϐόλου.
2979 2569 3139 2627 Ούπω
3190 2571 3288 2646 γὰρ
3331 2568 3559 2633 ἔφθασαν
3623 2570 3750 2626 ἑπι-

2107 2653 2264 2722 ϐἧναι
2323 2656 2500 2723 καλῶς
2557 2666 2649 2716 τοῦ
2690 2659 3111 2737 φροντιστηρίου,
3148 2660 3232 2716 καὶ
3282 2660 3310 2715 ὁ
3341 2657 3509 2737 μέγας
3541 2661 3594 2714 ὲν
3622 2660 3749 2716 Ism-

2104 2744 2324 2810 σκόποις
2390 2745 2615 2810 ’Ἕλενος
2679 2745 2731 2813 ἐξ
2792 2746 3186 2812 Ἡλιουπόλεως
3241 2747 3341 2815 ἧκε
3402 2748 3488 2803 καὶ
3546 2748 3757 2823 σύναμα

2103 2833 2283 2905 πλήθη
2332 2834 2534 2900 ἀνδρῶν
2562 2836 2742 2915 ὥσπερ
2787 2837 2851 2893 ἐκ
2901 2838 3236 2914 συνθήματος
3287 2839 3452 2893 ταῦτα
3508 2835 3750 2912 ψαλλόν-

384 2925 555 3005 signo
579 2926 715 2989 dato
771 2927 1161 2989 canentium:
1228 2948 1250 2985 ι
1284 2925 1393 2989 Via
1439 2926 1740 3006 justorum
1790 2925 2020 2988 directa

2110 2945 2211 2981 των
2247 2940 2261 2954 ⁶
2315 2947 2343 2980 α
2378 2924 2443 2982 Ἠ
2474 2923 2592 2990 ὁδὸς
2624 2931 2730 2983 τῶν
2778 2925 2994 2983 δικαίων
3043 2926 3395 3000 κατηυθύνθη,
3429 2927 3464 2994 ἡ
3498 2924 3614 2989 ὁδὸς
3641 2932 3748 2983 τῶν

384 2994 502 3091 θεῖ,
529 3014 621 3078 via
648 3022 987 3079 sanctorum
1020 3022 1220 3096 parata
1263 3023 1356 3078 est
1380 2994 1498 3080 εί»
1556 3013 1680 3078 Ιίοο
1729 3023 1788 3077 et
1816 3015 1889 3078 iis
1922 3016 2023 3097 qui

2110 3014 2270 3092 ἁγίων
2312 3016 2636 3092 ἡτοιμάσθη.
2676 3037 2699 3072 ο
2738 3022 2903 3074 Τοῦτο
2943 3018 3180 3078 καὶτοῖς
3217 3015 3338 3094 περί
3368 3017 3464 3083 τὴν
3500 3015 3749 3093 Εὐγενίαν

382 3113 553 3167 erant
581 3105 742 3168 circa
772 3105 1130 3186 Eugenium,
1175 3105 1338 3168 auxit
1389 3105 1588 3180 fidem,
1625 3112 1685 3166 et
1707 3104 1926 3178 effecit,
1961 3113 2023 3168 ut

2110 3103 2205 3171 τὴν
2264 3103 2438 3161 πίστιν
2495 3103 2693 3172 ηὔξησε
2727 3151 2745 3184 ,
2816 3104 3066 3173 κάκείνην
3123 3106 3351 3173 ἡσθῆναι
3398 3102 3750 3183 διαφερόντως

378 3193 485 3256 illa
537 3194 874 3258 mirandum
929 3196 990 3257 in
1050 3195 1291 3258 modum
1354 3195 1679 3259 laetaretur.
1718 3194 2020 3277 Tanquam

381 3292 544 3347 certe
572 3293 747 3348 nacta
799 3283 1199 3366 occasionem,
1233 3303 1338 3347 eos
1390 3285 1491 3367 qui
1522 3284 1684 3348 circa
1730 3303 1795 3347 se
1826 3292 2018 3366 erant,

378 3373 568 3453 magis
585 3373 864 3436 accendit
891 3372 966 3436 ad
989 3373 1269 3455 pietatem
1298 3392 1313 3437 :
1342 3384 1399 3436 et
1429 3375 1613 3438 multa
1638 3374 1756 3436 alia
1785 3374 2016 3457 dicens,

2105 3192 2399 3260 πεποίηκεν
2483 3192 2694 3270 ἀμέλει.
2791 3196 2889 3252 Καὶ
2958 3193 3137 3271 ὥσπερ
3215 3200 3396 3273 καιροῦ
3452 3192 3750 3271 δραξαμένη

2105 3281 2309 3356 μᾶλλον
2367 3282 2445 3340 ἔτι
2515 3285 2638 3350 τοὺς
2696 3283 2825 3363 περί
2901 3284 3067 3353 αὐτὴν
3138 3286 3270 3364 πρὸς
3328 3294 3426 3351 τὴν
3483 3280 3751 3343 εὐσέϐειαν

2102 3372 2454 3451 ἀνεθέρμηνεν
2479 3389 2492 3404 ⁸
2542 3370 2679 3430 ἄλλα
2737 3395 2794 3430 τε
2837 3372 3011 3433 πολλὰ
3070 3376 3157 3431 καὶ
3209 3375 3286 3449 τῷ
3328 3375 3496 3451 καιρῷ
3536 3374 3628 3430 καὶ
3668 3378 3748 3449 τῷ

379 3480 514 3543 qum
538 3463 613 3526 ad
642 3470 878 3544 tempus
935 3462 1339 3546 pertinebant,
1390 3462 1643 3546 locoque
1694 3463 2019 3526 convenie-

2110 3462 2249 3536 τόπῳ
2305 3464 2635 3520 συντείνοντα
2691 3462 3023 3544 φθεγξαμένη
3056 3483 3070 3499 ·
3127 3465 3216 3520 καὶ
3300 3463 3359 3520 ού
3438 3463 3574 3521 κατά
3627 3484 3748 3521 τινα

379 3549 569 3615 bant:
599 3559 660 3615 et
688 3551 845 3633 quod
877 3570 997 3614 non
1043 3552 1197 3615 forte
1226 3553 1484 3631 fortuna,
1514 3554 1620 3616 sed
1651 3553 1853 3618 divina
1874 3574 2025 3639 qua-

378 3640 514 3704 dam
548 3641 916 3724 providentia
944 3643 1071 3706 haec
1119 3643 1468 3719 audivisset,
1509 3651 1570 3707 et
1597 3662 1667 3706 ea
1697 3664 1830 3726 quae
1861 3650 2025 3728 prius

380 3731 747 3796 canebantur
769 3731 952 3797 divini
987 3731 1265 3795 Davidis:
1300 3734 1405 3796 sed
1440 3733 1542 3797 illa
1574 3734 1816 3816 quidem
1862 3745 2020 3820 esse,

379 3837 510 3903 quae
531 3839 662 3884 eam
683 3820 972 3885 inducant
1010 3821 1084 3884 ad
1124 3822 1440 3903 pietatem:
1475 3842 1609 3905 qum
1632 3834 1831 3888 autem
1863 3845 2022 3890 nunc

380 3919 692 3982 canuntur,
727 3929 862 3989 quae
876 3911 1268 3974 adhortentur
1297 3912 1370 3974 ad
1400 3912 1556 3975 viam
1589 3913 1839 3977 virtutis.
1883 3914 2024 3979 Haec

378 4017 515 4063 cum
545 3999 818 4082 dixisset,
849 4009 912 4064 et
939 4002 1014 4063 iis
1044 4002 1142 4082 qui
1174 4002 1529 4081 psallebant,
1558 4022 1623 4065 se
1652 4012 1712 4067 et
1739 4022 1880 4067 suos
1906 4006 2019 4067 ad-

377 4087 742 4168 miscuisset,
775 4108 911 4153 cum
943 4090 1059 4152 illis
1088 4091 1239 4154 viam
1274 4093 1524 4173 perfecit
1556 4110 1570 4156 :
1627 4111 1744 4172 quo
1773 4093 2019 4173 quidem

377 4184 649 4261 tempore
676 4189 737 4244 et
786 4180 973 4244 multa
1006 4180 1120 4245 alia
1150 4180 1530 4244 admirabilia
1562 4182 1788 4245 audivit
1818 4183 2021 4246 turbas

2109 3553 2419 3631 συντυχίαν,
2451 3550 2567 3608 ἀλλ’
2598 3551 2658 3609 ἐκ
2686 3554 2828 3617 θείας
2858 3554 3105 3628 προνοίας
3161 3552 3246 3610 καὶ
3303 3562 3492 3627 ταῦτα,
3534 3555 3625 3611 καὶ
3680 3553 3748 3610 τὰ

2106 3649 2199 3699 τοῦ
2231 3640 2399 3700 Δαυλιδ
2428 3643 2682 3722 πρότερον
2705 3642 2926 3700 ἀκούσαι
2957 3660 2970 3675 ⁸
3013 3641 3327 3719 ψαλλόμενα
3359 3658 3375 3677 ⁸
3412 3641 3532 3699 ἀλλ’
3563 3642 3748 3701 ἐκεῖνα

2107 3733 2203 3809 μὲν
2257 3736 2397 3795 εἶναι
2456 3734 2586 3810 πρὸς
2631 3731 2897 3791 εὐσέϐειαν
2959 3731 3216 3812 ἐνάγοντα
3274 3733 3494 3807 ταύτην,
3551 3734 3618 3790 τὰ
3691 3732 3747 3789 δὲ

2104 3830 2192 3881 νῦν
2248 3820 2551 3898 δπᾳδόμενα
2612 3824 2739 3902 πρὸς
2796 3823 2896 3891 τὴν
2951 3823 3047 3891 τῆς
3106 3823 3296 3902 ἀρετῆς
3339 3820 3514 3903 τρίϐον
3567 3845 3748 3904 παρα-

2102 3910 2381 3973 καλοῦντα.
2419 3918 2591 3970 Ταῦτα
2635 3914 2874 3992 εἰποῦσα,
2909 3911 3004 3969 καί
3059 3926 3175 3975 τοῖς
3226 3910 3522 3989 ψάλλουσιν
3582 3915 3749 3984 αὐτήν

2102 4023 2159 4058 τε
2204 4003 2292 4059 καὶ
2345 4003 2465 4065 τοὺς
2523 4003 2642 4081 περὶ
2700 4003 2863 4069 αὐτὴν
2912 3999 3105 4077 μίξασα
3161 4001 3262 4069 τὴν
3321 4000 3440 4058 ὁδὸν
3469 4000 3595 4069 ἤνυε
3654 4013 3749 4059 σὺν

2102 4091 2350 4158 ἐκείνοις.
2385 4089 2526 4150 ’Ὅτε
2569 4090 2634 4160 δὴ
2681 4096 2771 4149 καὶ
2829 4098 2936 4149 τῶν
2976 4091 3160 4171 ὄχλων
3204 4090 3341 4148 ἄλλα
3382 4113 3441 4148 τε
3471 4093 3749 4168 θαομαστὰ

2103 4182 2228 4260 περὶ
2262 4182 2355 4239 τοῦ
2392 4181 2606 4241 Ἐλένου
2647 4180 2950 4248 διεξιόντων
2993 4181 3219 4250 ἤκουσεν
3258 4198 3272 4213 ⁸
3332 4182 3455 4248 ὅσος
3503 4182 3569 4251 ἦν
3624 4197 3747 4249 τοῖς

374 4266 452 4331 de
488 4267 715 4334 Heleno
738 4277 1145 4349 narrantes,ut
1164 4269 1553 4333 ostenderent
1576 4279 1833 4350 quantus
1862 4280 2022 4335 esset

2110 4273 2360 4348 θαύμασιν
2393 4274 2420 4328 ὁ
2452 4271 2608 4352 ἀνὴρ,
2657 4274 2742 4329 καὶ
2786 4271 2897 4347 ὅτι,
2928 4273 3091 4351 πυρὸς
3137 4277 3276 4346 αὐτῷ
3322 4270 3582 4336 πολλάκις
3610 4270 3746 4340 δεῆ-

373 4356 438 4420 in
464 4359 794 4435 miraculis,
828 4368 889 4423 et
911 4380 1085 4442 quam
1119 4379 1253 4425 cum
1283 4365 1334 4421 is
1349 4378 1509 4440 smpe
1539 4378 1688 4441 Opus
1718 4361 2022 4424 habuisset

2110 4383 2224 4437 σαν,
2281 4359 2539 4441 ἄνθρακας
2619 4362 2705 4419 ἐπὶ
2781 4367 2888 4419 τῶν
2945 4362 3170 4438 ἱματίων
3227 4362 3431 4439 ἑωρᾶτο
3483 4365 3743 4443 κομίζων³

374 4445 535 4526 igne,
566 4450 731 4513 visus
764 4450 840 4512 sit
866 4450 1147 4513 ardentes
1203 4449 1493 4513 carbones
1549 4449 1713 4513 ferre
1744 4453 1804 4513 in
1835 4452 2019 4515 vesti-

2110 4449 2248 4511 οὐδὲν
2297 4450 2510 4508 ἐκείνων
2564 4449 2671 4509 ὰπὸ
2740 4459 2833 4509 τοῦ
2893 4454 3058 4528 πυρὸς
3137 4451 3544 4528 βλαπτομένων,
3604 4455 3745 4531 Πρὸς

374 4534 511 4618 bus,
542 4536 663 4600 illis
696 4538 846 4600 nihil
877 4556 949 4602 ex
991 4539 1126 4618 igne
1175 4539 1327 4601 laesis
1363 4560 1377 4603 :
1412 4548 1702 4620 praeterea
1731 4553 1930 4604 autem
1963 4552 2022 4605 et

2110 4544 2304 4605 τούτοις
2363 4543 2448 4598 καὶ
2504 4540 2640 4600 ἄλλα
2700 4540 2798 4597 ὅσα
2841 4542 3251 4620 θαυματοῳγῶν
3311 4543 3466 4605 αὐτὸς
3512 4539 3743 4599 διετέλει

374 4643 751 4709 quacunque
781 4628 897 4690 alia
926 4627 1166 4692 assidue
1194 4628 1444 4694 faciebat
1470 4631 1781 4708 miracula,
1812 4632 2017 4711 cujus-

2110 4636 2294 4692 δποῖον
2337 4629 2403 4699 δὴ
2433 4632 2522 4688 καὶ
2551 4637 2706 4689 τοῦτο
2737 4630 2897 4710 λόγου
2927 4632 3013 4689 καὶ
3043 4633 3263 4707 μνήμης
3307 4630 3470 4698 ἄξιον,

372 4714 539 4778 modi
568 4725 665 4780 est
695 4717 809 4779 hoc
839 4735 1077 4801 quoque
1105 4717 1350 4800 dignum
1384 4720 1544 4799 quod
1607 4731 1907 4800 narretur,
1964 4732 2024 4786 et

371 4804 691 4871 mandetur
719 4806 1048 4873 memoriae.

453 4893 581 4961 VII.
611 4895 799 4961 Aiunt
815 4898 1134 4980 quemdam
1161 4918 1395 4981 magum
1427 4907 1526 4983 qui
1557 4901 1883 4967 vocabatur
1910 4904 2019 4966 Za-

2183 4901 2268 4963 Z'.
2306 4901 2443 4960 Φασί
2471 4923 2588 4959 τινα
2636 4900 2807 4978 μάγον
2837 4902 3033 4976 Ζαρέαν
3087 4900 3415 4977 καλούμενον
3467 4898 3594 4959 sint?)
3649 4896 3752 4966 τῆς

372 5001 532 5063 reas,
569 5005 704 5051 cum
740 4989 1028 5054 malefica)
1044 4990 1187 5053 artis
1217 5009 1516 5054 summum
1539 4993 2021 5073 nttigissetfasti-

2110 4992 2461 5073 κακοτεχνίας
2490 4992 2760 5072 φθάσαντα
2801 4992 2864 5048 τὸ
2893 4991 3205 5071 ἀκρότατον,
3250 5003 3368 5055 τοῖς
3400 4989 3517 5047 ἐκεῖ
3566 4995 3756 5055 τόποις

371 5074 562 5156 gium,
596 5076 660 5141 in
688 5076 811 5141 illis
842 5078 994 5141 locis
1023 5097 1154 5143 esse
1204 5089 1503 5145 versatum
1561 5082 1635 5144 ad
1696 5083 2019 5146 multorum

373 5166 645 5265 exitium,
680 5186 893 5265 magna
948 5176 1009 5232 et
1035 5169 1199 5233 varia
1238 5169 1452 5234 fraude
1482 5178 1803 5265 utentem:
1839 5192 2016 5254 quem

372 5258 533 5319 inter
558 5265 775 5321 cetera
802 5258 1008 5321 dicunt
1054 5275 1264 5322 ausum
1297 5278 1430 5324 esse
1459 5260 1688 5340 aliquid
1722 5262 2020 5343 ejusmodi

458 5399 625 5465 913a.
657 5416 818 5476 11m,
858 5399 915 5463 7.

2104 5083 2189 5142 ἐπὶ
2242 5082 2384 5161 λύμῃ
2438 5081 2648 5140 πολλῶν
2704 5081 3064 5162 ἐπιχωριασαι
3119 5079 3267 5158 δεινῇ
3314 5086 3385 5158 τῇ
3426 5080 3607 5158 ἀπάτῃ
3664 5081 3757 5137 καὶ

2103 5173 2279 5250 πολλῇ
2306 5173 2615 5253 χρώμενον,
2662 5170 2721 5230 ὅν
2752 5172 2889 5247 μετὰ
2916 5177 3022 5229 τῶν
3067 5169 3246 5228 ἄλλων
3274 5172 3361 5228 καὶ
3402 5170 3641 5228 τοιοῦτόν
3704 5191 3757 5226 τι

2100 5264 2373 5339 τολμῆσαι
2426 5262 2843 5340 θεομισέστατον
2884 5263 3043 5343 φήμῃ
3099 5262 3200 5318 τινὶ
3244 5257 3532 5318 σπουδάσαι
3593 5279 3754 5339 περι-

458 5544 544 5643 (ll
575 5544 904 5643 βθιίορριίε
932 5544 1184 5643 ερίίίοεῖί·
1214 5581 1296 5640 ῖ-
1324 5548 1391 5611 Ῑη
1423 5552 1786 5618 monasterio
1833 5559 2046 5627 Heleni
2076 5559 2372 5643 monachi,
2407 5576 2557 5643 quos
2586 5556 2845 5622 Essenos
2888 5563 3056 5621 vocat
3081 5553 3271 5631 Philo,
3304 5554 3609 5637 perpetuis
3638 5572 3749 5618 va-

377 5624 594 5693 cabant
613 5624 893 5708 precibus
924 5634 986 5689 et
1012 5626 1286 5692 canticis.
