4020 6142
261 288 384 363 617

1454 298 1924 377 MARTYBIUM
1966 299 2027 365 S.
2093 298 2478 366 EUGENUE.

3524 312 3645 382 618

266 435 455 493 λαϐεῖν
486 436 611 501 τοὺς
654 437 979 518 ἐπιχωρίόυς
1009 439 1079 502 ὡς
1109 438 1260 501 αὐτὸς
1304 436 1401 512 μὲν
1432 436 1523 504 εἴη
1566 436 1909 514 ἆπεστιλμέο

2000 436 2122 499 Deo
2173 438 2426 499 maxime
2487 434 2763 509 invisum,
2824 453 3040 517 nempe
3093 437 3307 503 famam
3355 447 3645 524 sparsisse

267 547 359 589 νος
413 526 517 582 ὕπὸ
579 534 806 604 Χριστοῦ
850 528 1126 606 εὐεργέτης
1172 527 1457 606 ἀνθρωπων
1514 526 1610 583 καῖ
1665 526 1919 584 διδάσκα-

272 628 363 677 to;
397 615 623 695 ἀγαθὸς,
657 616 855 691 ψευδὴς
885 615 942 672 δὲ
996 616 1221 681 ⁰Ἐλενος
1252 616 1426 691 μάτην
1470 617 1641 690 ἑαυτῷ
1683 618 1742 672 τὸ
1772 614 1922 672 διδα-

269 704 540 762 σκαλικὸν
597 703 802 780 ἀξίωμα
885 705 1213 784 περιάπτων.
1275 704 1518 778 Ἐνόμιζε
1572 706 1670 783 γὰρ
1728 708 1799 770 ὡς
1879 706 1923 760 εί

265 795 359 850 τὸν
425 793 661 868 ποιμένα
714 801 791 868 τῷ
861 795 1087 869 ποιμνίῳ
1146 792 1538 873 ἐγπολεμώσοι,
1583 801 1676 851 τοῦ
1735 793 1925 851 λοιποῦ

265 881 459 961 ῥᾳδίως
536 886 724 946 αὖτοῖς
809 884 989 958 ὥσπερ
1066 881 1381 964 ἀφυλάκτοις
1452 881 1683 939 ἐπελθὼν
1756 887 1922 960 θρεμ-

271 994 430 1048 μασι,
499 975 714 1052 θήραμα
771 976 864 1031 οὒκ
919 976 1373 1053 εὖκαταφρόντ,τον
1434 980 1510 1047 τῷ
1564 975 1718 1052 πατρὶ
1767 975 1924 1031 αῦτοῦ

275 1069 351 1136 τῷ
400 1060 633 1137 διαϐόλῳ
683 1076 1087 1142 προσενεγκεῖν.
1119 1072 1292 1122 Ταῦτα
1346 1060 1518 1139 λέγων
1574 1062 1780 1123 ἐκεῖνος
1836 1063 1925 1119 καὶ

278 1156 496 1217 πιθανος
540 1152 607 1220 ῆν
655 1155 719 1210 ἐκ
772 1153 1115 1232 κακουργίας.
1177 1152 1333 1209 ’Ἰστε
1390 1153 1490 1230 γὰρ
1540 1150 1682 1217 ὅπως
1736 1153 1920 1209 ἀνυσι-

270 1242 519 1317 μώτατον
588 1245 623 1310 ἡ
694 1243 852 1299 κακία
895 1244 981 1299 καὶ
1049 1243 1170 1305 τοὺς
1223 1239 1453 1302 πολλοὺς
1511 1238 1724 1297 ἐλκύσαι
1784 1241 1919 1298 πάνυ

265 1328 439 1408 ῥᾳδία⁶
496 1331 638 1388 ὥστε
665 1332 753 1388 καὶ
795 1338 872 1406 τῷ
924 1330 1123 1404 Ἐλὲνῳ
1178 1332 1268 1388 τὸν
1311 1328 1479 1409 ὄχλον
1535 1327 1917 1408 προσελθόντας

264 1423 440 1476 εἰπεῖν
490 1419 527 1489 ἢ
568 1421 754 1477 ποινὸν
810 1422 897 1477 καὶ
926 1420 1081 1478 αὖτὸν
1143 1420 1394 1476 κοινωνὸν
1423 1418 1518 1485 τῆς
1575 1416 1915 1485 κιδασκαλίας

264 1507 485 1589 λαϐεῖν,
535 1510 573 1574 ἦ
615 1520 741 1588 γοῦν
791 1511 921 1588 πρὸς
974 1506 1219 1585 διάλογον
1262 1504 1644 1582 ἁμιλληθῆναι,
1689 1506 1783 1562 ἵνα
1839 1512 1917 1581 τῷ

265 1600 490 1655 νικῶντι
533 1601 621 1654 καὶ
663 1600 809 1655 αὐτοὶ
851 1598 1182 1677 πρόσθοιντο.
1218 1594 1490 1671 ’Ἂσμενος
1532 1596 1619 1652 οὖν
1650 1598 1675 1650 ὁ
1733 1594 1914 1652 ’Ἔλε-

266 1708 360 1751 νος
417 1687 520 1755 τῆν
579 1691 677 1755 τῆς
735 1685 966 1758 ἁμίλλης
1023 1683 1373 1764 καταδέχεται
1441 1696 1652 1763 πεῖραν⁶
1716 1682 1913 1760 ἐθάρῤει

2005 525 2165 588 inter
2195 546 2320 600 eos,
2357 526 2457 606 qui
2502 525 2624 586 illic
2655 525 3020 614 habitabant,
3059 528 3215 607 quod
3248 531 3374 611 ipse
3406 536 3644 614 quidem

2007 615 2490 679 essetaChristo
2536 614 2749 676 missus
2813 613 3164 677 benefactor
3220 613 3532 684 hominum
3588 636 3647 689 et

2006 705 2212 765 doctor
2242 703 2458 779 bonus,
2491 703 2743 765 mendax
2774 712 2971 766 autem
3007 706 3293 781 Helenus,
3327 713 3645 778 auctorita-

2004 799 2122 853 tem
2187 793 2438 855 docendi
2512 791 2626 853 sibi
2684 792 2826 854 falso
2909 794 3202 859 tribuens.
3259 799 3648 868 Existimabat

2006 882 2189 958 enim,
2226 881 2379 962 quod
2413 880 2462 942 si
2494 890 2787 962 pastorem
2817 881 3102 946 adversus
3130 903 3373 965 gregem
3402 890 3476 952 ad
3507 891 3643 954 bel-

2004 969 2124 1032 lum
2158 969 2671 1063 concitaretteos
2700 970 3007 1063 deinceps,
3036 980 3315 1056 tanquam
3347 997 3489 1042 oves
3512 1001 3644 1063 quas

2005 1076 2125 1122 non
2157 1068 2294 1122 sunt
2324 1058 2657 1137 custoditte,
2689 1061 3063 1140 aggrediens,
3096 1083 3214 1125 non
3241 1058 3641 1133 contemnen-

2001 1149 2135 1210 dam
2166 1149 2422 1229 praedam
2446 1149 2736 1228 praaberet
2762 1150 2913 1229 patri
2943 1169 3050 1212 suo
3074 1151 3337 1218 diabolo.
3366 1155 3505 1220 Haec.
3537 1158 3638 1223 ille

2002 1235 2415 1311 dicens,fidem
2432 1236 2685 1326 faciebat
2706 1256 2814 1300 sua
2833 1237 3420 1320 improbitate.Scitis
3447 1247 3633 1326 enim,

2000 1343 2175 1405 quam
2203 1326 2276 1388 sit
2299 1325 2526 1387 malitia
2546 1325 2750 1387 efﬁcax
2796 1335 2854 1389 et
2881 1347 3055 1408 quam
3089 1328 3259 1393 facile
3294 1334 3510 1398 multos
3539 1325 3635 1400 at?-

1997 1414 2189 1476 trahat
2221 1435 2233 1476 :
2265 1414 2439 1490 adeo,
2475 1422 2543 1478 ut
2588 1414 2661 1476 ad
2692 1415 2982 1479 Helenum
3022 1418 3193 1481 turba
3218 1423 3535 1502 accedens,
3580 1427 3636 1488 ei

2000 1503 2238 1583 dixerit,
2276 1511 2338 1564 ut
2362 1504 2451 1565 vel
2484 1504 2679 1584 ipsum
2712 1504 3000 1568 doctrinae,
3020 1519 3351 1573 assumeret
3381 1514 3632 1590 socium,

1998 1601 2098 1663 aut
2129 1601 2291 1654 certe
2320 1593 2479 1655 inter
2510 1611 2575 1655 se
2605 1592 2996 1673 disputarent,
3033 1604 3096 1657 ut
3127 1596 3239 1677 ipsi
3274 1600 3329 1661 ei
3359 1602 3466 1678 qui
3495 1603 3633 1665 vin-

1997 1690 2184 1758 ceret,
2243 1682 2621 1745 accederent.
2684 1683 2899 1746 Libens
2948 1684 3151 1762 itaque
3201 1686 3464 1752 Helenus
3515 1692 3639 1754 adit

265 1778 372 1854 γὰρ
415 1782 494 1850 τῷ
524 1779 755 1855 Χριστῷ,
816 1777 888 1833 Τὸ
914 1774 968 1831 δὲ
1028 1775 1280 1831 κοινωνὸν
1337 1773 1532 1852 Ζορὲαν
1586 1771 1914 1851 παραλαϐεῖν

2000 1770 2327 1850 periculum
2360 1789 2492 1831 cum
2530 1789 2602 1833 eo
2628 1771 2992 1852 disputandi.
3024 1775 3355 1839 Confitebat
3386 1780 3541 1841 enim
3574 1780 3637 1842 in

263 1865 547 1944 ἄνθρωπον
593 1866 884 1943 τερατείαις
944 1862 1209 1938 δαιμόνων
1265 1862 1727 1941 ἐπιγανχώμενον,
1758 1871 1913 1918 τοῦτο

263 1956 355 2011 καὶ
400 1954 540 2032 ἆκόᾗ
571 1977 709 2032 μονη
762 1952 948 2011 λαϐεῖν
979 1954 1238 2009 ἀπευκτὸν
1288 1952 1493 2031 ἠγεῖτο.
1562 1944 1655 2015 'uq
1699 1950 1787 2008 οὖν
1819 1949 1913 2007 καί

260 2044 300 2112 ἡ
328 2046 485 2124 κυρία
528 2044 723 2122 παρῆν,
759 2044 888 2123 πρὸς
918 2043 1039 2105 τοὺς
1070 2041 1257 2119 λόγους
1305 2041 1499 2121 ἐχώρει
1533 2041 1619 2097 καὶ
1647 2040 1746 2107 τὴν
1793 2038 1911 2095 διά-

266 2130 435 2199 λεξιν.
498 2135 595 2191 Καὶ
651 2134 884 2213 ἰσχυρῶς
949 2131 1047 2207 μὲν
1104 2130 1286 2192 πρῶτα
1342 2131 1607 2187 ἐπετίθετο
1668 2130 1755 2185 καὶ
1810 2152 1913 2186 πυ-

261 2235 422 2286 κνοῖς
486 2221 598 2297 ἅμα
628 2224 717 2278 τὸν
763 2222 935 2299 μάγον
977 2218 1166 2277 ἔϐαλλε
1215 2232 1332 2285 τοῖς
1389 2218 1662 2299 ἐλέγχοις·
1718 2217 1830 2274 ἐπεὶ
1860 2216 1913 2273 δὲ

266 2312 412 2390 ἑώρα
470 2317 539 2386 τῇ
568 2308 809 2382 αὒθαδείᾳ
863 2311 935 2375 ὡς
965 2308 1115 2383 ὅπλῳ
1171 2308 1472 2388 χρώμενον,
1506 2309 1595 2364 καὶ
1647 2308 1707 2363 τὸ
1766 2312 1915 2379 νικᾷν

264 2402 363 2457 οῦκ
418 2402 483 2456 ἐκ
510 2405 608 2467 τῆς
666 2398 937 2472 ἀληθείας,
972 2397 1092 2454 ἀλλ’
1151 2397 1212 2455 ἐκ
1266 2402 1364 2465 τῆς
1395 2395 1653 2460 ἀναιδείας
1712 2395 1913 2472 μᾶλλον

267 2490 448 2562 ἑαυτῷ
530 2488 824 2565 περιθέσθαι
877 2486 1296 2567 φιλονεικοῦντα,
1362 2485 1501 2566 ἔργῳ
1579 2485 1678 2553 τὴν
1746 2496 1912 2563 κρίσιν

266 2578 551 2657 ἐπέτρεπε,
598 2579 688 2635 καὶ
746 2585 844 2655 πῦρ
900 2575 1034 2634 πολὺ
1103 2577 1237 2632 κατὰ
1306 2596 1466 2650 μεσον
1536 2579 1635 2642 τῆς
1704 2574 1912 2637 πόλεως

266 2669 567 2747 ἀναφθῆναι
625 2666 856 2747 κελεύει,
889 2664 1136 2732 ἐπιϐῆναι
1178 2662 1231 2720 δὲ
1288 2670 1385 2731 τῆς
1430 2663 1621 2744 φλογὸς
1672 2663 1913 2743 ἀμφοτὲ-

262 2779 417 2837 ρους,
450 2758 539 2812 καὶ
595 2758 652 2822 ὃς
687 2754 749 2812 ἂν
779 2760 949 2815 αὐτῶν
999 2753 1215 2832 ἀπαγὴς
1260 2754 1432 2829 μείναι
1490 2754 1698 2809 καὶτοῦ
1751 2753 1912 2827 πυρὸς

263 2847 640 2926 ἰσχυρότερος,
671 2847 857 2903 τοῦτον
909 2844 1052 2902 εἶναι
1085 2842 1266 2923 σαφῶς
1302 2844 1394 2900 τὸν
1425 2843 1509 2899 καὶ
1537 2843 1637 2899 ὑπὸ
1688 2848 1912 2920 Χριστοῦ

269 2935 576 3015 μεμφθέντα
605 2937 694 2993 καὶ
739 2937 828 2990 τὸν
859 2934 1055 2991 ἐκείνου
1083 2932 1282 3009 κλῆρον
1310 2929 1571 2989 διδάσκειν
1601 2928 1765 2997 ἄξιον.

356 3110 442 3175 Η⁹,
480 3102 568 3176 Ὠς
614 3112 701 3169 οὖν
764 3114 791 3168 ὁ
821 3110 978 3191 λόγος
1011 3110 1165 3190 ἔργου
1208 3110 1421 3189 εἴχετο,
1454 3111 1545 3166 καὶ
1573 3111 1608 3177 ἡ
1651 3107 1779 3189 φλὸξ
1812 3108 1911 3177 ἤδη

1997 1859 2253 1921 Christo.
2288 1859 2529 1921 Zaream
2570 1869 2766 1922 autem
2798 1880 3106 1926 assumere
3148 1866 3399 1942 socium,
3435 1868 3633 1930 homi-

1997 1946 2284 2037 nemqui
2326 1947 2690 2026 gloriabatur
2736 1950 3072 2029 daemonum
3128 1956 3463 2037 praestigiis,
3522 1959 3635 2020 hoc

1997 2035 2369 2098 existimabat
2394 2038 2487 2098 vel
2544 2038 2671 2100 solo
2718 2057 2849 2101 esse
2888 2041 3091 2103 auditu
3139 2035 3630 2109 abominandum.

1995 2123 2310 2205 Postquam
2362 2144 2500 2205 ergo
2530 2126 2659 2189 dies
2693 2129 2859 2190 affuit
2906 2130 3252 2214 praeﬁnitus,
3285 2137 3534 2197 accessit
3558 2136 3635 2198 ad

1996 2215 2480 2295 disputationem.
2508 2214 2579 2276 Et
2637 2216 2895 2295 primum
2956 2218 3196 2296 quidem
3250 2241 3388 2286 eum
3417 2225 3638 2288 acriter

2001 2312 2090 2393 est
2121 2302 2387 2385 adortus,
2423 2313 2480 2365 et
2509 2303 2739 2366 crebris
2772 2323 3005 2386 magum
3058 2308 3276 2371 invasit
3304 2329 3634 2393 argumen-

2000 2390 2093 2481 tis.
2127 2394 2446 2481 Postquam
2498 2400 2695 2455 autem
2724 2394 2873 2455 vidit
2903 2413 3035 2457 eum
3088 2397 3175 2458 uti
3205 2390 3546 2481 arrogantia
3574 2412 3635 2466 et

1997 2480 2330 2571 insolentia,
2348 2489 2639 2571 tanquam
2672 2481 2947 2558 armis,et
2980 2480 3490 2551 contendere’sibi
3523 2509 3630 2571 pa-

1995 2587 2130 2631 rare
2156 2569 2482 2645 victoriam,
2517 2589 2635 2632 non
2667 2590 2736 2633 ex
2766 2572 3037 2648 veritate,
3071 2573 3176 2637 sed
3209 2594 3282 2637 ex
3309 2569 3633 2658 impuden-

1996 2659 2099 2741 tia,
2136 2660 2401 2741 permisit
2433 2660 2581 2722 facto
2628 2659 2965 2741 judicium;
3025 2670 3084 2725 et
3122 2663 3292 2743 jubet
3353 2685 3631 2748 magnum

1996 2749 2191 2829 ignem
2224 2748 2472 2811 accendi
2527 2750 2589 2812 in
2646 2749 2843 2812 media
2900 2750 3154 2828 civitate,
3187 2753 3396 2818 ambos
3431 2767 3631 2821 autem

1993 2840 2292 2900 flammam
2327 2838 2580 2917 ingredi,
2608 2848 2665 2901 et
2687 2840 2788 2920 qui
2810 2858 3013 2903 eorum
3040 2852 3307 2905 maneret
3325 2843 3545 2911 illaasus
3574 2855 3633 2910 et

1991 2927 2131 3007 igne
2160 2927 2392 3010 fortior,
2425 2947 2558 2989 eum
2608 2948 2740 2991 esse
2798 2939 3022 3012 aperte,
3054 2933 3160 3013 qui
3215 2952 3251 2997 a
3279 2936 3511 2999 Christo
3541 2948 3632 3002 est

1996 3017 2234 3092 missus,
2271 3024 2328 3078 et
2351 3017 2596 3096 dignum
2622 3035 2775 3095 esse,
2811 3019 2910 3099 qui
2941 3020 3150 3083 doceat
3183 3022 3342 3086 illius
3372 3025 3628 3090 clerum.

2076 3103 2230 3167 VllI.
2267 3107 2583 3186 Postquam
2635 3124 2773 3168 vero
2808 3106 2984 3169 verba
3013 3109 3086 3171 ad
3116 3128 3243 3172 rem
3274 3122 3411 3176 sunt
3440 3115 3632 3178 dedu-

268 3202 401 3272 πρὸς
460 3200 592 3277 ὕψος
633 3200 818 3281 ᾔρετο,
851 3197 1014 3273 δειλίᾳ
1072 3200 1215 3262 εὒθὺς
1277 3202 1304 3255 ὁ
1362 3197 1556 3277 Ζαρέας
1614 3198 1911 3279 συνείχετο,

2000 3200 2198 3284 cta,_et
2233 3194 2470 3284 flamma
2513 3194 2638 3274 jam
2695 3196 2802 3257 fuit
2845 3197 2902 3257 in
2932 3199 3114 3259 altum
3151 3199 3404 3284 sublata,
3439 3213 3634 3268 metus

267 3292 356 3347 καὶ
399 3291 492 3347 τὸν
547 3288 782 3347 ’Ἕλενον
841 3286 1087 3357 ἐπιϐῆναι
1129 3290 1336 3368 πρῶτον
1386 3284 1728 3367 διεκελεύετο,
1762 3295 1916 3345 τοῦτο

269 3377 387 3436 καθ’
438 3379 648 3454 ἑαυτὸν,
680 3380 753 3439 ὡς
811 3377 974 3453 ἔοικε,
1003 3375 1318 3456 διανοηθεὶς,
1351 3377 1425 3440 ὡς
1486 3377 1530 3433 εἰ
1580 3376 1658 3451 μὴ
1714 3375 1913 3455 θαρῤή-

268 3489 366 3532 σας
412 3465 650 3531 ’Ἕλενος
695 3468 954 3547 αἰσχύνην
985 3465 1235 3547 ὀφλήσοι,
1267 3466 1304 3534 ἢ
1351 3472 1474 3544 γοῦν
1502 3464 1913 3539 κατατολμήσας

269 3556 583 3636 ἆποῤῥήξειε
614 3558 710 3626 τὴν
743 3557 947 3637 ψυχήν,
980 3558 1068 3614 καὶ
1122 3555 1287 3621 οὕτως
1331 3553 1392 3613 ἂν
1435 3556 1558 3633 ῥᾷον
1589 3556 1648 3611 τὸ
1699 3568 1913 3634 κρατεῖν

270 3668 635 3727 περιγενοιτο,
704 3645 1108 3725 ἀνταγωνιστὴν
1160 3642 1485 3702 ἀποϐαλοντι
1542 3643 1689 3721 μάλα
1757 3642 1913 3722 στεῤ-

268 3737 379 3815 ῥὸν,
422 3737 511 3792 καὶ
568 3736 709 3809 παρὰ
739 3738 892 3793 τοῦτο
949 3736 1122 3792 πάντα
1175 3731 1262 3815 ὑφ’
1320 3734 1504 3791 ἑαυτὸν
1547 3732 1766 3791 ἑλκάσαι
1823 3731 1915 3789 δυ-

267 3827 426 3892 νατὸς
472 3826 712 3905 γένηται,
770 3826 899 3883 Επεὶ
928 3823 983 3881 δὲ
1033 3830 1120 3881 καὶ
1149 3823 1247 3891 τὴν
1302 3836 1493 3903 πεῖραν
1523 3825 1550 3880 ὁ
1582 3825 1725 3887 θεῖος
1781 3822 1913 3900 ἆντὶρ

269 3914 569 3983 ὑποστῆναι
627 3916 851 3995 πρῶτως
897 3912 1290 3994 διωμολόγησε,
1348 3914 1437 3970 καὶ
1498 3910 1912 3991 προσευξάμενος

269 4001 507 4061 ἐπίϐαινε
556 4010 653 4073 τῆς
682 4010 870 4084 πυρᾶςο
930 4005 1029 4071 τῆν
1085 4000 1141 4058 δὲ
1188 4005 1280 4059 οὐκ
1322 4000 1601 4059 ἐλάνθανεν
1658 3999 1771 4057 ὅστι
1821 4001 1913 4069 εἴη

269 4095 354 4151 καθ
415 4092 533 4151 οῦδὲ
587 4094 772 4174 τριχός
816 4093 1016 4151 ἐκείνου
1075 4093 1262 4168 ψαύειν
1317 4090 1539 4167 ἐτόλμα⁶
1592 4091 1711 4147 τότε
1733 4089 1799 4158 δὴ
1823 4092 1912 4148 τὸν

271 4183 450 4262 μάγον
502 4180 663 4264 φόϐου
692 4185 780 4240 καὶ
837 4180 1031 4247 δειλίας
1084 4180 1486 4249 ὑποπλησθέντα
1530 4177 1759 4257 μάλιστα
1817 4180 1914 4256 μὲν

271 4269 516 4329 ἐκποδὼν
569 4269 809 4351 γενέσθαι
853 4273 945 4328 ’καὶ
996 4268 1261 4349 διαδρᾶναι
1316 4271 1415 4338 τῆν
1460 4282 1649 4347 πεῖραν
1692 4271 1914 4349 φανερὸν

271 4360 603 4429 καταστῆναι
662 4361 699 4429 ἢ
754 4361 852 4429 τῆν
894 4358 1070 4433 ’ᾍδου
1139 4364 1304 4427 κυνῆν
1358 4358 1649 4416 ὑπελθόντα
1706 4358 1911 4439 λαθεῖν,

272 4451 376 4508 ὕπὸ
416 4447 473 4506 δὲ
502 4451 596 4507 τοῦ
641 4449 869 4520 πλήθους
908 4450 998 4506 καὶ
1049 4448 1247 4506 ἄκοντα
1295 4448 1689 4524 συνωθούμενον
1740 4448 1910 4527 ἀναγ-

271 4538 439 4603 καίως
507 4539 608 4605 τῆν
676 4538 906 4614 κάμινον
970 4536 1247 4596 εἰσελθεῖνο
1306 4536 1422 4605 ἥτις
1505 4519 1662 4594 αὒτὸν
1728 4519 1983 4594 sarcva

273 4625 414 4684 οὕτω
475 4626 893 4706 περιελάμϐανεν
942 4626 1046 4695 ἤδη
1104 4629 1201 4685 καί
1248 4624 1602 4685 κατεϐόσιιετο
1657 4628 1731 4689 ὡς
1802 4625 1918 4683 οὐδὲ

275 4717 403 4792 μίαν
462 4714 596 4784 ὕλην
653 4715 833 4787 ἑτέραν
903 4720 1156 4784 καυθῆναι
1224 4714 1423 4793 ῥᾳδίαν·
1502 4717 1589 4772 καὶ
1640 4714 1757 4795 εἴγε
1841 4718 1918 4791 μὴ

275 4805 479 4886 φθάσας
509 4808 538 4863 ὁ
593 4806 762 4885 μέγας
796 4804 1029 4867 ’Ἕλενος
1089 4805 1355 4874 οἰκτείρων
1386 4803 1565 4883 ὥσπερ
1619 4809 1716 4872 τῆς
1775 4826 1919 4880 συμ-

274 4900 444 4975 φορᾶς
514 4896 608 4952 τὸν
665 4893 841 4955 ἄθλιον
911 4893 1236 4975 ἡμίφλεκτον
1291 4893 1437 4959 εὒθὺς
1494 4895 1778 4972 γενόμενον
1826 4900 1919 4951 τοῦ

275 4985 439 5063 πυρὸς
496 4984 822 5047 ἀνεσώσατο.
854 4983 953 5041 κᾶν
985 4986 1056 5048 εἰς
1085 4982 1237 5047 τέλος
1283 4986 1415 5060 αὒτῇ
1445 4984 1638 5061 μαγείᾳ
1666 4985 1753 5041 καὶ
1800 4996 1919 5047 τοῖς

278 5073 572 5154 σοφίσμασι
643 5072 919 5154 διεφθάρη,
988 5072 1162 5137 καλῶς
1233 5071 1371 5130 οὕτω
1433 5075 1526 5130 τοῦ
1592 5074 1751 5151 πυρὸς
1821 5073 1918 5141 τὴν

274 5164 492 5235 ἅμάτην
551 5164 644 5220 σὺ)
701 5163 920 5237 ἀληθείᾳ
969 5162 1315 5227 κολάσαντος.
1354 5172 1519 5221 Τουτα
1570 5162 1781 5219 ἐκείνων
1823 5161 1919 5220 λε-

1998 3282 2238 3364 quidem
2261 3282 2457 3345 statim
2480 3284 2688 3345 invasit
2708 3284 2971 3363 Zarcam,
2999 3295 3058 3349 et
3080 3287 3333 3366 juiiebat
3365 3282 3625 3371 primum

1996 3371 2229 3452 ingredi
2260 3371 2576 3464 Helenum,
2610 3374 2721 3437 hoc
2752 3376 2908 3456 apud
2940 3394 3032 3456 se,
3061 3385 3124 3438 ut
3180 3378 3431 3457 videtur,
3468 3384 3631 3464 cogi-

2001 3470 2131 3522 tans
2172 3461 2328 3543 quod
2377 3462 2471 3523 vel
2532 3481 2649 3524 non
2708 3464 2956 3536 audens,
3013 3464 3311 3529 dedecore
3368 3461 3636 3536 Helenus

1995 3550 2305 3623 afﬁcietur,
2343 3559 2443 3612 aut
2491 3551 2542 3612 si
2570 3570 2747 3613 ausus
2794 3552 3235 3625 fuerit,emittet
3258 3558 3540 3635 animam,
3573 3571 3636 3623 et

1997 3641 2082 3701 sic
2107 3638 2282 3701 facile
2312 3638 2492 3700 fuerit
2524 3640 2578 3700 ei
2616 3640 2875 3717 vincere,
2910 3660 3043 3703 cum
3104 3643 3314 3705 fortem
3364 3648 3634 3712 amiserit

1997 3726 2425 3808 adversarium,
2456 3736 2516 3790 et
2562 3728 2647 3790 sic
2677 3747 2885 3791 omnes
2918 3734 3138 3811 poterit
3166 3732 3240 3794 ad
3272 3752 3338 3795 se
3369 3737 3630 3805 trahere.

2000 3821 2317 3899 Postquam
2360 3821 2560 3880 autem
2602 3818 2689 3878 vir
2718 3818 2817 3879 ille
2851 3818 3086 3881 divinus
3117 3820 3419 3901 professus
3447 3835 3538 3889 est
3567 3847 3634 3893 se

1998 3906 2256 3989 primum
2287 3905 2617 3968 subiturum
2653 3906 3007 3987 periculum,
3056 3920 3114 3973 et
3171 3930 3305 3973 cum
3362 3926 3633 3993 precatus

1996 4005 2389 4075 esset,rogum
2421 4003 2514 4058 est
2541 3995 2883 4076 ingressus;
2924 3998 3089 4061 illum
3121 4019 3261 4063 vero
3292 4021 3410 4065 non
3439 4004 3630 4085 latuit,

1997 4086 2270 4169 quisnam
2298 4094 2475 4161 esset,
2512 4096 2572 4145 et
2624 4103 2735 4147 nec
2775 4085 2937 4147 illius
2966 4089 3207 4169 quidem
3241 4092 3426 4171 pilum
3456 4113 3634 4159 ausus

1997 4186 2088 4239 est
2118 4183 2404 4252 tangere;
2468 4186 2609 4238 tunc
2655 4173 2821 4236 aiunt
2878 4195 3113 4256 magum
3153 4180 3321 4243 illum
3356 4192 3517 4246 metu
3574 4195 3633 4248 et

1996 4274 2225 4330 terrore
2285 4263 2603 4345 repletum,
2665 4265 2985 4354 recessisse
3034 4268 3302 4347 quidem,
3339 4282 3396 4332 et
3429 4282 3634 4354 aperte

1997 4355 2332 4419 ostendisse
2361 4371 2425 4415 se
2454 4354 2639 4417 vitare
2679 4352 3039 4435 periculum,
3071 4366 3172 4418 aut
3225 4352 3494 4424 Plutonis
3522 4382 3631 4443 pa-

1997 4446 2149 4510 leam
2208 4443 2558 4507 subeuntem
2620 4443 2906 4508 latuisse:
2956 4464 2990 4507 a
3027 4447 3406 4512 multitudine
3435 4461 3632 4516 autem

1999 4544 2362 4619 protrusum,
2397 4533 2700 4595 fornacem
2732 4533 2821 4597 vel
2883 4534 3127 4597 invitum
3188 4537 3464 4604 intrasse.
3497 4544 3636 4617 Quae

2001 4643 2137 4687 eum
2162 4641 2329 4704 teque
2356 4622 2528 4685 facile
2548 4622 3247 4706 jamcomprehendebat
3272 4636 3331 4689 et
3356 4628 3638 4711 depasce-

1999 4714 2120 4790 bat,
2149 4722 2324 4793 atque
2345 4714 2610 4793 quamvis
2637 4711 2810 4774 aliam
2845 4724 3039 4794 aptam
3075 4715 3149 4777 ad
3182 4718 3474 4782 urendum
3508 4740 3636 4784 ma-

2000 4802 2206 4865 teriam
2236 4820 2250 4861 :
2278 4808 2337 4863 et
2360 4801 2476 4862 nisi
2500 4818 2747 4880 magnus
2768 4800 3029 4864 Helenus
3052 4804 3256 4865 miseri
3287 4807 3638 4873 calamitatis

2001 4893 2305 4968 misertus,
2338 4908 2499 4966 eum,
2533 4909 2665 4953 cum
2690 4891 2813 4971 jam
2847 4900 3004 4953 esset
3028 4893 3374 4973 semiustus,
3411 4915 3637 4960 sertas-

2001 4988 2113 5060 set,
2146 4980 2275 5060 ipsa
2308 4979 2496 5058 magia
2526 4987 2584 5040 et
2632 4980 2860 5043 callidis
2914 4980 3040 5043 suis
3087 4983 3337 5045 inventis
3393 4987 3636 5049 omnino

2005 5070 2306 5152 periisset,
2340 5069 2426 5130 sic
2458 5068 2703 5149 pulchre
2726 5069 2861 5146 igne
2888 5067 3155 5132 fraudem
3189 5072 3472 5153 puniente
3501 5093 3634 5139 cum

2006 5160 2267 5222 veritate.
2299 5156 2437 5219 Haec
2466 5156 2583 5219 illis
2613 5155 2974 5237 dicentibus,
3005 5157 3177 5221 beata
3207 5161 3307 5223 illa
3339 5182 3460 5243 prae
3486 5182 3635 5244 gau-

276 5253 481 5333 γόντων
536 5255 572 5321 ἡ
603 5254 835 5329 μακαρία
893 5253 1117 5311 παντοία
1157 5252 1260 5310 ὐπὸ
1317 5253 1660 5333 περιχαρείας
1694 5254 1915 5332 ἐγίνετο,

2004 5249 2103 5313 dio
2127 5246 2285 5309 varie
2313 5244 2704 5326 afﬁciebatur,
2724 5245 3050 5322 laetabatur,
3076 5249 3500 5330 admirabatur,
3534 5272 3639 5317 eos

273 5340 433 5412 ἥδετο
460 5390 475 5418 ,
555 5340 905 5413 ἐξεπλήττετο
932 5390 947 5418 ,
1020 5344 1126 5401 τῶν
1208 5341 1655 5421 ἀπαγγελλόντων
1747 5339 1915 5399 ἐδέετο

2006 5339 2108 5422 qui
2140 5336 2484 5418 narrabant,
2515 5334 2759 5414 rogabat
2789 5344 2854 5398 ut
2884 5355 2991 5417 per
3030 5337 3190 5419 ipsos
3218 5340 3635 5421 adduceretur,

278 5431 658 5513 προσαχθῆναί
697 5453 753 5489 τε
810 5431 880 5510 ρι’
926 5435 1095 5493 αὐτῶν
1148 5432 1240 5489 καί
1295 5436 1549 5499 συστῆναι
1586 5437 1655 5506 τῷ
1704 5430 1915 5490 ἐπισκό·

2007 5438 2066 5493 et
2099 5427 2378 5509 episcopo
2412 5425 2934 5515 commendaretur
2974 5428 3099 5507 ipsa
3147 5437 3205 5491 et
3249 5429 3463 5495 fratres
3493 5451 3643 5515 quos

275 5543 362 5597 πον
388 5523 559 5593 αὐτήν
614 5543 673 5579 τε
704 5525 790 5579 καὶ
850 5524 938 5588 οὓς
996 5522 1248 5603 ἐπάγεται
1305 5517 1582 5600 ἂδελφοὺς,
1630 5522 1716 5578 καὶ
1758 5520 1915 5587 οὕτως

2008 5517 2269 5593 adducit,
2305 5524 2362 5578 et
2413 5515 2499 5578 sic
2553 5514 2614 5576 in
2672 5515 2787 5578 hoc
2836 5517 3196 5580 monasterio
3246 5514 3647 5585 communiter

282 5613 381 5672 ὗπδ
435 5618 508 5691 τῇ
569 5616 708 5689 μονῇ
750 5608 871 5688 τῇδε
928 5617 1088 5685 ζῆσαι
1131 5617 1282 5689 κοινῇ
1334 5606 1730 5690 συνδιάγοντας,
1777 5610 1915 5671 Οὕτω

2008 5608 2295 5673 viverent.
2327 5605 2411 5669 Ita
2432 5604 2649 5671 obnixe
2679 5610 3240 5688 rogans,persuadet
3268 5611 3542 5694 cuiquam
3574 5630 3644 5679 ex

605 5728 867 5793 ΡΑπιοι.
912 5731 1027 5795 Gn.
1071 5729 1278 5795 CXVI.
3167 5726 3246 5792 2O
