4056 6142
244 341 351 414 621

1420 340 1892 408 MARTYRIUM
1936 340 1993 406 S.
2044 338 2427 409 EUGENL‘E.

3490 349 3605 414 622

244 483 328 538 καὶ
356 478 433 537 ἔτι
478 483 546 555 τῇ
586 478 825 558 προθέσει
877 478 976 545 τὴν
1038 480 1187 558 φύσιν
1242 481 1328 536 καὶ
1386 481 1770 559 κατισχύσειας
1829 477 1881 533 ὲν

1971 476 2339 538 conﬁrmeris
2367 483 2428 539 et
2478 476 2801 538 invalescas
2835 497 2848 538 :
2910 486 3150 558 propter
3199 496 3379 559 quem
3412 498 3597 556 nunc,

244 576 475 648 Χριστῷ,
535 567 601 624 δι’
646 567 705 623 ὃν
772 569 861 624 καὶ
922 571 1007 624 νῦν
1064 569 1130 624 τὰ
1185 574 1289 625 τῶν
1347 566 1545 646 ἀνδρῶν
1600 570 1877 646 ὑποκρίνῃ,

243 659 373 736 γυνὴ
445 659 575 714 οὖσα
629 658 718 713 καὶ
796 655 1167 731 μεταλαϐοῦσα
1223 654 1307 713 διὰ
1364 659 1454 715 τὸν
1513 666 1643 735 πρὸς
1722 656 1880 713 αὐτὸν

240 748 411 821 ἔρωτα
460 749 549 804 καὶ
603 745 794 825 σχῆμα
836 744 931 803 καί
962 745 1152 822 ὄνομα.
1203 747 1301 804 Καὶ
1355 754 1516 804 ταῦτα
1574 749 1632 806 o6
1680 749 1875 825 θριαμ-

239 836 412 893 ϐεύειν
469 837 534 892 τὰ
580 836 647 891 σὰ
705 833 1026 911 βουλόμενος
1084 837 1112 892 6
1157 838 1287 901 Θεὸς
1330 836 1449 912 ἐμοὶ
1493 834 1872 916 διευκρίνησεν,

240 925 358 982 ἀλλ’
385 924 479 982 ’ίνα
508 931 645 1004 γνῷς
685 924 784 981 ὅσα
828 924 977 1000 μέλει
1020 931 1096 999 τῷ
1141 926 1256 1000 Θεῷ
1297 948 1415 1006 σου,
1461 924 1628 1001 μηδὲν
1658 926 1879 1000 ἆποκρύυ

240 1021 344 1091 ψας
403 1021 512 1071 τῶν
571 1019 680 1070 σῶν
722 1010 910 1079 ἔδειξεν
963 1013 1109 1078 ὅστις
1166 1036 1225 1071 τε
1256 1014 1377 1082 εἴης
1409 1015 1497 1072 καὶ
1527 1016 1669 1080 ὃπως
1703 1014 1876 1090 ἥκεις,

242 1105 325 1161 καὶ
381 1104 517 1167 τίνες
577 1105 624 1160 οἱ
676 1102 799 1180 περὶ
830 1104 889 1161 σὲ
942 1104 1029 1160 καὶ
1070 1102 1192 1166 θ’ίας
1236 1102 1390 1171 δόξης
1435 1107 1489 1160 ἒν
1534 1110 1609 1178 τῷ
1652 1106 1751 1181 βίῳ
1779 1107 1873 1162 καί

243 1193 420 1271 γένους
481 1192 693 1273 ἔτυχες.
728 1200 966 1251 Σπεῦσον
994 1192 1106 1267 οὖν,
1151 1192 1392 1272 Εὖγενία,
1429 1193 1508 1267 μὴ
1552 1192 1772 1251 ἔλαττον
1822 1198 1883 1252 τὸ

242 1286 338 1351 τῆς
396 1283 583 1361 ψυχῆς
639 1281 847 1358 εὐγενὲς
884 1281 919 1350 η
978 1283 1041 1337 τὸ
1081 1289 1173 1338 τοῦ
1229 1282 1476 1356 σώματος
1509 1281 1876 1349 ἐπιδείξασθαι.

248 1373 339 1428 Καὶ
371 1372 471 1450 γὰρ
501 1369 565 1441 δή
599 1392 692 1444 μοι
722 1370 817 1427 καὶ
845 1380 999 1430 τοῦτο
1043 1371 1148 1427 τῶν
1180 1370 1356 1428 ἄλλων
1385 1373 1489 1451 οὔχ
1520 1372 1678 1439 ἧττον
1707 1372 1878 1451 ἐγνώ-

247 1482 383 1538 ρισεν
436 1463 463 1517 6
508 1461 659 1541 Θεὸς,
704 1458 848 1525 ὅπως
892 1461 1035 1517 αὐτὼ
1087 1462 1311 1538 καθαρὸν
1369 1458 1593 1541 δοχεῖω
1654 1464 1879 1531 σεαυτὴν

246 1549 645 1625 προητοίμασας
702 1549 801 1615 τὴν
861 1550 959 1624 μὲν
1012 1551 1292 1629 παρθενίαν
1348 1549 1595 1630 ἄσπιλον,
1653 1552 1752 1619 τὴν
1823 1551 1877 1607 δὲ

246 1637 454 1716 καρδίαν
510 1636 735 1713 ἄμωμον
797 1645 1029 1717 τηροῦσα
1066 1688 1080 1712 ,
1156 1641 1241 1696 καὶ
1294 1640 1393 1707 τὴν
1448 1641 1545 1714 μὲν
1617 1648 1708 1697 τοῦ
1765 1642 1877 1718 βίου

242 1726 392 1793 δόξαν
453 1725 657 1792 ἂδοξίαν
717 1728 1021 1804 νομίζουσα,
1097 1730 1186 1784 τὸν
1247 1727 1301 1783 δὲ
1374 1728 1604 1786 πλοῦτον
1667 1732 1871 1803 πενίαν,

1966 583 2098 626 cum
2130 565 2212 627 sis
2261 564 2495 641 mulier,
2532 572 2588 626 te
2646 566 2834 626 virum
2892 583 3025 628 esse
3052 567 3328 641 simulas,
3363 578 3607 649 propter

1963 655 2092 734 ejus
2122 674 2388 717 amorem
2447 663 2671 717 mutato
2720 664 2779 718 et
2820 656 3023 718 habitu
3074 666 3134 720 et
3164 658 3431 721 nomine.
3464 657 3605 722 Haec

1959 752 2155 806 autem
2179 745 2461 821 dico,non
2480 744 2584 806 tibi
2607 763 2810 807 sexum
2836 745 3202 825 exprobrans
3218 748 3600 825 femininum,

1965 851 2079 897 nec
2111 842 2166 896 te
2199 835 2400 897 volens
2433 833 2765 909 traducere,
2814 835 2918 897 sed
2950 844 3011 897 ut
3040 836 3217 912 scias,
3253 844 3493 915 quanta;
3521 836 3605 899 sis

1964 925 2087 986 Deo
2111 943 2268 986 cura;
2301 942 2314 983 :
2349 932 2408 987 et
2436 924 2939 1005 quemadmodum
2964 926 3112 987 mihi
3141 926 3268 988 haec
3301 927 3605 1001 omnia,de

1964 1021 2021 1076 te
2049 1014 2196 1075 nihil
2227 1013 2450 1088 celans,
2489 1012 2837 1094 ostenderit,
2871 1014 3142 1093 quisnam
3172 1015 3274 1089 sis,
3311 1021 3374 1078 et
3397 1034 3605 1092 quem-

1960 1101 2279 1163 admodum
2312 1102 2594 1165 veneris:
2649 1113 2709 1163 et
2764 1103 3006 1183 quinam
3063 1101 3182 1165 sint
3233 1103 3276 1165 ii
3338 1105 3436 1184 qui
3467 1110 3605 1165 sunt

1967 1198 2183 1271 tecum,
2217 1199 2276 1253 et
2300 1208 2568 1271 quasnam
2600 1191 2706 1253 tibi
2736 1190 2796 1252 in
2827 1192 2938 1253 hac
2963 1193 3076 1253 vita
3106 1192 3295 1272 gloria
3325 1193 3606 1272 obtigerit

1964 1289 2021 1341 et
2048 1299 2261 1360 genus.
2317 1280 2503 1342 Stude
2556 1298 2719 1359 ergo,
2754 1299 2788 1341 o
2839 1279 3125 1359 Eugenia,
3163 1300 3283 1344 non
3314 1281 3517 1344 minus
3548 1290 3605 1344 te

1960 1368 2160 1431 animo
2190 1387 2543 1448 generosam
2574 1368 2895 1431 ostendere
2926 1389 3099 1450 quam
3145 1388 3421 1451 corpore.
3455 1369 3602 1432 Nam

1960 1457 2072 1518 hoc
2101 1477 2335 1538 quoque
2394 1477 2511 1518 non
2564 1456 2783 1531 minus,
2844 1476 3019 1538 quam
3072 1458 3208 1534 alia,
3262 1459 3411 1519 mihi
3444 1462 3606 1522 Deus

1960 1546 2497 1626 signiﬁcavit,quod
2525 1553 2581 1606 te
2608 1547 2663 1608 ei
2697 1564 2909 1625 purum
2941 1546 3297 1627 przepararis
3330 1556 3604 1627 recepta-

1961 1634 2578 1715 culum,virginitatem
2602 1635 2846 1711 quidem
2877 1653 3246 1697 conservans
3266 1636 3607 1698 immacula-

1961 1733 2101 1799 tam,
2130 1744 2234 1786 cor
2263 1725 2494 1799 vero,in
2523 1724 2680 1804 quod
2714 1742 2832 1787 non
2863 1724 3023 1786 cadit
3062 1725 3459 1806 reprehensio
3495 1742 3508 1786 :
3549 1734 3608 1787 et

242 1816 410 1881 λύπας
467 1815 522 1872 δὲ
579 1816 673 1881 τὰς
727 1815 942 1897 ἡδονὰς,
989 1816 1083 1873 καί
1138 1816 1286 1877 0633'»
1330 1816 1529 1898 ἔχουσα
1585 1819 1724 1897 μέγα
1779 1821 1876 1888 τὴν

1971 1814 2143 1894 hujus
2176 1816 2378 1877 mundi
2435 1812 2673 1895 quidem
2734 1814 2982 1893 gloriam
3033 1823 3318 1895 reputans
3350 1814 3606 1893 ignomi-

243 1905 381 1983 παρᾶ
436 1904 730 1983 ἀνθρώποις
788 1904 1073 1986 εὐγένειαν,
1120 1904 1325 1973 ἐκείνης
1397 1905 1449 1962 δὲ
1495 1908 1664 1977 μόνης
1706 1911 1879 1984 ἒρῶσα

241 1994 302 2060 ἧς
332 1993 595 2051 ἔκπτωτοι
625 1992 709 2050 διὰ
752 1996 841 2051 τὸν
886 2001 1120 2073 πρῶτον,
1168 1997 1256 2052 καὶ
1285 1994 1616 2074 κληρονόμοι
1648 1995 1732 2053 διὰ
1787 2001 1879 2055 τὸν

242 2082 476 2161 δεύτερον
532 2083 704 2157 Ἀδὰμ
784 2082 1101 2163 γεγόναμεν,
1177 2086 1273 2143 Καὶ
1330 2087 1494 2141 ταῦτα
1573 2086 1672 2161 μὲν
1752 2089 1881 2165 πρὸς

245 2171 490 2250 Εὖγενίαν
522 2174 550 2228 6
582 2171 826 2238 Ἕλενος.

322 2438 434 2499 lA'.
503 2440 637 2514 Πρὸς
682 2435 736 2495 δὲ
779 2440 869 2496 τὸν
910 2444 1125 2518 Πρωτᾶν
1194 2441 1282 2498 καὶ
1332 2441 1625 2501 Ὑάκινθον.
1699 2433 1884 2519 ’Υμεῖς

242 2526 323 2603 δὲ,
358 2529 539 2608 φησὶν,
593 2526 710 2588 οὗδέ
755 2529 876 2607 γὰρ,
924 2526 1041 2585 οὗδὲ
1083 2530 1148 2586 τὰ
1204 2532 1349 2606 ὑμῶν
1394 2528 1647 2599 εῦδόκησε
1701 2533 1883 2591 λαθεῖν

243 2620 272 2674 6
322 2617 572 2696 Χριστός,
618 2616 673 2674 οἵ
720 2639 781 2696 γε
825 2618 924 2685 τὴν
957 2618 1054 2692 μὲν
1096 2620 1270 2699 τύχην
1296 2616 1494 2695 δοῦλοι,
1525 2622 1620 2689 τὴν
1653 2619 1707 2678 δέ
1749 2623 1886 2701 γνώ-

242 2730 351 2783 μην
411 2705 673 2784 ἑλεύθεροι
717 2707 1013 2787 τυγχάνετε
1067 2706 1240 2780 ὄντες,
1286 2712 1372 2765 καὶ
1428 2711 1488 2765 τὸ
1545 2715 1645 2777 τῆς
1703 2716 1887 2793 ψυχῆς

242 2796 531 2852 ἀδέσποτον
564 2796 846 2871 σεμνύνετε
902 2794 1107 2871 ἀξίωμα
1164 2793 1529 2875 διατηροῦντες
1578 2805 1647 2875 τῇ
1700 2800 1887 2879 ἀρετῇ,

242 2887 373 2964 πρὸς
403 2887 494 2949 οὓς
528 2884 621 2941 καῖ
652 2888 681 2942 ὁ
712 2887 959 2961 Χριστὸς,
1005 2910 1032 2941 ι
1067 2885 1252 2943 Ούκέτι
1282 2888 1415 2960 ὃμᾶς
1446 2885 1596 2943 καλῶ
1646 2885 1886 2968 δούλους,

246 2974 387 3031 ἀλλὰ.
416 2974 621 3054 φίλους,
655 2998 680 3029 ιι
716 2975 846 3055 φησί
885 2992 898 3005 ⁸
932 2975 1181 3054 μακάριοι
1211 2976 1306 3044 τῇς
1336 2974 1652 3056 ἒλευθερίᾳς,
1687 2975 1887 3053 μᾶλλον

249 3061 305 3119 δέ
348 3068 446 3129 τῆς
490 3065 616 3141 πρὸς
662 3065 884 3143 Χριστὸν
928 3062 1104 3142 φιλίας
1175 3069 1271 3121 καί
1329 3064 1644 3131 οἷκειώσεως
1680 3084 1693 3102 ⁸
1756 3065 1886 3123 διότι

382 3151 580 3209 ἐκείνου
619 3156 774 3231 ζυγὸν
815 3155 1062 3251 bne/tea“
1111 3152 1353 3251 ἑλόμενοι
1406 3153 1461 3251 ἐν
1505 3160 1602 3229 μιᾷ
1643 3160 1711 3231 τῇ
1754 3158 1943 3251 πρὸςο

243 3241 512 3312 ἀλλήλους
560 3245 821 3318 συμπνοίᾳ
863 3240 1006 3300 οὐδέν
1064 3240 1308 3318 ἐμποδὼν
1372 3241 1487 3302 οὐδὲ
1529 3249 1598 3321 τῇ
1655 3249 1884 3324 μακαρίᾳ

244 3332 411 3408 ταύτῃ
465 3338 557 3388 τοῦ
614 3334 810 3410 ἀγαθοῦ
893 3330 1185 3399 κατέστητε
1257 3331 1675 3412 ἐγχειρήματος,
1748 3333 1885 3392 ἀλλὰ

244 3426 331 3477 νῦν
359 3442 420 3477 τε
452 3424 587 3497 uini;
628 3422 907 3498 προθύμως
948 3421 1303 3500 συμπάρεστε,
1361 3421 1455 3478 καί
1513 3424 1743 3493 ἀπιούσῃ
1792 3432 1886 3481 τοῦ

242 3511 358 3588 βίου
400 3510 561 3567 κάκεῖ
604 3510 1021 3591 συμπαρέσεσθε,
1067 3512 1155 3567 καὶ
1225 3516 1331 3568 τῶν
1392 3510 1525 3567 ἴσων
1570 3515 1701 3588 αὐτῇ
1757 3535 1883 3570 στε-

245 3600 427 3679 φάνων
483 3601 572 3656 καὶ
627 3605 793 3679 γερῶν
855 3598 1116 3666 τεύξεσθε.
1177 3608 1350 3659 Ταῦτα
1428 3597 1655 3675 μηδενὸς
1723 3600 1886 3658 ἄλλου

248 3689 513 3767 παρόντος
574 3691 602 3745 6
658 3690 944 3754 ἐπίσκοπος
1003 3690 1228 3766 εἰρηκὼς
1309 3688 1405 3756 τὴν
1478 3688 1575 3765 μέν
1640 3692 1885 3766 Εῦγενίαν

249 3780 438 3858 ἆφίησι
482 3779 558 3853 τῷ
585 3777 810 3857 ἆνδριιῳ
851 3780 1098 3859 σχήματι
1128 3776 1469 3858 προσμένειν,
1523 3776 1692 3836 οὖδενὶ
1735 3785 1888 3837 τοῦτο

251 3867 484 3947 γνωσθὲν
539 3866 657 3925 οὔτε
710 3874 915 3948 πρῶτον
959 3868 1077 3926 οὕτε
1119 3868 1229 3944 μὴν
1293 3868 1428 3944 μετὰ
1469 3868 1567 3936 τὴν
1610 3875 1702 3926 τοῦ
1761 3868 1883 3925 ἐπι-

252 3959 457 4015 σκόπου
513 3955 757 4023 διάλεξιν.
819 3955 991 4023 ’¹Ητις
1049 3959 1256 4031 σύναμα
1322 3959 1410 4015 καὶ
1451 3970 1568 4023 τοῖς
1613 3959 1886 4039 εὗνούχοις

251 4051 315 4107 οὗ
365 4046 619 4127 πρότερον
699 4048 853 4104 αὐτὸν
909 4047 1105 4116 ἀνῆκεν
1164 4046 1265 4110 ἕως
1324 4046 1521 4104 ἐκείνου
1578 4048 1741 4128 χερσί
1797 4054 1889 4105 τοῦ

250 4137 390 4194 θείω
420 4136 824 4202 καταξιωθέντες
855 4137 1219 4213 βαπτίσματος
1262 4137 1320 4193 τὸ
1365 4137 1561 4217 σχῆμά
1616 4159 1674 4194 τε
1717 4136 1886 4214 ἤμει-

252 4230 363 4303 ψαν
413 4226 503 4283 καὶ
553 4231 621 4302 τῇ
661 4227 768 4282 τῶν
829 4231 1086 4307 μοναχῶν
1142 4227 1330 4306 χορεία
1397 4225 1888 4305 ωγκατελέγησαν.

251 4320 484 4373 Τοιαῦτα
514 4314 610 4391 μέν
652 4314 751 4371 ὅσα
793 4316 854 4372 τὸ
895 4315 1057 4395 μέχρι
1086 4313 1234 4372 τοῦδε
1264 4312 1350 4371 διὰ
1396 4317 1620 4395 Χριστὸν
1670 4315 1890 4394 Εόγενία

253 4402 573 4479 διεσκέψατό
626 4425 685 4461 τε
725 4406 815 4461 καὶ
870 4404 1127 4486 θεοφιλῶς
1183 4402 1495 4482 διεπράξατο
1530 4422 1545 4437 ⁸
1593 4406 1660 4461 τὰ
1714 4403 1769 4462 δέ
1797 4405 1889 4461 ἐν-

254 4496 434 4552 τεῦθεν
491 4491 636 4558 ὅπως
693 4515 752 4550 τε
805 4495 851 4550 οἱ
898 4493 1141 4558 τεκόντες
1198 4491 1284 4549 ἐπ’
1356 4496 1491 4570 αὐτῇ
1562 4492 1886 4571 διετέθησαν,

1964 1903 2389 1979 niam,divitias
2416 1910 2612 1965 autem
2638 1910 3043 1983 paupertatem
3072 1922 3086 1965 :
3117 1903 3445 1984 voluptates
3467 1922 3605 1966 vero

1964 1993 2354 2069 molestias,et
2385 1992 2533 2055 nihil
2569 1996 2763 2071 magni
2792 2010 2862 2053 ac
2895 1993 3164 2072 praaclari
3189 1992 3415 2055 habere
3449 2010 3604 2073 eam,

1964 2102 2095 2164 quae
2118 2092 2209 2144 est
2242 2082 2397 2163 apud
2424 2081 2721 2155 homines,
2760 2082 3189 2144 notabilitatem
3224 2100 3237 2144 :
3275 2080 3436 2142 illam
3469 2099 3607 2144 vero

1964 2171 2149 2233 solam
2179 2189 2406 2245 amans,
2438 2189 2473 2232 a
2500 2188 2616 2250 qua
2645 2169 2974 2232 excidimus
3025 2178 3267 2250 propter
3323 2176 3605 2250 primum,

1966 2268 2026 2324 et
2055 2260 2324 2323 haeredes
2354 2260 2492 2322 facti
2535 2277 2738 2321 sumus
2791 2277 2897 2339 per
2925 2260 3259 2321 secundum
3288 2258 3503 2323 Adam.
3535 2257 3611 2321 Et

1966 2352 2093 2413 hac
2122 2349 2361 2430 quidem
2396 2347 2678 2427 Eugeniae
2705 2347 2989 2411 Helenus.

2044 2437 2142 2503 XI.
2180 2442 2370 2499 Protac
2399 2444 2592 2499 autem
2626 2444 2686 2498 et
2733 2435 3060 2515 Hyacintho
3088 2453 3100 2496 :
3166 2435 3285 2498 Vos
3318 2454 3480 2517 sero,
3511 2435 3613 2498 in-

1965 2528 2094 2608 quit
2123 2532 2343 2608 (neque
2367 2527 2526 2589 enim
2550 2525 2769 2606 placuit
2793 2524 3053 2606 Christo,
3082 2531 3146 2587 ut
3167 2542 3267 2587 vos
3294 2524 3609 2605 lateretis),

1966 2618 2066 2697 qui
2088 2616 2321 2677 fortuna
2341 2615 2581 2696 quidem
2604 2615 2990 2695 servi,mente
3012 2621 3209 2676 autem
3237 2614 3378 2676 estis
3400 2614 3603 2695 liberi,

1971 2713 2029 2767 et
2086 2704 2232 2766 nulli
2291 2703 2531 2765 domino
2588 2702 2912 2783 subiectam
2967 2703 3331 2765 conservatis
3397 2704 3610 2766 anima)

1971 2793 2339 2874 dignitatem,
2377 2792 2650 2854 virtutem
2681 2792 3056 2873 extollentes,
3093 2799 3152 2853 et
3182 2791 3612 2871 magnifacien-

1971 2882 2302 2963 tes,quibus
2335 2881 2606 2945 Christus
2635 2900 2870 2962 quoque
2899 2880 3083 2942 dicit:
3124 2905 3152 2937 ι
3181 2884 3317 2945 Non
3341 2898 3445 2944 vos
3469 2900 3613 2943 voco

1968 2973 2221 3053 amplius
2276 2989 2501 3045 servos,
2565 2973 2669 3033 sed
2727 2970 2951 3033 amicos
2978 2972 3047 3051 5;
3085 2992 3115 3028 ι)
3182 2969 3341 3032 beati
3373 2978 3616 3051 propter

1969 3060 2324 3139 libertatem,
2359 3060 2448 3122 vel
2480 3060 2673 3141 potius
2706 3069 2953 3140 propter
3007 3058 3332 3122 amicitiam
3364 3069 3423 3122 et
3477 3078 3613 3124 cum

1970 3151 2204 3214 Christo
2236 3149 2763 3229 conjunctionem:
2820 3148 2977 3230 quod
3035 3166 3170 3210 cum
3224 3147 3383 3211 illius
3407 3149 3614 3228 jugum

1967 3239 2170 3305 subire
2227 3236 2534 3317 elegeritis
2596 3236 2663 3300 in
2707 3257 2827 3300 uno
2880 3239 3038 3300 inter
3087 3254 3194 3300 vos
3225 3256 3519 3300 consensu
3563 3244 3622 3300 et

1966 3328 2610 3410 conspiratione,hujus
2639 3327 2828 3391 beata:
2856 3335 3051 3408 coepto
3075 3327 3303 3391 nullum
3334 3325 3619 3389 attulistis

1966 3418 2485 3500 impedimentum,
2519 3416 2626 3478 sed
2683 3436 2844 3479 nunc
2901 3436 3144 3498 quoque
3206 3435 3342 3480 cum
3372 3435 3443 3480 ea
3474 3416 3619 3478 estis

1970 3515 2239 3588 prompto
2285 3515 2342 3569 et
2385 3504 2568 3567 alacri
2624 3506 2823 3567 animo
2886 3528 2899 3565 :
2962 3516 3025 3569 et
3085 3525 3219 3567 cum
3264 3505 3370 3568 illa
3428 3523 3461 3566 e
3506 3505 3624 3567 vita

1969 3598 2297 3659 excedente
2318 3594 2493 3657 etiam
2527 3594 2652 3656 illic
2679 3595 2857 3657 simul
2892 3596 3078 3670 eritis,
3113 3603 3172 3655 et
3202 3595 3444 3656 easdem
3476 3611 3622 3673 quas

1968 3685 2070 3748 illa
2100 3702 2350 3746 coronas
2380 3691 2439 3746 et
2489 3684 2727 3763 praemia
2775 3682 3252 3765 consequemini.
3301 3679 3442 3745 Haec
3472 3699 3609 3743 cum

1970 3772 2132 3835 nullo
2162 3771 2276 3833 alio
2309 3780 2601 3852 praesente
2631 3771 2881 3833 dixisset
2914 3771 3258 3851 episcopus,
3288 3768 3613 3847 Eugeniam

1970 3862 2209 3943 quidem
2243 3860 2525 3942 permittit
2545 3878 2789 3922 manere
2811 3860 2873 3922 in
2895 3860 3101 3923 habitu
3125 3857 3447 3933 virili,cum
3499 3857 3617 3919 hoc

1969 3951 2118 4014 nulli
2149 3958 2305 4012 esset
2332 3949 2862 4030 cognitum,neque
2896 3949 3178 4029 primum,
3215 3964 3414 4027 neque
3446 3954 3618 4026 post-

1972 4059 2146 4121 quam
2180 4058 2311 4102 eam
2355 4039 2643 4101 allocutus
2692 4048 2780 4100 est
2810 4038 3148 4120 episcopus.
3184 4036 3328 4110 Qum
3359 4035 3615 4117 quidem

1972 4130 2147 4193 simul
2172 4148 2308 4192 cum
2333 4126 2775 4203 eutnuchis,non
2807 4129 2972 4208 prius
3004 4145 3138 4190 eum
3174 4127 3621 4206 dimisit,quam

1973 4219 2134 4282 illius
2158 4217 2430 4281 manibus
2460 4216 2724 4279 divinum
2787 4217 3093 4280 consecuti
3140 4216 3521 4296 baptismum,
3557 4224 3619 4278 et

1975 4316 2279 4373 mutarunt
2305 4306 2596 4380 habitum,
2633 4314 2691 4368 et
2719 4309 2978 4387 cooptati
3012 4314 3149 4368 sunt
3204 4311 3264 4365 in
3298 4322 3616 4366 numerum

1974 4404 2407 4462 monachorum.
2441 4402 2573 4470 Quae
2605 4410 2792 4459 autem
2824 4400 3095 4472 deinceps
3117 4406 3253 4458 sunt
3280 4407 3617 4469 consecuta,

1974 4486 2554 4570 etquemadmodum
2588 4485 2874 4565 deinceps
2911 4493 3188 4565 parentes
3220 4491 3462 4564 propter
3486 4500 3617 4544 eam

253 4585 347 4640 καὶ
388 4582 484 4640 οἷα
524 4582 622 4659 μέν
652 4584 769 4663 περὶ
799 4585 961 4650 αὐτῆς
999 4582 1321 4661 ὲλογίζοντυ,
1356 4560 1538 4640 οἶαιδέ
1566 4584 1701 4660 μετὰ
1728 4560 1881 4642 ταῦτα

1980 4560 2120 4643 sunt
2141 4577 2428 4650 aﬂ'ecti,et
2447 4591 2718 4655 quamam
2739 4560 2962 4656 de'ips'a
2985 4560 3237 4655 quidem
3258 4560 3616 4663 cogitarunt,

253 4674 364 4731 τῶν
423 4670 651 4730 ἓλπίδων
727 4672 1109 4751 διαμαρτόντες
1161 4671 1409 4752 ἤλγησαν
1436 4688 1451 4704 ⁸
1505 4671 1692 4750 διψᾶτε
1784 4674 1892 4753 γὰρ,

257 4760 409 4841 οἶδα,
442 4764 543 4823 καὶ,
561 4769 723 4820 ταῦτα
754 4762 949 4840 μαθεῖν
983 4782 997 4795 ·
1032 4761 1182 4829 ἄξιον
1209 4763 1495 4842 παρελθεῖν
1526 4761 1792 4842 οὐδαμῶς,

345 4940 450 5003 1Β’.
479 4940 628 4999 Ἐπεὶ
685 4942 785 5021 γὰρ
842 4941 970 5021 ἔιωρὶ
1012 4947 1121 4998 τῶν
1179 4947 1381 5000 νυκτῶν
1440 4942 1668 5020 μηδενὸς
1712 4946 1895 5010 αὒτοῖς

257 5030 325 5089 τὰ
367 5032 606 5111 πραχθὲν
647 5030 957 5107 αἰσθομένου
999 5032 1034 5099 ἡ
1082 5033 1300 5109 Εὖγενία
1343 5031 1439 5109 μέν
1480 5040 1571 5089 τοῦ
1614 5036 1897 5113 ὀχήματος

257 5122 502 5202 ἀψοφητῖ
549 5119 809 5189 κατῆλθεν
835 5166 850 5196 ,
905 5119 1177 5186 Τάκινθος
1250 5119 1306 5177 δέ
1379 5122 1467 5179 καὶ
1518 5128 1737 5198 Πρωτᾶς
1793 5125 1899 5181 τῶν

259 5210 441 5268 ἄλλων
499 5210 695 5287 ὁμοίως
772 5207 1221 5290 ἰξεχωρίσθησαν,
1279 5211 1432 5268 κενὸν
1497 5209 1550 5268 δέ
1595 5214 1658 5269 τὸ
1710 5213 1902 5293 ὄχημα

1979 4677 2041 4731 et
2066 4675 2350 4749 quantum
2380 4664 2645 4727 dolorem
2676 4675 3202 4745 acceperunt,cum
3225 4680 3331 4742 spe
3355 4661 3620 4725 frustrati

1981 4764 2183 4820 essent
2215 4754 2375 4837 (nam
2406 4753 2533 4815 haec
2563 4770 2822 4833 quoque,
2858 4763 2951 4813 sat
3006 4753 3155 4827 scio,
3200 4753 3358 4814 scire
3390 4750 3617 4830 sititis),

1980 4862 2353 4926 nequaquam
2383 4860 2484 4923 par
2516 4851 2607 4903 est
2638 4842 3108 4920 praetermittere.

2058 4935 2191 4998 ΧΠ.
2226 4936 2538 5012 Postquam
2572 4931 2733 4992 enim
2764 4932 3119 5010 intempesta
3152 4937 3346 5006 nocte,
3383 4926 3623 4990 nemine

1982 5024 2145 5107 quod
2188 5022 2407 5086 factum
2450 5020 2643 5082 fuerat
2701 5019 3018 5095 sentiente,
3077 5019 3337 5098 Eugenia
3379 5018 3621 5107 quidem

1983 5106 2113 5178 sine
2166 5110 2422 5193 strepitu
2476 5108 2788 5171 descendit
2847 5108 2923 5170 de
2993 5124 3201 5183 curru,
3262 5106 3621 5186 Hyacinthus

1983 5213 2180 5269 autem
2214 5210 2273 5263 et
2308 5204 2510 5262 Protas
2540 5198 2612 5261 ab
2668 5197 2801 5259 aliis
2829 5196 3108 5260 similiter
3140 5205 3282 5258 sunt
3308 5194 3567 5275 separati
3604 5210 3619 5256 :

256 5314 380 5365 τοῖς
433 5287 910 5381 προπορευομένοις
949 5287 1391 5367 ἐπηκολούθησεν
1422 5317 1438 5333 ·
1487 5303 1535 5357 οἱ
1579 5287 1881 5381 προάγοντει

1987 5297 2162 5359 inane
2193 5310 2332 5356 vero
2361 5289 2697 5352 vehiculum
2748 5295 3021 5350 secutum
3054 5294 3144 5348 est
3177 5305 3300 5363 eos,
3335 5287 3436 5366 qui
3470 5301 3625 5366 pras-

256 5389 456 5456 παῖδες
514 5397 669 5448 τοῦτο
722 5390 818 5467 μὲν
878 5387 964 5446 διὰ
1018 5393 1110 5447 τὸν
1138 5391 1342 5469 καιρὸν,
1395 5398 1553 5450 τοῦτο
1606 5390 1662 5450 δέ
1705 5392 1881 5451 καὶδιέ

1988 5382 2407 5463 cedebant,qui
2435 5376 2722 5461 prmibant
2749 5377 2954 5441 famuli
2982 5377 3196 5459 partim
3227 5374 3467 5469 quidem
3495 5391 3631 5469 pro:

257 5481 360 5551 τὴν
408 5486 503 5539 τοῦ
558 5461 924 5560 πραττομένοὺ
981 5461 1257 5561 ἐπίκρυψιν
1319 5461 1486 5557 μηδέν
1542 5485 1649 5539 τῶν
1693 5479 1876 5541 ὄπισθε

1991 5487 2126 5561 pter
2156 5461 2415 5554 tempus,
2463 5469 2677 5551 partim
2734 5475 2930 5532 autem
2979 5469 3143 5548 quod
3179 5465 3430 5531 celatum
3464 5465 3541 5526 sit
3571 5461 3631 5529 id

339 5654 376 5707 3
402 5653 574 5721 Joan.
606 5670 704 5739 xv,
736 5652 828 5716 15.
