4020 6142
498 332 615 403 623

1801 322 2080 394 MENSIS
2117 324 2542 397 DECEMBER.

3717 332 3820 401 624

498 472 657 555 quod
686 469 1025 551 gerebatur,
1062 468 1212 532 nihil
1243 486 1475 544 eorum,
1529 485 1661 549 quae
1703 485 1858 549 pone
1890 466 2128 541 ﬁebant,

2217 468 2519 546 γενομένων
2577 468 2897 544 αἰσθόμενοι,
2956 468 3069 525 ἐπεὶ
3112 469 3199 526 καὶ
3241 471 3300 527 τὶ
3347 476 3479 541 ζῶον
3536 469 3824 528 ἀκολουθοῦν

498 560 851 636 sentientes,
907 560 1189 641 quoniam
1246 577 1349 621 eos
1398 558 1758 637 sequebatur
1784 557 2024 636 animal,
2084 566 2142 618 et

500 650 754 712 maxime
784 647 904 711 Deo
937 649 1074 711 huic
1124 653 1212 710 rei
1272 647 1644 729 providentia
1693 664 1798 708 sua
1845 665 2013 726 opem
2049 646 2139 707 fe-

497 749 692 820 rente,
725 739 808 800 ita
837 746 1002 801 recta
1033 738 1275 800 iverunt
1322 736 1765 799 Alexandriam.
1817 735 2138 816 POSIquam

498 836 695 891 autem
722 829 847 908 jam
879 829 1119 890 fuerunt
1148 845 1332 907 prope
1363 826 1683 900 civitatem,
1718 826 1816 906 qui
1874 825 2138 887 rescive-

495 927 637 980 runt
658 917 898 999 quidem
921 935 955 979 ο
974 918 1153 979 domo
1177 918 1615 990 exierunt,cum
1640 914 1895 977 maximo
1924 913 2138 990 gaudio

498 1006 838 1088 suscepturi
891 1005 1239 1086 Eugeniam,
1300 1004 1824 1067 anteambulonum
1872 1003 2141 1065 videntes

499 1096 1032 1176 multitudinem,et
1053 1092 1234 1157 alium
1267 1094 1555 1175 deinceps
1585 1101 1950 1156 conventum
1986 1110 2138 1172 pue-

498 1185 882 1249 rorum.Cum
897 1202 1038 1247 vero
1057 1186 1176 1263 jam
1202 1201 1386 1264 prope
1413 1191 1635 1257 essent,
1658 1191 1720 1245 et
1740 1183 1919 1245 alacri
1942 1182 2138 1245 animo

495 1275 570 1337 ad
599 1274 938 1337 vehiculum
983 1272 1405 1354 accurrissent,
1436 1281 1495 1334 et
1524 1273 1868 1335 cathedram
1896 1272 2139 1353 quidem

496 1364 787 1427 vidissent
810 1381 1076 1438 vacuam,
1112 1379 1401 1442 nusquam
1453 1370 1652 1422 autem
1686 1360 2041 1438 Eugeniam,
2074 1378 2140 1421 re

497 1453 804 1534 inopinata
835 1462 894 1515 et
923 1470 1097 1534 quam
1126 1468 1430 1531 nunquam
1464 1460 1825 1530 sperassent,
1863 1448 2140 1527 obstupe-

501 1541 662 1616 facti,
691 1541 761 1603 ad
794 1542 1082 1620 lacrymas
1107 1546 1167 1601 et
1198 1539 1421 1601 luctum
1454 1539 1530 1601 de
1577 1547 1792 1601 caetero
1824 1546 1964 1599 sunt
1987 1556 2134 1598 conv

497 1629 1158 1711 versi,etcommuniter
1184 1647 1505 1691 commune
1539 1636 1759 1690 bonum
1794 1627 2134 1690 deflebant:

501 1718 651 1792 Quid
676 1721 892 1782 factum
913 1718 1051 1781 est?
1088 1717 1241 1790 Quid
1286 1724 1480 1779 actum
1505 1722 1643 1780 est?
1663 1716 1971 1789 Quodnam
2007 1734 2134 1778 ma-

2222 559 2406 636 εἶχον,
2440 557 2618 621 ἄλλως
2667 579 2724 613 τε
2781 555 2835 614 δέ
2886 558 2973 613 καὶ
3025 564 3119 613 τοῦ
3171 566 3300 618 Θεοῦ
3357 558 3828 634 συλλαμϐανομένου

2220 649 2287 721 τῇ
2321 649 2435 726 περὶ
2483 654 2635 705 τοῦτο
2678 648 2971 721 οἰκονομίᾳ,
3028 648 3144 706 εὐθὺ
3194 654 3290 714 τῆς
3336 646 3720 726 Ἀλεξανδρείας
3771 652 3833 714 ὡς

2224 736 2384 815 εἶχον
2428 735 2613 811 ᾔεσαν.
2663 735 2812 793 Ἐπεὶ
2856 733 2909 790 δέ
2962 734 3066 803 ἤδη
3110 739 3178 813 τῇ
3220 736 3375 793 πόλει
3439 737 3754 817 προσέσχον,
3797 740 3836 795 οἱ

2225 826 2323 901 μέν
2379 827 2476 892 τῆς
2537 826 2703 887 οἰκίας
2737 825 2953 903 γνόντες
3006 823 3225 900 ἐξῄεσαν
3269 825 3385 901 μεθ’
3419 826 3549 893 ὅσης
3593 828 3650 883 ἂν
3682 826 3835 889 εἴποις

2223 920 2321 981 τῆς
2378 912 2597 988 ἡδονῆς,
2662 915 2906 991 Εὖγενίαν
2949 912 3103 981 δῆθεν
3145 915 3577 991 ἀποληψόμενοι,
3641 922 3739 973 τῶν
3791 935 3836 972 τε

2223 1010 2555 1080 προπομπῶν
2598 1004 2658 1059 τὸ
2700 1002 2903 1069 πλῆθος
2953 1005 3177 1079 ὁρῶντες
3237 1005 3323 1062 καὶ
3380 1007 3480 1071 τὴν
3540 1003 3703 1072 ἄλλην
3745 1004 3837 1062 τών

2223 1092 2419 1150 παίδων
2477 1092 2660 1173 ἐφεξῆς
2693 1093 2952 1154 συνοδίαν,
2987 1091 3083 1155 Ὠς
3115 1091 3170 1149 δέ
3210 1092 3307 1151 καῖ
3350 1093 3574 1161 πλησίον
3628 1096 3834 1173 γενόμε-

2221 1206 2301 1240 νοι
2374 1183 2568 1245 πάντες
2627 1182 2867 1257 ἐκθύμως
2923 1180 3285 1261 προσέδραμον
3344 1191 3423 1258 τῷ
3480 1184 3717 1263 ὀχήματι
3762 1186 3835 1239 καὶ

2220 1273 2320 1339 τὴν
2369 1274 2465 1347 μὲν
2520 1271 2771 1351 καθέδραν
2801 1271 2963 1340 κενὴν
2996 1272 3161 1333 οὕτως
3206 1274 3412 1351 ἑώρων,
3470 1275 3570 1340 τὴν
3613 1273 3834 1350 Εὖγενίαν

2221 1360 2278 1417 δὲ
2329 1360 2579 1436 οὐδαμοῦ,
2627 1359 2853 1438 στεῤῥῶς
2900 1365 2976 1435 τῷ
3004 1359 3252 1434 ἀδοκήτῳ
3295 1361 3594 1440 πληγέντες
3648 1363 3714 1427 εἰς
3752 1359 3834 1416 δά-

2221 1472 2352 1529 κρυα
2407 1452 2466 1505 τὸ
2497 1449 2684 1507 λοιπὸν
2715 1449 2955 1529 ἐχώρουν
3004 1452 3091 1507 καὶ
3152 1451 3414 1531 οἰμωγὰς,
3451 1453 3538 1507 καὶ
3593 1455 3735 1526 κοινῇ
3783 1450 3835 1505 τὸ

2221 1540 2395 1596 κοινὸν
2425 1539 2620 1617 ἀγαθὸν
2679 1539 2951 1619 ἐδάκρυον,
2987 1540 3045 1597 Τί
3097 1540 3283 1619 γέγονε
3319 1562 3337 1613 ;
3399 1541 3451 1596 τί
3507 1538 3788 1618 πέπρακται
3822 1556 3835 1611 ;

2220 1631 2270 1685 τί
2325 1630 2385 1685 τὸ
2443 1627 2645 1704 συμϐὰν
2688 1630 2825 1703 ἡμῖν
2857 1627 3071 1707 ἄμαχον
3131 1630 3346 1709 madv;
3394 1627 3666 1706 λέγοντες.
3725 1630 3837 1684 Εἶτα

2220 1719 2350 1795 πρὸς
2396 1717 2563 1793 ὄνομα
2620 1718 2718 1784 τὴν
2781 1718 3029 1795 Εύγενίαν
3084 1717 3463 1792 ἀνεκαλοῦντο,
3534 1716 3653 1792 ὄψιν
3704 1716 3837 1795 χερσί

498 1807 620 1869 lum
644 1806 1103 1890 inexpugnabile
1123 1805 1296 1868 nobis
1314 1805 1578 1869 accidit?
1605 1805 1894 1869 dicentes.
1908 1804 2132 1867 Deinde

2223 1793 2494 1883 παίοντες,
2554 1819 2747 1887 χεῖρας
2802 1793 3063 1877 ἀλλήλαις
3121 1807 3507 1879 πατάσσοντες,
3567 1793 3836 1885 περιφανῶς

497 1898 742 1960 nomine
800 1896 1087 1959 vocabant
1136 1894 1488 1973 Eugeniam,
1552 1895 1766 1956 vultum
1859 1893 2132 1955 ferientes

2220 1903 2297 1970 τῷ
2338 1897 2492 1953 πάθει
2550 1897 2851 1972 μεθύοντες.
2900 1895 3066 1953 Ἀλλᾶ
3121 1905 3285 1955 ταῦτα
3345 1897 3445 1971 μὲν
3500 1896 3566 1952 τὰ
3620 1901 3717 1951 τῶν
3755 1892 3837 1957 ἔξω

495 1986 802 2068 manibus,
836 1985 1211 2066 plangentes,
1245 1992 1305 2045 et
1335 1982 1511 2064 plane
1543 1983 1860 2045 tumulenti
1909 1984 2132 2044 dolore.

2220 1990 2356 2065 φημὶ
2386 1984 2553 2064 φίλων
2585 1987 2671 2042 καὶ
2713 1988 2993 2063 γνωρίμων
3046 1986 3134 2041 καὶ
3185 1984 3355 2061 μηδέν
3399 1986 3581 2043 κοινὸν
3621 1984 3830 2063 ἐχόντων

497 2074 614 2138 Sed
644 2076 772 2138 haec
809 2074 1050 2156 quidem
1083 2074 1228 2136 foris
1256 2071 1556 2135 faciebant
1598 2073 1775 2135 amici
1809 2079 1870 2135 et
1900 2074 2049 2144 noti,
2085 2082 2132 2133 et

2220 2074 2272 2141 ἐξ
2316 2074 2545 2150 αἵματος
2583 2095 2594 2107 ·
2630 2081 2734 2133 τῶν
2780 2072 2834 2130 δέ
2876 2072 3020 2131 ’ένδον
3074 2072 3128 2131 δέ
3173 2076 3249 2140 τίς
3285 2074 3347 2130 ἂν
3382 2072 3725 2153 ἐκτραγῳδοίη
3749 2073 3830 2137 τὴν

492 2163 713 2242 quibus
744 2164 907 2226 nulla
935 2182 1068 2226 cum
1104 2182 1174 2225 ea
1202 2162 1610 2224 intercedebat
1631 2163 1972 2242 conjunctio
2000 2180 2132 2222 san-

2218 2168 2487 2244 συμφορσίν
2525 2184 2541 2239 ;
2585 2166 2645 2222 Οἱ
2702 2165 2800 2242 γὰρ
2860 2162 3102 2229 τεκόντες
3148 2172 3339 2239 μικροῦ
3384 2165 3474 2220 καὶ
3515 2163 3597 2219 ἐπὶ
3653 2159 3827 2240 βρόχον

491 2253 708 2333 guinis.
741 2252 961 2315 Eorum
992 2260 1210 2324 autem,
1244 2251 1346 2333 qui
1377 2252 1534 2313 intus
1583 2260 1771 2325 erant,
1808 2251 1940 2333 quis
1989 2253 2131 2312 satis

2217 2252 2397 2325 ἦλθον,
2457 2259 2645 2328 μικροῦ
2699 2254 2786 2308 καὶ
2846 2251 2987 2332 ξίφος
3045 2252 3163 2309 καθ’
3208 2254 3411 2309 ἑαυτῶν
3460 2251 3818 2321 ἐπεσπάσαντο,

494 2345 713 2423 tragice
742 2344 1128 2423 descripserit
1179 2341 1573 2404 calamitatem
1592 2341 1622 2402 ‘?
1652 2341 1937 2403 Parentes
1966 2343 2124 2402 enim

491 2435 922 2517 propemodum
958 2440 1249 2495 venerunt
1272 2432 1343 2494 ad
1377 2434 1681 2514 laqueum,
1721 2442 1779 2494 et
1810 2451 2125 2513 propemo-

491 2524 635 2586 dum
667 2544 732 2588 se
790 2542 937 2587 ense
995 2524 1390 2596 conﬁxerunt,
1447 2522 1588 2601 quid
1633 2540 1750 2582 non
1809 2521 2127 2597 loquentes

490 2612 878 2675 miserabile?
899 2612 1041 2693 quid
1064 2630 1185 2672 non
1206 2611 1496 2673 facientes
1534 2610 1776 2687 dignum
1809 2610 2079 2688 lacrymis
2095 2615 2123 2671 ?

489 2701 685 2764 Genas
706 2700 1070 2777 lacerabant,
1111 2699 1419 2779 pulverem
1479 2697 1658 2778 capiti
1706 2696 2119 2772 infundebant,

488 2807 556 2851 se
588 2790 752 2850 humi
783 2788 1037 2868 turpiter
1066 2785 1542 2867 prasternebant,
1576 2786 1791 2848 acerbe
1822 2785 2123 2848 exclama—

489 2875 655 2953 bant,
707 2883 987 2956 parentes
1015 2875 1227 2953 ﬁliam,
1283 2874 1494 2937 fratres
1541 2893 1907 2955 germanam,
1970 2874 2122 2937 servi

2209 2343 2259 2398 τί
2301 2342 2378 2416 μὴ
2435 2352 2726 2419 φωνοῦντες
2786 2341 3012 2397 ἐλεεινόν
3050 2361 3066 2417 ;
3128 2342 3177 2398 τί
3222 2343 3298 2418 μὴ
3344 2340 3565 2420 δρῶντες
3613 2338 3818 2415 δακρύων

2207 2428 2394 2504 ἅξιονς
2452 2429 2710 2495 ’Ἔξαινον
2770 2433 3013 2508 παρειὰς,
3060 2433 3206 2487 κόνιν
3264 2438 3365 2499 τῆς
3423 2428 3650 2510 κεφαλῆς
3704 2449 3815 2484 κατ-

2211 2519 2390 2599 έχεον,
2442 2521 2676 2599 αἰσχρῶς
2706 2521 2918 2584 ἑαυτοὺς
2949 2526 3017 2596 τῇ
3045 2526 3116 2598 γῇ
3147 2518 3500 2600 κατέϐαλλον,
3546 2515 3811 2575 ἐπεϐοιῖιντο

2206 2614 2431 2686 πικρῶς,
2478 2609 2524 2663 οἱ
2595 2609 2814 2687 πατέρες
2869 2610 2966 2677 την
3020 2609 3303 2687 θυγατέρα,
3365 2610 3413 2665 οἱ
3479 2606 3681 2687 ἀδελφοὶ
3732 2608 3814 2669 τήν

2206 2699 2452 2775 γνησίαν,
2514 2700 2559 2752 οἱ
2618 2696 2790 2756 δοῦλοι
2849 2699 2949 2765 τὴν
2994 2696 3277 2756 δέσποιναν
3319 2716 3333 2730 ·
3395 2696 3557 2762 οῦόεἰς
3587 2698 3808 2774 ἄτρωτος,

2207 2784 2373 2850 οὐδεὶς
2405 2795 2498 2845 τοῦ
2558 2787 2752 2852 πάθους
2780 2785 3070 2866 ἐλεύθερος,
3105 2786 3228 2844 ἀλλ’
3276 2788 3420 2845 οὕτω
3472 2784 3655 2863 κομιδῆ
3706 2804 3815 2840 κατ-

2208 2874 2414 2954 ειλήφει
2445 2877 2536 2932 τὸν
2569 2877 2724 2933 οἷκον
2754 2878 2920 2956 χωρὶς
2952 2878 3115 2955 πυρὸς
3146 2878 3492 2957 ἒμπρησμός.

489 2963 845 3042 dominam;
903 2964 1099 3026 nullus
1154 2963 1581 3041 invulneratus,
1643 2964 1840 3026 nullus
1888 2964 2042 3026 liber
2081 2963 2155 3027 ab
2221 2963 2403 3026 animi
2452 2965 2950 3044 perturbatione:
3020 2973 3135 3027 tam
3181 2967 3513 3029 vehemens
3556 2964 3815 3026 invaserat

488 3053 732 3115 domum
763 3052 987 3133 absque
1016 3054 1149 3132 igne
1181 3053 1552 3117 incendium.

566 3140 845 3206 Xill.Sed
869 3152 1177 3222 postquam
1204 3142 1449 3205 inutiles
1470 3143 1746 3206 viderunt
1765 3162 1898 3207 esse
1919 3144 2113 3223 Iacry-

2279 3144 2382 3207 II“.
2446 3141 2593 3201 Ἐπεὶ
2647 3142 2702 3199 δὲ
2750 3143 3020 3220 ἄπρακτον
3078 3146 3139 3202 τὸ
3190 3142 3418 3225 δάκρυον
3467 3144 3683 3222 ἑώρων,
3744 3137 3812 3194 ἰπὶ

488 3229 918 3307 mas,conversi
938 3238 1074 3291 sunt
1094 3230 1164 3291 ad
1191 3231 1569 3311 quaerendam
1591 3233 1997 3295 charissimam
2012 3235 2125 3296 ,Ιη-

2217 3233 2304 3300 τῆν
2346 3234 2569 3305 ζήτησιν
2602 3239 2699 3300 τῆς
2746 3232 3006 3311 φιλτάτης
3054 3232 3235 3302 ἦλθον.
3289 3237 3599 3313 Ἦρωτῶντο
3650 3232 3692 3286 οἰ
3725 3228 3810 3302 ἔμ-

486 3319 866 3398 terrogabant
907 3326 1291 3394 mercatores,
1325 3322 1862 3400 percunctabantur
1891 3322 2124 3400 agrico-

2217 3343 2379 3398 ποροι,
2440 3322 2863 3400 περιειργάζοντο
2942 3326 3208 3402 γεωργοὶ,
3270 3324 3488 3405 χωρίων
3544 3322 3806 3394 οἰκήτορες,

484 3408 599 3484 las,
637 3408 993 3489 praediorum
1024 3408 1407 3490 habitatores,
1442 3421 1502 3471 et
1533 3410 1757 3472 viarum
1790 3410 2069 3473 custodes
2100 3425 2114 3470 :

2217 3409 2336 3467 ὂδών
2378 3409 2629 3491 φύλακες,
2689 3411 3044 3489 ἐπηρωτῶντο
3102 3413 3352 3487 μάντεις,
3411 3408 3802 3491 ἐγγαστρίμυθοι,

487 3497 942 3559 sciscitabantur
970 3506 1131 3558 vates
1185 3496 1608 3578 ventriloquos,
1645 3505 1701 3560 et
1749 3500 1948 3560 omnia
1991 3498 2119 3561 dae-

2217 3500 2373 3556 τάντα
2426 3499 2493 3555 τά
2542 3499 2648 3556 τῶν
2689 3498 2954 3576 δαιμόνων
3009 3500 3311 3580 ῆρευν·ἶ›ντο
3347 3513 3590 3577 μαντεῖα,
3636 3497 3808 3553 καὶθυ·

487 3604 731 3648 monnm
755 3587 1083 3661 oracula,et
1110 3603 1181 3648 ea
1211 3585 1527 3667 placebant
1557 3596 1613 3649 et
1642 3586 1914 3649 colebant
1937 3589 2119 3650 sacri-

2217 3589 2335 3651 τίαις
2391 3588 2787 3666 ἐθεραπεύοντο.
2839 3580 2929 3653 Ὦς
2982 3588 3036 3646 δὶ
3081 3592 3174 3647 οὒκ
3220 3593 3289 3657 ἦν
3323 3591 3417 3659 τῆς
3447 3580 3804 3661 ζητουμένηςῆ

485 3674 814 3737 ficiis.Cum
846 3685 1041 3738 autem
1076 3694 1193 3736 non
1224 3675 1589 3738 inveniretur
1619 3694 1689 3738 ea
1720 3695 1851 3757 qua:
1880 3695 2117 3757 quaere-

2217 3677 2421 3751 εὕρεσις,
2481 3680 2537 3733 ὲν
2594 3691 2713 3742 τοϊς
2757 3678 3013 3758 πατρᾶσιν
3057 3679 3360 3737 ἐπινοοῦσιν
3403 3679 3457 3737 οἴ
3504 3698 3562 3756 γε
3593 3691 3805 3750 παρηγ⁰⁶

485 3762 678 3842 batur,
716 3764 1061 3846 parentibus
1089 3783 1271 3826 unum
1305 3763 1768 3845 excogitant,qui
1798 3766 1927 3846 ejus
1956 3766 2118 3843 quod

2217 3767 2317 3823 ›εἶν
2373 3764 2647 3832 δοκοῦντες
2690 3778 2783 3827 ⁴ιοῦ
2844 3766 3015 3824 δεινοῦ
3068 3770 3406 3847 παραμύθιον
3439 3789 3454 3804 ⁸
3507 3764 3657 3842 μῦθόν
3706 3777 3805 3815 τινα

484 3861 577 3914 est
603 3844 801 3934 grave,
835 3853 1192 3915 videbantur
1238 3844 1509 3931 quaerere
1539 3844 2119 3934 solatiumfFingunt

2217 3854 2515 3932 τλάττουσι,
2548 3870 2667 3922 τοῖς
2711 3855 2987 3932 άδομένοις
3017 3844 3452 3937 παρ’-’Ἓλλησιν
3506 3852 3644 3913 οὐδὲν
3694 3844 3803 3937 ἀνό-

485 3942 800 4021 quamdam
848 3942 1130 4021 fabulam,
1166 3942 1312 4004 nihil
1366 3943 1719 4006 dissimilem
1753 3944 1825 4005 iis
1855 3963 1985 4025 qua;
2013 3963 2117 4006 ca-

2217 3967 2375 4021 ιοιον,
2423 3944 2607 4023 ὅτιπερ
2666 3946 2914 4024 Εὗγενίας
2987 3949 3034 4003 οἱ
3095 3935 3210 4004 θεοὶ
3266 3946 3437 4025 ἔρωτα
3480 3944 3688 4023 σχόντες
3741 3935 3802 4025 εἷς

482 4039 708 4092 nuntur
727 4030 882 4111 apud
904 4029 1144 4093 Graecos
1170 4050 1184 4092 :
1238 4031 1421 4113 quod,
1448 4051 1583 4094 cum
1617 4033 1700 4093 dii
1728 4024 1887 4113 capti
1917 4041 2121 4097 essent

2217 4036 2445 4112 ιῦρανοὺς
2507 4036 2670 4102 αὒτὴν
2711 4034 3110 4113 ἂνηρτάσαντο.
3155 4024 3333 4117 ’Ὀπερ
3396 4042 3471 4109 τῷ
3528 4030 3675 4106 πατρί
3723 4024 3801 4117 cf“

482 4134 687 4181 amore
707 4118 1007 4201 Eugeniae,
1044 4138 1172 4182 eam
1203 4121 1264 4181 in
1321 4112 1533 4183 ccelum
1567 4112 1916 4201 rapuerunt.
1950 4122 2116 4195 Quod

2217 4123 2426 4187 το).λοτς
2483 4127 2738 4190 τοιούτοις
2797 4112 3135 4201 ἐνειθισμένῳ
3178 4126 3273 4194 τῆν
3303 4112 3486 4193 άκοὴν
3540 4112 3800 4195 εὖπκράδι·

482 4207 723 4288 quidem
751 4207 923 4288 patri,
958 4215 1026 4268 ut
1050 4208 1219 4288 cujus
1252 4227 1428 4270 aures
1449 4208 1665 4270 talibus
1695 4211 2112 4286 assuevissent,

2217 4235 2326 4270 ιτον
2367 4218 2457 4295 ἦν,
2511 4226 2699 4289 τιμαῖς
2741 4235 2799 4271 τε
2857 4215 2955 4282 τὴν
2999 4215 3257 4293 θυγατέρα
3300 4213 3638 4295 διαφερόντως
3669 4205 3800 4295 ἐτίμα

482 4305 713 4376 gratum
746 4304 871 4358 erat
903 4307 963 4358 et
987 4306 1390 4378 acceptum,et
1415 4298 1593 4359 tiliam
1624 4297 1956 4377 insignibus
1984 4299 2115 4362 atii-

2217 4304 2285 4358 ιαὶ
2317 4292 2535 4380 ἄγαλμα
2576 4303 2740 4383 ταύτῃ
2772 4310 3002 4383 χρυσοῦν
3032 4292 3362 4374 ἀνεστήσατο
3401 4292 3486 4359 καὶ
3544 4300 3610 4360 ὡς
3668 4292 3798 4383 σαξγῇ

481 4375 679 4448 ciebat
710 4384 1059 4447 honoribus.
1095 4375 1493 4457 Quamobrem
1537 4375 1776 4447 auream
1823 4388 1879 4448 ei
1930 4392 2116 4451 erexit

2217 4396 2291 4462 ιεᾷ
2317 4375 2725 4469 Θύεινήῆρξατοί
2758 4375 2824 4448 ’ᾗ
2855 4394 3037 4469 μήτηρ
3079 4391 3136 4448 δὲ
3180 4394 3265 4450 καὶ
3326 4395 3371 4450 οἱ
3429 4385 3629 4465 ἀδελφοὶ
3667 4375 3796 4469 Ἀϐί-

480 4481 758 4553 statuam,
792 4482 851 4533 et
882 4482 1157 4553 tanquam
1191 4491 1356 4535 novae
1384 4473 1513 4535 dea;
1541 4474 1720 4554 cmpit
1748 4477 2109 4540 sacrificare.

2217 4503 2292 4545 τας
2353 4501 2404 4536 τε
2463 4482 2558 4536 καί
2592 4480 2811 4559 Σέργιος
2844 4481 2939 4537 οὒκ
2969 4468 3131 4561 εἰχον
3157 4482 3381 4561 ὁμοίως,
3407 4478 3535 4535 ἀλλὰ
3563 4468 3795 4561 πιστεύειν

478 4562 667 4625 Mater
694 4546 888 4624 autem
922 4571 980 4623 et
1000 4546 1221 4624 fratres
1251 4563 1450 4625 Avitas
1493 4573 1551 4627 et
1599 4546 1842 4645 sergius
1886 4585 2003 4628 non
2035 4568 2114 4629 ita

2217 4569 2334 4627 u'itu)
2374 4582 2493 4632 τοϊς
2556 4546 2859 4647 λεγδμένοις
2912 4546 3231 4640 ὀκνήσαντες
3278 4546 3507 4650 ἰσχῖυρῶς
3556 4560 3791 4650 ἐπένθουν.

478 4668 546 4712 se
575 4650 897 4726 habebant,
929 4652 1033 4714 sed
1086 4652 1160 4714 iis
1209 4671 1339 4733 quae
1367 4643 1743 4731 dicebantur,
1775 4655 2115 4719 dubitantes

2217 4658 2343 4727 mw
2374 4658 2510 4714 ἀλλὰ
2538 4659 2604 4714 τὰ
2631 4643 2772 4731 μετὰ
2823 4658 2921 4727 τῆν
2981 4659 3155 4739 φυγὴν
3215 4643 3480 4739 Εὖγεῦίας,
3537 4651 3621 4710 καί
3668 4643 3793 4739 ὅπως

479 4740 749 4817 credere,
783 4741 952 4803 valde
998 4731 1294 4821 lugebant.
1331 4743 1523 4826 Atque
1564 4743 1842 4823 Eugeniae
1872 4746 2109 4827 quidem

2217 4750 2254 4805 »ὖ
2311 4747 2508 4826 γονέων
2565 4745 2729 4822 μόνον
2772 4751 2927 4825 αὐτῇ,
2977 4747 3113 4805 ἀλλὰ
3169 4750 3257 4806 καὶ
3313 4752 3416 4806 τῶν
3465 4741 3629 4800 ἄλλων
3680 4731 3791 4809 πρὸς

473 4832 635 4911 fuga,
672 4839 730 4893 et
756 4831 1258 4912 quemadmodum
1308 4851 1429 4895 non
1459 4833 1649 4896 solum
1678 4843 1976 4915 parentes,
2006 4836 2112 4899 sed

2217 4838 2354 4905 ιὺτῆν
2386 4834 2570 4916 φιλίως
2601 4835 2949 4914 διακειμένων
2977 4839 3240 4916 καθίκετο,
3277 4838 3437 4899 οὕτως
3467 4833 3598 4913 ἔχει.

477 4939 583 4985 eos
637 4922 813 4985 etiam
872 4920 974 5002 qui
1026 4921 1082 4982 ei
1141 4921 1295 4985 bene
1340 4922 1634 4994 volebant.
1686 4925 1973 5003 aﬂ‘ecerit,
2031 4925 2110 4987 ita

473 5009 673 5075 habeL

553 5100 708 5167 XIV.
741 5101 1009 5184 Eugenio
1036 5111 1238 5166 autem
1286 5102 1347 5164 in
1380 5102 1594 5165 divinis
1625 5101 1949 5183 Scripturis
1975 5121 2109 5165 ver-

2274 5104 2392 5168 IA'.
2426 5111 2503 5183 Τῇ
2534 5107 2753 5184 Εὖγενίᾳ
2784 5104 2838 5163 δὲ
2894 5104 3072 5174 πολλῆ
3126 5106 3224 5182 μὲν
3250 5107 3284 5173 ἡ
3317 5100 3438 5181 περΐ
3468 5098 3561 5165 τὴν
3587 5087 3786 5184 μελέτην

472 5190 713 5254 sabatur
734 5200 793 5253 et
816 5173 1206 5254 meditabatur
1234 5191 1496 5265 assidue,
1524 5201 1581 5253 et
1613 5173 1891 5273 parandae
1924 5193 2110 5255 virtu-

2217 5195 2299 5249 τῶν
2353 5173 2505 5252 θείων
2564 5173 2785 5275 Γραφιῦν
2844 5173 3147 5275 προσεδρία,
3183 5194 3360 5262 πολλῆ
3384 5173 3443 5249 ’δὲ
3471 5190 3504 5255 ἡ
3561 5202 3675 5275 περί
3704 5173 3787 5238 τὴν

472 5282 549 5342 tis
582 5299 850 5360 magnam
910 5301 1111 5343 curam
1169 5281 1434 5360 gerebat.
1490 5265 1631 5355 ρυό
1651 5283 1867 5345 factum
1901 5292 2012 5364 est,
2050 5289 2113 5345 ut

2217 5282 2379 5350 ιτῆσιν
2428 5288 2528 5350 τῆς
2575 5265 2769 5363 ἀρετῆς
2827 5265 3144 5362 ἐπιμέλεια,
3164 5285 3289 5363 παρ’
3317 5284 3345 5340 ὃ
3392 5279 3476 5337 καὶ
3523 5274 3595 5351 μὴ
3622 5265 3785 5364 ili-1‘1?“

473 5386 608 5430 cum
644 5347 761 5432 non
821 5370 1130 5449 plusquam
1169 5347 1338 5431 "duos
1383 5388 1570 5433 annos
1617 5347 2012 5451 transegisset'
2049 5371 2111 5434 in

2217 5373 2228 5440 ὶ
2257 5369 2347 5429 δύο
2376 5371 2469 5440 ἔτη
2503 5378 2571 5450 τῆ
2604 5347 2743 5450 μονῇ
2774 5347 3207 5450 συνδιενεγκοῦσα
3243 5347 3357 5430 ’τῶν
3405 5366 3605 5453 πάντωγ
3644 5347 3784 5453 ξκέάς

477 5444 861 5533 monasterio,
914 5444 1123 5521 omnes
1173 5458 1483 5522 vinceret:
1550 5461 1783 5538 mulier,
1820 5444 2106 5542 inquam,

2217 5482 2293 5536 ret,
2340 5464 2471 5540 γυνή
2518 5444 2658 5543 φημι
2717 5444 2821 5520 τῶν
2871 5444 3093 5544 ἀνδρίῦν,
3148 5462 3313 5520 ’Ὥστε
3356 5458 3524 5517 κοινὸν
3570 5450 3600 5515 ἦ
3643 5444 3782 5544 ἀρετὴ

477 5544 659 5606 viros.
693 5545 884 5617 Quare
933 5566 1031 5609 res
1082 5546 1416 5609 communis
1463 5557 1552 5610 est
1597 5550 1807 5626 virtus,
1843 5561 1905 5613 et
1923 5540 2110 5613 sexus

2217 5552 2276 5608 Lzl
2307 5550 2453 5611 οῦδὲν
2483 5540 2589 5609 ἀπὸ
2633 5561 2723 5610 τοῦ
2766 5540 3209 5632 γένους-κώλυμα
3250 5553 3324 5626 τῷ
3363 5540 3781 5632 xa109005V_P°”'

473 5632 706 5701 nullum
730 5634 897 5697 δαιτί
931 5637 1416 5722 impedimentum
1451 5637 1506 5699 ei
1538 5638 1637 5725 qui
1667 5656 1732 5702 se
1776 5623 1940 5703 recte
1967 5640 2110 5705 velit

2217 5641 2420 5721 ορένῳ.
2486 5633 2547 5699 Ἠ
2603 5642 2691 5701 οὖν
2756 5644 2972 5726 Εύγενία
3029 5643 3147 5702 κατ’
3209 5640 3396 5726 ἀρετὴν
3455 5623 3777 5715 πρωτεύουσα,
