4056 6142
298 282 420 350 625

1473 285 1942 351 MARTYRIUM
1986 285 2048 349 S.
2096 282 2472 350 EUGENI/E.

3540 284 3658 355 626

296 415 435 476 ¹[διον
490 414 547 473 δὲ
603 414 840 493 μάλιστα
899 417 1097 485 ταύτης
1154 417 1217 474 τὸ
1268 416 1476 482 ἐπιεκές
1523 439 1582 475 τε
1611 417 1824 495 μέτριον
1853 419 1936 476 καὶ

2021 436 2255 500 gerere.
2304 416 2560 498 Eugenia
2615 435 2755 497 ergo
2811 417 3032 499 primas
3082 424 3275 500 partes
3323 419 3570 499 gerebat
3597 423 3659 484 in

296 507 363 563 τὸ
415 504 634 585 πρώτην
690 506 845 564 οὖσαν
905 506 960 563 ἐν
1017 520 1137 572 τοϊς
1192 506 1383 573 καλοῖς
1445 505 1590 565 οὖδὲν
1638 510 1799 575 ἧττον
1857 510 1944 565 καὶ

294 594 520 675 πρώτην
576 595 720 652 εἶναι
779 603 856 669 τῷ
911 596 1110 674 μετρίῳ
1165 594 1369 664 δηλαδὴ
1425 604 1518 655 τοῦ
1580 598 1936 677 φρονήματος.

298 684 551 762 Εὖγενίας
597 685 688 742 καὶ
729 692 894 743 ταῦτα
943 687 1305 766 γνωρίσματα,
1357 687 1419 743 τὸ
1470 687 1688 765 πρώτην
1744 687 1940 752 ταύτην

291 775 512 833 πάντων
543 772 596 831 ἐν
627 786 749 839 ταῖς
797 771 1067 840 συνάξεσιν
1117 775 1459 854 ἀπαντῶσαν,
1508 775 1747 855 ἐσχάτην
1795 775 1939 841 αὖθις

289 867 403 918 τῶν
459 860 633 920 ἄλλων
692 863 1011 942 ὰναχορεϊν⁶
1070 865 1204 943 πρὸς
1260 863 1313 920 δὲ
1371 863 1465 920 καῖ
1497 870 1573 938 τῷ
1625 863 1938 939 λυπουμένῳ

290 952 453 1009 παντὶ
510 952 878 1033 συμπάσχειν,
938 956 1246 1033 συγχαίρειν
1300 952 1354 1009 δὲ
1412 953 1643 1031 γνησίως
1699 956 1935 1017 καὶτοῖς

292 1040 357 1097 εὖ
409 1042 735 1120 πάσχουσινο
795 1042 926 1121 ὅπερ
982 1041 1082 1121 ἄρα
1138 1043 1227 1099 καὶ
1255 1043 1384 1121 πρὸς
1414 1044 1476 1100 τὸ
1500 1046 1782 1121 κατορθοῦν
1809 1040 1937 1100 δυσ-

290 1130 614 1210 χερέστερον
671 1132 754 1189 διὰ
808 1133 903 1198 τὰς
962 1132 1023 1190 ἐκ
1074 1138 1165 1188 τοῦ
1221 1132 1408 1213 φθόνου
1475 1133 1815 1201 κακοηθείας·
1876 1135 1936 1189 τὸ

292 1219 458 1297 λόγον
522 1219 671 1300 ἔχειν
739 1223 934 1288 παντὸς
1004 1222 1342 1301 ὀργιζομένου
1411 1224 1652 1300 στορέσαι
1725 1221 1936 1301 καρδίαν

292 1308 717 1389 ἀνυσιμώτατον,
779 1310 915 1368 ὥστε
943 1313 1035 1368 τὸν
1063 1311 1160 1368 ’ίσα
1210 1314 1299 1368 καὶ
1353 1314 1541 1391 θηρσὶν
1599 1312 1935 1391 ἀγριαίνοντα

291 1395 548 1474 προϐάτῳ
611 1397 776 1465 δεῖξαι
847 1401 945 1467 τὴν
1016 1401 1326 1479 ἡμερότητα
1394 1400 1789 1477 παραπλήσιον.
1864 1401 1935 1458 Τὸ

292 1486 608 1544 τελευταῖον
665 1490 876 1545 πάντων
935 1490 1089 1547 τοῦτο
1136 1491 1223 1547 καὶ
1265 1496 1472 1566 πρῶτον
1502 1489 1744 1569 ἀτεχνῶς
1777 1511 1935 1569 περι·-

294 1578 649 1657 εκτικώτερον
708 1581 743 1647 ἡ
792 1588 922 1657 πρὸς
969 1579 1169 1642 πάντας
1218 1577 1451 1655 ἀψευδὴς
1501 1578 1684 1656 ἀγάπη
1728 1580 1811 1635 καὶ
1861 1580 1937 1654 μὴ

293 1668 465 1747 μέχρι
524 1667 754 1748 χειλέων
805 1670 1001 1726 ίστῶσα
1055 1671 1118 1726 τὸ
1173 1668 1407 1749 φίλτρον,
1480 1666 1615 1725 ἀλλὰ
1672 1671 1763 1725 καί
1830 1670 1935 1726 ἀπὸ

291 1757 469 1829 μέσης
500 1764 685 1838 ψυχῆς
719 1760 1075 1822 συνάπτουσα,

2022 507 2259 579 virtute,
2295 509 2425 587 ejus
2448 515 2644 570 autem
2670 507 2924 569 maxime
2949 514 3075 570 erat
3106 509 3344 590 propria
3375 509 3663 573 modestia

2023 604 2082 659 et
2109 596 2436 658 moderatio
2463 619 2474 659 :
2525 605 2583 659 et
2626 596 2783 679 quod
2815 615 2947 658 cum
2982 597 3171 677 prima
3204 605 3362 660 esset
3392 598 3451 659 in
3482 597 3663 661 rebus

2021 686 2311 757 honestis,
2343 687 2530 748 nihilo
2560 686 2758 749 secius
2788 696 2943 748 esset
2984 688 3160 750 etiam
3216 688 3407 768 prima
3459 689 3520 750 in
3561 708 3657 765 eo,

2020 774 2178 855 quod
2209 785 2406 837 essent
2435 779 2568 857 ejus
2598 775 2889 838 moderati
2920 776 3184 858 spiritus.
3225 777 3505 856 Eugeniae
3536 780 3662 842 haec

2020 883 2260 945 quoque
2287 879 2457 928 erant
2484 865 2674 945 signa,
2719 866 2935 946 quibus
2979 866 3468 948 cognoscebatur,
3505 869 3661 949 quod

2020 972 2152 1016 cum
2219 954 2408 1035 prima
2461 956 2727 1016 omnium
2773 956 3004 1018 veniret
3045 956 3117 1018 ad
3148 974 3418 1037 synaxes,
3453 974 3661 1019 rursus

2017 1043 2225 1105 ultima
2257 1043 2523 1106 omnium
2550 1044 2900 1119 recederet;
2935 1051 3228 1124 praeterea
3256 1063 3391 1107 vero
3415 1045 3664 1109 misere-

2017 1141 2182 1195 retur
2197 1134 2373 1195 etiam
2393 1133 3439 1215 cujuslibet,quialiquaafﬁciebatur
3461 1136 3661 1198 mode-

2017 1223 2166 1286 stia:
2232 1241 2367 1286 vere
2422 1230 2618 1285 autem
2680 1231 2736 1284 et
2793 1224 3029 1285 sincere
3081 1224 3364 1303 gauderet
3395 1243 3530 1285 cum
3588 1225 3663 1288 iis

2018 1312 2236 1393 quibus
2267 1321 2434 1373 erant
2464 1331 2562 1374 res
2592 1312 2891 1387 secundae,
2921 1313 3081 1392 quod
3115 1313 3357 1393 quidem
3384 1322 3473 1375 est
3504 1314 3660 1377 factu

2018 1401 2339 1464 difﬁcillius
2371 1409 2614 1482 propter
2672 1401 3125 1482 malignitatem,
3192 1420 3324 1482 quae
3375 1403 3566 1465 oritur
3589 1422 3661 1465 ex

2017 1489 2279 1551 invidia:
2339 1489 2495 1569 quod
2555 1488 2802 1551 haberet
2854 1508 3218 1566 sermonem,
3273 1491 3346 1552 ad
3400 1491 3660 1571 cujusvis

2016 1578 2329 1641 irascentis
2359 1597 2461 1641 cor
2509 1577 2862 1653 sedandum,
2919 1580 3091 1659 longe
3147 1579 3654 1661 efﬁcacissimum,

2017 1668 2165 1729 adeo
2222 1678 2282 1729 ut
2334 1669 2434 1749 qui
2480 1686 2598 1729 non
2631 1684 2808 1730 secus
2838 1686 2903 1730 ac
2935 1668 3079 1730 ferae
3108 1668 3488 1743 eﬂ‘erabatur,
3533 1669 3663 1749 ejus

1958 1765 1996 1815 Β
2019 1757 2112 1817 ovi
2140 1755 2396 1818 similem
2424 1756 2704 1818 redderet
2728 1757 3263 1820 mansuetudinem.
3290 1756 3662 1819 Postremum

290 1846 411 1908 hoc
470 1854 619 1922 erat,
654 1854 713 1909 et
746 1848 1030 1928 primum,
1064 1858 1127 1910 et
1172 1847 1438 1909 omnium
1469 1864 1677 1911 revera
1725 1845 2206 1928 capacissimum,
2239 1864 2356 1907 non
2418 1846 2552 1908 (icta
2605 1846 2666 1906 in
2700 1863 2909 1908 omnes
2958 1846 3237 1927 charitas,
3269 1854 3326 1908 et
3356 1865 3489 1929 quas
3545 1865 3663 1908 non

290 1951 560 1997 amorem
594 1935 666 1997 ad
703 1935 866 1998 labra
896 1954 1088 2017 usque
1113 1936 1383 2017 sistebat,
1413 1937 1518 1999 sed
1552 1937 1727 1999 etiam
1759 1955 1793 1998 a
1823 1934 2018 1999 media
2048 1936 2244 1997 anima
2276 1936 2611 1998 emanabat.

380 2025 483 2089 lE'.
516 2026 587 2083 Οὔ
639 2026 775 2083 πολὺ
805 2028 867 2083 τὸ
921 2026 973 2082 ἐν
1026 2027 1196 2102 μέσῳ,
1228 2030 1315 2083 καὶ
1347 2028 1503 2108 χάρις
1551 2027 1683 2105 αὐτῇ
1710 2028 1815 2085 τῶν
1845 2029 1933 2083 ἰα-

289 2117 476 2192 μάτων
536 2115 779 2194 ἐπιφοιτᾷ
836 2114 955 2191 μεθ’
1010 2116 1142 2182 ὅσης
1208 2116 1303 2184 τῆς
1364 2117 1634 2194 ἀφθονίας,
1709 2116 1795 2173 καί
1852 2114 1935 2172 διὰ

288 2211 451 2260 τοῦτο
502 2203 647 2267 ὅσοις
707 2205 770 2259 ἂν
802 2205 885 2260 καὶ
931 2204 1049 2261 κατ’
1082 2204 1359 2280 ἐπίσκεψιν
1405 2204 1559 2261 νόσου
1587 2202 1937 2279 παραϐεϐλή-

293 2315 403 2363 act,
440 2293 534 2350 οὒκ
561 2295 622 2350 ἐκ
648 2301 741 2351 τοὺ
771 2292 945 2371 λέγειν
976 2296 1135 2369 μόνον
1165 2298 1349 2358 αὐτοῖς
1399 2292 1561 2353 ἐδίδου
1616 2295 1709 2359 τὰς
1757 2315 1935 2372 παρα·-

292 2384 543 2461 κλήσεις,
600 2382 735 2440 ἀλλὰ
788 2386 874 2438 καὶ
925 2390 1019 2440 τοῦ
1078 2382 1364 2446 λυποόντος
1415 2384 1558 2462 ἠφίει
1602 2384 1934 2457 νοσήματος.

301 2477 596 2546 Μιμοῦνται
651 2470 704 2527 δὲ
759 2473 924 2539 αὐτὴν
979 2472 1079 2529 ὅσα
1138 2474 1266 2551 πρὸς
1324 2471 1541 2545 δύναμιν
1596 2477 1817 2549 Πρωτᾶς
1849 2473 1938 2528 καὶ

302 2557 598 2633 Ὑάκινθος,
655 2559 741 2626 οὓς
796 2562 887 2618 καὶ
919 2563 946 2618 ὁ
997 2560 1153 2640 λόγος
1187 2561 1383 2641 φθάσας
1436 2558 1723 2631 ἐδήλωσεν,
1759 2562 1936 2625 Οὕτως

302 2651 549 2728 Εὖγενίας
602 2650 821 2726 βιούσης
880 2653 907 2707 ὁ
954 2656 1051 2717 τῆς
1093 2655 1261 2725 μονῆς
1300 2652 1569 2729 προεστὼς
1601 2652 1737 2726 μετὰ
1764 2651 1936 2729 τρίτον

297 2737 420 2802 ἔτος
472 2738 752 2796 ἀπολείπει
808 2740 897 2796 τὸν
953 2740 1088 2817 βίον,
1149 2739 1362 2800 Ἐκάλει
1412 2739 1465 2796 δὲ
1512 2741 1676 2808 αὖτὴν
1718 2742 1751 2807 ἡ
1783 2741 1938 2807 κοινὴ

296 2832 402 2885 τῶν
433 2826 674 2908 ἀδελφῶν
722 2830 902 2908 ψῆφος
932 2832 1004 2894 εἰς
1061 2831 1382 2906 προστασίαν
1440 2832 1511 2893 ὡς
1571 2827 1712 2906 ἀνδρὶ
1767 2851 1939 2907 προσ-

299 2919 541 2997 έχοντες,
617 2918 704 2974 καὶ
770 2920 831 2975 τὸ
886 2918 983 2994 μὲν
1039 2920 1219 2995 περιὸν
1287 2923 1386 2985 τῆς
1457 2918 1646 2996 ἀρετῆς
1719 2916 1932 2994 εἰδότες,

299 3007 577 3085 ἀγνοῦντες
633 3006 688 3064 δὲ
744 3009 805 3063 τὸ
859 3007 987 3087 παρ’
1042 3011 1176 3085 αὐτῇ
1219 3007 1608 3087 κρυπτόμενον.
1667 3005 1938 3083 Λαμϐάνει

298 3103 425 3174 γοῦν
481 3095 637 3176 φόϐος
694 3096 900 3164 ἐκείνην
950 3099 1040 3154 καὶ
1092 3098 1305 3175 ἀπορίαο
1368 3096 1485 3154 οὔτε
1551 3098 1650 3175 γὰρ
1710 3110 1938 3175 γυναῖκα

295 3185 455 3241 οὖσαν
511 3185 817 3263 προεστάνει
876 3185 1074 3264 ἀνδρῶν
1133 3185 1383 3257 ἐδικαίου,
1444 3187 1530 3242 καὶ
1588 3188 1647 3243 τὸ
1696 3184 1938 3264 παριδεῖν

294 3273 626 3354 ἁδελφότητα
694 3282 886 3340 κοινῶς
943 3275 1182 3340 ἀξιοῦσαν
1252 3276 1717 3355 ίσχυρογνώμονος
1794 3275 1938 3332 εἶναι

298 3365 388 3421 καὶ
420 3364 655 3429 ἆπειθοῠς
686 3366 909 3444 ἔκρινεν.
968 3363 1182 3430 ’Ἑδοξεν
1240 3369 1328 3422 οὖν
1377 3367 1437 3422 ἐκ
1493 3373 1586 3422 τοῦ
1617 3363 1938 3443 Εὖαγγελίου

296 3453 351 3508 τί
408 3452 655 3517 ποιητέον
713 3456 925 3528 μαθεῖν,
1005 3460 1120 3529 Θεῷ
1175 3456 1232 3512 τὸ
1290 3453 1485 3521 ἄδηλον
1530 3453 1932 3532 ἐπιτρέψαντας.

294 3541 445 3599 Ἐπεὶ
498 3540 551 3599 δὲ
609 3543 986 3624 ἀνεπτύσσετο,
1045 3545 1079 3612 ἡ
1137 3547 1438 3611 Δεσποτική
1471 3545 1602 3610 αὕτη
1632 3544 1935 3617 θαυμασίως

291 3634 569 3712 ὖπηχεϊτο
598 3634 771 3711 φωνή·
812 3655 839 3687 α
876 3633 943 3691 Εἴ
973 3656 1053 3697 τις
1085 3632 1225 3690 θέλει
1262 3634 1316 3690 ἐν
1339 3636 1469 3709 ὑμῖν
1517 3633 1661 3689 εἶναι
1702 3637 1933 3708 πρῶτος,

294 3720 434 3778 ἔστω
477 3722 691 3778 πάντων
733 3721 960 3802 ἔσχατος
1006 3724 1091 3779 καὶ
1133 3725 1345 3780 πάντων
1381 3722 1646 3784 διάκονος.
1679 3744 1707 3776 n
1743 3722 1938 3778 Τούτου

2099 2023 2225 2089 Χν.
2280 2023 2408 2088 Non
2461 2025 2713 2087 multum
2766 2024 3101 2088 intercessit
3151 2024 3461 2105 temporis,
3502 2026 3666 2087 ettad

2019 2131 2147 2174 eam
2180 2112 2430 2174 accessit
2453 2118 2639 2192 gratia
2668 2112 3045 2176 curationum
3077 2131 3213 2176 cum
3273 2113 3532 2175 maxima
3560 2132 3667 2175 co-

2018 2202 2140 2283 pia.
2203 2203 2277 2264 Et
2332 2202 2466 2264 ideo
2513 2204 2587 2264 ad
2639 2221 3031 2283 quoscunque
3092 2201 3418 2265 accedebat
3474 2202 3667 2265 morbi

2018 2291 2243 2353 visendi
2273 2291 2480 2372 gratia,
2514 2311 2630 2354 non
2654 2293 2849 2354 solum
2871 2310 2976 2353 eos
2999 2291 3193 2353 verbis
3219 2291 3659 2368 consolabatur,

2019 2380 2123 2441 sed
2156 2380 2331 2442 etiam
2363 2381 2651 2443 liberabat
2678 2399 2712 2441 a
2768 2380 3001 2460 morbo,
3030 2380 3133 2461 qui
3182 2399 3286 2442 eos
3336 2381 3660 2446 cruciabat.

2018 2468 2158 2530 Eam
2195 2481 2391 2531 autem
2428 2470 2736 2532 imitantur
2767 2488 2870 2550 pro
2912 2468 3141 2530 viribus
3187 2470 3389 2530 Protas
3417 2478 3473 2532 et
3503 2469 3662 2551 Hya-

2019 2559 2280 2632 cinthus,
2314 2558 2393 2621 de
2413 2560 2632 2639 quibus
2655 2568 2825 2620 antea
2846 2558 3126 2623 diximus.
3152 2559 3300 2622 Cum
3331 2560 3414 2620 sic
3441 2560 3663 2624 viveret

2022 2648 2307 2727 Eugenia,
2346 2647 2658 2727 praefectus
2714 2647 3057 2709 monasterii
3104 2648 3274 2709 tertio
3319 2654 3452 2725 post
3502 2667 3659 2712 anno

2024 2737 2261 2798 excedit
2287 2756 2320 2798 e
2351 2738 2499 2799 vivis
2527 2761 2552 2810 ;
2582 2737 2770 2818 ipsam
2800 2753 2941 2798 vero
2971 2736 3219 2797 vocabat
3244 2735 3317 2797 ad
3344 2738 3658 2817 praefectu-

2022 2844 2146 2887 ram
2179 2827 2426 2888 fratrum
2458 2845 2776 2889 commune
2806 2824 3173 2904 suffragium.
3207 2824 3347 2886 Eam
3371 2827 3531 2888 enim
3554 2844 3660 2907 pro

2021 2914 2146 2975 viro
2177 2914 2478 2977 habebant
2508 2924 2566 2977 et.
2596 2918 2870 2977 virtutem
2919 2915 3163 2996 quidem
3198 2913 3497 2990 videbant,
3530 2934 3662 2996 quas

2022 3004 2232 3085 inerat,
2296 3005 2649 3084 ignorabant
2711 3014 2906 3067 autem
2969 3004 3053 3079 id,
3111 3006 3271 3084 quod
3318 3003 3473 3083 apud
3527 3022 3658 3066 eam

2022 3094 2261 3156 latebat.
2297 3096 2459 3158 Illam
2495 3095 2694 3176 itaque
2726 3103 2917 3156 metus
2966 3093 3189 3155 invadit
3234 3102 3295 3155 et
3341 3092 3656 3156 dubitatio.

2020 3183 2228 3263 Neque
2258 3186 2416 3245 enim
2443 3203 2676 3266 mquum
2708 3183 3012 3263 censebat,
3073 3190 3136 3243 ut
3191 3201 3323 3262 quas
3369 3192 3528 3243 esset
3569 3183 3661 3245 fe-

1956 3274 2204 3367 cmina,
2232 3274 2370 3335 viris
2419 3282 2726 3355 praeesset,
2792 3281 2851 3333 et
2905 3272 3305 3334 communiter
3358 3280 3663 3334 vocantem

2020 3362 2332 3443 despicere
2359 3363 2813 3437 fraternitatem,
2844 3360 3152 3441 judicabat
3178 3379 3309 3423 esse
3339 3362 3662 3441 pervicacis

2020 3460 2077 3513 et
2108 3452 2387 3514 obstinati
2429 3453 2633 3514 animi.
2670 3451 2878 3514 Visum
2911 3458 2999 3511 est
3030 3468 3170 3528 ergo
3227 3469 3296 3510 ex
3344 3448 3662 3528 Evangelio

2021 3540 2278 3621 discere,
2309 3542 2451 3618 quid
2486 3541 2806 3619 agendum,
2844 3544 2965 3604 Deo
3001 3540 3382 3618 permittente
3413 3540 3471 3599 id
3502 3540 3663 3619 quod

2022 3638 2149 3691 erat
2181 3634 2469 3692 incertum
2503 3640 2561 3692 et
2591 3630 2933 3692 obscurum.
2968 3627 3284 3707 Postquam
3318 3636 3513 3690 autem
3556 3628 3666 3688 fuit

2023 3719 2403 3799 explicatum,
2451 3719 2887 3780 admirabiliter
2914 3720 3040 3780 haec
3070 3734 3177 3777 vox
3218 3716 3456 3780 Domini
3491 3734 3662 3777 reso-

290 3812 542 3889 ῥηθέντος
590 3812 689 3879 τὴν
744 3811 841 3887 μέν
870 3814 1191 3890 προστασίαν
1229 3812 1543 3892 ὑπέρχεται,
1578 3812 1666 3867 καὶ
1697 3810 1775 3885 μὴ
1804 3811 1936 3887 βου-

2022 3806 2240 3868 nabat:
2285 3827 2313 3866 ‹
2346 3808 2407 3869 Si
2460 3810 2591 3887 quis
2635 3808 2760 3869 vult
2807 3808 2964 3869 inter
3009 3827 3112 3869 vos
3143 3823 3275 3868 esse
3307 3805 3554 3884 primus,
3588 3806 3664 3866 sit

289 3900 525 3978 λομένη,
556 3902 655 3967 τῆς
686 3898 951 3965 διακονίας
1000 3899 1054 3957 δὲ
1094 3900 1195 3969 ὅλη
1246 3903 1333 3959 καὶ
1376 3900 1542 3963 οὕτως
1572 3900 1763 3956 ἐκουσα
1797 3901 1936 3975 γίνε-

2022 3899 2285 3958 omninm
2343 3896 2610 3970 ultimus,
2659 3905 2719 3960 et
2768 3898 3033 3959 omnium
3090 3896 3360 3957 minister
3386 3895 3436 3955 4.
3475 3919 3501 3950 ››
3538 3894 3663 3956 Hoc

288 4012 405 4065 ται,
457 3990 509 4046 τί
566 3990 643 4065 μὴ
693 3999 916 4049 ποιοῦσα
946 3996 1053 4047 τῶν
1100 3990 1328 4048 εὐτελῶν
1356 3992 1446 4048 καὶ
1470 3988 1558 4047 ὑπ’
1589 3989 1759 4045 αὗτῶν
1794 3987 1931 4052 ὅλως

2021 3984 2192 4059 dicto,
2246 3984 2651 4063 praefecturam
2709 3984 2950 4064 quidem
3000 3983 3161 4045 subit
3214 3982 3300 4043 vel
3334 3980 3559 4043 invita:
3597 3998 3662 4043 se

287 4086 400 4136 τῶν
473 4081 675 4149 μικρῶν
736 4077 1187 4154 ἂπαξιουμένωνς
1261 4079 1395 4159 ὕδωρ
1462 4077 1775 4145 ἐξαντλοῡσα
1842 4087 1933 4136 τοῦ

2021 4080 2209 4135 autem
2245 4073 2329 4133 sic
2361 4072 2535 4134 etiam
2569 4072 2667 4133 dat
2698 4081 2879 4134 totam
2912 4072 2983 4134 ad
3011 4071 3488 4146 ministrandum,
3514 4068 3659 4150 quid

285 4168 541 4250 φρέατος,
604 4168 773 4223 οίγὶαν
828 4167 1099 4245 σαίρουσα,
1161 4168 1285 4235 ξύλα
1334 4167 1602 4225 διακλῶσα
1635 4167 1811 4246 χερσὶ,
1846 4167 1933 4222 καὶ

2021 4181 2136 4223 non
2167 4161 2389 4223 faciens
2420 4162 2755 4239 indignum,
2791 4171 2849 4224 et
2910 4180 3042 4242 quae
3099 4162 3299 4232 etiam,
3361 4159 3464 4237 qui
3524 4167 3663 4220 sunt

283 4256 464 4315 τᾶλλα
522 4257 694 4314 πάντα
751 4256 851 4312 ὅσα
908 4256 1115 4328 μᾶλλον
1165 4265 1272 4315 τῶν
1324 4257 1621 4338 ἐλαχίστων
1651 4257 1767 4312 ἐστί
1797 4256 1934 4312 κατὰ

2021 4252 2164 4312 viles
2225 4259 2282 4311 et
2337 4251 2577 4331 abjecti,
2638 4250 2835 4313 facere
2900 4250 3586 4338 dedignantur‘2aquam
3627 4266 3660 4308 e

285 4345 526 4414 σπουδὴν
580 4345 905 4424 πράττουσαι
969 4346 1106 4403 ὥστε
1152 4349 1240 4404 καὶ
1290 4337 1519 4425 θυρωρὸς
1574 4346 1717 4401 εἶναι
1768 4343 1936 4400 διὰτὸ

2021 4350 2196 4420 puteo
2229 4341 2543 4416 effodiens,
2573 4340 2813 4402 domum
2856 4358 3122 4415 verrens,
3177 4338 3452 4401 manibus
3500 4337 3659 4415 ligna

284 4437 423 4515 πρὸς
453 4436 554 4503 τὴν
577 4432 797 4501 ἐντολὴν
824 4434 1220 4493 εὖπειθέστατον
1248 4434 1401 4504 ἡδέος
1430 4434 1734 4515 ἀνέχεσθαι.

2021 4428 2321 4510 frangens,
2356 4438 2414 4492 et
2443 4430 2556 4492 alia
2584 4433 2805 4507 omnia,
2840 4450 2975 4511 quae
3023 4438 3161 4491 sunt
3194 4430 3461 4503 minima,
3517 4426 3660 4487 dili-

288 4533 504 4603 genter
530 4522 752 4584 faciens
789 4539 802 4584 :
859 4521 1010 4584 adeo
1037 4530 1105 4585 ut
1149 4523 1323 4587 etiam
1358 4541 1489 4586 esse
1529 4522 1853 4603 janitorem
1884 4519 2148 4582 libenter
2202 4520 2551 4594 sustineret,
2591 4529 2905 4600 propterea
2941 4518 3099 4600 quod
3157 4526 3449 4600 prmcepto
3479 4533 3659 4598 pare-

286 4622 388 4676 ret
415 4611 833 4675 libentissime.

377 4703 476 4778 1ζ⁹
486 4746 502 4762 .
537 4700 687 4759 Οὕτω
715 4702 775 4757 τὸ
805 4723 1015 4780 μετριον
1074 4702 1421 4783 διαφερόντως
1483 4703 1786 4776 ὰσκήσασα,
1850 4700 1936 4757 καὶ

2098 4697 2249 4761 XVI.
2310 4697 2455 4759 Cum
2513 4697 2601 4759 sic
2675 4715 2813 4776 ergo
2901 4699 3211 4775 insigniter
3295 4696 3669 4760 exercuisset

290 4794 435 4852 οὕτω
467 4791 564 4847 κᾶν
592 4796 660 4866 τῇ
698 4792 987 4869 προστασίᾳ
1034 4793 1190 4850 πάλιν
1249 4798 1546 4873 περιφανῶς
1588 4790 1932 4866 διαλάμψασα

291 4882 489 4961 εἴχετο
541 4881 628 4937 καὶ
684 4878 760 4934 ἔτι
813 4884 911 4947 τῆς
965 4883 1096 4959 πρὸς
1138 4883 1266 4939 Θεὸν
1311 4882 1594 4962 φερούσης.
1628 4879 1807 4939 ’Ὀσων
1838 4878 1933 4954 μὲν

293 4975 390 5029 οὖν
441 4969 720 5044 θαυμάτων
769 4970 1055 5049 αὖτουρ-(ὸς
1095 4970 1312 5050 γέγονεν
1340 4973 1518 5051 ἑτέρου
1551 4970 1775 5027 δεῖσθαι·
1810 4988 1934 5024 και-

296 5066 396 5139 ροῦ
464 5062 675 5139 σχολῆς
741 5077 800 5111 τε
847 5056 977 5124 ἰδίας
1021 5062 1115 5116 τοῦ
1174 5061 1485 5140 πράγματος
1546 5057 1796 5135 δεομένου
1851 5056 1938 5112 καὶ

294 5148 479 5213 ἄλλως
510 5148 791 5229 φεύγοντος
818 5154 911 5205 τοῦ
954 5147 1114 5229 λόγου
1157 5152 1219 5207 τὸ
1259 5157 1432 5227 μῆκος
1464 5148 1549 5207 διὰ
1603 5150 1696 5205 τὸν
1753 5146 1930 5225 κόρον⁶

288 5239 322 5295 ’ὀ
356 5236 412 5294 δὲ
440 5239 530 5295 καὶ
558 5236 675 5293 λίαν
705 5234 1002 5313 ἀναγκαῖον
1031 5239 1205 5296 εἰπεῖν
1262 5241 1347 5298 καὶ
1388 5242 1417 5297 ὃ
1475 5239 1755 5319 μαρτυρίου
1784 5234 1937 5299 τέλος

379 5398 412 5448 ι
440 5396 643 5461 Hattb.
675 5412 776 5473 xx,
808 5397 907 5475 26,
994 5400 1028 5450 5
1058 5398 1313 5483 Philipp.
1348 5416 1435 5477 ιιι,
1469 5402 1567 5462 13.

2019 4787 2512 4867 moderationem,
2541 4794 2601 4848 et
2648 4787 2705 4847 in
2740 4788 3096 4864 praefectura
3125 4805 3333 4849 rursus
3381 4784 3655 4865 resplen-

2018 4876 2261 4956 duisset,
2323 4874 2634 4936 insistebat
2687 4876 2864 4936 etiam
2926 4876 2983 4936 in
3043 4874 3156 4947 via,
3209 4892 3343 4951 quae
3390 4874 3557 4934 ducit
3584 4873 3659 4932 ad

2017 4967 2230 5043 Deum,
2269 4989 2295 5019 α
2330 4964 2402 5024 ad
2458 4964 2752 5025 anteriora
2805 4964 3064 5043 quidem,
3120 4971 3184 5024 ut
3226 4963 3459 5023 divinus
3511 4960 3659 5021 dicit

2020 5054 2236 5116 Paulus
2255 5055 2306 5126 δ,
2341 5070 2405 5113 se
2436 5051 2782 5125 extendens,
2817 5069 3022 5112 eorum
3056 5060 3282 5123 autem,
3330 5067 3465 5125 quae
3491 5057 3654 5110 retro

2020 5150 2208 5217 erant,
2244 5141 2598 5203 obliviscens
2631 5146 2872 5220 propter
2918 5149 3244 5220 promptam
3296 5146 3353 5199 et
3393 5137 3653 5199 alacrem

2021 5230 2426 5313 operationem
2453 5230 2561 5309 (‘2).
2586 5229 2778 5309 Atque
2834 5246 3004 5309 quam
3037 5228 3224 5291 multa
3276 5225 3515 5307 quidem
3564 5223 3657 5286 fe-

379 5513 466 5595 (2)
526 5514 723 5578 Verba
771 5513 918 5594 huic,
953 5516 1033 5579 ad
1094 5518 1406 5582 anteriora
1469 5516 1815 5600 quidem...
1872 5518 2133 5585 alacrem
2183 5515 2618 5599 operationem,
2652 5512 2867 5575 desunt
2895 5512 2958 5573 in
3016 5509 3417 5593 manuscripto
3449 5514 3652 5571 nostro

292 5594 468 5660 Em.
