4056 6142
471 271 584 343 6‘27

1776 269 1939 335 ΜΕΝ
1945 271 2056 335 SIS
2098 267 2524 332 DECEMBER.

3711 266 3820 333 628

468 408 618 472 cerit
647 403 958 482 miracula,
1021 423 1265 470 narrare
1313 411 1400 468 est
1443 403 1686 466 alterius
1736 406 2021 485 temporis
2051 413 2108 465 et

2202 404 2473 461 ὶκολουθεῖ
2506 404 2588 460 καὲ
2623 403 2714 460 τὸν
2745 403 2923 481 εἱρμὸν
2954 399 3240 458 ἀκόλουθον
3294 402 3414 482 ἔχει
3473 407 3589 467 τοῖς
3621 401 3816 482 ἐφεξῆς,

470 499 692 580 operis,
727 498 881 578 quod
919 500 1221 578 proprium
1277 495 1532 572 postulat
1569 495 1794 555 otium:
1856 494 2109 556 maxime

468 607 603 651 cum
639 596 879 667 propter
909 587 1240 648 satietatem
1274 585 1461 646 oratio
1495 582 1636 645 vitet
1688 582 2103 664 prolixitatem.

468 677 636 751 Quod
669 695 806 738 vero
839 685 896 738 et
926 677 1085 737 dictu
1117 685 1207 737 est
1257 674 1451 745 facile,
1499 681 1556 734 et
1596 676 1690 734 cui
1736 691 2108 752 consequens

472 777 561 829 est
597 768 729 828 linis
762 766 1046 846 martyrii,
1082 773 1138 826 et
1167 765 1344 825 habet
1382 762 1599 824 seriem
1643 772 2104 842 consequentem

468 857 543 918 iis
572 873 702 936 quae
733 856 1018 934 deinceps
1040 861 1390 934 sequuntur,
1417 853 1528 913 hoc
1545 853 1669 931 jam
1692 851 1945 913 dicetur.
1973 851 2108 911 Erat

466 944 846 1008 Alexandriae
898 943 1167 1018 quredam
1218 941 1454 1020 mulier,
1490 939 1731 1001 nomine
1759 940 2103 1014 Melanthia,

468 1051 598 1114 quae
625 1033 932 1094 facultates
958 1031 1198 1112 quidem
1223 1029 1479 1091 habebat
1503 1027 1821 1090 multorum
1850 1029 2067 1090 talento
2087 1061 2105 1073 -

465 1141 622 1197 rum,
663 1121 766 1182 Dei
797 1129 994 1182 autem
1021 1119 1253 1182 timoris
1283 1129 1341 1180 et
1369 1118 1596 1180 virtutis
1629 1125 1754 1180 erat
1780 1121 1975 1198 inops.
2029 1117 2111 1179 Ea

467 1229 601 1273 cum
633 1210 949 1292 aliquando
982 1228 1013 1270 a
1041 1209 1320 1270 diuturno
1353 1216 1408 1270 et
1440 1207 1600 1287 gravi
1634 1207 1841 1268 morbo
1873 1211 2111 1286 arrepta

468 1308 626 1363 esset
659 1301 808 1377 (erat
839 1302 996 1361 enim
1031 1299 1267 1374 horror,
1301 1305 1512 1378 quarto
1543 1315 1780 1376 quoque
1817 1296 1914 1356 die
1945 1314 2111 1358 acce-

469 1390 667 1469 dens),
723 1389 823 1450 ubi
881 1391 1034 1450 fama
1078 1388 1151 1448 ad
1211 1406 1342 1448 eam
1397 1387 1675 1466 pervasit,
1731 1403 1862 1447 esse
1921 1387 2106 1446 virum

468 1478 786 1558 quemdam
817 1476 1061 1538 nomine
1099 1476 1338 1556 quidem
1377 1474 1728 1554 Eugenium,
1763 1475 1882 1535 vita
1912 1483 2108 1536 autem

470 1567 750 1629 omnibus
780 1565 1223 1633 admirandum,
1267 1565 1369 1645 qui
1418 1565 1588 1625 facile
1640 1563 1811 1625 solvil
1872 1563 2112 1625 morbos

468 1656 761 1731 difficiles,
815 1655 1009 1716 statim
1063 1653 1342 1717 omnibus
1373 1653 1505 1714 aliis
1549 1652 1802 1726 omissis,
1859 1653 2112 1713 maxima

470 1745 774 1808 celeritate
800 1745 957 1805 venit
985 1743 1054 1804 ad
1111 1743 1562 1816 monasterium,
1616 1749 1672 1802 et
1725 1741 2172 1824 vehementerB

467 1846 659 1914 rogat,
681 1843 745 1895 ut
764 1833 1056 1896 liberetur
1082 1850 1115 1893 a
1142 1832 1328 1912 plaga,
1359 1850 1490 1912 quae
1517 1849 1648 1892 eam
1677 1831 1910 1911 premit.
1944 1834 2115 1892 Mise-

471 1924 728 1986 ricordia
764 1925 964 2000 itaque
1020 1930 1290 1985 movetur
1328 1920 1626 1997 Eugenia:
1689 1928 1744 1982 et
1796 1939 1928 1982 cum
1983 1940 2112 1982 eam

469 2021 673 2075 saneto
734 2013 866 2074 oleo
926 2013 1147 2073 sanctis
1191 2011 1460 2072 unxisset
1510 2009 1803 2090 manibus,
1849 2010 2115 2090 protinus

472 2101 679 2176 efficit,
734 2111 800 2162 ut
851 2109 1082 2163 evomat
1133 2100 1440 2162 materiam
1491 2098 1681 2160 morbi
1733 2100 2110 2162 efficientem.

472 2189 688 2272 Sicque
709 2191 1020 2253 Melantliia
1048 2209 1194 2271 pure
1213 2197 1529 2252 consecuta
1553 2189 1890 2269 sanitatem,
1915 2191 2115 2251 valens

470 2281 709 2360 quidem
742 2281 1098 2344 revertitur:
1156 2285 1314 2340 venit
1357 2289 1552 2340 autem
1588 2278 1659 2339 ad
1694 2280 2008 2358 quemdam
2043 2297 2113 2340 ex

471 2371 594 2430 suis
625 2370 799 2446 agris,
835 2369 936 2450 qui
968 2370 1140 2430 etiam
1174 2376 1298 2430 erat
1329 2386 1510 2448 prope
1567 2368 2006 2439 monasterium,
2057 2374 2115 2428 et

470 2476 587 2519 non
627 2459 811 2520 multo
845 2467 974 2538 post
1004 2467 1294 2539 tempore,
1331 2475 1467 2518 cum
1501 2475 1569 2517 ex
1614 2459 1819 2536 pulcro
1861 2465 1918 2516 et
1968 2475 2112 2534 puro

471 2556 714 2627 argento
747 2548 863 2611 tria
897 2565 1028 2611 vasa
1057 2547 1437 2618 confecisset,
1473 2564 1542 2606 ea
1574 2547 1750 2605 mittit
1797 2544 1868 2604 ad
1917 2544 2111 2622 Euge-

469 2637 654 2712 niam,
690 2637 1036 2698 monasterii
1065 2637 1175 2697 indi
1225 2635 1498 2695 oratoriae
1543 2652 1611 2694 ea
1643 2633 1798 2692 dona
1829 2633 2114 2694 dedicans

472 2743 580 2806 pro
611 2725 929 2804 gratiarum
963 2726 1218 2785 actione.
1261 2723 1404 2786 Cum
1463 2729 1658 2784 autem
1694 2739 1907 2782 munus
1939 2721 2110 2783 obla-

2191 501 2342 550 τοῦτο
2403 491 2458 548 δὲ
2517 493 2603 548 καὶ
2650 491 2997 570 λεχθήσεται.
3058 481 3153 548 Ἠν
3214 513 3288 553 τις
3327 481 3415 547 tv
3475 481 3824 568 Ἀλεξανδρείᾳ

2192 583 2324 660 γυνὴ
2355 580 2584 654 τοῦνομα
2617 580 2876 639 Μελανθία
2909 579 3301 643 πολυταλαντος
3334 581 3435 655 μὲν
3475 582 3575 648 τὴν
3631 581 3821 646 οὒσίαν,

2191 671 2355 752 φόϐου
2383 671 2435 727 δὲ
2466 672 2602 728 θείου
2633 672 2719 726 καὶ
2749 671 2948 748 ἀρετῶν
2979 667 3163 734 ἐνδεῶς
3220 669 3446 749 ἔχουσα.
3508 669 3651 736 Αὕτη
3704 672 3824 726 ποτε

2191 763 2390 840 χρονίῳ
2416 760 2675 834 νοσήματι
2708 761 2795 816 καὶ
2849 760 3006 836 βαρεῖ
3064 757 3332 838 ληφθεῖσα
3391 759 3556 836 (ῥίγος
3624 759 3721 837 γὰρ
3766 759 3829 827 ἧν

2191 851 2250 906 τὸ
2281 847 2364 906 διὰ
2424 850 2677 921 τετάρτης
2735 847 3113 926 ὲπισμαῖνον),
3171 846 3356 916 ἐπειδὴ
3417 845 3472 903 δὲ
3535 849 3621 904 καὶ
3676 847 3830 915 αὐτὴν

2192 941 2224 1007 ἡ
2284 940 2440 1019 φήμη
2500 935 2916 1018 συμπεριέλαϐεν
2976 936 3134 1016 ἄνδρα
3190 937 3304 994 τινὰ
3365 937 3538 1016 εἶναι,
3592 937 3693 1003 τὴν
3742 941 3831 1010 μὲν

2189 1027 2380 1095 κλῆσιν
2439 1027 2704 1106 Εὑγένιον,
2765 1029 2856 1083 τὸν
2912 1027 3025 1102 βίον
3080 1026 3132 1082 δὲ
3184 1033 3344 1082 πᾶσιν
3415 1024 3828 1100 ἀξιοθαυμαστον

2193 1118 2258 1173 τὰ
2287 1115 2519 1195 δυσχερῆ
2551 1123 2654 1172 τῶν
2685 1117 3002 1190 νοσημάτων
3059 1117 3292 1196 εὒχερῶς
3352 1113 3568 1170 λύοντα·
3629 1137 3830 1192 παραυ-

2192 1209 2311 1261 τίκα
2339 1206 2507 1262 τᾶλλα
2555 1206 2726 1262 πάντα
2773 1205 3058 1285 σχολάζειν
3111 1205 3305 1282 ἀφεῖσα
3365 1213 3444 1278 τῷ
3506 1204 3834 1282 μοναστηρίῳ

2194 1299 2324 1373 πρὸς
2356 1296 2527 1375 τάχος
2559 1295 2803 1374 ἐπιφοιτᾶ
2834 1298 2919 1351 καὶ
2966 1296 3172 1373 θερμῶς
3206 1297 3434 1351 αἰτεῖται
3475 1295 3571 1362 τῆς
3627 1295 3832 1364 πιεζού-

2195 1391 2294 1451 σῆς
2327 1385 2584 1462 μάστιγος
2642 1386 2741 1450 τὴν
2801 1383 3111 1464 ἐλευθερίαν.
3174 1384 3372 1446 Οἷκτος
3433 1383 3524 1441 οὖν
3586 1382 3831 1458 λαμὸἀνει

2193 1475 2288 1538 τὴν
2323 1476 2595 1551 Εὔγενίαν,
2627 1474 2714 1529 καὶ
2743 1479 2820 1547 τῷ
2850 1473 2984 1551 ἁγίῳ
3030 1474 3225 1540 ταύτην
3258 1472 3420 1531 έλαίω
3469 1473 3644 1550 ἁγίαις
3692 1472 3835 1550 χερσὶ

2197 1563 2570 1641 περιχρίσασα,
2645 1567 2978 1642 παραχρῆμα
3062 1563 3161 1618 τὶν
3241 1564 3528 1619 νυσσποιὸν
3602 1559 3831 1635 ἐξεμέσαι

2193 1649 2326 1718 ὕλην
2381 1664 2550 1725 ποιεῖ,
2611 1653 2698 1708 καὶ
2756 1650 2921 1712 οὕτως
2971 1653 3002 1720 ἡ
3045 1650 3306 1707 Μελανθία
3341 1654 3574 1728 καθαρᾶς
3614 1659 3834 1729 τυχοῦσα

2194 1746 2294 1808 τῆς
2347 1742 2546 1819 ὑγιείας
2607 1740 2820 1797 ἐπάνεσι
2882 1741 2978 1815 μὲν
3040 1739 3331 1819 ὲῤῥωμένη,
3406 1743 3539 1818 πρὸς
3611 1761 3722 1795 τινα
3783 1735 3831 1793 δὲ

2197 1837 2299 1886 τῶν
2354 1831 2549 1896 ταύτης
2609 1829 2786 1908 ἀργῶν
2843 1829 2901 1892 ὅς
2962 1829 3046 1885 καὶ
3102 1835 3170 1904 τῇ
3231 1833 3371 1902 μονῆ
3434 1831 3745 1906 ἑγγειτονῶν
3772 1829 3831 1894 ἦν

2196 1920 2565 1999 παραγίνεται,
2629 1917 2726 1973 καΐ
2797 1919 2910 1993 μετ’
2985 1918 3044 1974 οὒ
3116 1916 3249 1973 πολὺ
3317 1918 3568 1996 ἀργυρίου
3632 1913 3832 1996 φαιδροῦ

2196 2010 2311 2084 τρία
2359 2007 2521 2074 σκεύη
2575 2005 2878 2086 φιλοκάλως
2938 2006 3219 2075 ἀσκήσασα
3269 2005 3474 2080 πέμπει
3506 2005 3572 2080 τῇ
3606 2003 3832 2082 Εὐγενίφ,

2197 2104 2274 2171 τῷ
2331 2096 2591 2174 εὒκτηρίῳ
2640 2093 2794 2163 δῆθεν
2851 2100 2950 2162 τῆς
3007 2095 3172 2170 μονῆς
3227 2093 3330 2170 οἵῳ
3361 2093 3504 2167 δῶρα
3529 2097 3830 2150 καθοσιώσα

2197 2187 2602 2265 εὖχαριστήρια,
2665 2187 2750 2253 Μὴ
2813 2183 3172 2263 προσιεμένης
3233 2182 3288 2239 δὲ
3339 2184 3441 2252 τὴν
3488 2185 3829 2260 προσαγωγὴν

2196 2275 2418 2354 ξέφασκε
2448 2283 2553 2352 γὰρ
2585 2278 2644 2332 οὗ
2691 2273 2942 2342 λυσιτελῆ
3000 2284 3266 2353 μοναχοϊς
3324 2274 3468 2329 εἶναι
3514 2271 3622 2328 οὐδ’
3654 2273 3830 2328 οἰκείαν

2197 2365 2290 2430 τὴν
2323 2373 2413 2422 τοῦ
2443 2363 2666 2442 ἀργύρου
2697 2363 2906 2435 κτῆσιν,
2943 2360 3079 2417 ἀλλὰ
3111 2361 3318 2418 πωλεῖν
3369 2360 3454 2417 δεῖ
3506 2362 3594 2417 καὶ
3651 2361 3826 2424 πένησι

2198 2451 2459 2522 διανέμειν
2512 2453 2547 2519 ἣ
2607 2458 2785 2531 χρεῶν
2839 2449 3017 2514 ἄλλως
3074 2452 3223 2529 βάρει
3273 2449 3659 2528 πιεξομένοις),
3711 2451 3828 2512 αὒτή

2197 2542 2326 2616 πρὸς
2359 2541 2462 2608 τὴν
2487 2542 2736 2615 Εὗγενίαν
2768 2542 3091 2620 φοιτήσασα,
3125 2542 3218 2596 καί
3278 2542 3328 2596 τί
3388 2542 3521 2617 πρὸς
3574 2539 3732 2595 πειθὼ
3756 2536 3822 2610 μὴ

2198 2633 2415 2686 εἰποῦσα
2445 2627 2760 2707 ἥδρςὶσασα,
2821 2631 2984 2686 πείθει
3044 2627 3231 2686 λαϐεῖν
3287 2631 3377 2686 καὶ
3436 2631 3703 2686 ἀναθεῖναι
3749 2625 3826 2681 τὸν

2198 2719 2436 2798 ἅργυρων
2465 2725 2542 2792 τῷ
2573 2726 2705 2792 ναῷ,

2745 2678 2760 2710 θ

473 2822 598 2874 tum
633 2833 751 2874 non
786 2813 1125 2874 admitteret
1178 2810 1440 2890 (dicebat
1471 2810 1628 2872 enim
1685 2829 1802 2872 non
1835 2829 1969 2873 esse
2002 2809 2306 2871 monachis
2354 2807 2587 2881 utilem,
2624 2825 2819 2888 neque
2849 2807 3302 2870 convenientem
3353 2806 3588 2887 argenti
3617 2821 3826 2886 posses-

475 2902 730 2974 sionem,
769 2901 872 2962 sed
931 2918 1060 2962 eam
1095 2918 1226 2962 esse
1285 2899 1680 2964 vendendam.
1716 2907 1774 2961 et
1822 2899 2188 2981 pauperibus
2244 2896 2742 2976 distribuendam,
2774 2904 2874 2958 aut
2904 2896 2978 2958 iis
3026 2897 3127 2975 qui
3159 2896 3386 2978 aliquid
3438 2896 3825 2977 opprimuntur

475 2990 745 3069 pondere
796 2989 1186 3071 debitorum),
1225 2991 1352 3070 ipsa
1383 3008 1514 3051 cum
1547 2990 1806 3051 venisset
1848 2989 1922 3050 ad
1952 2988 2305 3068 Eugeniam,
2344 2995 2402 3048 et
2430 2985 2572 3066 quid
2607 3005 2725 3048 non
2778 2985 3046 3062 dixisset,
3081 2993 3181 3047 aut
3213 2986 3461 3049 fecisset
3487 2986 3560 3048 ad
3607 2998 3827 3065 persua-

473 3078 762 3159 dendum,
795 3079 1118 3157 persuadet
1146 3087 1210 3141 ut
1242 3079 1490 3159 accipiat
1523 3086 1854 3158 argentum,
1895 3087 1953 3140 et
1983 3086 2235 3158 reponat
2263 3077 2324 3138 in
2358 3076 2581 3159 templo
2611 3075 2972 3138 dedicatum.

551 3166 735 3229 XVII.
771 3167 902 3229 Fuit
934 3175 1133 3228 autem
1183 3167 1370 3247 pietas
1413 3167 1643 3228 occasio
1680 3167 2021 3247 impietatis,
2056 3174 2171 3227 etC

471 3275 676 3319 verum
733 3266 825 3317 est
879 3257 938 3317 id
992 3257 1155 3334 quod
1213 3255 1352 3316 olim
1409 3257 1628 3318 dictum
1679 3264 1788 3330 est,
1829 3275 1944 3316 non
1988 3274 2118 3317 esse

471 3346 656 3406 ullam
690 3363 816 3406 rem
851 3346 1022 3406 alteri
1055 3354 1168 3405 tam
1205 3346 1590 3425 propinquam
1622 3363 1796 3424 quam
1847 3350 2118 3406 virtutem

468 3435 610 3496 vitio
641 3456 653 3492 :
705 3445 763 3496 et
811 3452 967 3514 saepe
998 3434 1210 3514 aliquis
1236 3435 1401 3513 juxta
1431 3451 1561 3495 eam
1610 3433 1850 3512 vadens,
1886 3435 2120 3514 impru-

474 3524 622 3586 dens
646 3523 984 3600 ingreditur
1004 3529 1064 3583 in
1092 3528 1484 3584 contrarium.
1508 3522 1672 3594 Quod
1697 3527 1875 3584 etiam
1903 3522 2123 3583 accidit

470 3613 833 3675 Melanthius.
875 3611 1123 3674 Virtutis
1153 3612 1314 3673 enim
1345 3612 1595 3673 fortasse
1627 3611 1986 3673 mediocrem
2010 3630 2118 3672 cu-

470 3720 596 3763 ram
629 3720 866 3782 gerens,
923 3702 1299 3780 imprudens,
1354 3701 1633 3781 quoniam
1689 3710 1948 3762 mentem
2005 3718 2123 3761 non

471 3791 766 3860 adhibuit,
803 3790 875 3852 ad
909 3809 1202 3852 summam
1231 3789 1487 3852 deducta
1515 3790 1626 3851 fuit
1657 3789 2119 3869 improbitatem.

477 3879 612 3942 Jam
647 3879 805 3941 enim
864 3881 1077 3941 effecta
1124 3880 1454 3959 familiaris,
1512 3898 1645 3940 cum
1706 3879 1778 3939 ad
1835 3896 1962 3940 eam
2010 3878 2125 3940 iret

473 3969 734 4042 assidue,
770 3977 828 4030 et
853 3970 1048 4029 virum
1075 3968 1310 4030 videret
1337 3968 1537 4048 specie
1557 3970 1858 4049 juvenem,
1889 3975 1949 4028 et
1975 3967 2125 4028 facie

476 4059 826 4137 formosum,
861 4076 989 4118 eam
1023 4056 1178 4118 subit
1232 4075 1399 4118 amor
1459 4075 1829 4138 nequaquam
1876 4057 2121 4136 quidem

476 4145 787 4208 illiberalis
813 4164 826 4208 :
863 4154 921 4208 et
944 4147 1224 4226 paulatim
1246 4146 1700 4208 demulcebatur
1723 4147 1852 4224 ejus
1882 4155 1938 4206 et
1968 4145 2123 4206 deli-

480 4235 759 4297 niebatur
777 4235 1256 4316 animus,deinde
1271 4237 1445 4296 etiam
1471 4236 1640 4296 valde
1663 4235 2120 4309 accendebatur,

477 4335 541 4385 ut
596 4343 724 4405 quae
784 4325 1147 4386 existimaret
1196 4324 1512 4401 Eugeniam
1567 4342 1638 4384 ne
1670 4341 1845 4401 posse
1880 4325 2122 4404 quidem

481 4429 718 4493 semper
748 4431 882 4474 esse
932 4421 1178 4493 castam,
1211 4413 1313 4475 sed
1373 4430 1566 4492 neque
1601 4412 1791 4473 morbi
1841 4415 2116 4494 populsa-

2207 4419 2442 4491 μαγικῆς
2473 4414 2558 4470 καὶ
2590 4414 2855 4470 ἂντιθέτου
2895 4412 3164 4488 δυνάμεως
3200 4433 3217 4451 ⁶

481 4499 702 4561 tionem
762 4500 976 4560 divinae
1034 4501 1217 4561 fuisse
1271 4500 1495 4578 gratim,
1557 4498 1663 4561 sed
1719 4500 1863 4561 artis
1928 4501 2124 4581 potius

483 4587 746 4665 magicae,
804 4597 862 4648 et
908 4588 1135 4649 inimici
1181 4588 1478 4667 potentim.
1523 4587 1658 4651 ch
1699 4608 1830 4670 qua;
1860 4609 1964 4651 cor
1994 4591 2124 4669 ejus

483 4685 929 4756 occupaverant,
993 4686 1050 4737 et
1103 4678 1422 4740 vehemens
1480 4680 1715 4739 flamma
1773 4680 2014 4754 amoris,
2065 4689 2126 4740 et

482 4766 675 4844 gravis
704 4765 1108 4840 incredulitas,
1145 4768 1524 4848 persuadent,
1558 4778 1619 4828 ut
1651 4769 1837 4830 audax
1896 4769 2124 4830 facinus

484 4854 878 4932 aggrediatur,
914 4863 971 4916 et
1000 4873 1096 4916 res
1127 4859 1503 4918 tenebrarum
1549 4858 1734 4918 libere
1785 4858 2118 4937 eloquatur,

2275 3165 2377 3229 lZ’,
2442 3157 2538 3222 Ἠν
2590 3165 2644 3221 δὲ
2690 3165 2788 3243 ἄρα
2839 3170 2937 3232 τῆς
2968 3163 3209 3230 ἀσεϐείας
3241 3167 3495 3229 ὑπόθεσις
3527 3167 3560 3233 ἡ
3593 3158 3826 3237 εὗσέϐεια,

2201 3257 2286 3313 καὶ
2343 3255 2534 3321 ἀληθὲς
2592 3256 2653 3310 τὸ
2711 3254 2874 3310 πάλαι
2931 3256 3108 3332 ῥηθὲν,
3165 3254 3246 3311 ὕτι
3297 3253 3454 3313 οὒδὲν
3489 3253 3685 3331 ἐγγίζον
3715 3247 3828 3306 ἄλλο

2201 3346 2332 3424 πρὸς
2392 3343 2572 3421 ὅτερον
2625 3346 2697 3405 ὡς
2748 3343 2910 3419 ἀρετὴ
2941 3345 3072 3421 πρὸς
3105 3347 3314 3400 κακίαν
3345 3344 3452 3400 καΐ
3483 3341 3728 3400 πολλάκις
3758 3357 3827 3396 τις

2201 3434 2344 3512 παρὰ
2401 3433 2598 3498 ταύτην
2657 3429 2877 3502 ϐαδίζων
2932 3436 3030 3501 τῆς
3082 3431 3320 3496 ἐναντίας
3383 3431 3562 3489 λαθὼν
3607 3429 3731 3485 εἴσω
3755 3425 3828 3503 γέο

2202 3538 2375 3601 γονεν⁶
2441 3523 2486 3595 ᾧ
2543 3519 2606 3588 δὴ
2661 3523 2748 3577 καὶ
2803 3521 3067 3578 Μελανθία
3137 3522 3551 3594 συμπέπτωκεν.
3625 3517 3824 3596 Ἀρετῆς

2203 3613 2302 3690 γὰρ
2333 3611 2466 3675 ἴσως
2496 3611 2722 3688 μετρίως
2766 3611 3103 3688 φροντίζουσα
3161 3610 3351 3678 λέληθε
3405 3618 3488 3687 τῷ
3548 3611 3622 3685 μὴ
3670 3625 3822 3683 προτ-

2204 3701 2353 3780 ἕχειν
2413 3702 2503 3757 τὸν
2559 3707 2677 3756 νοῦν
2734 3701 2804 3765 εἰς
2855 3697 3014 3779 ἄκρον
3071 3702 3371 3781 μοχθηρίας
3421 3699 3815 3778 παρενεχθετσι,

2205 3788 2346 3856 ’Ἡδη
2379 3791 2478 3868 γὰρ
2510 3788 2738 3855 συνήθης
2770 3804 3025 3867 γεγονυῖα
3059 3794 3151 3846 καί
3188 3795 3430 3870 συνεχῶς
3481 3788 3620 3865 παρὰ
3649 3783 3826 3870 ταύτηήν

2203 3881 2372 3954 ἰοῦσα,
2440 3877 2597 3956 ἄνδρα
2651 3900 2708 3934 τε
2767 3881 2942 3958 ὁρῶσα
2999 3887 3076 3954 τῷ
3133 3878 3440 3958 φαινομένῳ
3485 3878 3723 3948 νεάζοντα
3749 3869 3826 3926 καὶ

2203 3965 2327 4042 ὄψιν
2399 3966 2722 4046 περικαλλῆ,
2796 3967 2924 4045 ἔρως
2987 3969 3150 4036 αὖτὴν
3221 3967 3524 4048 εἰσέρχεται
3599 3961 3826 4048 οὗμενουν

2205 4056 2424 4136 ἀγενὴς,
2455 4057 2541 4112 καὶ
2573 4057 2708 4112 κατὰ
2753 4058 2941 4135 μικρὸν
2998 4056 3240 4135 ἐθέλγετο
3297 4047 3399 4119 τὴν
3453 4055 3654 4134 ψυχήν.
3703 4047 3824 4136 Είτα

2205 4147 2292 4201 καὶ
2316 4135 2547 4224 ἰσχυρῶς
2582 4145 2898 4225 ἀνεφλέγετο
2953 4147 3234 4222 νομίζουσα
3291 4143 3418 4222 μηδ’
3482 4145 3542 4201 ἂν
3597 4135 3824 4218 Εὖγενίαν

2207 4233 2442 4311 ἁγνεύειν
2502 4235 2629 4291 ποτὲ
2692 4234 2960 4315 δύνασθαι,
3022 4235 3157 4292 ἀλλὰ
3217 4235 3348 4311 μηδὲ
3411 4238 3509 4303 τὴν
3569 4237 3662 4296 τῆς
3691 4225 3826 4282 νόσου

2207 4327 2376 4403 φυγὴν
2433 4325 2621 4390 θεῖκῆς
2678 4326 2916 4402 γενέσθαι
2946 4313 3216 4404 νχάριτοςο
3292 4323 3496 4403 τέχνης
3544 4320 3596 4377 δὲ
3643 4313 3824 4404 μᾶλλον

3268 4401 3442 4472 Ταῦτα
3489 4413 3581 4479 τὴν
3633 4401 3825 4480 καρδίαν

2205 4487 2367 4570 ﬁeri};
2425 4503 2720 4583 ἐπισχόντα
2770 4501 2898 4582 φλόξ
2958 4487 3032 4559 τε
3070 4511 3162 4560 τοῦ
3218 4503 3412 4576 ἔρωτος
3478 4497 3698 4583 χαλεπὴν
3747 4487 3823 4545 διιῖ

2205 4594 2422 4648 ἀπιστία
2475 4582 2620 4660 δεινὴ
2674 4595 2905 4652 πείθουσι
2954 4595 3040 4648 καὶ
3097 4595 3238 4667 αὒτῷ
3267 4600 3344 4664 τῷ
3373 4592 3512 4671 ’έργῳ
3546 4582 3822 4671 ἐπιτολμῆ·

2205 4705 2292 4738 σαι
2325 4683 2412 4738 καὶ
2468 4681 2534 4739 τὰ
2572 4691 2662 4741 τοῦ
2717 4683 2938 4746 σκότους
2989 4681 3475 4760 παῤῥησιᾶσασθαι,
3520 4677 3692 4735 Δεινὸν
3736 4667 3822 4746 γὰρ

2205 4771 2290 4827 καὶ
2351 4769 2684 4846 ἰταμώτατον
2735 4770 2893 4850 ἔρως,
2952 4773 3038 4828 καὶ
3109 4773 3212 4851 οὑχ
3287 4771 3454 4834 οὕτως
3525 4765 3664 4824 οὒδὲν
3731 4760 3824 4812 τῶν

2206 4860 2496 4938 ἀνεφίκτων
2526 4860 2554 4915 ὃ
2585 4862 2662 4934 μὴ
2721 4860 2933 4938 ἐφικτὸν
2990 4861 3176 4932 Exsiqu
3228 4859 3378 4917 δοκεῖ
3429 4861 3514 4916 καὶ
3565 4854 3820 4922 ἀνύσιμονο

487 4943 605 5006 Res
637 4943 796 5004 enim
827 4946 1020 5023 gravis
1077 4956 1166 5007 est
1192 4964 1363 5008 amor
1411 4957 1469 5008 et
1499 4947 2040 5028 impudentissima,
2072 4947 2276 5030 Neque
2325 4965 2423 5009 res
2457 4956 2546 5010 est
2576 4949 2697 5010 ulla
2747 4949 2896 5010 adeo
2929 4949 3092 5010 aditu
3139 4948 3419 5030 difﬁcilis,
3452 4947 3522 5010 ad
3577 4955 3740 5024 quam
3767 4945 3824 4991 5°

485 5052 602 5094 non
638 5051 813 5112 posse
847 5035 1160 5112 pervenire
1193 5044 1252 5097 et
1285 5054 1413 5097 eam
1449 5036 1734 5116 consequi
1767 5037 2088 5101 existimet.

561 5120 768 5184 XVIII.
804 5124 950 5184 Cum
996 5123 1192 5206 itaque
1221 5125 1464 5202 degeret
1495 5126 1554 5185 in
1594 5129 1771 5204 agris,
1807 5135 1869 5185 ut
1898 5125 2120 5187 dictum

485 5221 575 5272 est
627 5210 838 5272 vicinis
899 5213 1280 5286 monasterio,
1346 5227 1400 5274 et
1434 5215 1882 5295 perturbatione
1939 5215 2120 5276 animi

489 5299 651 5360 valde
676 5301 927 5376 laboret,
960 5302 1200 5364 simulat
1231 5321 1294 5363 se
1318 5322 1570 5384 corpore
1592 5324 1721 5365 esse
1738 5314 2036 5384 :egrotam,
2068 5316 2124 5368 et

485 5387 824 5448 incredibili
856 5388 1161 5451 celeritate
1192 5393 1448 5452 accersit
1489 5392 1839 5468 Eugeniam,
1891 5413 2006 5454 non
2048 5396 2119 5454 fi-

485 5482 643 5534 ctum
678 5475 834 5536 hunc
867 5477 1136 5537 morbum
1162 5483 1626 5554 curaturam,se.l
1662 5482 1791 5542 veri
1823 5489 1880 5543 et
1905 5483 2122 5544 occulti

491 5561 910 5624 miserabiliter
930 5565 1186 5628 futurum
1205 5569 1578 5650 participem.
1597 5569 1908 5653 Postquam
1925 5581 2118 5634 autem

2296 5124 2406 5185 III’.
2449 5128 2782 5203 Διαιτωμένη
2841 5135 2968 5206 γοῦν
3024 5128 3080 5183 ἐν
3128 5130 3336 5208 ἀγροῖς,
3391 5131 3566 5202 ωσπερ
3597 5118 3820 5196 εἴρηται»

2213 5219 2408 5294 γείτοσι
2441 5217 2535 5284 τῆς
2568 5219 2736 5292 μονῆς
2795 5219 2883 5274 καὶ
2938 5219 3033 5285 τὴν
3093 5220 3277 5299 ψυχὴν
3336 5215 3531 5299 σφόδρα
3586 5210 3820 5299 “vacivo.

2207 5305 2341 5380 μὲνη
2427 5307 2674 5380 σώματος
2744 5307 3011 5364 ἀσθένειαν
3081 5309 3414 5386 ὑποκρίνεται
3483 5304 3568 5361 καὶ
3636 5292 3821 5360 ἀπίστῳ

2205 5396 2361 5473 τάχει
2393 5395 2745 5470 μετεκαλεττο
2778 5397 2875 5463 τὴν
2909 5396 3180 5476 Εόγενίαν,
3238 5397 3296 5454 οὒ
3337 5397 3432 5464 τὴν
3488 5383 3820 5470 προσποίητον

2206 5471 2356 5540 νόσον
2418 5485 2726 5560 ἰασομένην,
2781 5484 2915 5541 ἀλλὰ
2977 5471 3075 5555 τῆς
3148 5485 3404 5562 ἀψευδοῦς
3477 5484 3562 5539 καὶ
3625 5471 3819 5551 κρυφίου

2205 5573 2451 5639 ἐλεεινῶς
2484 5577 2877 5646 γοινωνήσασα.
2945 5576 3092 5634 Ἐπεὶ
3147 5574 3202 5634 δὲ
3257 5577 3344 5636 καὶ
3400 5577 3460 5633 τὸ
3514 5564 3819 5639 ποθούμενον
