4056 6142
359 272 486 338 629

1533 271 2002 334 MARTYRIUM
2047 271 2107 334 S.
2155 271 2536 335 EUGENIE.

3602 265 3722 337 630

356 408 649 486 πρόσωπον
721 403 854 462 εἵσω
909 408 1076 482 θυρῶν
1133 405 1222 478 ἦν,
1291 406 1323 471 ἡ
1382 403 1664 484 Μελανθία,
1724 407 1786 461 τὸ
1837 407 1998 470 πσίθος

2090 423 2155 467 ea
2185 425 2358 488 quam
2395 407 2796 483 desiderabat,
2826 408 3011 470 iacies
3055 406 3165 470 fuit
3191 409 3348 472 intra
3375 407 3555 474 fores.
3586 411 3713 475 Me-

355 496 508 554 ἓνδον
551 496 878 576 φλεγμαῖνον
923 493 1017 550 οὒκ
1055 494 1337 571 ἐνεγκοῦσα
1367 495 1512 556 εύθὺς
1568 493 1627 549 ἐκ
1672 495 1765 550 τοῦ
1819 517 1997 563 πονη-

356 594 457 664 ροῦ
511 592 776 663 θησαυροῦ
830 585 1092 660 πονηροὺς
1135 585 1357 662 προίησι
1419 581 1630 659 λόγους,
1689 586 1780 640 καὶ
1814 591 1999 660 πρῶτα

357 673 465 748 μὲν
519 675 651 749 πρὸς
681 673 906 747 ἄθεσμον
959 671 1202 750 ἠπείγετο
1232 670 1390 746 μίξιν,
1444 673 1497 728 Ei
1547 670 1602 726 δὲ
1633 673 1710 746 μὴ
1763 674 1994 748 βούλοιο,

355 764 548 840 φησὶν,
593 762 730 819 ἀλλὰ
769 765 856 818 καὶ
919 761 1066 836 νόμῳ
1121 761 1296 838 γάμου
1351 759 1592 836 λήψομαί
1649 782 1708 816 σε
1765 763 1998 842 φανερῶς

355 854 436 916 εἷς
484 850 664 928 ἄνδρα,
709 854 796 908 καὶ
848 851 1076 908 πλούτου
1118 850 1292 928 κύριος
1339 849 1436 925 ἔσῃ
1494 848 1717 929 πολλοῦ,
1773 858 1997 930 χρυσοῦ,

355 942 609 1019 ἀργύρου,
661 943 883 1006 ὲσθῆτος
939 936 1286 1015 πολυτελοῦς,
1347 936 1546 1014 ἀγρῶν,
1606 943 1839 1010 κτηνῶν,
1901 937 1998 992 ἆνο

354 1029 651 1108 δραπόδων,
690 1029 806 1103 μεθ’
836 1033 910 1084 ὧν
961 1027 1091 1094 ἔξεις
1142 1025 1280 1101 κάμὲ
1333 1023 1525 1092 δούλην
1579 1025 1692 1081 ἀντ’
1727 1023 1996 1104 ἐλευθέρας
2031 1077 2036 1082 .

357 1120 450 1175 καὶ
479 1119 758 1194 ὁμοτίμου,
811 1119 898 1175 καὶ
941 1117 1134 1175 τούτων
1182 1113 1502 1180 ἀπολαύσεις
1553 1114 1763 1177 πάντως
1812 1117 1990 1192 αύτὸς,

359 1209 471 1265 ἐπεῖ
501 1210 588 1264 καὶ
649 1207 833 1286 ἀνδρὸς
891 1208 1086 1286 ἕρημος
1135 1205 1243 1282 ἐγὼ
1283 1207 1370 1260 καὶ
1402 1203 1600 1260 παίδων
1643 1205 1732 1260 καὶ
1795 1226 1993 1284 συγγε-

359 1305 489 1360 νῶν,
527 1299 610 1359 Εἷς
642 1299 692 1354 τί
715 1299 814 1377 γὰρ
871 1299 957 1354 καὶ
1001 1292 1152 1358 ἄνθος
1195 1295 1441 1370 σώματος
1494 1293 1632 1350 οὕτω
1687 1293 1850 1351 καλὸν
1907 1297 1995 1352 καὶ

357 1387 472 1464 ὥρα
514 1385 788 1464 πάγκαλος
845 1386 1068 1454 ἀσκήσει
1123 1383 1211 1440 καὶ
1275 1381 1453 1445 πόνοις
1482 1382 1754 1456 τηκόμενα
1784 1381 1992 1456 διαμεί-

357 1497 443 1532 ναι
475 1495 494 1552 ;
543 1486 713 1534 Ταῦτα
769 1477 868 1542 τῆς
929 1473 1219 1538 Μελανθίας
1248 1475 1424 1550 θερμῷ
1453 1471 1546 1528 καί
1578 1486 1800 1551 συνεχεῖ
1831 1473 1996 1529 πνεύ-

359 1585 489 1640 ματι
532 1563 798 1632 δεξιούσης
833 1566 868 1631 ἡ
914 1564 1145 1638 μακαρία
1186 1561 1278 1617 καὶ
1325 1560 1438 1617 καθ’
1475 1561 1698 1618 ἕκαστον
1751 1563 1848 1637 μὲν
1892 1565 1998 1619 τῶν

356 1654 663 1732 λεγομένων
721 1654 895 1710 ἔστενε
949 1654 1036 1708 καὶ
1093 1652 1188 1720 τῆς
1233 1650 1511 1714 διαλὲξεως
1561 1650 1758 1730 σφόδρα
1789 1654 1850 1709 τὸ
1895 1651 1999 1728 ἐμ-

2081 496 2310 558 lnnlhia
2325 516 2442 558 non
2475 499 2672 560 ferens
2693 496 2878 559 animi
2901 505 3123 558 motum
3152 498 3312 560 intus
3333 507 3710 582 aestuantem,

2080 586 2278 646 statim
2313 593 2591 664 tanquam
2624 607 2698 647 ex
2754 586 2906 650 malo
2965 587 3242 650 thesauro
3276 587 3460 650 malos
3491 591 3714 669 promit

2081 692 2410 738 sermones.
2443 676 2514 736 Et
2544 674 2799 754 primum
2859 676 3097 754 quidem
3130 675 3203 738 ad
3233 677 3526 740 nefarium
3557 678 3716 741 inci-

2087 762 2244 824 tabat
2265 764 2506 839 coitum,
2540 763 2705 836 Quod
2737 765 2788 826 si
2818 764 3242 845 nolis,-inquit,
3267 773 3324 828 at
3353 785 3463 846 ego
3495 776 3556 830 te
3583 767 3716 847 lege

2089 853 2449 914 matrimonii
2495 853 2682 932 palam
2713 853 2997 934 accipiam
3045 853 3108 916 in
3142 855 3443 930 maritum,
3477 861 3716 934 erisque

2083 941 2584 1003 dominusmulti
2641 943 2789 1016 auri,
2849 943 3101 1022 argenti,
3181 945 3457 1023 pretiosas
3510 943 3712 1022 vestis,

2081 1049 2383 1110 agrorum,
2410 1032 2844 1112 jumentorum,
2864 1031 3294 1112 mancipiorum
3325 1051 3472 1114 :pro
3493 1034 3710 1114 quibus

2083 1137 2177 1181 me
2207 1139 2441 1201 quoque
2471 1120 2719 1182 habebis
2740 1120 3014 1182 ancillam
3038 1139 3146 1202 pro
3187 1121 3396 1202 libera,
3425 1131 3483 1184 et
3513 1123 3620 1185 tibi
3650 1129 3712 1187 in

2079 1209 2306 1269 honore
2337 1208 2570 1288 aequali,
2629 1217 2688 1271 et
2717 1208 2811 1271 his
2845 1209 3122 1272 omnibus
3150 1211 3278 1289 ipse
3302 1211 3540 1274 frueris.
3576 1213 3711 1275 Non

2080 1305 2167 1358 est
2198 1298 2356 1359 enim
2391 1298 2536 1360 mihi
2595 1299 2865 1372 maritus,
2927 1317 3038 1360 nec
3093 1299 3222 1372 ﬁlii,
3284 1318 3396 1362 nec
3449 1301 3710 1380 cognati.

2079 1387 2370 1459 Quorsum
2403 1387 2563 1448 enim
2597 1395 2712 1448 tam
2748 1389 2995 1468 pulcher
3041 1389 3150 1449 llos
3194 1389 3484 1472 corporis,
3516 1399 3577 1452 et
3602 1408 3708 1452 ve-

2079 1475 2424 1538 nustissima
2482 1476 2752 1555 species,
2816 1495 2881 1538 se
2938 1475 3366 1539 exercitatione
3421 1489 3712 1560 perpetua

2081 1563 2356 1626 tabefacit
2413 1571 2471 1626 et
2519 1565 2862 1629 laboribus?
2895 1565 3031 1628 Haec
3061 1584 3196 1628 cum
3229 1569 3349 1628 acri
3399 1575 3457 1629 et
3511 1572 3710 1633 conti-

2081 1653 2246 1715 neuti
2269 1653 2480 1734 spiritu
2502 1663 2972 1734 persequeretur
2986 1655 3501 1730 Melanthia,beata
3518 1657 3716 1738 suspi-

358 1747 520 1804 παθὶς
582 1744 924 1817 ἐμυσάττετο.
973 1742 1134 1806 Τέλος
1183 1739 1234 1797 δὲ
1265 1741 1396 1818 πρὸς
1439 1741 1535 1808 τὴν
1581 1739 1789 1809 πολλὴν
1833 1743 1996 1810 αύτῆς

2090 1743 2247 1805 rabat
2268 1741 2508 1822 quidem
2540 1743 2826 1814 adunum
2872 1745 3149 1826 quodque
3201 1763 3408 1808 eorum
3454 1765 3584 1828 qua)
3611 1747 3711 1808 di-

359 1833 684 1913 ὰὸολεσχίαν
713 1832 1055 1911 ἰλιγγιάσασα
1085 1834 1172 1888 καὶ
1210 1837 1384 1908 κηρῷ,
1418 1831 1478 1886 τὸ
1509 1840 1602 1890 τοῦ
1643 1829 1825 1912 λόγου,
1857 1854 1996 1911 φρα-

358 1921 559 1998 ξαμὲνη
603 1923 671 1979 τὰ
725 1926 858 2000 ὦτα,
918 1924 1014 1978 καί
1075 1920 1210 1997 μηδὲ
1264 1921 1472 1977 ἀκούειν
1530 1919 1606 1976 ἔτι
1665 1920 1998 2001 ἀνεχομένη,

358 2011 644 2092 Ἐπίσχες,
707 2010 978 2085 ἐξεϐόησε,
1061 2011 1233 2088 γύναι,
1323 2009 1562 2088 ἐπίσχες,
1652 2012 1737 2065 καὶ
1793 2011 1998 2088 μακρὰν

357 2109 526 2158 ταῦτα
584 2099 680 2177 ἄγε
722 2100 810 2181 ἀφ’
858 2101 1013 2176 ἡμῶν
1047 2117 1060 2132 °
1123 2099 1278 2155 αὐτὸν
1337 2099 1436 2177 γὰρ
1475 2101 1611 2173 ἡμῖν
1655 2101 1746 2156 τὸν
1787 2101 1866 2154 ἱὸν
1910 2106 2002 2156 τοῦ

359 2189 591 2248 παλαιοῦ
630 2187 909 2261 δράκοντος
984 2188 1273 2250 ἀποπτύεις
1310 2205 1325 2222 ³
1391 2189 1451 2242 οὗ
1508 2188 1852 2264 προησόμεθα
1903 2187 1999 2254 τὴν

361 2279 599 2356 ἁγνείαν,
632 2279 693 2334 0")
753 2280 1038 2357 φθεροῦμεν
1097 2278 1194 2344 τὴν
1247 2277 1550 2354 παρθενίαν,
1587 2280 1666 2351 οὖ,
1707 2283 1837 2336 Geo-3
1886 2281 2001 2352 μῆ-

361 2391 479 2444 τερ,
525 2367 604 2447 ἐφ’
650 2367 712 2434 ἣν
743 2367 850 2444 ἐγὼ
904 2367 1154 2439 πέποιθα,
1187 2367 1274 2423 καὶ
1334 2365 1582 2442 Παρθένε,
1619 2370 1679 2424 οὗ
1736 2367 2002 2442 ψεύσομαι

365 2459 490 2526 τὰς,
521 2456 650 2530 ἐμὰς
678 2458 965 2523 συνθήκας.
997 2457 1094 2520 Εἷς
1127 2457 1263 2530 ἡμῖν
1292 2454 1484 2532 γέμος,
1521 2458 1548 2511 ὁ
1605 2457 1735 2530 πρὸς
1781 2457 2005 2534 Χριστὸν

369 2547 552 2618 πόθος,
587 2545 670 2609 εἷς
702 2543 952 2624 πλοῦτος,
996 2546 1060 2602 τὰ
1091 2544 1144 2599 ὲν
1176 2543 1420 2622 οὐρανοῖς
1469 2545 1660 2623 ἀγαθὰ,
1714 2545 1810 2618 μία
1868 2545 2002 2612 κ.τῆ-

364 2656 473 2715 σις,
508 2636 542 2703 ἡ
575 2641 776 2712 γνῶσις
809 2639 908 2702 τῆς
939 2633 1212 2725 ἀληθείας.

445 2904 552 2966 ιΘ’.
589 2903 799 2961 Τούτων
838 2905 873 2971 ἡ
919 2902 1146 2977 ἄσεμνος
1197 2903 1468 2960 ἀκούσασα
1535 2900 1820 2974 Μελανθία,
1861 2905 2010 2974 θυμῴ

365 3017 417 3050 τε
447 2993 730 3072 ἂποῤῥήτῳ
786 2991 1128 3049 διακαυθεϊσα
1186 2994 1368 3070 (βαρὺς
1427 2993 1528 3070 γὰρ
1565 2991 1819 3068 ὑϐρισθεὶς
1876 2990 2010 3068 ἔρως

363 3085 457 3140 καὶ
503 3081 620 3140 οῦδὲ
679 3084 933 3146 καθεκτὸς
992 3081 1197 3160 ὅλως),
1279 3083 1410 3158 πρὸς
1466 3081 1564 3147 τὴν
1625 3079 2009 3158 Ἀλεξανδρέων

361 3173 583 3252 ἐχώρει,
629 3173 742 3228 λίαν
799 3171 940 3227 δεινὰ
997 3173 1133 3227 κατὰ
1194 3171 1439 3248 Εὑγενίας
1511 3167 1788 3231 ὠδίνουσα.
1874 3173 2008 3226 Εἶτα

369 3263 464 3318 καί
509 3260 756 3339 χαλεπὴν
799 3263 930 3336 αύτῇ
961 3259 1267 3337 συῤῥᾶψασα
1311 3260 1408 3325 τὴν
1469 3256 1742 3330 διαϐολὴν,
1792 3257 2009 3337 ἐφιστα-

369 3373 458 3406 ται
504 3351 578 3424 τῷ
619 3349 840 3430 ἒπάρχνρ
871 3348 1142 3423 Φιλίππῳ,
1191 3347 1358 3422 μηδὲν
1405 3346 1570 3404 εἰδυῖα
1601 3355 1706 3404 τῶν
1749 3350 1884 3404 κατὰ
1913 3348 2011 3414 τὴν

369 3437 644 3517 Εὖγε-ρίαν,
681 3437 808 3514 μήθ’
856 3439 935 3494 ὅτι
993 3439 1172 3515 πατὴρ
1225 3438 1376 3502 οὗτος
1422 3437 1610 3510 α’ἶιτῆς,
1675 3435 1802 3511 μήθ’
1863 3437 2009 3500 ὅπως

359 3529 538 3596 ἐκείνη
587 3527 647 3584 ἐκ
703 3536 956 3606 γυναικός
989 3528 1062 3592 εἷς
1109 3524 1264 3606 ἄνδρα
1322 3532 1384 3583 τὸ
1436 3532 1630 3606 σχῆμα
1673 3525 2014 3600 μεταϐεϐλή-

359 3642 472 3679 κοι.
535 3619 728 3690 Τούτῳ
770 3624 1048 3694 τοιγαροῦν
1093 3617 1352 3672 ἐπιστᾶσα
1417 3621 1648 3690 μέτεισιν
1701 3615 1752 3680 ἐξ
1807 3613 2014 3672 ἀκολα-

360 3710 477 3770 σίας
539 3707 672 3784 πρὸς
727 3707 826 3773 τὴν
881 3707 1227 3784 συκοφαντίαν
1286 3707 1374 3762 καὶ
1435 3716 1758 3782 κατηγορεῖν
1788 3705 2013 3782 ἄρχεται

359 3799 480 3854 λίαι
523 3798 802 3864 γακοῆθως
853 3797 942 3852 καὶ
1000 3801 1268 3871 πονηρῶς,
1323 3795 1542 3858 Νεανίας
1591 3816 1694 3866 τις,
1756 3792 2010 3870 λέγουσα,

357 3889 457 3954 τὴν
502 3887 600 3960 μὲν
659 3885 788 3958 ὄψιν
845 3883 1192 3961 περικαλλὴς.
1254 3885 1342 3940 τὸν
1399 3883 1454 3938 δὲ
1511 3883 1705 3959 τρόπον
1755 3883 1842 3938 καὶ
1892 3881 2010 3938 λίαν

358 3976 584 4052 ἐν²γὴς’
651 3981 979 4052 Χριστανῶν
1059 3975 1355 4050 ὑποκριθεὶς
1446 3969 1727 4028 εὒλάϐειαν
1796 3971 2009 4038 ,εἰσῆλθε

357 4059 494 4143 πρός
539 4086 632 4140 με.
693 4065 825 4120 Μίαν
876 4063 928 4117 δὲ
971 4063 1108 4137 κάμὲ
1166 4069 1271 4118 τῶν
1317 4061 1558 4137 ἂσέμνων
1589 4063 1805 4136 νομίσας
1838 4061 2006 4136 εἶναι,

357 4164 574 4234 πρῶτον
633 4156 730 4230 μὲν
788 4155 1018 4231 ῥήμασιν
1068 4151 1400 4228 ἀπατηλοῖς,
1447 4157 1566 4209 εἶτα
1612 4153 1697 4207 καὶ
1751 4151 1932 4230 χερσὶν
1981 4153 2008 4206 ὁ

357 4244 668 4320 πάντολμος
700 4241 826 4320 προς
871 4245 986 4320 βίαν
1037 4243 1263 4321 ἐχρῆτο,
1310 4242 1405 4298 καί
1451 4240 1504 4296 εἴ
1545 4263 1606 4318 γε
1656 4241 1734 4315 μὴ
1765 4241 2006 4318 γεγωνό-

360 4357 513 4410 τερον
588 4333 840 4401 ἐξεϐόησα
915 4335 1002 4389 καὶ
1063 4332 1248 4397 στῆναι
1319 4333 1414 4398 τὴν
1483 4331 1802 4408 θεράπαιναν
1862 4352 2006 4408 παρ-

360 4425 622 4480 εσκεύασα
681 4423 954 4500 δρομαίαν,
1003 4423 1074 4484 ὡς
1118 4421 1211 4496 μία
1255 4419 1315 4476 ἂν
1363 4421 1446 4476 καὶ
1492 4419 1626 4486 αὕτη
1683 4426 1790 4474 τῶν
1847 4417 2004 4485 ἐξην-

2083 1831 2392 1906 cebantur,
2445 1841 2504 1894 et
2557 1832 2741 1894 animi
2785 1833 3230 1914 perturbatione
3277 1835 3509 1914 plenam
3543 1835 3711 1899 valde

2082 1919 2442 1982 abhorrebat
2467 1921 2818 1985 orationem.
2867 1921 3132 1985 Tandem
3165 1930 3362 1986 autem
3395 1924 3466 1986 ad
3501 1925 3716 1987 multas

2085 2011 2214 2090 ejus
2246 2027 2434 2086 nugas
2465 2010 2747 2091 caligans,
2781 2029 2942 2092 cera,
2974 2023 3041 2074 ut
3095 2011 3335 2087 dicitur,
3367 2031 3542 2077 aures
3571 2013 3714 2076 obs-

2085 2105 2310 2168 truens,
2344 2106 2404 2159 et
2436 2117 2546 2160 nec
2577 2100 2832 2179 amplius
2855 2100 3099 2176 quidem
3129 2100 3337 2162 audire
3365 2103 3667 2166 sustinens
3694 2123 3710 2162 :

2085 2187 2310 2248 Cohibe
2341 2187 2624 2266 linguam,
2659 2207 2694 2249 ο
2728 2189 2962 2260 mulier,
2999 2191 3370 2267 exclamavit,
3400 2192 3636 2273 cohibe,
3661 2199 3722 2254 et

2084 2277 2202 2338 sint
2225 2277 2348 2337 haec
2377 2277 2640 2356 procula
2661 2277 3114 2359 nobisExspuis
3138 2280 3298 2341 enim
3319 2281 3378 2342 in
3403 2299 3510 2344 nos
3529 2281 3722 2360 ipsum

2087 2364 2250 2426 virus
2281 2365 2554 2427 draconis
2585 2367 2822 2428 veteris.
2859 2366 2988 2428 Non
3015 2368 3337 2447 prodemus
3365 2372 3720 2446 castitatem,

2091 2471 2208 2515 non
2234 2473 2684 2534 corrumpemus
2700 2455 3093 2534 virginitatem
3123 2473 3138 2518 :
3175 2475 3316 2533 non,
3351 2477 3385 2519 o
3409 2459 3514 2520 Dei
3543 2458 3727 2520 Mater

2089 2551 2146 2603 et
2181 2543 2378 2622 Virgo,
2414 2547 2473 2603 in
2517 2562 2692 2623 quam
2745 2562 2854 2624 ego
2911 2545 3168 2620 conﬁdo,
3201 2564 3318 2608 non
3365 2547 3560 2608 fallam
3595 2565 3729 2610 mea

2093 2641 2258 2712 pacta
2309 2641 2618 2694 conventa.
2653 2632 2846 2694 Unum
2899 2641 2988 2695 est
3035 2635 3208 2697 nobis
3258 2635 3724 2710 matrimonium,

2090 2721 2305 2784 Christi
2329 2721 2697 2784 desiderium
2727 2741 2742 2798 ;
2767 2723 2960 2784 unicae
2975 2731 3115 2785 sunt
3138 2723 3381 2798 divitiae,
3415 2724 3570 2787 bona
3599 2743 3730 2806 quas

2093 2819 2231 2871 sunt
2253 2814 2310 2872 in
2325 2810 2543 2888 caelis;
2574 2811 2750 2872 unica
2784 2811 3106 2890 possessio,
3140 2811 3406 2890 cognitio
3435 2813 3726 2876 veritatis.

2171 2899 2330 2963 XIX.
2363 2899 2499 2962 Haec
2543 2919 2676 2962 cum
2708 2901 3026 2964 inhonesta
3073 2901 3360 2964 audiisset
3385 2902 3728 2978 Melanthia,

2093 2989 2203 3068 ira,
2233 3008 2364 3070 qua!
2394 2990 2508 3051 dici
2543 3007 2660 3051 non
2691 2997 2910 3070 potest,
2937 2989 3182 3051 incensa
3206 2991 3326 3068 (est
3353 2991 3512 3052 enim
3543 2993 3732 3071 gravis

2090 3097 2280 3152 amor,
2311 3089 2368 3139 et
2393 3079 2492 3158 qui
2512 3097 2630 3140 non
2655 3085 2850 3159 potest
2873 3078 3115 3140 omnino
3148 3079 3440 3162 cohiberi)
3475 3081 3736 3161 profecta

2093 3177 2184 3229 est
2213 3166 2832 3241 Alexandriam,valde
2863 3167 3059 3247 gravia
3090 3168 3425 3249 parturiens
3450 3169 3734 3232 adversus

2095 3257 2442 3336 Eugeniam.
2479 3257 2706 3318 Deinde
2760 3275 2896 3319 cum
2957 3257 3138 3318 etiam
3170 3256 3413 3320 difﬁcile
3441 3278 3472 3317 ιι
3508 3258 3567 3320 in
3599 3277 3731 3321 eam

2095 3347 2376 3408 stuxisset
2398 3346 2784 3420 calumniam,
2813 3345 2973 3408 venit
3001 3346 3070 3409 ad
3106 3346 3448 3427 praefectum
3495 3347 3728 3429 Philip.

2096 3435 2419 3516 pum,nihil
2451 3435 2646 3498 sciens
2680 3454 2749 3497 ex
2782 3435 2853 3496 iis
2885 3454 3014 3515 qua:
3046 3435 3102 3497 ei
3134 3445 3453 3497 evenerant
3489 3455 3504 3498 :
3541 3455 3736 3518 neque

2096 3524 2254 3605 quod
2282 3525 2332 3585 is
2354 3531 2513 3586 esset
2538 3532 2702 3604 pater
2729 3523 3032 3602 Eugeniae,
3061 3541 3254 3602 neque
3283 3525 3442 3600 quod
3476 3523 3576 3585 illa
3605 3544 3740 3587 mu-

2098 3622 2280 3673 tasset
2303 3611 2568 3674 habitum
2597 3611 2950 3673 muliebrem
2972 3611 3034 3672 in
3058 3611 3410 3674 virilem.Ad
3435 3630 3572 3672 eum
3592 3629 3733 3690 ergo

2095 3699 2502 3780 accedens,ab
2533 3700 2999 3780 intemperantia
3028 3699 3240 3761 transit
3259 3699 3332 3760 ad
3351 3699 3734 3775 calumniam,

2099 3799 2159 3851 et
2190 3807 2317 3850 eam
2353 3789 2561 3868 incipit
2593 3807 2878 3850 accusare
2903 3788 3224 3850 admodum
3258 3787 3514 3864 maligne
3543 3795 3600 3850 et
3629 3795 3742 3850 lm-

2100 3878 2305 3956 probe,
2339 3879 2548 3939 dicens
2581 3895 2594 3937 :
2631 3876 2882 3949 Quidam
2912 3877 3284 3957 adolescens,
3315 3876 3466 3938 facie
3493 3877 3734 3958 quidem

2093 3968 2416 4043 formosus,
2450 3967 2554 4027 sed
2584 3965 2854 4027 moribus
2885 3966 3054 4029 valde
3086 3965 3430 4040 sceleratus,
3459 3966 3736 4030 Christia-

2097 4075 2304 4116 norum
2339 4055 2623 4116 simulans
2657 4055 2960 4136 pietatem,
3000 4055 3072 4116 ad
3107 4073 3204 4118 me
3253 4063 3345 4118 est
3388 4055 3730 4135 ingressus:

2097 4156 2151 4207 et
2182 4164 2314 4206 cum
2343 4163 2435 4205 me
2467 4144 2724 4224 aliquam
2787 4153 3050 4222 putasset
3101 4163 3234 4206 esse
3285 4145 3644 4225 impudicam
3681 4153 3740 4208 et

2093 4235 2494 4307 inhonestam,
2533 4235 2787 4314 primum
2849 4232 3088 4313 quidem
3140 4233 3339 4295 verbis
3395 4233 3728 4310 fallacibus,

2091 4325 2309 4385 deinde
2333 4325 2508 4385 etiam
2541 4323 2813 4383 manibus
2832 4323 2905 4382 ad
2927 4323 3044 4383 vim
3067 4340 3212 4383 usus
3234 4330 3323 4382 est
3346 4323 3437 4382 vir
3459 4321 3726 4384 audacis-

2093 4415 2303 4488 simus,
2334 4422 2392 4474 et
2423 4412 2536 4472 nisi
2568 4411 2744 4472 altius
2775 4412 3284 4484 exclamassem,et
3308 4417 3372 4469 ut
3395 4419 3734 4473 accurreret

357 4511 794 4592 δραποδισμένων
879 4511 1222 4587 ἐμιαινόμην,
1309 4507 1486 4571 Οῦτως
1562 4509 1594 4575 ἡ
1656 4505 1874 4574 ἀναιδὴς
1947 4507 2003 4562 τὸ

2094 4503 2332 4582 ancilla,
2369 4502 2728 4576 eliecissem,
2759 4519 2867 4579 ego
2927 4508 3203 4579 tanquam
3261 4498 3486 4579 captiva
3536 4498 3733 4579 aliqua

357 4603 570 4668 ἒκείνης
633 4609 796 4676 μῦσος
854 4608 922 4678 τῇ
1000 4604 1201 4676 καθαρᾷ
1270 4598 1578 4676 περιάπτειν
1637 4596 1860 4675 ἐτόλμα,
1923 4590 2007 4652 καὶ

363 4695 498 4768 ἅπερ
565 4692 696 4758 αὒτή
773 4690 978 4768 δράσειε
1053 4693 1243 4745 παθεῖν
1318 4687 1518 4762 μᾶλλον
1603 4699 2003 4764 προσεποιεῖτο,

360 4789 538 4838 Ταῦτα
583 4783 722 4836 οὒτω
775 4779 997 4856 ῥηθέντα
1043 4779 1291 4851 ἐξέμηνεν
1347 4780 1579 4856 ἰσχυρῶς
1625 4778 1714 4831 τὸν
1768 4775 2006 4854 ἔπαρχον

361 4872 450 4927 καὶ
481 4869 721 4944 δεσμίους
771 4869 986 4945 ἄγεσθαι
1017 4868 1142 4942 παρ’
1189 4868 1342 4923 αὖτὸν
1399 4865 1637 4921 ἐκέλευεν
1681 4866 1774 4920 οὒκ
1836 4870 2004 4939 Εὖγεοι

361 4961 476 5015 νίαν
534 4960 716 5033 μόνον,
775 4958 910 5013 ἄλλα
967 4959 1054 5012 καὶ
1099 4957 1299 5018 πάντας
1343 4955 1454 5029 ἅμα
1511 4955 1632 5017 τοὺς
1692 4955 1782 5010 σὺν
1845 4953 2000 5019 ανῖιτῇ.

361 5049 590 5112 Τούτους
650 5047 747 5121 μὲν
805 5049 894 5102 οῦν
957 5047 1092 5103 κατὰ
1150 5047 1210 5100 τὸ
1267 5043 1540 5100 κελευσθὲν
1618 5043 1876 5122 ἀχθέντας
1953 5044 2004 5097 αἱ

363 5139 581 5218 φρουραὶ
611 5135 771 5192 ἄλλον
804 5133 944 5202 ἄλλη
988 5134 1363 5210 διεμερίζοντο.
1395 5133 1569 5213 ’ῼήθη
1615 5133 1714 5210 γὰρ
1765 5134 1792 5188 ὁ
1838 5130 2000 5204 ἔπαρ-

362 5248 466 5306 χος
525 5227 602 5300 μὴ
664 5223 725 5280 ἄν
791 5245 920 5280 ποτε
977 5233 1191 5282 τοιαῦτα
1262 5221 1637 5298 διαψεύσασθαι
1711 5219 2003 5276 Μελανθίαν

360 5327 592 5390 γυναῖκα
624 5312 758 5370 οὕτω
813 5335 871 5369 τε
930 5315 1117 5392 εὖγενῆ
1165 5313 1249 5369 καὶ
1295 5311 1510 5384 πλούτῳ
1552 5311 1638 5367 καὶ
1670 5309 1794 5386 δόξῃ
1845 5331 2002 5386 περι-

361 5407 542 5486 φανῶς
589 5403 842 5482 ἔχουσαν,
880 5405 972 5460 οὒκ
1031 5403 1178 5466 εἰδὼς
1238 5400 1316 5457 ὅτι
1374 5401 1602 5457 πλούτου
1638 5401 1726 5456 καὶ
1783 5420 2008 5478 περιφα-

361 5496 504 5556 νείας
553 5493 892 5571 ἰσχυρότερον
948 5497 1132 5572 ψυχῆς
1193 5493 1383 5552 πάθος.
1417 5499 1701 5569 Τοιγαροῦν
1757 5493 1804 5545 οἱ
1851 5487 2002 5544 δικά-

361 5591 542 5660 ζοντες
589 5582 782 5646 πάντες
842 5591 1030 5660 μικροῦ
1099 5587 1203 5638 τῶν
1245 5580 1409 5660 ἁγίων
1453 5579 1659 5657 ἐρήμην
1705 5581 2005 5657 κατεψηφί-

2097 4591 2320 4670 polluta
2350 4591 2662 4651 essem.lta
2684 4589 3003 4668 impudens
3029 4587 3242 4649 mulier
3256 4587 3340 4647 illi
3367 4605 3529 4666 purae
3551 4587 3734 4648 aude-

2093 4681 2190 4741 bat
2222 4698 2392 4740 suum
2444 4677 2744 4739 ascribere
2799 4679 3107 4756 ﬂagitium.
3154 4675 3295 4738 Haec
3325 4675 3412 4736 sic
3441 4674 3598 4736 dicta
3652 4675 3727 4737 ad

2092 4771 2349 4831 furorem
2377 4765 2543 4828 valde
2597 4769 2968 4827 concitarunt
3020 4765 3385 4846 praefectum,
3417 4772 3473 4824 et
3504 4765 3727 4825 vinctos

2090 4858 2159 4918 ad
2193 4878 2256 4919 se
2282 4857 2460 4936 jussit
2491 4855 2729 4933 adduci,
2787 4873 2906 4914 non
2961 4853 3154 4915 solum
3207 4851 3556 4932 Eugeniam,
3615 4851 3722 4912 sed

2089 4947 2266 5008 etiam
2301 4963 2510 5005 omnes
2543 4943 2743 5022 simul,
2780 4941 2882 5022 qui
2909 4960 3043 5003 cum
3075 4959 3145 5002 ea
3175 4949 3364 5002 erant.
3399 4941 3596 5018 Atque
3617 4956 3723 5001 eos

2088 5035 2355 5109 quidem,
2389 5039 2452 5092 ut
2477 5033 2710 5110 jussum
2743 5029 2956 5104 fuerat,
3011 5029 3318 5100 adductos,
3369 5026 3547 5088 alium
3580 5026 3721 5088 alibi

2086 5124 2334 5183 diversa:
2359 5121 2640 5184 tenebant
2665 5113 3359 5180 custodiae.Existimabat
3383 5114 3538 5175 enim
3563 5133 3718 5194 prae-

2088 5215 2274 5274 fectus
2305 5228 2605 5289 mmquam
2662 5207 2798 5269 talia
2845 5207 3228 5268 conﬁcturam
3279 5201 3464 5264 fuisse
3491 5201 3718 5266 Melan~

2091 5299 2614 5376 thiam,mu.|ierem
2641 5297 2788 5359 adeo
2811 5292 3432 5374 nobilem,opibusque
3453 5303 3513 5352 et
3532 5293 3720 5372 gloria

2088 5393 2379 5470 insignem
2420 5411 2434 5452 :
2469 5388 2742 5450 nesciens
2773 5386 3109 5449 divitiarum
3167 5392 3225 5444 et
3271 5381 3556 5444 claritatis
3585 5399 3718 5447 esse

2089 5479 2594 5546 vehementiorem
2651 5475 2833 5539 animi
2893 5471 3420 5555 perturbationem,
3480 5480 3538 5532 et
3587 5493 3718 5554 quas

2090 5580 2282 5658 potest
2337 5569 2718 5654 persuadere,
2783 5567 2886 5629 illa
2940 5563 3182 5646 quidem
3216 5575 3389 5649 parva
3417 5567 3712 5644 reputare,
