4020 6142
247 269 354 339 633

1428 277 1899 342 MARTYRIUM
1945 274 2007 338 S.
2056 272 2439 337 EUGENLE.

3501 262 3615 332 634

247 404 621 484 δέηθῆσὸμεθα
680 404 857 489 λόγων
915 407 1024 467 οὐδ’
1093 409 1429 490 ἀντιθέσεων,
1478 409 1596 466 ἀλλ’
1654 410 1779 466 αὗτὸ
1823 407 1889 477 δὴ

1982 407 2096 470 lum
2131 407 2270 471 mihi
2302 408 2435 470 dato
2467 406 2616 469 fides
2647 405 2747 468 ﬁat
2792 401 3211 487 jurejurando,
3241 419 3437 481 neque
3465 419 3621 482 opus

246 493 399 563 δείξει
449 499 515 554 τὸ
545 504 770 578 πρᾶγμα
832 505 1039 580 σαφῶς,
1067 500 1159 558 καὶ
1212 500 1257 556 οἱ
1288 497 1375 557 σοῖ
1447 500 1612 556 ὁᾶστα
1643 498 1895 557 δικάσου-

246 608 327 645 σιν
354 586 645 666 ὀγθαλμοί.

332 755 465 829 ΚΒ’.
534 767 690 825 Οὕτω
733 769 950 826 εἰποῦσα
992 768 1123 847 πρὸς
1179 769 1276 836 τὴν
1320 766 1613 824 Μελανθίαν
1666 765 1897 839 ἰδιαζόν-

247 879 379 932 τως,
426 856 592 937 ἔτυχε
623 858 723 936 γὰρ
765 858 882 915 ἐκεῖ
910 858 998 915 καὶ
1055 859 1188 925 αὖτὴ
1233 864 1490 939 παροῦσα,
1526 857 1585 916 Εἰ
1614 858 1700 913 καὶ
1757 857 1897 913 πάν-

247 969 365 1018 τας,
398 946 530 1027 ἔφη,
576 946 762 1004 λαθεῖν
807 945 1048 1026 δυνατὸν,
1113 946 1249 1004 ἀλλά
1306 948 1366 1004 τό
1418 968 1478 1026 γε
1535 948 1626 1004 σὸν
1670 945 1900 1011 συνειδὸς

247 1037 464 1096 πάντως
533 1038 593 1093 οὗ
647 1035 826 1107 λήσει,
879 1039 968 1105 Μὴ
1039 1038 1210 1097 τοίνυν
1261 1038 1348 1094 καὶ
1404 1037 1631 1104 σεαυτὴν
1686 1035 1900 1114 ἀγνοεῖν

245 1122 431 1202 δόξῃς,
465 1128 561 1182 καὶ
618 1124 905 1206 ὀφθαλμῶν
962 1126 1113 1183 θείων
1176 1127 1538 1205 ὀλιγωρήσῃς,
1599 1133 1660 1184 οὖ
1727 1125 1898 1183 πάντα

244 1236 304 1272 τε
363 1215 528 1294 δρῶσι
559 1217 647 1272 καὶ
702 1218 1053 1296 συκοφαντίαν
1098 1214 1313 1279 ἒνδίοιως
1364 1215 1700 1286 κολάζουσιν,
1747 1212 1898 1273 Ἐπεὶ

245 1302 302 1360 δὲ
362 1301 511 1362 οὐδὲν
569 1304 730 1373 ἧττον
775 1303 949 1372 ἐκείνη
1010 1303 1275 1362 Μελανθία
1334 1304 1424 1385 ἦν,
1459 1301 1564 1363 οὐδ’
1620 1305 1755 1383 ὑφίει
1796 1309 1896 1371 τῆς

245 1390 543 1467 ἆναιδείᾶς,
576 1393 718 1459 εὒθὺς
778 1392 986 1450 ἐκέλευε
1041 1399 1376 1473 παραστῆναι
1427 1398 1524 1461 τῆν
1581 1393 1894 1470 θεράπαιναν

243 1482 311 1551 ἢν
370 1484 407 1551 ἡ
441 1481 705 1540 Μελανθία
754 1484 990 1561 μάρτυρα
1047 1481 1149 1563 ἔφη
1207 1485 1305 1549 τῆς
1352 1482 1491 1560 βίας.
1556 1479 1799 1538 Ἐκέλευε
1843 1478 1898 1537 δὲ

243 1571 545 1629 καλεῖσθαι
590 1576 693 1652 οὐχ
738 1574 811 1636 ὠς
868 1571 1075 1638 τάληθῆ
1126 1574 1583 1651 μαρτυρήσουσαν,
1621 1571 1757 1652 (πῶς
1798 1569 1898 1649 γάρ

244 1664 308 1718 ἃν
369 1663 408 1731 ἦ
485 1660 645 1729 δούλη
695 1664 824 1740 πρὸς
882 1662 979 1729 τὴν
1039 1660 1318 1718 δέσποιναν
1373 1660 1624 1718 ἀντετίθει
1660 1660 1709 1741 ς)
1776 1658 1896 1717 ἀλλ’

244 1752 386 1809 ὥστε
439 1753 498 1808 τὸ
530 1750 721 1827 ψεῦδος
767 1751 828 1807 ἐκ
882 1750 1082 1809 πολλοῦ
1130 1750 1507 1831 διεγεγχθῆναι
1544 1759 1632 1809 τοῦ
1681 1749 1895 1830 περιόν-

244 1864 368 1921 τος,
415 1842 502 1897 καὶ
552 1840 847 1897 Μελανθίαν
901 1843 1129 1921 ὀφθῆναι
1189 1846 1292 1920 οὐχ
1334 1838 1479 1903 ὅπως
1536 1841 1704 1917 μόνην
1763 1838 1897 1895 ἀλλὰ

243 1931 336 1988 καὶ
409 1930 530 2006 μεθ’
587 1929 780 2009 ἐτέρων
841 1929 1103 2005 ἑλομένην
1144 1942 1516 2010 συκοφαντεῖν.
1579 1934 1897 2008 Παραστᾶσα

244 2019 336 2076 οὖν
378 2020 416 2088 ἡ
476 2020 770 2098 θεράπαινα
829 2020 918 2074 καὶ
974 2025 1040 2097 τῇ
1100 2017 1347 2093 δεσποίνῃ
1401 2020 1704 2098 χαρίζεσθαι
1764 2019 1895 2094 βου-

246 2108 482 2185 λομένη,
517 2106 705 2184 ψεῦδος
736 2111 813 2183 τῷ
846 2107 1022 2185 ψεύδει
1055 2111 1305 2187 συνείρειν
1351 2110 1445 2165 οὒκ
1482 2109 1696 2184 ἀμαθῶς
1741 2107 1893 2186 εἶχε,

248 2197 427 2278 Κάμὲ,
487 2196 738 2276 λέγονσα,
805 2200 833 2253 ὃ
888 2200 1075 2278 μιαρὸς
1144 2199 1317 2255 οὑτοσὶ
1373 2197 1632 2259 πολλάκις
1693 2196 1894 2271 ἐπείρα.

247 2287 369 2345 Εἴθ’
418 2289 455 2355 ἡ
485 2288 714 2357 συνήθης
770 2285 1029 2343 ἀκολασία
1059 2289 1147 2344 καὶ
1190 2287 1323 2364 αὒτῇ
1352 2287 1674 2353 ἐπιπανῆναι
1705 2286 1895 2352 ἐποίη-

249 2397 314 2431 σε
367 2382 441 2452 τῇ
470 2374 744 2453 δεσποίνῃ,
792 2377 828 2451 ᾖ
859 2376 935 2452 μὴ
967 2375 1266 2453 βουλομένῃ
1308 2378 1424 2454 βίαν
1480 2378 1680 2454 ἐπῆγεν
1707 2374 1805 2440 ἕως
1861 2376 1895 2442 ἡ

257 2463 359 2539 μὲν
419 2465 490 2527 ὣς
523 2465 673 2544 εἶχεν
705 2463 1023 2543 ἀνέκραγεν*
1070 2465 1177 2543 ἐγώ
1204 2463 1258 2520 δὲ
1301 2465 1560 2522 ἐπιστᾶσα
1588 2465 1676 2521 καὶ
1733 2462 1898 2527 ἄλλας

255 2552 736 2629 μετακαλεσαμένη
824 2554 930 2610 τῶν
990 2552 1317 2632 ὁμοδούλων,
1379 2555 1534 2626 μόλις
1594 2553 1752 2610 αὐτὸν
1807 2559 1899 2609 τοῦ

250 2645 479 2723 αἰσχροῦ
523 2642 825 2724 ἐπέσχομεν
879 2642 1303 2724 ἐγχειρήματος,
1334 2645 1391 2700 αἳ
1424 2645 1509 2701 καὶ
1562 2641 1897 2720 βουλομένων

244 2733 421 2807 ὑμῶν,
483 2733 529 2789 εἰ
586 2731 1002 2812 μεταγληθεϊεν,
1067 2735 1274 2789 εἴσεσθε
1344 2734 1491 2796 ὃπως
1551 2746 1670 2796 τοῖς
1741 2733 1897 2808 ἐμοῖς

246 2821 460 2880 ἔσονται
492 2820 805 2894 συνᾴδουσαι
844 2821 1051 2899 λόγοις,
1112 2822 1242 2880 Τότε
1289 2824 1316 2877 ὁ
1371 2822 1468 2896 μὲν
1499 2820 1740 2899 ἄπαρχὸς
1798 2844 1895 2876 πι-

1980 496 2334 560 habebimus
2367 496 2504 558 ullis
2532 493 2924 568 orationibus,
2958 511 3150 575 neque
3195 490 3620 555 contradictio-

1980 585 2179 662 nibus,
2216 585 2319 651 scd
2373 604 2471 648 res
2501 586 2629 667 ipsa
2678 591 2884 667 aperte
2914 580 3208 657 ostendet,
3240 588 3298 644 et
3342 578 3622 643 facillima

1982 675 2064 736 tui
2092 675 2449 754 judicabant
2478 675 2659 738 oculi.

2058 763 2288 827 XXV".
2329 765 2470 830 Cum
2500 770 2585 826 sic
2615 764 2886 845 dixisset,
2912 780 3179 825 seorsum
3210 760 3363 824 dixit
3392 757 3621 821 Melan-

1981 852 2122 915 thiae
2154 864 2308 929 (nam
2368 854 2469 916 illa
2503 872 2740 936 quoque
2771 872 3030 935 praesens
3086 851 3355 932 aderat):
3390 848 3622 913 Etiam-

1984 946 2032 1003 si
2083 942 2212 1004 fieri
2271 944 2479 1024 possit,
2533 955 2599 1005 ut
2657 962 2863 1005 omnes
2908 944 3109 1017 lateat,
3175 950 3234 1003 at
3285 949 3441 1003 tuam
3500 956 3621 1001 non

1985 1030 2190 1093 latebit
2239 1035 2482 1094 omnino
2532 1032 2976 1095 conscientiam.
3033 1031 3119 1095 Ne
3169 1049 3309 1110 ergo
3367 1028 3616 1112 teipsam

1982 1120 2235 1183 videaris
2294 1123 2591 1202 ignorare,
2646 1131 2703 1185 et
2759 1122 2990 1184 divinos
3046 1120 3337 1204 despicias
3385 1119 3614 1192 oculos,

1979 1210 2082 1288 qui
2132 1209 2330 1272 omnia
2361 1211 2583 1294 vident,
2618 1221 2676 1274 et
2726 1213 2889 1292 juste
2922 1211 3175 1293 puniunt
3231 1210 3614 1273 calumniam.

1978 1300 2125 1361 Cum
2180 1319 2323 1361 vero
2381 1302 2526 1363 nihil
2577 1302 2822 1364 cederet
2888 1300 3238 1383 Melanthia,
3297 1318 3490 1380 neque
3542 1298 3617 1360 de

1977 1388 2347 1470 impudentia
2378 1390 2596 1473 aliquid
2648 1397 3000 1465 remitteret,
3027 1390 3199 1472 jubet
3249 1390 3438 1452 statim
3473 1407 3616 1469 pro-

1978 1477 2115 1539 duci
2170 1477 2474 1552 ancillam,
2529 1498 2708 1561 quam
2770 1480 3007 1542 dicebat
3063 1478 3378 1542 Melanthia
3435 1478 3619 1541 fuisse

1978 1575 2191 1629 testem
2253 1569 2550 1631 violentia:
2633 1569 2816 1632 .lussit
2871 1579 3068 1632 autem
3124 1567 3495 1649 voeari,non
3555 1576 3620 1629 ut

1979 1675 2115 1734 quin
2148 1676 2283 1721 vera
2316 1667 2472 1720 esset
2505 1660 2909 1736 testiﬁcatura,
2947 1659 3269 1741 (quomodo
3315 1658 3474 1721 enim
3506 1675 3617 1718 an-

1919 1747 2113 1823 Bcilla
2162 1748 2481 1811 restitisset
2546 1749 2806 1811 dominae
2838 1748 2880 1819 ?;
2945 1748 3046 1810 sed
3106 1757 3169 1810 ut
3216 1747 3616 1811 abundantius

1977 1835 2190 1897 falsum
2215 1839 2761 1918 convinceretur,et
2790 1847 3140 1900 cerneretur
3159 1836 3476 1901 Melanthia
3498 1853 3616 1896 non

1978 1925 2126 2006 sola,
2160 1926 2264 1988 sed
2324 1946 2457 1988 cum
2490 1927 2624 1990 aliis
2670 1927 2999 1990 instituisse
3032 1926 3405 1990 calumniari.
3468 1927 3616 1988 Cum

1980 2014 2262 2095 producta
2324 2024 2483 2078 esset
2533 2035 2673 2095 ergo
2726 2017 2964 2092 ancilla,
3000 2025 3058 2079 et
3105 2017 3308 2078 volens
3362 2015 3619 2077 dominae

1979 2103 2326 2181 gratiﬁcari,
2363 2124 2481 2166 non
2541 2106 2816 2186 imperite
2875 2105 3247 2167 mendacium
3308 2104 3618 2166 mendacio

1981 2200 2359 2256 contexeret:
2395 2194 2507 2274 Me,
2543 2193 2771 2264 dicens.
2793 2195 3121 2257 sceleratus
3149 2194 3263 2256 iste
3295 2211 3456 2274 saepe
3484 2203 3619 2256 ten-
3728 2216 3739 2225 ν

1980 2281 2139 2345 tavit.
2166 2280 2396 2345 Deinde
2421 2290 2705 2345 consueta
2733 2283 3198 2364 intemperantia
3215 2283 3269 2345 ei
3298 2282 3615 2364 persuasit,

1978 2370 2124 2430 utin
2153 2372 2336 2451 ipsam
2371 2390 2608 2454 quoque
2633 2372 2861 2433 fureret
2890 2371 3188 2433 dominam
3224 2389 3238 2435 :
3276 2371 3370 2434 cui
3394 2371 3619 2433 nolenti

1984 2460 2095 2520 vim
2130 2459 2438 2536 afferebat,
2474 2460 2666 2522 donec
2693 2460 2794 2522 illa
2823 2459 3062 2542 quidem
3093 2458 3438 2522 exclamavit
3466 2479 3479 2522 :
3508 2479 3617 2539 ego

1983 2559 2176 2611 autem
2208 2568 2342 2611 cum
2376 2550 2789 2625 accessissem,
2823 2558 2882 2611 et
2909 2549 3056 2612 alias
3087 2567 3423 2611 evocassem
3468 2566 3619 2611 con-

1980 2656 2204 2713 servas,
2251 2658 2284 2700 a
2339 2640 2494 2719 turpi
2557 2647 2769 2701 ccnatu
2835 2639 2926 2700 vix
2979 2657 3113 2700 eum
3175 2637 3612 2719 prohibuimus.

1983 2726 2138 2799 Quas
2170 2729 2216 2790 si
2245 2727 2436 2790 velitis
2469 2746 2779 2789 accersere
2833 2727 3034 2789 scietis
3060 2746 3236 2807 quam
3271 2726 3519 2808 pulchre
3548 2726 3620 2788 iis

1981 2835 2112 2896 quae
2141 2836 2174 2877 a
2226 2835 2318 2877 me
2378 2816 2679 2891 dicuntur,
2714 2816 3053 2879 concinant.
3087 2816 3253 2878 Tunc
3307 2816 3620 2897 praefectus

246 2911 479 2989 κρότατα
551 2908 925 2991 διαταραχθεὶς
970 2908 1177 2989 ὕϐρεσιν
1227 2909 1414 2967 ἔϐαλλε
1467 2911 1564 2978 τὴν
1624 2910 1893 2988 Εὖγενίαν,

1982 2903 2223 2984 quidem
2248 2904 2639 2967 acerbissime
2668 2905 3079 2988 conturbatus,
3103 2903 3335 2985 probris
3364 2915 3618 2985 appete-

250 3002 345 3055 καὶ
393 2997 549 3068 δῆλος
579 3022 648 3066 ην
692 3001 780 3057 καὶ
810 3001 895 3057 ἐπὶ
947 3001 1043 3064 τὰς
1089 3000 1348 3076 βασάνους
1391 2997 1493 3066 ἤδη
1543 2998 1794 3077 ὁρμήσων
1824 3000 1896 3058 ὡς

1982 2992 2079 3054 bat
2129 2993 2481 3070 Eugeniam,
2518 3002 2577 3057 et
2597 2995 2722 3074 jam
2783 3003 2987 3075 aperte
3018 2993 3363 3057 ostendebat
3393 3013 3459 3055 se
3489 3012 3623 3056 esse

248 3086 453 3153 οὐδενὸς
514 3088 591 3145 ἔτι
650 3087 970 3163 λειπομένου
1024 3090 1154 3161 πρὸς
1211 3087 1463 3168 ἔλεγχον.
1513 3079 1571 3144 Ἠ
1636 3086 1691 3143 δὲ
1738 3086 1896 3167 (ἀλλὰ

1984 3089 2401 3162 prorupturum
2438 3084 2506 3144 ad
2566 3091 2879 3160 tormenta,
2913 3090 3117 3164 utpote
3146 3082 3305 3160 quod
3339 3082 3485 3144 nihil
3517 3101 3615 3145 re-

250 3178 603 3252 προσεκτέον·
636 3146 819 3247 ἡδεῖα.
841 3179 939 3257 γὰρ
969 3146 1097 3256 πρδς
1154 3146 1383 3245 ἆκοὴνυξλ
1440 3146 1896 3254 διήγησις),ὶΚαι-

1982 3146 2256 3233 ἐπίνοι’οά
2288 3190 2416 3234 eam
2443 3146 2930 3235 convincendam.
2964 3146 3226 3235 lilavei'o
3258 3172 3379 3246 (sed
3410 3180 3497 3233 est
3526 3179 3619 3234 at-

245 3268 363 3343 ρὸς,
410 3266 657 3347 εἰποῦσα,
714 3265 1170 3345 παρρησιάσασθαι
1222 3267 1322 3333 τὴν
1369 3265 1641 3340 ἀλήθειαν,
1677 3263 1766 3322 ἵνα
1822 3266 1896 3341 μὴ

1983 3260 2372 3336 tendendum,
2434 3269 2522 3323 est
2553 3261 2714 3324 enim
2764 3262 2969 3324 auditu
3016 3260 3278 3341 jucunda
3312 3261 3613 3335 narratio),

244 3358 310 3413 τὸ
382 3355 574 3433 ψεῦδος
641 3355 804 3424 αὐτῆς
874 3356 958 3412 ἐπὶ
1028 3355 1191 3412 πλέον
1257 3357 1766 3435 κατακουχήσηταῖ,
1814 3366 1896 3419 καὶ

1982 3348 2262 3431 Tempus.
2302 3360 2411 3423 est,
2439 3349 2668 3421 (licens,
2707 3349 2896 3412 libere
2926 3350 3516 3413 dicendiveritatem:
3545 3368 3620 3411 ne

244 3442 571 3511 εὖδιέϐλητα
634 3444 870 3511 εἘλλησι
937 3444 1001 3501 τὰ
1076 3449 1405 3523 Χριστιανῶν
1471 3446 1531 3524 ᾗ,
1590 3446 1642 3501 τί
1712 3457 1899 3519 armet;

245 3533 639 3613 Ἀναγκάζεται
700 3533 784 3591 διὰ
815 3535 911 3602 τὴν
984 3533 1194 3601 πολλὴν
1257 3543 1350 3589 τοι)
1391 3535 1692 3612 κατηγόρου
1747 3533 1897 3589 ἀναί-

240 3621 390 3680 δειαν
451 3626 538 3679 καὶ
595 3623 730 3698 πέρα
786 3646 836 3678 τι
869 3630 961 3681 τοῦ
1017 3631 1210 3700 σεμνοῦ
1253 3628 1500 3689 ποιῆσαν
1552 3624 1638 3679 καὶ
1668 3621 1899 3678 λαϐοῦσα

246 3711 628 3792 διαῤῥήγνυσιν
671 3712 866 3769 ἄνωθεν
923 3714 1015 3769 τὸν
1068 3713 1413 3792 χιτωνίσκον,
1458 3713 1543 3768 καὶ
1600 3710 1735 3789 μέρη
1784 3711 1899 3767 τινὰ

240 3802 338 3860 τοῦ
393 3804 539 3874 ἱεροῦ
608 3802 938 3879 γυμνώσασα
1009 3803 1258 3876 σώματος
1330 3798 1527 3858 ἐδείκνυ
1599 3822 1756 3857 πασιν
1817 3798 1896 3861 ὅτι

241 3893 334 3947 καὶ
396 3891 549 3970 φύσει
580 3889 714 3958 αὕτη
766 3892 852 3948 καὶ
881 3889 1101 3962 ἀληθείᾳ
1159 3892 1314 3969 γυνή,
1349 3889 1501 3968 Λέγει
1532 3910 1589 3945 τε
1645 3891 1775 3966 πρὸς
1802 3890 1894 3944 τὸν

1983 3438 2057 3499 de
2088 3438 2217 3519 ipsa
2245 3439 2467 3501 dictqu
2501 3438 2874 3501 mendacium
2910 3440 3158 3500 nimium
3185 3439 3531 3519 jactaretur,
3561 3448 3622 3500 et

1980 3528 2298 3589 Christiani
2326 3528 2476 3590 male
2500 3528 2776 3589 audirent
2797 3530 2948 3609 apud
2974 3528 3244 3603 gentiles,
3278 3528 3417 3609 quid
3436 3528 3572 3588 facit
3591 3534 3620 3590 ?

1981 3615 2225 3695 Cogitur
2240 3627 2480 3697 propter
2497 3618 2738 3678 nimiam
2762 3618 3141 3679 accusatricis
3163 3616 3616 3697 impudentiam,

1982 3705 2157 3765 etiam
2219 3704 2440 3786 aliquid
2492 3706 2689 3768 facere
2725 3714 2940 3786 praeter
2989 3705 3300 3769 honestum
3333 3712 3392 3766 et
3434 3705 3619 3767 deco-

1980 3812 2110 3854 rum
2146 3813 2160 3854 :
2198 3801 2256 3855 et
2284 3812 2542 3875 superne
2572 3803 2872 3881 acceptam
2900 3794 3218 3874 disrumpit
3246 3796 3527 3871 tunicam,
3564 3801 3623 3857 et

1976 3901 2111 3943 cum
2137 3882 2426 3964 quasdam
2463 3893 2663 3964 partes
2691 3902 2827 3945 vere
2848 3883 3002 3945 sacri
3030 3884 3310 3945 nudasset
3331 3884 3620 3964 corporis,

239 3980 512 4060 ἔπαρχον·
570 3979 724 4058 Κύριέ
767 4000 894 4059 μου,
928 3982 989 4035 σὺ
1047 3979 1148 4054 μὲν
1202 3979 1330 4054 ἐμὸς
1388 4000 1521 4035 κατα
1565 3978 1731 4054 σάρκα
1782 4001 1892 4034 πα-

1982 3973 2253 4034 omnibus
2275 3991 2340 4033 se
2372 3991 2502 4034 esse
2533 3990 2676 4035 sexu
2711 3982 2768 4035 et
2794 3991 3004 4035 revera
3035 3973 3314 4035 feminam
3347 3972 3625 4035 demons-

239 4072 345 4147 τήρ
400 4071 428 4125 ὁ
459 4070 751 4144 Φίλιππος,
789 4067 1016 4126 Κλαυδία
1066 4066 1118 4123 δὲ
1165 4069 1345 4146 μήτηρ
1375 4067 1504 4142 ἒμὴ,
1538 4069 1625 4123 καὶ
1683 4065 1894 4147 ἀδελφοὶ

1982 4061 2146 4122 travit
2185 4079 2200 4137 ;
2232 4070 2289 4123 et
2317 4061 2462 4123 dicit
2486 4061 2782 4142 praefecto:
2812 4065 3063 4126 Domine
3093 4062 3263 4138 mi,tu
3281 4063 3520 4144 quidem
3552 4081 3618 4124 es

236 4161 413 4232 οὗτοι,
459 4157 513 4214 οἵ
587 4178 648 4236 γε
710 4160 803 4214 καί
880 4157 1287 4234 συγκαθέζονταί
1356 4179 1461 4230 σοι,
1525 4154 1734 4219 Ἀϐίτας
1804 4159 1892 4214 καὶ

1982 4169 2142 4212 meus
2174 4152 2501 4213 secundum
2538 4169 2779 4213 carnem
2814 4161 2981 4233 pater
3009 4150 3341 4232 Philippus,
3375 4151 3621 4213 Claudia

237 4247 484 4326 Σέργιος⁴
547 4245 655 4326 ἐγὼ
700 4243 754 4302 δὲ
813 4246 883 4313 σὴ
941 4249 1176 4324 θυγάτηρ
1233 4245 1477 4326 Εὗγενία,
1524 4246 1643 4313 ἣτις
1687 4246 1888 4322 κόσμον

1982 4249 2167 4301 autem
2204 4240 2349 4302 mihi
2373 4249 2656 4320 mater,et
2685 4241 2900 4303 fratres
2926 4241 3005 4315 hi,
3032 4242 3134 4323 qui
3166 4250 3357 4302 tecum
3382 4241 3615 4315 sedent,

236 4335 626 4412 ἀποδυσαμένη
686 4337 857 4392 πάντα
918 4340 1008 4391 καὶ
1063 4336 1129 4392 τὰ
1171 4335 1225 4391 ἐν
1289 4335 1500 4414 κόσμῳ,
1546 4336 1706 4410 μόνον
1776 4335 1889 4392 ἀντὶ

1982 4331 2177 4393 Abitas
2200 4340 2256 4391 et
2278 4332 2541 4410 Sergius.
2578 4329 2696 4410 Ego
2720 4349 2857 4392 ver)
2883 4350 3012 4392 sum
3039 4341 3136 4392 tua
3167 4329 3282 4391 filia
3333 4328 3613 4409 Eugenia:

236 4425 456 4483 πάντων
486 4424 812 4501 ἑνεδυσάμην
855 4425 1102 4504 Χριστόν.
1164 4423 1294 4482 Ἰδοὺ
1327 4425 1414 4480 καὶ
1458 4427 1546 4489 οὓς
1595 4425 1887 4506 εὐνούχους

1982 4442 2103 4504 quae
2154 4442 2286 4485 cum
2340 4424 2683 4485 universum
2731 4423 3042 4497 mundum,
3078 4431 3135 4483 et
3192 4441 3325 4499 quat
3369 4429 3505 4483 sunt
3554 4423 3616 4484 in

236 4516 393 4592 δρᾷς,
430 4520 649 4592 Πρωτᾶς
679 4513 789 4571 ἐστι
845 4515 932 4570 καὶ
964 4510 1261 4584 Ὑάκινθος,
1298 4516 1345 4570 οἱ
1378 4515 1464 4571 καὶ
1522 4512 1760 4579 παιδείας
1794 4537 1886 4591 μοι

1982 4513 2215 4587 mundo,
2240 4512 2412 4574 facile
2447 4513 2767 4595 exuissem,
2792 4532 2896 4595 pro
2933 4511 3209 4574 omnibus
3229 4513 3418 4573 solum
3450 4510 3619 4573 indui

233 4612 327 4661 καὶ
352 4604 468 4680 βίου
495 4609 589 4661 τοῦ
617 4606 754 4661 κατὰ
785 4604 1005 4684 χριστὸν
1036 4605 1480 4674 κοινωνήσαντες.

1982 4603 2297 4666 Christum.
2359 4601 2512 4663 Ecce
2572 4604 2748 4664 etiam
2812 4621 2958 4684 quos
2991 4602 3156 4664 vides
3213 4601 3540 4671 eunuchos,
3574 4601 3617 4661 ii

1973 4701 2109 4753 sunt
2140 4690 2346 4753 Protas
2371 4700 2427 4752 et
2456 4689 2844 4772 Hyacinthus,
2872 4693 2970 4773 qui
3000 4692 3146 4753 mihi
3170 4699 3225 4753 et
3247 4692 3530 4753 doctrinae
3559 4697 3619 4752 et

1973 4782 2124 4857 vitm,
2161 4800 2292 4862 quae
2322 4791 2413 4842 est
2441 4798 2509 4842 ex
2539 4779 2789 4845 Christo.
2826 4781 2991 4842 fuere
3019 4781 3191 4843 socii.

326 4869 456 4931 KP'.
504 4870 653 4927 Οὕτω
684 4869 846 4948 πέρας
898 4869 1048 4927 ἐτίθει
1094 4883 1214 4935 τοῖς
1263 4870 1468 4951 λόγοις,
1495 4871 1591 4927 καί
1619 4873 1646 4928 ὀ
1686 4872 1886 4951 πατὴρ,

2054 4869 2325 4934 ΧΧΧΙΙΙ.
2358 4868 2631 4932 Nondum
2659 4869 3108 4930 orationifinem
3141 4869 3521 4949 imposuerat,
3558 4874 3617 4928 et

238 4964 314 5027 ὡς
348 4959 404 5017 δὲ
453 4961 540 5016 καὶ
569 4963 615 5017 οἱ
646 4957 882 5039 ἀδελφοὶ,
916 4966 1071 5017 τοῦτο
1099 4961 1198 5036 μὲν
1255 4959 1344 5042 ἀφ’
1375 4964 1447 5018 ῶν
1491 4959 1705 5038 διεξῄει,
1738 4968 1892 5017 τοῦτο

1982 4968 2147 5041 pater
2203 4966 2263 5021 et
2320 4958 2599 5020 similiter
2656 4964 2832 5019 etiam
2895 4957 3132 5036 fratres,
3193 4976 3327 5017 cum
3402 4954 3612 5037 partim

237 5049 293 5108 δὲ
357 5048 684 5124 καὶμᾶλλον
727 5049 834 5105 ἀπὸ
876 5055 982 5105 τῶν
1037 5049 1091 5105 ἐν
1118 5055 1187 5126 τῇ
1236 5050 1356 5126 ὄψει
1399 5053 1733 5126 παρασήμων
1776 5072 1891 5129 γω-

1982 5048 2215 5125 quidem
2250 5066 2318 5107 ex
2360 5047 2434 5107 iis
2462 5064 2593 5126 qua:
2622 5044 2879 5124 dicebat,
2915 5046 3124 5124 partim
3177 5058 3397 5120 autem,
3431 5052 3614 5122 atque

234 5141 496 5220 ράσαντες
560 5138 657 5206 τὴν
702 5137 979 5204 ἀλήθειαν·
1042 5138 1349 5218 ἀνέγνωσαν
1405 5139 1505 5219 γάρ
1551 5138 1891 5203 ἐπιϐαλόντες

1982 5137 2121 5198 adeo
2153 5136 2340 5197 multo
2373 5134 2560 5214 magis
2614 5152 2681 5196 ex
2715 5133 2921 5213 signis,
2959 5153 3093 5216 quae
3123 5141 3292 5195 erant
3325 5137 3380 5196 in
3424 5133 3609 5207 vultu,

234 5229 644 5309 περιεργόνερον
690 5235 766 5302 τῷ
796 5228 1068 5305 προσώπῳ
1110 5228 1205 5291 τὰς
1250 5227 1402 5305 ὄψεις
1439 5231 1631 5297 ταύτην
1681 5229 1889 5295 ἐκείνην

1982 5225 2514 5305 deprehendissent
2573 5225 2877 5287 veritatem
2930 5230 3302 5302 (agnoverant
3344 5225 3501 5285 enim
3552 5222 3614 5283 in

235 5320 379 5377 εἶναι
424 5318 527 5386 τὴν
573 5317 858 5395 Εὖγεθίαν.
916 5317 1015 5384 τὴν
1074 5317 1171 5392 μέν
1216 5316 1428 5396 καρδίαν
1482 5317 1677 5385 ἢδονῆς
1722 5316 1883 5397 ἆῤῥή-

1982 5333 2100 5376 eam
2156 5313 2445 5394 conjectis
2477 5313 2776 5375 curiosius
2830 5313 3040 5392 oculis,
3078 5314 3227 5373 hanc
3258 5311 3447 5390 ipsam
3479 5329 3613 5373 esse

235 5431 346 5482 του,
412 5413 516 5463 τῶν
577 5404 631 5471 ἐξ
698 5403 894 5473 ἡδονῆς
960 5403 1013 5462 δὲ
1074 5405 1307 5484 δακρύων
1367 5407 1692 5487 πληροῦνται
1762 5407 1883 5473 τοὺς

1982 5402 2341 5484 Eugeniam),
2377 5402 2463 5464 eis
2507 5420 2612 5464 cor
2661 5401 2901 5480 quidem
2953 5401 3250 5481 voluptate
3300 5399 3608 5478 ineffabili,

237 5496 566 5576 ὀφθαλμούς·
626 5492 809 5550 ἔπειτα
866 5493 952 5550 ἐπὶ
1010 5495 1107 5563 τὴν
1168 5495 1498 5576 ἀρχοντικήν
1545 5496 1705 5565 αὒτὴν
1747 5501 1882 5553 καθ-

1982 5512 2087 5571 ira:
2142 5492 2434 5572 voluptate
2491 5501 2690 5553 autem
2745 5489 3117 5553 manantibus
3164 5489 3439 5571 lacrymis
3508 5507 3611 5552 re-

239 5584 382 5670 ἑδραν
439 5580 861 5649 ἀναϐιϐάσαντες
915 5585 1204 5665 μονονουχὶ
1265 5585 1363 5644 καὶ
1410 5585 1503 5652 τὰς
1567 5585 1746 5669 ψυχὰς
1794 5583 1883 5643 επ,

1982 5584 2201 5663 alantur
2242 5582 2422 5646 oculi.
2455 5581 2682 5647 Deinde
2734 5599 2867 5646 cum
2933 5598 3064 5644 eam
3121 5580 3498 5646 sustulissent
3544 5578 3607 5655 in
