4056 6142
417 202 535 274 635

1720 212 1998 276 MENSIS
2040 210 2466 275 DECEMBER.

3664 215 3774 285 636

419 346 635 410 solium
670 347 961 430 praesidis,
991 347 1422 431 propomodum
1468 347 1525 412 in
1557 346 1743 429 ipsam
1774 347 1935 428 ipsas
1964 347 2055 410 ef-

2143 349 2271 424 αὐτῇ
2325 345 2613 423 ἑξεκένουν,
2663 347 2748 405 καὶ
2795 352 2869 422 τῷ
2925 320 3121 429 φίλτρῳ
3174 349 3374 421 ταύτην
3429 351 3773 435 διεμερίζοντο

419 436 748 501 fundebant
776 445 1025 522 animas,
1059 449 1118 501 et
1146 438 1202 501 ei
1255 458 1423 501 suum
1458 456 1721 501 amorem
1755 437 2066 518 dispertie-

421 525 585 604 bant,
624 529 762 591 hinc
817 537 1007 610 pater,
1041 529 1205 590 illinc
1260 528 1492 608 fratres,
1522 535 1582 589 et
1638 527 1750 589 alia
1779 545 1847 587 ex
1898 536 2063 607 parte

424 625 616 679 mater
646 618 871 695 (aderat
900 618 1054 679 enim
1090 618 1217 698 ipsa
1248 635 1507 697 quoque,
1541 635 1675 679 cum
1725 615 1784 676 id
1817 615 2061 678 didieis~

423 707 567 786 set),
597 716 657 770 et
680 708 889 788 partim
918 706 1319 786 amplexibus,
1344 705 1557 786 partim
1588 704 1786 767 verbis
1816 704 2064 766 amanti-

422 792 536 857 bus
564 794 719 856 inter
746 813 811 857 se
840 794 1302 875 contendebant,
1337 814 1605 874 quaenam
1637 793 1907 856 membra
1940 795 2065 874 qui-

422 885 556 947 dem
579 904 695 945 non
718 886 1143 964 amplectentes
1166 884 1195 944 ‘?
1226 885 1367 962 quid
1391 892 1587 946 autem
1607 903 1724 945 non
1750 884 2061 963 patientes,

420 981 517 1034 aut
546 992 661 1034 non
694 980 935 1052 agentes
967 992 1036 1035 ex
1067 973 1271 1036 laetitia
1305 971 1635 1036 ineffabili?
1665 980 1768 1035 aut
1797 972 1936 1052 quid
1969 991 2067 1034 eo-

417 1077 575 1143 rum,
612 1080 744 1141 quae
772 1062 1124 1142 voluptatem
1159 1064 1338 1124 animi
1394 1063 1752 1143 signiﬁcant,
1787 1069 2063 1123 caventes

416 1141 610 1213 facere
636 1160 878 1231 propter
913 1141 1376 1214 multitudinem
1409 1141 1846 1231 ‘i—Magistratus
1901 1150 2057 1212 enim

419 1242 813 1322 majestatem,
846 1252 906 1303 et
966 1250 1147 1305 totam
1208 1242 1398 1317 illam,
1441 1260 1573 1322 quae
1629 1259 1697 1303 ex
1756 1241 2058 1320 dignitatis

416 1330 737 1411 splendore
796 1334 1003 1406 oritur,
1039 1333 1383 1412 gravitatem
1442 1330 1761 1413 superabat
1820 1340 2053 1407 natura,

419 1427 475 1481 et
505 1429 711 1500 aperte
767 1421 1117 1503 repellebat,
1154 1421 1497 1501 Clamabant
1525 1422 1726 1502 itaque
1778 1430 2056 1501 tanquam

417 1507 616 1571 divino
646 1510 843 1572 furore
875 1511 1075 1575 afﬂati:
1121 1511 1254 1591 Ipsa
1287 1521 1374 1573 est
1406 1512 1548 1586 ﬁlia,
1582 1516 1710 1589 ipsa
1738 1518 1832 1572 est
1864 1528 2056 1586 soror,

419 1598 724 1660 oculorum
750 1601 1040 1680 voluptas,
1072 1600 1515 1679 imagoanimaz,
1551 1618 1726 1681 quam
1752 1599 2059 1661 existima-

420 1693 610 1750 vimus
664 1689 847 1753 fuisse
881 1709 915 1751 a
974 1691 1085 1751 diis
1114 1698 1343 1769 raptam
1384 1712 1397 1751 :
1454 1709 1630 1771 quam
1664 1706 1773 1750 nos
1803 1708 1920 1749 non
1970 1687 2061 1751 vi-
2086 1718 2123 1767 Β

419 1775 651 1853 dentes,
680 1798 754 1841 ne
784 1778 989 1841 videre
1010 1780 1250 1860 quidem
1278 1779 1468 1841 lucem
1495 1784 1737 1840 omnino
1769 1777 2059 1839 sustinui-

418 1884 572 1928 mus.
607 1870 751 1931 Haec
782 1869 1033 1949 populus
1064 1888 1300 1949 quoque
1329 1868 1559 1930 scilicet
1603 1868 1852 1929 audiens
1882 1877 1942 1928 et
1971 1868 2059 1928 vi-

422 1954 571 2017 dens
606 1979 619 2021 :
654 1957 818 2020 Unus
847 1957 1004 2021 Deus
1057 1968 1144 2020 est
1174 1977 1344 2020 verus
1378 1957 1667 2032 Christus,
1703 1956 2058 2019 clamabant.

422 2042 775 2127 Quicunque
804 2056 999 2109 autem
1029 2066 1096 2110 ex
1126 2049 1476 2109 Christianis
1518 2048 1687 2128 paulo
1719 2047 2061 2127 diligentio-

420 2131 587 2195 ribus
631 2137 1071 2218 exspectabant,
1121 2148 1181 2199 ut
1244 2148 1374 2219 post
1431 2145 1684 2200 mortem
1745 2145 2061 2218 martyrum

428 2239 677 2304 corpora
732 2226 1029 2301 tollerent,
1067 2235 1127 2289 et
1162 2228 1613 2290 convenientem
1648 2227 1734 2288 eis
1790 2236 2065 2305 pararent

426 2314 815 2393 sepulturam,
853 2318 893 2379 ii
952 2337 1085 2380 cum
1140 2317 1469 2380 audiissent
1520 2325 1637 2379 tam
1686 2316 2061 2397 repentinam

421 2403 677 2482 prazfecti
711 2415 768 2469 et
789 2408 991 2489 populi
1025 2407 1438 2482 mutationem,
1474 2425 1607 2469 cum
1647 2405 1833 2467 turbis
1865 2406 2061 2485 prosi-

422 2491 573 2556 liunt
602 2516 616 2557 :
675 2521 697 2553 ιι
736 2497 876 2570 Quis
908 2508 996 2561 est
1030 2516 1298 2576 magnus,
1331 2497 1484 2557 sicut
1531 2497 1690 2557 Deus
1722 2501 1923 2555 noster
1949 2494 2001 2570 7,
2031 2517 2055 2554 ν

418 2584 535 2646 alta
589 2605 730 2648 voce
779 2588 1125 2666 clamantes,
1178 2612 1201 2640 σ
1242 2584 1345 2664 qui
1394 2583 1617 2645 revelat
1661 2582 1952 2662 profunda
2008 2592 2066 2645 et

417 2675 612 2737 oculta
632 2677 683 2748 8,
718 2677 864 2737 etin
924 2675 1139 2736 astutia
1198 2674 1463 2755 ipsorum
1514 2671 1909 2752 apprehendit
1962 2692 2065 2733 sa—

418 2763 706 2841 pientes9
738 2763 763 2824 ?
812 2764 989 2825 Pater
1019 2771 1212 2825 autem
1266 2781 1399 2824 cum
1431 2761 1675 2823 invitam
1732 2760 2060 2840 Eugeniam

2147 436 2379 495 ἐντεῦθεν
2437 436 2462 492 ὁ
2526 436 2726 516 πατὴρ,
2788 437 2989 497 ἐκεῖθεν
3023 443 3069 497 οἱ
3126 439 3364 522 ἀδελφοὶ,
3395 443 3693 525 ἀλλαχόθὲν
3739 450 3772 516 ἡ

2148 528 2353 604 μήτηρ*
2397 526 2570 604 παρῆν
2624 529 2723 606 γὰρ
2768 530 2854 584 καὶ
2914 529 3044 597 αὕτη
3102 534 3356 606 μαθοῦσα’
3401 536 3488 591 καὶ
3532 537 3662 614 πρὸς
3692 535 3779 592 ἀλ-

2146 615 2339 684 λήλους
2383 623 2536 673 τοῦτο
2594 616 2690 691 μὲν
2732 616 3105 695 περιπλοκαῖς,
3167 643 3322 679 τουτο
3378 621 3431 679 δὲ
3488 626 3575 681 καὶ
3624 625 3780 705 φιλο-

2148 707 2389 785 στόργοις
2498 704 2805 781 ἡμιλλῶντο
2887 711 3208 787 προσρήσεσι
3243 732 3257 745 ·
3348 714 3464 770 τίνα
3547 704 3646 788 μὲν
3726 714 3783 773 οὗ

2146 796 2551 876 περικάλλοντες
2603 796 2767 874 μέλη,
2799 800 2850 857 τί
2907 798 2961 855 δὲ
3014 802 3092 875 μὴ
3136 803 3436 883 πάσχοντες
3479 808 3515 872 ἢ
3559 804 3782 884 δρῶντες

2147 886 2198 952 ἒξ
2244 886 2541 965 ἀποῤῥήτου
2596 889 2964 968 περιχαρείας,
3010 891 3044 958 ἢ
3101 891 3152 947 τί
3204 899 3309 948 τῶν
3362 891 3782 971 διαγγελλόντων

2151 975 2343 1043 ἡδονὴν
2373 976 2554 1051 ψυψῆς
2597 974 2681 1032 διὰ
2712 979 2771 1033 τὸ
2813 977 3011 1046 πλῆθος
3042 995 3219 1037 ποιεῖν
3268 980 3677 1060 εύλαϐούμενοις
3710 986 3780 1043 Τὸ

2145 1088 2245 1145 γαρ
2292 1067 2486 1139 σεμνὸν
2539 1066 2636 1131 τῆς
2670 1066 2870 1144 ἀρχῆς,
2904 1070 2991 1124 καὶ
3023 1070 3119 1137 τὴν
3168 1068 3301 1137 ὅλην
3344 1071 3403 1127 ἐκ
3442 1074 3778 1154 περιφανείας

2143 1155 2465 1231 κομψότητα
2521 1153 2555 1222 ἤ
2587 1156 2736 1234 φύσις
2793 1154 3162 1234 παρευδοκίμει
3193 1161 3279 1215 καὶ
3336 1153 3777 1241 φανερῶςῆλεγ-

2143 1266 2265 1323 χεν,
2327 1243 2599 1320 ’Ἐκραζον
2646 1247 2732 1300 οὖν
2793 1249 2908 1302 οἷον
2968 1246 3355 1313 ἐνθουσίῶντες·
3420 1249 3485 1307 Ἢ
3546 1254 3779 1332 θυγάτηρ

2141 1333 2298 1409 αὕτη,
2331 1335 2365 1401 ἡ
2423 1332 2646 1413 ἀδελφὴ,
2680 1336 2712 1402 ἡ
2757 1335 2863 1391 τῶν
2907 1336 3188 1414 ὀφθαλμῶν
3233 1337 3422 1414 ἡδονὴ,
3453 1342 3515 1396 τὸ
3555 1346 3655 1409 τῆς
3684 1344 3780 1398 τύ·-

2141 1446 2251 1501 χης
2314 1420 2642 1500 ἂγαλλίαμα,
2689 1424 2753 1490 ἣν
2810 1423 3145 1503 ἀνάρπαστον
3200 1427 3439 1504 γενέσθαι
3494 1431 3596 1487 ὑπὸ
3649 1434 3783 1488 θεῶν

2143 1513 2514 1588 νενομίκαμεν,
2549 1512 2614 1580 ἣν
2672 1513 2833 1588 ἡμεῖς
2877 1516 2980 1595 οὐχ
3039 1516 3264 1594 ὁρῶντες
3311 1518 3425 1575 οὐδὲ
3472 1519 3596 1597 ὀρᾷν
3642 1519 3783 1585 ὅλως

2143 1607 2253 1669 φῶς
2319 1601 2671 1681 ἠνειχόμεθα.
2751 1610 2925 1660 Ταῦτα
2995 1605 3084 1660 καὶ
3155 1607 3181 1660 ό
3247 1603 3414 1680 δῆμος
3471 1608 3788 1673 ἀκούσαντες

2145 1688 2350 1758 δηλαδῆ
2407 1692 2495 1747 καὶ
2551 1690 2798 1766 ὁρῶντες,
2848 1693 2947 1756 Εἷς
3007 1695 3140 1758 Θεὸς
3200 1694 3405 1763 ἀληθής
3460 1698 3486 1753 ὀ
3540 1702 3787 1777 Χριστὸς,

2147 1778 2334 1836 ἒϐόων.
2403 1779 2572 1837 ’Ὂσοι
2603 1778 2656 1836 δὲ
2705 1786 2809 1836 τῶν
2840 1780 3254 1861 σπουδειοτέρων
3300 1793 3622 1861 Χριστιανῶν
3685 1811 3789 1846 πε-

2147 1886 2447 1949 ριμένοντες
2494 1869 2655 1945 ἦσαν,
2688 1870 2825 1926 ὥστε
2882 1873 3019 1945 μετά
3069 1874 3159 1928 τὸν
3218 1874 3441 1930 θάνατον
3482 1883 3588 1932 τῶν
3646 1900 3791 1955 μαρ-

2147 1958 2312 2037 τύρων
2343 1957 2616 2016 ἀνελέσθαι
2668 1961 2732 2015 τὰ
2767 1960 2991 2034 σώματα
3046 1963 3134 2018 καὶ
3190 1969 3362 2044 ταφῆς
3413 1964 3633 2030 ἀξιῶσαι
3689 1969 3789 2036 τῆς

2146 2049 2548 2126 προσηκούσης,
2593 2049 2734 2106 οὗτοι
2763 2047 2816 2104 δὲ
2871 2052 3160 2124 πυθόμενοι
3221 2053 3316 2120 τὴν
3373 2052 3538 2119 οὕτως
3596 2056 3786 2135 ἀθρόαν

2149 2136 2317 2208 δήπου
2366 2145 2456 2194 τοῦ
2487 2139 2726 2219 ἐπάρχου
2781 2141 2868 2196 καὶ
2897 2146 2988 2196 τοῦ
3031 2139 3203 2215 δημου
3232 2141 3532 2216 μεταϐολὴν
3590 2148 3788 2214 εἰσπη-

2146 2226 2273 2284 δῶσι
2314 2228 2450 2302 μετὰ
2496 2233 2602 2284 τῶν
2651 2227 2855 2308 ὄχλων,
2891 2230 2976 2291 Τίς
3019 2229 3185 2307 μέγας
3226 2233 3300 2295 ὡς
3357 2233 3384 2287 ὁ
3416 2235 3544 2297 Θεὸς
3604 2237 3783 2314 ἡμῶν,

2147 2316 2477 2395 γεγωνοτέρᾳ
2519 2322 2587 2392 τῇ
2632 2324 2783 2396 φωνῇ
2831 2319 3083 2399 βοῶντες,
3117 2321 3144 2375 ὀ
3185 2319 3568 2379 ἀνακαλύπτων
3625 2325 3789 2401 βαθέα

2148 2408 2233 2461 καὶ
2292 2404 2567 2485 ἀπόκρυφα
2597 2407 2682 2464 καί
2742 2412 2809 2482 τῇ
2863 2411 3032 2465 αὐτῶν
3088 2411 3376 2487 πανουργίᾳ
3420 2413 3541 2477 τοὺς
3597 2416 3787 2495 coqaob;

2146 2494 2559 2571 δρασσόμενος;
2618 2494 2676 2552 Ὀ
2733 2495 2913 2570 μέντοι
2977 2498 3153 2576 πατὴρ
3201 2500 3289 2555 καὶ
3331 2497 3560 2559 ἄκουσαν
3620 2494 3785 2582 Εὖγε-

2146 2585 2256 2640 νίαν
2288 2580 2562 2662 διαχρύσῳ
2610 2582 2908 2663 περιϐαλὼν
2965 2587 3132 2656 στολῆ
3195 2586 3474 2667 (ἠϐούλετο
3504 2592 3605 2669 γὰρ
3664 2580 3784 2651 κοι-

2144 2673 2353 2761 νωνοὺς,
2400 2674 2602 2761 πάντας
2635 2674 2734 2741 τῆς
2790 2675 3115 2755 εὐφροσύνης
3174 2676 3408 2753 λαϐεῖν),
3442 2680 3526 2761 ἐφ’
3580 2681 3790 2759 ὑψηλοῦ

2144 2784 2201 2819 τε
2235 2760 2510 2820 ἀνεϐίϐασε
2540 2763 2723 2841 θρόνου
2752 2765 2838 2820 καὶ
2868 2767 3051 2833 ὀθῆναι
3078 2773 3206 2823 πᾶσι
3247 2760 3528 2835 πεποίηκε.

411 2871 592 2914 aurea
642 2861 802 2914 veste
831 2852 1123 2914 induisset
1151 2851 1417 2931 (volebat
1465 2850 1624 2913 enim
1656 2868 1866 2912 omnes
1914 2869 2046 2913 esse
2076 2869 2198 2914 sua;
2239 2850 2561 2933 participes
2608 2851 2867 2931 lzetltize),
2902 2854 2963 2917 in
2992 2854 3110 2917 alta
3157 2873 3289 2918 eam
3319 2855 3463 2920 sede
3522 2858 3782 2923 colloca-

410 2942 512 3015 vit,
548 2949 606 3004 et
636 2942 776 3003 fecit
805 2949 870 3004 ut
896 2941 1199 3003 videretur
1227 2939 1300 3002 ab
1327 2940 1625 3002 omnibus.

495 3030 860 3095 XXIVDum
887 3031 1011 3094 haec
1034 3040 1229 3094 autem
1251 3029 1771 3112 gerebantur,ipse
1796 3049 2031 3113 quoque

2226 3033 2359 3092 KA'.
2409 3030 2502 3091 Ἐν
2545 3033 2590 3108 ᾧ
2649 3030 2704 3089 δὲ
2757 3035 2920 3090 ταῦτα
2976 3034 3286 3111 ἐπράττετο,
3317 3040 3405 3095 καὶ
3446 3038 3599 3099 αὐτὸς
3647 3042 3673 3096 ὀ
3732 3040 3786 3097 ἐν

416 3123 513 3202 qui
547 3132 636 3184 est
661 3122 722 3183 in
750 3122 899 3184 (mlo
929 3120 1107 3202 Deus,
1138 3129 1237 3182 aut
1263 3129 1323 3182 ut
1354 3121 1545 3201 potius
1575 3120 1764 3182 dicam
1797 3140 1930 3183 cum
1964 3121 2056 3183 di-

415 3212 548 3274 vino
605 3210 740 3286 Job,
773 3212 871 3292 qui
932 3218 1057 3273 erat
1117 3210 1178 3271 in
1212 3210 1376 3272 caelis
1407 3210 1576 3272 testis
1623 3208 1921 3287 Eugeniae,
1957 3210 2059 3287 qui

417 3309 547 3364 erat
576 3301 638 3363 in
670 3300 837 3363 caalis
868 3301 1001 3381 ejus
1031 3299 1305 3363 conscius
1333 3299 1407 3381 ίο,
1439 3298 1819 3379 repentinum
1859 3300 2058 3377 ignem

415 3391 676 3471 desuper
695 3389 1011 3471 jaculatus,
1047 3388 1379 3451 Melanthiae
1414 3388 1657 3449 domum
1691 3388 2060 3469 consumpsit

417 3481 685 3542 omnino.
722 3480 887 3542 Illam
911 3482 1072 3541 enim
1099 3486 1317 3540 aeterno
1334 3478 1674 3541 reservavit.
1708 3477 1832 3540 Hoc
1860 3486 2055 3539 autem

415 3574 633 3633 factum
666 3571 888 3641 effecit,
914 3578 976 3631 ut
1008 3567 1177 3630 multi
1209 3576 1704 3630 converterentur
1732 3567 1804 3629 ad
1838 3568 2056 3629 verita-

416 3669 560 3723 tem.
630 3660 906 3722 Protinus
964 3676 1105 3735 ergo
1155 3676 1189 3718 a
1243 3655 1595 3720 Christianis
1644 3655 2059 3718 celebrabatur

413 3752 624 3813 festum
656 3755 1065 3822 commune,et
1087 3746 1261 3824 longa
1286 3753 1509 3808 mutata
1543 3753 1630 3808 est
1652 3745 2053 3828 tristitia,cum

418 3839 728 3920 praefectus
752 3837 989 3916 quidem
1012 3835 1187 3897 simul
1206 3853 1339 3897 cum
1366 3835 1486 3896 filia
1520 3835 1849 3897 invenisset
1880 3837 2059 3915 pieta-

417 3935 561 4003 tem,
586 3936 641 3989 et
671 3928 740 3988 ad
775 3927 1073 3989 Christum
1125 3924 1494 3998 accessisset,
1524 3934 1583 3987 et
1612 3933 1817 3987 sancto
1845 3924 2055 3987 fuisset

407 4015 747 4094 obsignatus
779 4015 1131 4095 baptismate
1162 4033 1175 4076 :
1218 4012 1573 4076 Christianis
1605 4031 1741 4075 vero
1787 4013 2058 4093 protinus

407 4123 590 4167 sacrm
614 4105 867 4167 redditae
897 4112 1095 4166 essent
1124 4102 1417 4184 ecclesiae,
1444 4110 1503 4165 et
1531 4103 1568 4164 ii
1596 4121 1744 4183 quos
1770 4102 1930 4182 prius
1954 4101 2057 4164 ha-

406 4194 650 4271 bebant,
685 4194 946 4256 honores
1003 4200 1061 4253 et
1097 4192 1417 4272 privilegia.
1454 4193 1585 4254 Non
1636 4191 1825 4252 solum
1856 4200 2052 4253 autem

402 4287 529 4348 haec
560 4286 796 4345 fuerant
845 4282 1180 4359 consecuti,
1210 4282 1313 4342 sed
1347 4280 1522 4341 etiam
1568 4280 1656 4341 eis
1684 4279 1899 4342 licebat
1928 4289 2052 4343 tuto

404 4374 670 4436 habitare
720 4371 986 4435 civitates
1024 4370 1180 4446 ;hoc
1208 4369 1368 4430 enim
1402 4369 1491 4431 eis
1543 4373 1875 4450 procuravit
1904 4369 2050 4432 Phi-

408 4463 626 4542 lippus,
655 4481 787 4523 cum
819 4459 1121 4523 retulisset
1145 4459 1215 4518 ad
1258 4458 1653 4538 imperatores
1680 4461 1962 4523 Severum
1994 4470 2051 4522 et

407 4552 567 4631 pium
596 4549 942 4621 Antonium,
969 4566 1097 4608 esse
1122 4546 1334 4608 inutile
1364 4546 1615 4629 imperio
1638 4550 2048 4612 Romanorum

404 4638 619 4719 expelli
652 4636 1115 4710 Christianos,ut
1147 4636 1245 4717 qui
1273 4655 1389 4700 non
1422 4637 1481 4698 in
1506 4637 1708 4717 paucis
1738 4639 1857 4699 sint
1880 4656 2048 4700 com-

413 4727 579 4789 muni
604 4727 799 4788 utiles.
826 4726 1053 4802 Eisque
1076 4726 1590 4808 convenientibus,
1615 4746 1821 4791 rursus
1852 4727 2054 4790 videre

409 4816 623 4880 licebat
683 4816 1102 4879 Alexandriam
1137 4816 1316 4878 veluti
1370 4816 1566 4878 denuo
1600 4816 1921 4879 conditam.
1957 4816 2052 4878 Si-

409 4907 569 4970 milis
602 4907 792 4988 quies,
820 4915 877 4968 et
921 4905 1130 4968 similis
1169 4924 1483 4969 successus
1517 4914 1642 4968 erat
1674 4912 1852 4967 etiam
1889 4905 1950 4967 in
1982 4904 2058 4967 iis

412 5017 539 5079 quae
591 4997 816 5059 suntin
869 4996 1139 5079 IEgypto,
1177 4995 1447 5071 urbibus,
1484 5003 1543 5057 et
1596 4995 1885 5058 ﬂorebant
1941 4994 2054 5056 ite-

402 5106 533 5148 rum
572 5105 668 5148 res
702 5084 1199 5167 Christianorum,
1235 5085 1528 5167 claraeque
1562 5093 1621 5148 et
1653 5085 1903 5148 excelsas
1938 5084 2047 5146 fie-

407 5175 568 5238 banL
1463 5252 1469 5259 ο

483 5263 666 5329 XXV.
702 5264 819 5327 Sed
872 5264 1150 5344 quoniam
1183 5284 1314 5326 cum
1351 5266 1533 5327 virtus
1593 5264 1740 5328 adeo
1772 5273 1934 5328 recte
1987 5286 2052 5330 se

408 5354 679 5431 haberet,
731 5353 949 5415 accidit
1007 5361 1071 5414 ut
1120 5362 1330 5415 contra
1382 5356 1676 5435 irreperet
1734 5355 1962 5440 vitium,
1997 5366 2054 5420 et

2144 3122 2347 3200 ούρανῷ
2404 3121 2628 3202 Θεὸς,.ἢ
2680 3121 2908 3197 μᾶλλον,
2939 3123 2999 3179 τὸ
3055 3134 3149 3184 τοῦ
3200 3127 3338 3183 θείου
3367 3124 3491 3183 Ἰὼϐ
3546 3125 3726 3206 φέναι,
3759 3130 3788 3184 ὀ

2143 3210 2197 3267 ἐν
2253 3212 2496 3289 οὖρανοϊς
2530 3211 2779 3289 Εὖγενίας
2811 3212 3032 3291 μάρτυς,
3067 3214 3094 3269 ὁ
3160 3214 3213 3271 ἐν
3244 3214 3481 3290 ὑψίστοις
3532 3218 3787 3296 συνίστωρ

2145 3301 2329 3375 αὐτῆς,
2393 3307 2493 3376 πῦρ
2551 3299 2802 3380 αἰφνίδιον
2875 3302 3148 3375 οὐρανόθεν
3207 3303 3353 3383 ἀφεὶς
3409 3309 3499 3361 τὸν
3570 3306 3787 3364 Μελαν-

2140 3388 2251 3453 θίας
2306 3388 2461 3446 οἷκον
2492 3390 2566 3453 εἷς
2622 3388 2763 3446 ἅπαν
2814 3389 3080 3448 ἀνάλωσεθ
3128 3391 3332 3460 ἐκείνην
3376 3395 3476 3471 γὰρ
3534 3402 3611 3470 τῷ
3654 3398 3790 3452 αἰω-

2141 3477 2233 3535 νίω
2284 3476 2489 3552 μᾶλλον
2533 3477 2906 3554 ἐταμιεύσατο.
2957 3482 3054 3538 Καὶ
3096 3482 3157 3537 τὸ
3200 3483 3418 3560 γεγονὸς
3464 3490 3620 3541 τοῦτο
3663 3485 3787 3542 ἐπι-

2141 3566 2362 3645 στρέψαι
2418 3566 2647 3632 πολλοὺς
2727 3570 2858 3647 πρὸς
2916 3570 3014 3637 τὴν
3059 3569 3313 3640 ἀλήθειαν
3371 3574 3785 3651 παρεσκεύασεν.

2139 3658 2333 3714 Αὐτίκα
2389 3664 2515 3736 γοῦν
2573 3670 2691 3721 τοῖς
2771 3665 3111 3736 Χριστιανοϊς
3169 3659 3333 3736 ἤγετο
3373 3666 3526 3729 κοινή
3601 3663 3786 3741 ἑορτὴ,

2139 3747 2227 3804 καὶ
2270 3748 2303 3814 ἡ
2367 3746 2543 3824 μακρὰ
2583 3745 2845 3823 κατήφεια
2912 3744 3291 3823 μετεϐάλλετο,
3324 3756 3416 3805 τοῦ
3462 3751 3558 3816 μὲν
3619 3751 3788 3829 ἐπάρ-

2139 3859 2245 3916 χου
2314 3839 2451 3911 μετὰ
2532 3837 2787 3914 θυγατρός
2862 3835 2973 3911 ἅμα
3044 3838 3133 3894 καὶ
3194 3838 3287 3906 τὴν
3359 3837 3629 3897 εὐσέϐειαν
3694 3844 3790 3897 εὑ-

2140 3926 2364 4003 ρηκότος
2398 3931 2606 4004 Χριστῷ
2674 3946 2730 3980 τε
2803 3924 3180 4003 προσελθόντος
3238 3929 3326 3983 καὶ
3384 3935 3459 4002 τῷ
3520 3931 3653 4007 ἁγίῳ
3681 3954 3790 3998 ση-

2139 4012 2453 4088 μειωθέντος
2521 4013 2873 4090 βαπτίσματι,
2930 4017 3269 4093 Χριστιανοῖς
3344 4016 3399 4073 δὲ
3458 4041 3562 4074 των
3637 4022 3791 4099 ἱερῶν

2138 4105 2282 4167 εὐθὺς
2342 4102 2641 4170 ἐκκλησιῶν
2700 4103 3048 4162 ἀναδοθεισῶν
3100 4106 3193 4163 καῖ
3243 4108 3316 4163 ὧν
3347 4109 3508 4189 εἶχον
3541 4112 3642 4187 πρὸ
3697 4118 3790 4167 τοῦ

2135 4200 2305 4268 τιμῶν
2375 4215 2433 4249 τε
2489 4195 2576 4250 καὶ
2649 4196 2972 4271 προνομίων,
3035 4198 3107 4253 Οὔ
3179 4196 3342 4272 μόνον
3400 4197 3454 4253 δὲ
3529 4222 3786 4257 τοιούτων

2135 4284 2455 4364 ἐτύγχανον,
2486 4281 2623 4338 ἀλλὰ
2648 4285 2736 4340 καὶ
2779 4282 2941 4350 ἀδεῶς
2988 4284 3170 4364 ἐφεῖτο
3226 4287 3320 4350 τὰς
3355 4287 3541 4352 πόλεις
3586 4291 3781 4351 οἰκεῖν.

2132 4373 2410 4438 Φίλιππως
2458 4375 2557 4452 γὰρ
2602 4375 2757 4433 τοῦτο
2800 4374 2983 4439 αὐτοῖς
3017 4379 3431 4454 περιεποιήσατο
3476 4393 3593 4444 τοῖς
3645 4404 3782 4458 κρα-

2133 4466 2308 4521 τοῦσιν
2367 4462 2685 4543 ἀνενεγκὼν,
2720 4463 2938 4541 Σευήρῳ
2968 4487 3022 4522 τε
3052 4468 3138 4522 καὶ
3182 4469 3292 4540 Πῖῳ
3348 4472 3425 4543 τῷ
3483 4467 3778 4550 Ἀντωνίῳ,

2133 4550 2437 4616 ἀλυσιτελές
2508 4552 2652 4608 εὗναι
2710 4559 2777 4629 τῇ
2847 4553 3126 4628 Ῥωμαίων
3210 4558 3355 4635 ἀρχῇ
3442 4561 3779 4634 Χριστιανοὺς

2134 4642 2542 4709 ἀπελαύνεσθαι,
2574 4642 2669 4699 ἇίτε
2701 4644 2779 4717 μὴ
2836 4642 2891 4698 ἐν
2922 4644 3122 4721 ὀλίγοις
3178 4648 3476 4724 χρησίμους
3512 4649 3590 4722 τῷ
3620 4655 3783 4722 κοινῷ

2136 4732 2472 4809 γενομένους.
2507 4732 2613 4794 Καὶ
2666 4732 2968 4811 συνιόντων,
3005 4733 3069 4800 ἧν
3126 4735 3248 4811 όρᾷν
3299 4736 3447 4802 αὖθις
3491 4737 3587 4803 τὴν
3622 4735 3779 4794 Ἀλε-

2135 4820 2390 4900 ξανδρέων
2447 4820 2627 4897 ὥσπερ
2690 4820 2751 4878 ἐκ
2808 4818 3045 4900 δευτέρου
3068 4823 3229 4879 πάλιν
3281 4826 3640 4899 οἶκιζομὲνην⁶
3692 4826 3781 4886 Ἐν

2137 4911 2344 4988 ὁμοίαις
2398 4908 2452 4966 δέ
2503 4923 2625 4975 ταῖς
2685 4910 2893 4968 ἀνέσεσι
2954 4912 3041 4967 καὶ
3086 4926 3207 4976 ταῖς
3263 4916 3525 4982 εὖθηνίαις
3590 4918 3674 4973 καὶ
3733 4921 3783 4974 αἱ

2138 4999 2257 5058 κατ’
2310 5000 2582 5077 Αἴγυπτον
2639 5000 2825 5065 πόλεις
2869 5001 3027 5077 ἦσαν,
3059 5004 3147 5058 καὶ
3207 5003 3371 5061 πάλιν
3409 5005 3473 5061 τὰ
3528 5013 3777 5084 Χριστια-

2138 5098 2239 5149 νῶν
2267 5089 2436 5169 ἤνθει,
2470 5087 2731 5167 διέλαμπέ
2767 5113 2823 5148 τε
2854 5091 2941 5147 καὶ
2970 5091 3285 5170 ὑπερῄρετο.

2218 5267 2346 5328 ΚΕ’.
2380 5265 2532 5324 ’Λλλ’
2563 5265 2773 5340 ἐπειδὴ,
2805 5266 2984 5333 καλῶς
3013 5267 3149 5325 οὕτω
3168 5275 3263 5337 τῆς
3295 5271 3488 5348 ἀρετῆς
3521 5272 3785 5352 ἐχούσης,

2135 5360 2233 5427 τὴν
2289 5359 2477 5415 κακίαν
2535 5357 2773 5434 ἔμπαλιν
2835 5356 3132 5416 συνέϐαινεν
3163 5358 3406 5439 ὓποῤῥεϊν
3461 5361 3789 5432 πλήττεσθαί

494 5532 522 5585 7
550 5532 703 5599 Psal.
741 5549 940 5613 Lxxvr,
974 5534 1071 5604 14.
1162 5536 1193 5587 8
1221 5534 1369 5597 Dan.
1402 5551 1467 5611 ιι,
1503 5534 1601 5605 22.
1691 5536 1723 5595 9
1750 5534 1887 5602 Job.
1923 5555 1983 5623 v,
2017 5545 2041 5602 t

2178 5536 2203 5605 Ι
2233 5538 2368 5605 Cor.
2403 5550 2494 5625 Ill,
2528 5539 2625 5602 19.
2715 5537 2767 5581 ¹⁰
2793 5537 2925 5605 Job.
2960 5554 3080 5616 xvr,
3114 5541 3215 5606 20.
