4020 6142
278 265 393 337 637

1449 265 1914 334 MARTYBIUM
1969 267 2027 330 S.
2092 265 2474 331 EUGENI/E.

3523 261 3637 332 638

274 429 332 465 τε
387 411 479 464 τὸν
525 405 685 476 αὐτῆς
743 405 919 465 αἴτιον
977 404 1230 486 ἰσχυρῶς,
1297 403 1412 463 οὐδὲ
1469 411 1624 463 τανῦν
1682 405 1823 484 φέρει
1887 407 1914 460 ὁ

2016 402 2098 484 lui
2157 413 2246 464 est
2303 404 2434 484 ejus
2493 410 2724 480 auctor,
2782 400 3041 481 graviter
3098 399 3485 480 sauciaretur,
3539 421 3637 468 res

280 511 394 562 τοῖς
469 496 661 562 καλοῖς
721 496 1080 570 ἀντικείμενος
1109 537 1127 569 ,
1179 495 1314 552 ἀλλά
1369 500 1475 551 τῶν
1539 492 1916 571 Ἀλεξανδρέων

274 587 420 651 τινὰς
455 586 694 644 ὑπελθὼν
741 587 792 644 οἵ
826 586 1040 660 πλούτῳ
1083 586 1180 661 μὲν
1238 587 1324 642 καὶ
1377 585 1685 663 περιφανείᾳ
1728 605 1916 662 περιτ-

269 681 374 741 ⁸ιὼς
431 681 617 757 εἶχον,
656 678 760 733 ὑπὸ
803 674 856 731 δὲ
900 680 1000 741 τῆς
1043 675 1161 753 περὶ
1219 675 1286 731 τὰ
1316 672 1515 731 εἴδωλα
1562 675 1750 750 μανίας
1781 695 1916 752 κρα-

266 773 430 830 ταιῶς
495 765 740 845 εἴχοντο,
805 767 969 822 πείθει
1031 765 1096 819 τὰ
1153 762 1394 839 βασίλειά
1450 765 1508 820 τε
1565 759 1910 836 καταλαϐεῖν,

265 858 354 912 καὶ
409 867 534 919 τοῖς
579 857 828 932 κρατοῦσι
885 852 1272 932 προσελθόντας
1334 854 1425 910 τὸν
1509 853 1606 928 μὲν
1667 855 1766 930 πρὸ
1825 874 1915 908 του

267 946 466 1024 χρόνον
498 947 672 1002 εἰπεῖν
714 943 922 1000 ἅπαντα
954 941 1130 1005 καλῶς
1163 964 1220 998 τε
1257 949 1320 1019 τῆ
1350 941 1498 1021 ἀρχῆ
1527 944 1616 998 τὸν
1645 941 1913 998 Φίλιππον

268 1033 560 1108 διαπρέψαι
620 1034 708 1090 καὶ
760 1032 1109 1089 εὐσεϐέστατα
1167 1031 1467 1098 διατεθῆναι
1511 1033 1577 1088 τὰ
1621 1033 1738 1098 περὶ
1791 1031 1914 1095 τοὺς

269 1123 443 1201 θεούς,
508 1123 617 1178 νυνὶ
675 1120 752 1195 δὲ,
811 1122 959 1201 φασὶ,
1020 1119 1238 1176 δέκατον
1294 1119 1423 1199 ἔτος
1469 1123 1563 1178 οὒκ
1623 1119 1729 1177 οἷδ’
1772 1119 1800 1176 ὅ
1858 1135 1912 1175 τι

269 1212 453 1269 παθὼν
512 1212 699 1268 ἑαυτόν
756 1233 812 1267 τε
870 1212 956 1267 καὶ
1013 1215 1186 1266 πᾶσαν
1248 1210 1348 1276 τῆν
1407 1208 1562 1266 πόλιν
1619 1209 1911 1287 ἀνατρέψαι

271 1301 608 1375 διενοήσατο,
653 1302 752 1368 τὴν
809 1306 914 1356 τῶν
963 1298 1227 1376 μεγίστων
1275 1298 1408 1355 θεῶν
1478 1299 1640 1374 τιμὴν
1681 1300 1752 1362 εἰς
1798 1299 1912 1364 ἐνὸς

271 1391 552 1467 ἀνθρώπου
620 1389 862 1464 λατρείαν
941 1389 1286 1467 μεταγαγὼν,
1358 1388 1417 1442 ὃν
1472 1391 1528 1444 ἒν
1589 1387 1912 1465 Παλαιστίνῃ

270 1481 403 1558 πρὸς
455 1478 720 1537 Ἰοδδαίων
777 1478 1218 1535 ἀνέσκολοπίσοαι
1304 1476 1544 1555 λέγουσι.
1602 1478 1780 1554 Ταύτῃ
1839 1500 1920 1535 τοι

279 1573 367 1626 καὶ
428 1568 585 1626 ἔλυσε
671 1569 768 1641 μὲν
852 1568 944 1634 ἔθη
1027 1568 1222 1644 πάτρια
1258 1614 1274 1646 ,
1332 1567 1554 1643 ἐτίμησε
1627 1565 1682 1623 δὲ
1731 1568 1924 1642 νόμους

281 1659 457 1739 νέους,
510 1659 833 1736 προετίμησε
878 1657 933 1712 δὲ
975 1657 1096 1718 τοὺς
1141 1654 1354 1718 ἀσεϐεῖς
1398 1658 1574 1731 ἡμῶν,
1638 1659 1724 1714 καὶ
1768 1679 1924 1714 συνε-

280 1747 477 1812 λόντας
535 1749 729 1821 εἰπεῖν,
762 1745 904 1804 οὗδέν
953 1752 1061 1803 τῶν
1111 1747 1185 1808 είς
1230 1747 1532 1823 ἀνατροπὴν
1589 1743 1726 1810 ὅλως
1771 1747 1926 1822 ἡμῶν

282 1859 338 1894 τε
367 1839 459 1894 καὶ
501 1841 634 1894 θεῶν
695 1835 1038 1894 ἀπολέλοιπε.
1098 1843 1273 1892 Ταῦτα
1328 1837 1373 1892 οἱ
1422 1835 1667 1911 βασιλεῖς
1711 1834 1925 1893 διακού-

281 1949 474 1986 σαντες
534 1923 905 1984 ἐπιστέλλουσι
951 1921 1126 1980 τοιάδε
1184 1923 1436 1997 Φιλίππῳ
1477 1945 1491 1959 ’
1551 1930 1612 1984 Ὀ
1673 1926 1769 2000 μὲν
1824 1927 1924 2003 πρὸ

279 2020 437 2092 ἡμῶν
499 2018 768 2079 θειότατος
822 2014 1145 2093 Αὔγουστος,
1179 2015 1502 2092 θεραπευτὴν
1532 2013 1657 2072 ὄντα
1709 2037 1767 2070 σε
1821 2020 1926 2070 τῶν

279 2110 414 2164 θεῶν
474 2104 649 2184 εἰδὼς,
716 2106 805 2161 καὶ
863 2105 980 2181 περὶ
1023 2105 1119 2166 τὰς
1169 2104 1364 2159 τούτων
1420 2105 1579 2179 τιμὰς
1610 2101 1920 2175 σπουδαῖον,

282 2198 548 2273 μεγίστην
591 2217 675 2251 σοι
719 2193 812 2250 καί
857 2195 1013 2256 αὐτὸς
1074 2192 1378 2273 παρέσχετο
1436 2195 1534 2261 τῆν
1594 2193 1789 2274 ἀρχὴν,
1841 2195 1928 2250 καὶ

282 2285 466 2364 ὥσπερ
526 2283 748 2359 βασιλέα
807 2281 1011 2358 μᾶλλον
1072 2281 1108 2350 ἢ
1169 2281 1406 2363 ἔπαρχον
1457 2283 1635 2348 πάσης
1693 2282 1928 2363 ἄρχοντα

284 2380 387 2440 τῆς
447 2373 709 2450 Αἰγύπτου
770 2372 1212 2451 διαχειροτόνηιιε,
1245 2374 1334 2428 καὶ
1367 2370 1634 2447 μηδέποτέ
1686 2393 1744 2428 σε
1800 2371 1928 2451 ἄχρι

289 2464 385 2518 καὶ
441 2459 699 2523 διατελεῖς
742 2468 872 2540 ζῶν,
908 2461 1003 2528 τῆς
1046 2462 1222 2541 ἀρχῆς
1268 2461 1464 2528 ταύτης
1496 2461 1927 2541 ἀποχειροτονη-

293 2555 450 2618 θῆναι
503 2549 906 2623 διεκελεύσατο,
966 2549 1105 2607 ἀλλὰ
1154 2548 1659 2628 συνδιαμετρηθῆναι
1704 2557 1780 2626 τῷ
1832 2551 1929 2627 βίῳ

363 2641 378 2662 κ
476 2640 490 2658 ι
831 2630 844 2648 ⁸
1071 2637 1117 2658 \r
1359 2640 1373 2661 ς
1499 2641 1510 2658 ι
1870 2640 1880 2656 ο

289 2661 379 2696 και
442 2662 533 2706 την
577 2640 780 2718 ἀρχήν,
851 2646 1020 2715 Ημεῖς
1065 2649 1120 2695 οε
1165 2661 1246 2695 σοι
1290 2661 1377 2696 και
1418 2661 1609 2705 ταυτας
1665 2637 1927 2697 διασεσω-

285 2750 482 2802 καμεν,
518 2727 653 2785 ἀλλὰ
693 2735 856 2786 ταῦτα
915 2728 1108 2808 μέχρις
1168 2727 1226 2784 οὗ
1273 2728 1360 2784 καὶ
1403 2727 1561 2791 αὐτὸς
1605 2727 1752 2809 φίλος
1813 2742 1928 2790 τοῖς

285 2822 433 2882 θεοῖς
496 2817 788 2897 ἐτύγχανες
857 2817 954 2879 ὤν,
1027 2818 1178 2874 Ἐπεὶ
1233 2816 1287 2873 δὲ
1353 2824 1440 2874 νῦν
1497 2815 1931 2896 διατεθρόλληται

285 2909 404 2985 περὶ
445 2917 565 2987 σοῦ,
613 2907 676 2962 τά
731 2927 790 2962 τε
848 2908 975 2984 πρὸς
1021 2907 1167 2968 θεοὺς
1231 2903 1556 2979 μεταϐαλεῖν
1613 2927 1670 2962 σε
1719 2910 1815 2962 καὶ
1867 2907 1934 2962 τὰ

291 2999 420 3070 πρὸς
494 2998 640 3071 ἡμᾶς
713 2994 808 3052 οὒκ
883 2998 1138 3056 εὖθοίκῶς
1199 2993 1392 3072 ἔχειν,
1449 2995 1846 3073 προστάττομεν
1898 2994 1934 3062 ἢ

290 3085 551 3164 ἐχόμενόν
585 3106 643 3140 σε
674 3089 782 3141 τῶν
824 3085 1088 3162 προτέρων
1120 3081 1337 3162 ἔχεσθαι
1390 3085 1478 3140 καὶ
1515 3083 1613 3151 τῆς
1671 3089 1857 3158 τιμῆς,
1898 3082 1935 3150 ἢ

285 3173 682 3252 ἀποστέρξαντα
731 3175 792 3230 τὸ
871 3175 990 3249 περὶ
1041 3174 1162 3237 τοὺς
1235 3173 1380 3236 θεοὺς
1440 3171 1596 3237 σέϐας
1668 3176 1933 3239 παυθῆναι

286 3264 376 3319 καὶ
404 3264 500 3331 τῆς
547 3264 748 3343 ἀρχῆς,
797 3265 856 3319 οὗ
899 3262 1006 3337 μὴν
1041 3261 1095 3317 δὲ
1155 3259 1293 3317 ἀλλὰ
1336 3263 1424 3318 καὶ
1477 3262 1750 3342 ἀφαίρεσιν
1794 3263 1932 3319 ὑπο·-

288 3357 482 3419 στῆναι
514 3352 609 3408 καί
641 3357 737 3418 τῆς
784 3352 984 3416 οὐσίας.

374 3529 530 3605 [ἶς’.
578 3533 750 3588 Ταῦτα
791 3527 1075 3604 δεξάμενον
1134 3530 1221 3586 καὶ
1264 3527 1557 3604 ἀναγνόντα
1615 3529 1704 3584 τὸν
1733 3527 1933 3585 Φίλιπ-

287 3643 417 3699 πον,
465 3620 618 3676 νόσον
664 3619 1001 3696 ὑποκριθῆναι
1060 3617 1159 3683 ἕως
1219 3615 1634 3686 διαπωλήσαντα
1691 3618 1787 3685 τὴν
1841 3617 1935 3674 οὒ-

293 3711 417 3766 σίαν
476 3707 608 3788 διχῆ
673 3706 893 3788 διελεῖν,
945 3709 1032 3764 καὶ
1092 3709 1157 3764 τὰ
1225 3705 1322 3780 μὲν
1380 3705 1709 3786 ἐκκλησίαις,
1769 3707 1835 3762 τὰ
1885 3704 1937 3761 δὲ

291 3811 550 3878 πτωχοῖς
603 3795 872 3872 διανεῖμαι
916 3810 1036 3860 τοῖς
1071 3796 1168 3852 ἀνά
1214 3801 1384 3851 πᾶσαν
1416 3795 1512 3878 τῂν
1544 3793 1938 3873 Ἀλεξάνδρειάν

288 3909 352 3944 τε
407 3889 495 3944 καὶ
539 3888 704 3955 αὒτῆν
778 3885 1046 3963 Αἴγυπτον
1107 3890 1400 3959 περιοῦσιν,
1455 3870 1554 3939 Ἠν
1611 3882 1665 3938 δὲ
1710 3887 1769 3940 οὒ
1822 3887 1938 3959 περὶ

288 3979 358 4034 τὸ
388 3976 566 4054 λέγειν
613 3977 772 4050 μόνον
805 3979 832 4031 ὁ
863 3974 1128 4036 Φίλιππος
1161 3973 1371 4051 ἐνεργὸς
1415 3974 1515 4039 τὴν
1573 3970 1814 4050 γλῶττα)
1865 3993 1937 4036 ως

289 4065 532 4129 πολλοὺς
591 4073 696 4122 τῶν
751 4063 1027 4132 Ἐλλήνων
1107 4065 1435 4136 μεταμαθεῖν
1495 4061 1595 4127 τὴν
1647 4060 1934 4132 εὐσέϐειαν,

287 4155 436 4213 ἀλλά
477 4157 564 4211 καὶ
592 4156 684 4212 τὸν
715 4157 825 4232 βίον
871 4151 1280 4231 θεοφιλέστατος
1338 4151 1424 4206 καὶ
1455 4149 1886 4229 φιλοσοφώτατος
1915 4169 1932 4187 ο

288 4246 436 4304 ὥστε
493 4251 664 4301 πᾶσαν
713 4244 810 4310 τὴν
855 4239 1239 4319 Ἀλεξανδρέων
1289 4243 1440 4316 κοινῇ
1485 4241 1650 4317 ψήφῳ
1678 4241 1808 4317 πρὸς
1837 4239 1936 4306 τὴν

290 4335 601 4400 ἐπισκοπὴν
658 4335 815 4392 αὐτὸν
873 4329 1313 4408 μετακαλεῖσθαι.
1375 4328 1502 4385 "Ott
1559 4326 1613 4383 δὲ
1670 4331 1757 4384 καὶ
1822 4329 1938 4407 περὶ

289 4425 396 4492 τὴν
440 4425 616 4480 πίστιν
670 4422 734 4488 ῆν
789 4420 1109 4497 θερμότατός
1169 4441 1224 4474 τε
1267 4418 1354 4474 καὶ
1414 4415 1870 4497 στεναγνιύτατος,
1903 4419 1936 4485 ἡ

2003 500 2330 571 praesentes
2362 511 2478 554 non
2510 492 2863 574 patitor,qui
2895 498 2986 552 est
3016 489 3190 553 bonis
3214 492 3589 554 adversarius
3621 511 3634 554 :

2001 581 2105 641 sed
2139 581 2311 643 tacite
2343 599 2408 642 se
2438 581 2748 642 insinuans
2799 580 3153 661 quibusdam
3198 580 3640 658 Alexandrinis,

2001 669 2102 750 qui
2133 678 2303 731 erant
2326 671 2547 732 divitiis
2576 670 2816 752 quidem
2853 677 2912 731 et
2937 669 3177 749 generis
3203 670 3530 750 splendore
3559 669 3645 734 in-

2000 758 2220 838 signes,
2279 759 2736 822 simulacrorum
2789 768 2983 821 autem
3018 759 3213 822 cultus
3257 759 3445 821 furori
3481 769 3648 822 erant

1997 847 2269 928 impense
2299 847 2506 922 dediti,
2543 849 2864 930 persuadet
2895 849 3004 930 eis,
3052 857 3116 910 ut
3150 856 3285 911 eant
3317 850 3374 910 in
3421 849 3643 928 regiam

1998 944 2056 998 et
2084 937 2443 1000 accedentes
2475 939 2547 1000 ad
2572 939 3220 1019 imperatores,dicant,
3250 948 3370 1000 toto
3401 940 3642 1020 quidem

1999 1027 2358 1108 praecedenti
2388 1037 2658 1109 tempore
2687 1047 2752 1090 se
2774 1028 2833 1090 in
2860 1029 3205 1109 magistratu
3241 1029 3485 1109 pulchre
3500 1049 3641 1108 ges-

1999 1115 2150 1177 sisse
2174 1116 2513 1198 Philippum
2550 1167 2565 1193 ,
2599 1125 2660 1180 et
2690 1118 2858 1179 valde
2889 1119 2985 1199 pie
3016 1120 3286 1181 affectum
3338 1119 3524 1180 fuisse
3582 1119 3643 1179 in

1994 1205 2163 1269 deos.
2197 1205 2364 1268 Nunc
2393 1215 2612 1283 autem,
2649 1207 2950 1288 inquiunt,
2974 1209 3274 1270 nescimus
3306 1229 3421 1289 quo
3455 1217 3640 1285 motu,

1990 1295 2113 1374 jam
2145 1295 2356 1357 decem
2390 1296 2564 1358 annis
2595 1295 2831 1372 abhinc,
2891 1305 2948 1359 et
2978 1316 3044 1358 se
3071 1306 3122 1360 et
3159 1307 3342 1360 totam
3380 1306 3644 1359 nostram

2002 1385 2300 1448 civitatem
2330 1387 2388 1447 in
2421 1389 2620 1448 animo
2652 1386 2860 1448 habuit
2885 1395 3174 1462 evertere,
3208 1389 3435 1449 honore
3467 1389 3651 1450 maxi-

2008 1491 2238 1535 morum
2284 1475 2533 1537 deorum
2568 1475 2837 1537 traducto
2881 1477 2953 1538 ad
2987 1477 3209 1538 cultum
3245 1477 3419 1537 unius
3446 1477 3648 1538 homi-

2007 1563 2303 1644 nis,quem
2330 1564 2534 1626 dicunt
2577 1564 2638 1626 in
2673 1566 2990 1628 Palaestina
3020 1566 3205 1629 fuisse
3236 1567 3584 1629 crucifixum
3614 1585 3649 1627 a

2005 1653 2343 1716 Judaaitha
2371 1673 2568 1716 mores
2597 1654 2840 1736 quidem
2872 1656 3045 1717 solvit
3072 1657 3320 1736 patrios,
3341 1655 3650 1718 honoravit

1951 1781 1987 1831 Β
2009 1761 2150 1806 vero
2175 1762 2352 1806 novas
2379 1745 2563 1824 leges,
2590 1745 2804 1826 impios
2834 1754 3030 1807 autem
3064 1745 3234 1806 nobis
3262 1745 3542 1825 praetulit,
3586 1754 3646 1806 et

2011 1843 2074 1895 ut
2123 1834 2306 1896 semel
2341 1833 2635 1910 dicamus,
2696 1835 2846 1897 nihil
2907 1836 3152 1897 omnino
3203 1835 3404 1896 omisit
3436 1853 3643 1897 eorum

2011 1942 2147 2001 quae
2178 1923 2483 2005 pertinent
2518 1924 2589 1985 ad
2644 1942 2755 1986 nos
2802 1933 2860 1986 et
2909 1925 3056 1986 deos
3087 1926 3460 1986 evertendos.
3511 1923 3650 1986 Haec

2009 2031 2143 2074 cum
2177 2013 2508 2074 audiisseut
2553 2013 2975 2092 imperatores,
3040 2014 3163 2076 haec
3227 2013 3506 2075 scribunt
3575 2011 3648 2074 ad

2008 2100 2350 2182 Philippum
2389 2121 2403 2160 :
2439 2101 2538 2182 qui
2572 2120 2679 2162 nos
2711 2102 2951 2182 quidem
3009 2103 3315 2183 praecessit
3344 2101 3650 2164 divinissi-

2015 2207 2141 2250 mus
2173 2195 2622 2263 Augustus,cum
2662 2204 2713 2250 te
2741 2193 2907 2250 sciret
2941 2209 3064 2251 esse
3095 2195 3374 2252 cultorem
3397 2197 3650 2259 deorum,

2013 2286 2070 2337 et
2100 2276 2347 2338 honoris
2377 2295 2584 2338 eorum
2619 2295 2752 2338 esse
2785 2277 3315 2357 studiosissimum,
3341 2279 3468 2357 ipse
3500 2296 3652 2358 quo—

2013 2384 2126 2445 que
2159 2365 2263 2427 tibi
2297 2368 2614 2428 maximum
2651 2364 2905 2445 praebuit
2937 2366 3346 2446 imperium,et
3375 2375 3651 2446 tanquam

2011 2472 2216 2532 regem
2255 2454 2449 2533 potius
2482 2473 2658 2535 quam
2716 2455 3082 2533 praefectum,
3126 2455 3303 2533 elegit
3338 2455 3650 2533 praesidem

2011 2544 2240 2624 [Egypti
2267 2566 2284 2621 ;
2311 2563 2423 2606 nec
2448 2545 2799 2624 te,quandiu
2824 2545 3072 2620 viveres,
3099 2543 3172 2605 ab
3198 2545 3308 2605 hoc
3335 2546 3514 2625 jussit
3548 2562 3651 2604 re-

2013 2634 2233 2694 moveri
2268 2634 2635 2713 magistratu,
2686 2635 2791 2694 sed
2847 2652 2979 2695 cum
3045 2634 3176 2695 vitae
3227 2641 3494 2714 tempore
3546 2631 3654 2692 tibi

2012 2741 2146 2786 esse
2177 2724 2558 2785 demensum.
2595 2725 2716 2785 Nos
2737 2731 2932 2784 autem
2960 2721 3065 2784 tibi
3088 2730 3147 2783 et
3176 2724 3334 2784 hunc
3365 2723 3650 2782 honorem

2016 2812 2521 2892 conservavimus,
2573 2819 2630 2872 et
2683 2831 2800 2873 non
2835 2830 3060 2893 paucos
3091 2812 3239 2872 alios
3295 2809 3651 2890 adjecimus.

2015 2899 2132 2964 Sed
2169 2904 2312 2975 haec,
2369 2901 2628 2982 quandiu
2686 2901 2845 2962 fuisti
2901 2901 3015 2963 diis
3063 2902 3313 2963 amicus.
3361 2899 3652 2971 Quoniam

2017 3007 2158 3052 vero
2189 3009 2347 3052 nunc
2378 2992 2452 3052 de
2483 2999 2537 3052 te
2566 2992 2847 3070 jactatum
2882 2997 2971 3052 est
3026 2992 3085 3051 in
3139 2992 3367 3070 vulgus,
3405 2989 3564 3065 quod
3601 2995 3658 3050 et

2018 3082 2076 3141 in
2110 3079 2400 3158 religione
2433 3081 2676 3142 deorum
2710 3081 2791 3142 sis
2847 3087 3128 3156 mutatus,
3164 3098 3275 3141 nec
3303 3077 3474 3139 nobis
3507 3077 3659 3140 bene

2021 3170 2187 3244 velis,
2213 3171 2595 3250 jubemus,ut
2625 3178 2724 3231 aut
2752 3168 3085 3231 insistendo
3119 3168 3422 3249 prioribus
3452 3167 3512 3228 in
3547 3168 3657 3228 ho—

2016 3275 2164 3321 nore
2193 3268 2676 3340 permaneas,aut
2701 3259 2749 3319 si
2773 3258 3020 3320 deorum
3044 3258 3264 3320 cultum
3300 3257 3657 3337 repudiave-

2017 3350 2119 3429 ris,
2155 3365 2354 3411 cesses
2379 3349 2553 3410 etiam
2589 3367 2799 3428 gerere
2831 3348 3264 3428 magistratum,
3297 3349 3438 3427 quin
3482 3345 3658 3407 etiam

2018 3438 2361 3499 facultatum
2395 3438 2614 3500 subeas
2644 3437 3030 3500 ablationem.

2097 3525 2452 3590 XXVlHaec
2470 3547 2605 3588 cum
2631 3528 2962 3607 accepisset
2985 3536 3041 3588 et
3066 3524 3656 3604 legissetl’l‘iilippus,

2021 3616 2294 3677 morbum
2327 3616 2646 3696 simulavit,
2712 3616 2908 3677 donec
2957 3613 3206 3675 venditis
3257 3612 3656 3686 facultatibus,

2021 3722 2122 3764 eas
2152 3703 2466 3784 dupliciter
2497 3705 2788 3784 diviserit,
2837 3711 2894 3764 et
2926 3709 3150 3783 partem
3185 3701 3422 3780 quidem
3459 3700 3658 3762 eccle-

2025 3794 2151 3872 siis,
2185 3800 2408 3872 partem
2461 3803 2658 3856 autem
2715 3791 3074 3873 pauperibus
3105 3790 3498 3869 distribuerit,
3560 3790 3660 3870 qui

2022 3891 2190 3943 erant
2243 3899 2348 3962 per
2407 3889 2584 3943 totam
2647 3879 3068 3944 Alexandriam
3121 3886 3177 3940 et
3238 3879 3422 3958 ipsam
3480 3879 3658 3958 XEgy-

2024 3979 2209 4052 ptum.
2263 3969 2402 4032 Erat
2456 3989 2592 4032 vero
2625 3969 2935 4051 Philippus
2968 3987 3086 4029 non
3120 3967 3312 4030 solum
3375 3968 3577 4046 lingua
3603 3969 3664 4030 in

2021 4060 2274 4122 dicendo
2305 4060 2617 4140 facundus,
2672 4060 2820 4121 adeo
2877 4067 2940 4120 ut
2997 4058 3166 4119 multi
3220 4057 3472 4136 gentiles
3536 4060 3666 4138 ejus

2021 4148 2407 4230 persuasione
2439 4149 2718 4230 pietatem
2752 4147 3099 4221 didicerint,
3155 4148 3256 4208 sed
3313 4149 3492 4209 etiam
3549 4149 3667 4208 vita

2023 4238 2280 4299 maxime
2314 4238 2448 4318 pius
2509 4248 2568 4300 et
2602 4238 3020 4320 philosophus,
3075 4237 3224 4299 adeo
3283 4246 3347 4297 ut
3395 4242 3669 4297 universa

2026 4327 2377 4389 Alexandria
2433 4329 2737 4390 communi
2786 4326 3066 4403 suffragio
3126 4344 3261 4387 eum
3322 4326 3546 4386 vocarit
3592 4325 3666 4386 ad

2022 4418 2454 4497 episcopatum.
2518 4416 2688 4489 Quod
2721 4425 2916 4478 autem
2950 4415 3008 4476 in
3042 4415 3155 4477 ﬁde
3207 4433 3442 4496 quoque
3489 4413 3668 4474 fuerit

284 4513 528 4580 δήλωσις
557 4511 617 4567 ἐκ
646 4511 738 4566 τοῦ
793 4509 997 4574 τέλους.
1060 4506 1289 4578 Τελευτᾷ
1335 4507 1435 4584 γὰρ
1480 4507 1569 4561 τὸν
1624 4507 1736 4582 βίον
1796 4528 1929 4584 μαρ-

2024 4507 2356 4568 acerrimus
2387 4516 2443 4568 et
2475 4505 3016 4580 constantissimus,
3040 4523 3108 4566 ex
3145 4505 3260 4565 ﬁne
3289 4503 3662 4565 ostendetur.

287 4604 469 4675 τυρίου
540 4599 782 4679 στεφάνῳ
838 4599 1118 4672 κοσμήσας
1194 4596 1292 4662 τὴν
1356 4593 1618 4674 κεφαλήν.
1666 4594 1940 4670 Πέμπεται

293 4699 426 4770 γοῦν
453 4688 702 4768 διάδοχος
740 4688 878 4762 αὖτῷ
908 4687 1004 4754 τῆς
1058 4688 1234 4765 ἀρχῆς
1296 4683 1597 4762 Ταρέντιος,
1633 4685 1690 4747 ὃς
1721 4684 1836 4760 ἅμα
1886 4705 1942 4740 τε

295 4788 370 4856 τῆ
433 4777 820 4856 Ἀλεξανδρέων
897 4772 1064 4843 ἐπέϐη
1148 4776 1237 4831 καὶ
1308 4775 1482 4829 πάντα
1553 4773 1731 4829 κάλων
1784 4775 1943 4831 ἐκίνει

297 4869 556 4943 Φιλίππῳ
588 4869 687 4935 τὴν
739 4867 1001 4935 ἀναίρεσιν
1057 4862 1504 4942 σκαιωρουμένος.
1561 4862 1710 4920 Ἐπεὶ
1755 4863 1809 4919 δὲ
1867 4865 1944 4938 μη

298 4958 532 5026 ἠδύνατο
585 4963 818 5034 φανερῶς
879 4957 1034 5014 αὐτὸν
1116 4953 1326 5010 ἀνελεῖν
1399 4950 1557 5031 (πολὺ
1614 4953 1712 5031 γὰρ
1776 4953 1843 5020 ἧν
1886 4955 1946 5009 τὸ

297 5048 428 5123 περί
471 5048 736 5103 Φίλιππον
779 5045 876 5112 τῆς
918 5044 1126 5108 πόλεως
1172 5042 1426 5123 φίλτρον),
1487 5040 1651 5120 λάθρα
1709 5063 1944 5119 κακουρ-

295 5150 390 5216 γεῖ
443 5138 543 5204 τὴν
575 5135 904 5215 μιαιφονίαν,
940 5135 1030 5190 καί
1057 5155 1158 5189 τισι
1219 5139 1323 5188 τῶν
1382 5131 1759 5210 προσποιήτων
1811 5138 1943 5209 Χρι-

296 5233 530 5286 στιανῶν
586 5227 653 5280 τά
709 5224 800 5280 τοῦ
857 5223 1120 5297 δράματος
1166 5221 1470 5301 ἐγχειρίσας
1531 5218 1614 5276 ἐπὶ
1647 5222 1738 5276 τὸν
1783 5221 1942 5300 φόνον

295 5315 654 5393 παρώρμησε,
689 5320 795 5370 τῶν
859 5310 1115 5389 βασιλέων
1176 5313 1303 5370 aut?)
1363 5309 1517 5365 τοῦτο
1563 5307 1768 5383 μᾶλλον
1815 5309 1940 5365 ἐπι-

298 5404 635 5484 τρεχᾶντων,
712 5405 764 5459 οἳ
815 5404 901 5458 καὶ
953 5399 1119 5480 κρύτρα
1169 5401 1298 5478 πρὸς
1349 5397 1616 5454 Φίλιππον
1673 5400 1940 5455 εἰσελθόν-

298 5516 384 5558 τες
445 5493 586 5571 εὖχῇ
645 5493 730 5547 καὶ
787 5489 964 5561 δεήσει
1043 5497 1113 5566 τῇ
1196 5490 1322 5568 πρὸς
1409 5489 1538 5544 Θεὸν
1599 5487 1942 5566 προκείμενον

302 5585 597 5662 ἀναιροῦσι.
658 5577 914 5648 Φοϐηθεὶς
960 5577 1012 5636 δὲ
1068 5578 1335 5658 Τερέντιος
1367 5579 1444 5654 μὴ
1488 5577 1575 5634 καὶ
1608 5579 1635 5638 ὁ
1665 5575 1833 5654 δῆμος
1883 5579 1944 5637 τὸ

2027 4597 2072 4656 Ε
2097 4603 2210 4656 vita
2243 4599 2400 4657 enim
2437 4596 2696 4672 excedit,
2734 4597 2926 4674 capite
2953 4593 3233 4657 redimite
3265 4612 3480 4654 corona
3517 4611 3667 4653 mar-

2027 4684 2181 4765 tyrii.
2242 4685 2610 4764 Magistratus
2670 4686 2867 4765 itaque
2929 4701 3246 4744 successor
3312 4684 3365 4742 ei
3417 4682 3665 4743 mittitur

2028 4775 2346 4832 Tertntius.
2380 4775 2487 4841 Qui
2516 4788 2645 4828 cum
2679 4775 2926 4842 primum
2955 4774 3197 4828 venisset
3233 4771 3661 4833 Alexandriam,

2029 4874 2266 4915 omnem
2301 4855 2573 4915 movebat
2626 4853 2964 4925 rudentem,
3017 4851 3271 4911 moliens
3328 4851 3666 4930 Philippum

2031 4948 2237 5009 tollere
2267 4947 2341 5007 de
2372 4946 2593 5008 medio.
2626 4944 2744 5005 Sed
2796 4945 3081 5024 quoniam
3116 4962 3234 5006 non
3272 4951 3498 5022 poterat
3529 4960 3667 5003 eum

2026 5049 2229 5120 aperte
2283 5038 2624 5098 interficere
2674 5038 2831 5116 (erat
2889 5035 3050 5096 enim
3106 5035 3362 5096 civitatis
3421 5052 3669 5110 magnus

2027 5146 2193 5189 amor
2223 5130 2280 5188 in
2318 5126 2704 5207 Philippum),
2737 5125 3072 5185 clanculum
3126 5122 3384 5184 admittit
3420 5122 3668 5201 parrici-

2025 5217 2213 5291 dium,
2250 5225 2470 5278 etcum
2522 5214 2878 5295 quibusdam
2928 5213 3078 5274 fictis
3130 5211 3480 5275 Christianis
3539 5228 3666 5270 rem

2026 5303 2844 5384 mandassetexsequendam,
2875 5302 2948 5364 ad
2981 5301 3200 5364 caedem
3236 5308 3331 5362 est
3353 5300 3666 5379 impulsus,

2025 5414 2158 5457 cum
2190 5396 2302 5456 hac
2335 5395 2389 5455 ei
2412 5393 2734 5474 jussissent
2764 5394 3180 5473 imperatores.
3213 5391 3255 5452 li
3303 5398 3498 5450 autem
3527 5407 3664 5450 cum

2028 5485 2176 5547 clam
2210 5485 2462 5562 ingressi
2493 5490 2694 5546 essent
2724 5483 2796 5543 ad
2833 5482 3500 5561 Philippum,intentum
3533 5496 3666 5558 pre-

2029 5575 2198 5639 cibus
2222 5582 2280 5638 et
2308 5574 2557 5638 orationi
2588 5571 2659 5635 ad
2689 5570 2898 5648 Deum,
2931 5590 3068 5635 eum
3095 5569 3306 5637 tollunt
3339 5568 3412 5633 de
3439 5569 3662 5634 medio.
