4056 6142
393 246 509 314 639

1689 247 1970 312 MENSIS
2017 247 2444 313 DEGEMBER.

3639 255 3750 323 640

386 386 626 450 Timore
653 403 792 449 vero
822 385 1067 452 aﬁ‘ectiis
1115 385 1454 460 Terentius,
1488 403 1564 449 ne
1623 385 1880 469 p0pulus
1933 385 2018 447 fa-

2111 386 2348 465 πραχθέν
2413 387 2646 463 μισήσας
2703 385 2823 447 κατ’
2878 390 3038 448 αὐτοῦ
3114 395 3308 470 κινηθῇ
3378 390 3464 450 καὶ
3519 393 3747 470 μάλιστα

388 487 548 540 ctum
580 495 736 557 aegre
791 479 1012 554 ferens,
1063 477 1347 540 adversus
1398 477 1592 556 ipsum
1661 482 2025 557 moveretur,

390 567 647 630 maxime
669 587 801 630 cum
831 577 982 630 esset
1009 576 1203 631 tantus
1228 568 1354 646 ejus
1379 585 1547 628 amor
1567 567 1628 628 in
1649 565 2025 646 Philippum,

381 657 554 739 jubet
582 658 1010 738 comprehendi
1043 675 1146 719 eos
1177 658 1278 738 qui
1338 657 1530 737 ipsum
1567 656 1938 735 occiderant,
1970 663 2029 718 et

389 748 608 828 conjici
631 747 690 809 in
723 765 1048 814 carcerem,
1081 764 1148 808 re
1203 746 1336 807 ﬁcta
1386 745 1634 807 studens
1687 745 1773 806 rei
1829 745 2027 807 celare

387 844 718 917 veritatem,
755 846 813 898 et
869 837 1171 898 seminans
1231 836 1656 916 suspicionem,
1692 835 1850 914 quod
1908 853 2026 896 non

393 928 788 1008 processisset
805 926 994 988 caedes
1018 944 1087 987 ex
1119 925 1250 1004 ejus
1283 925 1599 987 sententia.
1635 923 1864 986 Deinde
1889 943 2024 984 cum

393 1035 508 1077 non
542 1015 793 1078 multum
825 1016 1209 1096 prmteriisset
1233 1014 1546 1095 temporis,
1566 1013 2025 1094 imperatoribus

391 1105 618 1166 scilicet
645 1105 719 1164 ita
773 1105 1258 1180 decernentibus,
1317 1123 1420 1166 eos
1475 1103 1648 1164 solvit
1687 1123 1720 1165 a
1752 1103 2025 1166 vinculis.

389 1195 488 1258 Sic
510 1194 767 1256 decessit
787 1194 1117 1276 Philippus,
1152 1213 1287 1256 cum
1313 1202 1434 1256 tres
1475 1193 1603 1255 dies
1623 1193 1866 1256 vixisset
1897 1202 2029 1274 post

389 1285 616 1366 plagam
642 1295 972 1366 acceptam.
1009 1287 1168 1348 Intra
1224 1285 1522 1346 civitatem
1575 1300 1717 1345 vero
1743 1283 2030 1364 sepelitur

385 1373 624 1450 inloco,
659 1375 764 1451 qui
805 1375 1022 1437 dicitur
1072 1375 1276 1442 lsium,
1311 1372 1412 1434 ubi
1443 1378 1594 1454 ipse,
1644 1391 1780 1434 cum
1827 1371 2024 1435 adhuc

384 1463 631 1536 viveret,
666 1463 857 1524 aedem
891 1482 1116 1524 sacram
1147 1461 1476 1526 aediﬁcavit.

466 1551 705 1615 XXVII.
730 1552 993 1631 Eugenia
1022 1561 1242 1626 autem,
1282 1560 1414 1633 post
1450 1551 1833 1631 agnitionem,
1890 1569 2022 1612 cum

387 1642 518 1704 aliis
547 1641 874 1721 virginibus
905 1643 1083 1721 elegit
1113 1643 1464 1716 castitatem,
1504 1649 1561 1702 et
1595 1640 1766 1702 vitam
1802 1659 2024 1702 secun-

2114 474 2314 555 φίλτρῳ
2374 479 2596 552 τοιούτῳ
2651 480 2781 557 πρὸς
2839 479 3107 540 Φίλιππον
3171 482 3494 560 ἣμοσμένος,
3543 483 3744 554 συλλη-

2112 568 2302 644 φθῆναι
2347 569 2468 633 τοὺς
2516 568 2931 636 ἀποκτείναντας
2989 573 3145 629 αὐτὸν
3189 574 3275 628 καὶ
3333 579 3527 652 φρουρᾷ
3583 571 3744 642 δοθῆ-

2111 676 2196 710 ναι
2273 657 2641 738 προστάττει,
2727 657 3039 735 ἐπιπΛᾶστῳ
3117 661 3387 738 πράγματι
3459 666 3748 741 συγκρύψαι

2109 743 2335 811 τᾶληθὲς
2395 748 2792 826 μηχανώμενος
2878 749 3126 806 ὑπόνοιάν
3193 773 3250 807 τε
3306 749 3621 830 διασπείρων
3678 757 3750 820 ὡς

2109 832 2187 908 μὴ
2242 835 2378 890 κατὰ
2429 836 2650 914 γνώμην
2700 840 2841 909 αὒτῷ
2890 837 3150 916 προϐῆναι
3180 841 3271 896 τὸν
3301 839 3751 918 φόνον.”Επειτα

2109 925 2300 1002 μικροῦ
2354 924 2710 998 παρελθόντος
2793 927 3016 1005 χρόνου,
3099 929 3204 985 τῶν
3273 928 3537 1005 βασιλέων
3593 929 3748 1000 δῆθεν

2108 1010 2246 1068 οὕτω
2289 1014 2600 1091 κρινάντων,
2667 1015 2873 1081 ἀνίησιν
2925 1017 3109 1082 αὖτοὺς
3155 1021 3263 1074 τῶν
3319 1017 3548 1094 δεσμῶν.
3597 1021 3748 1078 Οὕτω

2109 1102 2373 1167 Φίλιππος
2429 1103 2700 1178 ἐτελεύτα,
2755 1104 2960 1183 ἡμέρας
3017 1120 3164 1184 τρεῖς
3205 1108 3341 1183 μετὰ
3387 1108 3485 1174 τὴν
3529 1107 3746 1187 πληγὴν

2109 1189 2388 1261 ἐπιζήσας,
2426 1194 2702 1273 Τυφχάνει
2735 1192 2790 1250 δὲ
2838 1197 3003 1276 ταφῆς
3049 1195 3184 1252 εἴσω
3229 1201 3320 1263 τῆς
3377 1196 3586 1260 πόλεως
3645 1198 3743 1277 ἐγ-

2110 1281 2202 1356 γύς
2247 1304 2346 1338 που
2395 1281 2486 1338 τοῦ
2527 1282 2852 1360 καλευμένου
2893 1284 3076 1360 ἰσίου,
3124 1284 3259 1344 ὅπου
3309 1285 3490 1367 αὐτὸς,
3550 1289 3746 1367 περιὼν

2110 1367 2211 1449 ἔτι,
2259 1375 2411 1427 οἷκον
2441 1373 2579 1449 ἱερὸν
2610 1373 2978 1450 ῴκοδομησεν.

2190 1553 2313 1607 ΚΖ’.
2376 1554 2594 1630 Εὒγενία
2637 1551 2691 1608 δὲ
2735 1554 2871 1628 μετὰ
2913 1555 3004 1610 τὸν
3076 1554 3478 1634 ἆναγνωρισμὸν
3539 1555 3744 1631 σύναμα

2109 1639 2197 1693 καὶ
2240 1635 2426 1706 ἄλλαις
2457 1642 2732 1719 παρθένοις
2785 1644 2996 1721 ἁγνείας
3050 1665 3107 1700 τε
3147 1645 3234 1700 καὶ
3284 1649 3375 1701 τοῦ
3432 1645 3569 1702 κατὰ
3613 1654 3744 1718 Χρι-

387 1733 528 1794 dum
560 1732 881 1795 Christum.
945 1737 1117 1795 Beata
1171 1752 1311 1794 vero
1368 1732 1635 1806 Claudia,
1671 1749 1846 1811 quam
1879 1729 2018 1791 Phi-

2109 1729 2232 1784 στὸν
2264 1729 2454 1809 εἴχετο
2499 1733 2633 1808 βίου.
2685 1731 2746 1789 Ἠ
2791 1731 2846 1789 δέ
2874 1755 2932 1810 γε
2964 1734 3196 1812 μακαρία
3243 1733 3491 1810 Κλαυδία,
3525 1735 3590 1803 ἣν
3647 1742 3742 1790 ψισ

387 1821 532 1902 lippi
561 1822 800 1902 quidem
832 1821 1388 1902 uxorem,Eugeniae
1410 1828 1607 1883 autem
1633 1827 1880 1881 matrem
1913 1837 2024 1881 an-

388 1918 482 1972 tea
521 1911 913 1986 ostendimus,
950 1912 1122 1974 aliam
1156 1930 1392 1993 quoque
1421 1912 1661 1972 domum
1716 1908 2027 1972 aediﬁcavit

388 1999 461 2059 ad
515 1999 900 2081 excipiendos
960 2001 1246 2081 hospites,
1305 2007 1516 2081 praeter
1566 2018 1694 2061 eam
1729 2016 1857 2080 quae
1905 2000 2024 2076 jam

387 2087 541 2149 facta
561 2089 810 2152 fuerata
833 2090 1063 2166 marito,
1103 2100 1374 2169 magnam
1425 2089 1539 2150 vim
1567 2089 1836 2170 pecuniae
1864 2089 1925 2149 in
1957 2107 2026 2149 ea

386 2196 742 2240 consecrans
771 2179 844 2240 ad
889 2198 958 2241 ea
987 2180 1582 2261 suppeditanda,qua3
1613 2187 1779 2239 erant
1806 2194 2024 2241 neces-

384 2268 537 2328 saria
565 2267 639 2329 iis
669 2269 772 2344 qui
792 2267 1239 2350 accipiebantur
1259 2269 1539 2350 hospitio.
1575 2268 1690 2331 Sed
1729 2268 1854 2328 haec
1883 2268 2024 2348 qui-

387 2357 523 2419 dem
555 2361 729 2432 sic,et
761 2361 1068 2440 hucusque
1097 2359 1359 2440 Eugenia
1389 2359 1564 2422 vitam
1597 2377 1762 2421 suam
1806 2357 1891 2419 sic
1923 2358 2021 2419 ad-

393 2448 766 2511 ministravit.
813 2447 950 2510 Vult
978 2456 1173 2510 autem
1210 2452 1396 2510 oratio
1437 2451 1568 2530 ejus
1598 2467 1834 2530 quoque
1867 2465 2020 2526 pra:-

385 2539 698 2602 clariorem
729 2540 858 2600 vitae
891 2539 1110 2600 exitum
1158 2539 1498 2615 ostendere,
1535 2548 1598 2598 ut
1641 2538 1742 2618 qui
1776 2539 2023 2616 insignis

384 2628 561 2690 fuerit
593 2647 812 2690 corona
848 2627 1130 2707 martyrii.
1186 2629 1507 2707 Aliquanto
1560 2626 1720 2688 enim
1757 2636 2023 2708 tempore

385 2727 515 2797 post
547 2726 796 2779 mortem
833 2717 1114 2796 Philippi,
1169 2717 1383 2795 conjux
1433 2718 1560 2796 ejus
1599 2716 1844 2778 Claudia
1887 2735 2020 2778 cum

383 2807 809 2888 assumpsisset
839 2805 1013 2867 ﬁlios.
1040 2804 1300 2879 Abitam,
1337 2807 1600 2886 inquam,
1631 2814 1689 2867 et
1719 2804 2018 2885 Sergium,

385 2906 442 2957 et
472 2905 754 2976 praeterea
776 2893 1120 2973 Eugeniam,
1144 2893 1206 2956 in
1232 2913 1502 2972 magnam
1535 2894 1782 2957 Romam
1816 2914 2020 2957 rever-

385 2983 746 3046 titur.Patria
767 2993 961 3045 autem
988 3002 1115 3045 eam
1153 2983 1410 3063 benigne
1465 2985 1703 3064 excipit,
1743 2993 1801 3047 et
1852 3003 2022 3047 sena-

385 3084 477 3136 tus
509 3073 912 3165 Romanorum
941 3074 1074 3154 ejus
1101 3073 1263 3165 ﬁlios
1295 3075 1458 3152 eligit
1486 3075 1559 3136 ad
1591 3074 1856 3154 insignes
1888 3095 1980 3137 ma
2003 3109 2080 3165 -α

385 3165 662 3243 gistratus
698 3185 712 3226 :
746 3162 979 3225 Abitam
1013 3163 1254 3240 quidem
1277 3165 1689 3243 proconsulem
1714 3165 2019 3243 Carthagi-

383 3254 496 3328 nis,
531 3252 802 3331 Sergium
867 3260 1063 3313 antem
1119 3253 1340 3314 Africae
1379 3254 1656 3315 vicarium
1694 3276 1707 3314 :
1743 3253 2023 3332 Eugeniae

381 3360 519 3404 vero
548 3341 881 3404 sufﬁciebat
909 3342 1036 3402 hac
1065 3341 1191 3402 sola
1249 3342 1502 3421 dignitas
1561 3343 1826 3404 omnium
1891 3362 2018 3404 ma-

380 3432 560 3504 xima,
595 3449 808 3510 nempe
840 3429 1046 3504 virtus,
1102 3438 1163 3491 et
1196 3433 1319 3493 Deo
1369 3440 1672 3512 parentem
1709 3431 1925 3513 vivere,
1959 3442 2020 3494 et

380 3521 601 3583 habere
622 3537 827 3581 secum
853 3520 998 3580 alias
1031 3539 1098 3581 ex
1126 3520 1360 3581 ﬁliabus
1383 3530 2012 3602 senatorum,quarum

379 3623 498 3672 erat
526 3614 673 3670 idem
705 3613 862 3669 zelus
894 3620 946 3671 et
979 3613 1127 3670 idem
1151 3613 1499 3671 institutum.
1527 3614 1683 3670 Inter
1714 3629 1854 3684 quas
1897 3622 2020 3672 erat

379 3718 496 3760 una
522 3698 768 3778 reliquis
798 3697 976 3775 longe
1026 3699 1399 3779 praestantior
1431 3716 1636 3760 revera
1687 3697 2016 3762 admirabi-

379 3788 452 3850 lis
480 3789 858 3868 Basilla,quas
883 3787 1134 3849 ducebat
1165 3788 1456 3866 originem
1488 3807 1556 3850 ex
1587 3806 1808 3867 genere
1832 3789 2016 3870 impe-

379 3877 618 3952 ratoris,
667 3897 798 3957 quze
847 3878 1024 3939 etiam
1084 3878 1459 3958 resplendnit
1508 3877 1788 3939 similiter
1837 3887 2019 3955 atque

377 3966 666 4043 Engenia,
719 3966 868 4027 sicut
913 3967 1108 4027 statim
1167 3967 1420 4029 dicetur.
1481 3967 1611 4046 Ipsa
1669 3966 1830 4028 enim
1882 3987 2015 4029 cum

378 4053 703 4128 Christum,
738 4064 797 4116 et
827 4074 959 4131 quze
1013 4063 1148 4116 sunt
1207 4058 1336 4137 ejus
1381 4055 1776 4127 admirabilia,
1840 4057 2017 4119 andi-

377 4145 537 4205 tione
567 4145 918 4224 accepisset,
951 4145 1095 4225 quin
1119 4145 1296 4206 etiam
1320 4145 1603 4206 audiisset
1625 4145 1699 4205 de
1729 4145 2012 4224 Eugenia,

379 4235 618 4297 maximi
649 4234 888 4315 quidem
921 4235 1176 4298 faciebat
1206 4236 1277 4297 ad
1304 4255 1430 4297 eam
1465 4236 1778 4310 ventitare,
1807 4244 1864 4297 et
1884 4255 2016 4298 esse

376 4323 709 4386 divinorum
743 4324 874 4402 ejus
905 4325 1218 4386 verborum
1252 4323 1574 4404 particeps.

454 4411 868 4475 XXVlIl.Cum
895 4413 967 4473 ab
998 4433 1069 4474 eo
1092 4421 1289 4474 autem
1313 4421 1643 4488 arceretur,
1671 4420 1730 4474 et
1763 4421 2015 4494 propter

377 4520 661 4581 sponsum
699 4502 1020 4582 (desponsa
1049 4503 1206 4562 enim
1237 4503 1430 4563 fuerat
1458 4501 1764 4583 Pompeio)
1795 4511 1853 4564 et
1878 4523 2010 4585 pro-

377 4599 508 4670 pter
537 4590 1012 4669 persecutionem
1052 4590 1190 4669 (jam
1243 4591 1402 4652 enim
1438 4610 1648 4670 magna
1679 4595 2010 4673 persecutio

373 4678 809 4740 accendebatur
826 4680 1460 4762 Christianis),invenit
1482 4684 1799 4763 quemdam
1819 4685 2010 4746 virum

375 4767 610 4829 ﬁdelem
644 4769 891 4830 latorem
915 4789 1153 4833 suorum
1179 4771 1583 4845 verborum,et
1606 4791 1711 4852 per
1733 4792 1866 4835 eum
1895 4793 2013 4834 non

373 4866 563 4920 cessat
595 4858 851 4937 mittere,
887 4861 1137 4921 multum
1195 4881 1408 4940 rogans
1456 4862 1808 4944 Eugeniam,
1840 4872 1902 4923 ut
1935 4863 2010 4925 de

371 4947 568 5009 divina
613 4948 729 5009 ﬁde
759 4952 957 5010 omnia
998 4950 1054 5012 ei
1088 4951 1302 5014 litteris
1331 4951 1645 5031 signiﬁcet.
1676 4953 1781 5015 llla
1813 4960 2009 5014 autem

371 5056 502 5099 cum
537 5039 784 5118 pulchre
813 5041 1015 5116 sciret,
1053 5050 1337 5122 quantum
1387 5042 1624 5104 intersit
1672 5043 1828 5103 inter
1859 5043 2009 5105 scri-

369 5137 606 5207 pturam
663 5136 720 5190 et
776 5148 1002 5204 vocem,
1038 5139 1094 5192 et
1149 5133 1308 5211 quod
1361 5151 1478 5194 non
1539 5132 1813 5194 similiter
1879 5132 2011 5213 quis

369 5218 843 5296 persuaseritaut
895 5221 1164 5282 docuerit
1194 5221 1487 5296 scribens,
1517 5231 1692 5304 atque
1725 5224 1799 5283 de
1829 5221 2010 5284 tantis

367 5306 549 5367 rebus
570 5307 891 5382 disserens,
928 5315 1210 5387 quoniam
1267 5312 1517 5373 multum
1566 5314 1818 5376 interest
1849 5312 2012 5373 inter

366 5395 546 5454 verba
578 5397 858 5471 animata,
895 5405 954 5458 et
1003 5398 1326 5460 inanimam
1383 5410 1794 5482 mortuamque
1829 5399 2006 5461 insti-

367 5483 676 5572 tutionem,
703 5485 964 5564 prudens
995 5487 1168 5548 simul
1214 5489 1526 5551 consilium
1561 5491 1715 5571 capit
1747 5499 1805 5551 et
1827 5493 2008 5572 juve-

367 5569 512 5640 nile.
545 5573 692 5636 Nam
727 5592 858 5636 cum
893 5577 1086 5638 Protae
1129 5587 1188 5641 et
1222 5577 1548 5662 Hyacinthe
1581 5569 2004 5667 persuasisset,

2109 1815 2304 1872 λίππου
2363 1821 2460 1892 μὲν
2518 1823 2782 1898 γαμετῆν,
2831 1823 3078 1899 Εὖγενίας
3137 1821 3191 1878 δὲ
3241 1823 3448 1898 μητέρα
3499 1827 3526 1880 ὁ
3585 1822 3741 1900 λόγος

2109 1910 2308 1984 φθάσας
2366 1907 2601 1980 ἐδήλωσε
2633 1960 2646 1983 ,
2706 1914 2793 1968 καὶ
2866 1911 3043 1989 ἕτερον
3113 1913 3267 1969 οἶκον
3342 1915 3414 1977 εἷς
3471 1911 3743 1992 ὑποδοχὴν

2109 1994 2266 2059 ξένων
2309 2004 2384 2070 τῷ
2426 2000 2526 2054 ὑπὸ
2575 2009 2662 2058 τοῦ
2703 1999 2886 2075 ἀνδρὸς
2931 1999 3036 2068 ἤδη
3087 2000 3358 2078 γενομένῳ
3417 1999 3750 2079 προσῳκοδό-

2109 2107 2274 2161 μησε,
2338 2086 2540 2154 πλῆθος
2597 2089 2650 2145 ἐν
2715 2092 2858 2164 αὒτῷ
2909 2091 3208 2168 χρημάτων
3266 2090 3605 2171 ἀφιερώσασα
3675 2094 3746 2155 είς

2106 2176 2372 2254 χορηγίαν
2440 2180 2546 2235 τῶν
2606 2179 2984 2256 προσηκόντων
3061 2177 3479 2254 ἐπιξενουμένοις
3550 2180 3744 2246 ἐπιτη-

2105 2262 2279 2326 δείων.
2334 2264 2501 2323 Ἀλλὰ
2545 2278 2708 2326 ταῦτα
2753 2269 2851 2343 μὲν
2894 2267 3052 2342 οὕτω,
3100 2270 3188 2324 καὶ
3234 2269 3484 2336 τοιαύτην
3529 2269 3750 2348 Εὐγενία

2105 2355 2165 2408 τὸ
2225 2354 2387 2434 μέχρι
2445 2355 2593 2414 τοῦδέ
2637 2359 2733 2425 τὴν
2779 2359 2895 2436 περὶ
2926 2359 3017 2414 τὸν
3047 2359 3158 2434 βίον
3210 2357 3370 2438 ἔσχεν
3417 2359 3740 2433 οἰκονομίαν,

2107 2442 2363 2500 Βούλεται
2406 2444 2460 2500 δὲ
2495 2449 2522 2502 ὁ
2553 2445 2711 2524 λόγος
2741 2449 2829 2504 καὶ
2873 2446 3239 2526 λαμπρότερον
3299 2449 3431 2522 αὐτῇ
3489 2445 3751 2514 ἐπιδεῖξαι

2105 2534 2164 2587 τὸ
2209 2531 2362 2596 τέλος
2403 2534 2496 2591 ἅτε
2541 2538 2627 2592 καὶ
2690 2545 2998 2616 μαρτυρικῴ
3047 2538 3290 2614 στεφάνῳ
3345 2535 3746 2612 δεδοξασμένον,

2108 2622 2288 2699 Χρόνῳ
2329 2624 2428 2699 γὰρ
2457 2623 2673 2702 ὕστερον
2706 2626 2840 2700 μετὰ
2913 2625 3166 2692 τελευτὴν
3195 2624 3462 2682 Φιλίππου
3492 2627 3527 2694 ἠ
3558 2626 3749 2682 σύνευ-

2108 2732 2193 2776 νος
2269 2709 2494 2769 Κλαυδία
2563 2714 2682 2779 τοὺς
2770 2712 2966 2776 παῖδας
3045 2712 3447 2794 παραλαϐοῦσα,
3531 2713 3745 2772 Ἀϐίταν

2107 2801 2243 2880 φημὶ
2297 2803 2383 2858 καὶ
2441 2802 2683 2882 Σέργιον,
2715 2805 2847 2881 πρὸς
2878 2801 2932 2858 δὲ
2980 2805 3067 2859 καὶ
3096 2806 3194 2870 τὴν
3241 2803 3510 2880 Εὗγενίαν,
3545 2806 3618 2866 εἰς
3647 2807 3744 2870 τὴν

2106 2893 2348 2968 μεγάλην
2391 2891 2629 2949 ἐπάνεισι
2671 2893 2906 2968 Ῥώμην,
2946 2891 3049 2950 Καῖ
3085 2895 3118 2960 ἡ
3174 2894 3366 2971 πατρὶς
3427 2893 3527 2968 μὲν
3583 2893 3744 2960 αὐτὴν

2106 2983 2338 3055 εὐμενῶς
2402 2979 2644 3062 δέχεται,
2689 2984 2848 3049 καὶὴ
2908 2985 3014 3038 των
3069 2973 3344 3057 Ῥωμαίων
3399 2981 3566 3058 βουλὴ
3617 2983 3754 3060 πρὸς

2106 3071 2278 3151 ἀρχὰς
2339 3071 2636 3148 ἐπισήμους
2707 3073 2828 3134 τοὺς
2889 3071 3082 3136 παῖδας
3146 3086 3473 3152 χειροτονεῖ,
3538 3069 3756 3128 Ἀϐίταν

2106 3163 2203 3236 μὲν
2251 3168 2350 3228 τῆς
2410 3162 2748 3240 Καρθαγένης
2817 3161 3131 3241 ἀνθῦπατον,
3222 3165 3320 3229 τῆς
3377 3161 3634 3240 Ἀφρικῆς
3698 3160 3756 3217 δὲ

2105 3252 2194 3306 τὸν
2256 3251 2477 3330 Σέργιον
2521 3251 2793 3330 οῦῒκάριον
2831 3269 2842 3282 ⁸
2895 3253 3110 3328 Εὖγενίᾳ
3141 3248 3194 3306 δέ
3223 3249 3372 3329 ἤρκει
3403 3253 3559 3308 τοῦτο
3590 3251 3755 3325 μόνον

2107 3340 2310 3415 ἀξίωμα
2354 3342 2415 3396 τὸ
2457 3341 2672 3396 πάντων
2716 3348 2925 3416 μεῖζον,
2974 3341 3007 3407 ἡ
3050 3340 3234 3419 ἀρετὴ,
3270 3343 3357 3396 καὶ
3398 3341 3460 3395 τὸ
3503 3341 3605 3395 ὑπὸ
3640 3345 3757 3411 Θεῷ

2107 3433 2224 3510 ζῇν,
2257 3431 2345 3486 καὶ
2391 3427 2553 3494 ἄλλας
2597 3436 2704 3487 τῶν
2732 3431 2828 3497 τῆς
2857 3429 3057 3506 βουλῆς
3089 3429 3387 3507 θυγατέρων
3432 3427 3582 3508 ἔχειν
3627 3426 3749 3503 μεθ’

2101 3519 2291 3586 ἑαυτῆς
2324 3525 2418 3575 τοῦ
2449 3517 2570 3574 ἴσου
2617 3517 2782 3589 ζήλου
2810 3521 2897 3574 καὶ
2942 3527 3034 3576 τοῦ
3087 3524 3288 3574 σκοποῦ
3345 3516 3754 3592 μεταποιουμέ-

2101 3631 2218 3671 νας.
2252 3607 2342 3666 Ἐν
2373 3613 2463 3666 αἶς
2493 3609 2578 3665 καὶ
2613 3610 2703 3684 μία
2734 3631 2814 3672 τις
2858 3607 2922 3674 ἧν
2951 3605 3136 3681 πολλῷ
3164 3613 3270 3662 τῶν
3303 3606 3504 3663 λοιπῶν
3535 3605 3751 3683 διενεγ-

2099 3721 2291 3776 κουσα,
2337 3701 2370 3767 ἡ
2429 3699 2706 3774 θαυμαστὴ
2765 3705 2840 3771 τῷ
2894 3695 3003 3753 ὄντι
3061 3695 3320 3770 Βασίλλα,
3372 3696 3431 3752 ἐκ
3473 3693 3756 3772 βασιλικοῦ

2101 3791 2192 3845 τοῦ
2247 3788 2427 3866 γένους
2482 3786 2851 3866 καταγομένη,
2890 3785 3005 3853 ἥτις
3043 3784 3139 3841 καὶ
3199 3783 3587 3863 παραπὶησίως
3644 3787 3752 3841 Εὖ-

2101 3878 2248 3955 γενίᾳ
2297 3876 2618 3953 διέλαμψεν,
2679 3879 2752 3940 ὼς
2812 3876 2998 3932 αὐτίκα
3070 3875 3381 3952 ῥηθήσεται.
3445 3871 3588 3940 Αὕτη
3649 3872 3752 3950 γὰρ

2103 3968 2320 4037 Χριστόν
2355 3989 2411 4023 τε
2441 3969 2528 4023 καὶ
2558 3967 2622 4022 τὰ
2680 3973 2769 4021 τοῦ
2805 3971 3030 4042 Χριστοῦ
3075 3964 3317 4037 θαύματα
3360 3960 3742 4040 παραλαϐοῦσα

2101 4055 2167 4112 δι’
2215 4058 2404 4136 ἀκοῆς,
2451 4056 2508 4112 ού
2556 4057 2662 4130 μὴν
2709 4053 2847 4112 ἀλλὰ
2878 4055 2964 4110 καὶ
3007 4057 3125 4128 περὶ
3161 4052 3409 4130 Εὖγενίας
3440 4051 3734 4124 ἀκούσασα,

2099 4149 2190 4202 τοῦ
2219 4148 2415 4208 παντὸς
2474 4145 2571 4220 μὲν
2613 4143 2757 4212 ἠξίου
2812 4144 2871 4198 τὸ
2910 4143 3052 4220 παρὰ
3109 4141 3306 4210 ταύτην
3357 4145 3608 4221 φοιτῆσαι
3639 4143 3735 4196 καὶ

2098 4258 2200 4293 των
2231 4235 2380 4291 θείων
2409 4233 2584 4313 λόγων
2614 4237 2774 4300 αὐτῆς
2811 4236 3134 4310 μετασχεῖν,

2179 4413 2317 4473 KH'.
2382 4415 2577 4472 Τούτου
2633 4411 2688 4468 δὲ
2747 4411 3026 4490 εἰργομένη
3071 4409 3154 4466 διά
3197 4432 3254 4467 τε
3300 4411 3388 4467 τὸν
3420 4415 3730 4487 μνηστῆρα,

2099 4505 2360 4580 Πομπηίῳ
2417 4504 2516 4582 γὰρ
2559 4502 2934 4578 ἐμνηστεύετο,
2967 4499 3052 4556 διά
3080 4521 3137 4556 τε
3191 4502 3276 4556 τὸν
3327 4499 3584 4577 διωγμὸν,
3633 4496 3736 4566 ἤδη

2093 4594 2192 4670 γὰρ
2237 4601 2574 4672 Χριστιανοϊς
2631 4591 2918 4664 ἀνήπτετο,
2952 4587 3110 4665 ἄνδρα
3163 4590 3281 4644 τινὰ
3324 4590 3508 4646 πισθὸν
3569 4592 3736 4664 πορθ-

2096 4683 2197 4760 μέα
2247 4688 2352 4739 τῶν
2411 4681 2585 4759 λόγων
2641 4680 2891 4759 εὖρίσκει,
2963 4681 3050 4736 καὶ
3112 4677 3180 4734 δι’
3237 4679 3396 4737 αὺτοῦ
3451 4677 3738 4752 πέμπουσα

2095 4773 2189 4828 οὒκ
2245 4772 2374 4827 ἀνίει
2433 4769 2608 4830 πολλὰ
2665 4768 2889 4843 δεομένη
2951 4773 3050 4835 τῆς
3116 4768 3366 4846 Εὖγενίας
3425 4766 3734 4845 γράμμασιν

2095 4863 2227 4935 αὖτῆ
2285 4859 2456 4916 πάντα
2511 4861 2576 4915 τὰ
2633 4860 2749 4935 περὶ
2796 4856 2892 4924 τῆς
2941 4857 3082 4918 θείας
3115 4857 3342 4919 πίστεως
3370 4854 3611 4933 γνώριμα
3639 4854 3738 4910 θέ-

2094 4925 2233 5011 σθαί,
2298 4940 2360 5005 Ἠ
2419 4948 2472 5004 δὲ
2521 4925 2714 5012 καλῶς.
2751 4943 2919 5002 εἰδυῖα
2973 4945 3098 5001 δσὸν
3157 4945 3218 5000 τὸ
3270 4925 3590 5009 ἔξαλλάττον
3621 4942 3734 5000 ἐστὶ

2093 5044 2299 5120 γραφῆς
2357 5040 2444 5094 καὶ
2496 5043 2702 5118 φωνῆς,
2745 5037 2834 5093 καὶ
2878 5036 2958 5092 ὃτι
3003 5036 3106 5114 οὔχ
3154 5033 3350 5111 ὁμοίως
3408 5033 3468 5090 ἄν
3499 5054 3578 5096 τις
3612 5033 3735 5088 πεί-

2095 5119 2231 5185 σειεν
2275 5129 2309 5197 ἢ
2339 5125 2584 5193 διδάξειεν
2629 5125 2956 5183 ἒπιστέλλων
2989 5123 3024 5193 ἢ
3058 5125 3172 5202 περὶ
3224 5121 3553 5189 τηλικούτων
3611 5119 3734 5178 δια-

2094 5218 2406 5296 λεγόμενος,
2454 5216 2565 5272 ἐπεὶ
2623 5217 2711 5272 καὶ
2765 5215 2826 5271 τὸ
2871 5215 3033 5290 μέσον
3078 5213 3340 5290 ἐμψύχων
3387 5210 3563 5288 λόγων
3597 5209 3735 5268 πολὺ

2092 5311 2179 5365 καὶ
2213 5308 2426 5387 ἀψύχου
2455 5306 2543 5362 καὶ
2604 5311 2788 5383 νεκρᾶς
2843 5305 3200 5382 εἰσηγήσεως,
3235 5300 3435 5378 βουλὴν
3478 5299 3736 5377 βουλεύε-

2090 5421 2176 5455 ται
2229 5398 2450 5464 συνετὴν
2494 5398 2628 5471 ὁμοῦ
2682 5396 2769 5452 καὶ
2832 5392 3101 5460 νεανικήν,
3161 5392 3395 5448 Πείσασα
3452 5391 3552 5468 γὰρ
3611 5391 3735 5452 τοὶς

2091 5491 2209 5568 περὶ
2266 5495 2484 5568 Πρωτᾶν
2542 5488 2629 5544 καὶ
2669 5487 2942 5543 Ὑάκινθον
3002 5487 3195 5566 σχῆμα
3239 5481 3482 5540 δουλικὸν
3533 5479 3735 5538 ὑποδῦ-

2093 5602 2198 5660 ναι,
2233 5578 2398 5660 δῶρον
2428 5578 2612 5642 αὐτοὺς
2666 5580 2733 5658 τῇ
2784 5574 3014 5633 Βασίλλα
3061 5572 3323 5648 ἐκπέμπει
3375 5571 3542 5630 πάντα
3575 5570 3732 5652 εγνὲ-
