4020 6142
267 325 373 398 641

1435 325 1907 396 MARTYRIUM
1959 326 2018 389 S.
2076 325 2460 392 EUGENI/E.

3516 331 3634 397 64?

271 475 385 527 σθαι
445 469 563 526 ἀντ’
615 470 902 539 ἒπιστολῆς
931 471 1061 544 αὑτῇ
1109 469 1430 544 σπεύδουσα,
1462 468 1666 544 μᾶλλον
1705 465 1761 523 δὲ
1809 467 1936 522 αὖα.

2021 468 2057 522 it
2087 461 2362 523 servilem
2397 461 2664 526 habitum
2724 461 3070 541 induerent,
3107 479 3214 543 per
3265 481 3366 524 eos
3424 483 3637 527 munus

267 561 388 623 τοὺς
457 559 686 625 ἐκείνους
738 558 1028 626 επιστολὴν
1079 557 1346 636 ἔμφυλον.
1415 559 1636 621 Τούτους
1691 555 1779 612 οὖν
1843 555 1922 609 ιιαὶ

272 647 390 702 λίαν
435 648 688 721 ἀσμένως
744 650 778 715 ἡ
838 645 1068 704 Βασίλλα
1127 645 1387 721 δοξαμένη
1434 647 1530 702 οἷά
1586 665 1729 708 τινας
1780 642 1920 698 ἀπο-

273 737 499 801 στόλους
558 737 867 814 προσεκύνει
900 744 1144 814 Χριστοῦ.
1181 737 1370 791 Μαθὼν
1413 735 1466 790 δὲ
1497 735 1562 790 τὰ
1592 734 1707 790 κατ’
1761 733 1922 798 αὐτὴν

269 829 362 884 καὶ
411 828 733 904 Κορνήλιος,
769 829 795 881 ὁ
829 827 996 904 μέγας
1030 825 1084 881 ἐν
1127 825 1440 887 ἐπισκόποις
1471 825 1660 902 ἀστὴρ,
1693 824 1793 880 ὑπὸ
1823 823 1916 878 νύ-

270 939 372 973 κτα
435 913 522 971 διὰ
569 918 660 972 τὸν
719 916 951 992 διωγμὸν
1010 915 1225 995 ἀφίκετο
1283 916 1413 994 πρὸς
1465 914 1630 982 αὐτὴν
1689 915 1774 970 καὶ
1829 911 1920 967 τοῦ

278 1006 422 1061 θείου
482 1006 683 1071 ταὸτην
713 1004 854 1069 άξιοῦ
908 1004 1296 1080 βαπτίσματος.
1345 1003 1497 1062 Οὕτω
1541 1003 1638 1079 μὲν
1670 1005 1756 1059 οὗν
1813 1010 1920 1056 Ba-

271 1093 431 1150 σίλλα
465 1095 552 1150 καὶ
607 1093 822 1172 Εὖγενία
853 1092 1032 1169 δεσμῶ
1077 1116 1180 1151 τινι
1209 1092 1417 1171 ἂῤῥήτῳ
1457 1099 1527 1168 τῇ
1575 1089 1658 1148 διὰ
1699 1091 1920 1169 Χριστὸν

275 1181 611 1240 συνδεθεῖσαι
671 1183 842 1261 φιλία,
891 1189 1075 1261 ζεῦγος
1122 1184 1464 1262 ἧρμόσθησαν
1520 1187 1596 1255 τῷ
1652 1187 1790 1255 Θεῷ,
1822 1181 1920 1235 αύ-

274 1286 400 1336 ταῖς
445 1273 642 1351 τύχαις
692 1270 942 1340 ἀλλήλων
986 1272 1278 1350 ἡρτημέναι
1309 1273 1395 1327 καὶ
1440 1271 1634 1349 νοερῶς
1671 1267 1921 1346 συγγινό-

273 1384 458 1440 μεναι,
491 1361 552 1418 οὗ
606 1361 683 1436 μὴ
736 1359 873 1417 ἀλλὰ
924 1360 1126 1440 πολλὰς
1176 1362 1264 1417 καὶ
1309 1360 1472 1425 ἄλλας
1515 1364 1586 1423 εἰς
1631 1359 1722 1414 τὸν
1765 1358 1922 1413 αὐτὸν

271 1435 455 1529 ζυγὸν-
493 1435 871 1529 ἐφελκόμσναι.
943 1435 1040 1512 ηΩς
1109 1454 1280 1514 πόσας
1333 1449 1431 1524 μὲν
1485 1455 1590 1506 τῶν
1653 1446 1922 1524 παρθένων

273 1540 493 1612 ἐκεῖνα,
526 1540 698 1603 πόσας
756 1538 809 1594 δὲ
850 1544 957 1596 τῶν
998 1543 1186 1619 χηρῶν
1224 1541 1260 1607 ἡ
1303 1538 1473 1614 σεμνὴ
1528 1535 1758 1596 Κλαυδίά
1813 1537 1922 1592 πό-

274 1650 398 1694 σους
436 1629 491 1682 δὲ
524 1629 630 1684 τῶι
689 1627 886 1706 ἀνδρῶν
938 1635 1153 1706 Πρω-τᾶς
1189 1629 1274 1684 καὶ
1332 1619 1601 1692 Ὑάκινθος
1629 1628 1706 1702 τῷ
1763 1632 1923 1700 κοινῷ

275 1717 532 1792 Δεσπὸτῃ
564 1719 928 1797 προσήγαγον,

2005 550 2181 611 mittit
2222 551 2475 626 Basillae,
2512 553 2781 633 studens,
2815 559 2877 612 ut
2916 552 2959 612 ii
2989 551 3040 612 ei
3076 558 3276 612 essent
3304 553 3503 614 omnia
3534 571 3638 630 pro

2005 640 2277 719 epistola,
2309 641 2402 700 vel
2435 641 2519 702 illi
2554 642 2666 722 ipsi
2700 643 2893 722 potius
2913 640 3161 721 epistola
3193 641 3468 703 animata.
3493 642 3638 703 Cum

2004 728 2116 789 hos
2177 748 2316 808 ergo
2346 729 2664 793 admodum
2723 731 2983 794 libenter
3030 731 3356 810 excepisset
3403 730 3640 806 Basilla,

2003 818 2286 881 adorabat
2316 827 2593 900 tanquam
2625 819 2856 901 aliquos
2905 821 3118 884 Christi
3147 820 3466 901 apostolos.
3497 819 3640 882 Cum

2008 907 2082 969 de
2108 925 2176 968 ea
2222 915 2416 970 autem
2450 909 2787 972 rescivisset
2843 910 3178 988 Cornelius,
3215 927 3426 990 magna
3473 910 3647 972 stella

2005 995 2162 1058 inter
2191 998 2527 1078 episcopos,
2565 1008 2740 1062 noctu
2772 1001 2931 1062 venit
2960 999 3031 1060 ad
3079 1017 3206 1061 eam
3234 1006 3476 1080 propter
3507 1017 3645 1079 per-

2007 1086 2400 1158 secutionem,
2436 1098 2494 1149 et
2539 1107 2668 1150 eam
2702 1089 2901 1150 divino
2951 1088 3226 1168 dignatur
3275 1089 3639 1169 baptismate.

2005 1176 2102 1237 Sic
2158 1194 2299 1255 ergo
2353 1176 2572 1239 Basilla
2635 1187 2692 1240 et
2720 1179 3004 1258 Eugenia,
3055 1177 3341 1239 ineffabili
3393 1177 3644 1259 quodam

2005 1264 2243 1325 vinculo
2273 1265 2562 1344 colligata;
2597 1277 2842 1347 propter
2875 1268 3176 1330 Christum
3209 1265 3644 1340 amicitiai,fue-

2006 1363 2145 1415 runt
2177 1354 2313 1433 biga
2343 1355 2611 1435 quaedam
2646 1359 2963 1437 conjuncta
2995 1356 3266 1432 Domino,
3292 1355 3402 1434 ipsi
3432 1357 3648 1419 animis

2006 1461 2041 1503 a
2089 1461 2154 1504 se
2184 1443 2439 1506 invicem
2476 1446 2832 1525 pendentes,
2865 1456 2925 1508 et
2974 1445 3368 1524 intelligenter
3396 1464 3646 1508 conver-

2004 1541 2224 1607 santes,
2261 1533 2362 1614 qui
2421 1534 2599 1596 etiam
2634 1536 2851 1598 multas
2908 1536 3054 1597 alias
3100 1536 3171 1596 ad
3231 1535 3387 1597 idem
3445 1536 3646 1615 iugum

2005 1623 2333 1685 trahentes.
2397 1625 2446 1686 Ο
2478 1643 2652 1704 quam
2687 1626 2899 1687 multas
2927 1626 3166 1707 quidem
3199 1625 3318 1686 illa;
3372 1626 3646 1706 virgines,

2005 1730 2179 1792 quam
2216 1714 2428 1775 multas
2452 1715 2658 1776 viduas
2687 1714 3044 1778 venerabilis
3083 1715 3345 1789 Claudia,
3379 1723 3522 1797 quot
3550 1733 3648 1776 au—

1947 1834 1984 1884 Β
2008 1810 2127 1862 tem
2165 1801 2323 1862 viros
2353 1804 2557 1865 Protas
2586 1811 2644 1865 et
2674 1804 3038 1885 Hyacinthus
3066 1806 3367 1867 communi
3399 1805 3650 1868 Domino

359 1983 496 2043 ΚΘ’.
544 1984 692 2052 Πλὴν
721 1983 840 2040 ἀλλ’
871 1985 1010 2041 οὕτω
1039 1985 1201 2064 μέχρι
1249 1983 1449 2043 πολλοῦ
1470 1990 1566 2052 τῆς
1599 1988 1926 2059 Χριστιανῶν

275 2074 717 2149 ὗπεραυξομένης
771 2075 1020 2152 πίστεως,
1083 2079 1109 2129 ὁ
1161 2081 1253 2130 τοῦ
1311 2081 1542 2152 πονηροῦ
1597 2074 1783 2152 φθόνος
1841 2071 1926 2126 ἐπὶ

277 2171 472 2239 μεῖζον
517 2163 656 2218 κατὰ
727 2168 830 2218 τῶν
903 2160 1129 2221 εὐσεϐῶν
1175 2162 1354 2240 ᾔρετο.
1418 2161 1767 2238 Οὐαλεριανοῦ
1832 2161 1927 2238 γὰρ

275 2255 366 2308 καὶ
432 2250 657 2308 Γαλλίου
715 2252 812 2318 τὴν
871 2242 1144 2327 ξΡωμαίων
1201 2253 1378 2332 ἀρχὴν
1409 2250 1718 2326 διεπόντων,
1769 2251 1927 2312 αὐτὸς

283 2342 404 2405 τοὺς
469 2339 700 2404 πολλοὺς
776 2341 947 2396 ὑπιὼν
1026 2331 1300 2416 Ῥωμαίων
1371 2348 1579 2419 πονηρὰ
1653 2339 1929 2416 σπέρματα

283 2443 413 2491 ταῖς
474 2431 636 2487 αὐτῶν
693 2428 907 2484 ἐνέϐαλε
965 2427 1239 2503 διανοίαις,
1286 2433 1382 2486 καὶ
1428 2431 1608 2492 στάσις
1667 2428 1930 2494 ἀνήπτετο

288 2519 433 2574 κατὰ
487 2525 810 2590 Χριστιανῶν
861 2516 1108 2597 χαλεπή.
1169 2520 1265 2575 Καὶ
1316 2521 1350 2586 ἡ
1410 2525 1506 2584 τῆς
1539 2518 1770 2583 στάσεως
1829 2517 1930 2584 ὕλη

291 2605 589 2683 Κορνήλιος
641 2605 810 2675 δήπου
851 2608 937 2664 καὶ
969 2610 1014 2664 οἱ
1073 2609 1190 2685 περὶ
1242 2608 1398 2664 αὐτὸν
1453 2609 1614 2682 ἦσαν,
1652 2607 1729 2663 ὅτι
1785 2609 1932 2684 πάσῃ

283 2699 434 2775 χειρὶ
492 2698 578 2752 καὶ
622 2697 812 2774 γνώμῃ
861 2698 925 2754 τὰ
983 2705 1309 2776 Χριστιανῶν
1359 2697 1640 2754 πλατύνειν
1688 2718 1932 2776 προῃρη-

281 2786 438 2861 μένοι
499 2785 560 2842 οὖ
615 2787 776 2860 μόνον
838 2776 1050 2860 Ῥώμην
1112 2786 1278 2853 αὐτὴν
1331 2794 1520 2866 μικροῦ
1571 2793 1766 2860 πᾶσαν,
1799 2783 1936 2840 ἀλλὰ

280 2876 370 2932 καὶ
430 2874 530 2938 τὰς
557 2873 736 2948 κύκλῳ
793 2873 976 2939 πόλεις
1008 2897 1066 2931 τε
1123 2879 1221 2931 καὶ
1267 2877 1452 2954 χώρας
1512 2875 1608 2942 τῆς
1640 2878 1744 2930 τῶν
1801 2877 1932 2930 θεῶν

282 2962 531 3042 λατρείας
564 2963 896 3043 ἀπέστησαν,
941 2966 1030 3021 καὶ
1086 2966 1178 3020 τὸν
1230 2965 1618 3039 ὀνομαζόμενον
1647 2962 1772 3041 παρ’
1833 2963 1931 3018 αύ-

286 3065 404 3118 τοῖς
450 3054 674 3130 Χριστὸν
725 3055 900 3110 κοινὸν
963 3051 1243 3120 Δεσπότην
1285 3054 1374 3110 καὶ
1427 3054 1556 3109 Θεὸν
1601 3053 1932 3132 ἁπιγροίφον-

284 3163 396 3204 ται,
448 3141 793 3220 Παραχρῆμα
839 3142 1010 3198 τοίνυν
1066 3141 1345 3218 βασιλικὸν
1375 3139 1689 3220 ἐξεφωνεῖτο
1744 3140 1934 3198 θέσπι-

285 3251 427 3305 σμα,
479 3231 568 3288 καὶ
623 3231 804 3297 πάσης
865 3236 962 3299 τῆς
1036 3232 1312 3306 Ῥωμαίων
1373 3231 1580 3307 ἐψοίτα,
1657 3237 1936 3310 πανταχοῦ

289 3318 494 3382 πάντας
543 3321 665 3383 τοὺς
719 3323 826 3376 τῶν
871 3327 1198 3397 Χριστιανῶν
1252 3320 1516 3400 ἐκκρίτους
1574 3342 1632 3377 τε
1692 3324 1778 3376 καὶ
1850 3328 1940 3378 τοῦ

287 3406 559 3486 δόγματος
617 3410 907 3487 εἰσηγητὰς
954 3407 1481 3486 συλλαμϐανομένους
1545 3411 1754 3485 θανάτῳ
1796 3409 1939 3467 δίδο-

285 3502 433 3560 σθαι,
498 3497 818 3575 Ἀνῖιροῦντο
861 3507 984 3576 γοῦν
1015 3498 1166 3556 ἄλλοι
1197 3499 1294 3574 μὲν
1353 3499 1512 3577 ἄλλῃ,
1547 3499 1837 3578 Κορνήλιος
1887 3498 1941 3554 δὲ

284 3586 616 3658 διελάνθανε,
665 3587 896 3661 μάλιστα
938 3589 1036 3662 μὲν
1116 3597 1193 3664 τῷ
1248 3591 1334 3645 καὶ
1394 3595 1462 3666 τῇ
1507 3588 1792 3668 συγκλήτῳ
1859 3587 1944 3644 διὰ

284 3681 453 3750 τιμῆς
486 3675 737 3755 ἅγεσθαν,
771 3678 858 3733 καὶ
907 3679 1048 3756 παρὰ
1095 3680 1200 3736 τῶν
1230 3679 1284 3734 ἐν
1340 3678 1473 3754 αὐτῇ
1507 3677 1728 3755 πρώτων
1762 3677 1942 3754 ὥσπερ

284 3766 391 3821 ὑπό
423 3786 588 3821 τινωθ
639 3763 915 3843 προϐόλων
960 3770 1442 3846 περιφρουρεῖσθαι,
1476 3765 1579 3841 ἧδτ,
1630 3763 1685 3821 δὲ
1733 3767 1820 3821 καὶ
1867 3772 1942 3838 τῷ

282 3866 481 3931 τηρεῖν
533 3855 691 3918 αὐτὸς
723 3854 907 3910 ἑαυτὸν
954 3853 1044 3912 ὲπί
1103 3855 1316 3912 πολλῶν
1348 3856 1604 3930 σωτηρίᾳ.
1678 3855 1939 3932 Συνεκρό-

281 3966 412 4000 τουν
445 3941 501 3998 δὲ
554 3942 792 4014 ἀλλήλας
822 3947 952 4022 πρὸς
1004 3948 1095 4002 τὸν
1126 3946 1307 4025 ἀγῶνα
1366 3944 1595 4002 Βασίλλα
1624 3945 1710 4000 καὶ
1772 3948 1942 4021 Εὖγε-

283 4034 400 4105 νία,
450 4034 511 4087 αἳ
556 4033 634 4106 μὴ
687 4034 935 4112 φέρουσαι
977 4036 1078 4102 τὴν
1121 4037 1226 4092 ἀπὸ
1295 4042 1386 4092 τοῦ
1427 4035 1593 4093 τόπου
1647 4031 1941 4115 διάστασιν,

283 4123 407 4179 ἐπεὶ
453 4123 592 4179 κατὰ
634 4124 818 4202 ψυχὴν
862 4123 1124 4194 ἀλλήλαις
1155 4124 1360 4192 ἤνωντο
1407 4124 1501 4181 καῖ
1526 4131 1603 4198 τῷ
1634 4125 1783 4196 τόπῳ
1823 4145 1943 4180 συν-

283 4211 533 4268 άπτοντα
590 4213 685 4268 καὶ
732 4213 907 4291 λόγων
967 4221 1304 4271 κοινωνοῦσιν
1378 4212 1662 4284 ἀλλήλαις.
1737 4212 1802 4270 Ἠ
1845 4214 1942 4289 μὲν

285 4302 382 4357 οὖν
448 4300 673 4376 Εὖγενία
703 4303 835 4379 πρὸς
887 4307 985 4377 τῇν
1046 4302 1308 4359 Βασίλλαν
1351 4301 1488 4359 ἄλλα
1543 4324 1599 4359 τε
1630 4302 1806 4360 πολλὰ
1856 4313 1950 4362 τοῦ

2009 1889 2360 1953 obtulerunt
2393 1892 2407 1950 !

2081 1983 2263 2040 XXIX.
2297 1984 2403 2041 Sed
2436 1999 2567 2042 cum
2602 1987 2682 2044 sic
2713 1988 3038 2046 mirandum
3073 1991 3128 2046 in
3171 1987 3404 2045 modum
3435 2001 3656 2044 cresce-

2009 2072 2100 2125 ret
2134 2063 2283 2127 ﬁdes
2310 2066 2805 2145 Christianorum,
2826 2069 3071 2147 maligni
3103 2069 3326 2130 invidia
3351 2069 3534 2149 magis
3557 2086 3652 2130 ex.

2013 2151 2304 2214 citabatur
2333 2154 2619 2218 adversus
2651 2158 2801 2236 pios.
2855 2156 3000 2219 Nam
3035 2177 3168 2220 cum
3222 2157 3570 2220 Valerianus
3599 2164 3659 2218 et

2012 2241 2293 2306 Galienus
2353 2245 2760 2306 Romanorum
2824 2255 3094 2309 tenerent
3151 2247 3654 2328 imperium,ipse

2013 2330 2198 2392 multo
2227 2331 2530 2393 Romanos
2561 2334 2740 2397 tacite
2770 2334 3037 2409 subiens,
3070 2337 3222 2397 mala
3250 2336 3652 2414 seminainje-

2013 2421 2094 2480 cit
2118 2439 2320 2481 eorum
2353 2422 2677 2504 mentibus,
2711 2425 3022 2504 gravisque
3050 2443 3300 2487 accensa
3321 2434 3411 2486 est
3439 2426 3652 2486 seditio

2014 2509 2306 2572 adversus
2353 2511 2740 2574 Christianos.
2775 2514 3098 2576 Seditionis
3157 2523 3351 2576 autem
3411 2517 3656 2574 materia

2017 2598 2125 2658 iuit
2182 2599 2514 2678 Cornelius,
2551 2610 2608 2662 et
2639 2602 2741 2678 qui
2793 2621 2924 2664 cum
2961 2621 3030 2664 eo
3086 2611 3274 2678 erant,
3309 2603 3462 2684 quod
3519 2621 3654 2663 cum

2022 2694 2140 2749 tota
2170 2706 2346 2749 manu
2401 2699 2462 2750 et
2492 2699 2691 2753 mente
2724 2710 2820 2753 res
2875 2691 3350 2755 Christianorum
3407 2692 3658 2757 dilatare

2019 2780 2420 2849 instituissent,
2456 2797 2572 2842 non
2604 2785 2792 2842 solum
2824 2785 3055 2842 Romam
3089 2787 3272 2856 ipsam
3319 2786 3432 2842 fere
3464 2795 3656 2850 totam,

2017 2866 2124 2926 sed
2155 2865 2330 2926 etiam
2389 2868 2567 2929 urbes
2597 2878 2654 2930 et
2679 2869 2979 2948 regiones,
3015 2888 3146 2949 quae
3201 2877 3372 2931 erant
3396 2868 3659 2930 circum-

2016 2952 2198 3029 circa,
2223 2972 2256 3015 a
2286 2956 2444 3017 cultu
2474 2955 2722 3018 deorum
2755 2957 3142 3034 abduxerant,
3179 2966 3237 3020 et
3282 2957 3379 3040 qui
3410 2957 3482 3018 ab
3516 2957 3662 3038 ipsis

2018 3041 2436 3106 nominabatur
2468 3043 2762 3120 Christus,
2796 3053 2859 3106 ut
2887 3046 2960 3108 ab
2992 3046 3079 3108 eis
3109 3045 3443 3108 communis
3459 3045 3660 3109 Domi-

2018 3151 2130 3193 nus
2151 3141 2208 3194 et
2228 3131 2387 3195 Deus
2409 3133 2826 3208 ascriberetur,
2854 3136 3192 3197 ell'ecerant.
3221 3134 3493 3198 Protinus
3524 3154 3662 3214 ergo

2021 3221 2469 3303 imperatorium
2521 3224 2923 3305 promulgatur
2972 3225 3256 3301 edictum,
3310 3233 3368 3287 et
3425 3245 3662 3308 quoquo

2021 3331 2228 3374 versus
2259 3314 2512 3394 pervasit
2542 3333 2648 3394 per
2678 3322 2854 3376 totam
2888 3314 3288 3377 Romanorum
3331 3316 3659 3395 regionem,

2025 3411 2088 3463 ut
2109 3402 2450 3483 quicunque
2475 3413 2649 3466 erant
2673 3404 2875 3466 eximii
2899 3423 2968 3467 ex
2993 3406 3426 3486 Christianis,et
3455 3424 3662 3466 eorum

2027 3491 2317 3570 dogmatis
2340 3492 2633 3568 doctores,
2661 3494 3102 3573 comprehensi,
3135 3502 3323 3555 morte
3354 3495 3664 3556 afficeren-

2029 3589 2144 3642 tur.
2182 3581 2684 3642 lnterimebantur
2714 3600 2853 3661 ergo
2883 3582 2985 3642 alii
3015 3583 3254 3662 quidem
3286 3584 3400 3644 alio
3433 3583 3608 3644 modo
3644 3603 3658 3644 :

2024 3669 2330 3730 Cornelius
2358 3678 2555 3730 autem
2587 3670 2828 3749 latebat,
2851 3676 3104 3731 maxime
3127 3671 3393 3752 quidem,
3419 3670 3576 3751 quod
3601 3671 3662 3730 in

2023 3757 2251 3818 honore
2282 3757 2606 3819 haberetur
2637 3778 2666 3819 a
2699 3767 2936 3834 senatu,
2973 3767 3031 3821 et
3058 3759 3131 3820 ab
3168 3761 3242 3820 iis
3273 3761 3374 3840 qui
3407 3768 3573 3822 erant
3603 3760 3661 3820 in

2025 3865 2094 3908 eo
2150 3845 2349 3926 primi,
2384 3855 2664 3924 tanquam
2698 3867 2733 3908 a
2791 3851 3251 3927 propugnaculis
3307 3848 3662 3928 quibusdam

2027 3935 2470 3997 defenderetur.
2525 3935 2706 3997 Porro
2761 3955 2898 3998 vero
2929 3939 3057 4018 ipso
3109 3956 3347 4018 quoque
3398 3938 3664 4018 seipsum

2027 4023 2414 4086 conservabat
2435 4025 2506 4086 ad
2534 4026 2847 4088 multorum
2882 4027 3156 4090 salutem.
3183 4029 3260 4090 Se
3282 4027 3532 4090 invicem
3556 4046 3668 4088 au-

2028 4124 2146 4175 tem
2192 4113 2654 4176 exhortabantur
2682 4115 2754 4176 ad
2788 4125 3089 4178 certamen
3122 4117 3338 4179 Basilla
3385 4126 3442 4179 et
3470 4116 3666 4194 Enge-

2027 4203 2164 4264 nia:
2201 4222 2333 4283 quas
2376 4222 2410 4264 a
2440 4202 2568 4264 loco
2601 4203 2863 4283 disjnngi
2911 4221 3029 4266 non
3079 4213 3356 4282 ferentes,
3391 4207 3668 4287 quoniam

2030 4293 2249 4354 animis
2279 4302 2445 4354 erant
2476 4293 2632 4354 inter
2661 4312 2725 4354 se
2756 4294 2959 4369 unitze,
2985 4296 3115 4357 loco
3149 4313 3383 4376 quoque
3412 4295 3669 4375 conjun-

287 4403 654 4467 προκειμένου
697 4391 858 4469 χάριν
916 4391 1124 4470 ἀγῶνος
1174 4390 1381 4456 διέξεισι
1425 4394 1518 4447 καί
1575 4392 1648 4455 ὠς
1680 4389 1936 4462 ἐπιδήλως

2030 4389 2268 4461 guntur,
2300 4391 2358 4443 et
2385 4401 2450 4444 se
2481 4382 2862 4445 sermonibus
2884 4383 3145 4446 vicissim
3179 4386 3668 4465 impertiunt.At-

288 4482 432 4554 αὖτῇ
483 4480 510 4534 ὁ
571 4482 794 4556 Χριστὸς
853 4480 918 4535 τὰ
970 4483 1088 4558 περὶ
1137 4481 1303 4548 αὐτῆς
1357 4479 1694 4556 ἐκκαλύψειν,
1732 4479 1812 4537 ὅτι
1854 4483 1936 4539 τὸν

2029 4490 2143 4552 que
2174 4471 2436 4551 Eugenia
2465 4472 2704 4552 quidem
2731 4472 2962 4535 Basilla}
2984 4482 3040 4535 et
3070 4476 3251 4535 multa
3281 4473 3396 4536 alia
3423 4473 3672 4536 disserit

287 4568 388 4624 τοῦ
436 4569 722 4647 μαρτυρίου
754 4567 949 4646 δρόμον
977 4568 1102 4627 ὅσον
1154 4569 1299 4626 οὔπω
1329 4567 1633 4648 δραμεῖται,
1667 4571 1756 4626 καὶ
1819 4571 1944 4628 στέ-

291 4679 466 4737 φανον
500 4656 555 4712 ἐν
597 4664 676 4731 τῷ
715 4658 856 4714 τέλει
889 4660 1150 4738 γενομένη
1195 4659 1451 4736 λήψεται.
1498 4660 1736 4735 Ὀμοίως
1765 4658 1831 4726 δὴ
1863 4661 1948 4716 καὶ

292 4745 542 4803 Βασίλλα
598 4760 716 4810 τοῖς
747 4747 890 4812 ἴσοις
945 4749 1110 4816 αὐτὴν
1138 4749 1432 4828 τημείψατο,
1466 4747 1544 4804 ὅτι
1587 4749 1676 4804 καὶ
1707 4748 1842 4825 αὐτῇ
1885 4749 1950 4805 τὰ

294 4838 420 4914 περὶ
465 4837 715 4915 Εὖγε-φίας
769 4837 1050 4917 ἐγνώρισεν
1097 4841 1124 4894 ὁ
1167 4839 1414 4918 Χριστὸς,
1447 4839 1532 4894 καὶ
1584 4836 1731 4899 ὅπως
1782 4835 1952 4912 διπλῷ

295 4925 490 5002 μέλλει
535 4927 778 5006 στειράνῳ
807 4928 904 4995 τὴν
952 4926 1188 5006 κεφαλήν
1240 4930 1602 5004 κοσμηθῆναι,
1649 4928 1722 4983 ἐνὶ
1753 4926 1849 5002 μὲν
1877 4930 1954 5002 τῷ

293 5016 433 5092 ὑπὲρ
501 5021 609 5071 τῶν
666 5017 803 5072 κατὰ
870 5016 970 5084 τὴν
1031 5014 1426 5095 Ἀλεξάνδρειαν
1481 5019 1564 5073 καὶ
1629 5016 1727 5084 τὴν
1785 5015 1955 5083 ἄλλην

290 5107 357 5161 Α,
412 5105 426 5128 Ι
721 5103 769 5126 λθ
1032 5106 1042 5119 ⁸
1160 5107 1170 5128 Ι
1432 5105 1442 5124 Ι
1587 5105 1610 5126 '\
1737 5106 1764 5127 τ
1829 5107 1841 5125 ρ
1900 5104 1916 5122 \

346 5126 569 5182 ιγυπτου
628 5120 880 5163 κινουνων
948 5128 1042 5162 και
1101 5129 1301 5185 πονων,
1360 5107 1522 5185 ἑτερῳ
1583 5107 1638 5162 οὲ
1694 5127 1772 5181 τῳ
1824 5126 1955 5182 υπερ

290 5201 390 5250 τοῦ
449 5196 732 5273 μαρτυρίου
793 5196 880 5252 καὶ
943 5199 1041 5262 τῆς
1101 5193 1166 5251 δι’
1239 5197 1446 5252 ὲκεῖνον
1485 5201 1718 5275 σφαγῆς.
1781 5201 1957 5252 Ταῦτα

293 5281 568 5353 ἀλλήλαις
623 5305 680 5340 τε
732 5283 1038 5360 συνθέμεναι
1083 5285 1170 5340 καὶ
1219 5282 1469 5351 ἀλλήλων
1517 5282 1950 5361 ὑπερευξάμεναι,

296 5372 440 5429 ἀλλά
472 5374 563 5430 καὶ
608 5379 716 5430 τῶν
748 5376 867 5453 περὶ
920 5373 1020 5442 τὴν
1069 5373 1320 5450 Εὖγενίαν
1377 5374 1646 5453 παρθένων
1695 5374 1789 5437 τὰς
1847 5377 1954 5449 ψυ-

298 5463 410 5543 χὰς
457 5461 825 5540 ἆῤῥενώσασαι
889 5465 978 5520 καὶ
1034 5464 1260 5520 θανάτου
1317 5461 1400 5519 διά
1457 5465 1680 5540 Χριστὸν
1733 5463 1958 5539 ἀμελεῖν

300 5554 587 5633 πείσασαι,
650 5551 936 5609 διίστανται
994 5551 1054 5608 τό
1125 5575 1185 5630 γε
1257 5559 1344 5608 νῦν
1402 5552 1532 5632 ἕχον
1611 5559 1955 5630 σωματικῶς,

301 5640 459 5728 ἑτέρα
516 5642 666 5719 πόθῳ
692 5646 793 5708 τῆς
855 5639 1036 5722 ἐτέρας
1069 5641 1240 5700 πυκνὰ
1292 5648 1400 5698 τῶν
1429 5639 1715 5722 ὀφθαλμῶν
1775 5641 1961 5724 ἀφιεῖο

2031 4563 2104 4622 de
2135 4561 2439 4640 proposito
2469 4562 2824 4637 certamina,
2860 4571 2919 4624 et
2947 4563 3102 4644 quod
3134 4571 3338 4644 aperte
3370 4563 3425 4624 ei
3453 4563 3674 4624 revela-

2028 4649 2110 4712 vit
2139 4651 2448 4726 Dominus,
2483 4651 2676 4729 ipsam
2733 4654 2994 4733 martyrii
3027 4672 3264 4716 cursum
3300 4673 3430 4715 mox
3462 4671 3675 4733 perac-

2032 4743 2224 4802 turam
2260 4747 2313 4800 et
2343 4757 2623 4800 coronam
2683 4741 2918 4802 tandem
2951 4752 3350 4819 accepturam.
3391 4741 3681 4804 Similiter

2034 4836 2230 4889 autem
2263 4826 2480 4888 Basilla
2537 4846 2773 4908 quoque
2804 4829 2858 4889 ei
2914 4831 3243 4910 respondit,
3280 4829 3436 4908 quod
3499 4837 3674 4892 etiam

2037 4917 2111 4978 de
2139 4915 2400 4993 Eugenia
2427 4914 2692 4978 Christus
2731 4920 2782 4978 ei
2817 4919 3189 5000 signiﬁcavit,
3215 4921 3340 4982 fore
3363 4928 3425 4980 ut
3453 4919 3677 4999 duplici

2037 5024 2257 5067 corona
2289 5005 2341 5066 ei
2371 5013 2546 5085 caput
2575 5015 2893 5067 exornetur
2925 5028 2938 5064 :
2968 5026 3082 5068 una
3107 5009 3343 5088 quidem
3379 5026 3484 5088 pro
3511 5007 3675 5086 peri-

2038 5095 2190 5158 culis
2221 5103 2281 5157 et
2328 5093 2631 5156 laboribus
2661 5113 2808 5175 quos
2837 5095 3017 5156 subiit
3067 5097 3463 5170 Alexandriae,
3499 5107 3556 5158 et
3615 5097 3674 5157 in

2037 5184 2268 5264 reliqua
2326 5185 2613 5264 IEgypto:
2679 5184 2862 5245 altera
2911 5203 3075 5266 vero,
3130 5205 3234 5268 pro
3284 5185 3558 5266 martyrio
3621 5195 3680 5248 et

2041 5274 2224 5348 caede,
2259 5291 2392 5354 qua:
2423 5280 2664 5353 propter
2687 5272 2848 5334 illam
2873 5273 3024 5335 facta
3053 5285 3160 5337 est.
3187 5275 3323 5336 Haec
3354 5294 3488 5336 cum
3520 5275 3678 5338 inter

2041 5383 2106 5427 se
2139 5363 2550 5436 contulissent,
2579 5371 2636 5424 et
2660 5381 2762 5444 pro
2793 5382 2857 5424 se
2888 5363 3138 5426 invicem
3171 5378 3434 5446 praecata;
3452 5374 3676 5447 essent,

2043 5454 2184 5536 quin
2219 5454 2389 5516 etiam
2423 5452 2770 5535 virginibus,
2799 5472 2931 5532 qua:
2956 5465 3121 5518 erant
3141 5456 3294 5536 apud
3328 5455 3674 5536 Eugeniam,

2045 5545 2341 5607 masculos
2371 5543 2601 5606 animos
2628 5543 3017 5620 addidissent,
3049 5555 3106 5607 et
3158 5548 3592 5628 persuasissent
3619 5555 3681 5607 ut

2044 5645 2298 5702 mortem
2358 5646 2602 5718 propter
2658 5635 2960 5697 Christum
3015 5637 3403 5718 negligerent,
3433 5652 3682 5718 corpore
