4056 6142
375 275 492 342 643

1693 279 1972 343 ΜΕΝὸΙὸ
2015 271 2443 342 DEGEMBER.

3633 271 3750 345 644
3802 234 3806 238 ’

379 411 624 494 quidem
659 411 718 472 in
754 411 1064 492 praesentia
1096 412 1535 494 disjunguntur.
1569 412 1756 473 altera
1787 409 2016 472 deside-

2114 433 2166 468 ra
2256 410 2474 492 δακρυα,
2548 413 2726 492 ὥσπερ
2798 415 2894 472 οὒκ
2973 411 3317 494 ἀνεχομένων
3390 417 3574 479 αὐταῖς
3643 422 3751 471 τῶν

375 502 464 562 rio
517 500 779 576 alterius,
817 499 1057 562 crebras
1090 521 1159 563 ex
1191 501 1381 564 oculis
1433 500 1717 581 lacrymas
1745 499 2027 562 emitten-

382 598 493 666 tes,
530 597 734 670 utpote
765 589 920 670 quod
956 591 1110 652 ferre
1149 609 1266 652 non
1311 599 1555 669 possent
1583 587 1743 652 oculi
1793 607 1894 650 eas
1925 608 2029 650 se-

380 681 579 761 parari
612 696 645 740 a
676 679 764 740 sui
795 678 1048 741 invicem
1081 679 1443 759 spectaculo.

461 769 640 832 XXX.
676 772 818 831 Cum
852 776 1048 833 autem
1109 771 1287 830 tinem
1322 768 1597 849 accipere
1627 775 1930 849 oporteret
1960 786 2029 830 ea

383 879 515 938 qua)
568 860 642 919 de
675 859 820 939 ipsis
873 859 1154 938 praedicta
1182 859 1416 921 fuerant
1445 878 1477 919 a
1507 857 1786 932 Domino,
1818 857 1894 919 de
1924 858 2029 918 Ba-

383 949 513 1010 silla
545 947 785 1028 quidem
821 947 967 1008 dixit
998 949 1281 1030 Pompeio
1314 966 1430 1010 una
1460 967 1530 1010 ex
1570 948 1642 1008 iis
1673 967 1807 1026 quae
1836 946 2026 1027 ipsam

382 1037 808 1118 sequebantur,
842 1037 1290 1118 ancillis,quod
1340 1037 1454 1099 nisi
1506 1037 1668 1098 omni
1723 1037 1914 1098 studio
1971 1045 2029 1097 et

384 1146 558 1188 manu
588 1126 752 1204 regia
807 1125 918 1187 sibi
979 1127 1338 1208 desponsam
1388 1127 1689 1208 Basiliam,
1725 1145 1856 1207 quae
1900 1127 2023 1206 jam

383 1225 506 1278 erat
577 1215 819 1290 nubilis,
867 1215 1108 1277 domum
1175 1217 1430 1290 duxerit,
1479 1235 1597 1276 non
1656 1216 1910 1296 amplius
1967 1216 2026 1276 in

384 1316 684 1386 posterum
713 1323 841 1366 eam
869 1305 1396 1368 habebituxorem.
1433 1304 1596 1368 Scias
1621 1305 2023 1386 enim,inquit.

380 1419 503 1460 eam
529 1405 729 1461 factum
760 1418 885 1460 esse
915 1403 1296 1461 Christianam
1333 1404 1698 1461 sermonibus
1733 1403 2026 1474 Eugeniae.

383 1506 632 1567 eamque
689 1505 804 1547 non
857 1486 1044 1547 solum
1107 1486 1509 1566 matrimonio,
1539 1487 1642 1547 sed
1702 1486 1878 1546 etiam
1922 1491 2029 1547 toti

386 1577 608 1638 mundo
639 1577 1009 1639 renuntiare.
1036 1575 1119 1639 Ea
1150 1576 1225 1637 de
1255 1594 1432 1637 causa
1463 1576 1592 1656 ejus
1613 1594 1852 1657 quoque
1880 1583 2032 1637 tuto-

380 1685 508 1729 rem
534 1665 828 1728 Helenum
861 1665 1103 1728 differre
1122 1666 1383 1745 nuptias,
1411 1665 1512 1744 qui
1539 1665 1774 1744 estipse
1795 1683 2032 1746 quoque

2112 503 2288 578 ὄψεωδ
2328 505 2425 570 τῆς
2459 503 2710 571 ἀλλήλων
2743 503 3034 574 ἀποστῆναι
3065 504 3206 570 θέας.

2192 775 2276 832 A'.
2321 773 2475 833 Ἐπεῖ
2506 764 2560 823 δὲ
2609 764 2741 824 ἔδειν
2773 773 2858 829 καὶ
2887 771 3048 850 πέρας
3107 770 3239 837 ἕξειν
3281 771 3346 828 τὰ
3375 771 3475 827 ὑπὸ
3502 778 3596 828 τοῦ
3647 781 3758 828 Κυ-

2110 862 2219 941 ρίου
2273 865 2388 941 περὶ
2433 861 2604 921 αὐτῶν
2666 860 3116 939 προηγορευμένα,
3175 865 3272 927 τῆς
3333 859 3429 934 μὲν
3494 859 3760 925 Βασίλλας

2109 966 2335 1010 κατεῖπε
2378 954 2507 1030 πρὸς
2541 951 2628 1009 τὸν
2689 952 2973 1025 Πομπήϊον
3017 949 3112 1026 μία
3137 972 3216 1011 τις
3261 951 3367 1006 τῶν
3412 949 3759 1030 ἐφεπομένων

2110 1044 2243 1118 αὐτῇ
2303 1043 2615 1101 παιδισκῶν·
2673 1041 2745 1104 ὡς
2789 1041 2830 1094 εἰ
2888 1040 2967 1114 μὴ
3019 1037 3220 1114 σπουδῇ
3261 1040 3408 1115 πάσῃ
3453 1041 3538 1095 καὶ
3591 1040 3759 1115 βασι-

2108 1131 2234 1205 λείῳ
2277 1133 2416 1212 χειρὶ
2448 1131 2546 1199 τὴν
2594 1132 3010 1204 μνηστευθεῖσαν
3067 1128 3208 1202 αὖτῷ
3240 1127 3502 1184 Βασίλλαν
3555 1128 3759 1206 ὡραίαν

2108 1220 2210 1288 ἤδη
2274 1222 2440 1299 γάμου
2508 1218 2876 1298 γεγενημένην
2921 1219 3053 1297 πρὸς
3111 1219 3200 1274 τὸν
3245 1218 3399 1274 οἶκον
3456 1217 3755 1295 ἀγάγηται,

2111 1309 2282 1367 οὒκέτι
2341 1311 2400 1364 τὸ
2458 1309 2596 1384 μετὰ
2651 1317 2813 1366 ταῦτα
2857 1320 3086 1384 γυναῖκα
3130 1307 3225 1372 τὴν
3284 1306 3565 1384 εἰρίτιμένην
3628 1304 3754 1370 ἕξει·

2113 1399 2431 1478 Χριστιανήν
2491 1419 2548 1453 τε
2608 1397 2706 1475 γὰρ
2780 1397 2911 1475 ἴσθι,
2965 1399 3116 1476 φησὶ,
3171 1407 3289 1458 τοῖς
3347 1396 3443 1465 τῇς
3503 1397 3759 1474 Εὖγενίας

2111 1491 2427 1567 γεγενῆσθαι
2505 1485 2709 1565 λύγοις,
2755 1487 2844 1542 καὶ
2889 1485 2947 1543 οὗ
3020 1486 3174 1562 γάμῳ
3231 1485 3415 1561 μόνον,
3461 1483 3597 1540 ἀλλὰ
3670 1485 3761 1540 καὶ

2112 1579 2301 1652 κόσμῳ
2352 1578 2506 1633 παντὶ
2554 1575 2960 1631 ἁποτάττεσθαι⁰
3034 1575 3197 1630 ταῦτά
3245 1595 3325 1629 τοι
3387 1574 3470 1630 καὶ
3499 1574 3588 1629 τὸν
3653 1574 3759 1628 πάο

2112 1691 2284 1748 τρωνα
2356 1666 2552 1731 ταύτης
2628 1663 2817 1720 Ελενον
2876 1665 3004 1742 πρὸς
3079 1665 3198 1726 τοὺς
3272 1663 3474 1740 γάμους
3539 1661 3760 1738 μέλλειν

385 1754 776 1827 Christianus,
796 1762 854 1816 et
885 1756 1153 1834 ejusdem
1183 1755 1458 1816 instituti.
1488 1753 1823 1826 Quinetiam
1857 1772 2025 1834 quos,

2114 1759 2366 1815 κάκεῖνον
2423 1755 2735 1832 Χριστιανὸν
2805 1753 2928 1808 ὄντα
2997 1754 3085 1808 καὶ
3156 1759 3245 1809 τοῦ
3315 1754 3496 1827 ὁμοῖου
3554 1757 3764 1808 σκοποῦ

382 1843 598 1924 inquit,
628 1846 935 1906 eunuchos
957 1842 1222 1922 Eugenia
1244 1853 1519 1924 tanquam
1555 1861 1756 1904 servos
1786 1843 1858 1905 ad
1894 1862 2022 1905 eam

382 1935 561 2009 misit,
591 1934 633 1994 ii
654 1935 743 1995 vel
767 1934 1032 1996 omnium
1063 1940 1317 1995 maxime
1339 1941 1528 1995 artem
1567 1941 1871 1995 sectantur
1896 1951 2024 1995 ma-

371 2026 584 2102 gicam,
611 2032 668 2086 et
702 2024 787 2085 sic
814 2042 944 2085 eam
981 2024 1381 2098 incantarunt,
1407 2031 1470 2083 ut
1503 2021 1755 2084 fateatur
1781 2041 1845 2084 se
1869 2041 2027 2084 nunc

377 2132 477 2175 eos
506 2113 728 2174 habere
757 2113 1054 2186 dominos,
1088 2120 1148 2174 et
1203 2130 1306 2175 eos
1339 2113 1542 2174 colere
1576 2120 1852 2192 tanquam
1882 2111 2028 2173 deos

375 2203 761 2265 immortales.
799 2201 943 2265 Cum
998 2201 1152 2262 mala
1193 2201 1280 2263 sic
1327 2201 1542 2263 ancilla
1591 2199 1870 2282 Pompeio
1924 2218 2025 2262 re-

378 2294 731 2374 nuntiasset,
766 2302 824 2354 et
853 2293 1109 2372 linguam
1157 2290 1390 2353 diabolo
1423 2299 1627 2371 aperte
1660 2290 2022 2365 tradidisset,

377 2392 434 2444 et
487 2385 611 2445 haec
664 2382 858 2444 locuta
911 2389 1070 2443 esset
1138 2380 1423 2442 adversus
1486 2379 1885 2453 Christianos,
1940 2379 2028 2439 ira

375 2472 540 2534 valde
573 2473 682 2533 fuit
730 2489 1019 2534 accensus
1051 2470 1394 2550 Pompeius,
1428 2477 1485 2530 et
1533 2469 1812 2530 adversus
1841 2467 2022 2529 Hele—

377 2580 521 2622 num
577 2560 775 2639 gravia
825 2561 1058 2640 spirans
1115 2567 1204 2619 est
1237 2557 1564 2636 profectus.
1629 2557 1704 2618 Et
1763 2555 2024 2636 primum

378 2651 619 2732 quidem
666 2651 720 2711 ei
750 2649 868 2711 vim
921 2644 1230 2725 afferebat,
1263 2654 1327 2707 ut
1376 2645 1488 2706 sibi
1521 2644 1776 2726 puellam
1829 2655 2024 2706 osten-

377 2743 566 2814 deret,
599 2738 818 2800 deinde
871 2736 1044 2797 etiam
1079 2733 1415 2796 celebraret
1445 2733 1706 2815 nuptias,
1741 2733 1855 2795 nisi
1897 2733 2025 2815 ipse

377 2839 583 2909 aperte
615 2828 792 2888 vellet
822 2843 956 2886 esse
1015 2823 1202 2885 hostis
1233 2822 1685 2903 imperatorum.
1720 2823 1855 2886 Haec
1890 2843 2023 2885 cum

379 2917 602 2980 diceret
653 2914 996 2994 Pompeius,
1032 2931 1150 2974 non
1200 2913 1368 2974 latuit
1417 2912 1656 2994 quidem
1708 2911 2025 2995 Helenum,

376 3009 666 3066 undenam
703 3007 949 3078 profecta
983 3014 1130 3063 esset
1164 3003 1409 3076 proditio
1444 3025 1457 3071 ;
1493 3005 1806 3077 ingenuum
1836 3013 2027 3063 autem

2108 1847 2409 1928 γινόμενον.
2459 1845 2532 1902 Ού
2577 1844 2685 1916 μὴν
2739 1840 2875 1898 ἀλλᾶ
2930 1843 3019 1898 καὶ
3065 1843 3173 1917 οὓς,
3207 1839 3396 1920 φησΐν,
3441 1843 3475 1909 ἡ
3537 1843 3768 1920 Εύγενία

2109 1937 2392 2018 εὐνούχους
2443 1935 2515 1998 ὡς
2573 1930 2788 1995 δούλους
2847 1932 2980 2006 αὐτῇ
3031 1928 3335 2010 πέπομφεν,
3367 1930 3509 1987 οὗτοι
3553 1928 3608 1986 δὲ
3667 1931 3768 1987 καὶ

2109 2027 2321 2083 πάντων
2379 2022 2612 2098 μάλιστα
2669 2025 2766 2087 τῆς
2824 2025 3063 2097 μαγικῆς
3120 2019 3329 2076 ἕκονται
3401 2019 3612 2099 -τάχνης
3668 2021 3767 2076 καὶ

2110 2115 2250 2173 οὕτω
2319 2114 2517 2179 ταύτην
2601 2111 3030 2188 κατεγοήτευσαν
3100 2109 3238 2165 ὥστε
3323 2131 3410 2164 νυι
3494 2107 3763 2174 δεσπότας

2109 2205 2294 2270 αὖτοὺς
2338 2202 2493 2282 ἔχειν
2538 2199 2828 2278 ὁμολογεῖν
2871 2201 2954 2255 καὶ
2999 2201 3072 2262 ὡς
3125 2197 3412 2261 ἀθανάτους
3455 2199 3604 2257 θεοὺς
3659 2200 3762 2254 σέ-

2109 2294 2312 2356 ϐεσθαι.
2366 2291 2515 2350 Οὕτω
2557 2289 2652 2358 τῆς
2716 2293 2955 2367 πονηρῆς
3002 2285 3196 2354 δούλης
3261 2289 3536 2362 Πομπηΐῳ
3580 2309 3760 2365 προσ..

2109 2383 2438 2464 αγγειλάσης
2493 2381 2702 2459 ἀνήφθη
2765 2377 2961 2457 σφόδρα
3018 2379 3108 2434 τὸν
3166 2381 3327 2452 θυμὸν
3378 2379 3405 2434 ὁ
3467 2379 3762 2453 Πομπήϊος

2108 2477 2195 2530 καὶ
2276 2472 2414 2529 κατὰ
2469 2476 2564 2526 τοῦ
2637 2466 2852 2525 Ἑλένου
2932 2467 3062 2546 βαρὺ
3141 2468 3312 2523 πνέων
3377 2466 3595 2546 ἐχώρει.
3660 2468 3763 2525 Καὶ

2107 2563 2291 2640 πρῶτα
2340 2559 2438 2635 μὲν
2468 2555 2727 2622 ἐπιδεῖξαι
2759 2557 2902 2630 αὒτῷ
2943 2556 3039 2622 τὴν
3073 2555 3234 2632 κόρην
3284 2555 3523 2633 ἀνάγκην
3561 2555 3758 2634 ἐπῆγε,

2107 2652 2230 2708 εἶτα
2279 2649 2520 2712 καὶτοὺς
2577 2647 2780 2725 γάμους
2839 2645 3074 2725 τελέσαι,
3111 2644 3162 2700 εἴ
3216 2667 3277 2724 γε
3320 2646 3399 2721 μὴ
3432 2646 3612 2718 αὖτδς,
3645 2669 3759 2725 φη·’

2108 2743 2211 2815 σὶν,
2271 2740 2462 2820 ἐχθρὸς
2523 2738 2671 2793 εἶναι
2728 2743 2830 2792 τῶν
2876 2734 3276 2814 αὐτογρατόρων
3334 2736 3557 2814 φανερὸς
3628 2737 3760 2811 βού-

2109 2829 2280 2891 λοιτο.
2341 2839 2514 2887 Ταῦτα
2545 2833 2636 2883 τοῦ
2682 2827 2974 2901 Πομπηίου
3019 2824 3273 2903 λέγοντος
3331 2829 3426 2884 οὐκ
3479 2823 3627 2881 ἔλαθε
3657 2825 3754 2900 μὲν

2109 2922 2200 2977 τὸν
2257 2916 2490 2976 ’Ἕλενον
2519 2916 2634 2974 ὅθεν
2677 2918 2713 2984 ἡ
2741 2915 3014 2995 προδοσία,
3049 2915 3324 2993 ἐλευθέραν
3389 2913 3443 2971 δὲ
3473 2914 3620 2990 ὅμως
3670 2914 3758 2970 καὶ

2110 3004 2312 3063 δικαίαν
2365 3006 2459 3072 τὴν
2509 3004 2788 3082 ἀπόκρισιν
2847 3003 3162 3074 ἐποιήσατο,
3216 3001 3384 3080 Ἐγὼ,
3433 3002 3629 3080 λέγων,
3662 3005 3759 3069 τῆς

377 3092 690 3172 etjustum
727 3089 781 3152 ei
815 3089 979 3151 dedit
1008 3107 1387 3170 responsum.
1444 3087 1565 3168 Ego
1597 3107 1750 3165 sum,
1788 3089 1890 3166 qui
1929 3087 2027 3150 ob-

2114 3097 2277 3174 κόρης
2349 3093 2710 3173 ἐπιτροπεύειν
2793 3092 3005 3171 λαχὼν,
3054 3092 3218 3171 μέχρι
3270 3093 3366 3167 μὲν
3437 3092 3503 3160 ἧν
3577 3092 3759 3148 παισὶν

379 3181 528 3259 tigit,
555 3179 785 3254 dicens,
821 3178 1036 3259 puellae
1067 3177 1409 3258 tutela,quae
1432 3177 1624 3240 donec
1650 3177 1891 3258 quidem
1924 3178 2027 3240 im-

379 3269 566 3350 pubes
595 3269 724 3346 fuit,
753 3286 824 3330 ea
843 3280 898 3330 et
932 3287 965 3330 a
987 3286 1084 3330 me
1109 3267 1398 3345 alebatur,
1433 3275 1490 3329 et
1520 3266 1749 3330 vivebat
1775 3276 1842 3328 ut
1862 3268 2024 3330 vole-

379 3359 539 3421 bam.
575 3358 718 3420 Cum
740 3377 879 3420 vero
900 3356 1022 3438 jam
1051 3358 1121 3420 ad
1156 3357 1391 3438 plenam
1430 3362 1768 3436 pervenerit
1796 3365 2027 3419 aetatem

379 3447 570 3526 etjam
608 3455 844 3528 tempus
869 3447 1172 3527 acceperit
1217 3447 1571 3527 legitimum,
1596 3447 1726 3525 ipsa
1755 3465 1873 3508 non
1904 3465 2025 3508 am-

377 3537 532 3617 plius
582 3555 775 3598 meam
807 3545 1090 3618 sequetur
1135 3537 1520 3612 voluntatem,
1557 3536 1662 3599 sed
1699 3554 1866 3598 suam
1924 3555 2018 3599 se-

378 3645 567 3708 quens
597 3627 980 3708 sententiam,
1011 3627 1186 3691 faciet
1219 3627 1277 3689 id
1314 3627 1470 3709 quod
1499 3627 1677 3690 volet.

455 3714 656 3778 XXXI.
696 3715 1008 3798 Postquam
1051 3718 1164 3780 hoc
1196 3735 1550 3797 responsum
1576 3717 1811 3798 accepit
1845 3720 2024 3779 Pom-

378 3805 577 3886 peius,
607 3804 678 3866 ad
712 3806 945 3868 Basillae
975 3806 1134 3868 aedes
1193 3806 1463 3888 protinus
1495 3815 1585 3869 est
1617 3806 1938 3887 profectus,
1975 3816 2034 3870 et

380 3897 610 3973 pulsato
635 3897 810 3970 ostio,
830 3894 1078 3975 janitori
1101 3896 1437 3977 imperavit,
1463 3904 1525 3958 ut
1559 3896 1612 3957 ei
1630 3897 2028 3960 anuuntiaret.

381 3983 487 4045 llla
538 3991 736 4043 autem
770 3984 995 4044 sensim
1053 4003 1186 4046 eum
1220 3986 1442 4066 repulit
1476 4003 1580 4066 per
1627 4003 1898 4066 puerum,
1933 3985 2028 4046 di-

381 4089 526 4133 cens
579 4071 729 4132 nihil
763 4091 893 4134 esse
925 4091 1242 4136 commune
1288 4075 1521 4136 Basillae
1553 4093 1688 4137 cum
1720 4073 2023 4153 Pompeio,

381 4161 484 4223 sed
521 4179 716 4241 neque
772 4163 902 4242 ejus
933 4163 1252 4225 adventum
1297 4163 1542 4226 omnino
1574 4164 1748 4242 culpa
1795 4181 2026 4225 carere.

378 4249 693 4323 Quomodo
747 4253 929 4326 enim,
979 4252 1078 4334 qui
1125 4254 1197 4314 ad
1251 4251 1538 4332 virginem
1587 4252 1923 4324 accesserit,
1970 4264 2029 4314 et

376 4359 510 4402 cum
545 4358 615 4402 ea
646 4358 913 4402 seorsum
949 4341 1354 4423 loquiquaerit,
1384 4359 1560 4423 quam
1595 4342 2027 4422 propemodum

2109 3183 2197 3241 ὑπ’
2238 3185 2356 3260 ἐμοί
2387 3206 2445 3241 τε
2503 3181 2835 3262 τρεφομένην
2877 3181 3039 3261 εἶχον
3085 3185 3172 3237 καὶ
3226 3181 3487 3258 θελήματι
3519 3185 3596 3255 τῷ
3647 3180 3759 3256 ἐμῷ

2109 3281 2304 3345 ζῶσαν·
2371 3273 2485 3330 ἐπεὶ
2555 3271 2609 3327 δὲ
2639 3271 2852 3339 ἡλικίας
2911 3267 3102 3350 ἐπέϐη,
3137 3269 3231 3326 καί
3284 3271 3476 3350 χρόνον
3505 3269 3609 3338 ἤδη
3669 3272 3758 3326 τὸν

2111 3363 2328 3433 ἕνςομον
2381 3361 2694 3441 ἀπειλήφει,
2755 3359 2927 3417 οὒκέτι
2984 3361 3247 3435 θελήματι
3305 3365 3380 3433 τῷ
3440 3360 3554 3436 ἐμῷ
3623 3358 3756 3426 αὕτη

2109 3451 2312 3512 ἕπεται.
2348 3451 2487 3510 ἀλλὰ
2529 3451 2719 3530 γνώμῃ
2749 3455 2819 3526 τῇ
2866 3447 2968 3522 ἰδίᾳ
3018 3448 3310 3529 στοιχοῦσα
3365 3449 3510 3514 ὅπως
3565 3448 3628 3505 ἂν
3671 3456 3758 3512 καὶ

2107 3543 2352 3618 βούλοιτο
2396 3539 2511 3620 δρᾷ.
2525 3588 2539 3604 .
2552 3584 2592 3603 ..

2186 3710 2322 3770 ΛΑ¹.
2387 3709 2593 3777 Ταύτην
2622 3709 2738 3766 ἐπεὶ
2800 3710 3087 3783 Πομπήϊος
3133 3707 3344 3774 ἐδέξατο
3397 3707 3497 3775 τὴν
3530 3707 3757 3783 ἁκὸκρι-

2113 3823 2215 3875 σιν,
2265 3802 2394 3880 πρὸς
2451 3799 2547 3867 τὴν
2605 3804 2704 3865 τῆς
2750 3799 3006 3874 βασίλλας
3079 3801 3244 3855 οἰκίαν
3300 3803 3570 3878 παχρῆμα
3611 3795 3756 3876 ἐχώ-

2113 3912 2214 3970 ρει,
2271 3892 2358 3946 καὶ
2417 3886 2590 3970 κόψας
2639 3889 2736 3956 τὴν
2792 3891 2945 3967 θύραν
3004 3895 3078 3963 τῷ
3106 3892 3321 3967 θυρωρῷ
3341 3888 3556 3944 ἐκέλευε
3587 3907 3759 3965 προσ-

2113 3967 2430 4058 αγγέλλειν.¹
2475 3977 2538 4034 Ἠ
2590 3977 2644 4033 δὲ
2695 3976 2870 4056 ἠρέμα
2923 3975 3006 4034 διὰ
3061 3987 3155 4037 τοῦ
3186 3976 3371 4040 παιδὸς
3416 3977 3570 4033 αὐτὸν
3605 3976 3760 4031 ἀπω-

2111 4069 2262 4126 θεῖτο
2294 4066 2456 4145 μηδὲν
2502 4067 2645 4126 εἶναι
2691 4065 2866 4123 κόίνὸν
2909 4067 3139 4145 λέγουσα
3175 4067 3413 4140 Βασιλλᾳ
3457 4067 3547 4123 καὶ
3605 4071 3757 4140 Πομ-

2111 4159 2285 4235 πηΐῳ⁷
2333 4157 2473 4213 ἀλλὰ
2517 4157 2624 4232 μὴν
2683 4155 2799 4215 οὒδὲ
2859 4158 3023 4224 αὐτὴν
3068 4157 3207 4221 ὅλως
3267 4158 3365 4224 τὴν
3411 4154 3579 4236 ἄφιξιν
3618 4155 3762 4229 αὐτῷ

2112 4246 2260 4326 ἔχειν
2321 4246 2641 4322 ἀμέμπτως.
2703 4248 2823 4310 Πῶς
2855 4247 2977 4325 γὰρ,
3013 4245 3071 4310 ὅς
3128 4267 3189 4324 γε
3247 4247 3461 4323 γυναικί
3525 4244 3763 4323 παρθένῳ

2111 4336 2310 4403 ἐπῆλθε
2365 4337 2452 4392 γαὶ
2508 4333 2804 4407 ἰδιὰζο·.σαν
2867 4335 3082 4410 ὁμιλίαν
3139 4335 3409 4409 ἐπιζητεῖ,
3481 4333 3600 4400 ἥτις
3675 4356 3761 4409 μι-

377 4449 453 4491 ne
484 4430 676 4491 oculis
707 4431 946 4510 quidem
982 4421 1106 4492 suis
1141 4421 1288 4493 licet
1319 4421 1608 4493 masculis,
1636 4421 1893 4494 intueri?
1925 4431 2027 4494 His

2114 4432 2240 4505 κροῦ
2298 4423 2508 4481 πάντων
2566 4425 2864 4502 ὀιρθαλμοῖς
2924 4423 3153 4503 ἆῤῥέοων
3223 4424 3370 4481 ἐστῖν
3442 4421 3758 4498 ἄψαυστος,

389 4519 584 4580 verbis
641 4519 842 4580 furore
898 4522 1226 4584 concitatur
1268 4519 1608 4600 Pompeius,
1660 4527 1718 4582 et
1769 4521 2026 4603 primum

379 4607 624 4689 quidem
658 4608 902 4670 veniens
960 4610 1018 4670 in
1050 4619 1342 4687 senatum,
1381 4629 1515 4672 eum
1562 4618 1746 4689 rogat.
1802 4611 2030 4673 Deinde

379 4715 512 4759 cum
554 4716 656 4759 eos
705 4697 879 4760 etiam
925 4700 1368 4780 assumpsisset,
1419 4699 1601 4781 pedes
1651 4701 2034 4782 imperatoris

379 4787 703 4868 prehendit
755 4806 873 4849 non
908 4790 1036 4850 sine
1091 4789 1388 4872 lacrymis,
1423 4798 1480 4851 et
1526 4808 1696 4851 suum
1756 4798 2029 4871 tanquam

380 4895 696 4939 commune
742 4877 1009 4941 deflebat
1058 4878 1471 4955 infortunium,
1505 4877 1618 4940 Pro
1651 4877 1819 4940 vobis
1862 4880 2030 4958 ipsis,

380 4967 607 5044 dicens,
642 4987 675 5028 ο
713 4967 1067 5032 divinissimi
1111 4968 1384 5047 Augusti,
1421 4986 1527 5048 pro
1556 4967 1724 5030 vobis
1769 4969 1912 5047 ipsis
1943 4987 2032 5030 ex-

378 5059 600 5138 surgite
631 5065 688 5120 et
719 5059 931 5120 vestris
959 5058 1098 5134 diis,
1131 5070 1194 5120 et
1232 5077 1412 5140 quem
1445 5077 1514 5120 ex
1541 5059 1796 5138 [Egypto
1819 5075 2029 5120 novum

378 5149 567 5210 Deum
620 5167 776 5210 nunc
827 5148 1156 5211 introduxit
1207 5147 1490 5227 Eugenia,
1529 5166 1598 5210 ex
1649 5147 1797 5210 urbe
1845 5157 2036 5211 vestra

381 5239 678 5318 expellite.
707 5239 855 5300 Nam
889 5239 949 5298 in
982 5239 1183 5301 multis
1215 5240 1452 5318 quidem
1488 5237 1667 5300 etiam
1697 5238 1831 5300 aliis
1862 5237 2030 5301 dam-

382 5345 525 5386 num
560 5328 818 5388 oﬂ‘erunt
864 5327 1212 5403 Christiani,
1247 5327 1568 5390 irridentes
1617 5327 2029 5410 imperatores,

383 5411 550 5491 leges
605 5415 1029 5498 despicientes,
1063 5416 1351 5494 benignos
1418 5423 1480 5477 et
1528 5428 1858 5479 servatores
1891 5417 2035 5480 deos

383 5511 660 5584 tanquam
705 5504 904 5567 inania
934 5507 1205 5586 quaedam
1241 5506 1574 5568 manufacta
1606 5515 2030 5588 conspuentes.

380 5591 551 5661 Nune
585 5601 778 5654 autem
811 5594 924 5656 hoc
953 5614 1189 5677 quoque
1218 5595 1415 5660 scelus
1436 5596 1688 5678 impium
1721 5605 1812 5662 est
1843 5597 1917 5661 ab
1949 5604 2036 5664 eis

2115 4516 2454 4591 Ἐκμαίνεται
2510 4528 2629 4578 τοῖς
2687 4515 2918 4592 ῥήμασιν
2981 4516 3008 4571 ὁ
3069 4515 3378 4593 Πομπήϊος,
3440 4513 3526 4568 καὶ
3577 4517 3760 4590 πρῶτα

2113 4605 2212 4682 μὲν
2265 4605 2338 4668 εἰς
2370 4603 2468 4670 τὴν
2527 4603 2731 4680 βουλὴν
2760 4602 3059 4681 παρελθὼν,
3094 4601 3269 4660 ἐδεῖτο
3297 4601 3519 4668 ταύτης·
3578 4600 3760 4657 ἔπειτα

2113 4695 2201 4750 καὶ
2248 4695 2462 4758 τούτους
2519 4690 2843 4770 παραλαϐὼν
2899 4698 3003 4749 τῶν
3061 4693 3238 4748 ποδῶν
3295 4702 3386 4750 τοῦ
3441 4697 3758 4767 κρατοῦντος

2116 4785 2210 4842 οὐκ.
2266 4780 2490 4862 ἄδακρυς
2549 4781 2764 4863 ἥπτετο,
2811 4784 2896 4839 καὶ
2939 4781 3012 4846 ὥς
3066 4805 3115 4839 τι
3173 4783 3350 4839 κοινὸν
3401 4781 3660 4860 ἀτύχημα
3701 4781 3760 4836 τὸ

2117 4871 2254 4929 ἴδιον
2309 4871 2630 4951 ὠλοφύρετο,
2679 4871 2842 4951 ’Υπὲρ
2873 4872 3020 4947 ὑμῶν
3077 4873 3273 4944 αὐτῶν,
3304 4869 3502 4950 λέγων,
3548 4873 3594 4926 ὧ
3621 4870 3760 4925 θειό-

2114 4984 2264 5020 τατοι
2325 4960 2638 5040 Αύγουστοι,
2699 4961 2826 5040 ὑπὲρ
2896 4962 3044 5034 ὑμῶν
3100 4962 3269 5017 αὐτων
3342 4958 3622 5027 διανάτητε
3678 4960 3760 5014 καὶ

2115 5059 2221 5108 τῶν
2252 5049 2516 5130 ὑμετέρων
2574 5054 2730 5125 θεῶν,
2775 5051 2869 5107 καί
2914 5052 2973 5107 ὃν
3001 5048 3052 5116 ἐξ
3101 5049 3361 5129 Αἷγόπτου
3417 5058 3504 5108 νῦν
3548 5047 3763 5127 Εὗγενία

2115 5143 2473 5220 ἐπεισήγαγεν
2528 5139 2644 5198 νέον
2678 5141 2806 5196 Θεὸν
2837 5145 2935 5208 τῆς
2990 5139 3244 5220 ὑμετέρας
3294 5138 3505 5204 πόλεως
3553 5136 3763 5197 ἀπελά-

2118 5253 2269 5295 σατε,
2319 5230 2504 5288 Πολλὰ
2536 5229 2632 5305 μὲν
2678 5230 2777 5310 γὰρ
2821 5233 2909 5287 καὶ
2966 5231 3106 5286 ἄλλα
3165 5243 3284 5296 τοῖς
3343 5229 3616 5308 πράγμασι
3677 5227 3765 5282 λυ·

2119 5325 2390 5399 μαίνονται
2460 5323 2759 5399 Χριστιανοὶ
2820 5321 3219 5397 καταγελῶντες
3299 5319 3592 5396 βασιλέων,
3669 5338 3767 5372 και

2115 5417 2497 5492 ταφρονοῦντες
2581 5410 2781 5487 νόμων,
2855 5411 2975 5476 τοὺς
3047 5414 3294 5486 εὐμενεῖς
3353 5413 3451 5466 καὶ
3514 5409 3762 5485 σωτῆρας

2115 5505 2264 5566 θεοὺς
2315 5502 2388 5564 ὡς
2421 5500 2622 5576 μάταιά
2663 5521 2779 5557 τινα
2831 5499 3180 5580 χειροποίητα
3233 5497 3592 5562 διαπτύοντες’
3659 5495 3762 5552 νυνὶ

2121 5593 2173 5653 δὲ
2230 5592 2317 5651 καὶ
2375 5591 2530 5649 τοῦτο
2569 5590 2754 5656 αὐτοῖς
2812 5590 3147 5660 ἐπινενόηται
3227 5611 3286 5647 το
3345 5585 3618 5667 ἀσέϐημα,
3677 5585 3762 5648 καὶ
