4056 6142
258 288 373 405 645
1425 306 1896 394 MARTYRIUM
1951 326 2010 388 s.
2067 314 2450 389 EUGENLE.
3499 319 3615 387 646

255 476 373 538 τοὺς
431 480 523 530 τοῦ
578 474 750 552 γάμου
808 471 1072 529 διαλύουσι
1117 469 1308 542 νόμους
1365 465 1453 523 καὶ
1505 465 1600 526 τὰ(
1654 464 1893 544 συζυγίας

1981 459 2371 552 excogitatum
2403 482 2415 519 :
2448 458 2712 552 solvunt
2744 459 2918 552 etiam
2949 458 3111 537 leges
3142 458 3525 552 matrimonii,
3559 467 3618 522 et

257 563 689 643 ἀπαγορεύουσι·
749 564 840 627 τᾶς
921 562 1021 641 γὰρ
1092 557 1466 636 νυμιιευθείσας
1524 556 1560 622 ἢ
1615 555 1701 611 καὶ
1761 577 1893 629 νυμ-

1981 551 2301 632 prohibent
2327 547 2747 643 conjugia.Eas
2766 550 3092 626 enim,quaa
3112 555 3252 643 sunt
3281 547 3613 643 desponsae,

257 636 507 731 φευθῆναι
568 651 860 727 μελλούσας
912 636 1019 707 τῶν
1078 649 1276 725 ἀνδρῶν
1336 644 1631 717 διασπῶσι,
1694 642 1893 731 μᾶλλον

1981 647 2080 702 aut
2109 640 2286 702 etiam
2320 638 2783 719 despondendae,
2816 657 2851 698 a
2879 639 3023 700 viris
3051 636 3338 715 avellant,
3390 638 3476 699 vel
3509 657 3616 718 po-

256 727 309 797 δὲ
379 742 597 807 τούτους
655 742 754 817 μὲν
811 740 1024 797 ἐκείνων
1084 733 1460 815 ἀποστεροῦσιν
1495 778 1514 812 ,
1574 733 1787 798 ἑαυτοῖς
1844 730 1893 787 δὲ

1981 729 2096 791 tius
2125 746 2228 791 eos
2257 728 2499 810 quidem
2534 727 2651 790 illis
2683 728 2932 809 privant,
2968 727 3082 789 sibi
3114 746 3251 789 vero
3293 727 3615 809 vindicant,

255 839 588 909 περιποιοῦσι
646 832 734 888 καὶ
792 829 1036 906 ἆσέμνως
1082 826 1371 908 φθείρουσι.
1432 825 1493 880 Τί
1541 822 1629 879 οὖν
1690 821 1791 901 ἔτι,
1850 821 1901 877 τί

258 921 443 977 λοιπὸν
501 920 735 997 γένοιτο,
778 921 866 975 καὶ
920 931 1018 975 ποῖ
1060 939 1142 981 τις
1184 915 1460 994 τράποιτο,
1518 914 1561 967 εἰ
1592 911 1759 989 γάμος
1790 909 1899 966 ἐστὶ

255 1007 507 1085 μηδαμοῦ
540 1031 556 1084 ;
591 1012 691 1068 Τὸν
728 1009 825 1084 μὲν
872 1007 972 1087 γὰρ
1023 1007 1166 1084 παρὰ
1222 1005 1385 1078 νόμον
1416 1023 1463 1058 οι
1494 1001 1672 1080 νόμοι,
1704 1004 1796 1057 τὸν
1842 997 1895 1056 δὲ

259 1100 394 1156 κατὰ
450 1100 615 1176 νόμον
654 1096 967 1177 Χριστιανοὶ
1020 1093 1407 1168 κεκωλύκασιν,
1464 1090 1749 1170 ἀλάστορες
1810 1112 1893 1146 τι-

256 1210 364 1260 νες,
428 1190 501 1253 ὡς
558 1188 749 1268 ἔοικεν,
810 1188 1124 1249 ἐπελθόντες
1171 1184 1341 1241 καινοὶ
1392 1180 1487 1237 καῖ
1545 1182 1779 1248 τὴντῶν
1810 1179 1897 1235 ἆν-

256 1278 481 1356 θρώπων
536 1267 873 1356 ἀναιροῦντες
931 1278 1161 1356 γένεσιν,
1209 1273 1280 1331 Οῦ
1327 1270 1391 1338 δὴ
1443 1267 1738 1348 προϐάντος
1772 1268 1897 1346 ἔρη-⁸

257 1391 358 1444 μος
403 1367 550 1423 ἔσται
596 1368 807 1430 πάντως
836 1369 871 1435 ἡ
901 1370 991 1443 γῆ.
1044 1367 1163 1427 Πῶς
1194 1361 1249 1418 δὲ
1307 1370 1399 1419 τοῦ
1457 1359 1645 1416 λοιποῦ
1692 1360 1779 1415 καὶ
1837 1360 1897 1414 τὸ

258 1459 640 1536 στρατιωτικὸν
696 1458 824 1531 ὑμῖν
868 1454 1020 1530 ἕξεις
1084 1455 1173 1511 καὶ
1229 1456 1345 1515 πῶς
1404 1450 1500 1508 οὒκ
1556 1450 1893 1527 οἷχήσεται;

258 1548 422 1605 Τίνων
469 1547 569 1622 μὲν
616 1545 859 1622 βασιλεῖς
892 1543 1153 1624 ἄρξουσιν,
1190 1543 1325 1618 μετὰ
1354 1542 1508 1596 τίνων
1539 1536 1594 1594 δὲ
1626 1536 1897 1612 πολεμίων

255 1639 630 1714 κρατήσουσι;
678 1640 795 1700 Πῶς
848 1633 902 1690 δὲ
962 1632 1205 1690 πολιτεία
1262 1630 1402 1693 ὅλως
1462 1630 1550 1685 καὶ
1608 1628 1894 1707 ἀνθρώπων

257 1727 575 1797 συστήσεται
607 1726 718 1801 βίος
755 1743 771 1799 ;

338 1993 469 2054 ΔΒ’.
518 1991 666 2052 Οὕτω
708 2001 801 2050 τοῦ
850 1992 1138 2066 Πομπηΐου
1200 1986 1313 2065 μεθ’
1355 1986 1487 2055 ὅσης
1516 1986 1897 2066 ἀγορεύσαντος

258 2090 357 2152 τῆς
430 2085 771 2161 περιπαθείας
830 2080 1209 2160 συνεφθέγγετο
1278 2079 1391 2153 ἅμα
1455 2078 1541 2132 καὶ
1614 2078 1648 2144 ἡ
1707 2074 1894 2152 βουλὴ,

258 2176 394 2232 ὥστε
447 2172 853 2251 συναλγήσαντα
911 2173 1004 2227 τὸν
1060 2175 1351 2247 κρατοῦντα
1381 2165 1558 2232 ὀξεῖαν
1591 2165 1900 2243 ἐπενεγκεῖν

258 2268 357 2330 την
410 2263 675 2342 ἂπόφασιν
706 2260 970 2318 Βασίλλαν
1002 2260 1037 2326 ἢ
1067 2266 1142 2332 τῷ
1189 2259 1387 2323 ἑαυτῆς
1429 2256 1695 2332 μνηστῆρι
1727 2256 1900 2332 γάμου

259 2352 579 2431 συναφθῆναι
637 2352 808 2427 νόμῳ,
872 2350 909 2418 ἢ
982 2349 1050 2424 τῇ
1126 2347 1209 2403 διὰ
1287 2345 1462 2425 ξίφους
1536 2342 1901 2412 ὑποϐληθῆναι

261 2450 471 2522 σφαγῇ.
531 2440 672 2498 Ἐπεὶ
727 2440 782 2496 δὲ
861 2442 949 2496 καὶ
1020 2439 1136 2516 περὶ
1198 2437 1444 2515 Εὖγενίαε
1509 2435 1753 2507 lim-det.
1812 2436 1898 2491 καὶ

266 2534 386 2604 περὶ
440 2535 597 2598 αὖτῆς
641 2533 786 2592 εὐθὺς
846 2529 1216 2607 ἀποφαίνεται,
1268 2527 1303 2593 ἠ
1357 2530 1667 2582 πεισθεῖσαν
1722 2528 1895 2598 θῦσαι,

210 2627 221 2635 ’
264 2622 300 2690 ἢ
347 2621 599 2698 βασάνοις
659 2617 1048 2697 παραδοθεῖσαν
1090 2618 1272 2693 βιαίως
1318 2617 1624 2687 ἀποθανεῖν,
1662 2615 1814 2690 κοινῇ
1844 2611 1897 2668 δὲ

262 2713 346 2767 καὶ
404 2710 606 2772 πάντας
663 2711 1013 2787 τιμωρεῖσθαι
1047 2707 1169 2770 τοὺς
1214 2705 1407 2770 ἄλλους
1453 2704 1512 2762 οὔ
1563 2704 1899 2781 Χριστιανοὺς

264 2802 448 2879 μόνον,
481 2798 737 2855 ἀλλὰκαὶ
790 2799 911 2861 τοὺς
970 2796 1087 2854 ὅσοι
1145 2795 1491 2874 Χριστιανοὺς
1547 2791 1899 2873 ὑποδέχονται

262 2911 316 2945 τε
369 2892 459 2947 καὶ
516 2889 741 2968 ἀφανεῖς
818 2891 958 2944 εἶναι
1024 2885 1500 2962 παρασκευάζουσι.
1559 2883 1767 2949 Ταύτης
1830 2883 1900 2946 ὡς

1981 826 2040 880 et
2070 837 2171 880 eas
2203 818 2454 899 turpiter
2482 825 2894 897 corrumpunt.
2931 817 3221 890 Quidnam
3261 835 3424 897 ergo,
3477 818 3619 899 quid

1979 908 2276 989 reliquum
2309 915 2419 989 est,
2454 908 2614 989 quod
2648 907 2768 983 ﬁat,
2804 914 2900 969 aut
2933 925 3049 988 quo
3080 924 3145 970 se
3189 908 3617 989 verteritquis-

1981 998 2162 1078 piam,
2190 998 2236 1059 si
2268 1016 2555 1079 nusquam
2588 1006 2674 1060 est
2709 996 3147 1058 matrimonium
3175 998 3201 1056 ?
3228 996 3374 1058 Nam
3402 997 3459 1058 id
3489 1000 3619 1079 qui-

1980 1087 2139 1162 dem,
2176 1086 2331 1169 quod
2355 1088 2416 1148 ﬁt
2439 1096 2651 1168 praeter
2676 1087 2887 1167 legem,
2914 1087 3095 1165 luges,
3126 1087 3284 1167 quod
3313 1095 3402 1149 est
3422 1098 3618 1151 autem

1978 1175 2334 1257 legitimum,
2365 1176 2682 1239 Christiani
2716 1174 3051 1256 prohibent,
3079 1176 3211 1236 novi
3257 1176 3521 1257 quidam,
3556 1186 3620 1241 ut

1980 1267 2237 1340 videtur,
2257 1276 2313 1328 et
2332 1267 2734 1347 irrumpentes
2750 1266 3213 1342 cacodzemones,
3230 1276 3287 1328 et
3311 1268 3615 1330 hominum

1981 1357 2426 1436 generationem
2481 1357 2760 1418 tollentes
2808 1355 2884 1415 de
2924 1356 3144 1417 medio.
3181 1356 3345 1429 Quod
3378 1358 3619 1438 quidem

1983 1462 2116 1508 cum
2153 1451 2530 1526 processerit,
2566 1447 2679 1507 erit
2703 1451 2946 1507 omnino
2976 1453 3133 1507 terra
3165 1464 3345 1508 vacua
3367 1447 3622 1508 homini-

1981 1533 2112 1595 bus.
2147 1534 2454 1607 Quomodo
2485 1543 2680 1597 autem
2715 1535 2789 1597 de
2823 1544 3036 1609 caztero
3068 1535 3234 1597 vobis
3278 1553 3343 1597 se
3381 1536 3623 1597 habebit

1980 1626 2302 1701 exorcitus,
2338 1634 2393 1687 et
2425 1627 2725 1705 quomodo
2759 1643 2877 1687 non
2933 1624 3205 1706 peribit?
3254 1624 3619 1698 Quibusnam

1981 1714 2222 1796 quidem
2251 1716 2626 1795 imperabunt
2671 1716 3082 1797 imperatores,
3129 1721 3186 1776 et
3218 1733 3352 1777 cum
3408 1715 3621 1797 quibus

1980 1804 2348 1887 superabunt
2378 1806 2652 1867 inimicos
2670 1805 2701 1865 ?
2732 1805 3041 1878 Quomodo
3062 1824 3199 1867 vero
3217 1806 3461 1868 omnino
3485 1824 3623 1868 con-

1980 1895 2158 1956 stabit
2186 1895 2525 1976 respublica
2555 1904 2614 1957 et
2643 1894 2759 1957 vita
2792 1894 3103 1956 hominum
3128 1902 3157 1957 ?

2060 1983 2294 2048 XXXII.
2355 1987 2503 2048 Cum
2562 1985 2648 2048 sic
2679 1985 2859 2047 valde
2910 1982 3323 2046 miserabiliter
3378 1985 3626 2054 dixisset

1983 2070 2323 2154 Pompeius,
2358 2073 2532 2135 simul
2567 2073 2741 2136 etiam
2780 2074 2835 2134 ei
2866 2092 3145 2135 assensus
3176 2082 3265 2135 est
3294 2085 3352 2135 et
3408 2074 3619 2136 suifra-

1984 2170 2150 2240 gatus
2181 2172 2450 2243 senatus,
2481 2163 2631 2225 adeo
2661 2171 2727 2224 ut
2758 2164 3037 2224 misertus
3070 2163 3410 2244 imperator,
3460 2162 3624 2225 cele-

1983 2270 2109 2314 rem
2144 2253 2342 2315 tulerit
2373 2252 2754 2322 sententiam,
2791 2260 2853 2313 ut
2883 2253 3094 2314 Basilla
3126 2253 3215 2313 vel
3268 2271 3373 2313 suo
3406 2271 3625 2333 sponso

1986 2343 2358 2405 matrimonii
2376 2342 2506 2422 lege
2530 2343 3121 2421 conjungeretur,aut
3143 2342 3335 2420 gladio
3360 2342 3626 2422 subjecta

1983 2433 2157 2495 vitam
2193 2432 2408 2495 ﬁniret.
2450 2437 2759 2513 Postquam
2814 2441 3011 2493 autem
3060 2430 3283 2491 audivit
3342 2431 3516 2493 etiam
3551 2433 3625 2493 de

1981 2522 2266 2601 Eugenia,
2302 2521 2376 2584 de
2405 2540 2476 2583 ea
2503 2540 2738 2603 quoque
2772 2521 3041 2601 protinus
3075 2521 3622 2601 pronuntiat,utvel

1982 2630 2264 2693 persuasa
2275 2611 2684 2688 sacriﬁcet,vel
2704 2615 3012 2672 tormentis
3039 2609 3270 2684 tradita,
3293 2622 3483 2674 morte
3499 2611 3618 2672 vio-

1979 2706 2130 2763 lenta
2155 2706 2835 2771 moriatur,communiter
2859 2717 2988 2760 vero
3011 2718 3208 2759 omnes
3233 2717 3460 2775 quoque
3485 2705 3625 2762 alios

1983 2789 2177 2872 puniri
2189 2790 2383 2870 jubet,
2407 2808 2526 2851 non
2551 2789 2739 2851 solum
2758 2787 3147 2867 Christianos,
3184 2787 3287 2848 sed
3321 2806 3424 2849 eos
3443 2789 3618 2851 etiam

1982 2879 2081 2960 qui
2104 2879 2467 2940 Christianos
2490 2878 2822 2961 suspiciunt
2845 2885 2996 2957 et,nt
3026 2879 3618 2956 lateant,procurant.

266 2979 453 3047 ἤκουσε
501 2966 738 3036 Βασίλλα
794 2975 891 3044 τῆς
949 2976 1305 3056 ἀποφάσεως,
1381 2973 1416 3040 ἠ
1473 2971 1678 3049 βασιλὶς
1740 2971 1893 3037 ὅντως

1982 2968 2147 3031 Hanc
2175 2969 2524 3030 sententiam
2571 2977 2881 3051 postquam
2933 2967 3154 3028 audivit
3202 2966 3440 3044 Basilla,
3493 2990 3624 3051 quae

265 3067 432 3136 ἐκείνη
497 3069 587 3125 καὶ
653 3065 896 3145 γλῶτταν
957 3067 1045 3122 καὶ
1116 3064 1214 3131 τὴν
1271 3062 1455 3142 ψυχὴν
1506 3060 1750 3140 ὀξυτέραν
1815 3063 1893 3115 καῖ

1984 3076 2121 3121 vere
2147 3059 2312 3138 regia
2343 3067 2471 3121 erat
2500 3058 2696 3137 lingua
2747 3065 2803 3119 et
2849 3059 3072 3134 animo,
3121 3056 3354 3119 acriore
3390 3078 3623 3142 quoque

261 3160 389 3227 αὑτὴ
420 3158 518 3224 τὴν
549 3157 733 3236 φωνὴν
763 3155 901 3233 ἤπερ
932 3153 1139 3218 ἐκεῖνος
1193 3154 1339 3215 εὒθὺς
1394 3150 1702 3230 ἀπεφήνατο
1737 3166 1751 3181 ⁸
1817 3155 1893 3223 Τῷ

1984 3150 2132 3231 ipsa,
2163 3168 2337 3230 quam
2369 3149 2491 3225 ille,
2524 3166 2667 3210 voce
2697 3148 2781 3208 sic
2822 3155 2908 3208 est
2940 3148 3153 3225 locuta,
3216 3157 3270 3208 et
3325 3166 3487 3209 suam
3525 3159 3621 3212 tu-

260 3248 475 3323 βασιλεῖ
534 3252 640 3303 τῶν
708 3244 1097 3321 βασιλευόντων
1162 3243 1251 3299 καὶ
1295 3240 1604 3320 δημιουργῴ
1664 3261 1893 3315 νυμφευ-

1989 3238 2053 3300 Iit
2081 3238 2457 3316 sententiam,
2491 3238 2637 3316 Regi
2688 3257 2893 3318 regum
2930 3247 2987 3298 et
3017 3237 3271 3299 cueatori
3301 3238 3617 3319 desponsa,

260 3341 417 3393 δεῖν
476 3339 694 3414 φθαρτοῦ
752 3332 937 3412 ἀνδρὸς
994 3332 1271 3389 κοινωνίαν
1328 3328 1522 3397 ἥκιστα
1586 3327 1893 3409 παραδέχο-

1984 3329 2091 3389 viri
2151 3329 2210 3389 in
2266 3347 2442 3409 quem
2503 3329 2657 3390 cadit
2706 3328 3005 3404 interitu=,
3046 3346 3161 3389 non
3195 3326 3438 3389 admitto
3470 3348 3622 3391 con~

263 3448 383 3501 μαι,
432 3426 475 3479 εἰ
518 3425 601 3479 καὶ
651 3430 727 3496 τῷ
778 3423 923 3480 κάτω
974 3421 1189 3497 βασιλεῖ
1249 3426 1405 3476 τοῦτο
1448 3417 1618 3477 δοκεῖ.
1666 3416 1893 3497 Φοϐερὸν

1981 3419 2375 3498 iunctionem,
2430 3421 2657 3482 etiamsi
2730 3421 2845 3482 hoc
2911 3419 3179 3481 videatur
3246 3418 3617 3498 imperatori.

258 3515 357 3593 γὰρ
383 3520 462 3587 τῷ
491 3514 624 3585 ὄντι,
663 3510 885 3590 φοϐερὸν
913 3512 975 3567 τὸ
1020 3511 1278 3575 ἐμπεσεῖν
1322 3510 1395 3571 εἷς
1454 3520 1649 3588 χεῖρας
1697 3507 1893 3575 ἀληθι-

253 3611 342 3660 νοῦ
397 3602 678 3666 Βασιλέως
736 3603 819 3657 καὶ
881 3602 1073 3671 ζῶντος
1136 3600 1289 3659 Θεοῦ.
1347 3597 1499 3672 ’Ἅμα
1531 3596 1584 3651 δὲ
1642 3599 1717 3670 τῷ
1762 3604 1895 3653 Θεοῦ

251 3694 455 3772 προῆκε
514 3696 611 3758 τῆς
639 3690 909 3769 γλώττης,
951 3690 1164 3745 καὶτοῦ
1213 3689 1459 3761 σώματος
1516 3686 1659 3749 εὐθὺς
1718 3686 1752 3752 ἡ
1797 3707 1893 3741 κε-

250 3783 396 3861 φαλή
430 3780 779 3856 ἀπετέμνετο.
844 3778 1011 3835 Ἀλλὰ
1039 3786 1195 3834 τοῦτο
1249 3776 1347 3851 μὲν
1390 3775 1552 3854 ἔσχεν
1593 3776 1626 3842 ἡ
1664 3774 1895 3861 Βασίλλα

248 3857 309 3929 τὸ
360 3871 544 3934 τέλος.
593 3868 1058 3945 Συνελαμϐάνοντο
1094 3867 1147 3923 δὲ
1205 3869 1290 3923 καὶ
1349 3872 1568 3943 Πρωτᾶς
1625 3866 1713 3922 καὶ
1774 3857 1893 3921 Τά-

247 3967 454 4041 κινθος,
500 3962 587 4016 καὶ
625 3962 752 4038 πρὸς
784 3960 874 4015 τὸν
933 3960 1057 4015 ναὸν
1119 3965 1211 4014 τοῦ
1252 3958 1374 4019 Διὸς
1406 3956 1726 4035 ἀπάγονται,
1759 3956 1894 4012 θύειν

246 4053 437 4125 ὲκείνῳ
494 4057 571 4124 τῷ
646 4048 966 4127 βδελύγματι
1046 4047 1315 4121 ἁζόμενοι,
1376 4045 1602 4109 Στάντες
1661 4044 1749 4100 οῦν
1809 4044 1895 4102 ἐπ’

249 4139 373 4216 ὄψει
428 4148 520 4197 τοῦ
554 4140 828 4200 δοκοῦντος
860 4140 977 4194 θεοῦ
1019 4134 1368 4206 κατηύξαντο,
1421 4136 1508 4190 καὶ
1558 4136 1895 4213 παραχρῆμα

246 4231 351 4307 πρὸ
411 4234 520 4283 τῶν
564 4225 735 4284 ποδῶν
796 4228 965 4282 αὸτῶν
1014 4227 1334 4282 καταπίπτει
1388 4224 1448 4279 τὸ
1502 4220 1748 4299 εἴδωλον,
1809 4224 1895 4280 καὶ

244 4318 566 4374 λεπτύνεται
613 4314 944 4395 παραδόξως,
1015 4316 1095 4370 καὶ
1152 4315 1225 4377 εἰς
1279 4313 1424 4369 κόνιν
1456 4313 1542 4368 καὶ
1586 4319 1718 4391 χοῦν
1776 4311 1891 4369 δια-

246 4406 459 4466 λύεται.
494 4406 646 4462 Ἐπεὶ
696 4406 749 4461 δὲ
804 4413 956 4462 τοῦτο
1008 4404 1255 4471 rimimo;
1286 4404 1313 4459 ὁ
1347 4402 1583 4482 ἔπαρχος
1617 4401 1776 4482 ἔγνω,
1807 4403 1898 4459 καὶ

249 4499 424 4555 arb-.ch
468 4499 797 4572 ἐκτμηθῆναι
848 4494 1161 4574 προστάττει
1220 4493 1312 4558 τὰς
1368 4492 1608 4572 κεφαλάς
1638 4507 1651 4521 ⁶
1722 4493 1891 4571 Εὺγε-

250 4586 364 4642 νίαν
408 4584 463 4641 δὲ
494 4589 833 4661 παραστῆναι
868 4585 1003 4641 κατὰ
1031 4585 1091 4639 τὸ
1122 4581 1399 4659 βασιλικὸν
1430 4581 1766 4659 προστάγμα,

332 4762 470 4827 AI".
505 4764 653 4822 Ἐπεὶ
715 4762 768 4819 δὲ
826 4762 1086 4841 παρέστη,
1119 4762 1306 4833 Πόθεν,
1362 4760 1579 4842 φησὶνὸ
1625 4760 1888 4841 ἔπαρχος,

249 4853 393 4909 οὕτω
456 4854 551 4923 τὴν
615 4854 873 4932 μεγίστην
926 4852 1127 4931 τέχνην
1174 4853 1245 4917 εἰς
1302 4851 1461 4930 ἄκρον
1518 4850 1887 4926 ἐξεπονήθητε,

246 4941 389 5001 ὥστε
433 4945 519 5000 καὶ
574 4944 742 4999 αὑτῶν
789 4941 1031 4999 δύνασθαι
1105 4942 1399 5021 κατάρχειν
1464 4945 1570 4997 τῶν
1627 4940 1888 5018 μεγίστων

241 5036 381 5089 θεῶν
422 5053 438 5107 ;
494 5041 660 5090 Τοῦτο
713 5032 885 5111 λέγων
929 5032 1175 5087 ἐλάνθανε
1218 5044 1337 5095 τοῖς
1382 5032 1499 5106 περὶ
1542 5036 1759 5108 Πρωνᾶν
1802 5031 1887 5086 καὶ

243 5114 527 5179 Ὑάκινθον
583 5122 866 5202 περιφανὲς
924 5120 1139 5177 πλέκων
1171 5120 1461 5198 ἐγκώμιον,
1503 5120 1583 5176 ὅτι
1612 5126 1886 5199 προσευχῇ

240 5213 384 5288 μόνη
447 5214 537 5267 τὸν
595 5210 717 5290 παρ’
780 5212 961 5273 αδτοῖς
1015 5210 1265 5288 μέγιστον
1318 5217 1424 5267 τῶν
1483 5213 1616 5267 θεῶν
1646 5211 1718 5275 εἰς
1749 5210 1885 5289 χοῦν

240 5301 566 5380 κατήραξαν,
625 5303 717 5358 καὶ
767 5302 915 5357 κόνιν
973 5304 1314 5379 παραχρῆμα
1390 5297 1595 5367 λεπτὴν
1660 5297 1881 5364 ἔδειξαν,

238 5391 465 5467 Ἀμέλει
526 5391 613 5447 καὶ
682 5392 716 5459 ἡ
772 5391 1117 5453 θεόπνευστος
1202 5390 1417 5469 εὐγενία
1475 5390 1611 5466 μετά
1670 5388 1884 5457 πολλῆς

239 5480 528 5550 ἀπήντηκε
572 5482 671 5547 τῆς
714 5481 997 5554 συνέσεως,
1045 5482 1207 5537 Τοῦτο
1277 5480 1400 5556 μὲν,
1445 5480 1686 5554 εἰποῦσα,
1747 5502 1885 5537 πάνυ

240 5570 440 5637 ἄληθες
471 5568 689 5648 εἴρηται
745 5592 849 5650 σοι,
902 5571 947 5626 ὦ
1000 5570 1231 5650 ἔπαρχε,
1261 5569 1323 5627 τὸ
1351 5571 1494 5647 ἡμᾶς
1520 5566 1706 5648 ῥᾳδίως
1746 5591 1881 5628 κατ-

323 5673 372 5719 ¹¹
408 5673 593 5739 Hebr.
628 5693 688 5761 κ,
718 5676 817 5738 31.

1980 3509 2271 3571 Terribile
2302 3510 2458 3570 enim
2492 3517 2581 3571 est
2609 3527 2835 3585 revera,
2874 3509 3168 3585 terribile,
3232 3508 3502 3570 incidere
3562 3510 3624 3573 in

1979 3617 2189 3659 manus
2214 3598 2334 3660 veri
2365 3599 2549 3678 Regis
2580 3607 2638 3660 et
2672 3599 2776 3661 Dei
2808 3598 3057 3659 viventis
3085 3596 3159 3661 “.
3196 3596 3391 3659 Simul
3422 3607 3620 3660 autem

1978 3689 2178 3749 ethoc
2218 3687 2569 3748 vocabulum
2628 3688 2736 3750 Dei
2794 3688 2995 3766 lingua
3054 3685 3276 3766 emisit,
3324 3694 3385 3747 et
3449 3696 3624 3767 caput

1976 3777 2169 3836 statim
2224 3776 2334 3837 fuit
2387 3776 2442 3837 ei
2496 3785 2892 3856 amputatum.
2945 3777 3139 3857 Atque
3181 3774 3340 3835 hunc
3372 3774 3617 3855 quidem

1977 3865 2157 3926 ﬁnem
2219 3865 2426 3926 habuit
2494 3865 2736 3929 Basxlla.
2810 3864 3414 3946 Comprehenduntur
3484 3883 3620 3928 vero

1974 3952 2182 4017 Protas
2206 3973 2442 4036 quoque
2466 3963 2520 4016 et
2546 3952 2933 4035 Hyacinthus,
2967 3964 3022 4017 et
3046 3956 3117 4016 ad
3143 3953 3428 4035 templum
3462 3952 3621 4017 Jovis

1975 4043 2380 4126 adducuntur,
2412 4056 2479 4106 ut
2508 4054 2863 4124 cogerentur
2913 4045 3249 4107 sacriﬁcare
3279 4043 3365 4105 illi
3397 4043 3626 4105 abomi-

1976 4134 2227 4197 nationi.
2258 4137 2407 4196 Cum
2444 4142 2642 4196 autem
2679 4135 2981 4198 stetissent
3010 4135 3068 4195 in
3106 4142 3434 4214 conspectu
3465 4135 3620 4216 ejus,

1980 4225 2082 4303 qui
2105 4224 2416 4287 videbatur
2446 4226 2616 4300 deus,
2653 4227 2878 4306 precati
2914 4233 3078 4302 sunt,
3126 4233 3182 4286 et
3229 4224 3426 4284 statim
3487 4234 3623 4285 ante

1980 4316 2165 4394 pedes
2188 4332 2395 4376 eorum
2420 4314 3176 4388 conciditsimulacrum,et
3197 4313 3627 4375 admirabiliter

1978 4410 2036 4464 et
2063 4414 2276 4485 prater
2298 4404 2642 4485 opinionem
2672 4404 3122 4485 comminuitur,
3147 4411 3206 4465 et
3231 4403 3291 4463 iu
3319 4402 3622 4482 pulverem

1977 4493 2366 4575 cineremque
2388 4494 2699 4575 redigitur.
2730 4497 3043 4577 Postquam
3063 4504 3260 4556 autem
3278 4492 3388 4555 hoc
3411 4511 3625 4573 cogno-

1978 4584 2057 4645 vit
2088 4585 2399 4664 praefectus
2422 4584 2890 4666 Nicetius,jubet
2921 4603 3127 4647 eorum
3158 4601 3397 4666 quoque
3429 4583 3625 4663 capita

1975 4679 2286 4753 amputari.
2322 4672 2649 4753 Eugeniam
2682 4693 2823 4737 vero
2855 4675 2980 4735 sisti
3005 4676 3179 4755 jussu
3212 4673 3617 4754 imperatoris.

2055 4760 2643 4844 XXXIII.Postquam
2659 4772 2854 4824 autem
2876 4763 3623 4845 adfuit,Undenam,inquit

1977 4852 2506 4934 praefectus,artem
2523 4852 2806 4932 magicam
2825 4860 2938 4915 tam
2952 4862 3227 4915 accurate
3240 4854 3621 4934 perfecteque

1971 4941 2291 5018 didicistis,
2322 4952 2388 5003 ut
2422 4943 2660 5023 possitis
2690 4942 2803 5003 diis
2829 4961 3071 5023 quoque
3120 4943 3269 5024 ipsis
3326 4944 3622 5023 imperare

1974 5030 2249 5092 maximis
2272 5031 2303 5090 ?
2335 5030 2458 5092 Hoc
2490 5050 2624 5091 cum
2658 5030 2912 5105 diceret,
2962 5032 3310 5111 imprudens
3343 5033 3534 5094 Proteo
3565 5038 3623 5091 et

1972 5120 2297 5200 Hyacintho
2320 5118 2565 5181 evidens
2596 5119 3309 5182 contexebatencomium
3341 5119 3619 5200 quoniam

1969 5209 2092 5271 sola
2124 5208 2393 5271 oratione
2427 5210 2749 5271 maximum
2783 5209 2886 5286 qui
2933 5218 3071 5271 sunt
3100 5210 3253 5289 apud
3306 5228 3431 5283 eos,
3469 5208 3619 5270 deo-

1968 5306 2102 5360 rum
2135 5307 2384 5379 repente
2418 5297 2879 5377 conﬁ'ogissent,
2910 5308 2971 5360 et
3001 5298 3061 5360 in
3093 5298 3359 5361 cinerem
3398 5317 3465 5359 ac
3495 5298 3623 5379 pul-

1966 5407 2169 5451 verem
2217 5387 2732 5450 comminuissent.
2788 5389 3080 5452 Divinitus
3137 5406 3274 5450 vero
3335 5386 3621 5469 inspirata

1968 5477 2253 5559 Eugenia,
2315 5497 2450 5540 cum
2512 5479 2699 5540 multa
2754 5478 3063 5560 respondit
3124 5477 3462 5559 prudentia,
3496 5479 3621 5541 Hoc

1969 5569 2234 5652 quidem,
2270 5567 2501 5649 dicens,
2535 5568 2710 5649 longe
2739 5569 3122 5631 verissimum
3186 5586 3218 5631 a
3279 5575 3334 5631 te
3395 5569 3619 5634 dictum
