4056 6142
407 283 521 350 647
1711 288 1877 352 ΜΕΝ
1883 286 1994 350 SlS

2117 285 2472 354 BCEMBER.
3658 301 3777 366 548

401 427 510 494 est,
537 439 570 482 ο
598 419 899 503 praefecte,
937 439 1044 483 nos
1077 421 1287 482 vestris
1336 419 1450 481 diis
1508 421 1828 500 imperare.
1883 419 2029 482 Illud

2122 424 2308 503 ἆρχειν
2338 429 2443 480 τῶν
2472 423 2737 502 ὑμετέρων
2777 429 2930 482 θεῶν·
2994 427 3170 487 ἐκεῖνο
3233 429 3285 486 δε
3351 453 3433 487 σοι
3492 435 3580 489 καὶ
3633 457 3774 491 παν-

403 518 599 571 autem
634 519 723 571 est
754 511 927 591 plane
958 510 1304 586 absurdum,
1341 517 1398 569 et
1427 508 1501 570 ad
1550 510 1920 587 arguendum
1951 510 2029 572 fa-

2125 513 2292 575 τελῶς
2325 512 2522 570 ἄτοπον
2555 516 2641 570 καὶ
2691 515 3021 596 εὐέλεγκτον,
3051 521 3112 574 τὸ
3167 526 3370 598 μαγικῇ
3422 521 3594 601 τέχνῃ
3645 522 3771 578 ἐπι-

408 598 722 674 cillimum,
758 600 916 677 quod
948 599 1214 662 ascribas
1258 598 1458 660 omnia
1485 602 1595 660 arti
1629 601 1892 676 magicae,
1927 619 2029 660 nor

2125 603 2364 682 γράφειν,
2426 601 2561 659 ἀλλὰ
2619 605 2695 678 μὴ
2751 606 2863 679 θείᾳ
2918 607 3027 663 τινὶ
3063 610 3149 665 καὶ
3199 610 3400 690 ἀμάχῳ
3433 598 3645 684 δυνάμει
3678 618 3771 669 τῡῦ

408 698 605 752 autem
658 691 832 751 alicui
892 690 1109 751 divinae
1157 698 1214 751 et
1270 689 1716 770 inexpugnabili
1766 689 2042 768 potentiae

407 779 558 858 ejus,
593 780 693 860 qui
724 798 862 842 vere
885 787 973 841 est
1003 779 1163 840 solus
1193 778 1346 858 apud
1386 798 1494 840 nos
1530 781 1708 842 Deus.
1767 778 1828 841 Si
1879 780 2038 840 enim

405 871 557 948 magi
589 868 853 949 quidem,
889 877 949 929 ut
981 887 1081 930 vos
1112 867 1330 943 dicitis,
1369 869 1711 930 immundos
1753 868 2038 950 quosdam

407 965 461 1018 et
494 957 831 1019 materiales
887 957 1166 1019 invocant
1222 957 1545 1033 daemones,
1600 959 1694 1020 isti
1748 977 1886 1020 vero
1938 977 2040 1020 eos

404 1046 510 1122 qui
567 1055 706 1106 sunt
754 1047 906 1125 apud
960 1065 1082 1118 vos,
1145 1047 1290 1108 deos
1339 1057 1644 1128 superant,
1697 1048 1786 1108 vel
1846 1050 2040 1128 potius

405 1138 660 1216 primum
697 1154 769 1198 ex
800 1137 1166 1212 caelestibus,
1201 1155 1320 1199 non
1371 1140 1571 1201 omnia
1599 1156 1806 1200 rursus
1840 1140 2038 1199 inver—

401 1225 576 1296 tetis,
637 1233 694 1286 et
745 1244 876 1306 quae
942 1235 1080 1288 sunt
1135 1244 1438 1307 superna,
1498 1228 1730 1290 inferna
1783 1228 2034 1302 facietis,

400 1314 732 1393 majoribus
763 1314 877 1375 diis
909 1316 1255 1377 inferiorem
1283 1326 1500 1378 sortem
1527 1317 1952 1378 attribuentes:
1981 1325 2042 1378 et

398 1421 510 1464 nec
542 1404 686 1466 deos
717 1404 983 1484 quidem,
1017 1405 1122 1466 sed
1154 1424 1257 1468 eos
1289 1424 1492 1468 servos
1525 1407 1783 1480 facietis,
1819 1416 1876 1468 et
1905 1426 2038 1467 ser-

2125 692 2248 770 παρ’
2281 693 2414 767 ἡμῖν
2445 693 2609 756 ὅντως
2640 695 2800 768 μόνου
2831 703 2983 758 Θεοῦ.
3050 700 3105 754 Εἶ
3155 700 3254 778 γὰρ
3309 699 3473 776 μάγοι
3523 701 3642 775 μὲν,
3695 702 3770 765 ὡς

2123 782 2277 855 ὑμεῖς
2309 783 2459 861 φατὲ,
2494 783 2814 854 ἀκαθάρτους
2844 783 2906 854 δή
2958 809 3105 851 τινας
3163 789 3258 844 καῖ
3306 789 3514 854 ἐνύλους
3571 793 3768 848 ἒπικα-

2123 869 2336 928 λοῦνται
2391 869 2658 951 δυνάμεις,
2718 873 2859 932 οὗτοι
2916 873 2970 930 δὲ
3023 884 3127 932 τῶν
3184 878 3307 955 παρ’
3368 881 3499 949 ἁμῖν
3543 879 3769 957 ἐπικρα-

2122 967 2267 1016 τοῦσι
2326 963 2482 1040 θεῶν,
2544 960 2748 1035 μᾶλλον
2805 961 2859 1018 δὲ
2921 972 3013 1022 τοῦ
3075 966 3283 1042 πρώτου
3328 973 3433 1023 τῶν
3490 967 3766 1042 οὒρᾶνίων,

2122 1047 2293 1106 οὒκέτ’
2351 1049 2412 1104 ἂν
2472 1053 2711 1130 φθάνοιτε
2758 1053 2929 1110 πάντα
2992 1056 3222 1129 μάλιστα
3296 1056 3606 1137 στρέφοντες
3680 1061 3772 1113 καὶ

2121 1140 2187 1196 τὰ
2217 1136 2324 1194 ἅνω
2353 1140 2499 1195 κάτω
2557 1148 2852 1215 ποιοῦντες,
2903 1157 3020 1208 τοῖς
3075 1146 3172 1219 μὲν
3214 1147 3412 1219 μείζοσι
3439 1136 3443 1137 7
3471 1149 3613 1211 θεοῖς
3669 1147 3770 1213 τὴν

2121 1228 2268 1284 κάτω
2325 1241 2521 1305 μοῖραν
2582 1230 3038 1309 ἐποπλὴρουντετο
3102 1235 3194 1290 καὶ
3250 1234 3364 1290 οὔδε
3409 1237 3580 1307 θεοὺς,
3632 1236 3772 1292 ἀλλὰ

2122 1314 2334 1383 δούλους
2368 1319 2554 1381 αὐτοὺς
2587 1328 2859 1385 ποιοῦντες
2889 1324 2974 1378 καὶ
3031 1321 3244 1389 δούλους
3302 1322 3566 1399 δαιμόνων

2121 1404 2373 1481 δαίμονας
2438 1405 2491 1463 δέ
2547 1410 2693 1472 θεοὺς
2755 1411 2840 1465 καὶ
2886 1411 3127 1488 πρώτους
3173 1417 3305 1468 θεῶν

3578 1373 3593 1405 ,
3646 1327 3770 1389 τοὺς

3316 1460 3331 1490 ,
3375 1414 3402 1468 ὃ
3434 1411 3498 1480 δὴ
3531 1419 3616 1469 καὶ
3648 1413 3770 1469 καθ’

397 1511 502 1554 vos
533 1493 894 1565 daemonum,
928 1494 1230 1556 daemones
1261 1505 1457 1557 autem
1492 1495 1661 1568 deos,
1709 1505 1766 1556 et
1815 1496 2029 1576 primos

2121 1493 2298 1572 ἕτερον
2329 1495 2570 1563 ἀληθεύει
2601 1500 2797 1577 τρόπον
2833 1517 2846 1532 ⁶
2879 1500 3093 1564 τούτους
3127 1503 3225 1579 γὰρ
3277 1503 3432 1576 ὑμεῖς
3494 1504 3567 1564 ὡς
3625 1501 3771 1569 ἁλη-

397 1583 670 1645 deorum.
709 1582 877 1655 Quod
919 1584 1156 1661 quidem
1212 1585 1388 1646 etiam
1441 1586 1556 1647 alio
1589 1605 1828 1666 quoque
1862 1585 2029 1647 modo

2119 1587 2230 1649 θεῖς
2284 1586 2432 1648 θεοὺς
2491 1589 2917 1664 προστησάμενοι
2979 1593 3065 1646 καὶ
3123 1591 3347 1668 ἀγαθοὺς
3421 1592 3562 1647 εἶναι
3611 1592 3772 1666 νομί-

400 1690 604 1734 verum
640 1683 750 1748 est,
777 1692 912 1735 cum
939 1689 1039 1735 vos
1065 1692 1168 1736 eos
1197 1683 1477 1752 tanquam
1512 1693 1682 1736 veros
1709 1675 1854 1736 deos
1887 1695 2029 1736 con-

2119 1680 2294 1745 ζοντες
2327 1673 2654 1754 διαπορεῖτε,
2693 1680 2735 1733 τί
2765 1678 2828 1745 δὴ
2860 1701 2989 1734 ποτε
3033 1682 3135 1734 τῶν
3192 1679 3441 1758 πονηρῶν
3497 1680 3768 1747 ἠττῶνται

395 1761 683 1837 stitueris,
719 1770 780 1823 ot
806 1762 997 1824 bonos
1048 1781 1180 1826 esse
1236 1764 1478 1844 putetis,
1513 1763 1798 1826 dubitetis
1833 1772 2029 1826 autem

2119 1761 2406 1839 δαιμόνων,
2467 1771 2562 1824 οὐκ
2621 1766 2812 1828 εἰδότες
2871 1767 2950 1823 ὅτι
3008 1770 3154 1827 αὖτοὶ
3206 1771 3303 1844 μὲν
3337 1769 3550 1836 ἀληθῶς
3582 1772 3628 1826 οἱ
3658 1793 3765 1826 κα-

396 1870 654 1928 quanam
704 1852 779 1912 de
827 1871 1003 1914 causa
1031 1871 1066 1914 a
1100 1853 1270 1915 malis
1299 1853 1610 1915 vincantur
1642 1853 2029 1929 damonibus,

2118 1855 2326 1909 κοποιοί
2383 1877 2439 1911 τε
2494 1858 2581 1912 καὶ
2639 1858 2861 1934 πονηροὶ
2911 1855 3178 1937 δαίμονες,
3243 1859 3327 1923 εἷς
3386 1857 3441 1914 δὲ
3496 1859 3581 1914 ἐπὶ
3632 1865 3762 1916 πᾶσι

395 1941 736 2002 nescientes
760 1943 922 2021 ipsos
955 1960 1088 2004 esse
1119 1941 1359 2022 quidem
1407 1943 1594 2004 malos
1644 1952 1701 2005 et
1733 1944 2029 2005 maleﬁcos

2120 1944 2273 2016 Θεὸς,
2308 1943 2366 1998 οὗ
2397 1945 2490 2000 καί
2523 1945 2688 2017 ὄνομα
2721 1946 2881 2020 μόνον
2916 1946 3057 2003 οὗτοι
3111 1948 3187 2022 μὴ
3244 1948 3486 2027 φέροντες
3533 1951 3607 2012 ὡς
3651 1970 3762 2014 κη·-

393 2030 716 2103 daemones,
757 2050 938 2092 unum
968 2049 1112 2094 vero
1143 2050 1277 2093 esse
1338 2034 1522 2100 Deum
1580 2033 1640 2093 in
1701 2032 1978 2094 omnibus
2015 2050 2029 2096 :

395 2121 565 2199 cujus
597 2139 816 2181 nomen
848 2121 1043 2182 solum
1078 2121 1173 2182 isti
1209 2141 1326 2183 non
1372 2121 1651 2202 ferentes,
1688 2128 1839 2183 sicut
1870 2140 2029 2197 cera,

397 2220 460 2271 ut
488 2211 568 2272 ait
598 2209 830 2273 divinus
857 2211 1039 2274 David
1067 2211 1141 2288 12,
1177 2229 1210 2273 a
1241 2212 1386 2273 facie
1418 2211 1592 2291 ignis,
1632 2212 1944 2289 liquefiunt
1981 2219 2040 2273 et

393 2311 666 2382 pereunt.

471 2387 730 2454 XXXIV.
763 2388 905 2453 Haec
961 2390 1214 2452 audiens
1260 2390 1544 2466 Nicetius,
1601 2391 1731 2469 ejus
1787 2391 2033 2470 quidem

392 2497 667 2559 magnum
701 2487 759 2541 et
792 2480 1090 2542 excelsum
1145 2479 1548 2542 admirabatur
1591 2479 1879 2539 animum.
1914 2478 2030 2541 Sed

388 2587 523 2630 cum
547 2577 707 2631 esset
739 2576 893 2630 totus
927 2569 1164 2630 dedi'us
1186 2570 1430 2630 insania:
1457 2568 1935 2632 simulacrorum.
1973 2576 2030 2630 et

389 2658 537 2720 nihil
568 2658 726 2720 aliud
760 2665 1083 2738 spectaret,
1109 2676 1283 2737 quam
1337 2666 1398 2717 ut
1427 2658 1513 2718 eis
1548 2656 1828 2736 placeret,
1858 2657 2029 2736 jubet

390 2765 522 2809 eam
554 2747 691 2809 duci
715 2745 776 2807 in
805 2746 1090 2826 templum
1129 2745 1348 2825 Dianae,
1385 2745 1553 2826 sequi
1593 2754 1790 2807 autem
1821 2745 2026 2826 spicu-

389 2837 636 2898 latorem
668 2835 724 2897 ei
755 2853 963 2896 ensem
998 2835 1392 2896 intentantem
1426 2857 1438 2898 :
1471 2843 1529 2896 et
1561 2835 1768 2915 partim
1788 2835 2028 2916 quidem

2119 2033 2230 2112 ρὸς,
2291 2035 2326 2100 ἦ
2377 2057 2537 2112 φησιδ
2595 2037 2622 2090 6
2679 2039 2824 2098 θεῖος
2885 2034 3071 2116 Δαυὶδ,
3126 2037 3231 2093 ἀπὸ
3280 2037 3566 2117 προσώπου
3597 2039 3763 2116 πυρὸς

2121 2123 2371 2190 τήκονταί
2399 2145 2454 2179 τε
2486 2126 2571 2181 καὶ
2603 2123 2946 2187 ἀπόλλυνται.

2199 2380 2310 2437 AA!
2390 2393 2427 2441 Τ
2469 2391 2490 2401 υ
2630 2383 2643 2404 9
2732 2384 2744 2406 I
2950 2407 2961 2417 ,
3208 2384 3228 2405 r
3500 2386 3516 2406 κ
3636 2384 3717 2418 ’,ε

2315 2426 2328 2442 .
2433 2406 2562 2441 αυτα
2621 2406 2823 2440 ακουων
2883 2385 3130 2454 Νικήτιος
3179 2385 3414 2451 ἐςίστατο
3456 2408 3554 2460 μεν
3599 2407 3767 2453 αυιην

2115 2473 2214 2536 τῆς
2268 2471 2641 2549 μεγαλονοίας,
2699 2473 2821 2536 ὅλος
2881 2471 2936 2528 δὲ
2995 2479 3094 2540 τῆς
3151 2481 3257 2531 τῶν
3307 2472 3536 2531 εἰδώλων
3571 2477 3766 2550 μανίας

2112 2561 2397 2635 γενόμενος
2458 2563 2544 2618 καὶ
2602 2562 2746 2618 οῦδὲν
2804 2562 2980 2642 ἕτερον
3036 2562 3080 2619 ὤ
3139 2565 3199 2619 τὸ
3255 2564 3470 2628 ἐκείνοις
3514 2564 3764 2642 ἀρέσκειν

2111 2646 2432 2725 διασκοπῶν,
2515 2652 2586 2712 εἷς
2671 2653 2761 2707 τὸν
2846 2654 2970 2707 ναὸν
3038 2654 3198 2720 αὐτὴν
3270 2655 3369 2718 τῆς
3443 2652 3760 2732 Ἀρνέμιδος

2108 2737 2416 2818 ἀπαχθῆναι
2447 2738 2673 2815 κελεύει,
2722 2740 3003 2819 ἐφέπεσθαι
3059 2739 3110 2797 δὲ
3171 2743 3256 2799 καὶ
3317 2745 3402 2798 τὸν
3463 2743 3761 2800 στιὲκουλσὶ⁴

2113 2849 2255 2906 τωρα
2284 2830 2344 2884 τὸ
2376 2827 2675 2908 ξίφοςῗαῦτῇ
2721 2829 3040 2910 ἐπισείοντα,
3100 2832 3188 2888 καὶ
3242 2838 3396 2888 τοῦτο
3455 2833 3553 2908 μὲν
3611 2855 3759 2911 παρ-

388 2925 832 2999 admonentem,
868 2925 1080 3005 partim
1100 2933 1298 2986 autem
1323 2925 1888 3004 minitantem,quod
1915 2924 2029 2986 nisi

2117 2925 2378 2992 κινοῦντα,
2438 2921 2593 2976 τοῦτο
2649 2917 2702 2974 δὲ
2749 2923 2846 2992 καὶ
2881 2917 3317 2996 διαπειλούμενον
3359 2920 3438 2980 ὅτι
3486 2923 3564 2997 μὴ
3597 2924 3753 2980 θύουσ-

388 3014 706 3093 sacriﬁcet,
747 3033 816 3075 eo
847 3002 1024 3094 quem
1059 3014 1240 3076 habet
1269 3015 1330 3075 in
1386 3033 1584 3089 manu,
1639 3002 2023 3095 transadiget,

2117 3029 2206 3064 σαν
2237 3009 2298 3064 τὸ
2341 3008 2395 3062 ἐν
2425 3009 2566 3086 χειρὶ
2596 3007 2990 3084 μετελεύσεται,
3031 3009 3298 3067 ἓεικνύντα
3355 3013 3416 3066 τὸ
3473 3010 3634 3090 ξίφος.
3692 3002 3760 3066 Ἠ

387 3103 763 3166 ostendendo
793 3122 1022 3166 ensem.
1057 3103 1162 3166 llla
1219 3122 1360 3166 vero
1417 3113 1723 3184 postquam
1772 3104 1934 3167 venit
1963 3104 2025 3165 in

2117 3094 2187 3172 δὲ,
2251 3097 2435 3164 ἐπειδὴ
2493 3098 2624 3166 ἧκεν
2680 3102 2752 3160 είς
2786 3100 2877 3154 τὸν
2929 3101 3075 3175 ναὸν,
3109 3100 3276 3156 στᾶσα
3308 3101 3444 3157 κατὰ
3474 3100 3762 3179 πρόσωπον

2117 3209 2156 3210 7,
2177 3192 2195 3202 ν
2237 3186 2258 3210 1
2319 3185 2357 3210 ’Ἴ
2452 3209 2494 3210 7,
2572 3186 2585 3210 ξ
2661 3209 2679 3210 7
2753 3188 2763 3210 Ι
3174 3194 3201 3204 ~
3320 3194 3347 3205 ·-ι
3488 3195 3506 3206 ι-
3632 3189 3676 3210 )l‘
3701 3190 3712 3210 Ι

390 3193 698 3274 templum,
736 3203 898 3255 stans
923 3213 994 3255 ex
1026 3193 1273 3256 adverso
1303 3194 1583 3272 imaginis
1613 3197 1815 3274 specie
1844 3213 2022 3255 oran-

2117 3192 2199 3242 τοῦ
2230 3185 2537 3265 ἀγάλματος
2568 3186 2620 3243 ἐν
2654 3188 2897 3266 σχήματι
2929 3194 3239 3268 προσευχῆς
3287 3194 3384 3257 τῆς
3441 3195 3545 3245 τῶν
3604 3189 3758 3246 εἰδώς

389 3284 487 3364 tis,
535 3291 776 3363 precata
823 3289 915 3344 est
965 3282 1270 3345 interitum
1330 3284 1817 3364 simulacrorum,
1869 3283 2025 3346 Deus

2117 3275 2214 3332 λων
2271 3276 2575 3356 κατηύχετο
2633 3276 2907 3358 ἆπολείας,
2969 3279 3030 3335 Ὃ
3081 3281 3233 3353 Θεὸς,
3270 3277 3524 3356 λέγουσα,
3561 3281 3589 3335 6
3619 3280 3762 3335 αἰώ-

387 3383 630 3447 aaterne,
664 3372 891 3450 dicens,
925 3374 1022 3453 qui
1050 3391 1147 3434 me
1204 3381 1301 3434 tua
1348 3371 1650 3434 voluntate
1682 3380 1743 3433 et
1771 3372 1934 3434 nasci
1966 3382 2022 3435 et

2117 3387 2217 3428 νιος
2249 3368 2276 3422 ὁ
2306 3370 2382 3438 τῷ
2411 3372 2488 3439 σῷ
2541 3366 2637 3441 μὲν
2677 3366 2974 3442 βουλήματι
3033 3367 3259 3433 ἀξιώσας
3309 3370 3398 3425 καὶ
3455 3367 3610 3446 φῦναι
3670 3373 3763 3428 καὶ

385 3459 626 3523 educari
659 3468 718 3521 et
771 3461 1056 3540 \irginem
1112 3461 1171 3521 in
1214 3459 1572 3522 hodiernum
1627 3479 1816 3541 usque
1862 3461 2021 3522 diem

2117 3455 2366 3532 τραφῆναι
2430 3459 2516 3512 καὶ
2569 3459 2820 3535 παρθένον
2878 3456 3005 3537 ἄχρι
3063 3460 3150 3513 καὶ
3211 3457 3296 3514 νῦν
3355 3457 3762 3536 διατηρηθῆναι,

382 3551 720 3613 conservari
745 3549 1021 3630 dignatus
1043 3559 1196 3630 es,et
1228 3558 1289 3610 ut
1321 3551 1599 3612 efﬁcerer
1628 3569 1845 3628 sponsa
1880 3549 2023 3612 Uni-

381 3639 658 3720 geniti,et
681 3638 818 3700 utin
843 3657 938 3702 me
959 3639 1195 3702 adesset
1217 3639 1634 3701 sanctissimus
1652 3637 1932 3720 Spiritus,
1969 3650 2026 3702 et

381 3735 439 3790 in
463 3747 553 3789 me
575 3731 1259 3804 regnaret,eﬂecisti,ipse
1283 3747 1436 3790 nunc
1458 3748 1687 3804 quoque
1711 3734 1848 3789 mihi
1873 3733 2028 3791 adsis

379 3817 441 3878 in
463 3817 574 3879 hac
599 3816 682 3876 tui
711 3815 1392 3896 confessione,efﬁciens
1423 3815 1796 3877 admirabilia
1815 3825 1872 3878 et
1891 3836 2024 3894 quae

379 3907 498 3968 sint
524 3915 726 3967 contra
744 3905 1184 3987 opinionem,ut
1207 3906 1306 3982 qui
1329 3914 1382 3967 te
1405 3906 1606 3967 colunt
1630 3906 2026 3981 quidem,sint

379 3996 438 4052 in
460 3995 985 4066 gloriu,ignominia
1009 4004 1197 4053 autem
1215 4005 1268 4053 et
1283 3996 1561 4053 dedecore
1578 3995 2023 4066 aﬂiciantur,qui

375 4080 535 4141 hanc
564 4085 782 4139 mutam
807 4086 864 4139 et
887 4078 1127 4139 surdam
1155 4078 1402 4140 adorant
1424 4077 2028 4158 abominationem,et

394 4172 722 4252 gloriantur
741 4171 800 4232 in
825 4172 948 4233 suis
971 4171 1598 4253 sculptilibus.Eaba3c
1629 4171 2028 4248 orante,Deus

393 4260 636 4343 quidem
668 4261 835 4322 valde
869 4269 1059 4324 movet
1089 4274 1330 4336 terram,
1373 4261 1660 4340 templum
1690 4278 1828 4322 vero
1852 4279 2027 4323 ever-

393 4354 558 4432 titur,
591 4351 916 4412 conteritur
949 4358 1145 4412 autem
1188 4350 1600 4421 simulacrum,
1637 4349 1868 4431 reliqua
1889 4369 2029 4413 vero

2107 3545 2316 3624 νύμφην
2367 3553 2543 3602 τετοῦ
2592 3553 2909 3624 μονογενοῦς
2975 3569 3067 3603 σου
3129 3545 3405 3627 δειχθῆναι
3466 3549 3610 3627 Υἷοῦ,
3671 3551 3764 3605 καὶ

2107 3637 2462 3713 συμπαρεῖναί
2491 3657 2582 3711 μοι
2612 3638 2670 3692 τὸ
2704 3636 2853 3714 ἅγιον
2914 3642 3125 3712 Πνεῦμα
3180 3639 3268 3693 καὶ
3319 3637 3372 3692 ἐν
3420 3639 3541 3712 εμοὶ
3596 3639 3762 3714 βασι-

2107 3722 2288 3782 λεῦσαι
2349 3725 2750 3802 παρασκευάσας
2811 3726 2965 3790 αὐτὸς
3018 3725 3262 3804 παρέστω
3309 3749 3398 3801 μοι
3432 3749 3520 3784 και
3554 3735 3641 3783 νῦν
3700 3728 3760 3783 ἐν

2107 3821 2174 3891 τῇ
2230 3814 2359 3892 ὑπὲρ
2429 3822 2522 3872 σοῦ
2593 3817 2758 3893 ταύτῃ
2830 3815 3085 3893 ὁμολογίᾳ
3156 3815 3425 3895 παράδαξα
3497 3815 3757 3891 ἐκτελῶν,

2108 3903 2253 3969 ὅπως
2314 3906 2360 3960 οἱ
2414 3904 2511 3980 μὲν
2569 3903 2845 3980 σεϐόμενοι
2901 3927 2958 3960 σε
3018 3904 3355 3986 δοξασθῶσιν,
3422 3907 3749 3985 αἰσχυντῶσι

2109 3992 2164 4050 δὲ
2194 3991 2387 4057 πάντες
2439 3995 2486 4050 οἱ
2535 4002 2611 4069 τῷ
2663 3994 2844 4067 ἆλσίλῳ
2886 3995 3055 4068 τούτῳ
3104 3996 3191 4051 καὶ
3235 4001 3396 4074 κωφῷ
3425 3995 3748 4073 βδελύγματι

2109 4090 2519 4164 προσκυνοῦντες
2573 4085 2662 4140 καὶ
2717 4097 2832 4148 τοῖς
2889 4083 3146 4162 γλυπτοῖς
3186 4088 3355 4143 αὒτῶν
3385 4083 3750 4163 ἐγκαυχώμε-

2109 4197 2211 4234 νοι.
2245 4174 2418 4232 Ταῦτα
2448 4174 2910 4254 προσευχομένης,
2969 4175 3112 4230 κινεῖ
3147 4175 3242 4248 μὲν
3274 4177 3300 4230 ὁ
3361 4177 3487 4240 Θεὸς
3517 4176 3615 4242 τὴν
3646 4182 3752 4254 γῇν

2109 4266 2367 4344 ἰσχυρῶς,
2429 4264 2839 4342 καταστρέφεται
2898 4261 2950 4318 δὲ
3010 4265 3037 4319 6
3095 4265 3242 4338 ναὸς,
3301 4262 3624 4337 συντρίϐεται
3667 4263 3752 4321 ,δὲ

2111 4355 2173 4409 τὸ
2252 4351 2498 4429 εἴδωλον,
2571 4353 2638 4408 τὰ
2726 4353 2886 4410 λοιπὰ
2957 4349 3010 4407 δὲ
3082 4355 3215 4427 ὁμοῦ
3284 4353 3749 4431 συνταράσσονται,

391 4439 568 4501 simul
598 4437 1052 4500 conturbantur.
1088 4437 1363 4518 Stupent,
1401 4438 1505 4515 qui
1538 4438 1739 4501 vident
1769 4459 1784 4513 ;
1818 4458 2022 4519 pervav

2117 4443 2412 4509 Ἐξίσταντο
2469 4444 2514 4500 οἱ
2573 4445 2820 4521 ὁρῶντες·
2881 4442 3059 4522 φθάνει
3117 4441 3170 4498 δὲ
3217 4445 3454 4505 καὶτοὺς
3483 4441 3662 4521 πύῤῥω
3690 4445 3752 4498 τὸ

390 4529 476 4591 dit
505 4528 683 4589 etiam
714 4528 786 4588 ad
821 4547 924 4589 eos
980 4527 1082 4608 qui
1137 4528 1340 4608 procul
1399 4537 1588 4604 erant,
1626 4528 1978 4590 miraculum
2012 4553 2027 4604 ;

388 4618 537 4679 alius
588 4624 783 4677 autem
865 4614 1105 4677 aliunde
1178 4617 1594 4696 conﬂuentes,
1681 4616 2026 4697 quicunque

391 4714 559 4770 erant
590 4705 830 4786 quidem
862 4723 1023 4768 sana;
1053 4706 1292 4783 mentis,
1329 4706 1389 4768 id
1441 4706 1598 4787 quod
1631 4705 1844 4768 factum
1875 4715 2020 4782 erat,

390 4795 685 4858 ducebant
716 4795 1094 4877 miraculum,
1158 4804 1216 4858 et
1266 4797 1548 4878 putabant
1606 4814 1758 4877 opus
1811 4796 2025 4858 divinae

387 4885 700 4968 potentiae:
722 4885 1179 4966 quibuscunque
1200 4903 1340 4948 vero
1360 4893 1573 4966 praeter
1589 4885 1840 4966 id,quod
1857 4893 2025 4948 erant

384 4984 550 5038 recta
582 4975 792 5057 privati
820 4975 1128 5056 opinione,
1162 4976 1369 5037 deerat
1397 4975 1570 5036 etiam
1630 4975 1948 5054 sapientia,
1984 4975 2023 5035 ii

388 5068 587 5127 multis
601 5065 977 5127 contumeliis
997 5065 1828 5145 afﬁcientesEugeniam,eam
1843 5066 2020 5127 etiam

383 5153 671 5216 vocabant
706 5173 958 5234 magam.

464 5243 697 5306 XXXV.
732 5243 871 5306 Haec
907 5243 1072 5306 audit
1099 5243 1277 5304 etiam
1313 5245 1657 5325 imperator,
1689 5253 1749 5308 et
1777 5264 2022 5308 suorum

385 5335 639 5395 deorum
667 5332 1110 5410 quodammodo
1142 5332 1294 5394 ultor
1319 5334 1448 5394 ﬁeri
1479 5353 1825 5415 properans,
1856 5335 2028 5414 jubet

385 5421 640 5502 lapidem
688 5421 930 5498 quidem
980 5421 1388 5500 gravissimum
1444 5424 1729 5504 suspendi
1781 5443 1814 5485 a
1871 5425 2024 5486 collo

385 5511 539 5592 ejus,
573 5513 762 5592 ipsam
793 5519 990 5573 autem
1017 5511 1138 5592 jaci
1168 5509 1230 5570 in
1272 5511 1511 5572 ﬂuvium
1563 5512 1848 5577 Tiberim.
1907 5513 2023 5578 Sed

467 5643 522 5689 η
548 5643 708 5708 Psal.
742 5661 920 5724 vau,
950 5645 1008 5706 3.

2109 4537 2306 4612 θαῦμα,
2361 4531 2459 4589 καὶ
2514 4531 2674 4596 ἄλλος
2725 4532 2945 4591 ἄλλοθεν
2998 4531 3298 4611 συρρυέντες
3330 4531 3473 4594 ὅσοις
3506 4533 3604 4607 μὲν
3635 4535 3754 4596 νοῦς

2109 4625 2273 4700 ὑγιῶς
2305 4621 2450 4701 ἔχων
2481 4623 2568 4677 καὶ
2611 4622 2814 4701 φρένεις
2859 4622 2994 4689 ἦσαν
3038 4619 3122 4677 διὰ
3163 4622 3426 4696 θαύματος
3473 4623 3532 4678 τὸ
3586 4643 3754 4700 γεγο-

2109 4715 2196 4776 νὸς
2255 4711 2548 4785 ἐποιοῦντο,
2624 4713 2710 4767 καὶ
2762 4712 2902 4774 θείας
2962 4713 3112 4790 ἔργον
3167 4713 3393 4789 ἡγοῦντο
3449 4709 3744 4783 δυνάμεως·

2107 4805 2216 4860 ἐσοι
2272 4800 2327 4857 δὲ
2387 4803 2520 4877 μετὰ
2579 4808 2670 4857 τοῦ
2726 4798 2879 4866 δόξης
2937 4800 3112 4879 ὑγιοῦς
3158 4801 3466 4878 ἐσσερῆσθαι
3514 4799 3610 4856 καὶ
3653 4806 3747 4857 τοῦ

2107 4905 2317 4973 φρονεῖν
2361 4889 2733 4968 ἀπελείποντο,
2795 4891 2932 4945 οὗτοι
2991 4888 3220 4948 πολλαῖς
3277 4887 3450 4968 ὕϐρεσι
3494 4890 3591 4956 τὴν
3651 4892 3747 4947 Εὐ-

2105 4983 2281 5060 γενίαν
2310 4979 2594 5059 βάλλοντες
2625 4980 2702 5037 ἔτι
2729 4982 2816 5036 καὶ
2847 4981 3019 5059 μάγον
3051 4978 3291 5040 ἐκάλουν.

2187 5241 2324 5302 ΛΕ’.
2359 5239 2564 5299 Ἀκούει
2615 5249 2779 5299 ταῦτα
2808 5243 2896 5299 καὶ
2924 5240 3172 5318 βασιλεὺς
3227 5241 3316 5296 καὶ
3371 5240 3603 5319 τιμωρὸς
3653 5241 3749 5296 οἷα

2107 5333 2343 5412 γενέσθαι
2403 5337 2507 5388 τῶν
2562 5335 2717 5391 αὒτοῦ
2745 5334 2876 5388 θεῶν
2907 5332 3251 5409 ἓπείγόμενος
3287 5329 3428 5387 λίθον
3486 5331 3586 5405 μὲν
3643 5330 3751 5406 βα-

2109 5423 2326 5500 ρύτατον
2389 5420 2591 5478 κελεύει
2643 5421 2734 5478 τοῦ
2789 5421 3069 5501 τραχήλου
3124 5421 3319 5486 ταύτης
3376 5418 3749 5497 ἐξαρτηθῆναι,

2108 5514 2316 5594 ῥιφῆναι
2348 5510 2402 5568 δὲ
2437 5512 2598 5580 αὐτὴν
2629 5512 2764 5567 κατὰ
2822 5519 2914 5568 τοῦ
2967 5516 3206 5588 ποταμοῦ
3264 5506 3551 5587 Τιϐέριόος.
3597 5505 3752 5567 Ἀλλ’
