4020 6142
201 331 318 398 65⁸7
1363 341 1552 406 VITA
1595 341 1656 402 S.
1705 337 2093 404 THEODORI
2137 337 2451 403 GRAPTI.
3487 335 3604 406 658

205 491 292 539 τα,
352 467 454 527 καί
525 469 651 536 τοὺς
709 470 932 546 σεμνοὺς
1005 471 1251 550 τρόπους,
1328 473 1512 530 ἑαυτὸν
1586 472 1866 552 ῥυθμίζειν.

1972 471 2324 553 versabatur,
2360 490 2535 552 quam
2569 471 2631 533 in
2665 468 3025 532 venerandis
3069 468 3328 551 templis.
3365 467 3606 536 Nullum

210 561 480 640 καύχημα
535 560 581 616 δ’
645 561 842 618 ἐκείνω
895 564 983 618 καὶ
1042 562 1424 638 σεμνολόγημα
1466 563 1527 619 τὸ
1567 565 1879 637 πειθόμενον

1972 561 2018 622 ei
2065 561 2387 641 jucundius
2418 559 2848 642 spectaculum,
2881 578 3054 640 quam
3104 570 3168 622 ut
3198 561 3270 622 ad
3323 562 3608 643 pulcher-

215 651 430 728 ὁρᾶσθαι
492 659 723 728 γενεῦσι,
785 653 872 708 καὶ
929 650 1213 709 συνελόντα
1270 652 1454 732 φάναι,
1503 650 1661 719 δῆλος
1702 653 1768 720 ἦν
1821 651 1880 708 ἐκ

1972 651 2149 712 rimos
2197 650 2480 731 omnique
2531 651 2850 712 honestate
2897 650 3167 711 conditos
3215 668 3411 712 mores
3458 670 3610 712 con-

215 741 518 816 προοιμίων
547 739 727 818 ὤσπερ
777 738 844 796 tsi
899 741 1089 816 εὖγενῆ
1145 748 1250 798 τῶν
1308 747 1482 820 φυτῶν
1542 741 1602 798 ἐκ
1660 741 1879 817 πρώτης

1972 739 2211 813 tuendo,
2249 757 2313 800 se
2360 741 2431 802 ad
2466 758 2569 800 eos
2596 747 3000 819 componeret.
3041 737 3178 819 Ejus
3210 739 3268 801 in
3303 758 3372 801 eo
3419 739 3611 821 posita

217 830 292 888 ’ἑτι
321 831 423 896 τῆς
456 829 718 908 βλαστῆς,
753 832 942 894 ὁποῖος
978 830 1077 910 ἄρα
1118 833 1218 899 τὴν
1272 832 1467 909 ἀρετήν
1521 830 1876 901 ἀποϐήσεται.

1972 829 2235 908 gloriatio
2281 847 2350 890 ac
2401 829 2605 904 decus,
2660 838 2723 890 ut
2784 827 3125 909 parentibus
3176 829 3608 911 obsequentem

219 930 355 979 sese
407 918 738 980 exhiberet.
775 918 848 980 Et
897 926 961 982 ut
993 921 1178 982 semel
1227 919 1451 1000 dicam,
1485 919 1676 983 instar
1722 937 2031 999 generosae
2089 918 2325 999 plantae,
2363 917 2554 999 primo
2586 917 2780 980 statim
2833 917 3091 980 ostendit
3127 923 3420 998 germine,
3455 937 3608 1003 qua-

218 1005 290 1070 lis
319 1025 391 1069 ac
421 1016 682 1088 quantus
713 1009 926 1070 virtute
958 1025 1242 1071 evasuros
1271 1018 1453 1070 esset.

303 1097 392 1157 Δ’.
454 1097 597 1166 ’Ἤδη
660 1100 714 1154 δὲ
770 1100 869 1166 τὴν
928 1098 1181 1167 παιδικὴν
1243 1099 1449 1168 ἡλικίαν
1505 1097 1759 1175 ἀμείϐων,
1814 1101 1887 1170 εἰς

221 1195 638 1265 γραμματιστοῦ
693 1195 881 1268 φοιτᾷν
937 1189 1040 1245 ὑπὸ
1101 1192 1209 1245 τῶν
1262 1189 1598 1267 γεννητόρων
1668 1187 1886 1245 κελεύε-

220 1299 331 1337 ται.
370 1277 486 1334 Ἵνα
515 1275 569 1332 δὲ
603 1277 679 1350 μὴ
713 1277 872 1352 μόνον
928 1291 1046 1343 τοῖς
1097 1280 1406 1353 μαθήμασιν
1457 1277 1881 1357 ἀσχολούμενος,

223 1364 360 1421 ἀλλᾶ
394 1367 488 1421 vati
521 1367 651 1444 πρὸς
685 1365 878 1444 ἀρετήν
911 1367 1238 1440 τυπούμενος
1271 1365 1330 1446 ἦ,
1391 1373 1460 1442 τῇ
1512 1376 1604 1426 τοῦ
1632 1366 1886 1446 θεοφόροὺ

224 1453 374 1510 Σάόα
404 1461 544 1528 μονῇ
576 1452 948 1532 παραδίδωται,
1009 1453 1325 1513 διδασκάλου
1382 1455 1448 1524 δὴ
1505 1477 1642 1518 τινος
1701 1457 1886 1534 τδχὼν

224 1541 600 1620 πρεσϐυτέρου’
660 1543 777 1607 ἑνός
837 1567 977 1623 φημι
1035 1549 1143 1601 τῶν
1214 1551 1314 1612 τῆς
1384 1543 1709 1610 Ἐκκλησίας
1773 1544 1885 1620 ἅμα

226 1635 326 1709 μὲν
387 1635 461 1695 εἷς
523 1630 786 1708 παιδείαν,
849 1631 960 1708 ἅμα
1014 1632 1067 1690 δὲ
1122 1636 1209 1691 καὶ
1267 1636 1339 1698 εἰς
1389 1637 1580 1712 ἀρετὴν
1620 1633 1681 1692 τό
1725 1657 1882 1701 τηνι-

2054 1098 2148 1160 ιν.
2185 1097 2330 1161 Cum
2366 1107 2563 1159 autem
2595 1116 2630 1160 a
2659 1098 2872 1179 puerili
2896 1100 3019 1179 jam
3054 1108 3222 1162 aetate
3268 1101 3603 1183 excederet,

1964 1185 2218 1266 jubetur
2275 1206 2308 1248 a
2379 1187 2730 1268 parentibus
2781 1187 2853 1248 ad
2909 1191 3324 1266 grammatices
3383 1209 3609 1269 praece-

1972 1285 2200 1355 ptorem
2258 1277 2567 1341 ventitare.
2630 1275 2716 1338 Ne
2770 1286 2966 1339 autem
3028 1277 3219 1341 solum
3277 1279 3609 1359 disciplinis

1971 1374 2222 1440 vacaret,
2277 1366 2380 1426 sed
2430 1367 2504 1428 ad
2553 1371 2824 1428 virtutem
2881 1385 3119 1449 quoque
3165 1368 3606 1434 informaretur.

1970 1455 2220 1516 traditur
2249 1455 2434 1516 divini
2482 1455 2655 1518 Saba;
2697 1457 3079 1519 monasterio.
3136 1457 3196 1521 in
3255 1477 3325 1520 eo
3359 1457 3608 1540 presby-

1969 1551 2161 1604 terum
2223 1544 2635 1624 (ecclesiastici
2680 1546 2911 1608 scilicet
2963 1547 3190 1608 ordinis
3217 1548 3430 1628 virum)
3485 1567 3607 1610 ma-

1965 1633 2211 1712 gistrum
2271 1634 2566 1714 ejusmodi
2600 1642 2807 1696 nactus
2857 1643 2968 1708 est,
3005 1639 3108 1716 qui
3139 1645 3197 1700 et
3247 1638 3604 1714 cruditione,

225 1730 396 1780 καῠτα
454 1722 840 1799 πρωτεύοντος.
903 1723 1047 1802 Εἶχε
1102 1722 1157 1779 δὲ
1213 1725 1300 1780 καὶ
1343 1726 1432 1780 τὸν
1477 1722 1699 1804 ἀδελφὸν
1745 1731 1880 1780 Θεο-

1972 1732 2023 1783 et
2061 1722 2274 1785 virtute
2325 1733 2446 1785 tum
2489 1724 2709 1804 primas
2757 1724 3077 1787 obtineret.
3111 1725 3378 1789 Habebat
3405 1737 3607 1789 autem

409 1859 424 1890 ,
515 1812 644 1890 πρὸς
717 1812 815 1886 μὲν
882 1813 981 1879 τὴν
1053 1811 1268 1880 ἡλικίαν

227 1901 589 1980 ὑστερίζοντα,
658 1902 788 1977 πρὸς
872 1899 927 1956 δὲ
1011 1905 1110 1969 τὴν
1191 1902 1382 1978 ἀρετήν
1466 1903 1532 1959 τὰ
1614 1901 1881 1980 δεστερετα

226 1996 400 2071 φέρειν
461 1991 558 2046 οὔκ
613 1989 944 2070 ἀνεχόμενον
983 2009 996 2027 ·
1057 1993 1144 2048 καὶ
1199 1993 1260 2048 τὸ
1314 1990 1550 2072 ἇδελφῶς
1613 1993 1755 2049 εἶναι
1788 1993 1882 2048 οὐκ

228 2083 332 2137 ἀπὸ
388 2080 496 2136 τῶν
554 2085 820 2156 σαρκικῶν
877 2079 1083 2156 μᾶλλον
1140 2080 1523 2156 όμοιωμάτων,
1585 2081 1706 2138 ὅσον
1775 2082 1880 2138 ἀπὸ

226 2177 318 2228 τοῦ
378 2167 545 2244 μηδὲν
603 2169 763 2226 αὖτοῦ
820 2169 1209 2249 παραλλάττειν
1265 2173 1336 2236 εἷς
1393 2171 1584 2248 ἀρετήν
1613 2171 1875 2248 βουλόμε-

228 2275 341 2315 νον⁶
375 2257 513 2314 ἀλλᾶ
542 2260 666 2323 τοὺς
725 2259 964 2338 ἀρίστους
1020 2261 1347 2335 μιμούμενον
1403 2268 1508 2318 τῶν
1561 2261 1878 2342 ζωγράφων,

229 2351 319 2408 καὶ
361 2350 492 2424 πρὸς
581 2348 790 2404 ἐκεῖνον
847 2349 1026 2426 ὥσπερ
1086 2352 1161 2413 εἰς
1217 2348 1876 2430 ἀρχέτυπον,βλέποντα,

230 2440 323 2494 καὶ
350 2436 607 2507 ζηλοῦντα
636 2438 728 2494 σὺν
762 2436 1018 2515 ἀκριϐείᾳ.

325 2525 406 2587 E'.
482 2522 685 2582 Ἐκεϊσε
758 2525 855 2600 μὲν
937 2527 1026 2584 οὖν
1101 2527 1412 2606 ἀμφοτέροις
1485 2531 1532 2584 αἱ
1599 2526 1877 2605 διατριϐαί.

227 1814 424 1890 φάνην,
515 1813 644 1890 πρὸς
717 1813 815 1886 μὲν
882 1813 981 1879 τὴν
1053 1813 1268 1880 ἡλικίαν
1351 1813 1568 1893 χρόνοις
1651 1826 1879 1893 συχνοῖς

237 2616 389 2676 Ἀλλ’
446 2620 473 2673 ὁ
527 2621 670 2679 θεῖος
729 2615 1020 2698 Θεόδωρος,
1083 2619 1340 2686 ὀξυτάτης
1399 2618 1722 2699 μεταλαχὼν
1775 2622 1878 2701 φύ-

229 2730 390 2776 σεως,
452 2709 541 2763 καὶ
583 2707 682 2773 τὴν
749 2705 982 2762 παιδείαν
1037 2707 1246 2764 ἅπασαν
1306 2707 1360 2764 ἒν
1427 2709 1609 2788 χρόνῳ
1679 2712 1879 2790 βραχεῖ

229 2797 470 2872 διελθὼν,
504 2795 850 2874 ὑψηλοτέρων
883 2817 940 2851 τε
997 2798 1327 2872 μαθημάτων
1377 2797 1546 2878 ἔρωτα
1599 2798 1876 2877 ἐσχηκὼς,

1965 1821 2024 1874 et
2083 1811 2508 1892 Theophanem
2570 1814 2840 1889 fratrem,
2903 1824 3074 1877 aetate
3143 1815 3382 1895 quidem
3439 1818 3611 1878 annis

1965 1920 2082 1962 non
2143 1902 2346 1980 paucis
2398 1901 2704 1982 juniorem
2744 1919 2759 1978 ;
2807 1914 2867 1964 at
2925 1905 3023 1984 qui
3080 1905 3310 1966 virtutis
3365 1905 3611 1968 nomine

1967 2009 2161 2070 neque
2225 1991 2520 2052 secundas
2587 1992 2746 2054 terre
2818 1995 3165 2070 sustineret,
3239 1994 3460 2074 quique
3530 1996 3613 2057 ita

1966 2087 2342 2159 comparatus
2389 2087 2574 2150 esset,
2611 2089 2677 2141 ut
2725 2100 2843 2142 non
2889 2091 3004 2143 tam
3055 2102 3124 2144 ex
3157 2083 3385 2145 carnali
3437 2084 3609 2144 simi-

1969 2168 2240 2241 litudine,
2293 2187 2471 2248 quam
2522 2188 2590 2230 ex
2650 2169 2878 2230 virtutis
2925 2188 3156 2232 summa
3215 2172 3610 2234 consensione

1967 2276 2038 2319 ac
2083 2258 2351 2338 paritate,
2391 2257 2549 2318 illius
2584 2258 2766 2321 frater
2811 2259 2990 2320 vellet
3019 2262 3250 2322 enitere
3284 2281 3298 2340 ;
3334 2263 3613 2340 Optimos-

1967 2366 2082 2428 que
2112 2347 2422 2408 aemulatus
2455 2352 2728 2427 pictores,
2764 2346 2824 2408 in
2859 2365 2992 2409 eum
3051 2357 3108 2410 ut
3139 2351 3446 2428 exemplar
3470 2369 3613 2412 con-

1967 2447 2156 2512 tuens,
2185 2445 2388 2499 exacte
2423 2437 2668 2498 omnino
2718 2437 2878 2499 illius
2909 2437 3171 2499 ducebat
3209 2439 3606 2500 characteres.

2047 2529 2114 2590 V.
2149 2528 2348 2603 Atque
2379 2527 2500 2588 illic
2532 2526 2771 2606 quidem
2803 2525 2976 2588 ambo
3006 2526 3400 2588 versabantur
3430 2547 3443 2587 :

1961 2614 2263 2677 enimvero
2314 2614 2546 2676 divinus
2601 2613 2971 2688 Theodorus,
3031 2634 3164 2676 cum
3235 2614 3610 2677 subtilissimi

1962 2705 2186 2784 ingenii
2241 2713 2424 2779 esset,
2485 2723 2552 2766 ac
2638 2703 2800 2765 brevi
2858 2713 3126 2784 tempore
3189 2704 3612 2766 institutionem

1963 2812 2206 2855 omnem
2257 2803 2534 2871 artesque
2567 2791 2752 2854 bonas
2772 2793 3161 2866 decurrisset,
3197 2791 3610 2854 sublimiorum

227 2888 384 2954 ἔξεισι
418 2886 520 2960 μὲν
549 2888 650 2952 τῆς
683 2887 872 2961 μονῆς·
936 2885 1077 2964 ἀνδρί
1135 2885 1191 2942 δέ
1244 2909 1344 2943 τινι
1402 2895 1721 2967 προσφοιτᾷ,
1781 2889 1880 2955 τὴν

1972 2883 2412 2962 disciplinarum
2438 2901 2704 2944 amorem
2728 2891 3000 2961 captus,e
3031 2887 3390 2944 monasterio
3413 2900 3611 2960 egres-

229 2979 323 3052 μέν
382 2975 602 3044 ἡλικίαν
655 2976 968 3052 προήκοντι·
1034 2975 1133 3031 ἀνὰ
1188 2974 1348 3052 λόγοι
1421 2976 1475 3031 δὲ
1531 2983 1626 3034 τοῦ
1685 2980 1880 3056 χρόνου

1972 2991 2066 3033 sus
2097 2972 2168 3032 ad
2206 2973 2390 3032 virum
2445 2971 2788 3052 quemdam,
2817 2971 2960 3048 adit,
2997 2979 3167 3033 aetate
3200 2970 3438 3050 quidem
3473 2990 3611 3051 pro-

229 3069 310 3122 καὶ
370 3066 566 3143 ἀρετὴν
625 3064 942 3136 ἀσκήσαντι,
1021 3064 1112 3122 ut
1175 3063 1413 3122 παιδείαν
1482 3059 3125 3142 συλλεξαμένῳ.ϐνοείυπεθόῳίριὀιεῖηροτὶεινοιίοηθ
3147 3063 3416 3122 virtutem
3441 3079 3612 3122 exer-

225 3157 450 3229 Ἐκείνῳ
497 3155 778 3232 τοιγαροῦν
831 3153 1058 3228 ὁμιλῶν,
1121 3158 1217 3222 τῆς
1270 3176 1328 3211 τε
1386 3155 1578 3233 ἀρετῆς
1640 3156 1880 3231 μιμητὴς

1972 3151 2210 3224 ruisset,
2243 3169 2311 3212 ac
2342 3150 2738 3212 eruditionem
2772 3169 3011 3211 omnem
3069 3157 3494 3229 comparasset,
3526 3149 3608 3212 illi

223 3248 454 3322 γίνεται,
511 3245 598 3300 καὶ
656 3245 785 3320 πρὸς
837 3244 936 3310 τὴν
998 3245 1094 3309 τῆς
1166 3243 1412 3307 παιδείας
1469 3244 1751 3320 ἀντίληψιν
1824 3245 1880 3302 οὗ

1972 3259 2204 3321 operam
2239 3240 2507 3302 daturus.
2545 3241 2688 3303 Cum
2723 3238 2826 3301 illo
2859 3257 3000 3318 ergo
3033 3257 3298 3314 versans,
3334 3247 3453 3299 tum
3488 3241 3608 3300 vir-

223 3333 434 3390 πολλοό
482 3331 647 3389 δεῖται
713 3332 934 3412 χρόνου⁶
997 3332 1138 3388 ἀλλά
1189 3337 1264 3407 τῷ
1294 3341 1481 3407 πτηνῴ
1533 3336 1618 3390 καὶ
1649 3332 1880 3413 διαπύρῳ

1972 3331 2108 3391 tntis
2139 3330 2201 3391 ﬁt
2249 3329 2531 3408 imitator,
2565 3338 2687 3391 tum
2723 3347 2840 3390 non
2874 3330 3059 3391 multo
3091 3337 3356 3408 tempore
3386 3329 3614 3406 indiget

227 3429 329 3490 τῆς
388 3423 612 3502 φύσεως,
671 3425 762 3479 καὶ
819 3427 895 3495 τῷ
952 3424 1186 3495 συντόνῳ
1238 3429 1338 3490 τῆς
1388 3425 1502 3499 περἱ
1548 3431 1711 3480 ταῦτα
1757 3423 1881 3480 ἑπι-

222 3513 466 3587 μελείας,
522 3512 696 3568 πάντα
757 3514 813 3567 ἓν
871 3511 1036 3589 ὀλίγῳ
1089 3514 1221 3590 πρὸς
1282 3513 1381 3579 τὴν
1440 3513 1624 3569 ἑαυτοῦ
1698 3513 1883 3594 ψυχὴν

227 3602 569 3675 εἶσῳκίσατο.
656 3602 751 3659 Καὶ
835 3602 1093 3679 μάρτυρες
1163 3601 1360 3657 τούτων
1432 3606 1479 3658 οἱ
1550 3601 1724 3681 λόγοι,
1800 3605 1884 3668 οὒς

225 3694 384 3755 αὒτὸς
481 3689 700 3768 ὕστερον
783 3690 912 3766 ὑπὲρ
998 3687 1260 3751 εὐσεϐείας
1347 3689 1570 3764 ἐξέθετο,
1659 3692 1703 3746 εἰ
1794 3692 1882 3746 καὶ

227 3782 409 3846 πάσης
440 3783 540 3848 τῆς
571 3780 688 3858 περὶ
746 3781 901 3836 αὒτοῠ
960 3775 1050 3858 (2)
1111 3777 1411 3858 φιλοτιμίας
1472 3779 1731 3851 ἆνώτερος
1787 3779 1876 3846 ἧν.

1965 3509 2270 3570 celeritate
2304 3509 2558 3586 ejusque
2590 3508 2782 3586 ignea,
2818 3507 2900 3585 vi,
2938 3525 3047 3568 nec
3077 3525 3194 3566 non
3228 3515 3284 3566 et
3317 3507 3438 3568 acri
3470 3525 3610 3568 con-

1967 3607 2246 3676 tentaque
2296 3597 2627 3676 diligentia,
2662 3597 2816 3656 intra
2870 3595 3078 3657 breves
3139 3613 3333 3656 moras
3393 3604 3609 3658 cuncta

1965 3687 2161 3748 animo
2194 3685 2408 3746 hausit.
2445 3689 2534 3747 Ac
2568 3693 2747 3745 testes
2775 3693 2937 3764 sunt,
2974 3702 3121 3764 quos
3152 3684 3248 3744 ille
3280 3693 3482 3763 postea
3502 3702 3607 3764 pro

1967 3774 2184 3836 tuenda
2233 3775 2450 3856 pietate
2482 3773 2665 3836 libros
2717 3773 2926 3849 edidit,
2964 3773 3076 3834 etsi
3115 3774 3275 3834 omni
3332 3773 3608 3852 superior

1965 3863 2362 3937 aemulatione,
2400 3881 2504 3940 pro
2548 3862 2904 3923 eruditionis
2945 3862 3046 3923 illa
3080 3863 3438 3941 praestantia,
3473 3863 3604 3924 fuit.

2043 3951 2138 4014 Vl.
2176 3950 2291 4014 Sed
2323 3949 2666 4032 aliquandiu
2716 3950 2962 4026 quidem
2993 3957 3262 4012 versatus
3292 3959 3379 4012 est
3406 3953 3465 4012 in
3499 3952 3600 4012 lit-

1967 4041 2129 4104 teris.
2187 4040 2471 4101 Vinccbat
2517 4039 2676 4100 enim
2719 4039 2951 4100 virtutis
2985 4057 3171 4114 amor,
3199 4041 3252 4100 id
3289 4059 3494 4117 agens,
3542 4050 3606 4102 ut

308 3959 393 3988 PI

306 3959 423 4035 ς’.
500 3958 654 4016 Ἀλλ’
724 3962 758 4027 ἦ
831 3959 926 4030 μὲν
996 3961 1113 4036 περὶ
1180 3961 1300 4024 τοὺς
1385 3957 1576 4037 λόγους
1648 3957 1880 4039 ἀσχολία

224 4052 401 4129 μέχρι
477 4049 644 4109 τινός.
719 4047 897 4106 Ἐνίκα
966 4050 1064 4125 γὰρ
1135 4053 1162 4104 ὁ
1253 4055 1346 4116 τῆς
1427 4049 1618 4127 ἀρετῆς
1689 4048 1870 4122 πόθος,

215 4140 345 4196 ὅλον
377 4141 453 4202 εἰς
489 4137 677 4193 ἑαυτὸν
733 4137 1072 4216 ἀπασχολετν
1131 4136 1475 4213 βουλόμενος,
1540 4139 1625 4194 καὶ
1683 4138 1760 4213 μὴ
1809 4142 1877 4212 τῇ

1972 4141 2142 4193 :otum
2195 4130 2309 4191 sibi
2360 4129 2686 4203 addiceret,
2721 4147 2831 4189 nec
2888 4131 3092 4190 sitiens
3146 4138 3205 4190 ut
3263 4130 3593 4192 studiorum

213 4233 348 4307 πρὸς
410 4228 641 4289 ἐκείνους
698 4228 969 4302 ἐπιμελείᾳ
1024 4228 1120 4295 τὴν
1177 4225 1396 4295 διηνεκῆ
1455 4227 1648 4294 ταύτης
1720 4248 1874 4302 περι-

1972 4221 2060 4280 ιΙΙιι
2120 4218 2640 4298 tliligentia,jugis
2689 4237 2820 4278 cum
2871 4236 2937 4277 ea
2995 4220 3364 4279 consuetudo
3416 4219 3606 4280 inter-

213 4306 509 4375 κόπτεσθαι
564 4316 797 4390 ὁμιλίαν,
862 4315 1076 4390 Ἀμέλει
1137 4317 1221 4371 καὶ
1278 4316 1420 4381 αὖθις
1485 4322 1552 4391 τῇ
1603 4325 1693 4374 τοῦ
1749 4319 1872 4372 θεο-

1972 4319 2363 4390 rumperetur.
2422 4307 2716 4384 Denique,
2781 4306 2966 4366 divini
3026 4306 3193 4368 Saba:
3250 4308 3607 4368 monasterio

211 4410 379 4487 φόρου
440 4379 607 4460 Σάϐου
658 4411 796 4480 μονῇ
861 4379 1039 4482 φέρων
1117 4405 1301 4460 ἑαυτὸν
1373 4379 1577 4460 δίδωσιν
1647 4405 1734 4460 καὶ
1807 4403 1875 4473 ἦν

1972 4418 2025 4460 se
2055 4379 2260 4459 rursus
2314 4397 2496 4458 tradit
2529 4417 2546 4473 ;
2580 4379 2761 4476 atque
2792 4397 2849 4456 in
2883 4414 3017 4456 eum
3053 4398 3291 4458 modum
3341 4397 3454 4456 vita
3483 4397 3605 4458 Deo

212 4485 384 4557 οὕτως
457 4496 559 4548 ὑπὸ
636 4498 752 4561 Θεῷ
820 4500 946 4566 ζῶν,
1026 4492 1152 4570 ἔργα
1209 4514 1266 4548 τε
1327 4495 1524 4568 μετιὼν
1593 4491 1877 4571 ὀφθαλμῶν

1972 4488 2182 4562 dedita,
2240 4505 2370 4567 qua:
2427 4487 2588 4546 illius
2659 4485 2896 4547 mundis
2952 4485 3140 4546 oculis
3200 4486 3372 4564 digna
3423 4504 3607 4566 opera

1269 4581 1534 4639 Ἐντεῦθεν
1618 4583 1696 4645 τίς
1783 4583 1878 4656 μὲν

1972 4585 2187 4650 essent,
2246 4585 2400 4636 totus
2461 4574 2936 4637 consectabatur.
2998 4574 3172 4653 llinc,
3219 4575 3347 4654 quis
3401 4577 3605 4636 Theo-

1963 4667 2318 4728 doro'sensu
2352 4664 2707 4724 modestior?
2731 4663 2876 4734 Quis
2906 4665 2977 4723 ad
3011 4663 3428 4724 continendam
3453 4663 3602 4725 iram

1967 4755 2066 4816 illo
2126 4752 2477 4832 generosior
2500 4759 2526 4813 ’ξ
2581 4750 2726 4821 Quis
2782 4750 2855 4810 ad
2915 4751 3255 4829 cupiditatis
3310 4753 3605 4830 eXpIenda

1973 4841 2267 4904 desideria
2312 4841 2613 4917 rigidior?
2663 4841 2802 4911 Quis
2857 4838 3094 4900 dicendi
3140 4852 3315 4920 atque
3367 4842 3602 4901 tacendi

1967 4932 2356 5011 opportunius
2387 4936 2666 4990 nomeuta
2716 4927 3082 4999 observabat,
3118 4947 3184 4989 ac
3217 4929 3473 5006 cujusvis
3511 4930 3602 4988 rei

212 4587 421 4642 ἐκείνου
522 4589 628 4637 τῶν
713 4585 956 4646 καθαρῶν
1041 4580 1176 4646 ἄξια.

213 4673 489 4750 Θεοδώρου
519 4675 580 4727 τὸ
611 4676 858 4750 φρόνημα
913 4672 1316 4748 μετριώτεροςς
1367 4671 1456 4732 Τίς
1515 4669 1569 4725 δὲ
1619 4675 1880 4749 κρατῆσαι

216 4769 386 4836 θυμοῦ
471 4763 876 4839 γενναιςίτερος;
964 4761 1050 4825 Τίς
1138 4763 1270 4839 πρὸς
1356 4761 1633 4834 ἐπιθυμίας
1712 4761 1881 4837 ὁρμὰς

223 4851 651 4926 ἁκλινὲστερος;
729 4853 812 4912 Τίς
886 4849 1022 4905 οὕτω
1095 4852 1184 4905 καὶ
1259 4850 1433 4928 λέγειν
1517 4851 1604 4905 καὶ
1677 4856 1881 4922 σιωπᾷν

225 4941 626 5012 εὐκαιρότετος,
687 4942 866 5014 καιρόν
923 4960 980 4994 τε
1039 4937 1224 4995 εἰδέναι
1280 4941 1479 5000 παντὸς
1544 4940 1879 5017 πράγματος,

228 5035 305 5095 ὡς
344 5028 472 5101 μήθ’
527 5028 758 5107 ἡσυχίαν
813 5027 1091 5107 ἀτιμάσαι,
1151 5028 1287 5102 μήτε
1344 5027 1635 5106 παῤῥησίάν
1668 5016 1880 5100 μεθεῖ-

1972 5019 2251 5082 Γειείθηόω
2283 5025 2515 5098 tempus
2547 5016 2936 5096 pernoscebat
2957 5021 2985 5077 ?
3031 5025 3093 5076 ut
3124 5035 3313 5096 neque
3343 5019 3601 5107 quietem

229 5143 312 5178 νοι
348 5117 432 5173 διὰ
464 5105 726 5191 μαλακίαν
783 5117 959 5194 ψυχῆς
1016 5105 1104 5173 καὶ
1154 5105 1491 5196 φρονήματος
1540 5116 1880 5189 ὑπτιότητας

1972 5109 2390 5187 silentiumque
2427 5112 2860 5178 contemneret,
2894 5122 3091 5179 neque
3146 5115 3387 5184 propter
3415 5105 3601 5164 animi

230 5209 323 5272 Τίς
382 5207 521 5263 οὕτω
578 5205 748 5280 σάρκα
810 5191 1319 5278 τεήέκόλασεξκαὶ
1374 5205 1643 5285 ὀφθαλμόν
1693 5203 1880 5283 ἐχαλί-

1972 5196 2306 5270 mollitiem,
2341 5194 2758 5273 abjectumque
2799 5210 2867 5252 ac
2919 5191 3248 5253 demissum
3298 5193 3597 5273 spiritum,

1532 5315 1632 5374 Fr.
1679 5307 2036 5375 Combeﬂsii
2098 5306 2286 5367 notae.

320 5419 406 5498 (2)
459 5418 578 5494 Περί
605 5417 805 5500 αὑτοῦ,
837 5417 1146 5500 Lipoma_n.
1181 5418 1433 5500 interpr.
1468 5419 1620 5480 forte
1665 5415 1880 5500 legerit

1972 5427 2110 5480 pore,
2142 5407 2507 5500 disciplinam
2543 5405 2810 5500 adeptum
2841 5419 3010 5476 esse;
3045 5421 3172 5477 quas
3207 5413 3391 5462 tamen
3417 5413 3604 5500 Atanta

235 5477 599 5577 marem.
635 5477 998 5577 redditﬁu'e:
1052 5477 1323 5561 Εὶὶὰἧέέί
1343 5477 1517 5561 τέεὲέἱ
1534 5477 1876 5573 “ὲέι>οειῖίον,
1953 5477 2475 5577 ’ἱίὶηέίὶέῖὲἓῗικηὲξ
2517 5477 2961 5577 Ξηωιξ¹3Ξ¹.¹.Ξ⁰¹Ξ.⁴ἲξξῗ,
3011 5477 3599 5577 ἳξιξὲἓῑπξηθξξίίὲἓῖἑδὲν

237 5547 386 5650 .','.'.;;..
404 5547 608 5650 “aia;
634 5547 956 5650 '_;_.-:".'.r;.;.
986 5547 1516 5635 'zazargrzmzizai
1554 5547 1882 5650 magna;
1966 5551 2329 5650 2052_an[°_§!3
2357 5547 2786 5650 933123533;
2796 5550 2992 5650 magis,
3022 5549 3266 5606 scientia
3307 5548 3599 5612 imbuitur.

243 5617 605 5720 ἱῗὲἕτῖἱιῖ
632 5617 1880 5720 ei;ng'ia"di'm'"J&'JS}saii'i§/'§'Sh'pSFiBsiﬁiii

1972 5624 2325 5684 defunctoria
2354 5617 2422 5679 ac
2457 5617 2841 5690 imperiectiur
2868 5633 3012 5678 esse.

247 5717 516 5803 respicit,
538 5735 659 5800 quo
675 5717 845 5800 dixit,
874 5736 1113 5785 omnem
1135 5721 1189 5780 ἐν
1219 5721 1407 5804 ὀλίγῳ,
1432 5717 1534 5785 δίο
1549 5719 1717 5785 brevi
1749 5726 1890 5784 tom-

1966 3420 2038 3480 ad
2069 3417 2443 3498 disciplinam
2496 3437 2734 3479 omnem
2775 3417 3177 3498 capiendam:
3233 3417 3336 3478 sed
3386 3418 3612 3497 ingenii
3705 3485 3712 3488 _
