4056 6142
474 328 591 400 659

1776 332 2057 397 MENSIS
2102 329 2533 399 DECEMBER.

3731 347 3837 414 660

480 468 639 554 quod
669 473 745 562 sit
779 466 1070 535 libertatis
1117 466 1357 562 dicendi
1390 468 1716 552 quidquam
1768 469 2121 562 remitteret.

2214 491 2369 542 νωσε,
2433 472 2523 526 καὶ
2582 467 2858 548 λογισμῶν
2916 470 3147 553 ἐπέσχεν
3200 477 3418 553 ὁρμάςς
3472 477 3559 544 ἘΞ
3606 483 3663 538 οὗ
3689 485 3735 537 τί
3761 486 3835 562 γί-

482 562 628 636 Quis
655 561 742 624 sic
794 580 1033 624 carnem
1070 560 1377 639 castigavit
1432 569 1612 639 atque
1651 560 1890 622 oculum
1929 560 2129 622 frena-

477 652 583 727 vit,
619 660 677 713 et
709 650 1094 730 cogitationes
1144 649 1506 729 affectusque
1534 649 1823 730 repressit
1850 648 1875 711 ἳ
1903 648 1981 711 Ex
2016 668 2130 730 quo

480 742 622 823 quid
670 739 944 804 accidit?
994 740 1100 802 Dei
1152 738 1391 819 quidem
1444 747 1615 816 nutu,
1667 739 1936 801 omnium
1991 758 2131 800 vero

481 831 581 913 qui
613 830 688 893 ad
720 831 1147 893 monasterium
1180 827 1548 908 spectabant,
1585 829 1888 908 suffragio,
1923 848 1955 891 a
1986 846 2128 890 san-

484 930 592 986 ctae
644 920 843 984 Sionis
902 929 1040 983 tunc
1094 918 1365 981 antistite
1397 918 1709 1000 presbyter
1767 919 2127 982 ordinatur:

475 1010 660 1091 inque
711 1029 845 1070 cum
879 1009 1117 1071 modum
1175 1008 1368 1090 ipsum
1403 1008 1659 1071 habebat
1714 1009 1912 1089 magni
1965 1007 2134 1071 Saba;

479 1100 907 1162 monasterium
960 1099 1193 1160 virtutis
1226 1098 1404 1160 melle
1465 1099 1770 1179 operando
1822 1109 2130 1162 strenuum

2214 575 2406 634 νεται;
2468 560 2700 635 Νεύματι
2760 559 2856 634 μὲν
2916 568 3070 643 Θεοῦ,
3122 566 3287 641 ψήφῳ
3341 565 3391 623 δὲ
3446 573 3552 623 τῶν
3596 572 3710 649 περὶ
3756 559 3843 642 τὴν

2215 668 2384 726 μονην
2443 649 2654 705 πάντων
2710 649 2813 706 ὑπὸ
2866 660 2959 710 τοῦ
3013 654 3303 720 τηνικαῦτα
3349 662 3448 724 τῆς
3501 660 3639 716 Σιὼν
3690 685 3843 738 προε-

2213 738 2506 831 δρεύοντος,
2549 828 2557 831 Δ
2593 739 2986 831 χειροτόνεῖται
3068 742 3445 831 πρεσϐύτερος
3532 749 3618 805 καὶ
3698 751 3845 831 εἶχεν

2214 828 2379 893 οὕτως
2450 828 2603 888 αὐτὸν
2674 830 2707 896 ἡ
2778 836 2871 887 τοῦ
2926 830 3161 908 μεγάλου
3216 820 3358 890 Σάϐα
3419 839 3582 912 μονή,
3641 840 3699 896 τὸ
3756 820 3845 907 τῆς

2213 918 2408 997 ἀρετῆς
2464 915 2585 993 μέλι
2644 916 3068 999 φιλοπονώτερον
3123 921 3501 1001 ἐργαζόμενον,
3584 936 3622 984 0
3681 928 3733 985 δέ
3786 952 3847 1005 με

2214 1014 2320 1065 τῶν
2380 1007 2577 1064 ἐκείνου
2651 1006 2829 1065 καλῶν
2902 1032 3091 1089 μικρου
3158 1010 3397 1094 διέφυγε,
3476 1018 3562 1072 καὶ
3631 1019 3658 1073 ὃ
3724 1017 3847 1093 μηδὲ

2215 1095 2521 1174 βουλομένῳ
2579 1097 2822 1176 παριδεῖν
2879 1099 3079 1177 ῥᾴδιον,
3142 1104 3345 1161 Γίνεται
3418 1106 3519 1183 γὰρ
3587 1109 3672 1164 καὶ
3739 1113 3849 1186 περὶ

477 1197 656 1278 atque
712 1187 1011 1250 sedulum.
1065 1187 1233 1278 Quod
1285 1195 1480 1250 autem
1537 1207 1608 1250 ex
1658 1188 1778 1251 illis
1830 1187 2128 1278 praeclaris

2218 1188 2373 1247 αὐτὸν
2421 1194 2683 1278 τοιοῦτον,
2744 1192 2861 1245 οἷον
2915 1191 3033 1269 περὶ
3078 1192 3165 1247 τὸν
3221 1196 3364 1250 θετον
3414 1186 3674 1273 Ἰερεμίαν
3730 1200 3848 1278 πρό-

473 1276 657 1341 rebus
708 1296 804 1340 me
861 1295 1014 1359 pene
1076 1276 1246 1357 fugit,
1304 1296 1415 1340 nec
1475 1278 1525 1339 si
1584 1278 1758 1341 velim
1822 1277 2126 1359 negligere

2214 1300 2381 1356 τερον,
2416 1278 2547 1355 πρὸς
2579 1279 2635 1334 ὃν
2666 1277 2846 1357 ἐρῤεθη
2875 1282 2957 1335 to"
3032 1301 3056 1336 ε
3094 1282 3191 1339 Καὶ
3246 1285 3349 1361 πρὸ
3406 1291 3494 1341 τοῦ
3552 1276 3848 1363 γεννηθῆναι

478 1366 654 1432 facile
723 1368 968 1450 possim,
1009 1365 1305 1429 .dit-turus
1364 1385 1518 1429 sum.
1584 1369 1851 1448 Namque
1913 1368 1971 1428 in
2030 1367 2128 1427 illo

2214 1368 2411 1445 ἠγίακά
2466 1388 2522 1423 σε
2559 1382 2572 1396 ⁸
2634 1369 2721 1424 καὶ
2778 1366 2971 1448 ἔχρισά
3026 1390 3084 1427 σε
3139 1372 3244 1450 πρὸ
3299 1373 3394 1430 τοῦ
3450 1372 3741 1444 πλασθῆναι
3801 1377 3848 1433 ἐν

479 1456 597 1519 tale
655 1457 795 1538 quid
859 1456 1035 1519 etiam
1095 1455 1366 1534 contigit,
1428 1456 1603 1537 quale
1657 1457 1823 1539 prius
1881 1456 1941 1518 in
2001 1457 2135 1518 divo
2217 1455 2455 1535 Ἰσραήλ.
2493 1479 2518 1517 ι

477 1546 768 1625 Jeremia,
800 1546 875 1608 ad
921 1564 1096 1635 quem
1129 1545 1354 1635 dictum
1387 1554 1479 1607 est
1514 1568 1526 1609 :
1590 1569 1611 1603 ιι
1650 1549 1991 1624 Antequam
2025 1554 2196 1609 natus
2244 1562 2429 1623 esses,
2466 1545 2824 1608 sanctiﬁcavi
2857 1554 2915 1609 te
2951 1566 2967 1624 ;
3000 1555 3058 1609 et
3091 1549 3233 1611 unxi
3264 1556 3321 1613 te
3360 1551 3706 1635 priusquam
3737 1556 3848 1619 tor-

479 1642 673 1698 matus
704 1653 867 1698 esses
889 1636 951 1697 in
982 1633 1162 1697 Israel
1188 1635 1234 1693 ί.
1269 1654 1299 1695 »

560 1722 687 1788 VII.
714 1723 860 1786 Nam
880 1742 1014 1787 cum
1033 1724 1228 1786 adhuc
1245 1723 1670 1805 presbyterille
1686 1743 1754 1788 ac
1775 1731 2055 1805 magister
2070 1723 2128 1785 in

2297 1725 2383 1790 Z'.
2474 1725 2629 1804 ’Ἄρτι
2714 1727 2813 1805 γὰρ
2897 1727 3097 1787 ἐκείνου
3179 1729 3270 1787 τοῦ
3353 1730 3702 1811 πρεσϐυτέρου
3774 1737 3849 1792 καὶ

480 1815 669 1879 divini
717 1814 889 1879 Sabm
946 1814 1333 1890 monasterio,
1370 1815 1451 1875 uti
1477 1814 1606 1893 jam
1660 1815 1826 1896 prius
1854 1814 2128 1877 declara-

2214 1814 2524 1873 διδασκάλου
2586 1814 2669 1895 (3)
2733 1818 2869 1873 κατὰ
2922 1818 3019 1885 τὴν
3070 1840 3162 1876 του
3206 1821 3463 1901 θεοφόρου
3497 1820 3642 1878 Σάϐα
3672 1826 3844 1899 μονὴν,

477 1906 560 1967 vit
588 1905 797 1974 oratio.
835 1904 1059 1966 caelesti
1116 1903 1275 1965 hunc
1304 1921 1482 1965 sensu
1514 1902 1890 1967 Theodorum
1934 1903 2128 1966 divina

2214 1908 2287 1970 ὡς
2320 1909 2348 1961 6
2405 1904 2587 1993 λόγος,
2624 1903 2726 1973 ἤδη
2777 1906 2976 1983 φθάσας
3035 1905 3294 1989 ἐδήλωσε,
3366 1913 3457 1967 τὸν
3514 1913 3847 1993 οὖρανόφρονα

480 1994 744 2070 doceret,
781 1993 1233 2073 litterarumque
1275 1993 1488 2055 studiis
1536 2005 1710 2076 atque
1758 1994 1973 2055 virtute
2021 2012 2128 2056 ex-

2214 2001 2399 2055 τοῢτον
2471 1991 2738 2072 Θὲοδωρον
2794 1996 2858 2051 τὰ
2927 1998 3047 2053 θεῖα
3107 1995 3476 2080 παιδεύοντος,
3530 2006 3618 2058 καὶ
3674 1991 3847 2081 ἀρετὴν

480 2084 727 2159 coleret,
763 2084 931 2165 isque
962 2083 1194 2146 virtutis
1226 2082 1315 2145 lac
1344 2081 1635 2164 quotidie,
1671 2094 1735 2144 ut
1765 2088 1853 2145 sic
1906 2082 2125 2160 dicam,

2214 2085 2606 2149 ἐκπονοῦντος’
2655 2092 2748 2141 τοῦ
2816 2082 2872 2140 δὲ
2955 2086 3016 2141 τὸ
3085 2085 3225 2165 γάλα
3309 2093 3410 2155 τῆς
3483 2090 3675 2169 ἆρετῆς
3745 2093 3848 2149 καθ’

481 2174 726 2254 mystica
780 2173 1148 2235 institutione
1191 2183 1455 2249 sugeret,
1498 2190 1566 2233 ac
1624 2172 1912 2253 spirituali
1968 2175 2124 2235 edu-

2214 2173 2433 2231 ἕκαστον
2504 2174 2682 2230 εἰπεῖν
2736 2173 3116 2251 ἐκμυηθέντος,
3179 2176 3264 2233 καὶ
3323 2188 3695 2254 πνευματικῶς
3739 2180 3842 2238 δια-

480 2269 713 2327 catione
756 2262 1131 2325 adolesceret
1164 2279 1177 2321 :
1236 2280 1505 2343 magnus,
1540 2263 1807 2339 inquam,
1848 2262 1950 2325 ille
1983 2281 2123 2344 pre-

2214 2262 2531 2343 τρεφομένου
2569 2278 2583 2293 ⁸
2620 2265 2647 2319 6
2708 2264 2875 2341 μέγας
2936 2263 3145 2330 ἐκεῖνος
3201 2265 3580 2347 πρεσϐύτερος,
3636 2272 3719 2326 καὶ
3771 2270 3848 2327 τοῦ

479 2352 705 2435 sbyter,
768 2352 998 2434 Deique
1050 2351 1332 2414 nimirum
1388 2352 1587 2426 homo,
1620 2371 1752 2434 qua;
1781 2353 1960 2432 hujus
2019 2352 2125 2413 viri

2214 2355 2341 2410 Θεοῦ
2369 2350 2571 2423 δηλαδὴ
2602 2351 2898 2429 ἄνθρωπος,
2955 2356 3130 2411 θεόθεν
3182 2356 3247 2412 τὰ
3304 2356 3425 2414 κατ’
3487 2358 3640 2417 αὖτδν
3687 2360 3843 2438 γνοὺς,

478 2455 647 2506 erant
704 2442 984 2506 divinitus
1018 2441 1290 2522 edoctus,
1323 2440 1658 2503 clarissime
1704 2441 1993 2522 praedicit.
2051 2439 2128 2504 Ne

2220 2440 2465 2520 προλέγει
2534 2442 2877 2520 τρανέστατα.
2968 2442 3083 2501 Ἵνα
3150 2442 3205 2502 δι
3277 2447 3356 2521 μὴ
3434 2445 3559 2525 δόξῃ
3632 2451 3723 2505 τινὶ
3782 2454 3845 2521 τῷ

477 2534 574 2596 cui
623 2541 821 2595 autem
860 2531 1163 2595 videretur
1207 2532 1267 2592 in
1300 2530 1660 2611 discipulum
1708 2531 2128 2610 indulgentior,

2220 2531 2435 2605 μαθητῇ
2491 2529 2845 2609 χαριζόμενος
2896 2537 3310 2609 προσποιεῖσθαι
3366 2537 3466 2603 τὴν
3514 2536 3840 2612 ἀποκάλυψιν·

477 2623 635 2705 quod
667 2623 747 2684 ita
778 2641 819 2693 a_
842 2624 964 2685 Deo
988 2621 1425 2683 manifestatum
1454 2618 1685 2699 fuisset,
1716 2620 1867 2700 ipse,
1903 2621 2128 2681 coutin-

2218 2618 2451 2684 ὕποπτος
2534 2620 2634 2697 γὰρ
2721 2620 2965 2701 ἀτεχνῶς
3051 2623 3079 2678 6
3163 2625 3306 2687 παρὰ
3391 2630 3501 2682 τῶν
3583 2628 3843 2708 φιλούντων

479 2731 625 2794 gere
694 2712 966 2792 (prorsus
1032 2710 1191 2772 enim
1265 2716 1541 2788 suspecta
1605 2708 1735 2770 laus
1804 2708 2128 2771 amantium

2220 2706 2435 2772 ἔπαινος
2472 2729 2484 2745 ο
2561 2710 2698 2773 τόως
2770 2710 2868 2781 μὲν
2944 2711 3106 2778 αὒτὴν
3190 2715 3410 2792 κρύπτει
3450 2722 3558 2792 .τῇ
3598 2706 3605 2708 ἡ
3641 2723 3799 2792 σιωπῇ
3825 2732 3836 2747 ⁸

477 2805 619 2882 est).
652 2800 939 2863 hactenus
975 2798 1219 2879 quidem
1269 2815 1397 2859 rem
1429 2797 1670 2859 silentio
1701 2796 1843 2877 tegit
1877 2820 1890 2857 :
1931 2808 2128 2879 postea

2214 2796 2428 2875 ὕστερον
2484 2794 2564 2871 δὲ,
2626 2798 2739 2854 ἐπεὶ
2791 2798 2882 2854 καὶ
2930 2799 3028 2867 τὴν
3087 2803 3178 2856 τοῦ
3229 2800 3422 2868 παιδὸς
3479 2804 3670 2883 ἀρετὴν
3716 2801 3839 2868 ἄξιό-

476 2908 615 2952 vero
672 2888 772 2950 ubi
809 2887 988 2950 etiam
1046 2886 1217 2968 pueri
1266 2886 1543 2948 virtutem
1597 2886 1890 2967 ejusmodi
1926 2897 2128 2949 nactus

2214 2909 2401 2943 πιστον
2430 2887 2536 2942 τῶν
2569 2886 2875 2965 λεγομένων
2934 2888 3063 2968 εἶχε
3124 2891 3445 2971 συνήγορον,
3505 2900 3660 2951 πᾶσιν
3712 2890 3839 2970 ἒξαγ·

476 2986 589 3055 est,
625 2996 756 3060 quae
811 2976 1085 3040 dicendis
1136 2974 1383 3038 uberem
1436 2976 1564 3057 ipsa
1616 2978 1793 3038 ﬁdem
1841 2985 2128 3059 prestaret

2215 2973 2394 3053 γέλλει
2449 2977 2586 3051 μετὰ
2645 2974 2893 3056 λαμπροῦ
2948 2984 3039 3034 τοῦ
3090 2979 3470 3057 κηρύγματος,
3516 2981 3650 3039 οὕτω
3693 3003 3843 3061 γεγω-

474 3086 545 3131 ac
576 3066 859 3129 vaticinio
899 3066 1350 3147 sull'ragaretur,
1382 3066 1542 3127 claro
1575 3067 1869 3147 [iI‘EBCODlO
1901 3068 2128 3129 cunctis

2218 3067 2431 3144 νότερον
2492 3062 2757 3135 ἐκϐοήσας
2796 3085 2809 3099 ·
2871 3068 2945 3130 ὼς
2999 3069 3027 3123 ὁ
3083 3069 3246 3131 καλὸς
3317 3072 3529 3151 οὑτοσὶ,
3601 3072 3683 3130 ἐπὶ
3741 3076 3847 3128 πᾶσι

480 3157 773 3238 enuntiat,
834 3155 895 3216 in
951 3156 1079 3217 haec
1128 3155 1256 3217 fere
1315 3154 1497 3217 verba
1559 3156 1783 3218 diserte
1853 3156 2128 3233 loquens,

2218 3165 2339 3219 τοῖς
2416 3153 2604 3219 ἄλλοις
2666 3159 2752 3218 οἷς
2813 3153 2899 3211 διὰ
2957 3157 3180 3231 Χριστόν
3231 3160 3523 3235 ὑπομένων
3582 3160 3742 3241 ἔσται,
3793 3179 3849 3214 κα

478 3267 549 3311 ac
577 3246 881 3309 clamans:
914 3243 1145 3306 Probus
1174 3244 1273 3306 hic
1296 3244 1668 3319 adulescens,
1696 3244 1767 3306 ad
1802 3245 1915 3307 alia
1936 3247 2128 3307 omnia

2218 3246 2487 3322 μαρτυρίῳ
2546 3246 2637 3299 τὸν
2693 3246 2804 3320 βίον
2858 3245 3098 3322 ἀμείψει.
3169 3250 3366 3306 Τούτου
3426 3253 3477 3308 τί
3546 3251 3605 3309 ἂν
3673 3252 3849 3329 γένοιτο

485 3355 619 3418 qua;
668 3342 911 3416 propter
942 3332 1244 3396 Christum
1277 3352 1559 3414 passurus
1611 3343 1720 3409 est,
1757 3333 1935 3397 etiam
1972 3353 2128 3397 mar-

2217 3334 2315 3399 τῆς
2374 3332 2434 3388 ἐκ
2502 3332 2690 3398 παιδὸς
2762 3334 2954 3411 ἆρετῆς
3027 3335 3224 3392 ἐκείνου
3296 3342 3592 3418 τεκμήριον
3655 3336 3847 3418 ὶναργέ·

482 3426 630 3508 tyrio
681 3424 856 3486 vitam
931 3422 1341 3485 commutabit.
1393 3422 1559 3495 Quod
1614 3424 1743 3503 ejus
1800 3442 1833 3485 a
1911 3425 2128 3485 teneris

2224 3437 2456 3499 στερον;
2519 3421 2710 3495 "uate,
2773 3424 2817 3479 εἷ
2875 3425 2959 3480 καὶ
3015 3423 3184 3500 μηδὲν
3234 3425 3417 3505 ἕτερον
3472 3429 3616 3505 αὖτῴ
3662 3446 3847 3503 κατωρ-

482 3514 779 3597 rnguibus
828 3514 1062 3575 virtutis
1116 3511 1402 3575 indicium
1437 3512 1655 3574 clarius
1688 3517 1839 3575 ’esse
1892 3513 2128 3594 possit?

2215 3511 2385 3591 θώθη,
2443 3510 2672 3586 μηδενὸς
2741 3510 2979 3590 δεύτερον
3049 3520 3154 3570 τῶν
3227 3520 3664 3598 μακαριζομένων
3727 3517 3848 3572 ἀπο-

482 3607 598 3670 tale
647 3603 955 3678 nimirum,
992 3612 1058 3664 ut
1108 3602 1199 3664 vel
1249 3602 1299 3664 si
1355 3601 1505 3664 nihil
1550 3601 1709 3663 aliud
1760 3601 1995 3663 virtutis
2047 3602 2128 3664 illi

2215 3598 2381 3665 δεῖξαι
2410 3602 2502 3657 τὸν
2526 3601 2950 3680 ειέφημούμενον.

478 3704 711 3775 gestum
745 3702 930 3767 esset,
965 3711 1082 3754 uno
1115 3692 1250 3767 hoc,
1288 3692 1447 3754 nulli
1470 3691 1772 3754 secundus
1803 3709 2035 3765 eorum,
2070 3708 2321 3773 quorum
2357 3691 2475 3751 vita
2508 3688 2928 3770 prmdicabilis,
2963 3690 3202 3754 abunde
3228 3698 3504 3759 eniteret.

556 3786 709 3848 Vlll.
768 3785 1086 3864 Postquam
1132 3789 1332 3844 autem
1379 3800 1511 3843 cum
1558 3779 1692 3843 aliis
1731 3780 1906 3844 bonis
1951 3783 2127 3842 etiam

2296 3778 2390 3840 H’.
2426 3779 2583 3837 Ἐπεὶ
2613 3777 2667 3834 δὲ
2698 3782 2833 3855 μετὰ
2881 3786 2987 3838 τῶν
3045 3780 3221 3839 ἄλλων
3277 3784 3460 3843 καλῶν
3518 3787 3604 3843 καὶ
3653 3784 3708 3840 τὸ
3758 3780 3840 3847 τῆς

476 3873 777 3939 sacerdoti
828 3873 1052 3934 donum
1088 3872 1340 3952 accepit,
1375 3871 1515 3952 quid
1578 3888 1825 3933 necesse
1876 3888 2128 3950 percen-

2215 3870 2505 3944 ἱερωσύνης
2578 3869 2905 3946 προσείληφε
2964 3871 3232 3951 χάρισμα,
3292 3874 3345 3930 τί
3391 3874 3476 3932 δει⁹
3534 3871 3838 3949 καταλέγειν,

475 3983 638 4028 seam
690 3969 911 4043 quanta
945 3961 1119 4022 etiam
1163 3960 1233 4023 ad
1288 3960 1568 4023 decorem
1603 3960 1689 4022 illi
1732 3961 2128 4040 praestandum

2219 3955 2316 4014 ὅσα
2388 3959 2478 4014 καὶ
2548 3959 2677 4034 πρὸς
2733 3956 2931 4015 ἐκείνου
2987 3961 3151 4034 τιμὴν
3198 3962 3343 4035 αὖτῷ
3408 3963 3720 4043 κατωρθώθη
3751 3977 3766 3994 '
3806 3957 3842 4011 tl

477 4053 760 4136 praeclara
841 4051 1051 4131 gessit,
1113 4050 1226 4112 etsi
1302 4049 1577 4111 studebat
1648 4050 1856 4122 latere,
1921 4056 2128 4136 quanta

2223 4049 2308 4104 καὶ
2368 4046 2641 4103 λανθάνειν
2701 4046 2839 4104 οὕτω
2897 4046 3231 4123 ἐσπούδαξεν,
3306 4053 3383 4118 ὡς
3468 4050 3629 4114 οὐδεὶς
3688 4046 3840 4125 ἕτερος

479 4132 657 4205 nemo
692 4140 1002 4221 improbus
1059 4139 1212 4200 mala
1243 4157 1349 4199 sua
1396 4139 1592 4200 studia
1649 4137 1891 4198 solertia
1940 4132 2128 4216 tegili

2221 4143 2327 4193 τῶν
2399 4137 2464 4194 τὰ
2533 4137 2741 4213 πονηρὰ
2810 4139 3153 4213 μετιόντιοη;
3239 4140 3393 4206 Τίνος
3462 4142 3561 4217 μὲν
3627 4140 3721 4217 γὰρ
3779 4134 3839 4197 εἷς

480 4233 632 4297 Nam
681 4229 800 4305 cui,
861 4229 998 4292 tidei
1055 4230 1244 4303 cultu,
1305 4229 1401 4290 cui
1458 4228 1608 4308 spei,
1672 4225 1932 4307 denique
1993 4227 2128 4288 cha-

2223 4227 2422 4305 πίστιν,
2454 4226 2591 4291 τίνος
2624 4223 2678 4281 δὲ
2730 4226 2858 4302 πρὸς
2920 4223 3127 4307 ἐλπίδα,
3158 4229 3296 4294 τίνος
3354 4229 3411 4287 δὲ
3467 4230 3595 4310 πρός
3649 4226 3838 4303 ἀγάπην

479 4320 693 4396 ritatis,
724 4319 826 4383 ille
883 4317 1186 4381 secundus
1214 4317 1373 4380 fuit?
1401 4316 1518 4379 Sed
1565 4315 1832 4397 lenitate,
1868 4316 1972 4377 sed
2006 4334 2128 4377 mo-

2222 4314 2428 4379 ἐκεῖνος
2459 4312 2745 4392 δεύτερος;
2806 4312 2973 4370 Ἀλλὰ
3027 4316 3123 4383 τὴν
3173 4321 3557 4399 μακροθυμίαν,
3607 4314 3734 4373 ἀλλὰ
3757 4312 3839 4377 τὴν

481 4409 813 4483 deratione,
849 4407 955 4469 sed
989 4407 1278 4481 bonitate,
1313 4405 1417 4467 sed
1471 4406 1597 4467 zelo
1629 4404 1820 4484 qualis
1873 4405 2002 4480 fuit,
2036 4407 2128 4487 qui

2222 4404 2544 4483 ἐπιοίκειαν,
2574 4402 2711 4460 ἄλλα
2743 4404 2839 4471 τὴν
2870 4405 3242 4484 χρηστότητα,
3282 4409 3371 4465 τὸν
3405 4407 3458 4465 δὲ
3509 4406 3666 4479 ζῆλον
3713 4403 3837 4478 οἶος,

484 4498 659 4561 etiam
691 4515 881 4577 usque
914 4504 986 4556 att
1043 4495 1275 4557 vincula
1311 4503 1369 4556 et
1419 4492 1619 4574 plagas
1654 4502 1713 4555 et
1744 4503 1995 4556 mortem
2033 4513 2128 4576 [re

2221 4495 2278 4557 ὃς
2333 4515 2393 4571 γε
2457 4493 2543 4547 καὶ
2599 4492 2770 4571 μέχρι
2829 4492 3034 4567 δεσμῶν
3086 4494 3179 4551 καὶ
3227 4494 3453 4575 πληγῶν
3507 4498 3594 4553 καὶ
3641 4492 3838 4551 θανάτου

483 4587 703 4651 Christi
755 4585 1013 4662 imagine
1048 4583 1314 4665 pericula
1357 4583 1552 4646 adiit?
1600 4585 2128 4646 Verumenimvero

2222 4584 2316 4649 τῆς
2386 4589 2480 4638 τοῦ
2556 4589 2782 4657 Χριστοῦ
2853 4582 3051 4648 εἰκόνος
3137 4587 3641 4663 προεκινδύνευσενς
3715 4579 3838 4643 Πλὴν

483 4682 747 4758 praestat,
777 4673 852 4736 ab
883 4673 1011 4754 ipsa
1038 4682 1159 4734 tum
1208 4672 1443 4752 origine
1475 4672 1808 4754 declarare,
1845 4682 1907 4735 ut
1936 4691 2000 4735 se
2043 4692 2128 4759 ea,

2218 4670 2355 4728 ἀλλὰ
2378 4669 2539 4728 καλὸν
2571 4669 2788 4746 ἄνωθεν,
2819 4669 2963 4737 ὅπως
3017 4672 3147 4754 ἔσχε
3209 4675 3275 4731 τὰ
3333 4677 3454 4756 περὶ
3518 4676 3609 4741 τῆς
3662 4669 3833 4728 εἰκόνος

487 4784 622 4848 qua;
657 4764 729 4825 ad
763 4763 1060 4842 imagines
1089 4771 1381 4843 spectant,
1417 4763 1757 4826 habuerint.

2217 4759 2468 4839 διαφῆσαι
2481 4810 2492 4824 ,

565 4856 668 4918 ΙΧ.
726 4853 836 4926 Qui
868 4841 942 4915 ab
992 4841 1152 4913 omni
1184 4870 1304 4914 navo
1350 4852 1535 4913 nostri
1563 4852 1802 4931 generis
1849 4852 2033 4913 hostis
2065 4870 2128 4913 ac

2300 4849 2391 4911 ϐ’.
2441 4841 2496 4908 Ὀ
2555 4849 2644 4908 τοῦ
2703 4848 2887 4927 γένους
2946 4852 3099 4926 ἡμῶν
3154 4851 3316 4933 ἐχρὸς
3371 4854 3456 4908 καὶ
3503 4849 3744 4923 πολέμιος
3783 4842 3833 4933 ἐξ

486 4942 812 5026 perduellis
845 4940 1138 5024 proditus,
1165 4942 1346 5003 multa
1360 4943 1483 5021 jam
1508 4927 1819 5004 adversum
1848 4961 1952 5002 nos
1975 4960 2128 5023 prte-

2214 4947 2307 4996 τοῦ
2361 4942 2557 5003 παντὸς
2631 4942 2820 5004 αἰῶνος
2890 4927 3238 5019 ἀναφανεὶς--
3269 4939 3495 5003 πολλοὺς
3573 4937 3671 5007 ἤδη
3734 4927 3831 4990 καθ’

480 5021 583 5107 lia,
611 5021 970 5113 saepiusque,
998 5029 1250 5111 repetita
1272 5030 1401 5093 acie
1434 5030 1708 5106 infestus,
1742 5021 2125 5111 instruxerat,

2214 5031 2368 5102 ἢμῶν
2427 5028 2693 5105 πολέμους
2769 5030 2853 5084 καὶ
2925 5028 3187 5093 πολλάκις
3244 5028 3601 5107 ἀναρριπίσας,
3672 5021 3829 5113 ἑτ-ἐραο

482 5122 658 5185 aliam
691 5138 926 5183 rursum
960 5121 1113 5182 viam
1145 5120 1509 5200 aggreditur,
1545 5138 1615 5182 ac
1651 5120 1881 5182 fortiter
1910 5120 2126 5182 adver-

481 5231 584 5275 sus
635 5212 911 5291 pietatem
936 5217 1219 5271 armatur.
1277 5209 1423 5270 Nam
1466 5210 1624 5290 quod
1673 5209 1857 5272 Deum
1907 5209 2125 5271 factum

564 5319 583 5369 l
617 5320 843 5378 Jerem.
875 5331 916 5388 ι,
950 5314 1012 5376 5.

2211 5117 2371 5175 πάλιν
2417 5116 2536 5174 ὁδὸν
2588 5116 2828 5197 ἔρχεται,
2888 5117 2977 5174 καὶ
3004 5118 3237 5198 ἰσχυρῶς
3268 5119 3402 5174 κατὰ
3449 5126 3543 5183 τῆς
3591 5109 3829 5173 εὐσεϐείας

2211 5207 2459 5279 ὁλίζεται.
2523 5205 2673 5264 Ἐπεὶ
2725 5206 2825 5286 γὰρ
2886 5204 2999 5263 εἶδε
3058 5209 3189 5265 Θεὸν
3248 5206 3527 5287 γενόμενον
3558 5202 3823 5281 ἄνθρωπον,

1796 5394 1889 5457 Fr.
1941 5394 2297 5460 Combeﬁsii
2342 5399 2531 5459 notae.

556 5501 642 5576 (3)
712 5501 948 5557 Ἐκεῖνον
1019 5506 1111 5553 τοῦ
1182 5496 1532 5576 πρεσϐυτέρου
1605 5500 1695 5555 καί
1793 5499 2129 5561 διδασκάλου.

2221 5505 2365 5574 tatis,
2410 5512 2579 5574 atque
2629 5503 2913 5574 muneris,
2970 5500 3300 5573 signiﬁcans
3332 5496 3696 5574 sacerdotem
3747 5503 3830 5574 gs-

481 5559 799 5651 Llpo’mani
852 5579 1091 5651 interpr,
1156 5559 1386 5651 Magnus
1443 5559 1789 5651 livescunt.
1861 5559 2135 5639 Redditur
2218 5559 2391 5651 (“nili
2454 5559 3685 5651 o'rdinisassiculis!etiamcaule9199'“!s
3732 5559 3832 5651 955"

483 5632 835 5727 quidemille
856 5632 981 5702 vox
1001 5632 1187 5727 ‘etiam
1214 5632 1414 5727 ιῖηἰοὲ,
1439 5648 1591 5719 quod
1614 5632 1821 5727 prave
1839 5632 2128 5727 cis—seipr

2221 5645 2412 5727 tinxit,
2448 5663 2597 5727 cum
2639 5632 2878 5727 adjecit,
2912 5646 3026 5709 ἑνός
3075 5632 3348 5727 φημίτῷν
3391 5632 3524 5707 στῆτ’
3551 5632 3827 5727 immiti.

483 5707 560 5781 Eu
590 5735 605 5777 :
655 5719 750 5776 hic
779 5725 972 5775 tamen
1004 5716 1222 5775 ordinis
1250 5726 1356 5787 est.
1388 5707 1475 5774 ἀρ’
1502 5718 1904 5777 ecclesiasticae
1938 5707 2135 5794 digui-
2218 5738 2286 5783 ao
2319 5707 2468 5785 bene
2523 5723 2601 5781 ibi
2637 5707 2788 5783 idem
2824 5707 3540 5798 ἱιὶῐθτρισὲίὶποεὸνισνυοι
3592 5707 3826 5776 reddidit.
