4056 6142
384 315 497 388 661

1519 319 1705 387 VITA
1748 320 1809 382 S.
1856 320 2247 386 THEODORI
2309 320 2620 386 GRAPTI.

3628 318 3749 391 662

381 461 582 538 γίνεται
647 456 801 516 πάλιν
860 455 978 538 ὄφις
1036 458 1123 515 καὶ
1180 456 1340 516 πάλιν
1396 454 1640 519 διάϐολος
1674 473 1690 489 ⁶
1750 456 1849 514 καί
1919 453 2018 511 δια-

2108 452 2413 515 hominem
2449 453 2694 531 viderat,
2732 464 2798 517 ut
2845 455 3149 519 hominem
3202 455 3420 520 deitate
3469 455 3738 536 donaret,

382 549 525 626 σύρει
583 548 703 614 τοὺς
782 546 949 610 θείους
1017 547 1210 623 νόμους
1268 548 1296 602 6
1355 548 1543 623 μιαρὸς
1604 547 1688 603 καὶ
1745 545 1968 620 θεσμούς
2002 561 2018 579 ⁸

381 638 471 696 καὶ
526 636 910 715 παρερμηνεύει
953 634 1112 693 πάλιν
1155 644 1247 695 τοῦ
1304 634 1587 711 νομοθέτου
1639 635 1700 691 τὸ
1747 632 2049 712 βούλημα(

383 727 485 786 Καὶ
537 733 670 786 Θεοῦ
711 726 809 800 μὲν
854 724 1027 806 εἰδὼς,
1088 726 1162 789 ὡς
1206 728 1310 805 οὐχ
1361 725 1481 787 οἶός
1511 724 1569 781 τέ
1598 723 1741 781 ἐστιν
1798 724 2021 802 ἀφιστᾷν

382 816 509 880 τοὺς
568 816 873 894 ἀνθρώπους
898 862 916 890 ,
1004 812 1291 890 δελεάματι
1346 818 1497 892 κιρνᾷ
1552 816 1652 881 τὴν
1708 810 2018 892 ἐπιϐουλὴν,

382 906 473 962 καὶ
528 906 757 985 Χριστὸν
814 904 1085 983 ἀρνεῖσθαι
1133 903 1328 960 πείθειν
1387 901 1675 976 ἀδυνατῶν,
1720 913 1818 969 τήν
1863 900 2024 958 αὖ)τοῦ

380 994 523 1052 θείαν
598 993 777 1050 εἰκόνα
860 1005 1181 1072 προσκυνεῖν
1265 991 1404 1055 ὅλως
1496 991 1812 1069 ἀπαγορεύει
1853 1006 1868 1023 ⁶
1943 988 2020 1045 ’ἔν’

379 1082 519 1141 οὕτω
576 1081 711 1161 λάθῃ
766 1084 855 1140 καὶ
911 1082 1014 1149 τὴν
1085 1081 1181 1150 τῆς
1253 1080 1452 1138 εκείνου
1529 1079 1847 1159 σαρκώσεως
1913 1080 2019 1137 ἀπὸ

380 1175 574 1253 ψυχῶν
635 1171 951 1252 ὁμολογίαν⁹
1007 1172 1095 1228 καὶ
1144 1173 1237 1227 τὸν
1296 1168 1362 1227 δι’
1410 1170 1615 1238 ἑκείνης
1676 1171 1833 1245 ἡμῶν
1887 1170 2018 1248 πρὸς

378 1264 471 1319 τὸν
564 1263 810 1320 σώσαντα
905 1262 1067 1319 πόθον
1148 1259 1270 1316 κατ’
1354 1258 1532 1337 ὀλίγον
1614 1258 2014 1337 ἀπομαραίνων,

378 1349 532 1409 Ἐπεὶ
590 1348 645 1406 δὲ
701 1348 769 1405 ταὶ
812 1351 914 1416 τῆς
956 1347 1242 1415 ἐπιϐουλῆς
1307 1348 1441 1404 κατά
1492 1347 1610 1404 νοῦν
1667 1350 1810 1421 αὖτῷ
1851 1367 2017 1426 προε-

380 1440 550 1520 χώρει
585 1438 723 1521 (εὗρε
754 1440 854 1517 γὰρ
907 1436 1233 1505 ἰπιτηδείους
1291 1438 1472 1517 ψυχὰς
1516 1438 1644 1514 προς
1703 1436 1803 1503 τὴν
1862 1441 2017 1494 αὑτοῦ

375 1531 698 1608 σπερμάτων
752 1526 1071 1607 ὑποδοχὴν),
1131 1526 1176 1584 ὣ
1230 1531 1329 1594 τῆς
1378 1525 1587 1593 πολλῆς
1635 1547 1729 1581 σου
1759 1529 2017 1600 μακροθυ-

378 1619 528 1698 μίας,
591 1617 822 1695 Χριστέε
884 1618 1067 1698 φθάνει
1128 1619 1217 1673 καὶ
1274 1614 1439 1696 μέχρι
1496 1613 1759 1692 βασιλέων
1818 1617 2013 1685 αὐτῶν,

378 1711 467 1765 καὶ
522 1706 677 1765 πλέον
737 1707 912 1789 ἰσχύει
967 1704 1184 1782 δύναμιν
1242 1704 1490 1783 εὑρίσκων
1546 1704 1651 1759 ἀπὸ
1707 1704 1807 1768 τῆς
1864 1700 2015 1766 ἐξου-

2103 559 2309 604 rursus
2333 560 2946 626 serpens,rursusque
2975 544 3247 607 diabolus
3277 545 3554 618 efﬁcitur.
3583 547 3741 609 divi-

2107 650 2330 713 nasque
2372 632 2530 710 leges
2559 650 2627 694 ac
2658 632 2805 695 scita
2856 634 3294 715 impurissimus
3323 636 3738 714 calumniatur,

2105 739 2538 803 perperamque
2556 740 2764 786 rursus
2785 724 3140 802 legislatoris
3166 734 3427 788 mentem
3455 728 3744 804 interpre-

2106 819 2281 871 tatur.
2319 812 2403 871 Ac
2461 829 2593 872 cum
2659 812 2864 889 sciret,
2918 813 3048 876 ﬁeri
3103 834 3220 876 non
3253 834 3429 895 posse
3461 824 3584 877 uta
3614 816 3740 879 Deo

2103 899 2378 961 homines
2419 898 2763 977 abduceret,
2798 920 2935 964 esca
2962 902 3209 965 insidias
3242 912 3533 983 temperat
3566 924 3583 982 ;
3629 922 3740 968 ne-

2103 1006 2220 1068 que
2247 987 2445 1052 valens
2503 989 2615 1051 hoc
2663 989 2917 1054 suadere
2973 999 3037 1052 ut
3087 991 3359 1055 Christus
3387 991 3735 1072 abnegetur,

2103 1076 2362 1139 divinam
2384 1079 2516 1157 ejus
2548 1078 2863 1157 imaginem
2890 1080 3123 1142 adorari
3146 1082 3391 1143 omnino
3425 1081 3734 1162 prohibet;

2103 1174 2167 1228 ut
2194 1167 2282 1229 sic
2313 1167 2817 1248 imprudentibus,
2843 1169 3005 1231 illius
3035 1174 3273 1251 quoque
3311 1170 3738 1233 incarnationis

2103 1275 2171 1318 ex
2189 1256 2407 1318 animis
2423 1256 2861 1321 confessionem
2884 1257 3137 1335 aboleat,
3168 1260 3590 1340 paulatimque,
3615 1276 3736 1336 quo

2101 1345 2243 1406 inde
2268 1345 2672 1426 accendimur,
2706 1364 2993 1428 amorem,
3055 1365 3194 1427 erga
3242 1368 3376 1410 eum
3411 1351 3511 1429 qui
3544 1348 3737 1410 salute

2100 1434 2361 1509 donavit,
2422 1435 2783 1514 exstinguat.
2841 1434 2956 1498 Ubi
3022 1444 3217 1498 autem
3279 1440 3332 1499 ei
3386 1437 3619 1500 insidia;
3663 1454 3736 1499 ex

2099 1524 2299 1584 animo
2344 1533 2658 1585 cesserunt
2710 1524 2961 1601 (invenit
3008 1527 3169 1587 enim
3214 1525 3444 1591 animos
3496 1526 3568 1589 ad
3622 1544 3735 1588 sua

2099 1613 2325 1674 semina
2359 1613 2745 1693 suspicienda
2795 1613 3088 1690 idoneos),
3150 1634 3184 1676 ο
3241 1634 3511 1694 magnam
3574 1624 3733 1676 tuam

2097 1709 2273 1784 atque
2305 1702 2613 1782 prolixam,
2651 1722 2684 1763 ο
2716 1702 2963 1777 Christe,
3016 1711 3391 1785 patientiam!
3446 1704 3519 1765 ad
3572 1704 3735 1785 ipsos

378 1797 495 1862 σίας
531 1811 546 1827 ⁸
595 1797 691 1854 καῖ
748 1797 981 1870 τοσούτῳ
1023 1796 1299 1872 βοηθεῖται
1354 1800 1431 1869 τῷ
1476 1813 1684 1871 κρατεε,
1716 1798 1905 1868 μικροῦ
1930 1791 2017 1847 καὶ

2107 1810 2288 1873 usque
2316 1792 2613 1869 Augustos
2645 1792 2904 1872 pervasit
2933 1816 2948 1869 ;
2984 1802 3313 1872 nactusque
3342 1812 3412 1857 ex
3446 1800 3735 1874 potestate

377 1886 620 1964 γενέσθαι
650 1888 793 1960 ἡμᾶς
825 1887 896 1948 ὡς
927 1887 989 1942 τὸ
1019 1882 1071 1950 ἒξ
1100 1884 1302 1965 ἀρχῆς,
1333 1883 1361 1939 ὅ
1386 1905 1517 1963 φησι
1563 1882 1631 1939 τὰ
1677 1881 1791 1959 ἱερά
1833 1878 2013 1957 λόγιιῐι⁹

377 1975 468 2034 ὅτε
499 1975 597 2032 οὒκ
624 1974 782 2054 ἦρκεν
811 1976 949 2051 ἡμῖν
980 1975 1189 2054 Κύριος.

461 2236 522 2305 1’.
585 2244 808 2310 Λέοντος
862 2244 964 2322 γὰρ
1018 2247 1309 2324 τηνικαῦτα
1366 2250 1461 2300 τοῦ
1515 2237 1567 2306 ἐξ
1623 2237 1912 2316 Ἀρμενίων
1954 2234 2015 2288 τὸ

378 2334 533 2412 γένος
611 2333 856 2399 ἕλκοντος
892 2382 906 2404 ,
1005 2330 1242 2409 τυράννῳ
1324 2329 1473 2409 χειρὶ
1544 2335 1648 2385 τῶν
1733 2326 2018 2412 σκήπτρων

384 2411 801 2498 ἓπειλημμὲνου,
848 2421 935 2478 καὶ
976 2422 1068 2477 τὸν
1120 2416 1309 2486 εὐσεϐῆ
1361 2416 1581 2496 βασιλέα
1639 2411 1864 2494 Μιχαὴλ
1920 2417 2017 2477 τῆς

390 2513 488 2588 μὲν
546 2511 714 2592 ἀρχῆς
772 2510 1199 2588 παραλύσαντος,
1261 2510 1509 2588 σχήματι
1556 2504 1609 2561 δὲ
1670 2505 1757 2560 καὶ
1801 2503 1899 2579 βίῳ
1955 2501 2021 2556 τὰ

385 2608 492 2660 τῶν
572 2608 827 2681 μοναχῶν
912 2599 1149 2675 μετιέναι
1233 2596 1752 2676 παρασκευάσαντος·
1815 2592 2018 2654 ἐκεῖνος

379 2693 479 2764 μὲν
535 2694 598 2748 τὸ
654 2691 899 2747 ἀκούσιον
961 2688 1176 2751 ἀλύπως
1236 2689 1308 2751 ὡς
1363 2687 1500 2744 κατά
1561 2685 1783 2764 γνώμην
1854 2701 2020 2758 προσ-

379 2781 486 2837 ίετο
519 2797 534 2811 ⁹
599 2780 754 2842 αυτὸς
839 2776 893 2832 δὲ
970 2779 1101 2854 πρὸς
1188 2776 1377 2851 μικρὸν
1452 2773 1529 2830 ’ἐτι
1601 2774 1699 2838 τὴν
1779 2767 2020 2826 ἀσέϐειαν

375 2868 526 2928 ἔνδον
584 2866 921 2946 οἱκουροῦσαν
981 2864 1126 2946 ἔχων
1160 2911 1177 2945 ,
1238 2862 1408 2941 ἐξάγει
1486 2861 1683 2927 ταύτην
1742 2861 1815 2923 εἰς
1887 2863 2023 2934 φῶς,

379 2960 560 3035 ὤιπερ
619 2979 668 3014 τι
729 2944 876 3013 νόθον
921 2944 1292 3033 καίῃπονηρὸν
1375 2951 1612 3030 γέννημα
1647 2968 1661 2985 ·
1722 2949 1815 3004 καί
1865 2944 2025 3012 δῆλος

380 3051 477 3105 οὒκ
517 3050 597 3112 εἷς
653 3047 860 3125 μακρὰν
912 3047 1137 3122 ’γίνεται⁹
1192 3040 1433 3121 χαλεπὸν
1490 3038 1663 3096 πνέων
1732 3035 1867 3092 κατὰ
1920 3039 2027 3093 τῶν

2097 1880 2276 1954 vires,
2313 1880 2444 1958 ipse
2473 1900 2537 1943 se
2571 1882 2784 1944 fortior
2811 1883 3046 1961 evadit;
3096 1891 3375 1964 tantaque
3424 1884 3736 1964 adjuvatur

2098 1970 2383 2052 potentia,
2417 1980 2483 2032 ut
2535 1989 2643 2033 nos
2689 1990 2928 2053 quoque
2957 1992 3167 2053 parum
3199 1974 3373 2049 absit,
3407 1974 3549 2054 quin
3582 1971 3736 2034 sicut

2096 2060 2171 2121 ab
2224 2058 2417 2131 initio,
2469 2078 2606 2121 cum
2664 2060 2957 2124 Dominus
3003 2064 3194 2127 nostri
3224 2082 3344 2124 non
3403 2060 3735 2136 imperabat

2101 2147 2208 2229 (uti
2240 2148 2432 2209 sacris
2463 2149 2757 2228 proditum
2794 2150 3005 2230 elogiis
3031 2160 3124 2214 est
3140 2152 3191 2232 ε)
3221 2152 3357 2214 iacti
3387 2151 3603 2213 simus.

2177 2237 2257 2299 Χ.
2292 2234 2436 2297 Cum
2470 2246 2666 2298 autem
2699 2240 2819 2300 Leo
2849 2246 2976 2301 tum
3021 2242 3333 2320 temporis,
3385 2258 3453 2301 ex
3517 2240 3735 2303 Arme-

2101 2324 2199 2386 nia
2245 2323 2474 2388 ducens
2522 2326 2813 2404 originem
2844 2376 2860 2401 ,
2923 2330 3224 2410 tyrannica
3273 2346 3452 2391 manu
3502 2338 3736 2410 sceptra

2100 2414 2433 2489 invasisset,
2465 2413 2747 2495 piumque
2778 2422 3196 2496 imperatorem
3222 2417 3572 2479 Michaelem
3594 2436 3734 2479 ces-

2101 2520 2235 2565 sare
2259 2503 2489 2581 jussum
2517 2522 2587 2566 ac
2616 2513 3064 2568 exauctoratum
3091 2506 3162 2567 ad
3187 2506 3461 2568 monachi
3486 2506 3743 2568 induen-

2103 2593 2243 2654 dum
2277 2593 2543 2654 habitum
2576 2593 2830 2673 vitaeque
2860 2594 3005 2655 illud
3056 2594 3394 2657 institutum
3447 2595 3743 2674 arripien-

2104 2682 2244 2743 dum
2278 2680 2579 2760 adegisset
2608 2700 2623 2755 ;
2657 2683 2828 2759 isque
2859 2684 3010 2746 adeo
3059 2684 3219 2744 illam
3252 2686 3382 2763 ejus
3412 2685 3525 2744 vim
3559 2702 3627 2745 ac
3657 2685 3744 2745 in-

2101 2770 2350 2851 juriam,
2382 2790 2450 2831 ac
2478 2771 2527 2831 si
2561 2773 2685 2851 ipse
2714 2780 2928 2851 sponte
2958 2772 3222 2845 cederet,
3258 2771 3412 2834 haud
3444 2790 3603 2852 aegre
3631 2772 3744 2834 ad-

2111 2859 2412 2935 misisset;
2458 2879 2634 2939 qucm
2688 2860 2831 2940 dixi,
2866 2860 3010 2939 Leo,
3048 2860 3336 2941 tantisper
3366 2860 3560 2922 adhuc
3594 2880 3742 2924 con-

2108 2947 2289 3008 ditam
2324 2948 2526 3009 animo
2580 2949 2942 3028 impietatem
2997 2957 3231 3022 tenens,
3269 2967 3396 3012 eam
3430 2948 3491 3009 in
3524 2950 3744 3031 lucem,

2111 3045 2383 3116 tanquam
2406 3037 2808 3101 adulterinum
2843 3056 2911 3100 ac
2962 3039 3182 3100 malum
3237 3039 3423 3100 fetum
3482 3041 3739 3119 profert;

379 3138 535 3195 θείων
589 3124 828 3206 εἰκόνων,
887 3134 980 3190 καί
1049 3132 1276 3199 ἀναιρῶν
1335 3130 1434 3198 τὴν
1488 3125 1867 3207 προσκύνησιν,
1928 3124 2018 3182 Καῖ

2110 3144 2220 3187 nec
2250 3126 2551 3204 longiores
2583 3127 2911 3207 interjectae
2959 3147 3164 3203 morie,
3198 3147 3332 3189 cum
3385 3136 3551 3189 truce
3602 3128 3743 3209 quid

381 3233 577 3303 πρῶτα
636 3226 735 3300 μὲν
800 3221 1107 3302 συνεξορίζει
1150 3225 1228 3293 τῷ
1289 3224 1384 3286 τῆς
1443 3214 1733 3293 ὄρθοδοξίας
1779 3212 2018 3303 ἀρχιερεῖ

2107 3214 2391 3276 adversus
2419 3213 2654 3277 divinas
2684 3215 2970 3294 imagines
2992 3216 3518 3297 spirat,aufertque
3539 3234 3745 3279 earum

390 3302 491 3382 τὴν
574 3311 834 3371 εύσὲϐειαν
865 3331 880 3347 ο
958 3310 1141 3367 ἔπειτα
1235 3309 1323 3365 καὶ
1392 3311 1641 3377 κατασπᾷ
1709 3310 1816 3360 τῶν
1871 3302 2022 3377 ἱερῶν

389 3403 762 3476 εἰκονισμάτων
823 3402 883 3457 τὸ
963 3398 1155 3463 κάλλος
1189 3446 1204 3473 ,
1282 3396 1460 3471 ὥσπερ
1514 3394 1658 3457 τινὰς
1719 3391 2021 3471 ὀφθαλμοὺς

380 3490 656 3567 ἀμϐλύνων
708 3496 807 3558 τῆς
875 3488 1222 3554 Ἐκκλησίας.
1304 3485 1400 3542 Καὶ
1484 3486 1511 3539 6
1570 3482 1668 3557 μὲν
1753 3477 2019 3557 ὀρθόδοξος

375 3582 680 3661 ἀρχιερεὺς,
735 3580 913 3656 ὥσπερ
957 3578 1111 3657 ἔφην,
1179 3574 1440 3652 ἐξόριστος
1501 3573 1740 3649 γίνεται·
1803 3568 2016 3622 ἀδτεισ-

618 3668 673 3726 δὲ
743 3670 1027 3744 μισθωτὸς,
1083 3667 1172 3722 καὶ
1247 3664 1370 3742 οὐχὶ
1456 3659 1657 3749 ποιμὴν
1687 3704 1704 3736 ,
1762 3656 2017 3749 éjadcpphw

374 3745 454 3836 τῷ
506 3760 741 3836 τυράννῳ
790 3759 879 3813 καὶ
921 3756 1205 3833 σύμψυχος
1238 3752 1336 3819 τὴν
1398 3746 1639 3805 ἀσέϐειαν
1674 3762 1688 3775 ⁸
1742 3747 1769 3801 6
1812 3745 2016 3820 βωμὸς,

374 3851 529 3930 φασὶ,
574 3835 722 3924 γτρὸς
775 3845 834 3903 τί)
887 3842 1064 3924 ἱερόν⁶
1129 3842 1223 3898 καί
1281 3840 1376 3906 τὴν
1450 3835 1618 3894 πάλαι
1704 3837 2021 3900 τεθνηκυῖαν

386 3920 597 4016 αἳρεσιν
636 3920 766 4014 περὶ
830 3920 946 3996 τὰς’
975 3930 1171 3995 σεπτσὶς
1230 3928 1433 3990 εἰκόνας
1498 3923 1818 4023 ἀναστῆσαι.
1854 3920 2019 4002 φιλο-

373 4012 597 4089 νεικεῖν,
635 4012 803 4082 Ἀλλά
830 4025 929 4101 γὰρ
975 4020 1070 4076 οἷα
1101 4021 1164 4075 τὰ
1195 4026 1285 4075 τοῦ
1318 4022 1447 4072 Θεοῦ
1499 4012 1765 4090 κρίματιί
1804 4012 1866 4069 Ἠ
1915 4016 2021 4066 τῶν

368 4115 701 4194 ἁμαρτωλῶν
776 4110 958 4191 ῥάϐδος
1048 4110 1192 4172 εὐθὺς
1272 4104 1388 4194 καθ’
1472 4105 1628 4177 ἡμῶν
1706 4101 2015 4194 lappis-cat,

377 4188 464 4261 ίνα
488 4188 589 4259 ’κᾶν
617 4203 752 4260 οὕτω
778 4188 1042 4271 συνῶμεν,
1076 4200 1268 4253 ὁποῖον
1311 4193 1375 4261 δὴ
1430 4194 1521 4250 τὸν
1573 4188 1850 4257 Δεσπότην
1885 4190 2019 4246 κατά

369 4292 579 4362 πολλὴν
610 4292 785 4348 ἄνοιαν
829 4287 1241 4366 παροργίζομεν.

455 4469 570 4531 lA'.
630 4471 690 4526 Οἱ
769 4468 867 4545 γὰρ
938 4466 1071 4523 κατὰ
1129 4463 1229 4531 την
1300 4463 1499 4542 ἔρημον
1581 4456 1808 4538 ’Ἄραϐες
1887 4459 2016 4535 πρὸς

2106 3304 2356 3365 cultum.
2394 3305 2479 3366 Ac
2512 3305 2795 3381 primum,
2854 3323 2971 3367 una
3021 3324 3156 3367 cum
3213 3307 3547 3367 orthodoxo
3588 3307 3744 3367 anti-

2104 3392 2263 3462 stite,
2302 3391 2580 3471 pietatem
2629 3392 2921 3455 eliminat.
2960 3392 3184 3455 Deinde
3234 3394 3410 3456 etiam
3439 3411 3743 3456 sacrarum

2105 3480 2426 3558 imaginum
2458 3483 2741 3543 decorem
2767 3482 3126 3555 detrahit,ac
3150 3488 3200 3543 si
3223 3481 3506 3544 Ecclesiae
3525 3482 3752 3545 lumina

2103 3570 2431 3632 hebetaret.
2466 3574 2550 3633 Ac
2582 3571 2823 3651 quidem
2857 3571 3218 3632 orthodoxus
3265 3572 3507 3651 praesul,
3530 3573 3615 3632 uti
3650 3572 3744 3632 di-

2102 3659 2551 3731 cebam,exsilio
2579 3661 2866 3736 traditur;
2893 3661 3144 3739 ejusque
3166 3660 3296 3721 loco
3318 3657 3745 3739 mercenarius,

2105 3755 2163 3807 et
2198 3766 2311 3807 non
2347 3757 2572 3827 pastor,
2621 3750 2893 3826 ejusdem
2951 3766 3086 3809 cum
3146 3757 3391 3829 tyranno
3439 3747 3750 3809 sententia;

2103 3835 2309 3914 illique
2346 3836 2653 3915 impietate
2699 3855 2975 3909 concors,
3046 3837 3388 3898 inducitur:
3441 3838 3557 3897 Ara
3610 3854 3750 3898 eum

2105 3924 2350 4003 templo,
2382 3925 2581 4006 aiunt;
2618 3926 2881 4006 olimque
2905 3925 3262 3988 exstinctam
3288 3945 3427 4006 erga
3448 3943 3745 3986 veneran-

2104 4014 2209 4074 das
2241 4014 2531 4091 imagines
2564 4015 2861 4093 haeresim,
2899 4015 3261 4094 postliminio
3312 4016 3565 4077 excitare
3597 4032 3746 4076 con-

2104 4102 2314 4165 tendit.
2350 4105 2466 4165 Sed
2502 4105 2686 4177 enim,
2714 4103 2909 4184 qualia
2938 4103 3326 4183 Deijudicia!
3358 4105 3745 4166 Peccatorum

2106 4193 2303 4253 statim
2338 4193 2499 4273 virga
2531 4195 2590 4255 in
2624 4213 2729 4254 nos
2760 4194 3073 4269 emittitur,
3106 4205 3170 4253 ut
3206 4194 3289 4254 vel
3321 4194 3407 4254 sic
3438 4192 3742 4271 intelliga-

2105 4300 2257 4355 mus,
2291 4283 2528 4362 qualem
2559 4301 2662 4363 per
2702 4300 2995 4344 summam
3031 4282 3389 4344 dementiam
3422 4281 3740 4343 Dominum

2103 4371 2176 4432 ad
2210 4371 2355 4431 iram
2393 4390 2804 4453 provocamus.

2182 4459 2285 4522 XI.
2322 4462 2551 4523 Arabes
2582 4463 3080 4541 enim,desertum
3114 4459 3271 4540 quod
3305 4466 3393 4519 est
3421 4458 3490 4518 ad
3522 4456 3739 4520 Orien-

368 4563 444 4618 ἕω
502 4551 780 4633 Ῥωμαίοις
838 4555 1365 4632 ἐπιστρατεύσαντες,
1428 4549 1632 4612 πολλὰς
1680 4547 1776 4623 μὲν
1828 4548 2012 4626 χώρας

2107 4556 2225 4612 tem
2259 4532 2775 4624 colentes,educto
2808 4552 3099 4613 adversus
3124 4532 3422 4611 Romanos
3444 4548 3736 4621 exercitu,

408 4655 424 4674 ,
478 4656 501 4666 -
744 4646 793 4662 ηε
886 4642 926 4663 κε
1058 4645 1069 4665 ς
1247 4643 1259 4663 ι
1444 4643 1451 4649 ο
1514 4641 1539 4661 ,ι
1732 4654 1747 4669 .
1828 4674 1831 4675 ν
1896 4660 1913 4669 ⁸
1962 4634 2010 4668 με).

367 4672 563 4720 αυτων,
636 4647 809 4703 πολλα
880 4666 933 4700 ος
990 4665 1075 4699 και
1134 4664 1358 4723 φρούρια
1415 4640 1695 4710 ἐληιζοντο
1784 4640 1912 4714 πρὸ..
1957 4656 2013 4691 Οε.

367 4740 456 4795 καὶ
528 4738 592 4793 τὰ
649 4735 703 4791 ἐν
754 4733 1080 4807 Παλαιστίνῃ
1140 4731 1466 4809 κατέτρεχον
1532 4728 1885 4802 μοναστήρια,
1938 4724 2011 4779 ὧν

368 4833 580 4904 πρῶτον
637 4827 722 4881 καὶ
776 4823 1028 4901 μέγιστον
1076 4820 1142 4888 ἦν
1170 4866 1186 4890 ,
1245 4821 1305 4875 τὸ
1364 4825 1456 4874 τοῦ
1516 4816 1767 4895 θεοφόρου
1838 4810 2009 4904 Σάϐα,

371 4902 536 4997 φημὶ,
569 4913 622 4969 ἐν
648 4914 694 4988 ᾧ
734 4916 821 4970 καί
853 4915 880 4969 6
912 4911 1077 4989 μέγας
1120 4908 1272 4972 οὗτος
1298 4957 1314 4983 ,
1366 4906 1545 4986 ὥσπερ
1575 4903 1823 4983 ἀνωτέρω
1874 4902 2011 4981 φθά-

371 4995 559 5070 σαντες
585 5002 814 5084 ἒφημεν,
844 5003 1068 5070 ἠσκεῖτο
1099 4995 1394 5076 Θεόδωρος.

459 5181 567 5244 ΙΒ’.
597 5189 771 5240 Ταῦτα
811 5179 1024 5259 βλέπων
1072 5175 1163 5256 (4)
1191 5178 1219 5232 6
1274 5178 1420 5237 θεῖος
1478 5178 1576 5241 τῆς
1634 5168 2013 5249 Ἰεροσολύμων

456 5340 486 5384 ³
511 5337 623 5405 Isa.
657 5353 814 5402 um.
852 5338 946 5401 19.

2103 4639 2314 4698 multas
2339 4658 2544 4701 eorum
2581 4640 2844 4721 populati
2875 4650 3015 4704 sunt
3047 4637 3405 4717 provincias,
3433 4636 3735 4716 multaque

2097 4728 2279 4788 etiam
2315 4729 2585 4808 praesidia
2612 4724 3390 4807 diripuerunt.Monasieriis
3412 4743 3651 4804 quoque
3676 4724 3734 4785 in

2096 4816 2405 4879 Palaestina
2436 4817 2821 4896 ingruebant,
2881 4836 2951 4878 ac
3002 4815 3429 4877 incursabant:
3478 4830 3732 4892 quorum

2098 4905 2356 4984 primum
2388 4907 2825 4987 maximumque
2855 4904 3039 4967 divini
3091 4902 3319 4963 scilicet
3367 4899 3534 4963 Saba;
3581 4910 3726 4974 erat,

2097 4993 2158 5053 in
2193 5014 2309 5074 quo
2337 5013 2586 5074 magnus
2617 4996 2735 5066 hic,
2764 4994 2848 5054 uti
2900 4992 2962 5053 in
2993 4988 3400 5070 superioribus
3428 4988 3650 5049 dictum
3693 5006 3728 5048 a

2094 5081 2269 5144 nobis
2298 5092 2406 5157 est,
2440 5082 2790 5145 Theodorus
2823 5079 3234 5142 exercebatur.

2177 5170 2309 5236 XII.
2341 5171 2477 5235 llaec
2508 5172 2716 5233 videns
2746 5168 2979 5231 divinus
3028 5167 3126 5229 illa
3172 5163 3711 5244 Hierosolymorum

1695 5416 1796 5476 Fr.
1842 5410 2199 5476 Combeﬁsii
2241 5416 2430 5475 notae.

463 5553 546 5633 (4)
576 5562 750 5633 Ταῦτα
778 5550 1010 5633 βλέπων.
1070 5549 1175 5612 His
1229 5546 1644 5633 componenda
1690 5545 1913 5633 Mensaa
1940 5543 2013 5606 ad

367 5626 521 5697 diem
586 5635 644 5690 tt
708 5626 1013 5697 Octobris.
1084 5645 1201 5703 quo
1231 5626 1602 5700 Theophanis
1662 5626 2009 5689 memoriam

2098 5548 2271 5607 Graeci
2307 5546 2605 5604 recolunt:
2648 5551 2710 5601 ut
2746 5556 2876 5598 cum
2910 5540 3127 5604 dicunt,
3177 5538 3375 5594 missos
3415 5536 3487 5594 ad
3541 5538 3727 5596 Theo-

2096 5620 2341 5694 philum,
2380 5616 2741 5677 Theodorum
2781 5619 2837 5672 et
2885 5611 3288 5684 Theophanem
3319 5623 3349 5667 a
3404 5608 3724 5700 patriarcha
