4020 6142
177 401 303 472 665

1335 399 1522 469 νιΤΑ
1567 404 1627 467 S.
1676 400 2064 466 THEODORI
2108 396 2421 465 GRAPTI.

3452 384 3569 458 666

180 543 348 623 λόγων
404 542 558 621 αὖτῷ
632 546 961 618 κοινωνῇοαι
1031 541 1117 599 καὶ
1189 540 1421 614 ὁμιλίας·
1497 540 1575 603 τίς
1629 559 1687 595 τε
1741 538 1833 607 εἴη

1931 537 2140 601 siones.
2174 536 2400 599 Deinde
2424 534 2601 598 etiam
2633 553 2770 596 cum
2796 530 3159 607 accersiit,et
3189 527 3563 623 familiariter

181 633 608 714 πυνθανόμενον,
660 635 745 691 καὶ
809 633 924 689 ὅθεν
980 629 1126 698 ἥκειο
1184 630 1274 686 καὶ
1343 631 1391 685 τί
1448 628 1588 703 αὐτῷ
1648 626 1840 705 βούλε-

180 743 287 803 ται,
339 724 498 804 φησὶ,
554 726 619 781 τὸ
688 727 784 788 τῆς
854 720 1146 799 παῤῥησὶας
1205 718 1431 796 ἄκρατον
1499 719 1588 774 καὶ
1643 718 1839 796 ἀφύλα-

181 832 321 874 κτον.
374 811 439 870 Ὀ
484 811 544 869 δὲ
593 812 687 870 καί
738 812 835 878 τὴν
881 808 1102 887 πατρίδα
1158 810 1419 886 γνωρίζει,
1469 808 1555 864 καὶ
1582 808 1680 874 τὴν
1736 807 1842 864 ἀπὸ

182 899 546 968 Παλαιστίνης
609 898 779 966 ἄφιξιν
836 896 1184 976 ἀπαγγέλλει*
1246 898 1333 952 καὶ
1376 895 1455 952 ὅτι
1511 899 1587 972 μή
1641 896 1841 975 ἔκρινεν

184 990 602 1064 ὑποστέλλεσθαι
657 988 769 1047 δεῖν
820 990 908 1045 καὶ
960 989 1086 1063 πρὸς
1142 986 1426 1063 βασιλέως,
1474 988 1628 1054 ἡνίκα
1673 994 1837 1042 Βασι-

182 1076 269 1134 λέα
309 1077 416 1136 ἴδοι
448 1080 548 1136 τὸν
610 1079 662 1135 ἐν
702 1082 946 1157 οὖρανοῖς
992 1074 1350 1156 δϐριζόμενον.
1411 1075 1549 1133 Εἶτα
1591 1074 1841 1153 διασαφεῖ

185 1169 243 1223 τὰ
300 1170 394 1226 τοῦ
459 1167 757 1249 δόγματος
819 1165 1049 1223 διδάσκει
1093 1167 1191 1233 τὴν
1247 1169 1353 1221 τὼν
1421 1166 1574 1221 θείων
1623 1165 1837 1221 εἱκόνων

187 1258 360 1331 τιμήν·
424 1256 574 1317 ἄλλα
629 1278 688 1315 τε
768 1258 953 1330 εἰπὼν,
1014 1257 1102 1312 καὶ
1159 1257 1423 1335 προσθεὶς,
1488 1254 1568 1310 ὅτι
1640 1253 1835 1331 δεῖγμα

188 1354 333 1404 τοῦτο
372 1353 471 1405 τοῦ
532 1347 667 1424 πρὸς
713 1347 945 1425 Χριστὸν
1003 1346 1191 1421 πόθου,
1252 1345 1340 1402 καὶ
1410 1342 1667 1422 ὁμολογία
1739 1347 1835 1412 τῆς

188 1432 375 1493 ἐκείνου
461 1436 813 1512 σαρκώσεωςο
890 1433 1081 1491 ἔπειτα
1151 1434 1399 1512 καθαιρεῖ
1485 1434 1550 1490 τὰ
1636 1432 1837 1490 ἕκείνου

189 1522 561 1599 προϐλήματα,
620 1526 794 1582 πίστει
853 1531 1075 1599 Χριστοῦ
1132 1526 1218 1581 καὶ
1276 1521 1491 1596 δυνάμει
1536 1520 1696 1601 λόγου
1752 1522 1840 1580 καὶ

188 1612 504 1688 πνεύματος,
601 1612 752 1670 Ἐπεὶ
823 1612 919 1671 καί
988 1612 1204 1669 πολλῶν
1290 1612 1483 1689 μεταξὺ
1552 1612 1836 1691 ῥηθέντων,

192 1702 233 1755 οἱ
304 1701 583 1781 Θεοδώρου
637 1701 788 1780 λόγοι
860 1703 961 1770 τὴν
1034 1707 1261 1760 νικῶσαν
1334 1702 1523 1781 εἶχον,
1590 1702 1838 1778 θαυμάζει

190 1789 383 1864 πρῶτον
441 1793 471 1848 ὁ
543 1790 819 1866 βασιλεύς,
879 1795 1002 1848 εἶτα
1066 1794 1155 1848 καὶ
1197 1791 1505 1870 θεραπεόειν
1542 1792 1837 1871 ἒπιχειρεῖ,

1923 643 2058 686 eum
2091 634 2178 687 est
2207 627 2522 704 allocutus,
2556 642 2774 703 rogans
2802 624 3074 703 quisnam
3101 629 3277 695 esset,
3314 639 3382 682 ac
3414 618 3573 681 unde

1922 714 2175 790 veniret,
2212 714 2427 795 quidve
2455 713 2569 775 sibi
2601 731 2766 775 mera
2818 712 2919 776 illa
2948 721 3009 774 et
3052 711 3289 777 incauta
3328 707 3572 770 dicendi

1924 803 2171 865 libertas
2194 804 2391 866 vellet.
2429 802 2535 865 Ille
2558 810 2753 864 autem
2787 810 2845 864 et
2874 800 3172 881 signiﬁcat
3209 798 3480 880 patriam,
3513 803 3574 860 et

1923 912 2098 955 suum
2135 912 2205 955 ex
2238 892 2551 956 Palaestina
2577 892 2893 953 adventum
2924 889 3253 970 renuntiat,
3288 906 3400 952 nec
3457 885 3572 949 sibi

1923 981 2176 1045 liberum
2230 983 2544 1063 putavisse,
2579 989 2642 1044 ut
2671 982 2761 1043 vel
2814 980 3190 1062 imperatoris
3221 986 3381 1041 metu
3411 996 3444 1039 a
3473 977 3571 1038 di—

1923 1072 2098 1133 cendi
2148 1072 2417 1134 libertate
2470 1071 2834 1151 discederet,
2890 1089 3022 1131 cum
3083 1071 3301 1148 Regem
3356 1066 3459 1148 qui
3507 1066 3569 1130 in

1923 1162 2086 1223 caelis
2117 1168 2229 1238 est,
2254 1161 2470 1239 injuria
2497 1161 2701 1223 violari
2736 1161 3128 1240 conspiceret.
3166 1155 3411 1236 Deinde,
3437 1174 3570 1237 quas

1919 1251 2211 1314 doctrina:
2251 1261 2411 1325 sunt,
2450 1251 2690 1331 aperit;
2741 1251 2917 1313 docet
2954 1250 3287 1311 divinarum
3337 1246 3565 1309 cultum

1919 1339 2265 1420 imaginum.
2302 1339 2373 1402 Et
2419 1348 2553 1404 cuin
2618 1338 2729 1401 alia
2789 1339 3053 1419 dixisset,
3086 1347 3146 1400 et
3198 1337 3562 1417 adjecisset:

1919 1428 2073 1492 Ecce
2106 1430 2215 1492 hoc
2248 1429 2535 1492 indicium
2588 1430 2771 1491 nostri
2805 1429 2862 1490 in
2910 1429 3205 1492 Christum
3238 1426 3478 1499 amoris,
3510 1430 3569 1486 et

1924 1519 2361 1581 confessionem
2412 1523 2485 1580 ab
2519 1538 2588 1581 eo
2643 1526 2934 1599 susPectae
2962 1515 3157 1579 carnis
3191 1534 3207 1592 ;
3266 1525 3567 1594 postremo

1922 1608 2082 1670 illius
2116 1609 2379 1689 objecta,
2406 1608 2624 1672 Christi
2656 1608 2797 1679 ﬁde,
2817 1607 3233 1687 sermonisque
3263 1605 3477 1665 virtute
3499 1620 3568 1665 ac

1922 1698 2185 1779 spiritus,
2206 1699 2437 1763 evertit.
2469 1697 2793 1778 Postquam
2820 1695 3186 1777 autem,hinc
3210 1692 3346 1755 inde
3368 1691 3568 1754 multis

1924 1787 2154 1850 collatis
2176 1786 2851 1863 scrmonibus,'l‘heodo:
2873 1805 2942 1849 us
2964 1788 3361 1866 diSputatione
3382 1781 3567 1842 victor

192 1875 333 1954 ἄνδρα
408 1886 659 1937 τοιοῦτον
739 1881 1159 1948 ὑποποίήσασθαι
1242 1869 1693 1958 προθυμούμενος,
1732 1869 1834 1935 δι’

1931 1876 2514 1957 exstiterat,primum
2536 1871 3368 1962 miraturimperator,deinde
3389 1869 3566 1932 etiam

190 1968 244 2022 οὗ
278 1967 491 2026 πολλῶν
550 1970 883 2046 περιέσεσθκι
943 1968 1161 2033 δυνατὸς
1216 1970 1390 2031 ἔσται,
1446 1980 1518 2034 Ως
1564 1967 1617 2024 δὲ
1677 1969 1834 2048 ἀχεί-

1931 1966 2221 2028 blanditiis
2244 1966 2607 2046 aggreditur,
2642 1966 2830 2027 virum
2861 1973 3084 2027 tantum
3113 1961 3393 2025 addicere
3443 1964 3569 2048 sat-

192 2078 344 2133 ρωτον
408 2058 571 2114 αὒτὸν
624 2044 763 2135 ἑώρα
818 2071 939 2124 ταῖς
995 2058 1195 2116 ἐκείνου
1262 2056 1483 2127 λαϐαῖς,
1546 2044 1836 2137 προσετίθει

1931 2074 2126 2135 agens,
2161 2044 2496 2136 perquam
2554 2055 2772 2116 multos
2826 2064 2985 2116 esset
3041 2051 3401 2114 devicturus.
3456 2044 3566 2110 Ubi

196 2167 287 2222 γαρ
339 2148 426 2203 καὶ
481 2169 532 2202 τι
592 2154 831 2204 τοιοῦτον
889 2149 1020 2226 πρὸς
1078 2148 1260 2221 αὺτὸν,
1291 2145 1606 2221 Ἐπελάθου,
1640 2146 1834 2227 λέγων,

1931 2153 2119 2206 autem
2143 2143 2442 2223 viditejus
2457 2143 2562 2205 abs
2585 2162 2650 2205 se
2680 2142 3077 2205 constantiam
3110 2140 3274 2202 nulla
3301 2138 3356 2199 vi
3391 2153 3568 2227 posse

192 2236 285 2289 τῶν
344 2238 619 2303 συνθηκῶν
669 2238 741 2291 ὧν
799 2224 1096 2314 ἔθου-οπρὸς
1143 2240 1297 2312 Θεὸν,
1343 2235 1587 2314 βπσιλεῦ⁶
1636 2224 1836 2311 ὦνᾶρα

1931 2234 2284 2314 expugnari;
2311 2252 2445 2295 nam
2473 2242 2530 2293 et
2555 2232 2848 2313 ejusmodi
2873 2231 3176 2313 quidpiam
3202 2228 3275 2291 ad
3291 2246 3427 2288 cum
3453 2224 3565 2287 ad-

198 2325 402 2396 μεσίτης
459 2326 487 2380 ὸ
547 2325 724 2402 μέγας
778 2325 1056 2404 ἀρχιερεὺς
1111 2327 1349 2405 γέγονεν,
1409 2326 1565 2393 ἡνίκα
1615 2347 1707 2381 σου
1765 2332 1832 2402 τῇ

1931 2324 2141 2400 iecerat
2176 2344 2189 2386 :
2243 2321 2478 2387 Oblitus
2509 2341 2593 2396 es,
2630 2341 2663 2383 ο
2712 2322 3055 2402 imperator,
3096 2336 3227 2399 quas
3257 2334 3392 2382 cum
3431 2314 3566 2405 Deo

197 2410 391 2489 κεφαλῇ
454 2414 545 2468 τὸν
621 2410 896 2470 ϐασιλικὸν
970 2415 1195 2471 ἐπετίθει
1266 2404 1573 2495 στέφανονς
1646 2427 1833 2494 φεῖσαι

1931 2427 2089 2494 pacta
2111 2413 2327 2474 inieras
2362 2433 2376 2492 ;
2408 2430 2660 2494 quorum
2686 2418 2999 2492 sequester
3030 2424 3276 2487 magnus
3321 2404 3568 2466 antistes

201 2502 292 2562 τῖς
347 2502 519 2557 ἑαυτοῦ
582 2505 792 2582 ψυχῆς,
830 2504 924 2558 καί
974 2505 1063 2559 τὸν
1111 2505 1362 2581 πρότερον
1410 2505 1607 2579 κόσμον
1637 2503 1829 2566 ἀπόδος

1931 2503 2050 2574 iuit,
2085 2511 2232 2575 tum,
2288 2521 2422 2564 cum
2481 2513 2579 2563 tuo
2637 2500 2812 2581 capiti
2860 2497 3231 2580 imperialem
3284 2509 3566 2555 coronam

202 2591 267 2662 τῇ
326 2587 636 2663 Ἐκκλησίᾳο
682 2593 771 2647 καὶ
829 2590 907 2667 μή
951 2589 1221 2672 διαμάχου
1271 2599 1408 2668 Θεῷ,
1441 2600 1596 2671 κριτῇ
1651 2591 1834 2665 δικαίῳ

1931 2590 2239 2671 imposuit?
2265 2594 2451 2654 Parce
2480 2590 2695 2653 animae
2728 2600 2861 2665 tuae,
2897 2609 2965 2652 ac
2998 2594 3255 2669 priorem
3289 2596 3566 2672 ornatum

199 2678 278 2732 καὶ
321 2679 534 2758 ἰσχυρῷ,
576 2680 675 2736 κᾶν
728 2681 772 2736 εἰ
824 2681 910 2758 μὴ
957 2681 1056 2748 τὴν
1112 2669 1275 2760 όργὴν
1319 2669 1494 2760 ἐπάγη
1552 2669 1667 2739 καθ’
1700 2682 1828 2739 ἑκά-

1931 2669 2202 2743 Ecclesize
2257 2681 2548 2754 restitue;
2596 2679 2839 2760 nolique
2892 2698 3023 2740 cum
3061 2676 3206 2747 Deo,
3242 2672 3343 2751 qui
3382 2669 3566 2752 judex

200 2785 319 2834 στην
358 2768 567 2845 ἡμέραν
595 2767 679 2825 διὰ
708 2768 1008 2846 περιουσίαν
1039 2772 1439 2849 χρηστότητος.

1939 2770 2107 2831 usius
2137 2788 2205 2830 ac
2241 2779 2449 2849 potens
2477 2769 2565 2831 esi
2609 2769 2663 2844 5,
2698 2768 2808 2830 etsi
2842 2787 2961 2829 non
2992 2762 3257 2844 quotidie
3287 2760 3434 2822 iram
3477 2761 3567 2823 in-

1920 2859 2065 2937 ﬂigit
2098 2859 2259 2938 (quae
2304 2861 2433 2938 ejus
2466 2858 2747 2921 bonitatis
2798 2855 3158 2919 abundantia
3200 2850 3334 2928 est),
3371 2868 3566 2930 pugna

1924 2946 2181 3009 contend
2196 2965 2318 3011 ere.

274 3034 371 3099 υἷ’.
413 3044 595 3095 Ταῦτα
626 3038 655 3093 ὁ
711 3037 811 3112 μέν
865 3036 1004 3093 οὕτω
1046 3039 1180 3116 πρὸς
1241 3038 1400 3097 at")th
1460 3036 1839 3117 διεπαρρησιά-

2006 3034 2277 3099 χνΗωο
2303 3037 2404 3099 ille
2437 3038 2676 3119 quidem
2708 3040 2791 3101 sic
2806 3038 2959 3118 apud
2975 3054 3110 3098 eum
3138 3034 3322 3096 libere
3340 3033 3571 3095 locutus

206 3142 341 3183 σατο.
396 3124 458 3183 Ὀ
515 3124 602 3199 δέ,
660 3127 723 3182 τὸ
769 3128 1070 3205 πρόσχημα
1132 3129 1232 3193 τῆς
1294 3125 1581 3192 ἐπιεικείας
1653 3127 1841 3205 λύσας,

1931 3136 2018 3188 est
2044 3146 2057 3190 :
2094 3127 2420 3207 imperator
2441 3142 2642 3190 autem
2682 3128 2939 3191 lenitatis
2964 3131 3248 3209 praetextu
3271 3124 3485 3195 soluto,
3512 3120 3572 3180 in

206 3214 324 3288 πρὸς
356 3214 509 3292 ὀργὴν
557 3214 779 3292 ἐξήγετο
820 3219 905 3271 καὶ
937 3216 1152 3290 μανίανο
1216 3218 1302 3271 καὶ
1363 3217 1414 3271 εἴ
1473 3239 1550 3279 τις
1594 3214 1844 3293 Θεοδώρῳ

1934 3218 2078 3278 iram
2129 3216 2515 3297 furoremque
2565 3219 2782 3301 erupit,
2814 3238 2882 3280 ac
2939 3224 3128 3296 rogat,
3162 3232 3302 3275 num
3362 3209 3574 3312 aliquis

208 3302 493 3383 σύμψυχος,
558 3304 596 3372 ἢ
666 3301 919 3377 ὁμόδοξος
987 3306 1088 3365 τὴν
1174 3304 1464 3378 εὒσέὅειαν,
1562 3305 1843 3385 ἀνηρευνα.

215 3386 359 3446 Ἐπεὶ
403 3395 483 3448 οὖν
512 3399 656 3465 αὐτῷ
700 3392 837 3462 δῆλα
865 3396 952 3450 καὶ
999 3395 1063 3450 τὰ
1116 3396 1237 3471 περί
1287 3396 1585 3473 Θεοφάνους
1618 3398 1849 3466 γατέστη

221 3488 303 3537 τοῦ
350 3478 591 3562 ἀδελφοῦ,
621 3484 710 3539 καὶ
761 3482 842 3539 ὅτι
898 3480 1067 3559 μηδέν
1124 3484 1286 3549 ἧττον
1334 3489 1433 3549 τῆς
1480 3485 1683 3564 φύσεως
1740 3485 1852 3545 δια-

217 3567 381 3639 σώζων
417 3569 523 3628 ἐστὶ
587 3572 684 3628 κὰν
742 3585 859 3638 τοῖς
917 3570 1144 3649 δόγμασι
1184 3573 1244 3628 τὸ
1298 3574 1547 3651 συγγενὲς
1590 3576 1678 3631 καὶ
1724 3578 1853 3633 αὖτ-

216 3655 444 3739 άδελφον,
518 3658 770 3736 μάστιξῖν
866 3661 1196 3741 ἀμφοτέρους
1288 3661 1519 3725 κολάσας
1593 3678 1847 3744 συχναῖς,

217 3747 328 3803 εἶτα
383 3751 467 3807 καὶ
514 3752 799 3829 ὑπερορίαν
870 3751 1038 3807 αὖτῶν
1096 3751 1150 3806 ἐν
1192 3758 1268 3825 τῷ
1326 3758 1419 3806 τοῦ
1481 3753 1683 3810 Πόντου
1719 3754 1845 3811 στό-

208 3857 319 3908 ματι
388 3841 694 3917 κατακρίνει
766 3838 1019 3904 κελεύσας
1105 3840 1183 3915 μὴ
1253 3841 1461 3917 βρωτου
1541 3863 1707 3913 τινος,
1770 3844 1848 3914 μὴ

208 3933 378 4007 ποτοῦ,
438 3930 517 4004 μὴ
582 3926 893 4006 ἐνδύματος,
953 3926 1157 4003 μηδένα
1213 3936 1318 3985 τῶν
1377 3929 1598 3988 πάντων
1660 3933 1843 3996 αὐτοῖς

208 4032 487 4094 κοινωνεῖν,
569 4018 664 4074 ἶνα
734 4020 913 4097 κακοὶ,
969 4019 1149 4097 φησὶν,
1213 4017 1349 4075 οὕτω
1420 4025 1598 4084 κακῶς
1668 4019 1843 4092 ἔκτρι-

207 4099 356 4166 δεῖεν.

279 4194 395 4268 ις’.
456 4195 632 4255 Ἀλλᾶ
688 4196 780 4254 τὸν
831 4196 1080 4275 τύραννον
1133 4196 1232 4271 μὲν
1290 4196 1324 4264 ἦ
1380 4198 1538 4254 κακία
1600 4200 1848 4276 πράττειν

214 4282 361 4348 οὕτως
430 4284 723 4343 ἐδίδασκεν
798 4285 947 4343 οὗδὲν
1001 4287 1100 4365 γὰρ
1160 4286 1345 4359 κακὸν,
1394 4286 1451 4343 οὗ
1502 4289 1579 4362 μὴ
1638 4288 1849 4355 ἀνθέξε-

206 4391 281 4428 ται
327 4372 527 4439 ἄδικος.
588 4374 737 4433 Ἐπεὶ
766 4374 820 4432 δὲ
864 4375 944 4449 μὴ
988 4375 1072 4432 ἐπὶ
1117 4373 1250 4432 πολὺ
1301 4374 1400 4438 τὴν
1458 4376 1625 4454 ὃργὴν
1682 4379 1710 4433 ὁ
1768 4376 1848 4434 δί-

207 4482 319 4518 καια
374 4465 565 4540 κρίνων
608 4467 740 4530 Θεὸς
782 4462 1128 4539 ἀνεϐάλλετο,
1190 4464 1249 4520 οὗ
1294 4465 1430 4520 πολὺ
1474 4486 1534 4520 το
1577 4465 1631 4521 ἐν
1675 4467 1844 4543 μέσῳ,

1934 3305 2203 3386 ejusdem
2256 3326 2388 3368 cum
2444 3298 3007 3379 Theodo’ro'adimi,
3056 3303 3467 3386 ejusdemque,
3501 3298 3575 3360 ad

1936 3397 2111 3457 ﬁdem
2144 3396 2299 3477 quod
2346 3398 2577 3479 attinet,
2605 3418 2736 3461 cum
2772 3417 2840 3461 eo
2871 3395 3233 3460 sententiae?
3261 3392 3572 3471 Postquam

1936 3503 2072 3546 vero
2118 3487 2406 3549 intellexit
2437 3487 2512 3551 de
2559 3489 2690 3568 ejus
2740 3488 2915 3549 eiiam
2972 3487 3149 3547 fratre
3178 3482 3567 3563 Theophane,

1937 3575 2217 3655 quodque
2264 3576 2315 3637 is
2366 3595 2482 3637 non
2532 3580 2727 3639 minus
2773 3595 2946 3659 quam
3007 3582 3239 3652 natura,
3285 3569 3573 3647 dogmatis

1936 3684 2171 3745 quoque
2203 3665 2418 3726 obnixe
2449 3666 2640 3728 afﬁnis
2674 3683 3113 3746 germanusqne
3142 3659 3429 3731 consistit,
3449 3675 3568 3746 am-

1934 3752 2043 3813 bos
2072 3753 2172 3814 diu
2211 3754 2413 3831 ﬂagris
2443 3773 2655 3829 caesos,
2688 3755 2759 3815 ad
2802 3754 2968 3815 Ponti
3001 3745 3155 3814 ostia
3184 3749 3388 3811 exsilio
3410 3745 3572 3807 rele-

1931 3841 2154 3921 gandos
2182 3843 2790 3923 decernit,jubetque
2817 3843 3116 3904 nemiuem
3151 3838 3347 3901 cibum
3382 3835 3567 3897 ullum

1928 3939 2024 3992 aut
2056 3940 2279 4012 potum,
2313 3940 2410 3992 aut
2462 3930 2883 3994 vestimentum
2920 3932 3037 3992 illis
3085 3926 3372 4011 impertiri
3406 3946 3419 3988 :
3454 3941 3572 4005 quo

1930 4021 2017 4082 sic
2050 4019 2183 4081 mali
2210 4021 2362 4082 male
2395 4030 2761 4099 exterantur,
2792 4021 3005 4102 inquit.

2011 4196 2161 4262 XVI.
2214 4196 2433 4261 Verum
2482 4206 2792 4280 tyrannum
2842 4199 3084 4278 quidem
3138 4197 3251 4259 hoc
3284 4213 3347 4258 se
3396 4193 3569 4255 modo

1934 4307 2144 4368 gerere
2163 4288 2411 4350 docebat
2432 4288 2802 4370 improbitas;
2827 4288 2979 4350 nihil
3010 4286 3167 4348 enim
3192 4283 3435 4348 sceleris
3456 4289 3567 4358 est,

1935 4378 2089 4458 quod
2143 4397 2257 4438 nou
2312 4396 2610 4458 propense
2656 4378 2744 4439 vir
2792 4378 3045 4458 iujustus
3091 4375 3354 4453 arripiat.
3402 4370 3570 4444 Quod

1936 4475 2131 4528 tamen
2181 4467 2231 4529 is
2272 4467 2373 4548 qui
2413 4468 2575 4547 justa
2616 4466 2869 4547 judicat,
2905 4466 3062 4528 Deus
3104 4483 3221 4526 non
3271 4463 3370 4525 diu
3421 4462 3571 4523 iram

208 4552 283 4606 καὶ
335 4552 362 4608 ὁ
425 4555 613 4634 θηρσὶν
686 4554 844 4617 αὗτος
912 4553 1175 4628 ὀνόματός
1248 4573 1307 4609 τε
1380 4555 1467 4610 καὶ
1538 4557 1844 4634 πράγματος

1934 4557 2192 4630 differat,
2248 4576 2365 4618 non
2406 4558 2655 4619 multum
2708 4556 2994 4638 temporis
3039 4552 3401 4628 intercessit,
3432 4570 3565 4614 cum

209 4642 481 4717 κοινωνῶν,
514 4642 871 4720 συγκαταλύει
901 4647 969 4719 τῇ
1025 4640 1285 4719 τυραννίδι
1345 4642 1435 4698 τὸν
1489 4644 1625 4720 βίον.
1663 4645 1845 4701 Ἀναι-

211 4740 360 4803 ρεῖται
385 4733 483 4809 γὰρ
538 4734 643 4791 ὒπὸ
675 4730 925 4812 Μιχαὴλ,
960 4734 1006 4805 ᾧ
1065 4729 1299 4809 Τραυλὸς
1332 4733 1367 4799 ἦ
1422 4731 1713 4807 ἐπωνυμία,
1748 4758 1847 4791 και

211 4822 328 4892 ιὼς,
384 4823 531 4899 φασὶ,
581 4820 643 4876 τὸ
700 4823 866 4877 κακὸν
938 4818 1244 4894 ἐξιώμενον,
1306 4818 1508 4899 ’Πμέρα
1580 4819 1630 4877 δὲ
1690 4822 1751 4889 ἧν
1817 4826 1852 4891 ἡ

210 4908 304 4957 τῶν
357 4917 447 4964 τοῦ
505 4916 734 4981 Χριστοῦ
804 4908 1109 4986 γενεθλίων,
1168 4910 1256 4964 καὶ
1325 4910 1467 4985 αἷμα
1511 4912 1696 4971 τούτου
1760 4934 1853 4967 κε-

214 4998 397 5051 νοῦταιο
456 5001 560 5077 οὐχ
595 5001 669 5060 ὡς
721 4996 785 5065 δή
845 5020 987 5062 τινος
1046 4997 1153 5053 τῶν
1204 4999 1406 5064 νηπίων
1431 5006 1505 5073 τῷ
1536 5000 1665 5077 ὑπὲρ
1696 5002 1849 5073 ἡμῶν

214 5083 435 5161 τεχθέντι
505 5090 718 5160 Χριστῷ
786 5088 1211 5165 προσαγόμενον,
1271 5085 1392 5144 ἀλλ’
1462 5091 1536 5153 ὡς
1614 5089 1850 5167 Ἠρώδου

214 5168 422 5255 μᾶλλον,
479 5176 550 5239 εἷς
611 5174 826 5232 πολλῶν
888 5177 1051 5255 ἁγίων
1096 5180 1289 5255 ψυχῶν
1348 5174 1547 5233 ἔκτισιν
1594 5184 1698 5235 τῶν
1758 5180 1848 5236 ὐπ’

214 5254 402 5316 ἐκείνου
492 5254 943 5341 τυραννουμένωνέ
1005 5254 1207 5329 Τόπος
1250 5262 1304 5319 δὲ
1388 5264 1705 5347 ὑποδέχεται
1790 5276 1851 5331 τὸ

215 5347 381 5437 ιναγὲς
412 5352 588 5430 ἅγιος*
640 5356 751 5433 καὶ,
783 5355 828 5412 ὢ
876 5362 985 5412 τῶν
1015 5363 1106 5414 τοῦ
1153 5354 1284 5411 Θεοῦ
1326 5356 1477 5412 θείων
1531 5355 1853 5437 χριμάτωνῗ

214 5435 327 5493 αὗτό
378 5463 516 5518 φημι
572 5444 634 5500 τὸ
688 5446 1084 5523 θυσιαστήριον,
1144 5444 1203 5501 οὗ
1248 5465 1305 5500 τε
1363 5448 1519 5509 αὐτὸς
1570 5435 1851 5522 κατεψεύ-

219 5542 351 5637 ζατο,
396 5530 486 5593 τὰς
532 5533 795 5602 συνθήκας
832 5529 1025 5613 διδοὺς,
1059 5530 1229 5608 μηδὲν
1294 5538 1393 5588 τῶν
1423 5535 1576 5615 ἱερῶν
1638 5535 1846 5615 δογμά-

289 5683 320 5736 ⁸
350 5684 501 5755 Paul.
534 5705 642 5771 vn,
676 5689 777 5755 12.

1935 4647 2065 4719 iste,
2099 4646 2192 4706 cui
2239 4656 2299 4708 et
2348 4665 2568 4707 nomen
2596 4665 2728 4706 cum
2767 4646 2971 4708 bestiis
3013 4662 3329 4706 commune
3360 4651 3416 4703 et
3448 4642 3576 4721 ipsa

1934 4735 2143 4813 agendi
2193 4734 2366 4815 ratio,
2400 4752 2515 4796 una
2545 4753 2677 4795 cum
2722 4733 3030 4815 tyrannide
3081 4735 3253 4793 vitam
3306 4732 3457 4793 (init.
3493 4730 3574 4792 De

1938 4824 2129 4884 medio
2155 4824 2313 4885 enim
2337 4843 2369 4885 ει
2396 4823 2679 4885 Michacle
2703 4822 2877 4884 Balbo
2903 4822 3189 4884 sublatus:
3222 4820 3369 4882 Male
3394 4820 3568 4894 malo,

1937 4913 2122 4986 aiunt,
2152 4911 2498 4976 adhibitum.
2550 4912 2907 4974 remedium.
2943 4910 3157 4972 Christi
3189 4910 3318 4971 dies
3356 4907 3577 4969 Natalis

1936 5011 2084 5075 erat,
2114 5005 2365 5081 ejusque
2396 5002 2634 5080 sanguis
2665 5001 2989 5062 eiiunditur
3018 5024 3033 5071 ;
3084 5017 3199 5059 non
3233 5004 3296 5057 ut
3323 4996 3574 5075 alicujus

1935 5108 2001 5150 ex
2037 5090 2378 5165 infantibus,
2414 5089 2513 5170 qui
2544 5090 2665 5152 Deo
2712 5107 2818 5169 pro
2847 5088 3019 5150 nobis
3051 5096 3189 5147 nato
3234 5084 3571 5160 offerretur,

1934 5179 2037 5240 sed
2091 5180 2284 5258 potius
2335 5188 2398 5240 ut
2448 5178 2724 5255 Herodis,
2754 5178 2826 5239 ad
2876 5176 3190 5238 multarum
3234 5183 3573 5235 sanctarum

1934 5268 2287 5337 animarum,
2315 5287 2462 5349 quas
2491 5268 2589 5329 ille
2625 5285 2729 5347 per
2761 5265 2878 5328 vim
2925 5262 3320 5346 opprimebat,
3357 5261 3573 5324 eluen-

1933 5357 2067 5419 dam
2103 5375 2357 5437 pwnam.
2394 5360 2767 5437 Suscipitque
2795 5356 2959 5419 locus
2988 5362 3226 5416 sanctus
3250 5351 3570 5432 piaculum,

1932 5455 1991 5508 et
2020 5447 2078 5526 (ο
2108 5446 2548 5527 divinajudicia
2595 5448 2630 5523 ε)
2678 5448 2826 5524 ipsa,
2859 5446 3123 5525 inquam,
3154 5460 3280 5517 ara,
3307 5441 3365 5503 in
3398 5460 3574 5522 quam

1930 5535 2033 5598 ille
2083 5538 2359 5599 mentitus
2408 5550 2557 5614 erat,
2594 5536 2890 5628 pollicitus
2945 5532 3092 5596 nihil
3140 5550 3204 5595 se
3255 5549 3324 5595 ex
3386 5529 3573 5595 sacris
