4056 6142
328 312 449 384 669

1475 315 1659 384 VITA
1703 319 1761 382 S.
1812 316 2201 383 THEODORI
2244 318 2552 384 GRAPTI.

3567 312 3685 387 670

330 452 548 510 ἆτώνων
595 446 929 539 γενόμενος.¹
964 452 1256 527 Παρίστησι
1312 450 1366 508 δὲ
1437 454 1504 515 τὰ
1558 453 1757 510 inchoo
1814 452 1975 510 πλέον

2063 453 2304 514 eti'ectus
2337 470 2442 533 per
2464 471 2534 514 ea
2561 471 2697 533 quas
2724 450 2872 515 obiit
2917 471 3024 534 pro
3073 451 3308 517 Christo
3337 453 3682 519 certamina.

330 545 364 611 ἡ
424 542 763 621 πολυήμερος
821 542 888 610 ἣν
956 540 1158 609 ὓπέστη
1217 543 1435 622 φρουρὰ,
1493 544 1582 601 καὶ
1624 543 1689 598 τὰ
1723 540 1969 619 πολυειδῇ

325 636 432 689 τῶν
474 629 768 712 κολάσεων,
803 630 837 687 ἃ
896 645 1026 696 παῖς
1077 633 1220 709 παρὰ
1273 634 1467 712 πατρὸς
1499 631 1662 712 μέχρι
1690 637 1790 700 τῆς
1821 630 1968 711 δεῦρο

320 720 720 802 διαδεχόμενοι,
779 721 951 792 λήθης
1007 742 1064 779 τε
1124 724 1363 801 ἀνώτερα
1416 721 1656 801 γενέσθαι
1731 726 1816 780 καὶ
1871 722 1966 780 δο-

318 815 477 880 θῆναι
506 812 684 892 γραφῆ
715 812 1038 883 πεποιήκασι
1050 857 1062 871 .

404 1071 491 1144 κ’.
551 1081 759 1140 Τούτων
806 1079 872 1148 δὴ
927 1087 1032 1138 τῶν
1107 1079 1378 1138 κολάσεων
1440 1080 1631 1138 πολλοὶ
1690 1082 1789 1159 μὲν
1860 1082 1967 1139 τῶν

319 1170 686 1252 συσχεθέντων
715 1172 1046 1250 ἡττήθησαν,
1094 1169 1191 1228 κᾶν
1248 1171 1285 1236 ³η
1332 1169 1659 1245 μεταμέλεια
1709 1174 1809 1240 τὴν
1858 1173 1963 1239 ἧτ-

319 1283 416 1319 τον
474 1259 851 1339 ἀνεμαχέσατο
904 1259 991 1338 (8)
1024 1276 1038 1291 °
1096 1261 1145 1316 οἱ
1203 1258 1415 1325 πλείους
1467 1258 1522 1316 δὲ
1578 1257 1663 1316 διὰ
1723 1261 1819 1329 τὴν
1874 1260 1965 1317 ἐλο

321 1348 473 1424 πίδα,
506 1350 714 1407 καὶτὸν
745 1350 818 1413 εἷς
879 1350 1104 1428 Χριστὸν
1156 1349 1342 1424 πόθον,
1403 1352 1627 1426 εύγενῶς
1700 1351 1966 1430 κατεφρό-

323 1462 496 1507 νησαν
530 1454 544 1470 ’
605 1438 720 1513 μεθ’
777 1439 852 1496 ὧν
904 1438 1001 1495 καΐ
1060 1442 1089 1496 ὁ
1129 1439 1376 1519 θεοφόρος
1434 1439 1586 1505 οὗτος
1630 1440 1787 1520 ἀνὴρ,
1834 1440 1968 1516 μετὰ

323 1539 419 1589 τοῦ
474 1526 639 1604 μηδὲν
702 1526 960 1609 ἐνδοῦναι,
1003 1530 1134 1605 πρὸς
1181 1529 1273 1595 τὰς
1323 1528 1788 1608 ἐπαγγελλομένας
1820 1532 1967 1598 εὔερ-

328 1619 538 1696 γεσίας,
598 1615 673 1673 ἔτι
726 1619 816 1675 καὶ
867 1631 983 1683 τοῖς
1040 1621 1190 1693 ἱμᾶσι
1249 1618 1715 1694 καταξαινόμενος,
1772 1616 1969 1692 οὔμεν-

333 1729 425 1767 ουν
473 1706 620 1764 εἴποι
674 1729 753 1770 τις
811 1705 943 1774 ὅσην
1004 1706 1302 1773 ἐπεδείξατο
1359 1708 1458 1775 τὴν
1513 1711 1809 1788 καρτερίαν,
1852 1722 1969 1771 τοῖς

331 1796 674 1854 συναθλοῦσιν
729 1796 1033 1877 ἀρχέτυπον
1094 1797 1389 1873 δπομονῆς,
1463 1802 1523 1858 οὗ
1579 1799 1677 1866 τὴν
1737 1799 1970 1873 μίμησιν

332 1885 577 1965 εὐπετὲς,
633 1887 937 1964 γινόμενος.
1001 1885 1220 1961 Ἀμέλει
1274 1889 1361 1944 καὶ
1418 1894 1510 1944 τοῦ
1566 1887 1813 1962 σώματος
1870 1885 1972 1955 ἤδη

330 1972 742 2041 καταξανθέντος
799 1976 941 2050 αὖτῴ
997 1989 1121 2039 ταῖς
1198 1974 1453 2052 μάστιξι,
1517 1979 1604 2035 καὶ
1673 1977 1865 2053 αἵματι
1914 1979 1975 2034 τὸ

331 2062 524 2146 ἔδαφος
550 2065 976 2144 ἐπιχρώσαντος,
1009 2066 1166 2130 αὐτὸς
1197 2069 1269 2132 ὡς
1321 2065 1566 2142 οὖδεμίαν
1622 2069 1728 2124 τῶν
1785 2066 1973 2144 ἀλγει-

331 2160 438 2211 νῶν
496 2151 748 2221 αἴσθησιν
803 2156 1119 2236 ὑπομείνας,
1183 2157 1417 2227 εἱστήκει
1474 2159 1670 2233 γυμδὸς
1726 2157 1780 2212 ἐν
1829 2157 1975 2231 μέσῳ

332 2250 427 2301 τοῦ
483 2244 752 2321 βήματος,
808 2243 990 2322 ὥσπερ
1044 2247 1148 2302 τινὶ
1198 2248 1389 2321 κόσμῳ
1444 2262 1564 2311 ταῖς
1613 2246 1857 2322 πληγαῖς
1885 2248 1974 2323 ἐγ-

333 2331 827 2409 καλλωπιζόμενος,
889 2336 976 2393 καὶ
1042 2334 1256 2414 θέατρον
1334 2334 1472 2394 οὕτω
1556 2338 1643 2393 καὶ
1725 2335 1973 2414 ἀγγέλοις

338 2427 426 2479 καὶ
474 2423 783 2500 ἀνθρώποις,
816 2425 952 2481 κατὰ
1008 2424 1237 2497 Παῦλον,
1291 2426 1594 2504 γινόμενος.
1652 2432 1756 2484 Τοῦ
1808 2424 1977 2502 ἐπάρ-

342 2533 449 2591 χου
488 2509 540 2568 δὲ
588 2514 682 2581 τὴν
732 2513 982 2589 ἐπίμονον
1031 2515 1229 2582 ταύτην
1284 2516 1558 2593 γύμνωσιν
1609 2512 1975 2595 δυσχεράναν-

2053 541 2214 604 illius
2237 560 2412 623 porro
2453 541 2858 605 fortitudinem
2906 543 3089 606 animi
3115 544 3519 626 invictamque
3544 564 3693 609 con-

2051 633 2330 696 stantiam
2365 635 2551 713 magis
2582 634 3054 716 osteni‘lit,quem
3082 637 3350 698 toleravit
3378 635 3693 701 diuturnus

2051 741 2280 798 carcer,
2316 721 2597 803 variaque
2630 730 3061 786 tormentorum
3093 744 3336 805 genera,
3364 744 3500 806 quae
3539 725 3693 788 ﬁlius

2049 830 2084 874 a
2117 820 2302 892 patre,
2337 811 2397 873 in
2430 813 2589 874 hunc
2641 831 2835 891 usque
2895 813 3054 876 diem
3112 806 3511 898 suscipientes
3544 814 3694 877 obli-

2050 901 2222 964 vione
2252 905 2558 981 superiora
2586 903 3015 984 praestiterunt,
3045 911 3105 965 et
3134 911 3195 967 ut
3235 906 3456 986 scripto
3486 902 3691 968 consi—

2048 999 2395 1072 gnarentur,
2431 998 2707 1055 auctores
2740 993 3007 1057 fuerunt.

2126 1081 2256 1145 XX.
2287 1080 2374 1143 Ab
2406 1080 2499 1143 his
2524 1081 2860 1163 suppliciis,
2891 1083 3062 1146 multi
3111 1083 3352 1165 quidem
3386 1103 3452 1146 ex
3486 1083 3560 1145 iis
3589 1084 3691 1166 qui

2050 1172 2469 1252 comprehensi
2488 1172 2855 1252 erant,victi;
2881 1173 3117 1235 tametsi
3142 1173 3488 1255 poenitentia
3511 1192 3692 1255 repao

2049 1275 2179 1325 rata
2213 1260 2501 1343 pugna,id
2521 1261 2978 1343 resarciit,quod
3001 1263 3132 1324 victi
3161 1263 3527 1326 exstiterant:
3554 1262 3690 1344 plu—

2054 1369 2151 1411 res
2200 1370 2340 1414 vero
2388 1369 2495 1432 spe
2525 1351 2770 1413 animati
2819 1369 2884 1412 ac
2946 1353 3004 1414 in
3065 1352 3364 1416 Christum
3396 1352 3692 1414 desiderio

2051 1459 2349 1521 generoso
2384 1441 2643 1520 fortique
2690 1441 2887 1503 animo
2934 1449 3444 1522 contempserunt,
3476 1441 3695 1523 quibus

2053 1550 2188 1593 cum
2223 1531 2319 1592 hic
2350 1549 2586 1612 quoque
2618 1530 2852 1592 divinus
2884 1531 2995 1606 vir,
3029 1531 3247 1593 nedum
3302 1531 3452 1593 nihil
3485 1531 3695 1594 oblatis

2053 1620 2234 1683 cessit
2268 1621 2641 1692 muneribus,
2678 1620 2782 1682 sed
2817 1629 2877 1683 et
2898 1620 3110 1701 ﬂagris
3141 1638 3209 1684 ac
3235 1620 3584 1683 verberibus
3615 1620 3694 1682 la-

2054 1718 2312 1785 ceratus,
2348 1729 2528 1774 nemo
2561 1710 2731 1773 facile
2773 1710 2930 1772 dicat
2977 1718 3251 1790 quantam
3283 1710 3690 1773 fortitudinem

1997 1831 2034 1881 3
2055 1801 2661 1876 ostenderit,eﬂ'ectus
2690 1800 3127 1881 compngilibus
3157 1800 3458 1882 patientiae
3486 1806 3691 1863 exem-

2059 1891 2186 1973 plar
2207 1890 2524 1972 ejusmodi,
2558 1890 2714 1972 quod
2747 1908 2902 1971 {egre
2960 1891 3092 1971 quis
3138 1890 3424 1952 imitando
3456 1890 3695 1971 assequi

2059 1981 2264 2061 possit.
2300 1982 2569 2061 Denique
2622 1998 2756 2054 cum
2814 1987 2871 2042 et
2917 1998 3169 2060 corpore
3192 1980 3315 2059 jam
3348 1977 3698 2041 verberibus

2058 2069 2188 2132 dire
2202 2071 2461 2133 lacerato
2476 2071 2623 2148 ,ejus
2644 2087 2856 2132 cruore
2872 2070 3065 2132 solum
3082 2068 3699 2149 commanderet,ipse

2056 2160 2220 2223 velut
2242 2160 2402 2222 nullo
2426 2159 2648 2222 doloris
2693 2178 2877 2222 sensu
2921 2161 3242 2234 sustinens,
3278 2159 3339 2220 in
3370 2159 3567 2221 medio
3590 2158 3695 2239 ju-

2057 2249 2198 2312 dicii
2224 2249 2353 2311 loco
2374 2248 2567 2311 nudus
2590 2248 2806 2329 stabat,
2841 2248 2996 2310 haud
3017 2267 3191 2311 secus
3209 2266 3279 2311 ac
3297 2247 3519 2310 mundo
3552 2266 3700 2329 quo-

2058 2338 2192 2400 dam
2219 2337 2403 2418 plagis
2426 2338 2739 2417 magniﬁce
2776 2337 3065 2417 glorians,
3089 2345 3268 2419 atque
3297 2339 3358 2399 in
3391 2355 3526 2398 eum
3563 2355 3697 2397 mo-

2058 2427 2225 2499 dum,
2259 2427 2345 2487 uti
2375 2425 2592 2489 Paulus
2619 2434 2829 2487 auctor
2873 2433 2965 2487 est
2990 2424 3043 2501 6,
3078 2424 3479 2506 spectaculum
3511 2423 3699 2485 factus

2061 2524 2120 2577 et
2149 2515 2375 2593 angelis
2398 2523 2457 2577 et
2499 2514 2863 2577 hominibus.
2893 2513 3174 2578 Praefecto
3199 2522 3395 2575 autem
3420 2530 3576 2589 aegre
3606 2511 3696 2573 fe-

343 2622 454 2676 τος,
517 2600 681 2681 Ἐγὼ,
738 2605 921 2682 φησὶν,
986 2605 1013 2660 ὁ
1077 2604 1354 2679 ἀθλητὴς,
1411 2604 1496 2662 ἐπὶ
1552 2605 1722 2678 τούτῳ
1779 2607 1975 2682 γυμνὸς

2063 2615 2234 2666 rente
2250 2604 2407 2681 quod
2432 2604 2518 2665 sic
2541 2605 2642 2665 diu
2693 2605 2886 2667 nudus
2909 2606 3300 2667 consisteret:
3329 2601 3471 2682 Ego,
3507 2599 3699 2683 inquit

338 2690 590 2770 ἵσταμαι,
656 2691 729 2748 ἵν’
789 2693 840 2748 ε⁹ί
872 2715 989 2750 τινα
1019 2699 1126 2750 τῶν
1168 2693 1412 2760 ἀθλητῶν
1470 2694 1801 2769 ὲπικαμόντα
1860 2708 1975 2756 τοῖς

2063 2695 2304 2775 athleta,
2336 2693 2564 2756 ielcirco
2625 2695 2824 2757 nudus
2879 2713 2988 2756 ceu
3040 2712 3146 2775 pro
3196 2709 3377 2754 arena
3406 2698 3518 2765 sto,
3553 2698 3618 2750 ut
3647 2689 3698 2751 si

335 2778 605 2858 ἀλγεινοῖς
660 2781 931 2857 θεάσωμαι
964 2828 981 2856 ,
1045 2784 1106 2839 τὸ
1166 2783 1365 2839 ἐκείνου
1440 2782 1711 2860 ὑστέρημα
1782 2783 1834 2839 ἐν
1905 2789 1975 2855 τῷ

2063 2801 2242 2864 quem
2268 2784 2529 2863 pugilum
2555 2784 2863 2847 doloribus
2894 2784 3265 2847 fatiscentem
3298 2796 3693 2860 conspexero,

336 2870 452 2946 ἐμῷ
496 2870 708 2947 σώματι
765 2873 1015 2953 εὐψύχως
1073 2872 1466 2952 ἆναπληρὼσω.
1530 2872 1663 2951 Εὖγε
1732 2878 1832 2939 τῆς
1890 2881 1975 2931 τοῦ

2064 2874 2224 2953 quod
2256 2872 2341 2933 illi
2374 2873 2636 2948 deest,in
2672 2892 2803 2935 meo
2836 2891 3088 2954 corpore
3129 2882 3291 2935 certa
3318 2869 3697 2933 animositate

333 2959 523 3037 ἀνδρὸς
596 2963 870 3040 καρτερίας
902 3009 919 3037 ,
979 2967 1080 3031 τῆς
1140 2961 1433 3041 παῤῥησίας
1472 3010 1485 3037 ,
1545 2966 1643 3029 τῆς
1701 2964 1832 3039 πρὸς
1889 2964 1975 3019 τὸν

2063 2964 2415 3043 adimpleam
2445 2965 2497 3028 7.
2529 2965 2690 3044 Euge
2718 2965 2826 3026 viri
2860 2959 3701 3039 tolerantiam,dicendiliber-

334 3051 617 3118 Δεσπότην
643 3054 975 3128 θερμότητος
1002 3052 1017 3112 1

2064 3059 2266 3132 tatem,
2302 3072 2440 3133 erga
2473 3055 2787 3116 Dominum
2817 3054 3135 3116 fervorem.

415 3140 551 3203 KA’.
619 3139 782 3197 Πάλιν
839 3144 928 3198 οὖν
981 3142 1142 3222 εἶχεν
1194 3142 1382 3207 αὖτοὺς
1428 3145 1464 3211 ἡ
1506 3142 1775 3220 ὑπερορία,
1811 3143 1975 3199 οἰκεῖν

2142 3142 2298 3207 XXI.
2325 3145 2552 3206 Rursus
2579 3145 2777 3226 itaque
2809 3144 3019 3206 exsilio
3051 3144 3394 3221 relegantur
3424 3137 3482 3200 in
3527 3137 3697 3201 insu-

332 3232 496 3297 νῆσον
550 3230 614 3298 ἢν
673 3231 889 3298 σύνηθες
950 3229 1230 3313 Ἀφουσίαν
1283 3232 1494 3310 καλεῖν,
1547 3231 1975 3310 κατακριθέντας.

2063 3233 2206 3308 lam,
2241 3253 2413 3315 quam
2444 3236 2598 3315 vulgi
2655 3234 3136 3315 usu’Aphusiam
3172 3238 3400 3294 vocant.
3454 3229 3527 3290 At
3555 3228 3697 3310 quid

337 3316 511 3375 Ἀλλὰ
551 3319 599 3373 τί
638 3342 731 3393 μοι
788 3321 847 3376 τὰ
892 3308 1126 3377 ἐντεύθεν
1178 3308 1614 3399 ἀπαριθμεῖσθαι,
1666 3308 1759 3384 τας
1804 3320 1975 3399 φυλα-

2064 3308 2315 3385 interest
2363 3341 2431 3384 ea
2464 3308 2824 3404 percensere
2856 3308 2987 3405 quis
3041 3322 3259 3386 exinde
3289 3326 3494 3382 secuta
3534 3308 3698 3399 sunt,

343 3408 466 3481 κὰς,
512 3408 576 3463 τὰ
616 3409 861 3489 ναυάγια,
907 3412 997 3466 τὸν
1043 3409 1222 3486 λιμὸν,
1270 3413 1364 3476 τὰς
1407 3412 1634 3481 ἡλιακὰς
1677 3413 1972 3486 ἐκκαύσεις,

2063 3430 2361 3494 carceres,
2395 3414 2717 3494 naufragia,
2750 3412 3143 3489 famem,solis
3174 3410 3696 3481 ardores,noctnr-

339 3498 435 3560 τὰς
492 3501 792 3570 νυκτερινὰς
849 3498 1051 3575 ψύξεις,
1097 3501 1192 3564 τὰς
1250 3500 1558 3583 ἐπιϐουλὰς,
1630 3505 1724 3567 τὰς
1771 3505 1975 3561 ἐπανα-

2063 3520 2206 3563 num
2239 3502 2447 3578 frigus,
2488 3503 2760 3583 insidias,
2795 3504 3173 3581 insurgentes
3210 3497 3501 3580 procellas
3525 3503 3699 3577 atque

333 3587 549 3647 στάσεις
583 3634 601 3665 ,
643 3588 765 3652 τοὺς
828 3588 942 3646 καθ’
1004 3589 1204 3665 ἡμέραν
1275 3591 1529 3655 θανάτους
1564 3635 1582 3664 ,
1630 3595 1721 3659 τὰς
1764 3592 1975 3669 πληγὰς

2063 3591 2338 3666 iusultus,
2374 3590 2749 3672 quotidianus
2789 3600 3031 3669 mortes,
3068 3588 3322 3668 repetita
3352 3584 3603 3648 verbera
3633 3603 3702 3646 ac

335 3675 523 3748 πάλιν,
572 3677 689 3737 τοὺς
737 3674 1078 3758 ῥαϐδισμοὺς,
1119 3681 1216 3736 καί
1273 3680 1337 3736 τὰ
1403 3680 1498 3735 ἐπὶ
1569 3680 1763 3759 κόρρης
1818 3682 1975 3758 ῥαπί-

2067 3680 2454 3760 plagas,cazsa
2478 3700 2579 3741 ora
2598 3695 2781 3762 atque
2800 3682 3122 3760 colaphos?
3141 3682 3428 3743 Caeterum
3455 3674 3607 3754 quod
3644 3681 3702 3735 et

334 3787 570 3841 σματα;
637 3766 784 3835 Πλὴν
842 3765 922 3823 ὅτι
967 3770 1053 3825 καὶ
1098 3775 1262 3825 ταῦτα
1320 3770 1679 3849 τρυφήσαντες
1744 3771 1881 3846 μετά
1921 3790 1982 3847 γε

334 3857 437 3922 τῆς
491 3854 832 3933 πολυημέρου
900 3857 1175 3935 ὑπερορίας
1212 3905 1228 3929 ,
1287 3856 1431 3915 δυσὶν
1498 3859 1712 3936 ὕστερον
1763 3862 1981 3939 χρόνοις

336 3946 497 4021 μόνοι
553 3951 659 4001 τῶν
718 3944 895 4002 ἄλλων
951 3947 1053 4003 ὑπὸ
1121 3945 1385 4023 βασιλοκῷ
1455 3947 1774 4024 κελεύσματι
1843 3949 1982 4027 φθά-

336 4055 485 4090 νουσι
544 4035 644 4102 τὴν
712 4034 1289 4095 Κωνσταντινούπολιν.
1350 4037 1527 4114 ’Ἔρως
1578 4038 1675 4115 γὰρ
1719 4038 1848 4117 εἶχε
1892 4038 1981 4093 τὸν

333 4121 587 4199 βασιλέα,
643 4122 742 4180 κᾶν
788 4125 936 4188 κενὸς
995 4123 1061 4191 ἦν
1114 4127 1202 4181 καὶ
1261 4126 1511 4200 μάταιος,
1573 4126 1841 4202 Θεόδωρον
1883 4126 1984 4198 δή·

332 4235 443 4270 που
518 4214 607 4269 καὶ
683 4214 956 4293 Θεοιράνην
1041 4215 1107 4270 τὰ
1194 4213 1324 4272 αὐτὰ
1411 4215 1596 4291 ἐκείνῳ
1662 4225 1983 4295 φρονοῦντας

335 4301 517 4382 ἔχειν,
580 4303 615 4371 ἢ
674 4305 886 4360 πάντων
928 4304 1116 4383 ἄρχειν
1174 4325 1303 4382 προς
1361 4303 1509 4364 οὐδὲν
1554 4305 1697 4378 αὖτῷ
1739 4305 1985 4387 διαφερο-

337 4414 516 4468 μενων
525 4435 538 4451 ι

423 4480 558 4544 ΚΒ’.
611 4478 777 4538 Ἀλλὰ
820 4481 918 4559 γὰρ
976 4480 1119 4547 ἄξιον
1161 4484 1227 4539 τὰ
1271 4483 1394 4550 ἑξῆς
1436 4481 1504 4540 δι’
1550 4485 1721 4541 αὐτῶν
1765 4484 1980 4542 ἐκείνων

330 4576 439 4627 τῶν
481 4576 579 4637 τῆς
637 4569 930 4638 ἐπιστολῆς
989 4569 1227 4639 δηλῶσαι
1285 4572 1566 4651 ῥημάτων,
1600 4573 1688 4635 οἷς
1719 4575 1748 4630 ὁ
1789 4576 1983 4654 θεοφόο

335 4682 427 4739 ρος
471 4660 622 4724 οὗτος
668 4658 936 4731 Θεόδωρος
965 4662 1147 4730 κοινὴν
1178 4662 1290 4736 ἅμα
1342 4667 1420 4735 τῷ
1466 4660 1678 4743 ἀδελφῷ
1733 4666 1984 4729 συντιθεὶς

337 4751 443 4818 τὴν
503 4749 818 4825 ἐπιστολὴν,
879 4749 1102 4827 Ἰωάννῃ
1157 4758 1234 4825 τῷ
1275 4757 1375 4819 τῆς
1439 4752 1572 4808 κατὰ
1624 4752 1842 4824 Κύζικον
1891 4753 1986 4811 ἐκ·

344 4839 573 4907 ἠησῖας
631 4837 890 4918 προέδρῳ,
925 4841 1016 4896 καὶ
1045 4841 1121 4902 τῶ
1151 4838 1326 4914 λοιπῷ
1377 4839 1574 4911 πλήθει
1622 4847 1726 4897 τῶν
1770 4842 1983 4911 ὀρθοδό-

344 4930 448 4998 ξων
502 4927 786 4986 ἐπέστελλε
820 4975 836 5003 ,
893 4929 959 4987 τὰ
1012 4930 1189 4987 οἰκεῖα
1261 4928 1569 5008 καταλέγων
1630 4931 1774 4998 πάθη
1808 4978 1825 5006 ,
1887 4931 1984 4987 ὅσα

422 5062 459 5114 6
486 5060 511 5126 Ῑ
538 5064 673 5128 Cor.
708 5080 788 5144 iv,
818 5064 881 5128 9.
964 5062 995 5114 τ
1025 5061 1253 5129 Coloss.
1286 5084 1327 5142 1,
1362 5063 1466 5127 21.

2066 3768 2187 3842 illa.
2223 3770 2503 3849 longique
2519 3788 2818 3832 aerumnas
2841 3769 3031 3831 exsilii
3054 3766 3266 3848 gaudio
3291 3762 3700 3836 ferrent,duo-

2068 3860 2178 3919 bus
2219 3867 2349 3939 post
2398 3859 2592 3928 annis.
2628 3860 2737 3920 soli
2771 3878 2839 3920 ex
2901 3858 3035 3919 aliis
3094 3854 3474 3939 imperatoris
3527 3851 3698 3933 jussu

2062 3948 2639 4029 Constantinopolim
2673 3947 3159 4028 veninnt.Majori
3190 3946 3371 4024 enim,
3408 3941 3516 4004 etsi
3547 3958 3700 4003 vano

2064 4056 2132 4099 ac
2160 4037 2675 4118 inani,imperator
2697 4037 2998 4100 desiderio
3029 4035 3366 4110 tenebatur,
3393 4039 3451 4094 ut
3474 4031 3706 4093 scilicet

2066 4125 2447 4188 Theodorum
2465 4145 2534 4187 ac
2555 4126 2981 4205 Theophanem
3008 4143 3123 4187 una
3145 4142 3351 4187 secum
3379 4121 3709 4184 sentientes

2068 4216 2723 4298 nancisceretur,quam
2750 4222 2810 4276 ut
2843 4216 3158 4278 universos
3188 4231 3308 4274 sua:
3339 4212 3582 4273 ditionis
3618 4217 3706 4269 te-

2070 4314 2265 4387 neret,
2300 4307 2658 4389 quibuscum
2713 4305 2876 4368 nulla
2925 4306 2976 4367 ei
3030 4305 3377 4386 opinionum
3414 4299 3711 4362 dissensio

2006 4415 2046 4464 ι)
2066 4402 2212 4457 erat.

2146 4483 2654 4549 XXIIEnimvero
2670 4503 2867 4566 operae
2883 4481 3138 4565 pretium
3161 4481 3260 4556 sit,
3279 4498 3410 4561 qua:
3424 4477 3710 4557 deinceps

2066 4576 2544 4654 sequuntur,illis
2566 4575 2709 4645 ipsis
2726 4574 2919 4637 verbis
2935 4575 3064 4652 ejus
3078 4570 3359 4648 Epistulae
3377 4568 3705 4641 declarare,

2070 4683 2244 4743 quam
2270 4683 2382 4725 una
2407 4683 2541 4725 cum
2564 4664 2746 4725 fratre
2769 4664 3011 4723 divinus
3036 4661 3130 4722 hic
3155 4661 3506 4723 Theodorus
3537 4675 3706 4718 com-

2072 4771 2315 4824 munem
2347 4751 2962 4834 componens,Joanni
2988 4750 3273 4831 Cyziceno
3305 4749 3606 4827 episcopo,
3642 4764 3711 4806 ac

2068 4843 2317 4924 reliquae
2335 4843 2797 4905 orthodoxorum
2820 4837 3478 4924 multiludini,scripsit;
3501 4853 3710 4924 aerum-

2068 4949 2176 4993 nas
2197 4922 2331 4993 suas
2354 4947 2812 5005 enumerans,ac
2835 4946 3209 5009 quaecunque
3240 4943 3342 4988 eos
3370 4923 3518 4985 mala
3554 4922 3709 4983 ferre

1665 5146 1765 5207 Fr.
1798 5144 2156 5210 Combetlsii
2199 5150 2387 5209 notae.

426 5276 513 5358 (8)
569 5268 665 5358 -Ἡ
751 5277 1070 5358 μεταμέλεια
1151 5279 1255 5358 τὴν,
1330 5277 1495 5345 ἧτταν
1582 5276 1975 5358 ᾂνεμαχὲσατο.

337 5354 511 5426 Velut
564 5354 881 5413 instaurate
938 5356 1151 5426 praelia,
1212 5357 1449 5414 victores
1485 5371 1515 5414 ο
1565 5354 1976 5415 οιεᾶο’ὀῆοοὶι.

341 5425 487 5500 Quae
512 5426 635 5500 ejus
668 5429 821 5500 vocis
851 5425 980 5500 trita
1032 5430 1283 5498 acceptio
1321 5428 1615 5500 _est._Hinc
1653 5427 1804 5500 apud
1842 5427 1980 5487 Plu-

341 5498 536 5561 tarch.
572 5497 631 5559 in
682 5497 980 5578 Apophth.
1032 5497 1393 5577 cum’Argivi
1433 5497 1729 5578 dicerent,
1763 5517 1829 5561 se
1878 5502 1976 5569 τὴν

340 5578 602 5660 προτέραν
658 5577 822 5660 ἧτταν
874 5578 1273 5660 ἀναμαχεῖσθαι
1311 5623 1329 5654 ,
1409 5577 1555 5641 dixit
1613 5578 1855 5660 quidam
1914 5599 1979 5641 se

345 5657 546 5716 mirari
579 5670 653 5715 an
685 5657 925 5715 duarum
972 5657 1321 5731 syllabarum
1351 5657 1684 5719 accessione
1709 5660 1839 5719 tacti
1890 5676 1981 5721 es-

2062 5286 2190 5338 sent
2227 5280 2511 5352 fortiores.
2544 5290 2714 5348 quam
2746 5282 2913 5332 antea
2951 5289 2965 5331 :
3012 5285 3219 5352 nempe
3254 5267 3586 5352 intelligens.
3634 5269 3711 5351 de

2063 5349 2484 5430 praepositione
2520 5340 2617 5406 ἀνὰ
2653 5366 2783 5429 quae
2811 5354 2896 5408 sic
2956 5340 3213 5430 ex_t_r_al_i_it
3243 5340 3706 5430 vim-simplicis,

2063 5422 2355 5512 μάχεσθε,
2391 5430 2551 5512 quod
2585 5422 2983 5512 est-pugnare.
3014 5422 3492 5512 Nihilinscitius,
3527 5438 3705 5512 quam

2061 5501 2213 5581 quod
2241 5501 2534 5581 Lipomaui
2568 5501 2807 5581 interpr:
2843 5521 2858 5562 :
2893 5504 3222 5581 Paniseguia
3250 5501 3503 5581 aduersus
3537 5502 3708 5581 uicto-

2060 5570 2196 5637 r'iam
2227 5570 2519 5639 rebellavit.
2555 5581 2701 5653 Quid
2722 5570 2833 5637 'hic
2871 5576 3120 5637 sensus?
3152 5590 3274 5648 qua:
3304 5575 3530 5651 phrasis
3552 5570 3582 5631 ?
