4020 6142
355 308 471 377 675

356 534 520 600 vobis
546 535 815 611 illusero,
847 542 970 595 tum
994 534 1315 596 dimittam.
1362 535 1493 609 Quo
1524 533 1872 614 dicto,exui
1903 550 2009 595 nos

359 628 618 690 vestibus
631 628 693 702 iu
704 624 979 688 bet.Cum
1000 630 1203 686 autem
1222 622 1399 686 ambo
1422 624 1590 686 exuti
1610 641 2010 697 essemus,va-

351 720 607 794 pulabam
634 734 753 791 ego,
785 718 861 777 sic
896 716 1106 774 assidue
1150 717 1421 773 clamante
1453 717 1788 790 imperatore,
1823 718 2014 786 eosqu‘

359 801 468 882 qui
482 799 789 864 ccedebant
806 817 919 881 per
938 816 1000 860 se
1014 800 1210 877 ipsum
1230 798 1676 878 adjurantezlta
1696 797 1870 860 habes
1891 795 2013 859 me?

364 893 454 953 Da
470 889 967 953 bene.decbant
986 904 1129 967 ergo
1141 894 1193 949 et
1209 894 1435 968 tergum
1453 895 1507 950 et
1525 895 1729 968 pectus
1741 888 1871 951 sine
1886 884 2010 948 ulla

359 980 781 1043 misericordia
813 997 884 1041 ac
916 978 1321 1039 miseratione.
1355 976 1481 1057 Ego
1512 984 1714 1038 autem
1748 993 1883 1038 cum
1903 976 2010 1037 diu

359 1069 737 1150 multumque
750 1067 967 1148 ﬂagris
984 1066 1681 1146 ccederer,vociferabar:
1696 1064 1864 1129 Nihil
1884 1080 2010 1143 pec-

358 1162 633 1223 cavimus
663 1161 728 1221 in
760 1167 932 1221 tuum
966 1157 1329 1238 imperium:
1367 1173 1439 1218 ac
1460 1174 1701 1218 rursus:
1730 1157 2003 1229 Domine,

358 1251 685 1312 miserere:
710 1256 767 1311 et
790 1269 808 1310 :
838 1248 1068 1310 Sam-ta
1095 1245 1532 1326 Deipara,veni
1552 1248 1619 1307 in
1639 1245 2009 1325 adjutorium

359 1337 899 1403 nostrum.Deinde
911 1336 1096 1399 etiam
1120 1336 1375 1412 fratrem
1392 1336 1626 1415 pariter
1648 1334 2010 1398 clamantem

360 1426 722 1500 ceciderunt,
750 1433 931 1507 atque
959 1425 1279 1488 dicentem:
1305 1424 1534 1486 Sancta
1565 1426 1859 1504 Deipara,
1880 1424 2011 1503 ipsa

1668 298 1947 374 MENSIS
1988 300 2415 373 DECEMBER.

355 450 643 511 dicturos:
667 442 989 508 Illusimus
1009 445 1360 524 imperatori
1393 465 1405 501 :
1428 444 1530 505 sed
1550 460 1817 523 ego,cum
1833 444 2013 523 prior

2101 444 2283 501 οὔτωσὶ
2393 444 2515 523 ἔφη’

3619 304 3739 373 676

2632 445 2787 509 Εἰκὸς
2895 448 3032 521 ὑμᾶς
3128 446 3454 511 ἀπελθόντας
3562 444 3735 521 λέγειν

2092 533 2293 614 ἐκεῖσε,
2363 536 2436 597 ὡς
2510 542 2597 608 Τῷ
2679 534 2901 593 Βασιλεῖ
2984 535 3349 609 ἐνεπαίξαμενο
3437 533 3557 590 ἀλλ’
3634 532 3741 611 ἐγὼ

2095 624 2344 703 πρότερον
2466 625 2791 691 καταπαίξας
2920 628 3047 702 ξιμᾶς
3069 674 3085 705 ,
3188 625 3461 686 ἀπολύσω.
3593 623 3743 681 Οὕτω

2094 712 2247 778 λέξας
2356 712 2691 792 περιδυθῆναι
2773 718 2917 791 ἡμᾶς
3029 715 3287 777 ἐκέλευεν.
3386 712 3745 772 Ἐκδιρθὲντων

2095 803 2183 859 οὖν
2267 803 2602 883 ἀμφοτέρων,
2689 803 2993 881 ἐτυπτόμην
3076 806 3218 884 ἐγὼ,
3303 813 3395 862 τοῦ
3475 806 3746 881 βασιλέως

2094 891 2375 956 ἀπαύστως
2487 892 2675 949 οὑτωσὶ
2782 894 3087 971 κράζοντος,
3173 896 3259 951 καὶ
3368 896 3441 957 εἰς
3552 896 3747 953 ἑαυτὸν

2094 983 2387 1060 ὁρκίζοντος
2496 983 2617 1046 τοὺς
2740 986 3085 1058 μαστίζοντας
3133 1000 3147 1014 ⁸
3281 984 3464 1048 Οὕτως
3590 984 3748 1065 ἔχεις

2094 1071 2238 1146 ἑμές
2330 1074 2429 1137 Δὸς
2489 1070 2648 1134 καλαί.
2735 1072 3014 1135 ’Ἒτυπτον
3085 1080 3208 1152 γοῦν
3290 1077 3378 1131 καὶ
3447 1081 3590 1131 νῶτα
3654 1074 3747 1130 καὶ

2094 1160 2261 1228 στήθη
2352 1163 2527 1241 χωρὶς
2601 1161 2787 1220 οἴκτου
2884 1166 3079 1225 παντὸς
3150 1166 3239 1221 καὶ
3321 1163 3742 1243 φιλανθρώπίας.

2093 1247 2238 1327 Ἐγω
2312 1249 2366 1306 δὲ
2435 1253 2521 1307 ἐπὶ
2604 1251 2739 1308 πολὺ
2823 1253 3232 1328 μαστιζόμενος,
3310 1251 3495 1327 ἐϐόῳν·
3577 1250 3745 1311 Οὗδὲν

2094 1340 2400 1417 ἡμάρτομεν
2494 1342 2566 1403 εἷς
2637 1342 2738 1408 τὴν
2819 1342 3087 1418 βασιλείαν
3181 1364 3296 1402 σου.
3377 1347 3465 1399 καὶ
3551 1341 3741 1399 πάλιν

2103 1428 2277 1508 Κύριε,
2325 1429 2569 1500 ἐλέήσον⁸
2642 1433 2751 1511 καὶ,
2817 1425 2968 1509 ’Λγία
3034 1432 3281 1505 Θεοτόκε,
3325 1431 3438 1488 ἐλθὲ
3507 1434 3580 1495 είς
3638 1432 3745 1498 τὴν

358 1534 567 1595 quoque
592 1518 789 1592 fugisti
825 1519 885 1573 in
916 1516 1215 1589 Egi/ptum.
1261 1521 1492 1588 portans
1549 1516 1760 1573 Filium
1791 1521 1935 1573 tuum
1964 1520 2009 1585 ⁸,

2101 1519 2345 1593 βοήθειαν
2414 1521 2587 1594 ἡμῶν.
2656 1519 2892 1577 ’Ἔπειτα
2953 1523 3177 1578 καὶτὸν
3226 1520 3446 1599 ἀδελφὸν
3518 1520 3746 1578 ἔτυπτον

358 1607 561 1679 respice
598 1605 655 1659 in
680 1620 784 1669 me,
807 1602 898 1676 qui
921 1608 1140 1688 propter
1172 1602 1399 1688 similem
1430 1603 1510 1658 tui
1533 1604 1730 1676 fugam
1751 1603 2010 1688 punior:

2101 1605 2481 1685 παραπλησίως
2563 1610 2772 1684 βοῶντα
2802 1657 2818 1684 ,
2889 1612 2975 1665 καὶ
3062 1600 3212 1687 Ἀγία
3295 1610 3518 1666 Θεοτόκε
3553 1656 3571 1688 ,
3644 1607 3741 1664 λέ-

359 1692 631 1767 Domine,
667 1690 942 1762 Domine,
976 1686 1081 1767 qui
1114 1687 1335 1749 liberas
1363 1704 1690 1767 pauperem
1723 1687 1794 1749 de
1825 1705 2011 1751 manu

2101 1718 2284 1774 yet-tu,
2359 1697 2452 1754 καί
2542 1700 2674 1766 αὐτὴ
2766 1701 2839 1764 εἰς
2925 1686 3195 1776 Αἴγυπτον
3272 1699 3453 1778 ἔφυγες
3537 1686 3747 1776 βαστα-

358 1801 597 1864 eorum,
633 1783 738 1863 qui
778 1780 891 1843 illo
921 1780 1212 1857 fortiores
1240 1789 1401 1861 sunt,
1435 1798 1512 1843 ne
1563 1779 1944 1859 elongaveris
1977 1800 2013 1843 a

2101 1793 2254 1855 ζουσα
2339 1788 2430 1842 τὸν
2516 1788 2656 1844 Υἱόν·
2730 1788 2874 1845 ἔπιδε
2959 1789 3041 1845 ἐπ’
3128 1789 3222 1864 ἐμὲ
3306 1796 3410 1845 τῶν
3492 1787 3578 1844 διὰ
3644 1788 3746 1856 τὴν

359 1872 533 1936 nobis
566 1871 868 1936 auxilium
896 1878 1066 1931 tuum
1096 1869 1149 1928 9.
1176 1868 1261 1932 Et
1290 1872 1376 1932 sic
1404 1888 1538 1931 cum
1573 1870 2013 1951 ambos,quan-

2101 1877 2283 1947 ὁμοίαν
2368 1898 2450 1932 σοι
2554 1880 2725 1957 φυγὴν
2821 1877 3201 1951 κολαζόμενον,
3293 1880 3471 1957 Κύριε,
3561 1878 3744 1957 Κύριε,

363 1970 488 2026 tum
518 1961 771 2036 volebat,
787 1959 1167 2034 concidisset,
1185 1961 1355 2021 exire
1381 1960 1584 2035 iussit.
1607 1959 1787 2022 Alius
1813 1968 2013 2023 autem

2101 1966 2124 2020 ὁ
2197 1962 2445 2042 ῥυόμενος
2517 1970 2741 2046 πτωχὸν
2811 1968 2873 2023 ἐκ
2942 1968 3127 2047 χειρός
3200 1970 3307 2024 τῶν
3375 1966 3746 2046 στερεωτέρων

360 2067 575 2115 rursus
601 2066 903 2131 egressus,
938 2048 1019 2111 ad
1049 2066 1159 2111 nos
1198 2051 1478 2125 occurrit,
1499 2050 1728 2127 jubens
1756 2052 2009 2114 reverti.

2101 2052 2276 2128 αὐτοῦ,
2364 2057 2441 2131 μὴ
2549 2058 2819 2135 μακρύνῃς
2920 2059 3019 2125 τὴν
3118 2056 3363 2134 βοήθειὰν
3447 2077 3542 2113 σου
3654 2055 3747 2134 ἀφ’

357 2145 535 2218 ἡμῶν.
630 2145 734 2199 Καὶ
838 2140 978 2198 οὕτω
1081 2142 1355 2219 συγκόψας
1462 2141 1792 2220 ἀμφοτέρους
1876 2141 1960 2223 ὶφ’
2046 2142 2164 2201 ἔσον
2271 2143 2469 2224 ἤθελε,
2555 2147 2903 2225 προσέταττεν
3011 2147 3223 2213 ἐξιέναι.
3324 2144 3585 2212 Ἐξελθὼν
3690 2144 3761 2217 δὶ-

360 2230 523 2289 πάλιν
552 2228 749 2308 ἕτερος,
784 2228 1108 2307 κατέδραμεν
1138 2232 1292 2305 ἡμῶν
1333 2230 1677 2311 ὑποστρέφειν
1709 2230 1962 2295 κελεύων,

437 2316 668 2383 XXVII.
734 2317 1001 2394 Quidam
1047 2336 1186 2381 vero
1244 2320 1461 2382 missus
1488 2319 1564 2382 ab
1618 2321 2006 2402 imperatore,

2179 2324 2300 2389 KZ'.
2391 2328 2487 2384 Καὶ
2568 2349 2651 2392 τις
2735 2328 2840 2384 ἀπὸ
2943 2330 3034 2385 τοῦ
3113 2325 3379 2403 βασιλέως
3460 2326 3746 2405 πεμφθεὶς,

354 2406 856 2491 percontabatur:
918 2408 1082 2484 Quid
1112 2426 1309 2471 causae
1353 2419 1462 2487 est,
1495 2411 1655 2490 quod
1689 2411 1760 2472 de
1789 2410 2013 2474 Leonis

2101 2412 2429 2487 ἐπυνθάνετο,
2491 2416 2640 2481 Τίνος
2717 2417 2880 2496 χάριν
2938 2422 3015 2490 τῷ
3075 2419 3284 2489 θανοίτῳ
3345 2421 3438 2472 τοῦ
3517 2415 3750 2479 Λέοντος

357 2507 554 2561 morte
582 2499 783 2579 gavisi
838 2499 1000 2573 estis,
1035 2498 1328 2580 quodque,
1364 2516 1500 2560 cum
1528 2499 1608 2561 ad
1637 2516 1775 2561 eum
1808 2517 2009 2563 acces-

2101 2503 2421 2584 ἑπεχάρητε,
2499 2507 2586 2563 καὶ
2691 2505 2828 2562 διατί
2933 2507 3321 2585 προσφυγόντες
3405 2504 3572 2579 αότῷ,
3653 2506 3751 2572 τὴν

357 2590 585 2663 seritis,
619 2605 741 2651 non
772 2587 1041 2650 eamdem
1070 2604 1141 2649 ac
1170 2587 1279 2649 ille
1307 2587 1485 2666 ﬁdem
1518 2586 2012 2666 amplectimini?

2101 2594 2258 2660 αὐτὴν
2316 2594 2501 2669 ἐκείνῳ
2561 2596 2639 2670 μὴ
2709 2595 3006 2666 ἀσπάζεσθε
3088 2596 3322 2674 πίστινς
3385 2594 3521 2672 Πρὸς
3585 2615 3754 2650 ταυτα

358 2678 447 2741 Ad
476 2678 603 2741 hcce
634 2694 738 2740 nos
768 2697 782 2738 :
831 2675 1040 2755 Neque
1065 2683 1257 2737 morte
1301 2676 1521 2737 Leonis
1544 2677 1748 2752 gavisi
1776 2694 2009 2753 sumus,

2101 2684 2256 2757 ἡμεῖς
2281 2728 2298 2757 ,
2385 2682 2515 2741 Οὔτε
2599 2689 2677 2757 τῷ
2778 2685 3009 2763 θανάτῳ,
3095 2687 3259 2763 quasi},
3347 2683 3442 2741 τοῦ
3525 2684 3750 2745 Λέοντος

356 2767 464 2830 sed
491 2782 689 2845 neque
712 2765 793 2827 ad
815 2781 952 2826 eum
979 2765 1338 2826 accessimus
1365 2782 1381 2841 ;
1417 2782 1611 2845 neque
1638 2765 1810 2845 ﬁdem
1832 2784 2013 2847 prop-

2101 2770 2445 2853 ἑπεχάρημεν
2481 2820 2498 2847 ,
2610 2773 2727 2831 οὔτε
2840 2774 2946 2847 μὴν
3058 2774 3203 2849 αὐτῷ
3326 2774 3740 2851 προσεφόγομενο

362 2861 451 2919 ter
479 2872 602 2929 vos,
638 2859 747 2934 qui
773 2870 909 2916 cum
942 2859 1203 2933 tempore
1228 2855 1573 2931 mutamini,
1606 2860 1849 2917 omnino
1877 2856 2013 2919 abo-

2101 2859 2219 2918 οὔδε
2301 2863 2400 2930 τὴν
2484 2863 2658 2920 πίστιν
2741 2861 2811 2919 δι’
2894 2864 3030 2939 ὑμᾶς
3132 2863 3254 2926 τοὺς
3338 2876 3459 2928 τοῖς
3544 2874 3746 2941 καιροῖς

361 2944 506 3020 lere,
539 2949 647 3005 aut
676 2941 1006 3024 quidquam
1054 2960 1277 3006 novare
1304 2949 1702 3008 sustinemus.
1737 2943 1856 3009 Illo
1895 2964 2011 3008 au-

2101 2950 2711 3028 συμμεταϐαλλομένους
2819 2952 3031 3010 ἀθετεῖν
3135 2951 3272 3016 ὅλως
3358 2952 3394 3020 ἢ
3497 2973 3753 3010 καινοτο-

362 3040 481 3098 tem
511 3032 901 3123 subiiciente:
955 3031 1269 3123 Hactenus
1297 3050 1473 3109 sane,
1505 3051 1653 3096 num
1680 3035 1788 3097 sub
1818 3033 2013 3098 Leone

2101 3056 2225 3119 μεῖν
2314 3042 2620 3123 ἀνεχόμεθα
2648 3087 2661 3103 .
2780 3042 2974 3100 Τούτου
3082 3040 3138 3099 δέ
3249 3043 3752 3120 ἀνθυπενεγκὸντος,

360 3124 612 3187 venistis
631 3121 662 3182 ?
692 3120 1117 3203 Nequaquam,
1149 3122 1417 3186 diximus
1448 3141 1463 3200 ;
1504 3124 1611 3187 sed
1639 3124 1749 3187 sub
1786 3144 1874 3206 eo,
1908 3126 2013 3205 qui

2101 3141 2240 3196 Τεως
2299 3120 2451 3211 γοῦν-
2483 3137 2579 3193 οὐκ
2636 3132 2722 3188 ἐπὶ
2764 3140 2856 3189 τοῦ
2913 3132 3138 3198 Λέοντος
3209 3131 3451 3208 ἤλθετε;
3522 3130 3751 3206 Οὔκουν,

362 3212 470 3276 illo
497 3213 674 3293 prior
703 3212 1027 3292 imperium
1061 3215 1274 3274 tenuit.
1308 3212 1559 3276 Atille:
1595 3215 1797 3289 Recte,
1833 3224 2007 3298 recte,

2101 3220 2318 3299 ἔφημεν·
2415 3219 2539 3276 ἀλλ’
2614 3223 2699 3278 επὶ
2780 3220 2873 3278 τοῦ
2955 3223 3057 3299 πρὸ
3146 3224 3305 3281 αὐτοῦ
3390 3219 3749 3297 βασιλεύσαν-

363 3304 612 3384 inquit;
641 3309 696 3364 et
737 3303 842 3363 ite.
877 3300 1029 3364 Erat
1066 3310 1265 3365 autem
1298 3301 1397 3365 hic
1438 3319 1654 3365 cursus
1683 3302 2006 3382 logotlteta.

2101 3332 2185 3375 τος
2242 3308 2398 3389 (10).
2456 3311 2518 3367 ’0
2567 3308 2645 3381 δὲ,
2696 3309 2910 3389 Καλῶς,
2974 3308 3177 3384 καλῶς,
3238 3310 3365 3389 ἔφη,
3422 3311 3511 3367 καὶ
3558 3310 3751 3380 πορεύω

365 3391 517 3456 Tum
548 3392 632 3455 ad
684 3392 1062 3472 praetorium,
1093 3407 1225 3453 cum
1245 3392 1379 3471 jam
1426 3409 1556 3455 sero
1584 3393 1808 3470 factum
1840 3403 2013 3478 esset,

2101 3402 2239 3461 εσθε.
2332 3390 2390 3457 Ὀ
2473 3398 2761 3477 λογοθὲτης
2846 3397 2900 3456 δὲ
2973 3401 3123 3464 οὗτος
3203 3400 3270 3468 ἧν
3351 3408 3445 3459 τοῦ
3526 3398 3747 3477 δρόμου,

361 3484 662 3546 venimus.
2098 3490 2229 3547 Τότε
2301 3489 2375 3554 εἰς
2445 3489 2506 3545 τὸ
2577 3488 2904 3568 πραετώριον
2971 3490 3186 3552 σκοτίας
3277 3487 3381 3557 ἠδη
3450 3490 3750 3569 γενομένης

2096 3577 2448 3655 ἐληλύθαμεν,

2147 3666 2310 3732 ~KH'.
2426 3669 2706 3748 Τεσσᾶρων
2829 3666 2885 3725 δὲ
3006 3667 3379 3747 παρελθουσῶν
3503 3670 3748 3745 ἡμερῶν,

2100 3758 2473 3839 προκαθίσαντι
2582 3762 2660 3833 τῷ
2742 3757 2968 3839 ἐπάρχῳ
3068 3759 3303 3837 dryopst
3385 3759 3457 3824 εἱς
3567 3761 3744 3834 παρά-

2099 3868 2305 3907 στασιν.
2396 3837 2454 3905 ’0
2525 3846 2580 3904 δὲ
2644 3846 2859 3905 πολλῶν
2884 3837 3162 3926 Ἲβασάνων
3246 3846 3499 3912 ἀπειλαῖς
3572 3846 3748 3928 φοϐή-

2099 3960 2221 4018 σας,
2283 3939 2369 3994 καὶ
2431 3935 2673 4008 κολάζειν
2745 3938 2908 3995 εἰπὼν
2977 3937 3255 4016 πρότερον,
3316 3942 3439 3994 εἶτα
3494 3940 3585 3994 καὶ
3654 3939 3749 4003 τὰς

2099 4028 2250 4104 ὄψεις
2321 4027 2564 4106 γράφει-ι,
2625 4028 2712 4083 καὶ
2780 4041 2898 4091 τοῖς
2983 4034 3322 4104 Σαρακηνοῖς
3399 4024 3745 4105 παραδοῦναι,

438 3659 697 3725 XXVIII.
716 3659 996 3736 Quatuor
1023 3660 1149 3725 dies
1163 3661 1706 3741 transierant,cum
1713 3661 2009 3742 praefecto

356 3773 453 3832 pro
485 3754 748 3815 tribunali
791 3753 1021 3825 sedente,
1052 3755 1124 3811 ad
1150 3755 1264 3826 ejus
1302 3754 1633 3812 audientiam
1668 3752 2012 3813 adducimur.

364 3842 573 3911 Multis
586 3841 695 3905 ille
718 3841 1156 3922 suppliciorum
1171 3843 1354 3904 minis
1387 3843 1777 3917 territans,ac
1795 3860 1926 3903 cum
1956 3859 2021 3905 se

363 3934 754 4014 priuspaenas
773 3930 1087 3993 illaturum
1120 3931 1405 4012 dixisset,
1430 3936 1673 4009 tumque
1700 3932 1883 3995 etiam
1910 3931 2015 4011 fa-

362 4027 470 4083 cies
494 4025 890 4096 inseripturum,
917 4032 1073 4098 atque
1099 4022 1423 4082 Sarracenis
1447 4024 1803 4095 traditurum,
1826 4025 2014 4083 horta-

366 4108 570 4186 batur,
603 4114 670 4171 ut
698 4110 870 4186 cuius
899 4107 1194 4171 desiderio
1226 4115 1542 4172 teneretur
1571 4108 1930 4189 imperator,
1954 4109 2013 4171 id

2101 4116 2381 4195 παρηγγύα
2461 4116 2522 4171 τὸ
2590 4123 2682 4172 τοῦ
2774 4115 3035 4193 βασιλέως
3135 4128 3313 4172 ποιεῖν
3398 4116 3747 4191 καταθύμιόν.

360 4206 816 4279 prxstaremus.
837 4195 986 4261 Erat
1008 4215 1139 4260 cum
1159 4215 1225 4261 eo
1244 4205 1306 4260 et
1340 4196 1757 4259 Christodulus
1773 4199 2013 4277 eiusque

2101 4211 2271 4274 Συνῆν
2347 4203 2402 4260 δέ
2469 4206 2611 4278 αὖτῷ
2674 4206 2762 4262 καὶ
2831 4202 3238 4284 Χριστόδουλος,
3310 4205 3399 4260 καὶ
3474 4206 3504 4260 ὁ
3572 4205 3747 4262 τούτοι

362 4285 746 4369 pater.Nobis
770 4295 964 4349 autem
989 4294 1230 4351 austere
1239 4286 1368 4366 fort
1378 4288 2013 4368 iterqueuegantibus,

2103 4296 2301 4374 πατήρ.
2395 4284 2580 4370 Ἠμῶν
2651 4292 2706 4350 δὲ
2795 4292 3042 4372 σκληρῶς
3125 4293 3582 4373 ἆπαναινομένων,
3663 4294 3748 4350 καὶ

368 4388 526 4455 atque
572 4379 643 4437 ad
688 4381 1009 4438 innumeras
1060 4379 1402 4437 sustinendos
1431 4386 1628 4437 mortes
1676 4381 2013 4453 nosmetipsos

2102 4373 2314 4464 μυρίους
2461 4383 2712 4447 θανάτους
2836 4382 3117 4459 ὑπομένειν
3243 4382 3471 4454 ἑτοίμως
3600 4379 3746 4461 ἔχειν

364 4472 621 4548 paratos
633 4465 996 4539 dicentibus;
1015 4467 1422 4545 forear-nique
1435 4472 1500 4526 ut
1520 4481 1726 4527 eorum
1750 4483 2013 4531 cominu-

2103 4473 2366 4552 λεγόντων
2403 4521 2420 4552 ,
2505 4476 2593 4529 καὶ
2677 4474 2751 4536 ὡς
2835 4477 2896 4532 οὒ
2979 4473 3385 4552 χρανθησόμεθὰ
3467 4491 3596 4529 ποτε
3681 4476 3746 4548 τῇ

447 4588 480 4637 8
505 4586 717 4651 Matth.
750 4601 815 4663 ll,
848 4585 945 4648 13.
1034 4584 1067 4635 8
1098 4582 1252 4647 Psal.
1286 4600 1491 4660 uxrv,
1525 4582 1605 4647 10
1638 4606 1652 4644 :
1689 4604 1810 4666 xxi,
1845 4592 1943 4654 20.

1690 4724 1791 4786 Fr.
1838 4726 2196 4796 Combeﬁsii
2241 4733 2423 4794 note.

458 4838 775 4924 (io-'AM'
860 4841 946 4924 ἐπὶ
1031 4850 1121 4899 τοῦ
1202 4842 1303 4919 πρὸ
1389 4842 1551 4924 atu_1:_ou
1616 4842 2013 4924 βασιλεύοντος.

2110 4849 2298 4924 Leone
2356 4861 2653 4924 oppresso,
2685 4850 2943 4924 ipsoque
3007 4848 3198 4924 Leone
3257 4857 3500 4906 novenis
3550 4848 3743 4924 ﬁdem,

373 4919 554 4980 Paulo
586 4921 707 4979 haec
738 4921 1081 4979 anteriorem
1113 4928 1410 4978 arcessunt
1439 4920 1722 4980 Theodori
1756 4930 1812 4982 et
1843 4925 2027 4984 Theo-
2107 4919 2239 4979 ﬁdei
2290 4919 2547 4979 subéidio
2576 4922 2630 4976 in
2673 4919 2880 4979 Graecia
2924 4922 3256 4986 manserint.
3288 4935 3355 4978 ac
3384 4933 3517 4977 cum
3558 4920 3749 4979 Leone

373 4993 584 5067 phanis
623 4994 943 5070 adventum
1001 4991 1815 5070 Consta_ntinopolini.__quam,
1846 4999 2029 5070 expli-
2109 4992 2440 5070 congressi,
2473 5006 2623 5070 quae
2655 4992 2919 5070 superius
2975 4994 3283 5070 perscripta
3340 4998 3473 5070 sunt
3528 4995 3751 5070 egerint

373 5059 564 5123 catum
623 5064 763 5122 Viue
819 5066 1035 5123 auctori
1080 5066 1152 5122 sit
1199 5066 1260 5122 in
1318 5059 1731 5135 superioribus,
1764 5069 1858 5124 ubi
1921 5059 2029 5127 sub
2110 5077 2178 5120 ac
2208 5059 2358 5133 p'assi
2396 5059 2530 5121 sini.
2561 5059 2859 5134 Liporhani
2889 5059 3130 5133 interpr.
3156 5059 3307 5135 εἘρ
3338 5059 3634 5135 imperante
3656 5063 3752 5135 qui

374 5138 566 5211 Leone
624 5136 1075 5211 venissetradit,
1138 5144 1309 5211 atque
1349 5137 1428 5201 id,
1451 5147 1530 5211 _ut
1588 5137 1867 5211 laboranti
1929 5155 2030 5211 per

375 5207 500 5280 ejus
533 5210 818 5280 novitates
839 5206 969 5280 ﬁdei
1000 5206 1488 5280 Constantinopoli
1533 5207 1821 5279 suppetias
1851 5206 2019 5269 irent.

376 5277 480 5337 llic
536 5287 725 5339 autem
782 5278 1114 5336 Theodorus
1169 5277 1295 5348 Ipse
1342 5294 1411 5336 se
1472 5277 1699 5337 venisSe
1753 5281 2025 5340 Michaele

379 5350 717 5424 Curopolata
749 5353 868 5424 sive
914 5348 1178 5424 Bancahe
1217 5352 1579 5424 imperatore,
1610 5352 1731 5424 sive
1759 5351 1830 5409 ad
1869 5367 2021 5424 eum,

379 5420 575 5479 tradit.
634 5420 686 5495 la
744 5420 897 5479 enim
954 5423 1180 5495 estqui
1243 5429 1395 5495 ante,
1429 5422 1675 5495 Leonem
1719 5420 2023 5495 imperium

380 5495 575 5563 gessit.
638 5491 843 5560 Quaero
893 5494 992 5563 qui
1049 5491 1262 5563 nouum
1315 5492 1513 5563 solvat.
1555 5491 1701 5550 Num
1753 5491 1822 5550 ad
1865 5495 2022 5553 illum

381 5561 636 5636 primum
687 5561 960 5636 missi,_et
1014 5571 1076 5621 ut
1103 5562 1283 5633 Syriis
1337 5561 1615 5620 laboranti
1658 5580 1689 5621 a
1725 5565 2026 5624 Saracenis

381 5632 508 5709 opis
565 5632 783 5708 aliquid
839 5633 910 5692 ab
968 5647 1035 5694 eo
1102 5632 1525 5714 cerrogarent;
1598 5649 1712 5711 quo
1776 5636 1936 5698 brevi
1992 5652 2024 5697 a

2110 5205 2241 5263 cum
2297 5205 2581 5278 logotheta
2612 5220 2835 5278 cursus.
2870 5219 3039 5278 quem
3098 5208 3147 5278 is
3178 5205 3246 5278 ag
3297 5206 3749 5278 interrogantem

2109 5275 2385 5334 misissetf
2408 5279 2490 5335 Ac
2534 5276 2584 5333 si
2623 5276 2855 5347 quidem
2891 5275 3163 5334 Michaele
3211 5275 3388 5334 Balbe
3447 5275 3750 5347 TueOphili

2108 5347 2411 5406 decessore
2436 5363 2503 5406 ac
2546 5355 2705 5419 patre
2735 5350 3096 5419 imperatore,
3136 5350 3746 5419 primum_venerunt,

2107 5420 2247 5477 falsa
2286 5421 2476 5477 omnia
2508 5417 2647 5492 quae
2677 5418 2748 5475 iis
2773 5417 2944 5492 gesta
2974 5417 3202 5476 narrata
3233 5426 3378 5492 sunt
3401 5417 3591 5492 Leone
3636 5419 3748 5492 im-

2110 5500 2389 5560 peratore,
2428 5488 2811 5548 cui'Michael'
2836 5489 2933 5560 ille
2959 5492 3251 5547 successit.
3295 5488 3446 5545 Nihil
3484 5502 3623 5560 ergo
3650 5489 3747 5548 ille

2108 5558 2180 5634 se
2237 5576 2379 5624 rem.
2415 5561 2675 5634 nihilque
2704 5576 2774 5619 ex
2822 5559 2932 5619 ﬁde
2959 5560 3305 5634 interpretis
3339 5576 3355 5625 ;
3406 5558 3522 5616 nisi
3551 5558 3744 5623 Graios

2109 5632 2241 5703 alia,
2276 5633 2511 5708 ipsaque
2539 5630 2777 5707 prorsus
2804 5632 3077 5693 mendosa
3106 5630 3323 5696 habuit.

2113 5139 2161 5192 te
2191 5137 2457 5207 princessu
2486 5149 2510 5203 ;
2565 5133 2727 5204 quasi
2787 5135 3045 5205 loquatur
3077 5147 3208 5191 cum
3229 5205 3237 5207 ᾗ
3259 5133 3601 5207 Theophila,
3632 5133 3749 5192 n'on
3859 5167 3872 5183 ι
