4056 6142
233 256 353 336 677
1389 250 1577 331 vim
1622 254 1682 327 s.
1728 240 2118 327 THEODORI
2158 248 2467 326 GRAPTI.
3494 263 3612 333 678

236 405 490 478 κοινωνίᾳ
523 452 539 483 ,
622 403 659 472 ἢ
737 400 834 460 κᾶν
937 408 1062 479 γοῦν
1163 406 1233 477 τῇ
1316 399 1693 478 συγκαταθέσει
1775 403 1883 454 τῶν

1988 398 2150 459 tione
2175 410 2495 476 nunquam
2518 394 2897 474 polluamur,
2929 397 3084 460 eisve
3139 397 3473 479 quidquam
3503 418 3610 464 as-

236 500 574 569 Χριστιανῶν
677 493 850 549 πίστιν
961 492 1048 548 καὶ
1175 489 1463 568 ὁμολογίαν
1586 488 1880 556 ἀθετησάν-

1988 488 2326 561 πεηεὶαιηιιν,
2360 486 2468 566 qui
2503 485 2911 559 Christianam
2968 486 3151 565 ﬁdem
3183 505 3257 549 ac
3280 491 3612 567 confessio-

234 608 370 659 των,
460 583 558 639 κᾶν
643 583 765 645 τοὺς
851 579 1153 661 ὀφθαλμοὺς
1239 578 1560 655 ἐκκόψαιεν,
1645 577 1742 634 κᾶν
1824 579 1887 634 τὸ

1988 594 2110 638 ιεηι
2140 578 2387 638 irritam
2416 577 2713 656 fecerunt,
2750 574 2839 638 vel
2897 578 2954 638 si
3008 574 3084 637 ab
3136 578 3224 638 eis
3254 578 3419 639 nobis
3449 582 3614 643 oculi

236 678 400 748 σῶμα
457 673 711 729 καύσαιεν
788 677 865 745 τῷ
924 671 1069 748 πυρὶ,
1127 668 1395 748 λεγόντων
1429 689 1444 705 ο
1506 673 1534 725 ὸ
1592 675 1683 724 τοῦ
1756 675 1886 740 Χρι-

1988 666 2231 726 eruendi
2258 665 2504 737 sint,vel
2533 670 2587 726 si
2616 682 2833 743 corpus
2862 667 2994 745 igni
3020 668 3398 729 ewurendum
3433 689 3453 729 :
3486 674 3613 733 tuus

237 760 531 818 στοδού).ου
614 759 793 839 πατὴρ
871 758 925 815 ἐν
1003 760 1228 837 χάριτος
1315 758 1472 836 μοίρᾳ
1554 759 1646 814 τὸν
1728 754 1888 834 λόγον

1988 762 2141 816 mter
2173 752 2576 828 Chrisloduli,
2610 752 2953 837 velut‘ipse
3009 772 3044 815 a
3108 755 3286 818 nobis
3341 760 3612 838 gratiam

234 858 361 915 τοῦς
438 850 692 915 ἐναντίοις
775 849 1090 924 ποιούμενος
1123 895 1140 919 ,
1226 845 1490 906 Οὐδέποτε
1517 895 1532 926 ,
1590 848 1722 923 πρὸς
1800 848 1891 903 τὸν

1988 844 2283 904 initurus:
2344 840 2679 922 Nunquam
2736 842 2822 919 hi,
2874 845 3078 922 inquit
3124 845 3208 904 ad
3235 847 3610 931 praefectum,

235 939 486 1020 ’ἔπαρχον
558 938 661 1017 ἔφη
696 984 711 1011 ,
799 938 1205 1016 προσεκύνησαν
1265 943 1408 994 οὗτοι
1485 937 1663 993 εἰκόνα
1696 951 1709 966 ·
1796 935 1891 992 καῖ

1988 934 2307 1013 imaginem
2340 932 2755 995 adoraverunt
2782 951 2804 1009 ;
2833 949 2942 994 nec
2989 934 3131 994 novi
3162 935 3313 1014 quid
3342 934 3473 998 illis
3502 954 3610 1000 ac-

236 1030 360 1087 τίνα
417 1027 674 1090 παθόντες
743 1025 1058 1094 ἐληλύθασιν
1113 1025 1216 1082 ὦδε
1251 1073 1268 1101 ,
1356 1027 1450 1083 οὒκ
1527 1023 1672 1087 οἶδα.
1754 1026 1890 1104 Πρὸς

1988 1022 2211 1097 tiderit,
2250 1028 2319 1084 ut
2349 1022 2464 1084 huc
2509 1030 2809 1084 venirent.
2859 1023 2960 1083 Ad
3014 1039 3191 1101 quem
3247 1041 3358 1103 ego
3401 1042 3613 1089 severa

236 1121 300 1175 ὃν
401 1120 644 1196 αὒτηρῶς
729 1115 837 1196 ἐγὼ
872 1165 889 1196 ,
973 1114 1215 1173 Ἀπόστα
1246 1161 1265 1190 ,
1337 1114 1470 1195 ἔφην
1502 1161 1519 1191 ,
1605 1115 1839 1171 ἐντεῦθεν
1872 1133 1887 1148 ⁸

1988 1114 2439 1192 increpatione:
2499 1111 2783 1186 Abscede,
2845 1112 3126 1191 inquam,
3178 1111 3367 1189 hinc;
3419 1119 3612 1178 nescis

240 1208 340 1264 οὒκ
424 1205 579 1272 οἶδας
660 1206 710 1261 τί
791 1205 989 1284 λέγεις,
1075 1203 1203 1262 πῦδὲ
1288 1206 1405 1284 περὶ
1485 1205 1640 1261 τίνων
1724 1201 1890 1260 διαϐε-

1988 1202 2119 1281 ῖιιίιί
2146 1202 2334 1277 dicas,
2370 1218 2478 1263 nec
2508 1201 2582 1264 de
2609 1200 2831 1280 quibus
2862 1200 3150 1278 afﬁrmes.

239 1294 491 1355 ϐαιοῦσαι
502 1343 513 1355 .

327 1384 464 1447 ΚΘ’.
522 1382 582 1442 Ὀ
641 1381 696 1440 δὲ
759 1384 997 1463 ἔπαρχος
1070 1388 1212 1450 αὗθις
1270 1383 1520 1448 θωπείαις
1580 1382 1885 1464 χρώμενος,

2053 1380 2267 1443 XXIX.
2284 1381 2359 1443 At
2378 1379 2698 1458 prafeclus
2716 1395 2930 1442 rursus
2950 1379 3261 1443 blanditiis
3277 1387 3476 1445 utens:
3497 1383 3615 1447 Se-

242 1476 410 1554 Μίαν,
485 1475 632 1546 εἷπε,
690 1474 814 1549 μίαν
874 1476 1035 1548 μόνον
1094 1476 1453 1544 κοινωνήσατε
1481 1519 1498 1549 ,
1567 1474 1657 1529 καὶ
1714 1472 1890 1551 ἕτερον

1988 1468 2112 1542 mel,
2151 1470 2371 1550 inquit,
2392 1467 2574 1531 semel
2593 1466 2790 1530 solum
2816 1471 3279 1543 communicate,
3304 1488 3412 1534 nec
3442 1471 3615 1536 aliud

238 1565 339 1620 οὐκ
428 1561 758 1637 ἀπαιτοῦμεν
794 1578 808 1592 ⁸
897 1562 985 1617 καὶ
1069 1561 1299 1642 ἔρχομαι
1383 1564 1469 1619 καὶ
1565 1562 1676 1639 ἐγὼ
1777 1558 1891 1634 μεθ’

1988 1559 2323 1636 exigimus;
2367 1566 2422 1619 et
2471 1575 2582 1639 ego
2605 1558 2917 1620 vobiscum
2947 1557 3044 1620 ibo
3086 1560 3152 1619 in
3173 1558 3482 1623 ecclesiam
3505 1583 3528 1633 ;
3552 1569 3608 1624 et

236 1651 395 1727 ὗμῶν
483 1652 555 1715 εἰς
639 1650 735 1719 τὴν
819 1648 1107 1717 ἐκκλησίαν
1137 1696 1154 1727 ,
1238 1653 1326 1708 καὶ
1409 1650 1688 1728 πορεύεσθε
1772 1648 1894 1706 ὅποι

1988 1645 2199 1708 deinde
2221 1648 2328 1721 ite,
2362 1664 2477 1726 quo
2517 1648 2687 1709 vobis
2713 1646 3035 1726 placuerit.
3073 1648 3202 1727 Ego
3223 1666 3365 1713 vero
3386 1652 3442 1713 ei
3472 1651 3619 1713 disci

239 1739 402 1821 φίλον
502 1740 654 1815 ὑμῖν.
768 1739 911 1819 Ἐγὼ
1015 1737 1070 1797 δὲ
1155 1743 1286 1820 πρὸς
1371 1740 1530 1797 αὐτὸν
1616 1738 1891 1819 γελάσας,

1988 1734 2320 1798 subridens:
2346 1735 2569 1798 Simile
2585 1737 2733 1817 quid
2745 1736 2959 1811 dicis,o
2981 1736 3226 1800 domine
3240 1741 3620 1818 prwferle,ac

238 1828 494 1903 ’Ὂμοιόν
577 1851 627 1886 τι
710 1827 927 1907 λέγεις,
1017 1829 1162 1910 κύριε
1247 1833 1275 1886 ὁ
1359 1829 1623 1910 ἔπαρχος,
1710 1830 1894 1903 εἷπον⁷

1988 1827 2187 1904 siquis
2208 1827 2400 1888 alium
2422 1826 2858 1907 rogans,dicat:
2883 1824 3059 1888 Nihil
3077 1827 3253 1889 aliud
3268 1835 3617 1909 peto,quam

238 1919 432 1998 ὥσπερ
502 1917 567 1974 ἄν
640 1940 719 1983 τις
773 1916 948 1998 ἕτερον
1012 1918 1172 1986 ἀξιῶν
1236 1917 1385 1998 λέγοι
1417 1967 1433 1999 ,
1496 1917 1657 1977 Οὐδὲν
1714 1919 1896 1975 αἰτοῦ-

1988 1923 2047 1975 ut
2068 1914 2242 1977 semel
2263 1917 2561 1977 cervicem
2583 1915 2694 1978 tibi
2741 1914 3098 1978 abscindum
3127 1933 3146 1990 ;
3165 1924 3223 1978 et
3246 1922 3389 1980 tunc
3409 1926 3619 1996 postea

239 2011 343 2085 μαί
403 2029 491 2087 σε,
550 2006 672 2064 ἀλλ’
729 2008 764 2076 ἢ
837 2010 940 2077 τὴν
1010 2010 1112 2077 σὴν
1168 2008 1306 2075 ἅπαξ
1375 2011 1670 2085 ἀποτεμεῖν
1739 2029 1898 2088 κεφαο

1988 2004 2279 2083 vade,quo
2303 2004 2474 2067 velis.
2505 2004 2683 2066 Scias
2705 2022 2872 2085 ergo,
2908 2007 3017 2067 hoc
3049 2022 3286 2086 quoque
3306 2005 3473 2069 nobis
3502 2018 3628 2069 esse

238 2098 376 2173 λήν,
435 2100 526 2154 καὶ
610 2100 669 2154 τὸ
751 2100 886 2174 μετὰ
967 2100 1130 2155 ταῦτα
1216 2100 1440 2176 πορεύου
1493 2097 1626 2155 ὅπου
1705 2096 1896 2161 θέλεις.

1988 2093 2396 2173 pudori,quod
2408 2094 2632 2155 audeat
2651 2111 2762 2156 nos
2784 2095 3013 2172 aliquis
3027 2094 3344 2157 adhortari
3365 2095 3447 2157 ad
3466 2112 3627 2158 com-

240 2192 488 2245 Γίνωσδιε
557 2187 750 2258 τοίνυν,
809 2188 885 2252 ὡς
944 2190 1082 2264 ἡμῖν
1138 2191 1226 2245 καὶ
1301 2195 1456 2245 τοῦτο
1516 2185 1584 2243 δι’
1641 2188 1898 2266 αἰσχύνης

1988 2187 2330 2243 munionem
2346 2182 2456 2258 (ad
2472 2198 2660 2263 quam
2681 2184 2887 2244 nescio
2903 2183 3197 2263 quomodo
3208 2183 3433 2246 suades
3443 2193 3512 2246 ul
3529 2201 3627 2246 ac-

242 2277 387 2351 ἐστὶ,
452 2276 515 2332 τὸ
576 2274 778 2352 τολμᾷν
836 2298 953 2333 τινα
1038 2275 1174 2343 ὅλως
1233 2276 1366 2354 πρὸς
1423 2275 1699 2333 κοινωνίαν
1756 2278 1898 2350 ἡμᾶς

1988 2273 2261 2334 cedamus
2257 2271 2429 2351 ),nec
2449 2271 2589 2333 olim
2609 2288 2972 2351 persuasum
2994 2273 3357 2353 habeat,qui
3371 2275 3628 2348 eiusmo-

245 2362 640 2445 προτρέπεσθαι
673 2410 690 2438 ,
775 2366 908 2445 πρὸς
992 2364 1061 2432 ἢν
1143 2366 1300 2429 αὗτὶς
1384 2367 1478 2422 οὐκ
1560 2361 1670 2422 οἷδ’
1754 2364 1898 2427 ὅπως

1988 2361 2052 2422 di
2077 2373 2187 2441 est,
2215 2362 2552 2439 proclivius
2572 2360 2669 2423 illi
2701 2378 2825 2423 esse
2845 2368 2915 2423 ut
2934 2360 3147 2424 calum
3182 2378 3253 2425 ac
3273 2369 3503 2425 terram
3522 2381 3627 2427 sus

248 2456 540 2533 παραινεῖς
619 2452 794 2511 ἐλθεῖν
830 2502 846 2534 ,
933 2456 1020 2510 καὶ
1103 2453 1182 2529 μὴ
1266 2452 1531 2532 πόῤῥωθεν
1615 2457 1898 2511 πεπεῖσθαι

1988 2450 2175 2531 deque
2196 2452 2468 2528 misceat,
2494 2467 2677 2531 quam
2726 2456 2795 2514 ut
2841 2468 2952 2514 nos
3001 2470 3037 2513 a
3073 2452 3295 2532 pietate
3311 2452 3618 2517 traducat.

252 2544 355 2601 τὸν
438 2549 667 2601 τοιοῦτον
701 2591 719 2623 ,
800 2546 873 2608 ὡς
953 2543 1078 2621 ῥᾷοδ
1159 2544 1301 2618 αότῷ
1356 2548 1460 2622 γῆν
1526 2544 1613 2601 καὶ
1682 2544 1898 2614 οὐρανὸν

1988 2537 2153 2602 Tunc
2164 2540 2351 2619 jussit
2370 2539 2624 2602 inscribi
2661 2548 2899 2604 nostros
2928 2540 3130 2603 vultus
3155 2559 3168 2600 :
3192 2557 3447 2621 cumque
3474 2542 3619 2605 adeo

255 2632 464 2690 ἄνωθεν
516 2635 599 2689 καὶ
654 2634 889 2691 κάτωθεν
946 2644 1126 2690 ποιεῖν
1153 2680 1171 2706 ,
1231 2632 1368 2711 ἤπερ
1445 2634 1588 2709 ἡμᾶς
1674 2655 1898 2709 μετατι-

1988 2642 2238 2714 acceptas
2258 2651 2332 2696 ea
2346 2633 2697 2697 verberibus
2719 2632 3059 2714 pla'ga,qua
3084 2634 3409 2715 turgebant
3432 2636 3629 2700 adhuc

248 2721 400 2780 θέναι
484 2727 583 2809 τῆς
673 2718 965 2787 εὖσεϐείας.
1037 2723 1168 2781 Τότε
1236 2721 1501 2803 γραφῆναι
1571 2723 1665 2786 τὰς
1749 2723 1898 2797 ὄψεις

1988 2743 2057 2791 ac
2077 2726 2647 2808 inﬂammabantur,
2671 2727 3029 2790 incredibili
3061 2746 3174 2791 nos
3195 2731 3402 2792 dolore
3423 2730 3625 2809 afﬁce-

250 2812 413 2886 ἠμῶν
471 2808 707 2873 ἐκέλευε.
785 2812 883 2869 Καὶ
937 2809 1001 2878 δὴ
1060 2809 1136 2867 ἔτι
1194 2812 1301 2868 τῶν
1356 2810 1416 2868 ἐκ
1467 2817 1573 2868 τῶν
1628 2812 1898 2889 μαστίγων

1988 2821 2542 2895 remeat-tendentes
2560 2837 2741 2902 super
2762 2819 3257 2895 scamma,oultus
3278 2808 3517 2886 nostros
3534 2823 3629 2887 in-

250 2899 487 2980 πληγῶν
561 2898 1000 2988 φλεγμαινουσῶν
1069 2899 1125 2988 ἐν
1195 2903 1333 2977 ἡμῖν
1366 2949 1381 2976 ,
1462 2901 1549 2957 καὶ
1606 2900 1898 2981 ἀφορήτους

1988 2913 2318 2987 sculpebant.
2355 2915 2491 2971 Cum
2538 2898 2708 2969 autem
2721 2928 2820 2986 per
2840 2913 3051 2988 longum
3070 2920 3269 2988 tempus
3286 2915 3469 2974 uultus
3486 2931 3626 2974 cotu-

251 2994 523 3048 ποιουσῶν
609 2989 703 3053 τὰς
779 2986 964 3054 ὀδύνας
1000 3038 1016 3071 ,
1088 2987 1437 3056 διατείναντες
1506 2988 1590 3047 ἐπὶ
1652 2989 1898 3065 σκάμνων

1988 2986 2304 3070 pungerent,
2334 2998 2462 3055 solis
2482 3013 2670 3055 occasu
2689 2986 3066 3070 ingruentibus
3088 2986 3340 3067 tenebris,
3362 3000 3448 3058 uel
3473 3000 3629 3059 inuiti

250 3079 350 3143 τὰς
462 3076 614 3154 ὄψεις
723 3077 1043 3143 ἐκόλαπτον.
1153 3076 1271 3137 Ἐπὶ
1378 3077 1587 3147 πολλὴν
1669 3075 1724 3135 δὲ
1805 3077 1898 3144 τὴν

1988 3081 2251 3154 prohibiti
2284 3090 2411 3139 sunt
2438 3098 2501 3137 ne
2536 3084 2857 3156 scripturam
2884 3098 3094 3142 omnem
3124 3084 3469 3143 absolverent.

253 3167 401 3246 ὥραν
483 3167 869 3226 ἐκκεντούντων
951 3169 1018 3226 τὰ
1100 3169 1382 3250 πρόσωπα,
1467 3169 1658 3233 σκότος
1739 3167 1953 3248 ὶγέτετο
2036 3163 2308 3229 δεδυκότος
2391 3164 2566 3231 ἦλίοδ·
2656 3166 2683 3221 ὃ
2767 3170 2853 3223 καὶ
2936 3167 3014 3242 μὴ
3095 3167 3452 3244 βουλομένων,
3526 3171 3626 3237 τὴν

252 3259 330 3322 εἰς
360 3254 517 3321 τέλος
547 3256 745 3338 ἐπέσχε
773 3261 1003 3339 γραφήν.

343 3345 438 3406 A’.
498 3344 784 3410 Μέλλοντες
861 3346 915 3404 δὲ
1002 3346 1234 3431 ἐξιέναι,
1295 3351 1426 3430 πρὸς
1509 3351 1601 3407 τὸν
1657 3346 1897 3427 ἔπαρχον

260 3439 355 3496 καὶ
431 3434 551 3500 τοὺς
605 3437 895 3517 παρόντας,
967 3440 1044 3498 Τὰ
1111 3439 1401 3519 γράμματα
1476 3438 1661 3514 ταῦτα,
1735 3438 1898 3494 εἴπο-

250 3550 361 3606 μεν
392 3571 413 3601 ,
490 3528 548 3582 εὖ
607 3526 730 3584 ’ίστε
758 3574 778 3599 ,
850 3529 1150 3605 θεασάμενα
1204 3530 1269 3589 τὰ
1328 3526 1612 3608 Χερουϐὶμ,
1671 3529 1898 3607 ὑποχω-

247 3619 435 3698 ρήσει,
495 3616 585 3673 καὶ
642 3617 678 3685 ἡ
747 3615 974 3696 φλογίνη
1042 3618 1275 3699 ῥομφαία
1302 3665 1318 3697 ,
1382 3618 1446 3674 τὰ
1505 3622 1645 3673 νῶτα
1713 3614 1897 3695 δοῦσα,

244 3713 354 3775 τῆς
413 3702 621 3762 εἰσόδου
692 3704 831 3781 ἡμῖν
921 3712 1016 3763 τοῦ
1100 3704 1418 3787 παραδείσου
1487 3706 1899 3785 παραχωρήσει,

247 3794 543 3871 αἰδούμενα
599 3794 694 3857 τὰς
749 3796 907 3868 ἡμῶν
978 3793 1128 3872 ὄψεις
1162 3842 1181 3872 ,
1241 3797 1335 3859 τὰς
1391 3795 1521 3873 ὑπὲρ
1576 3794 1670 3852 τοῦ
1724 3800 1903 3851 κοινοῦ

249 3883 537 3943 Δεσπότω
614 3882 820 3960 ἀτίμως
918 3883 1086 3949 οὕτως
1178 3885 1623 3965 ἐγκαραχθείσας.
1707 3883 1902 3949 Μόνοις

244 3977 355 4054 γὰρ
398 3970 495 4031 ἀπ’
554 3973 745 4038 αἰῶνος
809 3974 943 4048 ἡμῖν
1005 3975 1305 4054 πέπρακται
1350 3976 1528 4053 τοῦτο,
1589 3974 1677 4030 καὶ
1718 3973 1901 4030 καινὸν

244 4060 589 4140 ἐπιτήδευμα
672 4061 891 4141 εὕρηται
926 4082 942 4099 ·
1018 4064 1132 4121 καὶ
1204 4064 1606 4144 φιλανθρώπους
1685 4060 1903 4121 ἀπεδεί-

243 4154 377 4221 ξατε
436 4152 687 4232 πάντας,
724 4151 839 4210 ὅσοι
896 4155 1036 4212 κατὰ
1112 4160 1204 4212 τοῦ
1272 4154 1411 4211 θείου
1462 4156 1619 4230 ἡμῶν
1692 4153 1902 4229 ἐμάνη-

241 4267 350 4303 σαν
442 4240 729 4321 δόγματος.
828 4242 923 4301 Ἐν
1011 4241 1067 4299 δὲ
1148 4249 1227 4318 τῷ
1328 4243 1597 4322 προσώπῳ
1678 4249 1904 4323 Χριστοῦ

241 4334 475 4396 πάντως
545 4329 633 4388 ἐπι
650 4331 900 4410 (νώσεσθε
932 4380 949 4408 ,

242 4419 694 4503 παραστήσονται
764 4423 914 4478 ταυτὶ
1001 4422 1068 4479 τά
1132 4426 1445 4503 γράμματα.
1535 4422 1701 4488 Ais-:6;
1799 4420 1900 4500 γοὶρ

242 4513 501 4590 εἴρηκεν,
570 4529 599 4570 τ
670 4508 823 4568 ’Ὅσα
902 4510 967 4568 ἅν
1043 4513 1334 4583 ἐποιήσατε
1396 4512 1470 4568 ἑνὶ
1537 4512 1738 4569 τούτων
1795 4511 1901 4568 τῶν

243 4601 587 4681 ἐλαχίστων,
631 4598 751 4677 ἐμοὶ
780 4599 1091 4671 ἐποιήσατε.
1124 4621 1156 4661 ι

333 4690 477 4749 ΛΑ’.
561 4689 790 4754 Τούτους
899 4691 1023 4755 τοὺς
1130 4689 1323 4770 λόγους
1407 4691 1480 4754 ὡς
1564 4689 1791 4759 ἤκουσεν
1873 4694 1901 4748 ὃ

241 4778 508 4862 βασιλεὺς
599 4775 684 4835 διὰ
765 4788 858 4838 τοῦ
946 4779 1189 4861 ἐπάρχου
1221 4826 1238 4856 ,
1329 4777 1466 4845 ἔδοξε
1554 4778 1729 4860 λέγειν
1800 4783 1901 4839 Imb

234 4878 348 4940 τῆς
435 4873 542 4926 τῶν
624 4867 898 4946 λογισμῶν
981 4870 1284 4949 ἐναργείας,
1353 4871 1426 4933 ὡς
1480 4869 1664 4950 οἶμαι,
1725 4893 1897 4928 κατα..

237 4957 559 5042 ϐροντηθείς
594 4973 608 4990 ⁸
690 4958 749 5014 Εἰ
832 4956 1136 5035 ἐπιστάμην
1215 4957 1408 5027 ἀληθὲς
1487 4958 1631 5017 εἶναι
1715 4967 1897 5042 τοῦτο,

234 5049 414 5109 παντὶ
485 5052 563 5120 τῷ
642 5043 758 5120 λαῷ
842 5069 945 5124 μου
1028 5046 1194 5112 οὕτως
1278 5048 1338 5106 ἃν
1422 5058 1586 5108 ταῦτα
1668 5048 1895 5128 ἔγραψα,

235 5144 452 5217 Ἡμεῖς
516 5134 613 5212 μὲν
680 5136 770 5191 οὗν
817 5142 1010 5210 ταῦτα,
1060 5135 1276 5195 πολλῶν
1338 5137 1506 5195 ὅντων
1557 5135 1653 5194 καὶ
1694 5136 1896 5215 ἄλλων,

235 5224 652 5303 ἐπιτομώτερον
759 5222 1138 5302 δεδηλώκαμεν
1171 5273 1188 5300 ,
1329 5231 1433 5283 τῶν
1546 5224 1896 5304 πραχθέντων

236 5315 490 5380 πολλοὺς
564 5312 783 5394 ἔχοντες
868 5314 1135 5394 μάρτυρας
1169 5330 1183 5345 ⁸
1275 5313 1473 5380 οἵτινες
1509 5362 1524 5392 ,
1605 5312 1664 5370 εὖ
1744 5313 1893 5397 οῖδα,

238 5408 339 5464 καὶ
432 5402 634 5460 τούτων
714 5399 932 5461 πλείονα
1018 5406 1107 5462 καὶ
1192 5402 1512 5484 σαφέστερον
1596 5400 1894 5483 διηγήσον-

327 5563 394 5617 ¹⁰
423 5560 628 5629 Matth.
655 5576 794 5651 xxv,
826 5562 927 5635 40.

2064 3343 2240 3408 ΧΧΧ.
2288 3343 2621 3425 Egressuri
2667 3362 2814 3409 uero
2865 3346 3150 3410 diximus
3197 3346 3511 3427 praefecto,
3569 3354 3631 3413 et

1984 3435 2081 3497 his
2111 3437 2214 3513 qui
2242 3433 2495 3497 aderant
2526 3455 2546 3496 :
2579 3433 2778 3498 Hasce
2811 3436 3075 3511 litteras,
3122 3435 3307 3513 probe
3336 3439 3627 3512 scitis,vi-

1985 3526 2192 3587 dentes
2221 3522 2555 3587 Cherubim
2586 3525 2914 3602 recedent;
2939 3525 3366 3604 ﬂammeusque
3383 3525 3626 3606 gladius

1989 3620 2158 3692 terga
2205 3613 2356 3675 dans
2403 3614 2693 3693 paradisi
2742 3611 2911 3675 nobis
2940 3615 3228 3677 concedet
3260 3620 3622 3692 ingressum,

1983 3708 2091 3782 qui
2118 3709 2359 3764 nostros
2386 3700 2588 3765 uultus
2619 3711 2989 3776 revereatur,
3023 3703 3115 3766 sic
3136 3705 3627 3787 propudiosepro

1984 3794 2288 3854 communi
2316 3789 2578 3853 Domino
2608 3803 2917 3854 exaratos.
2952 3792 3070 3856 Uni
3089 3795 3253 3857 enim
3281 3812 3512 3871 sumus,
3559 3798 3628 3859 in

1985 3898 2133 3962 quos
2162 3898 2200 3943 a
2226 3882 2454 3944 saeculo
2483 3882 2777 3960 ejusmodi
2805 3881 2998 3945 scelus
3020 3892 3334 3963 patratum
3360 3888 3461 3948 sit.
3495 3883 3627 3949 No-

1983 3988 2244 4050 vumque
2296 3971 2406 4034 hoc
2470 3970 2711 4034 subtilis
2765 3974 3082 4035 cruciandi
3111 3977 3275 4037 artis
3308 3976 3628 4039 inuentum

1984 4067 2073 4124 est
2105 4078 2118 4121 :
2154 4077 2271 4142 quo
2311 4063 2440 4141 ipso
2470 4061 2795 4124 clementes
2817 4062 3180 4126 exhibuistis
3204 4071 3388 4144 atque
3413 4064 3627 4129 huma-

1984 4168 2117 4228 nos,
2153 4159 2439 4233 quotquot
2466 4151 2788 4214 adversum
2822 4153 3238 4216 Christianum
3269 4155 3488 4235 dogma
3519 4158 3626 4234 fu-

1984 4247 2102 4303 riis
2132 4243 2350 4305 invecti
2382 4248 2635 4322 tyranni
2678 4242 3022 4305 crevierunt.
3090 4242 3161 4304 In
3214 4244 3369 4322 facie
3423 4254 3628 4308 autem

1046 4333 1136 4390 καὶ
1219 4334 1292 4398 εἰς
1381 4332 1676 4412 ἀνάγνωσιν
1775 4333 1898 4398 ὅμτν

1988 4332 2223 4395 Christi
2249 4349 2499 4410 prorsus
2527 4337 2884 4412 agnoscetis,
2907 4333 3384 4415 prostabuntque
3411 4334 3505 4397 has
3531 4333 3629 4398 lit-

1984 4431 2136 4485 tera:
2166 4431 2230 4483 ut
2279 4440 2317 4482 a
2375 4421 2545 4485 vobis
2592 4421 2899 4503 legantur.
2962 4422 3091 4502 Ipse
3118 4440 3384 4505 namque
3411 4425 3575 4488 dixit
3609 4445 3624 4489 :

1988 4535 2014 4567 σ
2051 4510 2437 4593 ραωσαιιᾳιιθ
2464 4514 2696 4590 fecistis
2723 4519 2836 4575 uni
2882 4532 2962 4576 ea:
3013 4512 3109 4576 his
3150 4515 3446 4590 minimis,
3473 4515 3632 4577 mihi

1983 4602 2218 4678 fecistis
2251 4602 2330 4663 ιο.
2368 4626 2395 4656 ιο

2025 4688 2358 4754 XXXI.Hos
2367 4707 2675 4754 sermones
2692 4699 2757 4753 ut
2769 4709 2848 4754 ea:
2860 4692 3152 4773 praefecto
3162 4694 3360 4759 audiit
3370 4695 3633 4776 impera-

1985 4778 2267 4854 tor,istud
2277 4778 2588 4842 dicendum
2600 4785 2861 4860 putavit,
2870 4785 3210 4857 rationum,
3215 4791 3391 4861 puto,
3398 4790 3632 4864 perspi-

1982 4870 2213 4931 cuitate
2233 4871 2551 4931 attonitus:
2580 4869 2649 4930 id
2669 4886 2775 4950 ego
2797 4869 2851 4930 si
2871 4886 3076 4931 verum
3098 4887 3227 4932 esse
3245 4877 3631 4954 scirem,eum

1982 4958 2049 5019 in
2066 4956 2309 5020 modum
2324 4975 2472 5020 meae
2489 4958 2686 5020 omnis
2699 4957 2894 5035 plebis
2910 4958 3181 5021 vultibus
3197 4959 3329 5022 haec
3343 4961 3628 5024 inscribe-

1982 5045 2264 5109 remJVos
2274 5064 2578 5123 vero,cum
2591 5046 2720 5109 alia
2744 5064 2976 5127 quoque
2988 5047 3172 5126 plura
3193 5049 3470 5121 sinl,haec
3490 5048 3629 5112 bre-

1981 5137 2115 5199 uius
2135 5137 2719 5215 declaravimus,qui
2730 5152 2943 5198 eorum
2966 5153 3097 5214 quae
3113 5145 3282 5215 gesta
3301 5139 3628 5215 sunt,mul-

1980 5235 2071 5289 tos
2091 5233 2263 5289 testes
2282 5225 2629 5301 habeamus,
2666 5243 2815 5306 quos
2868 5225 3012 5288 bene
3029 5227 3154 5288 scio
3176 5227 3335 5290 hisce
3353 5227 3541 5309 plura
3570 5237 3627 5293 et

1978 5317 2251 5396 apertius
2263 5334 2386 5379 esse
2398 5314 3455 5397 narraturos,quiscilicetquastunc
3464 5320 3629 5398 facta

1976 5402 2260 5487 dictaque
2268 5414 2409 5469 sunt
2416 5404 2600 5473 .nobis
2612 5404 2825 5469 melius
2840 5405 3461 5488 observarunt.Neque
3472 5410 3631 5475 enim
