4020 6142
396 273 514 340 683

1705 267 1984 338 MENSIS
2022 263 2448 336 DECEMBER.

3639 259 3751 332 684

397 429 466 472 ac
489 407 750 490 plus,qui
776 409 905 489 ipse
926 417 1162 488 quoque
1203 405 1397 490 aliqua
1418 409 1648 471 ratione
1671 427 1804 470 cum
1833 407 2019 470 athle-

2113 410 2307 484 τρόπον
2363 407 2479 467 τινά
2527 408 2619 464 καί
2675 407 2832 472 αὐτὸς
2864 406 3116 469 κοινωνὸς
3149 405 3292 462 εἶναι
3334 418 3452 471 τοῖς
3495 404 3754 472 ἀθληταῖς

396 499 472 560 tis
494 514 844 559 coronarum
871 497 1069 558 socius
1091 515 1221 558 esse
1240 495 1543 572 studebat,
1569 497 1729 558 beati
1760 499 1868 559 viri
1895 515 2031 558 cor-

394 587 780 667 pusApamea
801 586 1239 649 Chalcedonam
1265 586 1544 647 transfert
1570 607 1582 648 :
1611 588 1768 667 quod
1789 588 2031 667 quidem

396 681 699 756 perpetuis
721 675 971 736 canticis
995 675 1530 755 prosequebantur,
1555 687 1613 738 et
1647 676 1940 756 manibus,
1973 684 2035 736 ut

395 783 502 844 par
533 771 642 836 est,
679 763 994 843 portabant
1027 763 1368 825 sacerdotes
1398 772 1455 825 et
1486 766 1779 826 monachi.
1816 764 1941 836 Quo
1970 766 2030 826 in

395 854 530 914 loco
553 870 686 913 cum
704 870 936 912 sacrum
953 851 1306 913 aediﬁcasset
1328 852 1909 928 monasterium,i|lic
1935 855 2032 914 de-

395 941 559 1020 ponit
591 939 931 1002 thesaurum
968 957 981 1001 :
1019 949 1077 1001 et
1112 959 1268 1001 nunc
1300 941 1577 1002 omnibus
1608 942 2032 1004 accedentibus

391 1029 606 1091 animae
636 1028 823 1090 robur
853 1036 1089 1108 praestat
1117 1048 1184 1091 ac
1213 1030 1511 1110 corporis,
1545 1042 1725 1107 atque
1756 1035 1830 1091 ab
1862 1031 2030 1092 omni

393 1117 600 1178 morbo
645 1125 702 1178 et
737 1119 1017 1198 languore
1049 1118 1264 1180 liberat
1294 1139 1310 1193 ;
1343 1119 1416 1179 ad
1449 1116 1684 1180 laudem
1710 1118 1814 1180 Dei
1839 1120 2031 1183 Patris

391 1227 461 1270 ac
490 1206 732 1270 Domini
762 1208 947 1269 nostri
977 1208 1118 1271 Jesu
1145 1207 1389 1287 Christi,
1419 1227 1600 1283 nunc,
1636 1217 1693 1270 et
1719 1209 1778 1268 in
1813 1207 2031 1271 saecula

393 1295 774 1360 saeculorum.
803 1297 1024 1358 Amen.

2118 496 2462 572 βουλόμενος,
2531 498 2627 564 τὴν
2715 505 2806 553 τοῦ
2883 499 3143 574 μακαρίου
3230 496 3418 551 τούτου
3505 493 3757 568 σώματος

2120 585 2482 661 μετακομιδὴν
2543 586 2600 642 ἐκ
2653 588 2746 652 τῆς
2798 583 3085 658 Ἀπαμέων
3147 584 3230 638 ἐπὶ
3289 585 3384 650 τὴν
3439 582 3762 647 Χαλκηδόνα

2118 688 2378 748 ποιεῖται,
2424 673 2608 748 ὕμνοις
2669 674 2722 739 ἒξ
2793 675 2969 749 ὕμνων
3030 675 3186 729 αὐτοῦ
3243 692 3761 748 παραπεμπομενου,

2117 767 2203 820 καὶ
2259 766 2444 843 χερσὶν
2489 763 2670 838 ἱερέων
2719 765 2807 821 καὶ
2857 768 3138 841 μοναχῶν,
3195 763 3266 822 ὣς
3297 761 3468 835 θέμις,
3505 760 3767 835 διακομι-

2117 852 2360 928 ζομένου.
2410 853 2482 909 Οῦ
2524 851 2588 920 δὴ
2631 855 2718 909 καὶ
2776 854 2912 930 ἱερὸν
2955 849 3271 925 δειμάμενος
3329 850 3768 928 φροντιστήριον,

2118 943 2293 998 ἐκεῖσε
2353 945 2445 997 τὸν
2498 944 2762 1017 Θησαυρὸν
2822 941 3127 996 ἀποτίθεται
3167 959 3179 970 ·
3227 943 3323 994 καὶ
3358 946 3445 994 νῦν
3489 938 3600 994 ἐστι
3632 944 3772 993 πᾶσι

2115 1045 2232 1094 τοῖς
2277 1037 2552 1108 προσιοῦσι
2614 1032 2868 1110 παρέχων
2912 1029 3071 1106 ῥῶσιν
3119 1033 3331 1108 ψυχῆς,
3376 1028 3538 1104 ῥῶσιν
3570 1027 3770 1100 σώμα-

2114 1144 2230 1198 τος,
2286 1121 2480 1182 παντὸς
2529 1121 2830 1195 νοσήματος
2892 1119 2980 1172 καὶ
3024 1118 3219 1180 πάθους
3277 1115 3624 1192 ἀπαλλαγὴν,
3687 1116 3771 1177 εἰς

2117 1208 2268 1274 δόξαν
2301 1217 2431 1267 Θεοῦ
2460 1211 2555 1265 καί
2587 1210 2813 1285 Πατρὸς,
2849 1208 2936 1262 καὶ
2995 1207 3181 1283 Κυρίου
3223 1205 3377 1279 ἡμῶν
3409 1203 3590 1269 Ἰἧσοῦ
3625 1211 3771 1279 Χρι-

2119 1307 2244 1356 στοῦ
2274 1305 2362 1354 νῦν
2395 1301 2480 1354 καὶ
2509 1301 2582 1363 εἷς
2615 1300 2734 1361 τοὺς
2767 1298 2962 1358 αἰῶνας
2994 1301 3098 1350 τῶι
3133 1294 3358 1356 αἰώνων,
3395 1291 3594 1368 Ἀμήν.

388 1466 3705 1501 W

880 1641 1531 1728 ΥΠΟΜΝΗΜΑ
1600 1648 1771 1730 ΕΙΣ
1845 1647 2070 1730 TON

2163 1644 2500 1728 AI‘ION
2577 1639 3268 1728 ΑΠΟΣΤΟΛΟΝ

1682 1872 2494 2000 ΙΩΑΝΝΗΝ

1450 2116 1578 2164 TON
1629 2113 2135 2164 ΕΥΑΓΓΕΛΙΣΤΗΝ
2185 2116 2294 2164 ΚΑΙ
2343 2109 2719 2166 ΘΕΟΛΟΓΟΝ.

952 2383 1832 2472 COMMENTARIUS
1916 2384 2028 2468 IN

2103 2380 2453 2467 DIVUM
2527 2379 3190 2466 APOSTOLUM

1673 2589 2486 2719 JOANNEM

1445 2820 2022 2886 EVANGELISTAM
2082 2822 2175 2887 AC
2225 2815 2709 2886 THEOLOGUM.

947 2985 1085 3052 (Dec.
1119 2984 1210 3040 27.
1244 2982 1414 3039 Graece
1444 2992 1493 3042 et
1522 2983 1697 3039 Latine
1724 2982 1786 3038 ad
1817 2983 2015 3041 calcem
2049 2981 2182 3056 Opp.
2215 2981 2505 3041 (Ecumenii
2532 2987 2657 3039 tom.
2699 2978 2766 3048 ll,
2796 2978 2967 3039 Paris.
3003 2979 3193 3050 1651.)

456 3245 503 3308 Ι.
541 3248 727 3320 Quam
762 3260 968 3324 parum
1001 3243 1154 3304 absit
1182 3243 1362 3304 homo
1423 3241 1495 3300 ab
1543 3239 1795 3322 angelis,
1826 3239 2014 3320 quod-

2181 3245 2266 3301 A’.
2319 3239 2451 3299 "Ott
2510 3243 2586 3316 μὴ
2643 3240 2778 3299 πολὺ
2835 3246 2942 3297 τῶν
2997 3238 3240 3320 ἀγγέλων
3299 3239 3607 3321 ὰφιστηκεν
3665 3237 3758 3293 ἄν·

377 3353 496 3417 que
525 3335 639 3415 ipsi
673 3331 953 3411 possibile
1004 3331 1082 3393 sit
1110 3349 1227 3393 una
1258 3347 1392 3390 cum
1445 3327 1567 3389 illis
1598 3329 1842 3407 versari,
1871 3328 2023 3390 vici-

379 3428 634 3503 niusque
665 3421 967 3494 assistere,
1013 3421 1134 3480 imo
1195 3417 1372 3480 etiam
1407 3417 1595 3479 Deum
1628 3417 1846 3480 imitari
1882 3435 2020 3498 pos-

381 3511 768 3589 sit,quodque
792 3509 978 3569 multo
1003 3508 1194 3587 majus
1217 3515 1328 3585 est,
1354 3506 1512 3568 ﬁlius
1536 3505 1694 3567 illius
1713 3507 1876 3586 juxta
1895 3524 2023 3584 gra-

379 3602 520 3662 tiam
540 3598 991 3678 efﬁci,ostendit
1013 3615 1134 3674 prae
1151 3595 1428 3656 omnibus
1452 3613 1700 3671 magnus
1723 3594 1820 3656 hic
1839 3612 2021 3657 evan-

378 3690 588 3768 gelista
609 3695 667 3749 et
687 3686 1025 3766 apostolus:
1048 3693 1234 3746 matre
1249 3685 1488 3763 quidem
1517 3684 1758 3761 Virgine
1779 3684 2017 3764 ditatus,

377 3778 601 3855 dignus
624 3783 823 3837 autem
851 3774 1086 3836 habitus
1109 3774 1209 3850 qui
1237 3773 1458 3836 Christi
1478 3773 1662 3834 lrater
1694 3781 2017 3847 vocaretur,

377 3865 617 3943 ipsique
676 3864 868 3924 factus
923 3863 1122 3924 socius
1184 3869 1244 3924 et
1295 3867 1590 3942 particeps
1640 3878 2015 3922 arcanorum.

374 3952 599 4014 Verum
633 3951 823 4031 ipsam
844 3960 902 4011 et
923 3951 1123 4012 divina
1146 3951 1386 4012 oracula
1403 3969 1545 4012 voce
1580 3950 1832 4011 maxima
1864 3967 2019 4028 prae-

375 4041 577 4102 dicant
599 4040 707 4101 Dei
734 4040 794 4100 in
813 4039 1011 4118 seipso
1060 4039 1354 4118 magnalia
1381 4059 1395 4100 :
1449 4047 1706 4100 attamen
1738 4039 1796 4098 id
1825 4038 2018 4098 mani-

373 4129 586 4192 festius
605 4146 802 4189 sermo
819 4127 992 4188 nobis
1008 4146 1077 4189 ex
1088 4125 1470 4208 plicabitHic
1491 4128 1650 4189 enim
1678 4125 1858 4188 Verbi
1879 4143 2016 4206 vox,

372 4218 530 4279 ﬁlius
545 4217 1158 4291 tonitrui,universum
1177 4215 1596 4296 praedicatione
1613 4215 2017 4294 comprehen-

371 4307 521 4368 dens
543 4306 748 4368 orbem
772 4326 785 4363 :
813 4314 871 4366 et
894 4307 1051 4385 quod
1077 4305 1340 4365 omnium
1370 4305 1561 4382 majus
1585 4305 2017 4384 est,solumque

371 4395 433 4456 in
467 4413 532 4456 se
559 4395 885 4468 sufﬁciens,
905 4395 1161 4454 dilectus
1189 4392 1264 4454 ab
1294 4392 1424 4470 ipso
1456 4394 1689 4454 Christo
1724 4411 1879 4472 meo,
1907 4411 2014 4472 pa-

372 4482 548 4574 triam
573 4482 811 4574 quidem
838 4500 957 4541 non
983 4480 1917 4574 habuit‘civitatemaliquam,sed
1942 4501 2011 4542 ex
2032 4525 2070 4574 ο

373 4571 474 4630 vili
506 4569 760 4649 quodam
811 4588 957 4649 pago
1011 4576 1070 4629 et
1115 4567 1348 4647 abjecta
1400 4571 1646 4649 regione
1677 4577 1848 4631 natus
1898 4578 2007 4634 est.

369 4657 738 4721 Conﬁrmant
762 4657 921 4717 hunc
945 4674 1286 4718 sermonem
1311 4658 1544 4734 scribae,
1575 4659 1843 4720 dicentes
1873 4677 2011 4739 pro-

371 4747 610 4827 phetam
645 4763 715 4807 ex
745 4745 988 4808 Galilaea
1047 4764 1164 4806 non
1195 4748 1530 4809 surrexisse
1567 4768 1580 4808 :
1613 4747 1926 4810 conﬁrmat
1953 4758 2012 4810 et

363 4835 468 4904 ille
496 4853 635 4897 vere
657 4834 1325 4910 Israelita,contendens
1356 4837 1582 4897 nullum
1618 4837 1837 4898 bonum
1877 4855 2011 4899 esse

360 4943 541 5007 posse
597 4943 632 4985 a
681 4923 970 4986 Nazaretb
1004 4924 1050 4988 1.
1096 4924 1180 4985 Ex
1216 4926 1326 4988 hac
1356 4926 1538 5005 igitur
1570 4926 1688 5002 hic,
1725 4934 1782 4988 et
1813 4945 1882 4987 ex
1916 4927 2012 4987 tali

363 5021 564 5076 tantus
600 5013 1092 5087 sacerdos,veluti
1127 5032 1327 5075 ramus
1361 5017 1600 5095 quidam
1636 5014 1960 5095 productus
1990 5034 2004 5075 :

361 5110 530 5183 patre
551 5120 791 5182 quoque
825 5102 1212 5163 conformiter
1243 5105 1313 5164 ad
1361 5105 1608 5184 patriam
1655 5103 1925 5182 abjcctus
1956 5111 2014 5164 et

360 5189 902 5270 obscurus,nempe
936 5192 1232 5271 piscatore
1254 5211 1322 5253 ac
1352 5197 1720 5274 paupere.Et
1750 5192 1848 5254 hic
1880 5192 2005 5272 qui-

2105 3335 2337 3410 Θρωπος,
2397 3331 2485 3387 καὶ
2528 3331 2611 3387 ὅτι
2668 3329 2885 3387 δυνατὸν
2945 3330 3086 3404 αὑτῷ
3143 3327 3261 3406 μετ’
3318 3329 3534 3386 ἐκείνων
3583 3328 3752 3402 εἶναι,

2106 3421 2194 3476 καὶ
2249 3421 2448 3476 τούτων
2493 3420 2649 3498 ἐγγὺς
2709 3419 2947 3499 ἑστάναι,
2992 3417 3198 3494 μᾶλλον
3259 3423 3356 3494 μὲν
3418 3418 3508 3474 οὗν
3539 3417 3622 3473 ὅτι
3666 3417 3758 3474 καὶ

2106 3511 2236 3566 Θεὸν
2285 3509 2619 3584 μιμήσασθαι
2678 3507 2911 3588 δύναται,
2972 3509 3059 3564 καὶ
3107 3509 3168 3565 τό
3197 3529 3260 3586 γε
3290 3506 3501 3582 πολλῷ,
3529 3513 3748 3586 μεῖζον,

2103 3598 2211 3660 υἱός
2269 3596 2468 3655 ἐκείνου
2523 3597 2659 3655 κατά
2710 3598 2869 3677 χάριν
2922 3596 3188 3676 γενέσθαι,
3247 3595 3469 3656 δείκνυσι
3512 3594 3750 3670 μάλιστα

2105 3687 2315 3744 πάντων
2359 3689 2387 3742 6
2446 3687 2614 3766 μέγας
2655 3688 2803 3748 οὗτος
2863 3684 3248 3764 εῦαγγελιστὴς
3288 3688 3378 3743 καὶ
3420 3684 3746 3758 ἀπόστολος,

2103 3777 2310 3856 μητέρα
2379 3777 2478 3851 μὲν
2531 3777 2630 3843 τὴν
2702 3775 2964 3854 Παρθένον
3023 3774 3351 3848 πλουτήσας,
3414 3773 3641 3852 ἀδελφὸς
3693 3771 3749 3829 δὲ

2104 3871 2329 3944 Χριστοῦ
2370 3865 2634 3934 κληθῆναι
2695 3863 2954 3938 ἀξιωθεὶς,
3001 3866 3090 3921 καὶ
3139 3865 3392 3930 κοινωνὸς
3441 3866 3584 3938 αὖτῷ
3641 3869 3750 3920 τῶν

2101 3953 2414 4033 ἀπορρήτων
2471 3955 2783 4033 γενόμενος.
2844 3951 3010 4010 Ἀλλᾶ
3068 3955 3175 4012 τῶν
3246 3953 3345 4029 μὲν
3400 3951 3523 4010 κατ’
3585 3954 3748 4011 αὐτὸν

2100 4049 2193 4100 τοῦ
2237 4046 2369 4100 Θεοῦ
2428 4043 2724 4122 μεγαλείων
2783 4043 2915 4101 αὑτά
2956 4043 3022 4100 τά
3079 4041 3570 4123 μεγαλοφωνότατα
3625 4045 3747 4098 θεῖα

2102 4130 2258 4209 λόγια
2317 4132 2543 4210 κήρυκες
2578 4149 2594 4164 ⁸
2658 4129 2888 4198 δηλώσει
2947 4128 3002 4187 δὲ
3071 4129 3218 4206 ὅμῳς
3276 4130 3598 4211 σαφέστερον
3656 4133 3747 4187 καὶ

2100 4221 2239 4296 ἡμῖν
2285 4222 2312 4275 6
2342 4218 2529 4296 λόγος.
2561 4219 2724 4283 Οὗτος
2775 4220 2874 4297 γάρ
2919 4221 2954 4289 ἡ
3012 4222 3107 4278 τοῦ
3162 4221 3334 4298 Λόγου
3378 4220 3553 4300 φωνὴ,
3586 4221 3616 4275 ὁ
3647 4219 3744 4287 τῆς

2097 4309 2321 4385 βροντῆς
2391 4309 2524 4387 υἱὸς,
2563 4311 2591 4364 6
2645 4309 2743 4376 τὴν
2794 4307 3107 4383 οἰκουμένην
3166 4316 3243 4384 τῷ
3291 4309 3594 4388 κηρύγματι
3642 4315 3744 4365 πᾶ-

2097 4419 2194 4454 σαν
2248 4395 2574 4477 περιλαϐὼν,
2629 4399 2718 4453 καὶ
2776 4398 2804 4452 ὃ
2874 4397 3086 4453 πάντων
3147 4405 3354 4477 μεῖζον,
3417 4400 3504 4455 καὶ
3573 4398 3743 4474 μόνον

2096 4487 2308 4565 ἀρκοῦν,
2370 4488 2396 4542 6
2453 4494 2529 4561 τῷ
2613 4487 2730 4560 ὲμῷ
2809 4485 3161 4562 ἦγαπημένος
3223 4493 3454 4566 Χριστῷ,
3515 4486 3742 4567 πατρίδα

2094 4575 2193 4651 μὲν
2247 4571 2492 4650 οὐδεμίαν
2548 4573 2679 4654 ’ἔσχε
2737 4579 2842 4630 τῶν
2897 4574 3127 4650 πόλεων,
3179 4575 3242 4632 ἐκ
3288 4574 3478 4651 κώμης
3510 4572 3565 4631 δέ
3593 4596 3739 4640 τινος

2094 4661 2334 4729 εὐτελοῦς
2395 4665 2485 4721 καὶ
2542 4663 2727 4743 χώρας
2802 4663 2986 4742 γέγονε
3051 4663 3397 4743 φαυλοτέρας.
3459 4662 3738 4722 Βεϐαιοῦσι

2093 4755 2182 4810 τὸν
2239 4751 2400 4830 λόγον
2449 4755 2495 4808 οἱ
2553 4753 2922 4830 γραμματεῖς,
2977 4754 3260 4832 προφήτην
3312 4752 3373 4808 ἐκ
3422 4754 3521 4821 τῆς
3571 4753 3743 4811 Γαλιο

2093 4840 2243 4905 λαίας
2277 4841 2353 4916 μὴ
2396 4840 2680 4919 ἐγηγέρθαι
2750 4840 3019 4919 λέγοντες.
3077 4839 3413 4898 Ἐπιϐεϐαιοϊ
3463 4840 3520 4897 δὲ
3565 4844 3655 4899 καὶ
3712 4845 3742 4898 6

2092 4924 2306 4996 ἀλήθῶς
2391 4928 2753 5009 ’[σραηλίτης,
2822 4928 2958 5005 μηδέ
3027 4949 3074 4986 τι
3153 4929 3330 5007 ἕτερον
3387 4930 3448 4987 ἐκ
3500 4933 3739 5011 Ναζαρὲτ

2092 5019 2287 5097 ἀγαθὸν
2344 5019 2488 5076 εἶναι
2546 5017 2790 5076 δύνασθαι
2869 5018 3290 5094 διατεινόμενος.
3351 5020 3558 5087 Ταύτης
3616 5043 3738 5077 τοι-

2093 5115 2286 5187 γαροῦν
2342 5109 2495 5172 οὗτος
2553 5110 2641 5164 καὶ
2697 5108 2944 5174 τοιαύτης
3000 5111 3027 5164 6
3098 5107 3411 5176 τηλικοῦτος
3468 5112 3607 5188 ἱερὸς
3667 5112 3740 5176 ὥς

2092 5219 2172 5262 τις
2231 5195 2422 5262 κλάδος
2467 5196 2770 5278 ἀναδοθείς,
2824 5200 2911 5254 καὶ
2979 5200 3177 5278 πατρὸς
3237 5201 3434 5276 ὁμοίως
3502 5199 3599 5280 ἔφυ
3669 5207 3741 5278 τῇ

2558 4445 2574 4478 2

356 5276 494 5336 dem
534 5280 820 5369 puerilem
856 5280 977 5358 jam
1009 5288 1236 5341 aetatem
1285 5300 1564 5360 egressus
1596 5291 1724 5344 erat
1759 5303 1771 5340 :
1829 5300 2003 5361 porro

2103 5285 2296 5367 πατρίδι
2354 5288 2461 5344 τῶν
2505 5276 2872 5345 εὐτελῶν-καὶ
2930 5276 3175 5369 ἀσῆμὼν,
3241 5289 3430 5355 ἁλιέως
3484 5276 3572 5345 καὶ
3628 5276 3737 5347 πέεξ

353 5365 731 5460 paterﬁlium
752 5367 825 5428 ad
849 5368 1008 5460 idem
1038 5370 1336 5460 opiﬁcium
1365 5371 1639 5452 assumit,
1675 5372 2003 5452 piscatoriae

2103 5365 2269 5444 ρητος.
2320 5377 2417 5435 Καὶ
2461 5378 2488 5433 6
2551 5377 2647 5453 μὲν
2699 5375 2801 5444 ἤδη
2852 5377 2948 5444 τὴν
3013 5385 3105 5434 τοῦ
3141 5365 3326 5442 παιδὸς
3357 5377 3568 5447 ἡλικίαν
3597 5403 3737 5460 παρ-

353 5451 499 5514 artis
517 5453 818 5516 baeredem
845 5456 1040 5537 ipsum
1061 5458 1352 5528 efﬁciens,
1387 5461 1550 5524 Artis
1580 5451 1781 5542 itaque
1804 5463 2002 5525 socius

2103 5463 2310 5543 ἤμειϐεν
2345 5482 2358 5497 '
2423 5469 2450 5522 6
2494 5451 2561 5522 6‘s
2602 5466 2803 5548 πατὴρ,
2838 5465 2920 5524 ἐπὶ
2980 5467 3080 5534 τὴν
3123 5467 3288 5536 αὐτὴν
3337 5471 3582 5548 ἔργασίαν
3638 5451 3732 5528 τδν

435 5582 456 5626 ¹
482 5583 654 5647 Joan.
688 5601 796 5661 vn,
831 5587 930 5652 62.
