4056 6142
236 324 355 388 685
1432 324 1618 393 VITA
1662 329 1723 391 S.
1767 329 1866 391 J02

1952 328 2089 392 'le
2133 328 2424 395 EVANG.
2887 309 2892 315 ’
3488 338 3606 406 686

234 454 404 514 παῖδα
474 455 923 538 παραλαμκάνει,
1003 457 1329 536 κληρονόμον
1410 465 1507 527 τῆς
1563 460 1866 526 ἁλιευτικῆς

1962 471 2087 524 erat
2114 463 2273 524 filius
2305 463 2456 543 patri
2494 483 2506 526 :
2545 469 2604 524 et
2659 462 2968 527 familiaris
3000 483 3068 529 ac
3121 465 3449 530 domestica
3481 480 3608 532 erat

234 545 622 622 ποιησάμενος.
689 546 990 606 Ἐκοινώνει
1023 548 1120 623 μὲν
1151 548 1239 604 οὖν
1268 555 1365 616 τῆς
1416 549 1614 630 τέχνης
1668 553 1694 606 6
1748 563 1876 616 παῖς

226 641 306 708 τῷ
358 636 537 715 πατρὶ,
599 636 685 692 καὶ
743 635 807 703 ἧν
870 637 1193 716 ἀμφοτέροις
1239 639 1482 702 σύνοικος
1525 642 1560 708 ἡ
1607 641 1780 701 πενία.
1818 640 1876 697 Τί

230 725 334 801 γὰρ
363 724 676 801 πενέστερον
738 724 857 801 ἕψοι
902 748 978 790 τις
1022 725 1083 781 ἂν
1142 728 1313 783 εἰπεῖν
1371 726 1586 801 ἀλιέων,
1629 727 1656 794 ἥ
1719 728 1872 784 εὖτε-

272 813 282 831 ,
561 803 588 826 τ
727 814 753 828 υ
1375 819 1398 829 δ

226 812 526 892 λέστερον;
581 825 652 869 av
699 836 784 880 εις
817 816 904 871 καὶ
960 815 1111 878 οὗτος
1168 817 1234 882 ἧν
1281 819 1308 872 6
1337 839 1434 883 της
1466 817 1710 884 ἀληθείος
1763 821 1868 888 κή-

227 902 317 981 ρυξ
350 925 403 958 τε
453 905 539 960 καὶ
595 902 927 969 διδάσκαλος.
970 906 1066 962 Καὶ
1126 907 1182 961 τὸ
1247 928 1303 983 γε
1357 914 1540 982 μεῖζον
1587 909 1660 972 εἷς
1720 910 1868 964 εὖτε·

226 991 372 1054 λείας
432 991 715 1068 ἀπόδειξίν,
776 992 855 1049 ὅτι
908 991 1042 1069 μηδέ
1101 994 1207 1050 ἀπὸ
1264 1001 1360 1063 τῆς
1421 995 1690 1064 θαλάσσης
1742 998 1864 1066 ἐθήο

225 1103 399 1161 ρευεν,
446 1079 566 1137 ἀλλ’
623 1082 674 1136 ἓν
727 1105 826 1139 τινι
889 1085 1116 1163 βραχείᾳ
1146 1083 1307 1161 λίμνῃ
1341 1085 1546 1161 σύναμα
1599 1091 1674 1159 τῷ
1716 1088 1870 1165 πατρῖ

221 1173 319 1227 καῖ
368 1171 447 1245 τῷ
495 1169 702 1252 ἀδελφῴ
773 1171 1016 1245 Ἰακώϐῳ
1071 1171 1291 1250 διέτριϐε
1349 1176 1436 1230 καὶ
1501 1176 1618 1252 περὶ
1675 1178 1871 1242 ταύτην

225 1261 546 1340 ἐστρέφετο,
610 1259 924 1340 διεῤῥωγότα
992 1263 1089 1336 μὲν
1159 1263 1370 1339 ράπτων
1429 1262 1604 1322 δίκτυα
1663 1266 1716 1342 (ὃ
1785 1269 1870 1322 καὶ

227 1350 357 1406 αὐτὸ
399 1351 580 1414 πενίας
610 1352 708 1416 τῆς
743 1351 980 1430 ἐσχάτης
1009 1351 1311 1430 ἐτύγχανε),
1347 1359 1414 1429 τῇ
1473 1351 1525 1408 δὲ
1583 1361 1686 1411 τῶν
1744 1377 1870 1434 χει-

224 1446 332 1517 ρῶν
381 1440 596 1517 ἐργασίᾳ
672 1440 770 1507 τὴν
859 1441 963 1496 τῶν
1045 1440 1344 1520 ἀναγκαίων
1403 1445 1869 1520 παραμυθούμενος

227 1527 450 1588 ἔνδειαν.
499 1526 822 1596 Ἑλληνικῆς
869 1530 964 1606 μὲν
1008 1537 1096 1587 οῦν
1153 1529 1390 1596 παιδείας
1450 1547 1706 1611 μετεῖχεν
1755 1532 1869 1590 οὖδέ

225 1619 431 1698 βραχύ,
492 1621 588 1676 Καὶ
633 1619 830 1697 μάρτυς
889 1621 916 1675 6
959 1623 1102 1682 θεῖος
1168 1626 1394 1695 Λουκᾶς,
1455 1619 1672 1688 ἰδιώτην
1716 1624 1870 1679 «trav

222 1708 515 1766 ἀποκαλῶν
573 1709 668 1765 καὶ
726 1709 1097 1786 ἀγράμματον,
1136 1708 1243 1767 ’Ἐν
1296 1710 1450 1768 τοῦτο
1495 1712 1655 1787 μόνον
1715 1713 1870 1792 εἶχεν

1960 551 2194 632 utrique
2229 560 2546 632 paupertas
2583 574 2594 615 :
2632 552 2771 633 quid
2805 553 2964 616 enim
2999 558 3319 636 pauperius
3350 564 3408 620 et
3434 556 3604 639 abje-

1957 641 2110 703 ctius
2140 641 2346 705 dicere
2375 641 2668 722 quispiam
2703 643 3130 725 poterit,quam
3166 644 3286 707 sint
3344 648 3603 727 piscato-

1955 733 2098 791 res?
2135 750 2390 808 quorum
2423 732 2515 792 hic
2564 749 2721 793 unus
2773 742 2899 794 erat
2954 751 3148 813 praeco
3206 735 3477 798 veritatis
3537 754 3605 800 ac

1955 830 2311 900 praeceptor.
2332 820 2624 900 Quodque
2657 821 2848 900 majus
2880 829 2970 883 est
2998 821 3071 884 ad
3102 823 3458 904 abjectionis
3491 825 3608 888 de-

1957 909 2474 989 monstrationem,
2509 929 2626 971 nou
2676 911 2733 971 iu
2791 911 2938 972 mari
2989 911 3350 991 piscabatur,
3385 915 3493 976 sed
3544 915 3606 978 in

1955 997 2118 1061 brevi
2155 999 2411 1080 quodam
2444 998 2576 1061 lacu
2607 1019 2725 1062 una
2757 1019 2892 1062 cum
2954 1008 3118 1082 patre
3177 1009 3236 1063 et
3289 1002 3470 1064 fratre
3497 1003 3604 1066 Ja-

1955 1086 2102 1150 cobo
2138 1088 2505 1169 versabatur,
2539 1096 2715 1169 rupta
2767 1089 3034 1151 sarclens
3087 1091 3241 1153 retia
3303 1092 3483 1172 (quod
3548 1102 3606 1155 et

1957 1177 2150 1256 ipsum
2180 1187 2460 1240 extrema:
2485 1179 2847 1259 paupertatis
2875 1183 3026 1248 erat)
3050 1198 3118 1241 ac
3153 1197 3432 1243 manuum
3453 1183 3598 1244 arti-

1955 1265 2089 1328 ﬁcio
2111 1267 2430 1330 consolans
2453 1268 2928 1329 necessariorum
2955 1267 3368 1346 indigentiam.
3401 1272 3604 1352 Itaque

1956 1356 2310 1418 Graecanica:
2335 1357 2668 1438 disciplinae
2685 1375 2760 1418 ne
2785 1357 2844 1418 in
2887 1356 3117 1419 modico
3141 1358 3386 1438 quidem
3415 1362 3602 1440 parti-

1956 1463 2094 1524 ceps
2120 1454 2270 1506 enat.
2309 1445 2485 1524 Cujus
2545 1446 2631 1508 rei
2692 1447 2864 1508 testis
2925 1454 3014 1507 est
3069 1446 3233 1508 divus
3286 1447 3472 1510 Lucas
3509 1450 3604 1529 qui

1953 1531 2144 1612 ipsum
2173 1534 2415 1594 idiotam
2450 1543 2618 1597 vocat
2651 1542 2708 1596 et
2738 1535 2998 1596 alienum
3031 1554 3064 1596 a
3092 1535 3304 1596 litteris
3333 1536 3380 1594 ε.
3409 1537 3601 1600 Unum

1954 1621 2068 1683 hoc
2098 1623 2289 1684 solum
2325 1622 2578 1686 habebat
2612 1623 2848 1702 insigne
2882 1643 2996 1704 quo
3044 1634 3484 1703 agnosceretur,
3547 1635 3605 1688 et

1956 1712 2173 1773 bonum
2206 1713 2318 1776 hoc
2350 1713 2648 1775 vinculum
2678 1731 2712 1776 a
2743 1713 3008 1795 patribus
3063 1713 3353 1790 trahebat,
3386 1734 3602 1796 nempe

223 1801 310 1860 οἷς
363 1799 693 1876 ἐγνωρίζετο,
746 1800 806 1853 τὸ
867 1798 1128 1874 ἐπίσημον
1165 1846 1180 1877 ,
1243 1802 1330 1856 καὶ
1401 1801 1597 1866 ταύτην
1667 1804 1866 1879 ἀγαθὴν

1956 1800 2254 1880 pietatem.
2293 1803 2405 1866 Ubi
2466 1813 2666 1865 autem
2722 1804 3067 1866 umbraticae
3096 1803 3332 1866 nebulae
3363 1806 3603 1868 elevatae

224 1887 283 1942 ἐκ
345 1887 587 1965 πατέρων
643 1886 792 1944 εἷλκε
824 1891 1022 1960 σειροίν,
1084 1889 1182 1956 τὴν
1233 1887 1524 1952 εὗσέϐειαν,
1583 1890 1732 1947 Ἐπεὶ
1788 1889 1864 1966 δέ,

221 1978 288 2033 τά
332 1999 388 2033 τε
451 1978 550 2042 τῆς
608 1983 759 2039 σκιᾶς
809 1980 967 2056 ᾕρετο
1032 1999 1188 2057 νειρη,
1249 1979 1338 2034 καὶ
1400 1979 1464 2034 τὰ
1525 1986 1631 2035 τῶν
1690 1980 1868 2036 τύπων

225 2066 578 2140 μεταπίπτειν
611 2071 681 2129 εἰς
731 2067 826 2133 τὴν
885 2065 1135 2136 ἀλήθειαν
1180 2067 1394 2146 ἤρξατο,
1449 2069 1650 2142 καὶσὺ,
1687 2069 1863 2148 Κύριε,

227 2156 254 2212 6
314 2155 521 2220 πλάσας
573 2155 876 2230 καταμόνας
905 2157 1000 2220 τὰς
1041 2155 1253 2235 καρδίας
1307 2159 1484 2233 ἡμῶν,
1545 2161 1604 2215 οὗ
1657 2155 1867 2213 διεσκέ-

227 2242 389 2309 δασας
421 2246 521 2311 τὴν
553 2245 666 2321 μεθ’
700 2243 855 2320 ἡμῶν
898 2244 1157 2315 διαθήκην
1215 2268 1332 2322 σου,
1389 2244 1508 2302 ἀλλ’
1574 2245 1690 2302 ἰδὼν
1723 2245 1866 2312 εἶδες

225 2335 322 2402 τὴν
378 2335 616 2390 κάκωσιν
673 2341 766 2391 τοῦ
824 2333 1066 2412 Ἰσραὴλ,
1128 2337 1214 2391 καὶ
1272 2337 1410 2410 μήτε
1462 2340 1561 2401 τῆς
1617 2335 1866 2401 θεότητος

228 2422 461 2496 ἐκστὰς,
512 2423 690 2500 ἐγένου
733 2421 801 2479 δι’
859 2425 1002 2498 ἡμᾶς
1049 2423 1434 2501 ἀναμαρτήτως
1493 2424 1621 2502 ὅπερ
1678 2427 1865 2501 ἡμεῖς,

235 2514 374 2589 μήτε
431 2515 518 2570 τὸν
593 2512 684 2570 τοῦ
742 2515 931 2590 Πατρὶς
997 2513 1178 2590 θρόνον
1243 2512 1542 2592 ἀπολιπὼν,
1615 2514 1864 2588 παρθένον

241 2602 453 2676 ᾣκησας
486 2600 547 2658 δι’
608 2602 722 2679 ἐμὲ,
786 2601 866 2658 ἵν’
903 2603 1014 2680 ὶγὼ
1072 2603 1378 2671 κατοικήσω
1420 2603 1537 2668 τοὺς
1591 2603 1863 2681 οὐρανοὺς,

227 2702 316 2751 τοῦ
397 2713 454 2748 τε
515 2691 743 2749 παλαιοῦ
824 2691 1112 2768 πτώματος
1199 2691 1554 2765 ἀνακληθεὶς,
1624 2693 1712 2748 καὶ
1768 2697 1866 2759 τῆς

226 2783 485 2859 ἁμαρτίας
545 2781 869 2859 ἀπαλλαγεὶς
907 2829 920 2856 ,
993 2782 1082 2837 καὶ
1162 2781 1260 2848 τὴν
1319 2781 1547 2861 προτέρα
1612 2781 1866 2838 υἱοθεσίαν

227 2870 550 2929 ἀπολαϐών·
602 2870 702 2927 ἔδει
759 2870 812 2927 δὲ
871 2871 958 2927 καὶ
1006 2871 1246 2946 μαθητὰς
1306 2871 1451 2927 εἶναι
1513 2877 1588 2945 τῷ
1632 2871 1724 2938 τῆς
1784 2872 1870 2926 οἰ-

224 2964 478 3037 κονομίας
537 2962 810 3039 μυστηρίῳ
893 2959 1306 3030 διακονήσοντας
1344 2975 1356 2989 ⁸
1423 2961 1541 3016 τότε
1619 2958 1868 3016 καλεῖται

269 3051 284 3072 κ
350 3052 365 3076 y
456 3049 479 3069 κ
521 3051 532 3070 1
704 3052 715 3068 ι
812 3049 822 3065 ι
1454 3047 1496 3068 tu
1635 3047 1654 3071 ,ι
1754 3051 1766 3070 ς
1813 3051 1826 3070 ς

227 3073 321 3127 μεν
373 3061 605 3129 Ανορεας
636 3073 720 3107 και
751 3057 972 3129 Πετρος,
1006 3047 1389 3129 προσκαλεῖται
1450 3067 1504 3104 οε
1561 3071 1654 3104 και
1715 3071 1869 3112 αυτος

1953 1899 2111 1970 sunt,
2149 1899 2206 1954 et
2239 1911 2308 1954 ea
2342 1911 2473 1973 quae
2503 1894 2826 1975 figurarum
2879 1903 3048 1955 erant
3071 1894 3324 1956 transire
3344 1895 3405 1955 in
3436 1896 3599 1957 veri-

1954 1986 2127 2041 tatem
2162 1993 2476 2062 coeperunt
2513 2002 2526 2045 :
2561 1991 2620 2044 et
2669 1990 2756 2058 tu,
2815 1982 3094 2057 Domine,
3128 1982 3230 2062 qui
3260 1983 3600 2060 singulatim

1954 2069 2177 2132 tinxisti
2201 2071 2384 2133 corda
2400 2079 2600 2133 nostra
2613 2073 2794 2152 5,non
2814 2071 3149 2152 dispersisti
3174 2080 3600 2136 testamentum

1953 2167 2116 2220 tuum
2142 2161 2170 2210 4
2189 2160 2346 2240 quod
2377 2159 2686 2222 nobiscum
2712 2168 2946 2241 pactum
2980 2161 3242 2241 erat,sed
3274 2161 3482 2223 videns
3511 2161 3601 2222 vi-

1951 2245 2086 2308 disti
2114 2249 2496 2310 afﬂictionem
2525 2249 2742 2311 Israel:
2777 2259 2835 2310 et
2887 2268 3004 2310 non
3049 2259 3260 2313 exutus
3292 2249 3604 2314 divinitate

1954 2346 2196 2416 propter
2228 2357 2336 2400 nos
2367 2337 2555 2400 factus
2615 2357 2678 2399 es
2708 2337 2769 2398 id
2802 2338 2961 2414 quod
2998 2357 3130 2412 nos,
3173 2339 3306 2402 sine
3327 2349 3597 2420 peccato,

1951 2433 2010 2488 et
2041 2426 2253 2488 throno
2288 2427 2479 2490 Patris
2512 2445 2629 2489 non
2664 2426 3221 2506 relicto,Virginem
3256 2427 3602 2489 inhabitasti

1953 2525 2195 2597 propter
2227 2536 2345 2592 me,
2398 2523 2464 2579 ut
2515 2535 2623 2594 ego
2683 2516 2865 2580 caelos
2920 2515 3362 2594 iubabitarem;
3416 2523 3476 2579 et
3531 2535 3600 2579 ex

1953 2605 2136 2666 veteri
2159 2623 2298 2667 casu
2323 2613 2718 2684 revocatus,et
2739 2604 2893 2667 liber
2914 2623 2946 2666 a
2976 2612 3218 2684 peccato
3239 2623 3307 2666 ac
3346 2605 3596 2685 primam

1951 2692 2328 2774 adoptionem
2357 2695 2985 2775 suscipiens,oportuit
3006 2712 3148 2757 sane
3177 2711 3309 2756 esse
3332 2701 3392 2755 et
3414 2693 3598 2756 disci—

1953 2783 2124 2863 pulos
2155 2785 2256 2861 qui
2291 2784 2565 2864 mysterio
2627 2783 3092 2862 dispensationis
3141 2782 3549 2845 ministrarent
3581 2804 3595 2847 :

1953 2881 2089 2935 tunc
2142 2873 2383 2953 quidem
2435 2881 2682 2935 vocatur
2727 2871 3004 2934 Andreas
3035 2878 3094 2934 et
3122 2875 3376 2948 Petrus;
3411 2871 3598 2934 advo-

1953 2971 2118 3024 catur
2149 2972 2345 3024 autem
2381 2963 2548 3024 ethic
2574 2963 2676 3043 qui
2699 2962 2856 3022 circa
2879 2961 3076 3041 pisces
3102 2969 3160 3022 et
3182 2961 3333 3023 retia
3350 2979 3418 3023 ac
3439 2960 3601 3024 lacus

1950 3051 2341 3114 versabatur:
2404 3061 2461 3114 et
2513 3053 2714 3130 jussus
2772 3050 2956 3112 Verbi
3006 3069 3146 3113 voce
3197 3057 3258 3112 ut
3289 3049 3599 3112 hominum

228 3144 373 3205 οὗτος
407 3143 434 3196 6
497 3139 621 3219 περὶ
681 3139 858 3197 δίκτυα
907 3141 994 3195 καὶ
1044 3140 1196 3218 ἰχθῦς
1249 3141 1334 3195 καὶ
1392 3137 1581 3214 λίμνας
1641 3139 1866 3218 στρεφό-

1954 3141 2208 3223 piscator
2231 3143 2716 3232 constitueretur,
2777 3141 3049 3232 protinus
3086 3149 3390 3232 _patre__ac
3420 3139 3602 3232 fratre

229 3251 386 3304 μενος
423 3245 438 3260 °
484 3233 570 3285 καὶ
614 3230 900 3306 ἀνθρώπων
963 3226 1139 3290 ἁλιεὺς
1193 3228 1332 3307 παρὰ
1387 3233 1485 3294 τῆς
1545 3230 1638 3284 τοῦ
1695 3230 1866 3305 Λὸγου

1952 3232 2294 3312 scaphaque
2325 3231 2575 3306 relictis,
2630 3230 2684 3290 ei
2716 3230 2814 3309 qui
2847 3247 2912 3289 se
2943 3227 3185 3291 vocabat
3230 3229 3597 3308 adjuugitur,

229 3319 410 3398 φωνῆς
469 3320 799 3376 καθίστασθαι
853 3317 1172 3390 κελευσθεὶς,
1233 3318 1324 3374 τὸν
1373 3316 1573 3396 πατέρα
1631 3318 1724 3374 καὶ
1774 3319 1866 3373 τὸν

234 3405 458 3488 ἀδελφὸν
511 3410 644 3476 εὖθὺς
675 3410 771 3466 καί
800 3409 859 3464 τὸ
905 3409 1105 3486 σκάφος
1151 3406 1454 3486 ἀπολιπὼν,
1487 3413 1564 3481 τῷ
1616 3406 1863 3464 καλοῦντι

233 3499 544 3554 συνάπτεται
575 3519 592 3537 ο
628 3502 842 3556 καὶτὸν
887 3495 970 3554 ἐπὶ
1023 3497 1124 3574 γῆς
1179 3495 1451 3576 ἄνθρωπον
1509 3496 1592 3554 διὰ
1645 3498 1737 3552 τὸν
1769 3497 1861 3553 οὒ-

227 3589 404 3668 ράνιον
462 3587 763 3662 ἀποδύεται,
815 3591 1008 3665 ψυχῶν
1060 3607 1116 3642 τε
1166 3584 1398 3663 λογικῶν
1455 3583 1634 3641 ἀλείαν
1696 3588 1863 3658 μετα-

224 3677 499 3757 μανθάνει,
559 3679 644 3734 καὶ
712 3677 789 3751 τῷ
851 3673 1152 3749 διδασκάλῳ
1209 3673 1329 3730 κατ’
1377 3673 1538 3754 ἴχνος
1609 3672 1866 3750 ἑπόμενος

222 3767 340 3832 τοὺς
400 3767 621 3846 ἐχθροὺς
674 3766 876 3845 ἀγαπᾷ,
927 3763 1141 3843 εὖλογεῖ
1217 3764 1338 3827 τοὺς
1393 3760 1707 3826 διώκοντας.
1772 3770 1868 3824 Καὶ

223 3855 508 3912 συνελὸντα
562 3857 742 3934 φάναι,
788 3856 880 3912 τὸν
941 3855 1126 3912 τούτου
1189 3853 1351 3928 νόμον
1413 3853 1544 3931 πρὸς
1602 3849 1866 3931 ἀκρίϐειαν

223 3943 588 4003 ἑκπαιδεύεται
623 3965 636 3978 ·
703 3946 790 4001 καὶ
844 3951 937 4002 τοῦ
1014 3942 1292 4001 παιδευτοῦ
1362 3943 1598 3999 τοιούτου
1656 3942 1860 4020 τυχὼν,

220 4036 318 4103 τὴν
363 4033 602 4092 παιδείαν
653 4032 912 4112 ἀνάλογον
992 4029 1365 4094 ἑπιδείκνυται.
1436 4031 1532 4088 Καὶ
1589 4028 1866 4094 ἀναϐάσεις

221 4124 275 4182 ἐν
323 4127 394 4200 τῇ
468 4121 651 4204 καρδίᾳ
733 4121 1118 4203 διατιθέμενος,
1199 4121 1442 4198 μαθητὴς
1517 4121 1862 4200 οἰκειότατος,

222 4213 390 4292 κῆρυξ
460 4212 909 4292 θεολογικώτατος
982 4213 1206 4291 γίνεται.
1293 4211 1469 4274 [ἰάσας
1525 4208 1866 4289 παιδαγωγεῖ

218 4306 318 4368 τὰς
373 4305 644 4374 αἰσθήσεις
681 4321 694 4335 ⁸
746 4301 884 4368 ὅλως
935 4303 1216 4359 οἰκειοῦται
1269 4307 1336 4377 τῇ
1397 4301 1670 4379 παρθενίᾳ,
1730 4298 1866 4356 οὕτω

221 4401 295 4471 τῇ
323 4394 496 4469 διαίτῃ
540 4393 844 4473 χρώμενος,
892 4394 964 4456 ὡς
1009 4392 1212 4468 ἀποζῇν
1255 4392 1417 4465 μόνον
1461 4387 1725 4450 δύνασθαι.
1781 4391 1866 4462 καὶ

223 4487 286 4541 τὸ
329 4484 468 4557 ἱερὸν
512 4487 655 4557 αὖτῷ
711 4482 1016 4539 συνεστάναι
1062 4481 1238 4556 σῶμα.
1294 4479 1562 4538 Ἐντεῦθεν
1622 4480 1710 4534 καὶ
1767 4479 1866 4544 τὴν

224 4579 326 4640 τῆς
383 4575 670 4650 παρθενίας
703 4569 894 4638 κλῆσιν
926 4569 1174 4638 πλουτεῖ,
1231 4570 1319 4626 καὶ
1362 4568 1511 4646 φίλος
1571 4567 1728 4623 αὐτοῦ
1776 4566 1866 4624 τοῦ

223 4661 600 4740 βασιλεύοντος
661 4661 886 4739 γίνεται,
957 4658 1162 4732 μᾶλλον
1205 4656 1260 4714 δὲ
1304 4660 1396 4714 καὶ
1451 4660 1606 4716 αὐτὸν
1651 4656 1768 4736 ἔχει
1811 4656 1866 4712 ἐν

226 4753 399 4825 ἑαυτῷ
456 4749 741 4829 λαλοῦντα,
801 4749 895 4805 καί
960 4746 1083 4826 παρ’
1145 4752 1302 4807 αὐτοῦ
1364 4746 1523 4803 πάλιν
1579 4745 1782 4821 ἀκούει,
1835 4747 1866 4800 ἃ

224 4842 370 4917 παρὰ
412 4847 505 4897 τοῦ
566 4841 770 4917 Πατρὸς
815 4836 1019 4902 ἐκεῖνος
1054 4853 1069 4869 ⁸
1129 4839 1260 4915 πρὸς
1291 4837 1350 4894 τὸ
1400 4834 1517 4914 ὅρος
1567 4857 1624 4892 τε
1668 4835 1865 4892 ἀνιόντι

225 4929 518 5003 συνάνεισι,
574 4929 666 4983 καί
737 4928 857 4990 θέας
916 4925 1174 5002 ἀξιοῦται,
1235 4925 1309 4990 ὡς
1368 4926 1498 5002 ὑπὲρ
1563 4923 1722 5002 λόγον
1782 4924 1866 4979 καὶ

223 5021 563 5096 θαυμαστῆς,
609 5016 774 5083 αὒτην
827 5016 924 5083 τὴν
967 5022 1060 5072 τοῦ
1122 5016 1292 5093 Λόγου
1333 5015 1560 5080 θεότητα
1621 5034 1865 5092 παραγυ-

227 5110 533 5185 μνωθετσαν
589 5103 708 5162 ἰδών
743 5126 758 5141 ·
843 5106 929 5161 καὶ
987 5107 1224 5182 οὐρανίου
1294 5103 1473 5185 φωνῆς
1519 5103 1720 5182 ἀκούει,
1777 5104 1867 5158 τὸν

225 5197 512 5277 ἀγαπητὸν
559 5197 676 5252 Υἱὸν
733 5195 1140 5274 ἀναγορεύοντος
1194 5201 1285 5252 τοῦ
1345 5195 1571 5273 Πατρὸς,
1633 5194 1720 5250 καὶ
1772 5196 1868 5259 τῆς

227 5285 469 5350 Παλαιᾶς
533 5285 800 5354 Διαθήκης
860 5284 1194 5362 προτιθέντος
1249 5284 1310 5339 τὸ
1396 5281 1738 5361 Εὐαγγέλιον.
1797 5283 1866 5338 T6

229 5373 449 5432 δεῖπνον
498 5375 751 5454 εὐπρεπές
782 5390 795 5404 ·
850 5375 937 5430 καὶ
988 5371 1104 5430 οὔδε
1147 5373 1266 5430 τότε
1320 5370 1574 5439 Ἰωάννης
1632 5371 1869 5446 ἀπολιμυ

228 5465 476 5527 πένεται.
513 5467 648 5522 Εἶτα
705 5463 780 5538 τῷ
831 5462 1014 5543 Πέτρῳ
1063 5461 1255 5533 δεῆσαν
1308 5465 1520 5539 μαθεῖν,
1554 5463 1631 5528 τίς
1691 5464 1718 5519 ὁ
1773 5463 1872 5529 τὴν

1949 3328 2010 3382 et
2043 3329 2281 3382 terreno
2317 3321 2560 3383 homine
2591 3319 2826 3382 exuitur
2856 3326 3103 3399 propter
3145 3318 3473 3394 caelestem,
3531 3335 3599 3379 ac

1949 3409 2338 3488 piscationem
2381 3409 2709 3470 animarum
2770 3415 3195 3469 transmutatus
3225 3406 3505 3483 addiscit,
3543 3417 3604 3468 et

1946 3498 2335 3580 Praeceptoris
2364 3499 2603 3577 vestigia
2632 3497 3184 3572 secutus,inimicos
3214 3495 3429 3573 diligit,
3469 3513 3598 3574 per-

1947 3597 2272 3668 sequentes
2296 3585 2818 3666 benedicit.thue
2841 3604 2956 3647 uno
2978 3585 3157 3646 verbo
3184 3582 3510 3658 absolvam,
3537 3583 3599 3642 in

1947 3675 2125 3755 hujus
2165 3676 2296 3754 lege
2329 3672 3203 3752 exacteinstruitur,talemque
3228 3678 3434 3732 nactus
3455 3686 3600 3750 prte-

1950 3772 2282 3844 ceptorem,
2344 3763 2599 3826 similem
2659 3762 3028 3823 demonstrat
3080 3758 3488 3838 disciplinam,
3539 3765 3598 3818 et

1953 3852 2338 3915 ascensioues
2369 3852 2430 3914 in
2463 3852 2643 3914 corde
2668 3851 3014 3931 disponens,
3051 3847 3382 3926 discipulus
3432 3846 3599 3907 fami-

1950 3940 2326 4017 liarissimus,
2351 3961 2420 4002 ac
2454 3959 2645 4022 praeco
2681 3940 2934 4001 maxime
2967 3937 3279 4017 theologus
3312 3935 3588 3998 efficitur.

1949 4031 2172 4094 Omnes
2194 4049 2408 4092 sensus
2435 4027 3120 4109 moderatur,familiaris
3143 4025 3382 4087 omnino
3408 4023 3593 4104 virgi—

1951 4121 2119 4184 nitati
2151 4120 2424 4201 efﬁcitur,
2461 4119 2560 4181 tali
2619 4117 2840 4180 utendo
2888 4115 3156 4178 alimenti
3213 4115 3468 4189 ratione,
3531 4123 3593 4175 ut

1949 4228 2182 4271 summa
2206 4209 2573 4290 parcimonia
2593 4207 2788 4269 vivere
2809 4207 3595 4286 duntaxatposset,sacrum-

1950 4319 2064 4380 que
2095 4316 2311 4379 corpus
2342 4306 2402 4360 ut
2433 4299 2786 4360 subsisteret
2816 4312 3193 4357 conservare.
3232 4294 3385 4356 Hinc
3417 4298 3591 4354 etiam

1947 4389 2303 4469 virginitatis
2351 4388 2748 4469 appellatione
2799 4385 3037 4459 ditatur,
3071 4394 3130 4446 et
3175 4383 3404 4445 amicus
3462 4381 3592 4461 ejus

1952 4479 2050 4559 qui
2073 4479 2150 4538 im
2163 4479 2388 4558 perium
2420 4484 2581 4538 tenet
2606 4475 3072 4553 efﬁcitur,magis
3092 4479 3287 4535 autem
3311 4477 3368 4534 et
3395 4473 3591 4551 ipsum

1891 4552 1930 4601 θ
1951 4552 2130 4630 liabet
2155 4552 2213 4628 in
2247 4568 2444 4647 seipso
2472 4568 2838 4646 loquentem.
2871 4565 2940 4630 Et
2963 4552 3201 4626 rursum
3224 4559 3298 4624 ab
3329 4579 3399 4622 eo
3430 4559 3595 4622 audit

1951 4676 2081 4740 qua:
2115 4657 2214 4717 ille
2244 4675 2278 4717 a
2304 4655 2472 4716 Patre
2525 4655 2842 4728 audierat;
2902 4672 3160 4730 cumque
3209 4651 3270 4713 in
3329 4659 3592 4740 montem

1950 4739 2466 4824 ascenderet,ipse
2500 4762 2614 4804 una
2635 4742 2957 4804 conscendi
2973 4750 3087 4817 t,ac
3107 4743 3321 4818 dignus
3342 4739 3594 4802 habetur

1952 4834 2181 4896 visione
2211 4833 2565 4895 admiranda
2621 4840 2678 4891 et
2737 4829 2947 4907 majori
2995 4848 3170 4910 quam
3220 4828 3340 4889 dici
3383 4830 3590 4909 possit,

1948 4924 2137 5005 ipsam
2187 4921 2370 4984 Verbi
2420 4920 2786 4982 divinitatem
2815 4918 3170 4978 denudatam
3204 4917 3449 5005 intuitus
3483 4939 3496 4979 :
3531 4927 3594 4977 et

1951 5003 2253 5075 c'oelestem
2286 5009 2513 5071 audivit
2541 5026 2745 5070 vocem
2775 5024 2897 5083 qua
2918 5005 3201 5067 dilectum
3234 5003 3447 5066 Filium
3477 5005 3589 5066 de-

1951 5102 2134 5164 clarat
2162 5101 2434 5175 Pater,ac
2465 5097 2648 5161 Verbi
2678 5095 3057 5158 Testamento
3086 5093 3591 5174 przeponitEvau-

1949 5189 2432 5271 gelium.Decens
2463 5207 2530 5250 ac
2577 5185 2904 5248 honorifica
2961 5201 3135 5245 coena
3185 5182 3590 5264 subsequitur,

1956 5289 2116 5344 etne
2150 5299 2308 5343 nunc
2356 5279 2595 5358 quidem
2645 5277 2908 5340 Joannes
2955 5273 3334 5354 relinquitur.
3365 5273 3592 5336 Deinde

1951 5389 2086 5434 cum
2115 5369 2291 5433 Petro
2317 5387 2465 5450 opus
2487 5381 2646 5432 esset
2668 5367 2902 5429 discere
2925 5364 3196 5446 quisnam
3221 5363 3272 5425 is
3315 5372 3470 5427 esset
3492 5363 3594 5445 qui

1956 5460 2317 5524 horrendam
2354 5459 2512 5521 illam
2542 5457 2937 5540 proditionem
2963 5453 3306 5536 parturiret,
3325 5472 3438 5517 nec
3468 5453 3596 5536 ipse

311 5651 338 5697 9
366 5651 504 5716 Act.
537 5668 613 5732 iv,
648 5651 745 5717 t3.
829 5651 862 5704 3
891 5647 1046 5715 Psal.
1078 5665 1256 5726 χχχιι,
1289 5649 1387 5713 t5.
1473 5650 1504 5700 4
1534 5649 1690 5712 Psal.
1724 5664 2005 5734 cxxxvm,
2039 5648 2137 5714 3-1.

4005 2005 4052 2162 ἕ

4005 2171 4052 2236 α

4006 2248 4052 2374 ἓ

4007 2381 4054 2478 Ξ

4011 2599 4054 2727 Ξ

4011 2741 4054 2836 Ξ

4010 2845 4056 2985 Ξ

4008 2995 4056 3113 Ξ

4008 3167 4056 3222 Li

4009 3232 4056 3300 ε

4016 3651 4056 3738 Ξ

4019 4017 4056 4111 l:
