4056 6142
445 312 563 380 687

1764 304 2044 370 MENSIS
2086 299 2511 368 DECEMBER.

3679 304 3782 373 688

448 451 698 516 auderet
728 446 1122 527 interrogare,
1149 459 1483 526 quanquam
1508 440 1733 521 primas
1768 448 1997 505 teneret
2027 444 2083 503 in

2187 444 2393 521 ρρικτὴν
2438 442 2643 510 ἐκείνην
2706 442 2988 522 προδοσίαν
3047 440 3273 522 ὠδίνων,
3327 447 3415 501 οὐκ
3466 446 3617 507 αὖτὸς
3667 446 3781 522 016-

450 543 635 605 choro
660 534 1337 619 discipulorum,Joanni
1354 534 1467 593 hoc
1493 530 1831 608 committit;
1850 541 2090 594 noverat

451 628 706 704 enim,id
731 627 890 709 quod
913 626 1181 689 Christus
1203 629 1329 685 erat
1347 619 1501 701 apud
1523 620 1742 700 ipsum,
1772 621 1885 683 hoc
1904 620 2089 683 Joan-

454 739 593 782 nem
623 736 755 781 esse
783 716 938 797 apud
976 710 1538 791 Christum,etquod
1558 710 1687 789 ipse
1717 710 1958 786 quidem
1992 712 2085 771 di-

452 810 683 890 ligeret,
715 806 818 868 ille
848 812 1043 866 autem
1075 801 1327 890 dilectus
1358 806 1529 890 esset.
1571 797 1638 858 Et
1683 798 1817 890 vide
1874 809 2091 890 quanta

453 887 698 961 accedat
726 894 838 974 ipsi
859 892 1103 954 libertas
1125 888 1434 967 loquendi.
1454 890 1662 969 Neque
1687 887 1843 949 enim
1875 889 2094 967 vulgari

457 986 633 1048 modo
662 984 1003 1060 interrogat,
1042 996 1232 1060 neque
1277 977 1533 1059 primum
1590 994 1880 1039 excusans
1935 976 2093 1055 quod

456 1083 618 1137 metu
648 1070 989 1145 accederet,
1023 1069 1130 1130 sed
1189 1068 1387 1130 sciens
1417 1075 1634 1147 quanto
1664 1066 1856 1146 ipsum
1891 1085 2095 1127 amore

457 1166 945 1247 prosequeretur,
1005 1156 1239 1221 sedenti
1295 1157 1571 1247 adhaeret
1607 1155 1981 1247 praeceptori,
2042 1164 2101 1216 et

456 1254 518 1314 in
541 1251 718 1331 hujus
741 1257 948 1330 pectus
988 1246 1371 1321 recumbens,
1404 1246 1517 1307 ait:
1544 1246 1824 1320 Domine,
1859 1247 1993 1324 quis
2015 1253 2098 1306 est

459 1342 567 1424 qui
598 1340 787 1404 tradit
817 1345 875 1401 te
900 1336 978 1398 5?
1006 1336 1115 1399 Ille
1145 1345 1342 1398 autem
1402 1335 1610 1397 libenti
1670 1335 1845 1424 etiam
1900 1334 2099 1395 animo

459 1423 674 1510 accipit
731 1428 888 1510 quod
944 1426 1046 1488 ille
1105 1426 1369 1501 fecerat,
1430 1432 1489 1487 et
1537 1423 1706 1505 quasi
1767 1434 2100 1504 opportune

456 1520 638 1584 fuerit
669 1517 860 1580 libere
890 1517 1142 1589 locutus,
1195 1522 1421 1592 gratum
1481 1513 1678 1576 habet.
1712 1512 1799 1573 Ex
1832 1530 1902 1572 eo
1938 1511 2096 1572 enim

457 1609 617 1691 quod
648 1608 920 1690 protinus
950 1604 1340 1684 quaestionem
1393 1603 1598 1679 solvat,
1633 1620 1701 1664 ac
1751 1619 1902 1681 pane
1934 1601 2097 1663 desi-

458 1706 599 1778 gnet
621 1694 1324 1779 proditorem,signiﬁcat
1352 1711 1416 1755 se
1449 1712 1568 1753 non
1600 1709 1755 1771 aegre
1786 1692 1944 1753 ferre
1970 1709 2097 1753 eam

2174 532 2257 609 ρεϊ
2311 532 2405 600 τήν
2465 532 2745 610 ἐρόιτητιν,
2811 532 2981 588 καίτοι
3026 540 3117 589 τοῦ
3180 539 3345 612 χοροῦ
3374 534 3644 609 πρωτεύων
3692 541 3786 589 τῶν

2175 623 2450 696 μαθητῶν,
2504 621 2625 677 ἀλλ’
2672 623 2890 698 Ἰωσίννῃ
2936 623 3133 687 ταύτην
3178 623 3443 699 ἐπιτρέπει
3489 620 3647 692 ’ᾜδει
3700 624 3788 700 γὰρ

2175 713 2247 774 ὡς
2307 710 2436 789 ὅπερ
2492 712 2557 778 ἧν
2646 712 2866 787 Τριστὸς
2925 709 3048 786 παρ’
3127 711 3293 785 αὗτῷ,
3351 713 3500 766 τοῦτο
3560 712 3789 779 Ἰωάννης

2177 799 2318 876 παρὰ
2375 804 2603 877 Χριστῷ,
2650 801 2738 855 καὶ
2777 797 2856 854 ὅτι
2922 799 3075 862 αὒτὸς
3131 800 3226 872 μὲν
3285 803 3311 855 6
3368 798 3553 878 ιριλῶν,
3604 799 3791 864 ἐκεῖνος

2177 886 2230 943 δὲ
2259 889 2323 956 ἦν
2368 890 2394 943 6
2426 887 2776 966 φιλούμενος,
2826 890 2922 946 Καὶ
2977 888 3073 965 ὅρα
3107 894 3209 954 τῆς
3256 888 3544 966 παρρησίας
3591 891 3648 944 τὸ
3699 911 3793 946 πε-

2178 977 2287 1054 ριόν
2332 976 2461 1037 Ονῖιδὲ
2521 979 2620 1055 γὰρ
2676 976 2858 1042 ἁπλῶς
2928 978 3117 1057 ἐρωτᾷ,
3168 977 3284 1034 οὖδέ
3343 1000 3401 1058 γε
3457 980 3796 1057 προθεραπεύο

2179 1088 2271 1128 σας
2328 1067 2599 1143 ὑποστολῇ
2658 1068 2756 1134 τὴν
2801 1068 3162 1144 προσέλευσιν,
3226 1067 3361 1123 ἆλ)ὰ
3421 1069 3481 1123 τὸ
3512 1070 3623 1146 περὶ
3656 1068 3796 1124 αὖτὸν

2181 1156 2391 1235 φίλτρον
2450 1156 2572 1213 ὅσον
2639 1156 2807 1230 εἰδὼς,
2884 1157 3112 1229 κειμένῳ
3169 1169 3478 1234 περιχεῖται
3539 1164 3612 1230 τῷ
3664 1156 3797 1214 διδα-

2181 1245 2385 1325 σκάλῳ,
2444 1248 2527 1301 καὶ
2585 1249 2660 1320 τῷ
2717 1247 2900 1301 τούτου
2947 1248 3126 1315 στήθει
3173 1246 3476 1325 ἀναπεσὼν,
3535 1248 3643 1325 Τίς,
3704 1249 3800 1304 Κύ-

2182 1356 2281 1414 ριε,
2353 1337 2533 1414 φησὶν,
2597 1338 2623 1390 6
2683 1333 2994 1415 παραδιδούς
3046 1357 3153 1408 σε;
3197 1328 3254 1392 Ὀ
3313 1335 3393 1416 δὲ,
3443 1336 3530 1391 καὶ
3578 1336 3801 1409 ἀσμένως

2183 1426 2242 1480 τὸ
2300 1430 2519 1502 πρᾶγμα
2577 1422 2817 1504 δέχεται,
2878 1428 2962 1481 καὶ
3012 1428 3085 1490 {uc
3141 1426 3391 1497 εὐκαίρως
3448 1424 3801 1504 παῤῥησιασά-

2185 1534 2344 1588 μενον
2401 1511 2746 1593 ἀποδέχεται.
2809 1517 2878 1571 Τὸ
2959 1515 3059 1593 γὰρ
3133 1517 3429 1590 παραυτίκα
3500 1514 3648 1571 λῦσαι
3718 1515 3803 1582 τὴν

2182 1604 2465 1680 ἐρώτησιν,
2527 1604 2615 1659 καὶ
2673 1610 2748 1677 τῷ
2810 1603 2950 1681 ἄρτῳ
3016 1604 3106 1659 τὸν
3151 1603 3413 1682 προδότην
3467 1603 3804 1679 {insaniqu-

2186 1696 2326 1768 σθαι,
2358 1694 2419 1747 τὸ
2449 1692 2526 1766 μὴ
2587 1692 2895 1767 μέμψασθαι
2938 1697 3037 1761 τὴν
3070 1693 3364 1771 παῤῥησίαν
3426 1692 3607 1761 δηλοῖ,
3656 1694 3804 1750 Ὥστε

460 1785 1040 1866 libertatemltaque
1064 1785 1204 1846 hinc
1226 1784 1400 1846 etiam
1428 1781 1804 1843 manifestum
1831 1790 1921 1843 est
1946 1781 2099 1862 quod

2187 1780 2343 1849 δῆλον
2394 1781 2650 1854 ἐντεῦθεν,
2713 1781 2792 1838 ὅτι
2850 1784 2937 1838 καὶ
2981 1782 3044 1850 ἢν
3104 1781 3275 1859 ᾔτησε
3334 1783 3563 1849 πλησίον
3617 1790 3804 1862 Χριστῷ

463 1877 805 1940 cathedram
841 1893 1018 1956 quam
1079 1872 1347 1954 proxime
1406 1872 1708 1935 Christum
1756 1889 1891 1932 cum
1928 1871 2103 1932 fratre

461 1965 690 2049 petivit,
726 1984 845 2028 non
876 1965 1102 2045 gloriae,
1137 1962 1241 2026 sed
1271 1961 1491 2027 Christi
1539 1978 1745 2023 amore
1805 1960 2102 2041 petiverit,

464 2065 524 2120 et
602 2055 760 2138 quod
832 2053 1020 2116 nollet
1097 2053 1194 2115 hic
1269 2051 1452 2114 alium
1517 2068 1648 2111 esse
1720 2049 1831 2110 sibi
1887 2049 2105 2111 dilecto

461 2143 1296 2210 vicinioramﬁondemnatur
1321 2140 1517 2215 Jesus,
1544 2147 1603 2200 et
1623 2139 1790 2201 adest
1818 2138 2101 2214 Joannes,

463 2254 533 2299 ac
556 2234 629 2297 ad
662 2234 877 2297 atrium
911 2231 1386 2314 pontiﬁcis,cum
1418 2237 1600 2291 notus
1630 2235 1787 2291 esset
1817 2230 2103 2309 pontiﬁci,

462 2343 582 2388 una
603 2323 1009 2404 congreditur,
1049 2321 1436 2403 loquiturque
1468 2319 1745 2399 ostiariae,
1779 2324 1839 2379 et
1867 2318 2103 2380 Petrum

463 2432 572 2497 pro
600 2413 827 2477 foribus
856 2420 1111 2476 stantem
1160 2408 1510 2473 introducit.
1568 2409 1847 2469 Imminet
1876 2414 2109 2486 tempus

465 2503 743 2568 salutaris
774 2503 1158 2585 passionis,et
1184 2498 1449 2562 Verbum
1477 2504 1789 2577 permanet
1818 2502 1882 2557 ut
1904 2513 2110 2575 proce-

465 2595 565 2658 dat
592 2595 665 2658 ad
695 2592 958 2672 Patrem,
986 2609 1059 2653 ac
1086 2588 1350 2651 Joannes
1371 2605 1505 2648 cum
1529 2591 1720 2646 matre
1742 2591 1892 2646 astat
1921 2585 2107 2657 cruci,

466 2692 776 2764 materque
788 2680 953 2743 audit
973 2698 1006 2741 a
1026 2677 1177 2740 Filio
1200 2695 1267 2738 ac
1281 2694 1390 2738 suo
1413 2673 1905 2764 con_ditore:Ecce
1920 2673 2112 2764 [vilius

468 2782 610 2836 tuus
630 2762 881 2834 dilectus
902 2792 926 2841 ;
956 2776 1015 2829 et
1041 2781 1280 2828 rursum
1316 2764 1412 2825 hic
1440 2781 1453 2822 :
1486 2762 1642 2825 Ecce
1686 2770 1887 2825 mater
1925 2771 2029 2824 tua
2056 2762 2106 2823 ϐ.

469 2862 565 2925 Ab
588 2861 703 2922 hoc
725 2859 910 2938 igitur
924 2852 1387 2937 tempore,virgo
1410 2853 1508 2915 hic
1528 2859 1728 2914 mente
1750 2859 1809 2914 et
1829 2871 2103 2934 corpore,

470 2958 720 3012 matrem
752 2967 821 3011 ac
843 2946 1133 3027 virginem
1159 2943 1278 3006 sibi
1298 2942 1583 3016 vindicat;
1608 2959 1721 3004 nec
1743 2942 1927 3003 multo
1952 2950 2102 3023 post,

467 3039 769 3103 Christum
794 3038 897 3120 qui
916 3040 1257 3098 surrexerat
1274 3029 1792 3111 videt,vidensque
1821 3033 2102 3110 agnoscit:

2188 1873 2279 1928 σὺν
2330 1878 2405 1945 τῷ
2449 1870 2658 1951 ἀδελφῷ
2710 1871 2984 1949 καθέδραν,
3044 1874 3146 1952 οὔχ
3199 1874 3272 1937 ὡς
3302 1876 3437 1950 ἒρῶν
3481 1872 3655 1944 δόξης,
3703 1871 3806 1927 ἀλλ’

2186 1963 2258 2026 ὡς
2318 1961 2449 2040 ἐρῶν
2508 1968 2751 2039 Χριστοῦ,
2787 1962 2983 2029 ταύτην
3013 1962 3210 2038 ᾓτησε,
3245 1967 3345 2019 καὶ
3377 1970 3458 2036 τῷ
3508 1963 3586 2038 μὴ
3637 1961 3807 2039 βούλε-

2187 2054 2303 2107 σθαι
2357 2051 2542 2108 τούτου
2592 2049 2770 2128 ἕτερον
2811 2055 2949 2107 εἴναι
2999 2053 3127 2130 πρὸς
3177 2053 3269 2107 τὸν
3316 2053 3639 2127 ποθούμενον
3679 2050 3809 2115 πλη-

2190 2141 2469 2219 σιαῖτερον,
2530 2140 2854 2218 Κατάκριτος
2904 2139 3148 2212 Ἰησοῦς,
3210 2142 3295 2196 καὶ
3337 2141 3591 2219 πάρεστιν
3641 2140 3806 2197 Ἰωάν-

2190 2251 2309 2309 νης,
2369 2230 2461 2284 καί
2522 2231 2654 2295 πρὸς
2710 2229 2808 2295 τὴν
2864 2236 2957 2285 τοῦ
3020 2229 3313 2308 ἀρχιερέως
3367 2229 3540 2298 αὐλὴν
3594 2229 3805 2308 γνωστὸς

2189 2320 2289 2398 ὢν,
2346 2323 2423 2391 τῷ
2453 2318 2700 2397 ἀρχιερεῖ
2746 2318 3168 2399 συνεισέρχεται,
3214 2321 3344 2398 φησί
3386 2341 3449 2375 τε
3496 2326 3564 2396 τῇ
3591 2323 3802 2397 θυρωρῷ,

2191 2409 2276 2463 καὶ
2331 2409 2419 2463 τὸν
2481 2407 2673 2484 Πέτρον
2721 2409 2851 2481 πρὸς
2908 2409 3008 2473 τὴ)
3063 2409 3218 2486 θύραν
3278 2408 3548 2475 ἑστηκότα
3608 2409 3807 2485 εἰσάγει.

2192 2496 2499 2577 Ἐφίσταται
2558 2498 2585 2551 6
2646 2505 2737 2555 τοῦ
2793 2491 3163 2574 σωτηριώδους
3216 2496 3410 2561 πάθους
3471 2499 3669 2578 καιρὸς,
3726 2498 3807 2552 καί

2193 2588 2220 2641 ὃ
2258 2588 2424 2662 Λόγος
2458 2585 2602 2660 μένει
2647 2586 2776 2660 πρὸς
2808 2587 2894 2642 τὸν
2942 2586 3147 2663 Πατέρα
3193 2600 3418 2666 χωρεῖν,
3460 2589 3547 2644 καὶ
3579 2586 3804 2651 Ἰωάννης

2194 2676 2286 2732 σὺν
2341 2680 2407 2749 τῇ
2451 2675 2610 2752 μητρὶ
2658 2674 2972 2752 παρίσταται
3015 2683 3093 2749 τῷ
3134 2679 3342 2753 σταυρῷ
3380 2679 3476 2733 καὶ
3534 2678 3567 2744 ἡ
3625 2677 3803 2753 μήτηρ,

2198 2762 2315 2821 ’Ἴδε
2372 2766 2399 2818 ὃ
2455 2763 2563 2828 υἱός
2636 2786 2727 2820 σου
2786 2766 2812 2819 6
2872 2766 3250 2843 ἧγαπημένος,
3307 2765 3454 2845 παρᾶ
3499 2773 3590 2823 τοῦ
3642 2763 3804 2826 παιδὸς

2191 2855 2366 2911 ἀκούει
2424 2854 2517 2910 καῖ
2577 2856 2802 2920 ποιητοῦ
2843 2870 2856 2883 ⁸
2918 2856 3013 2910 καί
3044 2858 3219 2928 οὗτος,
3266 2853 3401 2912 Ἰδοὺ
3469 2855 3685 2922 πάλινη
3715 2855 3804 2930 μή·

2192 2966 2292 3023 τηρ
2346 2964 2459 3003 σου.
2521 2944 2588 3000 Τὸ
2633 2943 2737 2999 ἀπὸ
2792 2944 2977 3001 τούτου
3033 2946 3121 3000 οὖν
3181 2948 3207 3001 6
3261 2945 3522 3023 παρθένος
3565 2947 3707 3009 οὗτος
3732 2944 3803 3000 καὶ

2191 3037 2250 3090 τὸ
2294 3037 2448 3109 σῶμα
2499 3032 2595 3089 καὶ
2651 3033 2747 3100 τὴν
2805 3031 3037 3090 διάνοιαν
3084 3034 3184 3101 τὴν
3239 3035 3449 3112 μητέρα
3490 3034 3585 3092 καί
3633 3032 3804 3112 παρθέ-

469 3137 529 3193 et
560 3146 695 3191 cum
723 3131 904 3191 Petro
934 3125 1006 3188 ad
1051 3123 1391 3203 sepulcrum
1424 3120 1635 3211 venit,
1667 3138 1735 3182 ac
1767 3121 1929 3200 prior
1955 3139 2101 3201 prai-

2193 3145 2279 3181 vov
2319 3124 2672 3193 εἷσοικίζεται.
2709 3126 2781 3180 Οὐ
2809 3121 2944 3179 πολὺ
2975 3124 3035 3179 τὸ
3086 3126 3141 3179 ἒν
3187 3124 3335 3199 μέσῳ
3391 3127 3486 3181 καὶ
3541 3125 3807 3183 ἀναστάντα

475 3219 688 3294 currit,
721 3224 778 3279 et
808 3223 1118 3297 postquam
1146 3209 1502 3292 scpulcralia
1525 3209 1691 3282 vidit,
1725 3209 1981 3289 Spiritus
2009 3211 2101 3272 in-

2191 3215 2282 3269 τὸν
2336 3213 2559 3290 Χριστὸν
2617 3213 2732 3291 ὁρᾷ,
2794 3213 2879 3268 καὶ
2942 3214 3079 3291 ὁρῶν
3135 3212 3506 3295 ἐπιγινώσκει,
3569 3215 3653 3271 καὶ
3691 3212 3805 3289 μετὰ

475 3310 779 3371 ﬂationem
814 3305 1088 3384 suscipit,
1122 3302 1372 3381 ejusque
1392 3298 1568 3360 donis
1599 3299 1845 3374 dilatur,
1876 3317 1943 3360 ac
1967 3299 2101 3361 divi.

2195 3301 2392 3379 Πέτρου
2442 3301 2530 3357 ἐπὶ
2574 3302 2635 3356 τὸ
2707 3314 2974 3376 μνημεῖον
3031 3301 3171 3379 ἥκει,
3228 3303 3316 3360 καὶ
3375 3310 3591 3381 πρῶτος
3633 3322 3804 3380 προεκ-

472 3399 566 3459 nis
600 3394 872 3458 manibus
901 3399 1283 3455 consecratur
1302 3387 1566 3449 universi
1597 3386 1758 3449 orbis
1781 3388 2101 3468 apostolus.

2192 3389 2403 3470 δραμὼν
2461 3391 2547 3446 καὶ
2604 3390 2670 3446 τὰ
2729 3389 2948 3469 ἐντάφια
2998 3392 3345 3470 θεασάμενος,
3395 3395 3461 3449 τὸ
3518 3402 3608 3452 τοῦ
3660 3389 3807 3448 Πνεύ-

473 3510 640 3565 ματος
698 3486 990 3566 ἐμφύσημα
1045 3481 1283 3561 δέχεται,
1319 3481 1406 3536 καὶ
1454 3478 1680 3535 πλουτεῖ
1721 3478 1783 3534 τὰ
1839 3474 2149 3560 χαρίσματα
2206 3484 2292 3539 καὶ
2343 3493 2465 3546 ταῖς
2515 3480 2678 3544 θείαις
2727 3494 3115 3559 χειροτονεῖται
3164 3484 3318 3561 χερσὶ
3364 3488 3471 3551 τῆς
3528 3481 3811 3560 οἰκουμένης

470 3577 650 3643 πάσης
682 3573 979 3632 ἀπόστολος
991 3620 1007 3651 ,

551 3663 625 3727 ll.
649 3662 940 3736 Quoniam
962 3666 1159 3723 autem
1189 3669 1612 3741 praeceptorem
1628 3657 1939 3723 audiverat
1964 3661 2111 3724 alias

472 3770 710 3836 quoque
730 3770 869 3814 oves
905 3750 1148 3825 habere,
1185 3766 1315 3829 quae
1345 3749 1484 3812 licet
1514 3767 1582 3811 ex
1611 3748 1725 3809 hoc
1752 3766 1870 3810 non
1909 3756 2113 3813 essent

475 3842 951 3923 ovili,oporteret
973 3846 1170 3901 tamen
1194 3847 1251 3899 et
1272 3838 1407 3899 illas
1428 3846 1881 3919 congregare,et
1901 3839 1974 3901 ab
2005 3858 2110 3902 eo-

475 3931 610 3992 dem
624 3930 754 4010 regi
786 3938 1046 4009 pastore,
1073 3927 1322 4008 ﬁerique
1349 3946 1528 3989 unum
1553 3927 1794 4000 ovile,et
1821 3946 1920 3989 eas
1948 3936 2113 3991 recte

475 4038 544 4081 ac
568 4019 758 4081 libere
788 4020 981 4099 ipsum
1007 4016 1198 4097 sequi,
1223 4035 1415 4098 neque
1448 4017 1640 4079 aliena
1672 4017 1865 4078 ﬁstula
1894 4018 2020 4098 rapi
2055 4026 2113 4081 et

475 4109 735 4191 dispergi
757 4128 823 4170 ac
847 4109 1189 4187 corrumpi:
1226 4109 1375 4184 haec,
1411 4116 1697 4188 quantum
1732 4126 1963 4188 aequum
2000 4117 2110 4189 est,

2232 3671 2247 3684 ‘
2273 3649 2354 3724 θ’,
2404 3660 2552 3718 Ἐπεὶ
2596 3656 2650 3715 δὲ
2683 3659 2769 3716 καὶ
2799 3658 2950 3740 ἕτερα
2989 3661 3080 3718 τὸν
3124 3659 3441 3719 διδάσκαλον
3502 3662 3644 3743 ἔχειν
3671 3660 3811 3729 ἤκουε

2192 3748 2451 3828 πρόϐατα,
2487 3749 2620 3828 ἃπερ
2679 3751 2722 3804 εἰ
2779 3750 2864 3806 καὶ
2907 3751 2987 3826 μὴ
3045 3751 3104 3807 ἐκ
3161 3757 3261 3818 τῆς
3289 3751 3461 3819 αὒὶῆς
3504 3753 3692 3819 ταύτης
3733 3748 3808 3826 ἦν,

2193 3839 2330 3897 ἀλλὰ
2377 3839 2604 3895 κάκεῖνα
2646 3852 2968 3918 συναγαγεῖν
3020 3839 3144 3921 ἔδει,
3199 3842 3289 3898 καὶ
3334 3841 3418 3921 ὑφ’
3477 3842 3560 3900 ἐνὶ
3613 3844 3811 3906 ποιῆσαι

2196 3930 2431 4008 ποιμένι,
2480 3931 2576 3985 καὶ
2621 3929 2858 4007 γενέσθαι
2902 3930 3147 4005 ποίμνιον
3202 3928 3283 4005 ἓν,
3315 3932 3405 3987 καὶ
3469 3930 3644 3995 καλῶς
3690 3929 3813 4000 αὖτῷ

2194 4017 2406 4075 ἕπεσθαι
2491 4017 2580 4074 καὶ
2666 4016 2991 4095 ἐλευθερίως,
3072 4018 3207 4094 μηδὲ
3296 4018 3549 4099 ἀλλοτρίᾳ
3620 4019 3809 4097 σύριγγι

2192 4106 2507 4165 κλέπτεσθαι
2594 4108 2681 4162 καὶ
2774 4105 3089 4165 διασπᾶσθαι
3172 4110 3258 4165 καὶ
3355 4110 3808 4190 καταφθείρεσθαι,

473 4199 643 4259 anxie
674 4204 925 4270 curat,et
949 4195 1008 4256 in
1037 4198 1147 4257 iter
1186 4197 1257 4257 ad
1290 4197 1417 4256 hmc
1450 4195 1699 4255 mittitur
1721 4203 1782 4255 ut
1812 4195 2101 4276 dispersas

2195 4194 2414 4267 κήδεται
2446 4195 2543 4270 μὲν
2573 4196 2772 4251 τούτων
2803 4194 2928 4253 ὅσον
2977 4196 3140 4272 εἰκὸς,
3201 4197 3481 4257 στέλλεται
3512 4198 3565 4255 δὲ
3594 4198 3689 4265 τήν
3739 4193 3812 4250 ἐπὶ

473 4304 611 4349 oves
640 4287 702 4347 in
732 4304 919 4347 unum
969 4292 1392 4363 congregaret,
1443 4292 1501 4344 et
1532 4302 1659 4345 eam
1693 4302 1825 4363 quae
1855 4296 2101 4348 errasset

2195 4294 2358 4343 ταῦτα
2414 4285 2628 4362 πορείαν
2674 4286 2745 4350 εἰς
2803 4285 2856 4342 ἕν
2915 4287 2980 4343 τὰ
3034 4285 3387 4366 διεσπαρμένα
3439 4288 3687 4362 συνάξων,
3729 4281 3813 4342 καῖ

476 4376 673 4438 ﬁstula
701 4375 965 4437 veritatis
996 4381 1397 4448 revocaret,ac
1427 4372 1537 4433 suh
1565 4392 1679 4434 uno
1713 4392 1852 4435 vero
1882 4384 2101 4454 pastore

2194 4378 2255 4432 τὸ
2313 4374 2725 4449 πεπλανημένον
2782 4382 2849 4451 τῇ
2898 4374 3101 4456 σύριγγι
3162 4378 3256 4446 τῆς
3287 4377 3540 4447 ἀληθείας
3570 4372 3810 4435 ἀνακαλέ·

475 4464 630 4525 ovile
659 4474 967 4545 repararet
1002 4484 1015 4525 :
1067 4463 1113 4523 si
1164 4461 1297 4541 quis
1344 4461 1549 4521 duram
1582 4479 1649 4522 ac
1684 4473 2101 4542 repugnantem

2195 4487 2324 4546 σων,
2377 4466 2464 4520 ναὶ
2523 4462 2610 4542 ὕφ’
2652 4465 2726 4520 ἑνὶ
2778 4470 2855 4538 τῷ
2884 4465 3117 4540 ἀληθινῷ
3147 4467 3361 4544 ποιμένι
3391 4469 3711 4546 καταρτίσων
3760 4463 3811 4518 τὸ

475 4550 725 4613 haberet
776 4552 1057 4629 animam,
1121 4551 1232 4610 hoc
1282 4550 1490 4611 eodem
1532 4551 1669 4630 igne
1702 4553 2101 4615 succulentam

2193 4560 2462 4633 ποίμνιον,
2497 4553 2550 4609 εἴ
2600 4573 2683 4615 τις
2728 4554 2961 4628 σκληρὰν
3008 4558 3195 4637 ψυχὴν
3253 4559 3339 4613 καὶ
3384 4558 3677 4630 ἀντίτυπον,
3732 4554 3809 4609 λι-

473 4639 817 4702 redditurus
847 4657 913 4701 ac
943 4648 1232 4701 teneram.
1266 4636 1436 4702 Unde
1466 4640 1672 4702 relicta
1702 4640 2013 4705 Palmstina
2046 4643 2101 4704 in

2194 4645 2363 4722 παρὰν
2436 4643 2602 4710 αὐτὴν
2659 4650 2736 4717 τῷ
2814 4643 2957 4718 αὒτῷ
3031 4635 3200 4719 τούτῳ
3263 4645 3382 4725 πυρὶ
3440 4648 3676 4717 ποιήσων
3738 4639 3812 4698 καὶ

472 4728 671 4791 Asiam
700 4726 1389 4807 proﬁciscitur.Curnque
1414 4746 1484 4791 ea
1505 4748 1635 4810 quae
1660 4730 1847 4810 ipsam
1872 4749 2101 4793 concen

2194 4731 2432 4802 ἁπαλήν.
2495 4730 2660 4790 ’Ὅθεν
2716 4733 2812 4801 τὴν
2856 4733 3211 4803 Οαλαιστίνην
3251 4734 3553 4811 ἀπολιπὼν,
3585 4740 3649 4810 τῇ
3678 4729 3809 4799 Ἀσίᾳ

472 4816 720 4901 nebant,
774 4824 939 4879 recte
990 4818 1401 4897 disposuisset,
1441 4820 1661 4881 loniam
1714 4828 1984 4899 occupat,
2040 4839 2101 4882 ac

2195 4819 2473 4898 ἐπιδημεῖ.
2539 4824 2641 4880 Καὶ
2701 4823 2764 4879 νὰ
2839 4824 2951 4879 δίαιτ’
3023 4826 3184 4892 αὐτὴν
3249 4826 3306 4882 εὗ
3372 4825 3669 4901 διαθέμενος
3725 4819 3810 4886 τὴν

470 4905 773 4987 Ephesum
826 4907 1188 4987 aggreditur,
1250 4907 1352 4968 ubi
1413 4906 1615 4988 plures
1645 4927 1714 4970 ac
1745 4908 2101 4972 crudeliores

2195 4910 2397 4968 Ἰωνίαν
2466 4910 2888 4987 καταλαμϐάνει,
2961 4915 3051 4970 καὶ
3127 4921 3194 4991 τῇ
3278 4914 3487 4995 Ἐφέσῳ
3563 4913 3811 4993 ἐφίσταται

468 4996 608 5058 ferai
632 5004 823 5073 erant,
886 5005 943 5058 et
997 4997 1133 5057 talia
1180 5016 1311 5077 quae
1356 4997 1620 5078 periculo
1676 4999 1882 5079 quovis
1937 4998 2101 5077 longe

2194 5001 2314 5057 ἔνθα
2370 5002 2458 5058 καὶ
2500 5003 2547 5056 οἱ
2607 5005 2764 5079 θῆρες
2832 5001 3071 5068 πλείονες
3130 5006 3218 5062 καὶ
3276 5007 3558 5083 ὠμότεροι,
3623 5002 3704 5059 καὶ
3753 4996 3810 5053 τὰ

470 5086 900 5175 periculosiora
924 5095 1144 5148 essent.
1171 5087 1241 5147 Et
1263 5089 1514 5168 primum
1549 5087 1791 5168 quidem
1825 5090 2101 5169 templum

2193 5097 2292 5159 τῆς
2350 5094 2533 5171 πείρας
2577 5091 2762 5166 πολλῷ
2810 5092 3187 5175 χαλεπώτερα.
3239 5098 3335 5154 Καὶ
3378 5101 3560 5174 πρῶτα
3601 5093 3693 5168 μὲν
3732 5088 3812 5144 τὸν

468 5174 830 5238 Amazonum
882 5176 1028 5255 ipsis
1084 5176 1260 5237 idolis
1319 5184 1728 5239 consecratum
1785 5197 1900 5238 una
1932 5197 2101 5259 prece

2195 5184 2297 5238 τῶν
2358 5181 2671 5256 Ἀμαζόνων
2729 5183 2852 5239 ναὸθ
2902 5186 3087 5249 αὐτοῖς
3138 5184 3375 5249 εἰδώλοις
3433 5189 3530 5260 μιᾷ
3586 5184 3810 5255 καθαιρεῖ

469 5262 781 5345 subvertit,
813 5283 881 5326 ac
930 5265 1119 5327 veluti
1153 5266 1358 5345 platea}
1388 5268 1573 5327 lutum
1605 5266 1837 5330 diruit..
1879 5267 2101 5330 Deinde

2195 5276 2493 5350 προσευχῇ,
2544 5270 2631 5327 καὶ
2687 5271 2813 5327 ὡσεὶ
2871 5271 3046 5338 πηλὸν
3114 5273 3308 5331 λεαίνει
3362 5272 3632 5335 πὶατείας,
3687 5267 3808 5323 Εἶτα

469 5353 874 5445 sacriﬁcatum
890 5354 990 5434 qui
1004 5353 1476 5416 asacriliciorum
1491 5357 1886 5437 appellatione
1901 5375 2101 5437 cogno-

2192 5362 2280 5416 καὶ
2322 5361 2431 5415 τῶν
2487 5359 2668 5427 ἱερέων
2724 5359 2830 5415 ἀπὸ
2872 5364 2973 5429 τῆς
3016 5365 3123 5418 τῶν
3185 5364 3388 5445 ἱερείων
3434 5361 3670 5430 κλήσεως
3721 5353 3809 5419 τὴν

470 5458 609 5502 men
633 5442 825 5504 sortiti
855 5451 1014 5520 sunt,
1049 5443 1157 5505 hos
1215 5443 1457 5520 quidem
1507 5445 1912 5523 sermonibus,
1975 5449 2101 5511 illos

2193 5448 2495 5526 ἐπωνυμίαν
2538 5448 2847 5528 λαχόντων,
2900 5451 3023 5516 τοὺς
3066 5452 3163 5528 μὲν
3213 5442 3419 5533 λόγοις,
3470 5450 3589 5512 τοὺς
3637 5445 3687 5503 δὲ
3714 5463 3811 5508 σηι-

547 5619 580 5671 5
605 5617 783 5682 Joan.
812 5634 933 5694 xxr,
969 5620 1074 5681 20.
1157 5620 1190 5671 6
1214 5618 1388 5683 Joan.
1416 5637 1564 5703 ιιι,
1601 5621 1697 5685 26.
