4056 6142
289 298 407 364 689

1479 300 1663 364 VITA
1706 300 1766 363 S.
1812 298 2136 363 JOANNIS
2177 298 2465 361 EVANG.

3541 293 3663 360 690

288 434 480 510 μείοις,
527 433 799 515 ἐλέγχοις,
870 434 1149 514 ἀνάγκαις,
1210 440 1308 503 τῆς
1359 433 1565 502 πλάνης
1624 434 1927 514 μεθίστησι,

2031 440 2206 495 intem
2230 430 2417 512 signis
2436 426 2769 491 rationibus
2780 444 2850 490 ae
2862 425 3325 490 necessitatibus
3345 427 3658 493 transferet

289 526 375 582 καὶ
434 526 570 598 μετὰ
663 525 922 592 τοσαύτης
1008 526 1390 603 παρασκευάζει
1468 528 1566 593 τῆς
1635 527 1933 604 περιουσίας

285 617 616 687 μεταμαθεῖν
669 616 768 681 τὴν
826 611 1117 688 εὗσέϐειαν,
1192 617 1265 678 ὡς
1337 617 1424 671 καὶ
1489 615 1676 677 αὐτοὺς
1739 614 1935 692 ἑτέροις

288 704 567 779 ὑφηγητᾶς
599 705 695 770 τῆς
756 703 1001 770 ἀληθείας
1058 711 1153 760 τοῦ
1209 703 1398 760 λοιποῦ
1452 705 1537 760 καὶ
1592 701 1934 765 διδασκάλους

288 792 650 850 καθίστασθαι.
718 794 813 851 Καὶ
856 791 993 849 οὕτω
1034 806 1149 857 τοῖς
1219 791 1399 857 ἄλλοις
1452 800 1607 849 τοῦτο
1652 792 1749 867 μὲν
1808 792 1930 848 ἐπι·-

290 882 485 956 τιμῶν,
548 889 700 939 τοῦτο
743 880 797 937 δὲ
839 883 927 938 καὶ
981 883 1241 946 ὑποτιθεὶς
1305 883 1370 938 τὰ
1425 884 1786 960 προσήκοντα,
1846 882 1935 938 καὶ

289 976 418 1027 πᾶσι
477 971 649 1026 πάντα
704 972 1007 1049 γινόμενος,
1089 978 1156 1048 τῇ
1234 978 1340 1028 τῶν
1395 970 1716 1047 σωζομένων
1774 991 1935 1049 μοιρᾳ

292 1060 491 1125 πάντας
556 1060 811 1138 ὑπάγεται
840 1108 857 1140 ,
917 1063 989 1126 ὡς
1050 1062 1283 1118 ἒντεῦθεν
1336 1060 1489 1138 ἔργον
1538 1060 1600 1117 τὸ
1658 1061 1931 1139 εἰρημένον

228 1170 231 1171 ⁷
292 1154 368 1221 τῷ
411 1149 606 1223 Παύλῳ
663 1153 961 1227 γνωσθῆναι
1000 1169 1017 1185 ⁸
1063 1151 1150 1206 καὶ
1206 1174 1235 1205 α
1299 1149 1431 1207 ὅπου
1476 1153 1502 1206 ὁ
1558 1156 1657 1217 τῆς
1690 1149 1929 1213 ἀσεϐείας

286 1240 499 1319 ὑπῆρχε
551 1238 905 1315 πλεονασμὸς,
942 1240 1059 1298 ἐκεῖ
1089 1242 1177 1297 καὶ
1204 1241 1305 1308 τὴν
1347 1242 1657 1318 περισσείαν
1687 1240 1931 1319 γενέσθαι

299 1334 397 1395 τῆς
427 1329 674 1408 χάριτος.
710 1349 740 1390 ι

380 1418 469 1481 Γ’.
522 1418 692 1478 Ἀλλὰ
733 1426 809 1494 τῷ
864 1425 1083 1498 πονηρῷ
1136 1421 1267 1498 πρὸς
1325 1426 1488 1476 ταῦτα
1541 1422 1634 1476 οὒκ
1683 1421 1747 1488 ἦν
1806 1420 1935 1498 ἠρε-

300 1523 448 1584 μεῖν.
522 1507 739 1582 Ἀμέλει
797 1510 883 1566 καὶ
942 1508 1238 1588 ὀφθαλμοῖς
1297 1510 1582 1586 βασγάνοις
1640 1509 1738 1576 τὴν
1782 1508 1938 1565 εὐσέ-

299 1596 444 1654 ϐειαν
503 1596 667 1661 οὕτως
713 1596 1043 1657 ἐπιδιδοῦσαν
1101 1596 1245 1671 ἰδὼν,
1299 1601 1387 1654 καὶ
1429 1598 1582 1674 γνοὺς
1643 1600 1733 1654 τὸν
1763 1597 1938 1653 αἴτιον

301 1688 446 1751 ὅστις
480 1687 598 1761 εἴη,
642 1687 815 1743 πάντα
857 1709 915 1743 τε
961 1687 1082 1742 κατ’
1134 1690 1290 1744 αὐτοῦ
1335 1699 1474 1744 κινεῖ
1505 1687 1671 1750 λίθον,
1735 1689 1833 1744 Καὶ
1888 1686 1939 1742 τί

301 1775 585 1835 σγέπτεται

299 1867 357 1931 ὃς
415 1867 553 1941 μετὰ
624 1876 783 1924 Τῖτον
839 1866 969 1944 εἶχε
1028 1867 1086 1921 τὸ
1143 1866 1358 1945 κράτος,
1418 1868 1509 1922 σὺν
1566 1866 1748 1939 ἐκείνῳ
1806 1865 1937 1922 κατὰ

300 1961 397 2026 τῆς
452 1953 716 2019 εὐσεϐείας
758 1956 1064 2035 ψηφίζεται,
1124 1962 1228 2034 Προ
1286 1953 1338 2011 δὲ
1395 1957 1499 2012 τῶν
1548 1954 1686 2012 ὅλων
1742 1956 1804 2011 τὸ
1832 1962 1938 2011 τῶν

298 2046 437 2102 ὅλων
493 2047 686 2124 κράτος
749 2043 1003 2112 Ἰωάννην
1077 2045 1223 2103 ἑλεῖν
1273 2046 1608 2123 ἀγωνίζεται.
1677 2047 1772 2104 Καὶ
1832 2045 1937 2100 ἀπὸ

298 2141 395 2203 τῆς
460 2135 639 2200 Ἀσίας
697 2137 842 2195 εὐθὺς
898 2135 984 2192 ἐπὶ
1044 2136 1138 2203 τὴν
1197 2135 1453 2213 Εὒρώπην
1484 2135 1639 2191 αὐτὸν
1672 2134 1817 2213 ἄγει,
1852 2136 1938 2191 καὶ

298 2227 371 2291 εἰς
416 2225 696 2303 ὑπερορίαν
721 2226 940 2301 ἀπάγει,
973 2228 1044 2290 ὡς
1089 2227 1294 2302 προϊὼν
1344 2227 1370 2280 ὁ
1430 2223 1587 2301 λόγος
1618 2223 1936 2290 δηλώσειεν.

304 2316 455 2374 Ἐπεὶ
508 2316 609 2392 γὰρ
661 2314 781 2371 κατ’
840 2311 960 2389 ὄψιν
1016 2314 1223 2378 ἐκεῖνος
1280 2320 1356 2388 τῷ
1398 2323 1674 2390 κρατοῦντι
1704 2313 1935 2391 ἐγένετο,

304 2406 392 2460 καὶ
448 2404 592 2467 ὅστις
666 2403 796 2459 ποτὲ
865 2405 953 2460 καὶ
1022 2402 1141 2460 ὅθεν
1214 2404 1333 2475 εἴη,
1390 2405 1490 2472 τήν
1546 2424 1603 2459 τε
1658 2403 1941 2477 θρησκείαν

309 2497 520 2564 ὁποῖος,
585 2494 671 2548 καὶ
752 2492 868 2548 τίνα
949 2491 1094 2570 λέγοι
1165 2494 1254 2549 τὸν
1324 2492 1618 2571 ἐρχόμενον
1681 2492 1939 2570 ἧρωτατο,

309 2583 555 2651 Ἰωάννης
612 2582 709 2656 μὲν
786 2581 1098 2661 κεκλῆσθαι,
1174 2583 1260 2638 καὶ
1345 2586 1440 2648 τῆς
1504 2579 1769 2637 Ἰουδαίων
1840 2586 1942 2658 γῆς

306 2674 589 2750 ὁρμᾶσθαι,
649 2671 745 2729 καῖ
803 2676 900 2738 τῆς
958 2670 1215 2749 ἑταιρείας
1265 2675 1404 2727 εἶναι
1467 2676 1574 2725 τῶν
1622 2674 1944 2739 Χριστιανῶν

278 2761 663 2834 ¹ιΞιποκρίνεται,
717 2761 1089 2839 προαγορεύειν
1156 2759 1211 2816 δὲ
1269 2761 1360 2816 τὸν
1411 2759 1713 2839 ἐρχόμενον
1759 2765 1945 2814 τοῦτον

303 2853 471 2908 εἶναι.
534 2850 594 2907 οὗ
653 2853 680 2907 ὁ
735 2851 915 2927 θρόνος
961 2851 1087 2907 ὡσεὶ
1148 2849 1350 2920 σελήνη
1407 2847 1830 2927 κατηρτισμένος
1872 2849 1944 2908 εἰς

302 2944 391 2998 τὸν
450 2941 640 2999 αἰῶνα.
700 2939 851 2997 Ἐπεὶ
907 2938 982 3014 δὲ,
1025 2949 1120 2999 Καὶ
1164 2941 1268 2995 τίσι
1305 2939 1483 3013 τοῦτο,
1529 2942 1696 3018 φησίν
1728 2940 1756 2994 ό
1808 2959 1947 3014 κρα-

303 3037 432 3104 τῶν,
494 3031 943 3101 παραστήσειαςς
996 3029 1110 3087 οὔδε
1190 3030 1289 3106 γὰρ
1360 3030 1512 3085 ἱκανὰ
1593 3035 1756 3083 ταῦτα
1815 3029 1946 3103 πρὸς

306 3123 507 3196 πίστιν,
566 3120 640 3175 ὧν
684 3124 760 3193 μὴ
817 3118 1029 3195 ἕτοιμος
1058 3121 1092 3186 ἡ
1151 3117 1415 3184 ἀπόδειξις
1449 3134 1462 3148 ⁸
1499 3117 1639 3173 νόσοι
1670 3117 1767 3191 μὲν
1802 3116 2006 3208 εὐοῖ)ςο

312 3209 380 3289 (ὣ
463 3215 561 3275 τῆς
638 3208 936 3287 ἀπορρήτου
1006 3231 1121 3281 σοι),
1225 3208 1489 3287 Δέσποτα,
1575 3203 1943 3284 δυναστείαςί)

313 3300 401 3355 καὶ
443 3297 724 3372 δαιμονίων
780 3298 942 3372 ἐσμὸς
994 3297 1398 3372 ἀπελαύνονται,
1456 3294 1725 3353 ἂναϐιοῦει
1786 3293 1839 3350 δὲ
1902 3296 1948 3350 οἱ

317 3388 493 3464 νεκροὶ
544 3390 722 3443 θᾶττον
779 3387 814 3455 ἢ
871 3386 1090 3463 ζῶντες,
1159 3387 1409 3461 ἑπόμενοι
1465 3387 1542 3460 τῷ
1601 3384 1945 3458 κελεύσματι,

316 3481 443 3557 Οἷς,
490 3476 796 3552 ὠβασιλεῦ,
830 3478 920 3533 τὸν
979 3477 1228 3542 Ἰωάννην
1274 3478 1466 3553 εἰπεῖν,
1519 3476 1595 3551 μὴ
1655 3472 1950 3553 ἀμφξϐαλλε

311 3582 431 3632 τοῖς
490 3565 826 3646 φαινομένοις
887 3566 954 3621 τὰ
997 3567 1074 3640 μὴ
1120 3566 1316 3645 φανερὰ
1368 3568 1811 3641 τεκμαιρόμενος.
1877 3563 1951 3620 Τὰ

309 3658 364 3715 δὲ
423 3656 518 3713 τοῦ
577 3657 774 3733 Κρόνου
818 3655 915 3710 καί
965 3656 1106 3727 Διὸς,
1141 3656 1229 3711 καὶ
1287 3654 1391 3709 τῶν
1424 3654 1691 3730 ὑμετέρων
1718 3657 1874 3730 θεῶν,
1908 3654 1952 3706 εἰ

310 3749 389 3823 μὴ
435 3747 724 3825 ἀρκοῦντας
792 3745 921 3822 εἶχε
980 3751 1100 3807 τοὺς
1152 3741 1683 3821 προκατεγνωκότας,
1734 3741 1789 3797 εὖ
1842 3740 1950 3797 ἴσθι

306 3837 466 3913 κάγὼ
521 3836 582 3890 τὸ
642 3832 808 3908 μηδὲν
867 3833 1009 3889 εἶναι
1054 3830 1312 3906 ἐπέδειξα,
1365 3830 1567 3905 μᾶλλον
1622 3831 1716 3905 μὲν
1750 3830 1955 3885 οὖνκαὶ

305 3923 508 4002 ὕςρεως
562 3923 801 4001 ἐσχάτης
859 3923 947 3978 καὶ
1006 3922 1239 3999 γέλωτος
1318 3919 1550 3998 γέμοντα
1605 3922 1693 3976 γαὶ
1752 3920 1950 3982 ἀνοίας.

309 4013 480 4072 Ἀλλὰ
537 4014 599 4068 τὸ
646 4017 743 4078 τῆς
790 4012 999 4077 ἀπάτης
1060 4009 1289 4089 ἁλμυρὸν
1338 4008 1680 4081 ἀποπτύσας,
1713 4014 1803 4064 τοῦ
1851 4032 1956 4065 πο-

308 4106 464 4177 τίμου
523 4101 652 4158 ποτὲ
736 4099 830 4157 καὶ
915 4100 1242 4178 γλυκυτάτου
1299 4099 1535 4173 νάματος
1594 4098 1951 4178 ἐμφορήθητι,

311 4203 415 4250 Τὸν
474 4190 551 4267 δὲ,
609 4188 859 4260 ἐκπλήξει
914 4211 975 4245 τε
1034 4190 1146 4262 ἅμα
1200 4190 1289 4246 καὶ
1362 4190 1495 4267 ὀργῇ
1556 4187 1835 4268 meam,
1898 4190 1955 4243 τὸ

313 4283 411 4357 μὲν
468 4281 554 4338 ἐπὶ
598 4285 716 4346 τοῖς
772 4278 895 4357 παρ’
957 4280 1110 4336 αὖτοῧ
1172 4278 1475 4355 γενομένοις
1527 4279 1842 4355 τεραστίοις,
1898 4279 1958 4333 τὸ

312 4372 363 4428 δι
456 4370 735 4428 ,ὶξ’ν
847 4369 1057 4409 ’.εί
1217 4367 1304 4402 γηκ
1366 4366 1453 4421 θ’)
1543 4369 1645 4423 θ-;
1783 4370 1794 4383 ε
1904 4367 1943 4407 ε,

348 4406 369 4427 δ
417 4395 486 4428 κέ.
560 4396 623 4449 ,φ
697 4394 743 4443 ῳ
783 4390 904 4432 τους
950 4390 1149 4425 εκεννου
1218 4387 1428 4427 εΔΟιἌΟΖ
1452 4390 1514 4423 .οι
1577 4388 1713 4438 εοδς,
1750 4389 1808 4424 το
1861 4390 1957 4440 με]

314 4464 409 4518 τοῦ
454 4460 616 4538 λόγου
668 4457 882 4538 φαιδρὸν
937 4460 1012 4532 μὴ
1065 4456 1346 4534 προσέσθαι
1401 4455 1484 4511 διὰ
1532 4458 1631 4523 τὴν
1680 4453 1825 4512 ἔνδον
1871 4465 2025 4534 τοῦυ

316 4552 537 4608 σκότους
582 4549 897 4628 παχύτητα,
943 4546 1023 4603 ὅτι
1082 4546 1136 4603 δε
1191 4548 1267 4621 μὴ
1324 4546 1625 4602 ἀποκτείνοι
1678 4553 1882 4625 τοῦτον,
1932 4549 1958 4602 ὁ

317 4648 394 4714 τῷ
424 4641 607 4717 Πέτρῳ
658 4640 831 4714 ῥηθεὶς
891 4637 1044 4714 λόγος
1100 4637 1382 4713 ἀπεῖργεν,
1418 4637 1490 4697 ὡς
1530 4656 1552 4690 ιι
1590 4637 1647 4691 Εἰ
1675 4635 1813 4691 θέλω
1857 4635 1960 4709 μέ-

318 4752 427 4786 νειν
457 4731 611 4787 αὑτὸν
642 4728 741 4792 ἕως
774 4727 1027 4805 ἔρχομαι,
1064 4727 1111 4781 τί
1155 4728 1285 4802 πρὸς
1345 4724 1402 4778 σέ
1437 4743 1453 4802 ς
1490 4746 1517 4778 »
1574 4723 1848 4802 ἀειφυγίαν
1906 4723 1959 4778 δὲ

264 4886 271 4893 .
319 4818 723 4897 κατεψηφίσατο
782 4824 871 4873 τοῦ
928 4815 1134 4892 ἀνδρὸς,
1198 4813 1280 4875 εἴς
1337 4835 1452 4869 τινα
1514 4820 1616 4868 τῶν
1676 4811 1961 4881 Σπ)οάδων

322 4912 499 4977 νήσων
558 4906 868 4985 ὐπερορίσας
931 4908 1164 4977 (Hispo;
1230 4908 1362 4978 αὒτῇ
1418 4905 1479 4958 τὸ
1523 4900 1740 4981 ὄνομα),
1775 4903 1829 4958 ἑν
1862 4900 1966 4974 ἴσῳ

320 4998 542 5056 θανάτου
599 4995 762 5052 πάλαι
824 4994 1102 5067 Ῥωμαίοις
1181 4999 1278 5059 τῆς
1343 4992 1618 5069 ὑπερορίας
1678 4991 1962 5065 νομιζομέ-

323 5099 440 5153 νης.
485 5071 678 5161 ηΗγειτο
717 5086 887 5141 τοίνυν
934 5084 1063 5159 πρὸς
1130 5084 1220 5137 τὸν
1281 5087 1379 5147 τῆς
1438 5083 1712 5160 ὑπερορίας
1763 5080 1882 5157 ὅρον
1937 5082 1962 5135 ὁ

324 5177 490 5252 μέγας
568 5174 886 5251 ἀπόστολος,
945 5174 1032 5228 καὶ
1120 5172 1219 5237 τὴν
1303 5176 1466 5236 νῆσον
1542 5168 1963 5244 καταλαμϐάνει,

327 5265 507 5344 Βραχὺ
534 5265 595 5319 τὸ
654 5262 869 5340 μεταξὺ,
920 5263 1007 5317 καὶ
1057 5262 1105 5316 οἱ
1165 5265 1261 5326 τῆς
1298 5263 1460 5328 νήσου
1518 5260 1792 5336 πρόσοικοι
1856 5280 1969 5314 σω-

326 5359 460 5431 τῆρα
515 5354 603 5408 καὶ
658 5354 952 5429 πολιοῦχον
1016 5352 1106 5405 τὸν
1154 5354 1251 5416 τῆς
1311 5351 1535 5425 βροντῆς
1589 5350 1698 5404 υἱὸν
1744 5347 1969 5425 ἐπιγρά-

409 5570 438 5620 7
468 5572 642 5633 Rom.
676 5585 735 5650 v,
764 5566 865 5630 90.
952 5569 983 5617 8
1012 5567 1180 5629 Joan.
1217 5582 1339 5640 χχι,
1376 5564 1475 5627 22.

2016 520 2088 582 ab
2139 537 2390 584 errore:
2442 527 2499 581 et
2559 515 2899 597 liujusmodi
2952 514 3438 579 exulberantibus
3468 517 3661 579 modis

2020 610 2204 673 efﬁcit
2235 617 2296 672 ut
2324 614 2802 670 transmutentur
2847 604 2919 667 ad
2958 604 3303 668 discendam
3354 609 3659 686 pietatem,

2017 710 2077 763 et
2110 699 2221 780 ipsi
2246 699 2423 759 etiam
2455 696 2585 758 aliis
2625 694 3059 758 constituantur
3088 695 3373 775 deinceps
3401 695 3663 758 veritatis

2018 789 2200 852 duces
2230 807 2297 851 ac
2322 810 2333 861 ι
2360 795 2744 867 rteceptores.
2780 785 2864 848 Ac
2894 784 2976 847 ita
3006 784 3215 865 partim
3240 785 3483 864 quidem
3516 784 3665 846 alios

2018 878 2422 959 objurgando,
2453 882 2670 957 partim
2720 892 2858 937 vero
2913 893 3033 952 que
3076 874 3440 937 conveniunt
3484 874 3664 937 etiam

2017 967 2423 1043 admonendo,
2454 964 2852 1044 omnibusque
2876 964 3074 1026 omnia
3102 964 3313 1044 factus,
3348 963 3407 1024 in
3440 971 3664 1025 sortem

2017 1076 2226 1119 eorum
2273 1057 2372 1138 qui
2435 1054 2582 1116 salvi
2643 1055 2793 1116 ﬁunt
2847 1072 3061 1116 omnes
3118 1052 3370 1132 pellicit,
3404 1060 3467 1114 ut
3524 1051 3666 1114 hinc

2013 1147 2232 1208 factum
2290 1151 2752 1222 cognosceretur
2782 1143 2939 1223 quod
2971 1163 3003 1204 a
3055 1141 3239 1204 Paulo
3268 1140 3493 1203 dictum
3515 1149 3614 1203 .est
3644 1162 3660 1198 :

2022 1235 2131 1297 Ubi
2180 1236 2507 1297 abundauit
2548 1233 2872 1313 iniquitas,
2905 1231 2993 1295 ibi
3041 1230 3557 1315 superabundavit
3607 1236 3666 1293 et

2060 1327 2221 1387 ralia
2252 1326 2302 1383 7.

2017 1345 2221 1406 grana
2261 1345 2302 1383 ι.

2106 1404 2201 1467 lIl.
2242 1404 2461 1466 Verum
2496 1402 2757 1482 maligno
2790 1401 2870 1462 illi
2905 1419 3023 1463 non
3058 1401 3306 1463 dabatur
3337 1401 3495 1462 inter
3539 1401 3666 1463 haec

2018 1492 2464 1573 requies.Certe
2490 1492 2680 1554 oculis
2701 1490 2917 1553 invidis
2941 1490 3188 1553 intuitus
3212 1491 3490 1571 pietatem
3518 1492 3666 1551 adeo

2020 1600 2398 1645 succrescere
2478 1580 2714 1661 cognita
2764 1582 2940 1660 hujus
3008 1580 3099 1642 rei
3169 1598 3366 1655 causa,
3427 1595 3666 1641 omnem

2020 1674 2307 1734 adversus
2357 1672 2504 1733 illud
2539 1678 2735 1733 movet
2779 1668 3061 1749 lapidem.
3114 1668 3269 1744 Quid
3300 1686 3440 1748 ergo
3490 1668 3673 1730 sumit

625 1798 640 1851 ;
704 1777 805 1834 Τὸν
865 1777 1263 1833 Οὐεσπασιανού
1342 1778 1665 1852 Δομετιανὸν
1719 1774 1933 1854 ὑποδὺς,

2031 1761 2302 1843 consilii?
2338 1761 2747 1825 Domitianum
2780 1758 3340 1838 Vespasianiﬁlium
3362 1758 3671 1839 ingressus

2022 1851 2123 1932 qui
2156 1860 2286 1930 post
2305 1851 2505 1915 Titum
2526 1849 2783 1913 obtinuit
2803 1848 3142 1929 imperium,
3168 1866 3304 1911 cum
3329 1848 3430 1910 illo
3450 1849 3666 1909 adver—

2021 1957 2120 2000 sus
2149 1944 2334 2013 pietati
2361 1959 2413 1998 m
2444 1943 2722 2009 decernit.
2747 1942 2887 1998 Ante
2915 1942 3109 1998 omnia
3149 1948 3339 1997 autem
3369 1941 3670 2008 Joannem,

2022 2028 2123 2109 qui
2152 2027 2338 2090 robur
2371 2029 2780 2090 universorum
2813 2035 2965 2100 erat,
2999 2025 3213 2088 tollere
3241 2033 3510 2086 conatur.
3534 2022 3670 2086 Sta-

2023 2118 2250 2198 timque
2300 2117 2495 2198 ipsum
2527 2117 2599 2178 ab
2654 2117 2799 2179 Asia
2829 2117 2994 2178 ducit
3041 2115 3115 2177 ad
3148 2116 3470 2194 Europam,
3505 2121 3567 2175 et
3610 2112 3674 2174 in

2024 2205 2297 2267 exsilium
2319 2206 2564 2286 relegat,
2591 2205 3092 2285 quemadmodum
3128 2203 3452 2284 insequens
3473 2220 3673 2265 sermo

2025 2295 2406 2357 manifestare
2440 2295 2679 2375 poterit.
2708 2293 2822 2357 Ubi
2850 2294 3009 2355 enim
3050 2294 3113 2354 in
3139 2300 3527 2374 conspectum
3558 2291 3677 2353 im-

2026 2385 2316 2465 peratoris
2368 2384 2648 2456 venisset,
2685 2390 2743 2446 et
2789 2383 2925 2463 quis
2963 2390 3022 2445 et
3070 2380 3226 2443 unde
3277 2388 3444 2443 ortus
3491 2389 3673 2462 esset,

2026 2493 2276 2555 quamve
2301 2476 2681 2554 profiteretur
2702 2472 3146 2550 religionem,et
3168 2488 3488 2551 quemnam
3517 2471 3679 2533 dice-

2026 2573 2119 2626 ret
2148 2581 2281 2624 esse
2330 2570 2640 2624 venturum
2691 2561 3090 2638 interrogatus
3121 2567 3329 2622 esset:
3387 2558 3677 2622 Joannem

2029 2652 2269 2734 quidem
2305 2670 2370 2714 se
2424 2660 2691 2714 vocatum
2724 2668 2879 2729 esse,
2914 2657 2974 2711 et
3027 2669 3061 2711 a
3086 2648 3427 2712 Judaaorum
3457 2666 3680 2728 genere

2032 2741 2349 2821 prodiisse,
2384 2759 2452 2803 ac
2472 2740 2734 2802 sodalitii
2761 2738 3234 2802 Christianorum
3260 2755 3393 2800 esse
3419 2755 3675 2818 respon-

2030 2832 2172 2893 det:
2221 2849 2287 2891 88
2316 2838 2509 2891 autem
2568 2831 2926 2892 annuntiare
2976 2828 3129 2889 hanc
3170 2845 3307 2889 esse
3363 2833 3672 2890 venturum
3764 2842 3777 2859 ’⁵

2030 2921 2206 2999 cujus
2238 2919 2488 2980 thr-onus
2520 2919 2700 2981 veluti
2731 2921 2870 2982 luna
2891 2925 3254 2999 praeparatus
3283 2935 3351 2979 ac
3377 2916 3678 2998 perfectus

2031 3018 2188 3071 esset
2218 3009 2278 3069 in
2311 3008 2618 3069 saeculum.
2654 3005 2769 3070 Ubi
2799 3015 2995 3070 autem
3027 3006 3277 3068 dixisset
3305 3005 3671 3086 imperator:

2030 3097 2100 3159 Et
2131 3098 2348 3178 quibus
2381 3097 2571 3159 modis
2599 3097 2726 3159 haec
2756 3097 3109 3160 confirmare
3166 3096 3392 3177 poteris
3420 3102 3450 3161 ?
3480 3113 3679 3177 neque

2031 3187 2191 3249 enim
2248 3188 2376 3248 haec
2408 3186 2766 3248 sufficientia
2816 3193 2957 3247 sunt
2980 3186 3055 3248 ad
3108 3184 3444 3248 faciendam
3499 3184 3674 3247 ﬁdem

2032 3294 2238 3338 eorum
2269 3275 2344 3337 de
2374 3275 2590 3355 quibus
2621 3294 2739 3337 non
2771 3283 2863 3337 est
2889 3273 2952 3335 in
2994 3279 3272 3356 promptu
3301 3274 3678 3336 demonstra-

2032 3366 2113 3427 tio
2142 3386 2156 3426 :
2196 3365 2388 3426 morbi
2422 3365 2693 3446 protinus
2718 3373 2775 3442 (ο
2801 3363 3191 3441 ineffabilem,
3217 3364 3493 3445 Domine,
3517 3370 3678 3427 tuam

2035 3454 2479 3535 potentiam!)et
2501 3454 2937 3517 daemoniorum
2960 3454 3224 3534 legiones
3244 3453 3678 3534 pelluntilr,re-

2034 3546 2316 3602 viviscunt
2346 3554 2536 3602 autem
2570 3548 2803 3615 mortui,
2829 3545 3056 3617 jussum
3094 3545 3388 3614 sequendo
3430 3544 3682 3602 velocius

2034 3648 2210 3710 quam
2256 3631 2541 3692 viventes.
2597 3629 2848 3703 Quibus.
2901 3648 2936 3692 ο
2990 3648 3091 3691 rex
3152 3629 3340 3708 (aiunt
3386 3627 3680 3691 Joannem

2036 3717 2310 3799 dixisse),
2346 3737 2422 3780 ne
2446 3719 2709 3791 dubites,
2737 3719 2806 3780 ab
2841 3719 2936 3780 bis
2956 3735 3091 3799 quas
3121 3728 3411 3797 apparent
3434 3718 3683 3797 conjec-

2039 3817 2228 3870 turam
2284 3809 2493 3871 faciem
2546 3826 2754 3869 enrnm
2803 3824 2933 3888 quae
2987 3807 3302 3869 manifesta
3350 3826 3468 3869 non
3520 3815 3682 3870 sunt.

2040 3900 2226 3959 Porro
2263 3915 2391 3977 quae
2444 3897 2521 3959 de
2577 3896 2831 3958 Saturno
2878 3904 2938 3957 et
2989 3894 3132 3959 Jove
3174 3896 3523 3975 caeterisque
3571 3896 3686 3958 diis

2039 3983 2253 4046 vestris
2296 3986 2595 4058 feruntur,
2630 3985 2748 4046 nisi
2776 3984 3140 4046 sufficientes
3190 3991 3391 4045 essent
3421 3983 3522 4064 qui
3551 3991 3687 4045 ante

2041 4093 2150 4136 nos
2181 4074 2716 4146 demonstrassent,
2742 4074 2953 4154 utique
2978 4081 3035 4135 et
3066 4091 3174 4152 ego
3205 4072 3380 4135 facile
3400 4073 3686 4135 ostende-

2037 4182 2190 4238 rem,
2228 4162 2375 4224 nihil
2410 4181 2563 4225 osse:
2592 4162 2695 4224 sed
2720 4163 2899 4243 plena
2928 4163 3122 4244 potius
3139 4181 3372 4224 summo
3396 4160 3687 4243 vituperio

2039 4250 2285 4333 risuque
2309 4272 2374 4314 ac
2400 4252 2723 4316 dementia.
2751 4251 2969 4315 Verum
2995 4252 3299 4314 enimvero
3322 4251 3689 4331 deceptionis

2044 4341 2345 4419 salsugine
2376 4342 2630 4421 abjecta,
2666 4342 2884 4404 satiare
2905 4343 3098 4422 potius
3130 4343 3292 4403 fonte
3322 4340 3588 4422 potabilii
3619 4358 3689 4402 ac

2044 4430 2412 4493 dulcissimo.
2448 4431 2620 4493 Hunc
2643 4440 2839 4493 autem
2872 4440 3110 4511 stupore
3142 4429 3317 4491 simul
3350 4437 3410 4492 et
3439 4428 3528 4492 ira
3547 4438 3687 4491 cur-

2042 4529 2276 4601 reptum
2310 4521 2473 4583 aiunt
2513 4539 2526 4583 :
2582 4521 2721 4582 hinc
2753 4520 2990 4600 quidem
3025 4521 3100 4580 ob
3153 4526 3425 4600 portenta
3453 4519 3528 4580 ab
3558 4518 3688 4600 ipso

2044 4620 2306 4687 peracta,
2342 4611 2506 4673 illinc
2552 4630 2690 4671 vero
2724 4610 2798 4671 ob
2831 4609 2887 4672 id
2920 4610 3078 4691 quod
3127 4613 3273 4671 deos
3301 4627 3441 4670 suos
3471 4606 3690 4670 calum-

2046 4700 2334 4761 niaretur.
2395 4702 2597 4777 Itaque
2653 4700 2727 4760 ad
2784 4700 3081 4760 sermonis
3134 4697 3516 4778 splendorem
3572 4716 3691 4758 non

2045 4788 2300 4850 accessit
2354 4788 2428 4848 ob
2463 4786 2846 4848 tenebrarum
2880 4806 3011 4866 quae
3041 4787 3099 4848 in
3132 4788 3261 4867 ejus
3310 4786 3493 4867 corde
3520 4795 3690 4867 erant

2048 4868 2408 4931 crassitiem.
2469 4867 2637 4939 Quod
2709 4865 2911 4926 autem
2967 4868 3123 4926 hunc
3166 4865 3316 4927 iuon
3374 4865 3689 4945 occiderit,

2048 4947 2243 5009 dictus
2296 4948 2367 5007 ad
2431 4949 2673 5009 Petrum
2732 4963 2929 5006 sermo
2988 4945 3313 5025 prohibuit,
3376 4953 3558 5025 puta:
3623 4944 3692 5017 Si

2052 5045 2186 5088 eum
2244 5028 2425 5089 velim
2498 5043 2746 5087 munere
2813 5024 3000 5086 donec
3071 5030 3327 5105 neniam,
3378 5024 3539 5105 ’quid
3610 5025 3692 5105 ad

2054 5104 2217 5168 teS?
2268 5107 2372 5167 secl
2430 5106 2620 5166 virum
2683 5112 2970 5184 perpetuo
3016 5104 3220 5184 exsilio
3278 5102 3695 5184 condemnavit

2051 5185 2112 5246 id
2165 5205 2337 5245 unam
2373 5182 2702 5265 Sporndum
2752 5183 3076 5265 insularum
3111 5182 3694 5265 relegans_(Palmos

2052 5266 2193 5327 huic
2252 5260 2471 5327 nomen
2527 5264 2676 5345 erat)
2710 5281 2919 5345 ,gcum
2981 5261 3121 5345 o_lim
3180 5262 3336 5343 apud
3389 5260 3696 5345 Bomanos

2055 5357 2387 5428 aequaretur
2439 5344 2615 5407 morti
2646 5340 2942 5408 exsilium.
2995 5340 3231 5405 Ductus
3269 5340 3567 5421 estigitur
3620 5342 3694 5404 ad
