4022 6146
411 293 522 358 691

1723 292 1886 355 ΜΕΝ
1891 290 2003 353 SIS
2043 286 2471 353 DECEMBER.

3664 291 3783 358 692

404 426 601 493 exsilii
620 425 951 492 terminum
975 444 1228 508 magnus
1251 425 1647 509 apostolus,et
1674 423 1933 486 insulam
1959 442 2034 506 ap

2142 446 2350 506 φουσιν,
2386 426 2461 491 εἰς
2509 424 2754 503 εὐνομίαν
2789 444 2841 482 τε
2885 421 3300 503 μεταϐάλλουσι,
3334 426 3420 485 καὶ
3450 432 3519 506 τῇ
3548 426 3786 503 εὐσεϐείᾳ

410 517 753 601 prehendit.
799 520 934 582 Non
986 517 1162 597 longo
1215 514 1591 597 postmodum
1637 523 1911 594 tempore
1958 516 2043 576 in-

2143 516 2461 574 συντίθενται
2471 561 2483 576 .

408 609 638 672 sulares
668 614 1025 670 servatorem
1056 624 1125 669 ac
1157 613 1464 688 patronum
1513 604 1737 667 ducunt
1773 603 2016 668 tonitrui
2047 603 2263 685 ﬁlium,
2296 611 2356 668 et
2403 603 2475 667 ad
2510 602 2847 687 aequitatem
2882 609 3210 681 transeunt,
3243 623 3498 688 seseque
3524 606 3600 669 ad
3650 607 3785 690 pie-

412 706 587 762 tatem
620 704 1009 779 componunt.

491 790 591 852 IV.
646 790 851 869 Itaque
881 804 1018 848 cum
1069 785 1162 846 hic
1196 791 1353 846 esset
1396 781 1717 864 apostolus,
1752 792 1809 846 et
1855 781 2053 845 admi-

408 876 631 941 randus
660 875 977 956 Dionysius
1006 873 1200 935 ferme
1223 874 1346 954 jam
1402 872 1720 952 nonaginta
1749 882 1905 936 esset
1944 892 2054 935 an-

409 984 646 1040 norum,
682 982 755 1026 ex
813 962 1063 1027 Athenis
1111 962 1321 1024 scribit
1351 971 1413 1023 et
1456 963 1516 1023 in
1546 963 1705 1025 hunc
1763 963 2049 1025 modum:

412 1059 462 1117 Τ
459 1072 600 1118 uam
621 1054 822 1116 saluto
843 1069 1078 1116 sacram
1101 1053 1398 1128 animum,
1423 1052 1669 1133 dilecte,
1692 1058 1747 1115 et
1760 1054 1875 1114 erit
1905 1052 2056 1114 mihi

306 1178 321 1185 ε
401 1149 459 1205 id
484 1146 810 1222 peculiurius
832 1161 953 1218 pra
1004 1145 1208 1203 multis.
1244 1146 1398 1203 Salve
1453 1145 1646 1219 igitur,
1679 1161 1796 1202 vere
1838 1144 2056 1205 Christo

400 1234 636 1297 dilecte.
697 1233 1149 1314 Consequenter
1199 1239 1393 1295 autem
1451 1233 1630 1295 etiam
1663 1232 1791 1294 hac
1839 1231 2051 1295 addit:

403 1323 563 1400 Quid
584 1322 1014 1386 admirandum
1039 1322 1098 1384 si
1114 1320 1395 1384 Christus
1421 1339 1626 1384 rcrum
1658 1321 1966 1401 loquatur,
1998 1327 2054 1383 et

401 1414 601 1495 iniqui
629 1410 956 1493 discipulos
986 1429 1017 1473 e
1046 1411 1398 1475 civitatibus
1424 1410 1758 1492 expellant,
1787 1412 1912 1491 ipsi
1936 1411 2054 1473 sibi

397 1508 531 1581 ipsis
576 1506 853 1578 condigna
883 1505 1282 1571 distribuentes,
1323 1510 1374 1563 et
1418 1505 1746 1563 exsecrandi
1786 1523 1817 1560 a
1846 1505 2054 1562 sanctis

397 1612 463 1658 se
517 1600 907 1676 segregantes
950 1609 1020 1654 ac
1048 1597 1449 1672 separantes?
1494 1590 1724 1653 Deinde
1755 1591 1930 1654 etiam
1978 1591 2053 1653 ad

397 1683 596 1764 ipsum
654 1683 833 1745 ﬁnem
870 1680 1136 1762 epistolae
1164 1680 1294 1743 haec
1321 1681 1396 1743 de
1437 1680 1649 1742 futuris
1679 1680 2003 1743 subscribit
2034 1699 2048 1744 :

397 1777 627 1836 Omnino
655 1777 799 1834 enim
843 1776 950 1848 ﬁde
976 1776 1176 1848 dignus
1209 1791 1349 1845 sum,
1406 1774 1611 1847 inquit,
1643 1782 1704 1832 ut
1752 1776 1900 1847 quia
1948 1773 2055 1832 Deo

2223 786 2303 849 A‘.
2366 783 2620 844 Ἐνταῦθα
2680 783 2746 852 δὴ
2815 787 2904 841 οὖν
2962 789 3036 860 τῷ
3090 786 3373 860 ἀποστόλῳ
3428 788 3787 869 τυγχάνοντι,

2135 876 2224 931 καὶ
2281 877 2308 931 ὁ
2353 875 2654 951 θαυμαστὸς
2718 875 2989 940 Διονύσιος
3046 876 3164 947 περί
3223 898 3326 934 που
3385 878 3446 935 τὸ
3493 880 3786 947 ἒννενηκο-

2136 965 2262 1020 στὸν
2316 961 2419 1031 ἤδη
2461 963 2560 1032 τῆς
2602 964 2815 1031 ἡλικίας
2860 962 2933 1022 ὢν
2963 962 3104 1041 ἔτος,
3151 963 3203 1029 ἐξ
3262 967 3497 1033 Ἀθηνῶν
3526 967 3785 1025 ἐπιστέλ-

2136 1051 2217 1109 λει
2296 1051 2466 1110 τοιάδε
2500 1071 2517 1089 ⁸
2601 1055 2979 1133 Πριισαγορεύω
3047 1076 3140 1115 σου
3190 1056 3291 1122 τὴν
3347 1056 3488 1135 ἱερὰν
3563 1057 3780 1138 ψυχὴν,

2136 1142 2480 1225 ἠγαπημένε,
2562 1149 2651 1201 καὶ
2758 1143 2904 1201 ἔσται
3008 1167 3101 1217 μοι
3184 1150 3341 1202 τοῦτο
3428 1145 3571 1221 παρά
3657 1147 3783 1212 τοὺς

2136 1231 2367 1297 πολλοὺς
2490 1231 2788 1314 ἰδιαίτερόν,
2923 1241 3089 1313 Χαῖρε
3210 1233 3384 1292 τοίνυν
3418 1281 3434 1306 ,
3562 1234 3784 1304 ἀληθῶς

2135 1322 2453 1400 ἡγαπημὲνε
2528 1330 2760 1401 Χριστῷ.
2839 1323 2993 1392 Ἐξῆς
3063 1322 3118 1380 δὲ
3183 1325 3273 1382 καὶ
3332 1327 3496 1383 ταῦτα
3551 1327 3780 1404 προστί-

2133 1415 2257 1479 θησι
2284 1427 2298 1442 ’
2372 1414 2432 1471 Τί
2498 1414 2825 1494 θαυμαστὸν,
2873 1413 3071 1494 λέγων,
3124 1416 3170 1471 εἰ
3230 1417 3455 1494 Χριστὸς
3499 1414 3779 1493 ἀληθεύει,

2136 1502 2222 1556 καὶ
2292 1501 2413 1565 τοὺς
2506 1504 2747 1578 μαθητὰς
2826 1504 2872 1560 οἱ
2958 1502 3134 1562 ἅδίκοι
3222 1510 3329 1561 τῶν
3390 1504 3607 1562 πόλσων
3690 1506 3784 1573 ἐξ·

2138 1588 2462 1671 ελαύνουσιν,
2533 1592 2677 1649 αὒτοὶ
2767 1593 2833 1651 τὰ
2923 1592 3042 1649 κατ’
3113 1591 3260 1659 ἀξίαν
3332 1595 3547 1656 ἑαυτοῖς
3632 1593 3781 1653 ἁπο-

2138 1678 2412 1761 νέμοντες,
2504 1682 2591 1737 καὶ
2674 1687 2779 1738 τῶν
2853 1681 3019 1761 ἁγίων
3114 1684 3162 1739 οἱ
3245 1681 3456 1761 ἐναγεῖς
3545 1682 3783 1742 ἀποδια-

2136 1766 2480 1845 στελλόμενοι
2559 1772 2646 1828 καὶ
2731 1771 3179 1852 ἆποιροιτῶντεςς
3252 1775 3387 1831 Εἶτα
3468 1774 3557 1830 καὶ
3643 1777 3779 1854 πρὸς

394 1863 675 1922 didicerim
704 1879 824 1936 qum
854 1863 1063 1921 decreta
1090 1867 1214 1920 sunt
1241 1869 1301 1919 ut
1359 1862 1460 1919 tibi
1491 1861 1821 1934 contingant,
1854 1867 1902 1917 et
1931 1861 2043 1918 dico

2135 1858 2278 1932 αὐτῷ
2321 1866 2399 1935 τῷ
2439 1860 2538 1927 τῆς
2594 1860 2878 1930 ἐπιστολῆς
2921 1860 3061 1918 τέλει
3110 1868 3276 1919 ταῦτα
3338 1865 3434 1920 καί
3481 1866 3600 1942 περὶ
3669 1867 3780 1922 τῶν

394 1950 566 2006 etiam
612 1947 750 2019 quod
796 1947 1114 2005 liberandus
1148 1948 1222 2003 sis
1249 1963 1278 2005 ε
1324 1946 1571 2004 custodia
1617 1946 1813 2018 quain
1867 1945 2051 2003 Patmo

393 2032 657 2099 servaris,
693 2036 744 2089 et
791 2037 851 2086 in
904 2031 1197 2088 Asiaticum
1250 2035 1443 2087 terram
1491 2045 1819 2096 reversurus,
1870 2030 2052 2103 ibique

393 2118 645 2189 facturus
696 2115 817 2172 boni
846 2115 948 2172 Dei
975 2114 1304 2173 imitationes
1351 2123 1400 2172 et
1430 2114 1514 2172 his
1546 2116 1641 2188 qui
1670 2119 1721 2172 te
1755 2119 2050 2188 sequentur

393 2201 735 2260 traditiones.
770 2200 882 2260 Sed
920 2202 1045 2258 haec
1083 2200 1313 2271 quidem
1353 2200 1719 2272 postmodum
1761 2215 1865 2257 suo
1904 2209 2047 2257 tem-

396 2304 542 2369 pore
570 2286 973 2366 contigerunt,
1005 2303 1073 2348 ac
1094 2285 1416 2348 terminum
1449 2284 1681 2364 accepit
1706 2285 2046 2346 vaticinium

398 2379 921 2462 (quemadmodum
952 2381 1009 2441 in
1034 2378 1427 2458 sequentibus
1446 2396 1646 2440 sermo
1670 2378 2049 2441 manifestare

395 2473 679 2556 poterit);
713 2491 847 2536 cum
878 2474 1003 2554 jam
1038 2473 1373 2554 Dionysius,
1409 2472 1518 2535 sub
1545 2470 1906 2546 Domitiano,
1944 2488 2049 2551 pro

395 2567 632 2630 Christo
675 2567 858 2628 vitam
891 2568 1175 2645 martyrio
1228 2564 1475 2626 ﬁnisset.
1512 2563 1654 2635 Quae
1685 2570 1821 2623 sunt
1852 2572 2049 2624 autem

393 2661 550 2724 facta
583 2669 710 2742 post
748 2662 874 2723 huic
900 2659 925 2719 ‘t
954 2658 1289 2720 Domitiano
1321 2676 1387 2718 ex
1421 2656 1765 2717 hominibus
1793 2655 2047 2731 sublato,

396 2755 591 2819 Nerva
612 2757 670 2816 in
690 2754 946 2835 imperio
966 2751 1257 2813 succedit:
1289 2758 1349 2812 et
1369 2750 1783 2811 condemnatis
1810 2758 1865 2812 et
1892 2749 2046 2811 exsi-

397 2845 562 2926 lium,
595 2852 868 2922 tanquam
906 2842 1196 2920 benignus
1224 2848 1281 2902 et
1312 2841 1629 2909 humanus,
1655 2839 1835 2927 dgnat
1864 2856 2047 2902 revo-

395 2933 716 2994 cationem.
745 2932 870 2994 Nec
901 2931 1085 2991 multo
1118 2937 1248 3012 post
1281 2938 1550 3010 tempore
1582 2928 1872 3009 Trajanus
1903 2948 2042 2991 sce-

395 3029 522 3102 ptra
576 3020 842 3082 Romana
898 3020 1170 3102 suscipit,
1204 3027 1263 3081 et
1295 3019 1674 3081 consecutive
1713 3020 2041 3081 humanum

391 3111 704 3173 conﬁrmat
751 3109 1041 3182 edictum,
1084 3127 1371 3173 revocans
1418 3127 1519 3169 eos
1568 3108 1671 3189 qui
1722 3109 1783 3168 in
1834 3109 2044 3170 exsilio

391 3208 578 3263 erant.
635 3200 946 3261 Venerunt
978 3217 1117 3278 ergo
1168 3207 1224 3259 et
1266 3198 1326 3260 in
1375 3197 1627 3259 Patmon
1672 3196 2047 3277 imperatoris

390 3288 604 3363 edicta,
640 3295 798 3351 venit
825 3297 883 3350 et
911 3288 981 3349 ad
1008 3289 1295 3350 Joannem
1327 3286 1649 3349 revocatio.
1685 3284 1753 3346 Et
1784 3286 1884 3346 ille
1903 3287 2044 3363 qui-

391 3379 528 3440 dem
559 3377 828 3441 decrevit
854 3378 1131 3457 navigare
1165 3377 1225 3436 in
1261 3375 1555 3457 Ephesum
1588 3395 1602 3436 :
1641 3394 1819 3456 porro
1851 3383 1951 3452 qui
1986 3376 2044 3435 in

387 3467 587 3530 insula
642 3475 812 3530 erant
868 3467 1150 3529 dicebant
1207 3484 1282 3526 ne
1339 3466 1672 3541 desereret,
1720 3465 1824 3525 sed
1884 3464 2042 3545 apud

381 3556 547 3640 ipsos
580 3564 985 3639 permaneret,
1023 3575 1142 3618 non
1195 3555 1365 3617 aliter
1393 3573 1572 3636 quam
1607 3554 1703 3635 qui
1738 3554 1893 3616 ferre
1923 3573 2042 3615 non

380 3655 629 3727 possunt
649 3656 712 3710 ut
736 3665 769 3708 a
793 3646 887 3728 pio
913 3652 1081 3727 patre
1123 3645 1636 3725 derelinquantur.
1664 3643 1816 3705 Hinc
1840 3650 2034 3705 autem

378 3737 659 3810 lamenta,
684 3736 882 3799 luctus
904 3754 973 3798 ac
999 3735 1295 3816 lacrymaa.
1330 3732 1496 3809 Quis,
1525 3734 1823 3815 inquiunt,
1862 3734 2035 3795 nobis

381 3834 545 3888 tuum
598 3826 858 3908 explebit
911 3825 1182 3887 ordinem
1217 3830 1245 3887 ?
1276 3822 1380 3887 Cui
1434 3842 1574 3885 vero
1629 3822 1732 3884 tali
1764 3823 1917 3904 patri
1967 3840 2035 3885 ac

381 3917 604 3997 pastori
622 3915 877 3997 subjecti
896 3933 1028 3978 esse
1046 3914 1552 3996 poterimus?quid
1573 3912 2033 3994 desiderii,quid

382 4007 632 4067 ﬂammas
662 4023 730 4068 ex
764 4006 893 4087 ipso
943 4005 1326 4086 procedentis
1353 4004 1622 4065 solatium
1655 4002 1986 4064 efﬁciemus
2006 4006 2035 4064 ‘?

380 4096 529 4158 Cum
561 4102 758 4157 autem
794 4096 1158 4175 persuadere
1192 4113 1313 4156 non
1350 4101 1595 4173 possent
1624 4092 1763 4153 dum
1798 4091 2034 4173 suppli-

377 4192 580 4247 carent
623 4194 685 4247 ut
720 4185 911 4247 virum
943 4184 1099 4265 apud
1132 4203 1197 4245 se
1224 4184 1578 4255 retinerent,
1614 4181 1893 4242 secundae
1923 4179 2035 4244 fuit

376 4274 830 4355 supplicationis
853 4274 1117 4354 initium,
1146 4284 1202 4335 et
1225 4272 1519 4334 secundas
1545 4288 1779 4331 rursum
1812 4269 2035 4333 faciunt

381 4363 724 4444 petitiones,
754 4382 829 4426 ne
854 4372 1042 4425 totum
1067 4364 1329 4444 seipsum
1364 4360 1644 4436 auferret,
1677 4376 1872 4438 neque
1898 4359 2034 4420 uni-

378 4469 550 4512 versa
603 4452 860 4514 tristitia;
913 4452 1070 4514 mole
1104 4469 1207 4513 eos
1259 4449 1618 4523 offunderet,
1652 4447 1756 4509 sed
1790 4448 1878 4509 vel
1926 4466 2031 4528 pro

377 4557 446 4601 re
478 4540 776 4617 umbram,
808 4559 969 4616 suos,
999 4546 1268 4616 inquam,
1295 4555 1604 4599 sermones
1624 4553 1729 4616 pro
1761 4556 1848 4617 se,
1874 4538 2031 4620 apud

2135 1947 2439 2025 μελλόντων
2494 1949 2901 2027 ἐπισημαίνεται
2935 1967 2949 1981 ·
3030 1949 3359 2019 Ἀξιόπιστος
3417 1953 3539 2033 γὰρ,
3618 1956 3778 2036 φησὶ,

2132 2038 2344 2101 πάντως
2395 2039 2501 2116 εἰμὶ
2559 2040 2623 2096 τὰ
2683 2039 3099 2119 προεγνωσμένα
3165 2062 3248 2098 σοι
3307 2042 3401 2098 καί
3461 2044 3646 2118 μαθὼν
3720 2044 3780 2102 ἐκ

2132 2133 2264 2184 Θεοῦ
2320 2131 2407 2185 καὶ
2462 2127 2661 2210 λέγων,
2734 2129 2813 2185 ὅτι
2872 2132 2959 2186 καὶ
3029 2135 3129 2198 τῆς
3173 2128 3229 2186 ἒν
3286 2131 3488 2208 Πάτμῳ
3529 2131 3775 2213 φυλακῆς

2128 2215 2369 2296 ἀφεθήσῃ
2447 2218 2535 2274 καὶ
2584 2220 2658 2283 εἰς
2733 2218 2830 2286 τὴν
2922 2217 3199 2278 Ἀσιάτιδα
3283 2225 3387 2299 γῆν
3459 2218 3773 2303 ὶπανήξεις,

2129 2305 2227 2362 καΐ
2294 2303 2501 2384 δράσεις
2583 2306 2701 2365 ἐκεῖ
2781 2317 2874 2368 τοῦ
2957 2309 3155 2388 ἀγαθοῦ
3240 2317 3371 2367 Θεοῦ
3449 2313 3773 2392 μιμήματα,

2133 2395 2217 2451 καὶ
2277 2408 2392 2458 τοῖς
2446 2396 2582 2471 μετὰ
2647 2397 2708 2453 σὲ
2777 2396 3131 2476 παραδώσεις.
3206 2396 3372 2455 Ἀλλά
3437 2406 3602 2458 ταῦτα
3673 2402 3773 2476 μὲν

2133 2484 2313 2563 χρόνῳ
2348 2484 2562 2563 ὕστερον
2593 2484 2771 2561 ἐξέϐη,
2815 2486 2912 2544 καῖ
2968 2487 3133 2566 πέρας
3194 2487 3352 2566 ἔσχεν
3395 2490 3432 2558 ἦ
3476 2488 3771 2569 πρόῤῥησις

2137 2571 2233 2653 (ὡς
2291 2572 2345 2629 ἐν
2397 2586 2515 2640 τοῖς
2566 2575 2683 2644 ἐςῆς
2730 2576 2758 2631 ὃ
2805 2575 2962 2655 λόγος
2992 2575 3329 2658 δηλώσειεν),
3362 2577 3465 2647 ἤδη
3500 2581 3771 2637 Διονυσίου

2130 2660 2273 2740 παραὶ
2327 2670 2654 2724 Δομετιανοῦ
2716 2672 2793 2740 τῷ
2867 2665 2996 2744 ὑπὲρ
3066 2670 3294 2745 Χριστοῦ
3352 2670 3620 2747 μαρτυρίυρ
3676 2691 3768 2726 τε-

2130 2750 2454 2814 λειωθέντος.
2508 2754 2631 2811 Τίνα
2689 2752 2745 2810 δὲ
2786 2755 2852 2811 τὰ
2894 2753 2981 2813 ἐπὶ
3022 2756 3277 2831 τούτοιςς
3336 2759 3663 2832 Δομετιανὸς
3721 2758 3772 2824 ἐξ

2129 2840 2435 2917 ἀνθρώπων,
2472 2843 2559 2900 καὶ
2620 2845 2851 2923 Νερούας
2909 2845 3007 2912 τὴν
3050 2845 3229 2925 ἀρχὴν
3263 2843 3586 2926 διαδέχεταιε
3650 2862 3770 2915 τοῖς

2126 2930 2407 3010 ὑπερορίαν
2467 2936 2922 3011 καταγνωσθεῒσιν
2996 2939 3089 2993 οἶα
3165 2934 3534 3014 φιλάνθρωπος
3590 2958 3768 3017 χειρι-

2127 3019 2346 3096 ζόμενος
2404 3021 2503 3089 τὴν
2547 3021 2863 3106 ἀνάκλησιν,
2897 3026 2969 3083 Οὐ
3024 3026 3226 3106 βραχὺς
3288 3028 3314 3082 ὁ
3359 3026 3412 3081 ἑν
3445 3025 3593 3101 μέσῳ
3643 3049 3767 3083 και-

2128 3111 2243 3190 ρὸς,
2304 3111 2388 3167 καὶ
2446 3112 2511 3167 τὰ
2573 3101 2845 3187 Ῥωμαίων
2904 3113 3149 3193 σκῆπτρα
3203 3117 3465 3191 Τραϊανὸς
3505 3114 3766 3196 ἀναδέχε-

2128 3221 2238 3274 ται,
2295 3201 2381 3256 καὶ
2439 3198 2738 3266 ἀκολούθως
2797 3201 3049 3282 ἐωικυροτ
3089 3205 3150 3260 τὸ
3208 3202 3601 3285 φιλάνθρωπον,
3647 3207 3768 3270 τοὺς

2128 3287 2181 3343 ἐν
2239 3288 2543 3368 ὒπερορίαις
2629 3290 3085 3367 ἀνακαλούμενος.
3148 3286 3275 3349 Ἠκε
3356 3296 3636 3372 τοιγαροῦν
3684 3296 3766 3353 καὶ

2128 3377 2200 3441 εἰς
2261 3378 2476 3453 Πάτμον
2532 3380 2597 3436 τὰ
2651 3379 2918 3456 βασιλέως
2971 3385 3300 3457 θεσπίσματα
3339 3401 3353 3416 ⁸
3398 3384 3497 3452 ἧκε
3550 3384 3641 3440 καὶ
3695 3386 3764 3449 εἰς

2126 3464 2378 3534 Ἰωάννην
2440 3467 2751 3535 ἀνάκλησις.
2845 3472 2949 3529 Καὶ
3007 3474 3035 3528 ὁ
3119 3471 3217 3547 μὲν
3275 3470 3580 3551 παραπλεῖν
3633 3471 3766 3550 ἔγνω

2126 3556 2226 3623 τὴν
2278 3554 2527 3636 ’Ἔφεσον
2562 3573 2578 3588 ⁶
2633 3561 2680 3614 οἱ
2735 3556 2791 3615 δὲ
2835 3566 2932 3628 τῆς
2989 3562 3155 3632 νήσου
3211 3562 3290 3636 μὴ
3343 3563 3591 3636 μεθήσειν
3642 3561 3763 3618 ἔλε-

2122 3668 2241 3724 γον,
2275 3644 2396 3702 ἀλλ’
2430 3646 2744 3723 ἆνθέξεσθαι,
2794 3649 2897 3729 οὐχ
2952 3649 3114 3717 ἧττον
3169 3650 3206 3719 ἢ
3265 3649 3615 3730 φιλοστόργου
3653 3674 3761 3708 πα⁸

2118 3737 2239 3813 τρὸς
2281 3733 2666 3813 ἀπολειφθῆναι
2727 3739 2804 3812 μὴ
2873 3738 3215 3818 ἀνεχόμενοι.
3287 3740 3364 3798 Τὰ
3419 3739 3473 3795 δὲ
3533 3739 3761 3798 ἐντεῦθεν

2118 3827 2335 3902 θρῆνος,
2383 3823 2619 3903 ὀδυρμοὶ,
2679 3824 2896 3902 δάκρυα.
2945 3837 3033 3892 Τίς
3094 3830 3226 3903 ἡμῖν
3293 3829 3394 3896 τὴν
3449 3829 3552 3892 σὴν
3614 3828 3761 3895 πλη-

2117 3915 2275 3992 ρώσει
2341 3914 2536 3994 τάξινς
2595 3917 2698 3973 ὑπὸ
2756 3916 2855 3973 τίνι
2902 3915 2955 3973 δὲ
3012 3919 3178 3994 ἡμεῖς
3208 3919 3427 3993 τοιούτῳ
3477 3921 3636 3997 πατρὶ
3681 3940 3745 3977 ιια

2116 4002 2329 4079 ποιμένι
2373 4004 2651 4081 γενοίμεθα
2688 4024 2704 4080 ;
2762 4006 2822 4063 Τί
2863 4012 2954 4064 τοῦ
2995 4008 3179 4087 πόθου,
3234 4008 3283 4064 τί
3328 4012 3427 4076 τῆς
3489 4006 3541 4074 ἐξ
3598 4010 3754 4066 αὐτοῦ

2115 4091 2313 4173 φλογὸς
2372 4094 2699 4173 παραμύθιον
2757 4096 3143 4177 ποιησόμεθας
3207 4096 3298 4160 Ὠς
3329 4095 3385 4154 δὲ
3415 4098 3610 4155 πείθειν
3667 4097 3761 4155 οὐκ

2116 4181 2278 4262 εἶχον
2338 4182 2425 4249 οἷς
2478 4184 2571 4239 τὸν
2631 4180 2789 4263 ἄνδρα
2847 4183 2971 4262 παρ’
3026 4186 3236 4251 ἑαυτοῖς
3294 4184 3442 4267 ἔχειν
3496 4187 3753 4259 ἱκέτευον,

2115 4268 2356 4349 δευτέρας
2413 4272 2682 4352 ἱκετηρίας
2750 4271 2899 4353 ἀρχὴ
2928 4321 2944 4346 ,
3009 4276 3094 4332 καὶ
3149 4273 3392 4355 δευτέρας
3450 4275 3610 4333 πάλιν
3672 4278 3756 4333 αἱ·

2113 4361 2297 4431 τήσεις
2349 4367 2647 4435 ποιοῦνται,
2725 4365 2802 4438 μὴ
2859 4362 2982 4419 ὅλον
3055 4365 3243 4422 ἑαυτὸν
3313 4364 3559 4445 ἀφελεῖν,
3618 4364 3755 4442 μηδὲ

2113 4455 2292 4505 πᾶσαν
2340 4452 2512 4508 αὐτῶν
2554 4454 2820 4531 καταχέαι
2879 4452 2978 4522 τήν
3043 4453 3287 4535 ἀθυμίαν,
3332 4453 3456 4512 ἀλλ’
3497 4456 3612 4513 ἀντὶ
3671 4456 3760 4511 τοῦ

2113 4538 2428 4617 πράγματος
2512 4543 2611 4607 τὴν
2681 4541 2856 4615 σκιὰν,
2931 4544 3053 4606 τοὺς
3128 4545 3286 4602 αὖτοῦ
3369 4543 3559 4624 λόγους
3643 4542 3754 4601 ἀνθ’

378 4633 542 4707 ipsos
593 4611 981 4709 relinqueret,
1017 4611 1101 4688 ac—
1141 4626 1481 4707 mysterium
1527 4611 1683 4707 quod
1715 4611 1868 4708 apud
1912 4611 2032 4689 'nos

2128 4611 2326 4698 ἑαυτοῦ,
2386 4629 2547 4709 φημὶ,
2599 4630 2725 4706 παρ’
2782 4611 3000 4696 ἐκείνοις
3042 4631 3416 4708 ’καταλιπεϊν,
3449 4611 3571 4691 ’καὶ
3625 4635 3755 4690 ὕπο-

378 4716 604 4779 factum
639 4725 731 4779 est
758 4718 1053 4779 universae
1084 4714 1546 4797 dispensationis
1570 4715 1783 4779 Christi
1807 4715 2036 4778 descri-

383 4804 574 4870 beret.
606 4805 778 4870 Cedit
809 4805 991 4885 igitur
1021 4805 1258 4867 illorum
1298 4806 1724 4885 pe:itioni,imo
1748 4805 1905 4867 cedit
1926 4824 2038 4886 po-

383 4893 499 4955 tius
524 4895 790 4975 paternis
816 4895 1170 4977 visceribus,
1205 4895 1422 4975 quibus
1447 4895 1541 4956 liic
1560 4913 1704 4974 erga
1722 4894 1883 4976 ipsos
1904 4905 2040 4958 ute-

384 4981 609 5047 batur:
669 4983 996 5064 prmsertim
1057 5004 1190 5046 cum
1245 5002 1501 5065 superna
1545 4983 1917 5047 Providentia
1962 4983 2045 5046 ita

386 5072 780 5155 disposuisset
807 5074 1129 5136 multorum
1165 5073 1418 5135 salutem
1452 5092 1520 5135 ac
1552 5073 1852 5154 Evangelii
1886 5091 2040 5154 prte-

383 5159 771 5225 dicationem.
809 5162 880 5225 Et
903 5162 1158 5243 primum
1191 5162 1426 5243 quidem
1457 5162 1899 5243 ipsejejunium
1926 5161 2040 5223 sibi

387 5249 663 5329 imperat,
691 5252 940 5332 jejunus
994 5252 1120 5332 ipse
1181 5271 1248 5314 ac
1304 5253 1737 5333 propemodum
1790 5269 2040 5333 corpore

387 5341 730 5418 exhaustus,
766 5342 1022 5421 aliisque
1054 5342 1164 5402 hoc
1215 5341 1407 5423 ipsum
1442 5342 1754 5406 constituit
1798 5361 1866 5405 ac
1896 5341 2032 5403 abs-

386 5428 696 5491 tinentiam
748 5448 780 5491 a
813 5430 1010 5493 malis.
1045 5434 1118 5492 Et
1147 5430 1259 5491 hos
1303 5430 1544 5507 quidem
1578 5432 1637 5492 in
1670 5431 1783 5494 tale
1834 5432 2035 5510 quiete

385 5515 689 5598 relinquit.
736 5519 1027 5582 Caeterum
1064 5537 1243 5579 unum
1294 5520 1611 5600 quemdam
1645 5540 1677 5582 e
1707 5528 1934 5603 septem
1968 5539 2034 5583 se

385 5605 554 5686 sequi
597 5605 788 5684 jubet,
825 5605 1166 5668 Prochorus
1193 5607 1290 5671 hic
1339 5614 1484 5683 erat,
1521 5617 1583 5671 ut
1617 5608 1747 5690 ipse
1789 5610 2030 5692 quidem

2120 4723 2361 4773 τυπῶσαι
2406 4719 2467 4774 τὸ
2524 4718 2637 4774 καθ’
2685 4720 2829 4796 ἡμᾶς
2859 4726 2957 4788 τῆς
2999 4721 3131 4790 ὅλης
3175 4730 3268 4781 τοῦ
3314 4722 3547 4802 Χρίποῦ
3612 4725 3754 4780 οἶκε)-

2125 4805 2309 4881 νομίας
2366 4808 2678 4885 μυστήριον.
2741 4808 2892 4866 Εἴκει
2948 4818 3226 4888 τοιγαροῦν
3287 4818 3354 4887 τῇ
3412 4813 3627 4870 licet:va
3670 4815 3777 4881 al-_

2124 4897 2271 4965 τήσει
2313 4915 2326 4929 ·
2387 4894 2590 4971 μᾶλλον
2643 4896 2697 4952 δὲ
2749 4911 2865 4962 τοῖς
2902 4913 3183 4978 πατρικοῖς
3217 4901 3351 4957 εἴκει
3398 4900 3752 4982 σπλάγχνοις,

2125 4985 2214 5049 οἷς
2258 4987 2375 5063 περὶ
2417 4986 2599 5051 αὐτοὺς
2653 4989 2801 5050 οὗτος
2863 4988 3153 5070 ἐκέχρητο,
3188 4989 3362 5056 ἄλλως
3413 5013 3469 5047 τε
3521 4994 3608 5049 οιαὶ
3660 4997 3755 5058 τῆς

2125 5075 2375 5153 Προνοίας
2432 5073 2629 5131 ἄνωθεν
2686 5077 2780 5146 τὴν
2837 5083 2944 5134 τῶν
2989 5077 3201 5136 πολλῶν
3231 5080 3497 5157 σωτηρίαν
3553 5083 3642 5138 καὶ
3698 5081 3756 5137 τὸ

2122 5170 2215 5220 τοῦ
2272 5162 2591 5242 Εὖαγγελίου
2666 5168 2913 5246 κήρυγμα
2998 5169 3163 5234 οὕτως
3229 5171 3753 5246 οἶκονομησαμένης.

2124 5254 2222 5311 Καὶ
2318 5253 2502 5332 πρῶτα
2584 5253 2682 5329 μὲν
2763 5257 2967 5313 ἀσιτίαν
3037 5260 3211 5332 ἑαυτῷ
3282 5259 3645 5337 παραγγέλλει
3731 5261 3757 5315 ὁ

2120 5341 2298 5406 ἄσιτος
2351 5345 2542 5422 μικροῦ
2601 5347 2690 5402 καὶ
2745 5346 3030 5415 ἀσώματος
3066 5366 3081 5383 '
3112 5360 3232 5412 τοῖς
3276 5345 3333 5404 δὲ
3380 5346 3568 5413 ἄλλοις
3633 5349 3755 5406 αὖτό

2117 5455 2175 5489 τε
2219 5440 2394 5506 τοῦτο,
2443 5434 2529 5490 ναὶ
2573 5436 2673 5502 τὴν
2714 5441 2818 5493 τῶν
2880 5444 3058 5495 κακῶν
3117 5437 3463 5515 ἀλλοτρίωσιν
3508 5439 3751 5496 ὑποτίθε-

2117 5544 2227 5581 ται.
2289 5523 2385 5580 Καὶ
2445 5522 2564 5587 τοὺς
2595 5524 2694 5599 μὲν
2751 5525 2806 5581 ἐν
2858 5533 2927 5604 τῇ
2956 5526 3172 5603 τοιαύτῃ
3202 5524 3521 5585 καταλείπεν
3550 5525 3747 5609 σχολῇ·

2116 5610 2207 5667 ἕνα
2259 5609 2313 5667 δέ
2368 5633 2484 5669 τινα
2538 5618 2643 5671 τῶν
2699 5615 2832 5673 ἑπτὰ
2863 5664 2880 5697 ,
2972 5617 3242 5697 Πρόχορος
3300 5623 3479 5692 οὗτος,
3538 5616 3746 5677 ἕπεσθαι
