4020 6142
269 237 384 308 693
1465 243 1652 306 VITA
1696 243 1756 305 S.
1799 242 1902 307 J01

1991 244 2044 308 Ν
2050 243 2119 307 IS
2162 247 2450 312 EVANG.
3519 254 3634 323 694

263 378 433 452 τούτῳ
483 377 716 458 κελαδει,
770 376 847 435 ἵν’
899 381 928 434 6
983 377 1080 452 μὲν
1133 377 1199 434 τὰ
1256 377 1398 455 παρὰ
1455 385 1606 458 Θεοῦ,
1666 379 1693 434 6
1743 377 1797 435 δὲ
1845 379 1902 435 ’τᾶ

1995 396 2064 440 ea
2094 398 2226 460 qua;
2267 399 2302 443 a
2342 380 2464 444 Deo
2502 390 2734 473 essent,
2798 384 2911 446 iste
2968 392 3164 447 autem
3213 402 3347 468 quas
3373 391 3446 453 ah
3478 392 3630 473 ipso,

263 467 462 524 ἐκείνου
544 466 981 542 διασημαίνηται,
1073 465 1239 531 Αὐτὸς
1311 463 1365 522 δὲ
1449 472 1549 534 τῆς
1617 467 1902 546 ἀκρωρείας

1992 477 2243 532 notaret.
2284 473 2466 533 Porro
2499 472 2627 552 ipse
2660 473 2878 533 montis
2908 475 3192 537 verticem
3231 463 3543 559 'capessit':
3578 463 3637 543 et

261 558 580 636 ἐφάπτεται.
649 559 745 616 Καὶ
802 555 1087 623 στηλοῦται
1155 556 1254 630 μὲν
1313 558 1447 614 κατὰ
1500 557 1592 612 τὸν
1651 555 1902 630 Σαμουίιλ

1991 574 2156 620 more
2179 559 2471 621 Samuelis
2494 559 2734 639 quidem
2759 570 2958 622 rectus
2980 555 3423 643 erigetur,sicut
3444 572 3635 632 Moses

258 646 456 724 ὄρθιος,
512 648 650 702 κατά
700 643 755 701 δὲ
813 644 1007 702 Munia
1061 645 1138 702 τὼ
1201 657 1355 724 χεῖρε
1428 643 1901 725 διεσχημάτισται’

251 737 341 792 καὶ
370 738 464 792 τὸν
535 742 654 792 νοῦν
719 733 909 800 ἐξελὼν
978 735 1086 792 τῶν
1155 735 1472 807 αἰσθήσεων,
1507 734 1632 792 ὅλον
1660 734 1905 814 ἀναφέρει

250 827 385 901 πρὸς
442 826 533 882 τὸν
577 825 922 898 ποθούμενον.
975 826 1034 882 Τί
1091 823 1179 881 οὖν
1238 825 1302 881 τὸ
1349 823 1625 905 ἐντεῦθεν,
1690 825 1905 902 Βρονταὶ

251 912 534 994 φριιώδεις
567 916 653 971 καὶ
693 912 910 988 δείματα
963 913 1052 969 καὶ
1109 913 1382 984 ἀστραπαὶ
1435 915 1698 994 συνεχῶςΔ
1731 911 1900 992 imod-

251 989 606 1081 ῥηγνύμεναι,
703 1004 791 1060 καὶ
887 1002 1074 1078 ἁθρόον
1167 989 1597 1077 ἔκλάμπουσαιξ-
1669 989 1761 1060 ’ον
1839 989 1902 1060 *εἰ

251 1092 475 1148 καλέσοι
503 1114 586 1157 τις
645 1092 850 1155 εἰκόνας
906 1093 974 1149 τὰ
1006 1089 1192 1165 πολλῷ
1221 1093 1476 1170 πρότερον
1519 1091 1614 1148 ἐπὶ
1667 1091 1902 1156 Μωσέως

253 1182 546 1258 γενόμενα,
571 1182 724 1250 ἡνίκα
756 1188 872 1255 Θεῷ
914 1180 1252 1260 ἐντυγχάνων
1300 1181 1367 1248 ἦν
1424 1181 1512 1237 καὶ
1568 1178 1693 1258 παρ’
1750 1184 1905 1240 αὐτοῦ

250 1272 353 1335 τὰς
409 1269 622 1336 πλάκας
680 1269 996 1349 δεχόμενος,
1066 1273 1161 1328 οὒκ
1218 1267 1278 1326 ἂν
1335 1271 1560 1346 ἁμάρτοι
1610 1274 1707 1337 τῆς
1760 1269 1904 1336 ἀλη-

251 1362 423 1423 θείας.
464 1359 599 1418 Εἶτά
633 1362 837 1438 πρηνὴς
885 1360 1006 1433 μὲν,
1067 1361 1157 1415 καὶ
1207 1360 1362 1416 οἷονεί
1417 1359 1614 1424 ἄπνους
1672 1361 1701 1416 6
1762 1360 1904 1437 Πρό-

251 1470 448 1528 χορος,
515 1448 770 1514 τοιούτοις
827 1448 922 1504 οὐκ
994 1446 1222 1524 ἐνεγκὼν
1294 1445 1628 1524 ἐνδιατρίϐειν
1697 1447 1903 1520 θεάμα-

252 1555 364 1594 σινο
428 1539 584 1602 αὐτὸς
642 1535 697 1593 δὲ
753 1537 1208 1612 ἂμετάτρεπτετο,
1268 1535 1508 1612 ἵστατάι,
1569 1535 1744 1614 πόῤῥω
1806 1541 1904 1602 τῆς

1989 656 2187 707 autem
2217 647 2488 709 manibus
2508 649 2750 710 elevatis
2781 649 3195 730 eﬂigurantur:
3230 664 3289 718 et
3319 667 3581 719 mentem
3600 677 3637 720 a

1989 735 2266 828 sensibus
2293 737 2672 828 abstractam,
2707 747 2887 802 totam
2920 742 3101 804 refert
3130 745 3193 806 in
3248 746 3302 807 id
3337 749 3495 828 quod
3526 767 3634 811 ex-

1987 833 2170 898 aptat.
2206 825 2356 898 Quid
2391 844 2528 906 ergo
2560 826 2702 890 hinc
2731 837 3000 892 secutum
3033 841 3171 897 est?
3199 825 3509 900 Horrenda
3541 846 3632 900 to-

1987 913 2180 976 nitrua
2212 923 2272 976 et
2300 923 2559 976 terrores
2589 935 2658 977 ac
2687 917 2917 997 fulgura
2969 925 3250 986 continue
3291 927 3628 990 vehementi

1983 1002 2217 1094 fragore
2248 1005 2415 1084 elisa,
2451 1012 2508 1066 et
2537 1015 2784 1085 repente
2842 1009 3224 1089 effulgentia:
3277 1033 3528 1094 quorum
3579 1007 3632 1079 si

1987 1093 2122 1171 quis
2179 1093 2468 1184 imagines
2521 1113 2588 1155 ac
2649 1097 2866 1174 figuras
2922 1099 3138 1162 dixerit
3166 1121 3236 1164 ea
3282 1093 3414 1184 qua;
3445 1107 3627 1168 multo

1987 1195 2161 1243 antea
2191 1181 2300 1244 sub
2336 1183 2494 1245 Mose
2525 1185 2920 1263 contigerant,
2944 1191 3179 1270 quando
3202 1181 3322 1255 Deo
3347 1193 3551 1256 aderat
3571 1204 3632 1258 et

1988 1272 2061 1360 ab
2091 1289 2161 1331 eo
2192 1270 2425 1360 tabulas
2483 1273 2838 1353 accipiebat,
2871 1294 3246 1360 nequaquam
3303 1300 3336 1344 a
3383 1284 3630 1345 veritate

1987 1359 2374 1453 aberraverit.
2407 1363 2484 1453 ᾼι
2507 1361 2844 1453 Ριοοοιιοιῄυε
2873 1359 3108 1428 interim
3134 1387 3354 1447 pronus
3382 1372 3626 1453 quidem

1987 1457 2046 1510 et
2077 1448 2234 1509 velut
2264 1449 2574 1523 exnaimis,
2611 1470 2727 1512 non
2758 1452 2987 1515 ferebat
3015 1456 3173 1519 inter
3213 1448 3627 1538 hujuscemodi

1990 1538 2211 1599 versari
2245 1539 2618 1627 spectacula:
2671 1541 2798 1621 ipse
2832 1560 2969 1603 vero
2999 1552 3113 1607 stat
3160 1547 3624 1627 imperterritus,

246 1627 475 1705 ἀγάπης
533 1627 598 1683 τό
648 1623 762 1690 δέος
819 1624 1112 1702 βαλούσης.
1175 1626 1262 1688 Εἰς
1293 1628 1474 1705 φωνὴν
1525 1625 1613 1682 καὶ
1658 1624 1756 1700 ὀψέ
1786 1647 1901 1689 πως

1990 1645 2122 1689 cum
2155 1626 2412 1688 charitas
2442 1628 2648 1707 procul
2679 1628 3001 1708 abjecisset
3031 1623 3328 1698 timorem.
3380 1639 3470 1701 Ad
3521 1658 3627 1700 ex-

244 1719 285 1784 ἡ
356 1715 555 1793 βροντὴ
633 1713 962 1791 διαρθροῦται
991 1761 1005 1786 ,
1094 1715 1179 1770 καὶ
1260 1711 1573 1790 τρανότερον
1641 1713 1896 1792 ἀπηχετ.

1990 1723 2240 1778 tremum
2274 1717 2494 1778 tonitru
2526 1716 2587 1779 in
2619 1737 2819 1780 vocem
2854 1721 3208 1800 exprimitur
3253 1745 3322 1787 ac
3367 1728 3625 1791 dilucide

246 1803 345 1863 Ἐν
404 1805 552 1882 ἀρχῇ
607 1802 673 1871 ἧν
729 1806 757 1860 6
822 1803 1013 1882 Λόγος,
1067 1805 1155 1860 καὶ
1211 1805 1238 1859 6
1297 1801 1464 1879 Λόγος
1514 1805 1581 1868 ἦν
1629 1802 1760 1880 πρὸς
1807 1803 1897 1858 τὸν

1990 1814 2252 1888 resonat:
2287 1805 2362 1866 In
2379 1807 2684 1888 principio
2705 1815 2835 1872 erat
2863 1809 3209 1888 Verbum,et
3231 1815 3480 1878 Verbum
3497 1825 3626 1879 erat

244 1896 408 1966 Θεὸν,
472 1895 560 1950 καὶ
631 1895 759 1958 Θεὸς
830 1893 896 1960 ἦν
961 1895 989 1949 6
1058 1890 1489 1969 Λόγος.Πλησίην
1535 1891 1630 1959 τῆς
1675 1889 1898 1968 θεοῤῥη-

1990 1887 2146 1977 apud
2166 1885 2467 1977 Deum,’et_
2487 1885 2648 1950 Deus
2671 1897 2803 1952 erat
2840 1885 3501 1976 Verbum.'Prochorus,
3524 1897 3627 1977 qui

241 1985 486 2058 μοσύνης
545 1985 573 2039 6
631 1983 932 2062 Πρόχορος,
993 1983 1055 2038 τὸ
1104 1983 1202 2057 μὲν
1242 1987 1354 2060 φῶς
1402 1980 1610 2060 διορῶν,
1646 1982 1733 2037 καὶ
1762 1982 1898 2036 ὁπό-

1990 1974 2182 2066 divina
2221 1974 2589 2036 institutione
2622 1977 2926 2057 proximus
2955 1990 3102 2057 erat,
3135 1982 3338 2046 lumen
3383 1974 3625 2066 quidem

241 2094 446 2148 τρομος
501 2071 599 2144 ὢν,
659 2071 867 2129 ἀκούων
920 2069 975 2126 δὲ
1034 2069 1266 2144 συνεδὸς,
1331 2069 1410 2126 ὅτι
1470 2068 1607 2146 μηδὲ
1664 2071 1710 2126 οἱ
1764 2068 1899 2143 μετὰ

1990 2062 2238 2143 videbat,
2273 2083 2607 2144 quanquam
2638 2066 3062 2146 subtremulus,
3109 2091 3285 2152 porro
3321 2062 3625 2137 neminem

244 2160 462 2218 Παύλου
523 2163 609 2218 καὶ
668 2159 900 2224 Μωσέως
957 2160 1086 2216 ποτε
1146 2165 1252 2215 τῶν
1321 2157 1539 2221 ἐκείνοις
1609 2168 1898 2235 μυσταγω-

1990 2152 2303 2214 audiebat:
2338 2154 2475 2232 quia
2508 2171 2702 2234 neque
2732 2155 2791 2216 hi
2825 2159 2920 2236 qui
2958 2177 3094 2221 cum
3145 2164 3327 2225 Paulo
3372 2172 3432 2225 et
3468 2165 3627 2227 Mose

244 2250 550 2328 γουμὲνων.
614 2247 834 2306 Γλῶσσα
888 2249 984 2318 τῆς
1041 2248 1270 2325 βλοντῆς
1328 2249 1356 2305 ὀ
1404 2245 1690 2325 Θεολόγος.
1749 2247 1844 2305 Καὶ
1875 2247 1902 2302 6

1990 2241 2284 2322 quondam
2319 2249 2508 2314 erant,
2544 2260 2648 2303 eos
2677 2243 3000 2309 audierunt
3030 2250 3131 2328 qui
3174 2250 3310 2313 illos
3347 2253 3409 2314 in
3439 2254 3629 2315 sacris

252 2341 460 2414 μύστης
532 2340 720 2416 μικρὸν
789 2345 882 2396 τοῦ
955 2337 1102 2402 δέους
1158 2336 1479 2415 ἀνενεγκὼν,
1533 2336 1902 2414 ὑποτρεμούσῃ

1990 2329 2394 2392 instituebant.
2459 2330 2686 2408 Lingua
2744 2335 2990 2396 tonituri
3040 2337 3350 2416 theologus
3399 2351 3510 2406 est.
3561 2343 3634 2404 Et

257 2431 403 2507 χειρὶ
454 2429 516 2484 τὰ
566 2428 774 2508 ὲκεζθεν
843 2424 1214 2506 διαχαράττει,
1291 2425 1390 2488 ἔως
1467 2427 1768 2504 ἂπηρτίσθη
1841 2425 1902 2508 1:6

1990 2438 2291 2482 sacrarum
2324 2437 2522 2481 rerum
2558 2419 2908 2501 discipulus,
2933 2441 3208 2505 represso
3241 2429 3542 2508 paululum
3564 2431 3649 2492 ti-‘

263 2516 603 2595 Εὐαγγέλιον.
661 2501 884 2574 "Ensis:
952 2518 1292 2596 ὑποχωροῦσι
1366 2516 1433 2572 τὰ
1494 2512 1742 2590 δείματι,
1817 2507 1902 2570 καῖ

1992 2527 2180 2589 more,
2215 2509 2583 2571 subtremula
2641 2527 2818 2572 manu
2867 2501 3019 2593 quae
3045 2514 3184 2577 inde
3233 2501 3468 2598 sumpta
3497 2526 3637 2581 sunt

254 2619 392 2669 τοῐςν
430 2609 516 2664 ἒπὶ
569 2611 673 2683 γῆς
732 2605 1154 2662 ἆνακαλύπτεται
1212 2605 1278 2661 τὰ
1333 2603 1570 2677 οὐράνια.
1633 2604 1766 2678 Ὀψὲ
1823 2601 1902 2660 καὶ

1991 2607 2216 2673 exarat,
2250 2599 2441 2660 donec
2467 2599 2794 2678 perfectum
2828 2611 2919 2663 est
2937 2601 3342 2683 Evangelium.
3367 2604 3636 2688 Denique

251 2697 360 2752 ἀπὸ
420 2703 515 2752 to}
583 2694 736 2768 ὅρους
815 2694 1049 2750 κάτεισιν
1131 2695 1159 2750 6
1216 2693 1493 2764 Ἰωάννης,
1568 2693 1657 2750 τὸν
1730 2695 1902 2750 καινὸν

1991 2688 2209 2751 cedunt
2242 2705 2556 2769 pauperes,
2591 2707 2662 2750 ac
2694 2691 2952 2752 terrenis
2980 2694 3323 2756 revelantur
3345 2695 3635 2759 caelestia.

257 2787 423 2860 νόμον
519 2785 894 2864 ἐγχειρισθεὶς,
998 2785 1071 2844 ὡς
1164 2784 1191 2839 6
1259 2782 1491 2848 θεόπτης
1561 2780 1729 2838 πάλαι
1809 2783 1902 2846 τὰς

1990 2779 2251 2840 Tandem
2286 2777 2462 2839 etiam
2517 2795 2551 2837 a
2601 2786 2802 2840 monte
2847 2779 3161 2843 descendit
3186 2785 3469 2856 Joannes,
3521 2804 3634 2847 no-

254 2873 464 2938 πλάκις
500 2877 724 2944 Μωσῆς,
759 2875 846 2930 καὶ
902 2870 1078 2928 δίδωσι
1129 2870 1301 2951 φέρων
1349 2883 1470 2934 τοῖς
1505 2870 1902 2945 αἰτησαμένοις,

1992 2886 2118 2927 vam
2152 2867 2340 2944 legem
2375 2866 2490 2927 sibi
2518 2867 2803 2928 creditam
2838 2868 3087 2945 habens,
3132 2873 3634 2953 quemadmodum

255 2963 403 3020 Οὕτω
461 2969 738 3040 τοιγαροῦν
796 2963 852 3017 ὃν
911 2960 1115 3040 εἰλήφει
1188 2960 1347 3034 νόμον
1418 2961 1598 3016 καινὸν
1669 2958 1902 3037 ἐγχειρί-

1994 2955 2133 3016 olim
2169 2955 2395 3016 tabulas
2424 2956 2618 3017 Moses
2649 2957 2755 3018 Dei
2813 2956 3159 3037 inspector:
3222 2961 3504 3042 illamque
3555 2963 3639 3024 fe-

252 3073 347 3116 ozc
401 3052 648 3124 ἐκείνοις,
710 3051 864 3116 αὗτὸς
919 3052 1006 3127 βίᾳ
1059 3051 1156 3124 μὲν
1209 3052 1295 3106 καὶ
1333 3049 1567 3105 ἀκόντων
1603 3053 1902 3120 νησιωτῶν,

1993 3063 2132 3106 rens
2164 3045 2261 3105 dat
2309 3045 2402 3105 his
2431 3044 2534 3124 qui
2595 3044 2948 3123 petiverant.
3003 3050 3089 3111 Ita
3121 3069 3260 3128 ergo
3295 3050 3394 3112 ubi
3427 3071 3638 3114 novam

253 3140 511 3218 παρέπλει
570 3140 625 3196 δὲ
682 3139 827 3209 ὅμως
886 3141 984 3206 τὴν
1018 3139 1267 3219 Ἔφεσον,
1331 3140 1390 3196 Οἱ
1440 3137 1517 3199 δέ,
1550 3137 1728 3215 ὥσπερ
1762 3139 1808 3194 οἱ
1839 3139 1902 3211 τῇ

1990 3135 2178 3212 legem
2214 3152 2386 3212 quam
2417 3141 2754 3212 acceperat,
2809 3135 2930 3196 illis
2981 3137 3345 3212 tradidisset,
3407 3141 3538 3220 ipse
3584 3142 3640 3201 vi

257 3236 362 3284 τῶν
399 3227 680 3308 ὀφθαλμῶν
739 3229 979 3306 πηρώσει
1038 3227 1122 3285 διὰ
1175 3235 1379 3306 μακροῦ
1420 3227 1800 3305 κατεχόμενοι,
1853 3226 1902 3281 εἴ

1990 3242 2132 3285 sane
2164 3232 2220 3283 et
2252 3222 2452 3282 invitis
2485 3221 2725 3300 quidem
2783 3222 3170 3296 insularihus,
3219 3228 3526 3308 navigabat
3549 3237 3642 3291 ta-

264 3339 392 3373 ποτε
449 3319 724 3375 ἆποθέσϐκι
789 3316 1066 3384 δυνηθεῖεν
1123 3318 1221 3385 τὴν
1293 3317 1470 3396 νόσον,
1543 3314 1692 3392 ᾔδιον
1745 3315 1902 3390 ὁρῶσι

1990 3331 2127 3374 men
2162 3312 2456 3392 Ephesum
2492 3329 2722 3374 versus.
2758 3311 2942 3374 Porro
2976 3315 3063 3376 illi
3096 3316 3273 3378 veluti
3314 3319 3413 3398 qui
3443 3318 3646 3380 oculo-

260 3405 464 3480 μᾶλλον
518 3409 608 3465 τὸν
663 3407 842 3485 ἥλιον,
902 3407 1039 3463 οὕτω
1097 3407 1184 3462 καὶ
1229 3407 1318 3462 τὸν
1363 3406 1645 3482 ἀγαπητὸν
1696 3404 1905 3461 ἀπολα-

256 3494 434 3558 ϐόντες
488 3503 580 3552 τοῦ
633 3501 858 3574 Χριστοῦ
915 3497 961 3550 οἱ
1014 3494 1270 3573 Ἐφέσιοι,
1323 3495 1411 3550 καὶ
1460 3517 1510 3550 τι
1541 3495 1627 3549 καὶ
1657 3493 1903 3550 ποθεινό-

255 3607 406 3662 τερον
471 3583 808 3646 διατίθενται.
870 3585 930 3643 Τί
985 3584 1153 3640 τοίνυν
1206 3586 1463 3656 εκεϊνος;
1522 3585 1699 3639 Καίτοι
1732 3581 1905 3638 πολλὰ

253 3674 518 3737 πολλάκις
577 3675 789 3748 καμὼν,
848 3675 907 3730 οὔ
959 3671 1132 3728 δίδωσι
1193 3687 1308 3735 τοῖς
1363 3670 1654 3750 ὀφθαλμοῖς
1718 3671 1900 3744 ὕπνον,

252 3767 340 3820 καί
397 3778 520 3827 τοῖς
577 3762 860 3841 βλεφάροις
920 3763 1241 3839 νυσταγμὸν,
1304 3759 1422 3817 οὔδε
1483 3774 1596 3824 τοῖς
1630 3760 1906 3837 κροτάψοις

249 3853 572 3908 ἀνάπαυσιν
630 3851 765 3907 ἀλλὰ
820 3849 1123 3928 παρακαλεῖ
1182 3851 1278 3924 μὲν
1331 3851 1419 3905 τὺν
1452 3848 1601 3926 λαὸν,
1635 3847 1794 3919 ζηλοῖ
1852 3845 1903 3903 δὲ

251 3943 388 3998 msh
456 3947 562 3997 τῶν
636 3941 889 3998 ἀπειθῶν.
952 3937 1235 4015 Ἐπινάγει
1307 3939 1429 4000 τοὺς
1500 3936 1906 3992 ὕποσιελιοοὲν-

249 4053 348 4092 τις
405 4036 475 4105 τῇ
532 4028 708 4104 πλάνῃ
768 4031 898 4106 πρὸς
958 4029 1058 4094 τὴν
1127 4027 1402 4100 ἀλήθειἰν,
1471 4023 1730 4082 ἀποσοϐεῖ
1784 4026 1904 4090 τοὺς

250 4118 766 4192 ἐπεισκωμάσαντοις
820 4124 886 4193 τῇ
941 4117 1142 4192 ποίμνῃ
1203 4121 1365 4194 θῆρας
1424 4115 1560 4189 μετὰ
1601 4116 1700 4181 τὴν
1749 4115 1907 4173 αὐτοῦ

247 4207 623 4286 ὑποχώρησιν,
682 4207 767 4262 καὶ
827 4205 1175 4262 ἃνκκσιλεϊται
1231 4207 1292 4260 τὸ
1339 4205 1604 4278 ποίμνιον.
1664 4201 1811 4259 Οὕτω
1843 4204 1905 4259 τὰ

251 4298 391 4352 κιτὰ
420 4296 516 4363 τὴν
548 4295 780 4373 ’Ἐφεσον
837 4293 1160 4368 διαθέμενος.
1227 4293 1310 4351 ἐπὶ
1365 4294 1430 4349 τὰ
1473 4291 1700 4359 πλησίον
1748 4292 1904 4349 ἄπει-

1990 3422 2119 3464 rum
2151 3401 2417 3463 czecitate
2448 3402 2622 3479 longo
2647 3410 2915 3480 tempore
2937 3403 3305 3487 detinentur,
3331 3407 3379 3468 si
3403 3409 3640 3488 quando

1991 3491 2217 3569 possint
2249 3489 2518 3551 morbum
2547 3489 2863 3568 repellere.
2894 3493 3068 3571 longe
3093 3489 3640 3572 jucundius'solem

1988 3579 2334 3642 intuentur:
2372 3579 2454 3639 ita
2486 3587 2544 3639 et
2588 3577 2829 3655 Ephesii
2867 3581 3230 3660 recipientes
3279 3583 3499 3645 Christi
3543 3585 3640 3646 di-

1989 3669 2236 3746 lectum,
2270 3668 2526 3747 quodam
2557 3667 2734 3727 etiam
2769 3668 2945 3728 modo
2976 3669 3440 3733 desiderabilius
3462 3692 3638 3752 quam

1993 3757 2156 3838 prius
2187 3756 2547 3817 afficiuntur.
2576 3753 2731 3825 Quid
2750 3764 2945 3816 autem
2971 3757 3072 3819 ille
3096 3766 3124 3822 ?
3143 3760 3507 3840 Quamquam
3533 3780 3642 3823 vc-

1992 3849 2305 3908 hementer
2337 3843 2543 3904 fuisset
2574 3842 3040 3924 frequenterque
3072 3848 3373 3928 fatigatus,
3397 3868 3516 3911 non
3543 3852 3640 3912 dat

1991 3935 2178 3996 oculis
2209 3951 2512 3999 somnum.
2537 3949 2644 3992 nec
2670 3931 2970 4011 palpebris
2997 3935 3500 4013 dormitationem,
3527 3959 3639 4002 nec

1991 4024 2261 4100 requiem
2285 4021 2690 4100 temporibus:
2722 4021 2825 4082 sed
2854 4025 3135 4103 populum
3162 4025 3404 4102 quidem
3429 4029 3639 4090 exhor-

1990 4123 2164 4186 tatur,
2199 4112 2485 4173 adversus
2516 4117 2715 4171 autem
2749 4112 3093 4174 incredulos
3130 4116 3318 4176 zelum
3353 4117 3633 4181 ostendit.

1990 4205 2211 4266 Errore
2241 4201 2646 4282 supplantatos
2675 4199 2909 4260 reducit
2957 4202 3029 4262 ad
3078 4204 3422 4266 veritatem:
3475 4206 3633 4267 feras

1986 4300 2149 4354 arcet
2177 4309 2308 4370 quae
2342 4295 2470 4368 post
2527 4305 2698 4348 suum
2750 4287 3079 4350 discessum
3141 4291 3523 4370 impudenter
3570 4294 3632 4355 in

251 4408 337 4440 σιν
424 4384 570 4455 ἔθνη,
658 4383 875 4439 Evn-301
962 4383 1058 4456 μὲν
1135 4381 1456 4446 ἐπισκόπους
1529 4383 1899 4462 καταστήσων,

1990 4380 2140 4441 ovile
2170 4397 2235 4439 se
2258 4379 2653 4462 ingesserunt,
2670 4393 2738 4436 ac
2761 4394 3004 4454 gregem
3036 4387 3291 4441 revocat.
3321 4377 3403 4441 [ta
3425 4379 3629 4461 dispo-

252 4475 474 4532 emes;
529 4470 583 4526 δξ
653 4474 743 4528 καὶ
812 4470 939 4537 ὅλας
1011 4469 1296 4538 ἐκκλησίας
1355 4476 1430 4544 τῷ
1486 4470 1746 4546 πνεύματι
1818 4470 1902 4527 δι-

252 4561 421 4627 δάξων
451 4562 825 4634 σημλίνεσθκι.

345 4825 604 4886 Ε’.Ἀλλ’
663 4825 764 4882 ὦδὲ
819 4848 886 4902 με
945 4825 1035 4882 τοῦ
1093 4823 1255 4902 λόγου
1316 4825 1601 4902 γενόμενον
1674 4827 1734 4880 τὸ
1806 4825 1901 4893 τῆς

258 4918 504 4993 γενναίας
552 4915 729 4972 ἐκεῖνο
774 4919 956 4994 ψυχῆς
1011 4917 1097 4971 καὶ
1157 4912 1525 4992 φιλανθρώπου
1583 4913 1898 4994 εἰσέρχετκι,

275 5006 436 5062 Οκιὶ
497 5003 690 5060 ἄνωθεν
744 5001 1020 5058 cinleva
1084 5001 1180 5082 (ὡς
1240 5004 1392 5066 αὖτὸς
1453 5001 1678 5076 Κλήμης
1729 4996 1756 5058 6
1803 5009 1900 5071 τῆς

255 5093 305 5150 ἐν
363 5091 730 5170 Ἀλεξκνδρείᾳ
805 5090 1124 5158 Ἐκκλησίος
1198 5089 1573 5168 πρεσϐύτορος,
1650 5091 1782 5170 ἀνὴρ
1851 5093 1899 5150 τ’

255 5182 392 5239 ἄλλοι
422 5204 478 5238 τε
511 5183 835 5259 Θιυμαστὸς,
866 5184 952 5237 sui
984 5180 1048 5247 δὴ
1103 5183 1188 5236 καὶ
1235 5181 1327 5235 τὶν
1387 5178 1542 5257 λόγον
1601 5180 1896 5256 ἐπιινετὸς,

256 5272 305 5328 ἐν
365 5278 466 5345 τῷ,
540 5272 626 5334 Τίς
685 5273 712 5326 6
783 5269 1083 5345 σωζόμενος
1157 5269 1432 5348 πλουσιος,
1518 5267 1664 5348 λόγῳ
1746 5272 1897 5352 φησὶ)

258 5358 614 5439 διηγήσομαι.
650 5357 978 5437 Ἀφκάμενος
1034 5360 1132 5436 γὰρ
1190 5358 1442 5424 Ἰωάννης
1476 5359 1611 5432 μετὰ
1642 5360 1738 5428 τὴν
1796 5362 1901 5418 ἀπὸ

337 5551 371 5604 9
398 5547 588 5618 Exod.
621 5565 759 5631 xvu,
787 5550 812 5614 Ι
843 5567 1014 5634 seqq,
1101 5548 1158 5600 10
1180 5547 1364 5612 Exod.
1390 5563 1588 5628 xxxrv,
1621 5547 1644 5612 Ι
1673 5567 1840 5636 seqq.

1986 4468 2114 4531 sitis
2146 4468 2235 4528 liis
2271 4485 2400 4548 quas
2425 4465 2585 4526 circa
2613 4461 2910 4544 Ephesum
2942 4477 3135 4540 erant,
3166 4468 3238 4528 ad
3269 4469 3628 4550 prOpinquas

1983 4568 2193 4638 gentes
2223 4553 2478 4616 discedit
2511 4574 2528 4624 ς
2560 4553 2658 4614 hic
2697 4555 2938 4633 quidem
2973 4556 3285 4636 episcopos
3332 4559 3625 4620 constitu-

1985 4659 2173 4724 turus,
2207 4644 2327 4705 illic
2362 4660 2498 4702 vero
2526 4641 2786 4719 integras
2818 4664 3057 4724 quoque
3092 4645 3372 4706 docturus
3416 4645 3626 4710 Eccle-

1985 4737 2104 4799 sias
2133 4733 2354 4813 Spiritu
2384 4729 2713 4808 obsignari.

2067 4826 2137 4886 V.
2171 4824 2390 4882 Verum
2422 4837 2514 4878 me
2549 4817 2667 4877 huc
2689 4826 2986 4879 sermonis
3014 4839 3384 4899 progressum
3410 4825 3624 4886 factum

1985 4913 2126 4975 illud
2155 4910 2369 4971 animae
2399 4923 2706 4985 generosae
2734 4924 2802 4966 ac
2832 4907 3102 4970 humanae
3145 4921 3394 4990 occupat
3421 4934 3432 4970 :
3468 4915 3624 4993 quod

1985 5006 2160 5064 etiam
2213 4996 2386 5059 altius
2446 5002 2723 5072 repetens
2755 4994 2956 5072 (veluti
3005 5006 3203 5058 narrat
3226 4999 3623 5064 Clemensille

1984 5086 2404 5155 Alexandrinae
2429 5081 2712 5144 Ecclesiae
2773 5083 3102 5164 presbyter,
3157 5087 3246 5147 vir
3295 5088 3438 5148 etin
3489 5091 3621 5152 aliis

1983 5175 2394 5245 admirandus,
2421 5189 2479 5234 el
2513 5172 2855 5251 eloquentia
2879 5191 3017 5234 sane
3043 5174 3380 5249 laudabilis,
3413 5183 3473 5239 in
3499 5197 3620 5240 ser-

1987 5287 2182 5347 mone,
2213 5264 2366 5341 Quis
2396 5262 2564 5324 dives
2585 5259 2788 5324 salvus
2807 5263 2943 5342 ﬁat)
2970 5272 3252 5326 retexam.
3287 5266 3430 5327 Cum
3461 5273 3618 5331 enim

1986 5356 2350 5443 pervenisset
2398 5351 2656 5415 Joannes
2716 5362 2845 5432 post
2901 5351 3158 5415 reditum
3211 5372 3283 5421 ex
3312 5353 3516 5419 Patmo
3546 5359 3619 5422 ad

3995 2151 4020 2276 Ξ

3985 2578 4020 2704 Ξ

3987 2721 4020 2816 Ξ

3983 2825 4020 2992 ξ

3981 3007 4020 3092 :

3978 3145 4020 3279 ξ

3971 3917 4020 4199 ἓ
