4020 6142
354 259 474 324 695
1664 249 1945 313 MENSIS
1986 246 2238 313 DECEM
2247 254 2415 314 BER.
3622 248 3757 314 696

355 391 671 477 quamdam
689 386 1376 477 vicinarumcivitatum,
1397 386 1566 465 cujus
1589 384 1764 477 etiam
1786 386 1994 477 appel-
2015 428 2023 444 ι

2108 392 2172 477 ἧς
2208 386 2423 463 Πάτμου
2451 385 2669 443 κάθοδον
2702 385 2789 443 ἐπὶ
2819 407 2938 443 τινα
2970 393 3074 445 τῶν
3102 389 3161 444 οὗ
3190 388 3371 467 πόρρω
3400 387 3647 459 πόλεων,
3691 389 3756 453 ἧς

355 474 643 546 lationem
676 476 946 541 nonnulli
978 475 1219 552 dicunt,
1262 487 1321 538 et
1355 475 1568 537 fratres
1622 474 1724 555 qui
1781 475 1841 535 in
1893 476 2003 536 hac

2107 476 2181 533 ιαῖ
2210 478 2306 545 τὴν
2337 477 2534 544 πλῆσιν
2563 475 2688 532 ἔνιοι
2722 475 2962 557 λέγουσι,
2989 479 3087 534 καὶ
3116 478 3178 534 τὰ
3201 478 3389 557 μέτρια
3417 480 3539 542 τοὺς
3570 475 3758 533 ἀδελ-

359 578 531 636 erant
555 577 891 650 opportune
919 574 1252 628 recreasset
1280 585 1293 628 :
1328 564 1646 645 quemdam
1680 564 1762 624 ibi
1792 565 2001 625 adole-

2107 566 2213 642 ῇοὺς
2270 567 2325 622 ἐν
2384 567 2547 641 ταύτῃ
2591 564 2967 641 διαναπαύσας,
3030 568 3253 644 εὒρίσκει
3303 570 3421 624 τινὰ
3461 570 3760 624 νεανίσκον

357 668 625 725 scentem
646 654 1306 741 reperit,magnitudine
1340 653 1731 723 mediocrem.
1759 665 2000 734 aspectu

2107 668 2224 729 ηκεϊ,
2262 657 2323 711 τὸ
2357 655 2579 733 μέγεθος
2614 654 2849 731 μέτριον,
2900 656 3000 722 τὴν
3044 677 3102 713 τε
3155 657 3274 732 ὄψίν
3331 659 3571 715 ἀστεῖον.
3650 657 3763 713 Καὶ

359 750 593 815 civilem
626 771 641 814 :
675 763 931 827 cumque
964 744 1295 825 perspicaci
1335 743 1577 824 spiritus
1603 743 1869 805 efﬁcacia
1889 761 1997 819 ge.

2215 743 2488 823 διορατικῇ
2554 752 2643 802 τοῦ
2699 746 3002 820 Πνεύματος
3061 746 3301 824 ἆνεργείᾳ
3371 747 3468 813 τὴν
3537 745 3767 802 ἐκείνου

359 838 740 904 nerositatem
770 834 985 898 anima;
1015 833 1172 894 illius
1200 850 1270 893 ac
1319 849 1547 892 morum
1581 831 1999 893 liberalitatem

2107 838 2182 899 τῆς
2239 838 2426 913 ψυχῆς
2485 834 2773 911 εὒγὲδειαν,
2831 836 2920 890 καὶ
2976 842 3069 892 τοῦ
3120 835 3277 903 ἤθους
3326 835 3653 912 τεκμηράμε
3670 855 3767 896 θος

360 930 755 1013 observasset,
778 921 1226 1013 benedictiones
1249 921 1348 982 dat
1366 920 1755 1013 adolescenti,
1789 929 1849 981 et
1872 920 2003 983 suf-

2107 922 2182 988 :1‘w
2223 920 2544 1013 ἐλευθερίαν,
2580 922 2821 1001 εὐλογίας
2852 945 2909 980 τε
2959 924 3273 1000 μεταδίδωσι
3331 932 3409 999 τῷ
3453 926 3763 1002 νεανίσκῳ,

359 1009 633 1082 ﬁcienter
659 1016 851 1095 ipsum
884 1011 1113 1091 tnungit
1159 1030 1228 1073 ac
1276 1011 1511 1072 excitat.
1573 1009 1862 1081 Quoniam
1898 1029 2004 1072 au-

2107 1014 2176 1067 ιαὶ
2225 1013 2355 1090 πρὸς
2388 1012 2578 1091 ἆρετην
2626 1015 2817 1076 ἱκανῶς
2876 1016 3033 1071 αὐτον
3087 1014 3362 1094 ὑπαλείφει
3419 1017 3510 1072 καὶ
3572 1014 3769 1071 διανί-

359 1119 481 1172 tem
503 1110 627 1190 jam
654 1106 1028 1169 discessurus
1059 1110 1190 1163 erat
1222 1109 1280 1162 et
1309 1100 1422 1160 alio
1454 1117 1825 1181 accessurus,
1860 1108 1924 1161 ut
1953 1109 2010 1160 et

2107 1123 2302 1167 ττησιν.
2361 1101 2511 1159 Ἐπεὶ
2568 1100 2623 1158 δὲ
2680 1105 2769 1159 καὶ
2826 1102 3126 1180 ἀποδημεῖν
3184 1104 3403 1181 ἔμελλεν
3452 1105 3584 1179 ἤδη,
3669 1103 3769 1161 καὶ

358 1208 578 1264 terram
638 1193 1081 1278 pradicatione,
1133 1199 1191 1252 et
1246 1208 1406 1251 mare
1453 1207 1522 1250 ac
1576 1190 1798 1251 insulas
1829 1209 2009 1252 acce-

2107 1191 2304 1265 ἒτέρωθι
2362 1190 2621 1267 μετιέναι,
2678 1192 2771 1248 ἵνα
2826 1193 2921 1250 καΐ
2978 1197 3080 1271 γῆν
3133 1202 3210 1269 τῷ
3273 1196 3577 1274 κηρύγματι
3658 1196 3769 1251 καί

362 1290 573 1352 deret:
607 1284 857 1348 civitatis
881 1281 1162 1363 episcopo
1190 1279 1630 1343 adolescentem
1665 1280 2013 1341 in-ecclesia

2107 1285 2256 1347 θῆσον
2315 1287 2488 1338 πᾶσαν
2545 1279 2743 1349 ἓπέλθη
2803 1284 2889 1338 καὶ
2946 1282 3236 1366 θάλασσαν,
3278 1292 3355 1359 τῷ
3402 1290 3501 1351 τῆς
3531 1283 3768 1346 πόλεως

364 1395 566 1441 coram
624 1376 861 1438 Christo
924 1379 1070 1433 teste
1129 1368 1537 1449 commendat,
1590 1367 1690 1428 ubi
1723 1371 1906 1431 multa
1938 1369 2013 1431 de

2107 1369 2373 1443 ἑπισκόπῳ
2429 1372 2520 1426 τὸν
2573 1372 2839 1429 νεανίσκον
2899 1372 2983 1430 ἐπὶ
3027 1379 3127 1440 τῆς
3177 1373 3500 1441 Ἐκκλησίας
3534 1377 3770 1431 καὶτοῦ

365 1468 527 1531 illius
556 1462 874 1544 disciplina
933 1468 992 1522 et
1041 1459 1392 1521 educatione
1452 1457 1855 1537 praecepisset.
1909 1457 2015 1519 Ille

2107 1467 2323 1538 Χριστοῦ
2408 1461 2672 1540 μάρτυρος
2764 1464 3258 1543 παρακατατίθεται,
3370 1464 3548 1523 πολλὰ
3635 1465 3769 1540 περὶ

365 1574 503 1620 vero
536 1563 810 1635 prompto
862 1547 1132 1631 suscepit
1186 1548 1407 1622 animo,
1469 1546 1772 1626 pollicitus
1833 1548 2015 1608 multa

2107 1553 2198 1616 τῆς
2260 1549 2460 1635 ἐκείνου
2519 1549 2758 1617 παιδείας
2818 1556 2903 1610 καὶ
2949 1554 3047 1621 τῆς
3088 1553 3305 1633 ἀγωγῆς
3335 1554 3478 1627 αύτῷ
3515 1553 3768 1623 ἐπισκή-

365 1630 603 1728 quoque
626 1630 1081 1728 seadjecturunl
1099 1638 1159 1697 in
1184 1654 1324 1698 cura
1357 1635 1516 1697 circa
1542 1636 2009 1698 adolescentem.

2107 1645 2231 1715 ψας.
2271 1630 2328 1698 Ὀ
2359 1639 2413 1696 δὲ
2486 1639 2692 1707 ἐδέξατό
2749 1664 2806 1698 τε
2863 1630 3144 1720 προθύμως
3212 1630 3307 1700 καί
3362 1641 3766 1718 ὑπερϐαλέσθαι

364 1724 596 1798 Πεὶιίόο
624 1730 727 1791 ille
757 1728 1001 1806 quidem
1039 1724 1339 1807 Ephesum
1369 1724 1647 1798 discedit,
1692 1725 1791 1787 hic
1821 1732 2014 1786 autem

2107 1730 2258 1785 αὒτὸν
2313 1728 2580 1809 ὑπέσχετο
2759 1732 2885 1811 περὶ
2941 1733 3032 1787 τὸν
3101 1733 3372 1789 νεανίσκον
3436 1731 3762 1807 ἐπιμελείᾳ.

366 1829 738 1902 assumptum
786 1819 843 1878 in
898 1817 1140 1878 domum
1192 1814 1632 1877 adolescentem
1665 1814 1881 1890 alebat,
1916 1818 2013 1875 in-

367 1912 657 1984 struebat,
724 1925 925 1969 curam
986 1906 1117 1987 ejus
1172 1904 1474 1985 habebat;
1540 1904 1777 1966 tandem
1837 1904 2015 1966 etiam

366 2001 701 2082 baptizavit.
737 1998 926 2060 Porro
956 1994 1060 2057 ubi
1090 1994 1326 2057 Domini
1360 1993 1752 2073 signaculum,
1802 2010 2017 2074 nempe

369 2093 605 2154 ﬁrmum
666 2086 1103 2149 munimentum
1160 2083 1274 2164 ipsi
1326 2082 1680 2164 addidisset,
1732 2082 2019 2163 deinceps

369 2180 639 2245 custodia
696 2177 954 2239 liberum
1014 2174 1260 2236 dimisit.
1320 2174 1409 2234 Ad
1463 2173 1623 2234 hunc
1680 2181 1876 2234 autem
1916 2171 2020 2253 qui

371 2280 512 2335 ante
549 2278 781 2349 tempus
810 2264 1230 2328 remissionem
1266 2261 2020 2343 acceperat,subeuntnon-

372 2361 522 2424 nulli
552 2355 859 2432 coaetanei,
920 2356 1177 2417 effrenes
1206 2371 1274 2414 ac
1305 2351 1737 2431 indisciplinati
1761 2352 1821 2413 in
1844 2352 2017 2429 cupi-

370 2449 676 2523 ditatibus,
749 2454 808 2507 et
863 2445 1118 2526 primum
1179 2442 1421 2523 quidem
1477 2442 1913 2502 adolescentem
1945 2440 2016 2500 ad

370 2541 507 2602 vitia
538 2533 1022 2622 persuasibilem,
1059 2532 1337 2613 pretiosis
1367 2530 1648 2592 conviviis
1682 2548 1750 2590 ac
1797 2529 2018 2589 mensis

372 2629 485 2693 sibi
534 2619 877 2692 conciliant.
938 2623 1081 2694 Quae
1120 2626 1331 2682 'autom
1386 2619 1525 2679 hinc
1580 2626 1784 2678 secuta
1839 2623 2021 2679 sunt?

2101 1819 2236 1876 Εϊτο
2267 1821 2294 1874 6
2327 1820 2423 1893 μὲν
2455 1822 2585 1898 πρὸς
2615 1822 2711 1888 τὴν
2745 1820 2977 1900 ’Ἔφεσον
3008 1823 3239 1901 ἀπαίρει,
3282 1824 3309 1878 6
3340 1820 3394 1877 δὲ
3439 1820 3633 1878 οἴκαδε
3666 1825 3767 1879 τὸν

2100 1909 2369 1965 νεανίσκον
2423 1908 2766 1987 παραλαϐῶν,
2838 1911 3076 1992 ἔτρεφεν,
3145 1909 3468 1992 ἐπαίδευσεν,
3545 1911 3765 1988 ἐπεμέ-

2101 2000 2246 2076 Αέτο,
2278 1997 2431 2062 τέλος
2462 1997 2763 2063 ἐϐάπτισεν,
2801 1992 2892 2064 Ὠς
2922 2000 2975 2056 δὲ
3003 2002 3103 2069 τὴν
3131 2010 3224 2060 τοῦ
3256 2002 3441 2079 Κυρίου
3480 2001 3767 2082 σφραγῖδα

2101 2089 2161 2143 τὸ
2222 2087 2453 2167 ἆσγαὶὲς
2512 2089 2654 2164 αὖτῷ
2706 2089 2929 2147 ἐπέϐαλε
2985 2088 3362 2169 φυλακτήριον,
3427 2091 3487 2146 τὸ
3562 2090 3763 2148 λοιπὸν

2101 2178 2266 2253 ὑφῆκε
2323 2178 2419 2244 τῆς
2475 2178 2735 2256 φυλακῆς.
2800 2181 2900 2238 Τὸν
2956 2178 3033 2252 δὲ,
3098 2180 3201 2257 πρὸ
3252 2178 3393 2259 ὥρας
3451 2177 3765 2251 λαϐόμενον

2103 2265 2331 2330 ἀνέσεως
2387 2266 2697 2326 ὖποδύονταί
2752 2290 2891 2331 τινες
2948 2267 3143 2336 ἤλικης
3199 2270 3294 2334 τὰς
3345 2272 3511 2348 ὁρμας
3544 2269 3759 2349 ἀχάλι-

2106 2378 2182 2412 νοι
2212 2358 2298 2412 καὶ
2329 2357 2620 2436 ἀνάγωγοι,
2652 2360 2739 2414 καὶ
2792 2360 2853 2415 τὸ
2904 2366 3118 2437 πρῶτον
3176 2359 3457 2438 ἐπαγωγὸν
3515 2362 3587 2425 εἰς
3654 2383 3761 2417 κα-

2100 2447 2218 2503 κίαν
2270 2446 2571 2526 φιλοτίμοις
2629 2448 2893 2505 ἑστιάσεσι
2947 2450 3036 2507 καὶ
3087 2449 3370 2528 τραπέζαις
3425 2451 3762 2507 ὑποποιοῠν-

2102 2558 2189 2591 ται
2221 2537 2311 2591 τὸν
2343 2535 2479 2598 νέον.
2519 2536 2593 2596 Τὰ
2651 2535 2705 2592 δὲ
2764 2537 2997 2596 ἐντεῦθεν
3053 2543 3268 2617 ὁποϊα;
3329 2540 3453 2595 Λεία
3510 2540 3613 2617 γὰρ
3674 2552 3764 2604 καὶ

2104 2625 2441 2692 κατάντηςὴ
2492 2624 2587 2691 τῆς
2644 2628 2830 2692 κακίας
2887 2626 3030 2703 ὁδὸς,
3089 2632 3177 2686 καὶ
3235 2589 3325 2685 τὸν
3380 2630 3481 2695 τὴν
3524 2589 3762 2706 ⁸πρώτην

371 2719 590 2783 Facilis
619 2716 778 2778 enim
811 2732 878 2775 ac
911 2710 1187 2792 proclivis
1217 2717 1304 2768 est
1333 2709 1417 2767 via
1435 2706 1743 2787 qtimtlucit
1762 2705 1832 2767 ad
1858 2706 2018 2780 vitia,

2110 2713 2270 2781 αὐτῆς
2334 2713 2608 2789 ἁψάμενον
2664 2716 2799 2772 πάνυ
2859 2716 3034 2795 ῥᾴδιον
3090 2717 3158 2774 δι’
3214 2721 3418 2794 ὁμαλοῦ
3474 2705 3760 2775 τοῦίπαν-

376 2816 435 2872 et
460 2825 598 2871 eum
632 2805 733 2887 qui
765 2804 1020 2884 primum
1081 2799 1214 2878 ejus
1270 2797 1463 2877 attigit
1508 2796 1825 2887 igradum,‘
1852 2796 2023 2887 facile

2109 2805 2199 2869 τὸς
2259 2805 2406 2866 εὐθὺς
2464 2808 2851 2885 κατενεχθῆναι
2913 2808 3043 2883 πρὸς
3099 2808 3160 2863 τὸ
3217 2808 3525 2886 ἀκρότατον.
3584 2809 3763 2883 Ταύτῃ

376 2884 680 2959 admotum
742 2899 834 2953 est
881 2906 992 2972 per
1046 2904 1283 2948 omnem
1335 2886 1730 2967 aequalitatem
1795 2884 2023 2947 detrahi

2112 2915 2191 2949 τοι
2252 2894 2340 2949 καὶ
2398 2894 2597 2971 νύκτωρ
2656 2884 2741 2951 ἐπὶ
2796 2894 3128 2953 λωποδυσίαν
3180 2884 3365 2971 ἰόντες,
3418 2900 3509 2954 τὸν
3577 2899 3759 2954 νεανί-

378 2988 646 3071 protinus
700 2999 889 3071 usque
959 2978 1032 3040 ad
1107 2986 1459 3071 extremum.
1524 2973 1650 3036 Hac
1723 2974 1814 3036 via
1886 2975 2023 3035 dum

2113 3005 2239 3039 σκον
2274 2982 2603 3071 ἐπάγονται·
2665 2986 2691 3040 6
2746 2981 2825 3057 δὲ,
2882 2985 3280 3065 ὑποτυφόμενος
3329 2984 3432 3053 ἤδη
3474 2988 3607 3064 πρὸς
3669 2989 3765 3043 τὸν

378 3048 559 3139 ctiam
590 3048 895 3134 nocte.ad
942 3069 1099 3130 furta
1153 3066 1530 3139 accederent,
1585 3064 2023 3126 adolescentem

2114 3078 2213 3139 τῆς
2272 3070 2521 3147 λῃστείας
2576 3072 2767 3151 ἔρωτα,
2828 3075 2914 3130 καὶ
2987 3048 3203 3151 τίτῶν
3231 3048 3527 3153 χρημάτων
3588 3074 3763 3133 ἐλπίδι

378 3184 497 3229 una
550 3160 920 3244 pertrahunt.
956 3156 1062 3218 Ille
1116 3174 1253 3217 vero
1302 3156 1687 3244 jamiamore
1735 3152 2023 3214 latrocinii

2112 3163 2236 3229 τὴν·
2276 3162 2449 3239 ὁρμὴν
2511 3161 2830 3240 παραθήξας,
2892 3162 3036 3220 οὐδὲν
3094 3163 3169 3220 ἔτι
3214 3152 3399 3242 μικρὸν
3451 3163 3646 3221 ἐνενόει
3681 3163 3764 3220 διὰ

379 3243 915 3330 succensus,etspe
933 3245 1269 3308 divitiarum
1289 3243 1684 3323 cupiditatem
1708 3246 2023 3316 exacuens,

2116 3251 2343 3328 μέγετος
2401 3248 2633 3329 φύσεως.
2697 3248 2913 3319 Ἀμέλει
2970 3254 3057 3309 καὶ
3115 3252 3325 3330 λῃστῶν
3368 3254 3467 3330 μὲν
3502 3253 3762 3332 ἑταιρείας

378 3343 523 3407 nihil
549 3343 672 3424 jam
710 3335 1106 3401 meditabatur
1132 3334 1291 3415 quod
1326 3340 1483 3394 esset
1507 3332 1831 3424 exiguum,
1886 3350 2021 3412 pro-

382 3441 514 3515 pter
552 3420 797 3494 batura}
858 3444 926 3487 ac
980 3424 1199 3515 indolis
1247 3421 1727 3515 generositatem.
1762 3420 2026 3501 Denique

379 3513 558 3586 etiam
606 3519 906 3583 latronum
957 3514 1327 3575 sodalitatem
1371 3513 1462 3572 his
1494 3513 1591 3592 qui
1623 3529 1827 3573 secum
1862 3518 2030 3572 erant

379 3608 835 3682 demonstravit,
869 3612 1047 3686 atque
1077 3603 1177 3665 hic
1238 3602 1535 3663 latronum
1589 3601 1871 3683 princeps
1903 3601 2028 3680 pri-

377 3718 633 3782 musque
678 3705 881 3778 raptor
929 3703 1061 3757 erat
1113 3691 1699 3782 vehementissimus.
1737 3690 1874 3752 Post
1906 3692 2031 3752 hrcc

375 3809 513 3854 vero
534 3781 646 3852 ubi
676 3790 941 3850 Joannes
970 3801 1209 3847 rursum
1260 3781 1332 3842 ad
1395 3799 1524 3843 eam
1576 3781 1871 3842 civitatem
1929 3799 2030 3842 re-

377 3888 658 3959 measset,
692 3877 919 3940 caeteris
973 3880 1217 3955 propter
1258 3890 1388 3953 quae
1435 3890 1506 3932 eo
1546 3878 1787 3932 venerat
1820 3870 2027 3951 dispo-

375 3968 505 4031 sitis
564 3976 627 4027 ut
680 3984 911 4047 mquam
963 3972 1125 4025 erat:
1164 3962 1283 4041 Age
1316 3978 1483 4035 sane,
1542 3959 1755 4040 inquit,
1791 3961 1861 4021 ad
1895 3959 2029 4038 epi-

2111 3339 2233 3403 τοὺς
2297 3339 2414 3415 περῖ
2468 3338 2622 3394 α’ἰτὸν
2682 3338 3007 3416 ἐπεδείξατο,
3070 3342 3387 3422 Λῇσταρχος
3439 3342 3494 3398 δὲ
3550 3349 3766 3420 πρῶτον

2111 3428 2262 3490 οὗτος
2322 3431 2388 3495 ἦν
2440 3428 2768 3501 βιαιότατος.
2828 3432 2977 3489 Μετὰ
3035 3429 3090 3487 δὲ
3143 3439 3304 3489 ταῦτα
3360 3439 3429 3509 τῇ
3489 3438 3643 3489 πολει
3678 3427 3767 3490 καὶ

2113 3521 2256 3579 αὖθις
2319 3518 2346 3572 6
2402 3516 2656 3584 Ἰωάννης
2719 3517 3083 3601 ἐπιδημήσας,
3141 3523 3267 3577 ἐπεὶ
3325 3521 3493 3579 τᾶλλα
3539 3524 3767 3590 ὦνὲνε-

2112 3629 2203 3665 κεν
2233 3607 2363 3674 ἧκεν
2393 3607 2462 3666 ὡς
2513 3607 2573 3662 τὸ
2603 3608 2742 3672 εἰκὸς
2775 3611 3166 3685 κατεστήσατο,
3228 3610 3362 3686 ’Ἄγε
3416 3610 3573 3691 δῆτα,
3632 3615 3766 3689 πρὸς

2113 3699 2203 3753 τὸν
2273 3695 2562 3751 ἐπίσκοπόν
2633 3720 2787 3776 φησι,
2860 3700 2958 3766 τὴν
3039 3702 3490 3776 παρακαταθήκην
3567 3701 3763 3765 ἀπόδος

2114 3787 2274 3861 ἡμῖν,
2334 3784 2395 3852 ἢν
2452 3783 2559 3862 ἐγώ
2616 3807 2699 3842 σοι
2758 3789 2853 3843 καῖ
2911 3791 2938 3844 ὁ
2998 3791 3221 3866 Χριστὸς
3271 3791 3373 3845 ὑπὸ
3425 3790 3645 3870 μάρτυρι
3698 3797 3763 3867 τῇ

2117 3872 2411 3943 Ἐκκλησία
2467 3873 2954 3950 παρακατεθέμεθα,
3017 3877 3118 3931 Τὸν
3177 3874 3253 3952 δὲ,
3313 3877 3574 3955 χρήματα
3623 3879 3762 3934 εἶναι

2112 3963 2178 4018 τὰ
2249 3961 2638 4036 ἐπιζητούμενα
2724 3963 2990 4036 οἰηθέντα,
3066 3969 3249 4042 πρῶτα
3338 3966 3435 4039 μὲν
3514 3965 3763 4033 ἔκπληξις

377 4075 649 4138 scopum,
679 4055 1019 4135 depositum
1045 4051 1217 4113 nobis
1245 4050 1429 4111 redde
1451 4049 1610 4126 quod
1637 4068 1744 4128 ego
1775 4055 1831 4107 et
1859 4048 2023 4109 Chri-

2118 4051 2297 4130 εἶχεν,
2359 4052 2393 4104 ἂ
2451 4051 2527 4123 μὴ
2586 4050 2797 4121 σονήδει
2848 4052 3025 4109 λαϐὼν
3062 4052 3470 4128 ἀπαιτούμενον,
3506 4056 3593 4113 καὶ
3626 4058 3759 4125 μήτε

379 4155 506 4209 stus
537 4146 666 4207 loco
699 4143 887 4225 testis,
922 4143 982 4203 in
1035 4140 1287 4229 ecclesia
1330 4140 1482 4218 apud
1524 4146 1582 4199 te
1613 4138 2023 4217 deposuimus.

2119 4140 2384 4196 πιστεύειν
2441 4139 2523 4218 ἐφ’
2581 4145 2668 4205 οἷς
2725 4142 2820 4197 ούκ
2878 4143 3031 4222 εἶχε,
3088 4143 3225 4218 μήτε
3262 4145 3508 4201 ἀπιστεῖν
3539 4144 3758 4224 Ἰωάννῃ

376 4239 457 4301 At
485 4236 588 4299 ille
618 4253 752 4296 cum
785 4209 1150 4295 existimaret
1183 4209 1467 4312 pecunias
1517 4245 1648 4287 esse
1681 4209 1815 4306 quae
1857 4243 2023 4305 repe-

2119 4228 2428 4301 δυνάμενον.
2494 4222 2584 4293 Ὠς
2644 4228 2722 4306 δὲ,
2783 4232 2883 4289 Τὸν
2941 4233 3232 4303 νεανίσκον,
3288 4234 3467 4313 εἶπεν,
3527 4232 3754 4304 ἀπαιτῶ,

378 4334 665 4400 terentur,
700 4322 955 4404 primum
977 4320 1217 4403 quidem
1244 4316 1573 4404 obstupuit,
1604 4334 1734 4375 cum
1764 4314 2023 4404 sibinor

2121 4318 2206 4374 καὶ
2266 4325 2360 4374 τοῖ
2419 4317 2644 4399 ἀδελφοῦ
2701 4321 2797 4387 τὴν
2857 4321 3062 4400 ψυχὴν,
3100 4322 3298 4400 μύχιόν
3358 4345 3400 4378 τι
3453 4321 3758 4388 στενάξαςὸ

379 4423 539 4477 esset
567 4386 840 4475 conscius
868 4430 934 4474 se
963 4386 1021 4472 id
1055 4409 1213 4490 quod
1266 4386 1649 4483 repetebatnr
1697 4403 2023 4483 accepisse,

2119 4405 2417 4485 πρεσϐύτης
2471 4408 2526 4464 ἐν
2562 4386 2882 4488 ’θερμοτέριμ
3049 4386 3350 4490 πνεύματι,
3420 4412 3505 4467 καὶ
3558 4386 3760 4468 ὑποδαρ

381 4515 440 4566 et
467 4521 661 4584 neque
695 4501 947 4562 credere
973 4502 1192 4579 posset,
1236 4493 1381 4584 ﬁcri
1410 4492 1825 4584 repetitionem
1854 4492 1929 4553 ob
1962 4512 2023 4555 ea

2118 4498 2292 4573 κρύσει
2353 4495 2607 4571 ἐλεεινὸν,
2672 4499 2936 4572 Ἐκεῖνος,
2976 4499 3038 4579 ἕρ
3069 4522 3128 4571 η,
3183 4500 3422 4568 τέθνηκε,
3485 4502 3624 4557 Ποτέ
3684 4499 3757 4570 δέ,

381 4608 515 4672 quae
544 4581 662 4651 non
691 4586 959 4662 haberet,
998 4601 1193 4665 neque
1227 4582 1438 4644 Joanni
1474 4600 1588 4643 non
1620 4582 1889 4644 credere.
1916 4581 2023 4645 Ubi

2112 4587 2206 4641 καί
2262 4592 2402 4663 πῶς,
2464 4588 2551 4643 καὶ
2605 4588 2719 4643 τίνα
2779 4590 2869 4643 τὸν
2901 4589 3122 4647 θάνατον
3150 4589 3451 4668 ἐρωτηθεὶς,
3504 4595 3623 4665 Θεῷ
3669 4590 3762 4646 τέ-

379 4686 577 4743 autem
610 4677 896 4739 dixisset:
949 4674 1415 4738 Adolescentem
1473 4680 1679 4751 repeto
1738 4680 1793 4732 et
1830 4672 2023 4733 fratris

2110 4677 2325 4746 θνηγ.εν,
2359 4679 2502 4748 εἷπε,
2563 4674 2837 4751 λῃστεύειν
2893 4676 3170 4752 ἐλόμενος,
3231 4678 3325 4734 καὶ
3384 4680 3445 4735 τὸ
3494 4680 3616 4755 ὄρος
3652 4680 3764 4735 ἀντὶ

379 4768 663 4848 animam,
693 4765 959 4827 intimius
989 4762 1293 4843 suspirans
1324 4778 1503 4822 senex
1552 4759 1881 4821 ardentiori
1912 4762 2029 4840 spi-

379 4858 521 4932 ritu,
555 4875 623 4919 ac
649 4847 1193 4935 sublacrymatione
1220 4852 1523 4913 miseriam
1556 4849 1832 4910 inlicans
1856 4870 1867 4911 :
1895 4847 2024 4930 Ille,

375 4946 592 5027 inquit,
627 4952 893 5007 mortuus
927 4951 1036 5005 est.
1091 4945 1272 5004 Porro
1333 4942 1732 5011 interrogatus
1792 4939 2027 5018 quando

379 5046 438 5099 ot
465 5034 979 5117 quomodo,quave
1015 5030 1882 5112 morte,Deo,inquit,mortuus
1915 5034 2026 5107 est,

379 5145 511 5189 cum
561 5124 941 5187 latrocinium
988 5141 1271 5184 exercere
1326 5119 1596 5199 elegerit,
1659 5128 1717 5179 et
1761 5126 2021 5177 montem

377 5216 510 5277 loco
565 5214 835 5277 ecclesiae
909 5212 1266 5285 inhabitare,
1342 5210 1710 5291 perditorum
1776 5224 2026 5268 conver-

376 5305 667 5366 sationem
724 5302 1029 5383 amplexus
1083 5301 1278 5380 potius
1336 5318 1512 5380 quam
1577 5307 1834 5358 nostram
1888 5315 2027 5373 erga

377 5393 573 5472 ipsum
631 5389 1099 5453 sollicitudinem
1157 5406 1224 5448 ac
1282 5405 1510 5448 curam.
1566 5385 1769 5448 Atille
1806 5384 1880 5445 ob
1914 5385 2025 5447 hoc

374 5481 580 5541 dolore
648 5480 985 5541 vehementi
1055 5495 1414 5557 oppressus:
1497 5475 1743 5550 Revera,
1814 5475 2020 5556 inquit,

376 5567 676 5649 egregium
709 5576 764 5628 te
798 5565 1108 5629 custodem
1140 5566 1353 5629 animae
1385 5564 1590 5627 fratris
1624 5563 1839 5644 reliqui
1870 5586 1883 5624 :
1917 5581 2024 5626 ve-

2112 4768 2208 4830 τῆς
2236 4761 2520 4830 ἐκκλησίας
2578 4766 2768 4840 οἰκεῖν,
2829 4768 2916 4822 καὶ
2969 4767 3065 4834 τῆς
3122 4767 3383 4844 ἡμετέρας
3438 4769 3553 4843 περὶ
3608 4771 3761 4828 αὐτὸν

2112 4852 2417 4927 ἐπιμελείας
2477 4855 2565 4909 καὶ
2620 4859 2719 4921 τῆς
2776 4854 3047 4934 φροντιδος
3110 4856 3209 4923 τήν
3267 4858 3401 4931 μετὰ
3472 4860 3577 4912 τῶν
3660 4880 3761 4913 κα-

2109 4943 2347 5019 κούργων
2433 4940 2636 5016 μᾶλλον
2724 4941 3001 5021 διατριϐὴν
3072 4945 3470 5019 ἀσπασάμενος.
3550 4937 3610 5002 Ὀ
3682 4943 3756 5018 δὲ,

2109 5030 2227 5088 λίαν
2282 5030 2367 5085 ἐπὶ
2423 5033 2595 5105 τούτῳ
2656 5035 3052 5109 περιπαθήσας,
3086 5030 3257 5090 ⁴Ἠττον
3289 5033 3450 5090 καλόν
3496 5056 3580 5112 γε,
3632 5034 3757 5112 ἔφη,

2110 5119 2318 5199 φύλακά
2350 5141 2407 5174 σε
2438 5125 2537 5186 τῆς
2572 5127 2663 5176 τοῦ
2692 5121 2918 5200 ἀδελφοῦ
2966 5122 3151 5202 ψδχῆς
3189 5121 3572 5185 καταλέλοιπα,
3610 5122 3757 5179 Ἀλλ’

2107 5207 2280 5272 ἵππος
2337 5207 2401 5276 Bri
2460 5209 2726 5286 παρέστω,
2788 5213 2877 5267 καὶ
2926 5212 3144 5288 ἡγεμὼν
3201 5210 3425 5270 δεδοσθω
3498 5234 3589 5287 μοι
3662 5218 3756 5278 τῆς

2107 5296 2250 5361 ὁδοῦ,
2317 5297 2425 5356 Καὶ
2481 5300 2664 5356 αὐτίκα
2723 5298 2910 5363 ἐπιϐὰς
2960 5300 3184 5368 ἤλαυνεν
3240 5300 3388 5363 ὅλαις
3444 5303 3648 5377 ἦνιαις,
3700 5303 3757 5357 τὸ

2107 5394 2200 5444 τοῦ
2256 5387 2426 5444 ἵππου
2485 5389 2654 5468 τάχος
2717 5392 2846 5467 πρὸς
2906 5389 3003 5457 τὴν
3066 5391 3221 5449 αὐτοῦ
3290 5389 3527 5457 σπουδὴν
3600 5392 3756 5459 ἦττον

2108 5478 2237 5532 εἶναι
2296 5477 2559 5551 οἰόμενος.
2629 5476 2818 5545 Καὶδή
2850 5480 2910 5533 τὸ
2974 5478 3092 5556 ὅρος
3133 5477 3471 5555 καταλαϐὼν,
3524 5481 3629 5537 ὑπὸ
3658 5482 3753 5546 τῆς

2110 5564 2451 5647 προφυλακῆς
2508 5573 2616 5623 τῶν
2671 5566 2906 5648 ληστῶν,
2978 5568 3055 5645 μὴ
3123 5570 3547 5649 παραιτούμενος
3620 5567 3749 5646 μηδέ
