4020 6142
244 320 362 387 697

1437 323 1626 387 VITA
1669 321 1731 384 S.
1775 318 2098 383 JOANNIS
2140 320 2424 385 EVANG.

3498 323 3616 389 698

247 458 474 538 φεύγων,
509 456 809 531 ἁλίσκεται,
872 461 961 516 καὶ
1004 456 1125 518 Ἐπὶ
1174 464 1330 516 τοῦτο
1374 455 1627 529 ὶλήλυθα,
1673 458 1760 513 καὶ
1812 457 1876 516 ὡς

1970 472 2103 517 rum
2134 472 2325 536 equus
2347 455 2474 536 jam
2506 455 2681 538 adsit,
2724 475 2794 520 ac
2840 456 2951 520 viae
2982 457 3201 520 ductor
3232 457 3375 520 mihi
3409 459 3608 524 detur.

240 550 333 603 τὸν
387 545 627 626 ἄρχοντα
672 549 819 624 ὑμῶν
863 547 1093 627 ἀγάγετὲ
1136 570 1225 628 με,
1274 548 1454 628 φησίν.
1512 547 1571 605 Ὀ
1615 544 1669 603 δὲ
1701 543 1884 610 ἐπειδὴ

238 645 428 694 τώτον
486 636 695 693 ἐκεῖνον
735 638 876 694 εἶναι
928 638 1019 694 τὸν
1075 637 1328 704 Ἰωάννην
1362 637 1521 715 ἔγνω,
1567 636 1745 715 φεύγει
1791 634 1886 709 μὲν

238 723 517 796 αἰδεσθεὶς,
580 721 825 781 διώκεται
882 722 937 780 δὲ
991 725 1112 803 παρ’
1169 728 1326 784 αὒτοῦ
1383 726 1472 781 καὶ
1534 725 1714 802 γήρως
1758 725 1883 779 επι-

229 812 530 888 λαθομὲνου
590 813 683 869 καί
737 822 830 873 τοῦ
886 815 1026 872 κατὰ
1096 813 1299 886 κόσμον
1360 814 1684 888 κινήματος.
1750 813 1884 868 Εἶτα

233 902 380 981 μέγα
451 924 501 959 τι
570 903 702 981 βαρὺ
759 902 1135 982 φθεγξάμενος,
1209 905 1270 961 Τί
1327 913 1421 981 με,
1477 902 1688 981 τέκνον,
1731 900 1881 980 εἷπε,

231 994 332 1047 τὸν
388 991 591 1069 πατέρα
644 993 855 1071 φεύγεις
898 995 989 1050 τὸν
1058 993 1204 1069 adv;
1267 990 1539 1059 Αἶδέσθητι
1598 992 1692 1059 τήν
1746 990 1884 1065 ἐμὴν

232 1080 439 1137 πολιᾶν
478 1100 492 1113 ·
566 1082 627 1137 τὸ
675 1087 777 1148 τῆς
833 1081 931 1148 σῆς
990 1081 1199 1150 ἡλικίας
1255 1081 1410 1143 ἄνθος
1453 1080 1696 1147 ἐλέησον,
1732 1080 1882 1147 Ζωῆς

234 1169 392 1233 ἐλπὶς
439 1169 515 1226 ἔτι
548 1191 631 1225 σοι
662 1170 1068 1249 παραλείπεται.
1100 1169 1246 1248 Ἐγὼ
1274 1172 1364 1226 τὸν
1386 1171 1524 1247 ὑπὲρ
1576 1177 1669 1226 σοῦ
1724 1167 1883 1246 λόγον

231 1259 432 1339 ὑφέξω,
498 1261 660 1323 Erilli.
689 1266 825 1317 κατᾶ
855 1259 1062 1340 χώραν,
1120 1258 1322 1319 τέκνον.
1358 1260 1581 1339 Χριστὸς
1613 1257 1881 1316 ἀπέσταλ-

233 1347 302 1403 κὲ
361 1369 430 1422 με
483 1351 616 1429 πρὸς
646 1349 726 1412 σὲ,
764 1351 973 1408 Τούτων
1021 1349 1249 1414 ἀκούσας
1296 1352 1324 1406 ὁ
1373 1351 1665 1421 νεανίσκος,
1698 1354 1885 1426 πρῶτα

232 1436 340 1513 μὲν
367 1436 524 1514 ἔστη²
582 1444 661 1512 τῷ
715 1437 893 1519 ἐδάφει
952 1439 1136 1504 ἀτενὲς
1167 1439 1387 1517 ἐνορῶν,
1422 1437 1557 1514 μηδὲ
1586 1434 1677 1493 ὑπ’
1710 1435 1882 1496 αἰδοῦς

231 1525 518 1583 ἀνανεῦσαι
575 1524 858 1603 δυνάμενος
894 1544 908 1559 ⁶
970 1528 1094 1585 εἶτα
1153 1527 1330 1584 δίδωσι
1376 1530 1442 1583 τὰ
1501 1525 1643 1583 ὅπλα
1685 1532 1755 1603 τῇ
1784 1532 1877 1604 γῇ,

227 1619 337 1672 καὶ
369 1616 578 1695 οἰκτρόν
634 1639 683 1673 τι
729 1619 816 1673 καὶ
854 1618 1138 1695 περιπαθὲς
1191 1605 1515 1694 ἂνοδύρεται,
1561 1620 1657 1672 καί
1713 1637 1880 1695 προσ-

228 1703 458 1762 ελθόντα
513 1704 824 1782 περιϐάλλει
879 1709 969 1763 τὸν
1012 1708 1259 1786 γέροντα,
1307 1708 1473 1764 ποίων
1517 1706 1614 1781 μὲν
1664 1703 1747 1761 διὰ
1788 1705 1881 1769 τὰς

1970 543 2302 626 Statimque
2333 562 2660 609 conscenso
2690 565 2844 628 equo
2869 556 3026 610 totas
3056 548 3288 611 laxabat
3318 548 3603 624 habenas,

1972 633 2262 696 minorem
2297 653 2429 697 esse
2448 636 2795 698 existimans
2818 638 2951 717 equi
2979 637 3348 700 velocitatem
3385 656 3491 719 pro
3510 656 3616 699 sua

1972 722 2369 787 festinatione:
2389 725 2634 806 jamque
2659 734 2859 788 monte
2879 727 3254 807 apprehenso
3269 728 3612 790 alatronum

1969 813 2261 895 custodia,
2296 813 2444 875 nihil
2475 814 2805 895 deprecans
2851 834 3047 895 neque
3093 816 3347 897 fugiens,
3381 817 3615 898 capitur

1967 907 2054 972 et,
2080 898 2147 962 In
2178 902 2311 975 hoc,
2344 899 2558 982 inquit,
2589 903 2730 964 veni
2757 924 2774 980 ;
2804 904 3003 985 itaque
3034 904 3108 968 ad
3148 904 3480 987 principem
3503 922 3611 969 ve-

1966 996 2154 1050 strum
2180 1008 2274 1052 me
2315 991 2538 1053 ducite.
2576 994 2759 1054 Porro
2786 992 2891 1055 ubi
2922 993 3023 1054 ille
3054 995 3213 1056 hunc
3246 1012 3381 1056 esse
3411 994 3605 1074 ipsum

1965 1079 2255 1141 Joannem
2278 1080 2575 1159 cognovit,
2607 1090 2770 1143 certe
2796 1083 3021 1163 pudore
3051 1083 3312 1145 suffusus
3337 1083 3505 1161 fugit.
3534 1084 3611 1147 At

1969 1165 2066 1228 hic
2124 1166 2410 1230 oblivioni
2454 1169 2664 1231 tradita
2721 1178 3052 1251 senectute,
3085 1190 3154 1234 ac
3184 1172 3446 1236 motione
3476 1192 3610 1254 quae

1969 1255 2254 1318 mundum
2286 1259 2571 1339 consequi
2603 1259 2777 1333 solet,
2814 1261 3454 1341 persequitur.Deinde
3485 1281 3605 1324 ma-

1965 1361 2081 1420 gna
2109 1345 2362 1425 quadam
2404 1348 2692 1429 gravique
2753 1367 2892 1411 voce
2950 1352 3213 1413 clamans
3247 1369 3261 1412 :
3294 1351 3472 1427 Quid,
3506 1351 3605 1414 in-

1966 1439 2115 1510 quit,
2145 1435 2251 1513 tili,
2286 1435 2436 1514 fugis
2469 1456 2561 1499 me
2595 1448 2819 1517 patrem
2859 1445 3023 1502 tuum
3044 1440 3073 1500 ‘?
3106 1458 3296 1503 meam
3326 1459 3606 1504 reverere

1966 1522 2267 1600 canitiem,
2295 1543 2362 1588 ac
2385 1526 2549 1588 floris
2580 1528 2900 1590 vetatistuae
2924 1529 3131 1592 misere
3146 1548 3237 1605 re,
3273 1531 3466 1595 adhuc
3497 1530 3606 1593 tibi

1964 1631 2102 1691 spes
2125 1615 2257 1675 vita:
2278 1615 2773 1696 relinquitur,ege
2800 1636 2906 1697 pro
2940 1626 2995 1681 te
3011 1620 3303 1683 rationem
3330 1619 3599 1682 reddam.

1965 1700 2231 1764 Consiste
2261 1702 2321 1765 in
2349 1706 2502 1775 loco.
2539 1706 2622 1767 ﬁli
2658 1729 2671 1765 :
2713 1708 2987 1770 Christus
3020 1727 3113 1770 me
3169 1708 3330 1771 misit
3387 1710 3459 1770 ad
3521 1717 3599 1771 te.

225 1795 475 1872 οἰμωγὰς
534 1799 592 1854 οὔ
651 1797 987 1875 στεναγμῶν,
1050 1799 1216 1854 ποίων
1288 1794 1344 1851 δὲ
1428 1795 1512 1854 διὰ
1569 1795 1634 1850 τὰ
1686 1792 1876 1871 δάκρυα

1964 1791 2100 1853 Haec
2131 1810 2268 1854 cum
2317 1795 2585 1857 audisset
2636 1796 3009 1872 adolescens,
3074 1799 3326 1879 primum
3361 1798 3602 1878 quidem

222 1883 442 1963 θρήνων
486 1888 582 1944 οὐκ
623 1884 765 1952 ἄξιος
805 1907 821 1959 ;
878 1888 1057 1954 Μόνην
1110 1886 1436 1966 ἀποκρύπτει
1497 1885 1596 1951 τὴν
1655 1882 1824 1948 δεξιάν
1859 1898 1873 1914 ⁶

223 1971 420 2052 ᾐδεῖτο
450 1974 553 2052 γὰρ
595 1977 737 2047 αὐτῷ
769 1974 867 2031 καῖ
922 1975 1121 2043 ταύτην
1167 1978 1423 2045 ἒνθεϊναι,
1486 1973 1553 2042 ἣν
1613 1973 1878 2048 μιάσμασι

223 2063 513 2125 τοσούτοις
569 2067 665 2121 καὶ
707 2064 978 2141 λῃστείαις
1036 2065 1309 2140 ἐμόλννεν.
1349 2056 1405 2122 Ὀ
1437 2062 1510 2137 δὲ,
1549 2063 1646 2120 οἶα
1676 2064 1875 2137 πατὴρ,

228 2152 583 2235 φιλοστοργίᾳ
610 2155 676 2213 τὰ
727 2154 1018 2235 σπλάγχνα
1066 2154 1420 2232 βαλλόμενος,
1472 2153 1723 2231 ἐγγυᾶται
1782 2152 1880 2219 τὴν

230 2242 453 2322 ἄφεσιν.
511 2232 695 2301 Ἵλεων
757 2232 1102 2324 ὑπισχνεῖται
1169 2247 1260 2301 τὸν
1303 2242 1580 2312 δικαστήν.
1632 2243 1729 2299 Καὶ
1784 2241 1882 2309 τῆς

230 2329 411 2397 δεξιᾶς
463 2330 783 2411 λαϐόμενος,
840 2334 1147 2414 καταφιλεϊ,
1198 2337 1285 2392 καὶ
1348 2335 1476 2407 πρὸς
1533 2331 1633 2399 τὴδ
1676 2328 1880 2398 ἐκκλη-

233 2421 363 2478 σίαν
404 2421 655 2500 ἐπανάγει
713 2425 805 2479 τὸν
864 2426 1151 2485 νεανίσκον,
1214 2423 1346 2481 Εἶτα
1399 2420 1618 2497 δαψιλεῖ
1660 2421 1757 2497 μὲν
1814 2426 1883 2497 τῇ

227 2516 513 2591 «pessuli;
568 2512 874 2593 χρώμενος,
931 2511 1139 2591 διαρκεῖ
1192 2511 1247 2568 δὲ
1309 2517 1377 2588 τῇ
1435 2512 1653 2583 νηστείᾳ
1708 2531 1880 2588 προσ-

226 2607 520 2678 καρτερῶν,
552 2604 639 2657 καὶ
686 2608 782 2657 τοῦ
839 2603 1110 2659 νεανίσκου
1168 2602 1352 2681 ψυχὴν
1387 2599 1646 2664 ποικίλοις
1703 2599 1879 2677 λογων

221 2687 557 2765 ἐπᾴσμασιν,
603 2691 698 2747 οἶά
755 2712 866 2747 τισι
925 2691 1245 2771 φαρμάκοις,
1319 2688 1774 2767 καταμαλάττων,
1817 2688 1877 2744 οὔ

220 2780 482 2857 πρότερον
514 2777 856 2860 ἀπεδήμησε,
890 2782 1010 2854 πρὶν
1041 2780 1128 2837 ὅτε
1155 2778 1219 2847 δὴ
1273 2780 1445 2852 τούτῳ
1500 2780 1602 2845 τὴν
1658 2779 1876 2857 πρώτην

216 2869 425 2946 ὑγίειαν
466 2868 775 2948 ἐχαρίσατο,
838 2869 978 2947 μέγα
1040 2891 1088 2925 τι
1148 2875 1225 2943 τῷ
1267 2870 1365 2945 βίῳ
1416 2866 1712 2945 ὑπόδειγμα
1768 2889 1876 2923 κα-

218 2957 467 3014 ταλιπὼν
496 2961 570 3020 εἰς
602 2959 915 3033 μετάνοιαν.

1963 1881 2254 1961 consistit,
2290 1890 2468 1945 terra;
2520 1885 2919 1965 pavimentum
2979 1887 3225 1948 intentis
3268 1886 3458 1948 oculis
3507 1888 3603 1948 in-

1965 1979 2159 2044 tuens,
2194 1989 2313 2050 prae
2345 1972 2570 2051 pudore
2596 1975 2803 2035 oculos
2834 1994 2950 2036 non
2985 1985 3195 2056 potens
3224 1994 3459 2038 sursum
3493 1976 3606 2038 eri-

1962 2076 2147 2136 gere;
2175 2059 2393 2121 deinde
2428 2063 2787 2141 projectisin
2822 2078 3043 2126 terram
3067 2064 3605 2144 armis,miserabili

1965 2148 2221 2223 quodam
2259 2150 2460 2214 modo.
2520 2170 2654 2212 cum
2716 2171 2928 2233 magno
2982 2154 3191 2217 dolore
3222 2155 3503 2234 ejulatur,
3538 2172 3607 2217 ac

1964 2237 2306 2299 venientem
2352 2240 2722 2320 amplexatur
2775 2260 3007 2317 senem,
3049 2252 3291 2323 propter
3347 2245 3607 2322 gemitus

1965 2324 2230 2406 quidem,
2264 2327 2530 2390 efﬁciens
2561 2347 2634 2390 ne
2667 2330 2908 2392 fletibus
2941 2331 3156 2411 dignus
3216 2340 3398 2403 esset,
3460 2351 3603 2411 pro-

1967 2424 2097 2495 pter
2151 2416 2437 2497 lacrymas
2467 2435 2628 2491 vero,
2665 2438 2740 2480 ne
2789 2420 2879 2481 vel
2913 2420 3235 2482 lamentis:
3272 2420 3461 2482 solam
3493 2440 3600 2482 oc-

1963 2506 2143 2567 cultat
2179 2506 2529 2579 dexteram;
2591 2509 2899 2570 verebatur
2955 2509 3114 2570 enim
3174 2518 3233 2570 et
3279 2509 3432 2570 hanc
3489 2510 3602 2589 ipsi

1966 2594 2292 2675 porrigere,
2325 2614 2499 2675 quam
2536 2604 2617 2657 tot
2644 2598 2976 2660 sceleribus
3005 2616 3073 2659 ac
3106 2597 3434 2660 latrociniis
3486 2598 3596 2660 foe-

1961 2686 2219 2746 daverat.
2260 2687 2440 2746 Porro
2473 2685 2789 2759 ille,veluti
2820 2696 3009 2767 pater,
3038 2687 3368 2749 vehementi
3399 2705 3601 2749 amore

1963 2774 2291 2834 visceribus
2322 2775 2642 2849 sauciatus,
2682 2777 2938 2855 spondet
2966 2776 3220 2855 veniam,
3254 2776 3605 2838 misericor-

1961 2862 2095 2923 dem
2131 2862 2448 2942 pollicetur
2472 2864 2769 2945 judicem,
2818 2874 2876 2927 et
2923 2866 3300 2946 apprehensa
3349 2864 3599 2927 dextera

1959 2952 2366 3025 deosculatur,
2402 2962 2461 3014 et
2507 2955 2579 3015 ad
2637 2955 2950 3017 ecclesiam
2984 2955 3215 3019 reducit
3244 2954 3601 3017 adolescen-

224 3053 372 3110 tem.
407 3045 638 3108 Deinde
666 3046 991 3110 abundanti
1037 3055 1213 3109 utens
1244 3046 1511 3108 oratione
1546 3052 1909 3126 perseverat,
1941 3041 2193 3124 jejuniis
2242 3043 2519 3105 annitens
2548 3064 2562 3106 :
2597 3055 2657 3105 et
2687 3045 3085 3108 adolescentis
3119 3045 3378 3106 unimam
3425 3043 3605 3106 variis

224 3153 575 3197 sermonum
632 3137 948 3198 cantilenis
979 3137 1138 3199 velut
1182 3138 1494 3215 unguentis
1523 3134 1876 3215 quibusdam
1936 3131 2232 3194 deliniens
2297 3150 2413 3193 non
2472 3133 2638 3212 prius
2668 3134 2958 3196 abscessit
3005 3153 3180 3215 quam
3211 3135 3370 3197 hunc
3418 3131 3604 3213 priori

228 3224 488 3286 sanitate
518 3225 787 3305 donaret,
831 3244 1109 3306 magnum
1141 3226 1435 3307 quoddam
1468 3227 1596 3287 vita;
1624 3225 1967 3305 relinquens
1988 3223 2325 3300 exemplum
2357 3222 2427 3283 ad
2456 3228 2885 3301 paenitentiam.

315 3314 396 3387 ς’
409 3358 423 3371 .
457 3316 552 3371 Καὶ
577 3322 729 3372 τοῦτο
760 3317 859 3392 μὲν
888 3324 1120 3391 τοιοῦτο,
1154 3315 1243 3373 καί
1294 3315 1430 3372 οὕτω
1460 3326 1551 3375 τοῦ
1581 3315 1659 3391 μὴ
1692 3319 1873 3371 λαθεῖν
1893 3321 1933 3371 C

240 3400 412 3466 ἄξιον.
446 3400 653 3460 Ἐκεῖνο
710 3404 788 3485 δέ,
829 3407 915 3462 καὶ
959 3405 1073 3462 λίαν
1119 3413 1305 3480 μεῖζον
1357 3404 1542 3478 πολλῷ
1573 3406 1657 3461 καὶ
1700 3426 1874 3481 παρα-

239 3488 534 3572 δοξότερον,
598 3496 682 3549 καὶ
768 3496 982 3553 αὐτόθεν
1066 3496 1164 3563 τῆς
1243 3493 1613 3572 φιλανθρώπου
1693 3493 1875 3572 ψυχῆς

228 3578 441 3648 ἐκείνης
496 3584 595 3649 τὴν
630 3584 957 3659 συμπάθειαν
1006 3587 1094 3641 καὶ
1154 3586 1251 3652 τὴν
1316 3586 1475 3664 ἰσχὺν
1537 3582 1873 3657 ἒνδεικνυμέ-

224 3693 335 3731 νον.
375 3670 602 3749 Λέγεται
646 3675 745 3752 γάρ
773 3696 893 3729 τινα
923 3673 1041 3730 κατ’
1072 3673 1248 3731 ἐκεῖνο
1278 3680 1459 3750 καιροῦ
1509 3679 1614 3729 τῶν
1643 3678 1869 3746 πιστῶν,

220 3759 528 3836 ἀρκούντως
560 3762 812 3840 πρότερον
860 3772 954 3822 τοῦ
1001 3764 1138 3843 βίου,
1202 3764 1285 3819 οιαὶ
1333 3765 1428 3819 οὒκ
1461 3760 1648 3824 ἐνδεῶς
1708 3759 1872 3839 ἕχον-

218 3871 308 3926 τα,
389 3851 465 3915 εἷς
525 3849 755 3930 ἔσχατον
814 3853 948 3926 μετὰ
1030 3858 1193 3909 ταῦτα
1275 3851 1456 3915 πενίας
1515 3849 1869 3922 καταπεσεῖν,

219 3940 292 4002 ὡς
357 3939 453 3994 καὶ
509 3937 700 4005 πλήθει
756 3945 1250 4020 περιεστοιχεῖσθαι
1297 3946 1498 4020 χρεῶν,
1539 3941 1625 3995 καὶ
1659 3940 1871 4015 μυρίους

218 4026 503 4091 δανειστὰς
562 4026 976 4109 ὑποϐλέπεσθαι,
1031 4033 1119 4087 καὶ
1161 4030 1339 4107 ὥσπερ
1371 4052 1421 4085 τι
1451 4030 1664 4107 θήραμα
1713 4029 1869 4105 ῥινη-

219 4120 508 4173 Ᾱατετσθαι
560 4118 721 4174 πάλιν
769 4118 857 4175 ὑπ’
919 4118 1130 4175 ἐκείνων
1192 4122 1279 4176 καὶ
1330 4119 1724 4199 ἀνιχνεύεσθαι,
1783 4119 1871 4174 καὶ

218 4208 400 4263 αὖτῶν
462 4205 516 4260 ἐν
578 4208 768 4282 ἀπορίᾳ
823 4209 1080 4287 περιιέναι
1136 4213 1239 4263 τῶν
1310 4209 1636 4285 ἀναγκαίων,
1706 4205 1874 4264 Ἀλλὰ

220 4297 321 4374 γᾶρ
388 4295 529 4367 μετᾶ
576 4301 667 4363 τῆς
698 4299 979 4376 αἰσχύνης,
1012 4297 1078 4366 ἣν
1109 4297 1193 4353 ἐπὶ
1225 4311 1345 4361 ταῖς
1378 4301 1482 4352 τῶν
1512 4295 1728 4352 δανείων
1757 4298 1871 4353 εἰσ-

221 4382 481 4462 πράξεσιν
511 4383 702 4449 ἀθλίως
743 4385 1015 4465 ὒορίστατο,
1073 4386 1150 4442 ἔτι
1209 4388 1295 4442 καὶ
1325 4389 1424 4453 τὴν
1452 4389 1514 4442 ὲκ
1544 4392 1643 4453 τῆς
1672 4385 1868 4450 ἐνδείας

221 4475 474 4553 ἀνάγκην
544 4476 603 4531 οὐ
675 4475 847 4555 φέρων
930 4480 958 4532 ὂ
1010 4474 1307 4554 ἅνθρωπος,
1350 4479 1437 4532 ἒπὶ
1506 4492 1595 4532 τον
1650 4477 1870 4532 θάνατον

218 4562 363 4641 ἔγνω
419 4578 770 4643 καταφυγεῖν.
841 4566 937 4622 Καὶ
1010 4573 1196 4622 τοῦτον
1259 4567 1431 4639 ἐχιδτῷ
1473 4566 1645 4645 ταχὺν
1696 4564 1870 4621 ἐλθεῖν

2041 3310 2214 3372 \’I.Et
2239 3312 2349 3372 hoc
2373 3312 2614 3391 quidem
2641 3314 2761 3374 tale
2776 3322 2886 3394 est,
2913 3322 2970 3374 rt
2990 3313 3140 3377 adeo
3166 3314 3406 3391 dignum
3440 3310 3599 3391 quod

1962 3419 2079 3461 non
2109 3401 2466 3463 occultetur.
2493 3401 2678 3464 Porro
2713 3403 2855 3465 illud
2906 3405 3078 3482 longe
3106 3405 3296 3481 majus
3325 3412 3438 3477 est,
3464 3401 3600 3462 lon-

1961 3508 2151 3571 geque
2183 3491 2367 3569 magis
2412 3491 2854 3568 admirandum,
2890 3502 2949 3554 et
2978 3511 3050 3555 ex
3088 3494 3299 3554 eadem
3333 3490 3598 3568 benigna

1960 3583 2055 3638 illa
2076 3584 2265 3639 anima
2296 3583 2751 3653 compassionem
2786 3586 2952 3643 simul
2985 3596 3039 3642 et
3072 3588 3377 3654 potentiam
3409 3595 3599 3643 osten-

1957 3667 2128 3729 dens.
2190 3668 2421 3729 Dicitur
2476 3668 2636 3730 enim
2699 3670 2941 3747 quidam
2975 3671 3166 3731 fidelis
3196 3689 3268 3731 eo
3299 3680 3594 3749 tempore,

1957 3756 2056 3836 qui
2093 3759 2257 3835 prius
2288 3757 2414 3817 vitai
2466 3759 2806 3820 necessaria
2862 3759 3236 3821 sufficienter
3284 3758 3595 3839 habuerat,

1956 3862 2068 3906 nec
2099 3845 2298 3924 aliqua
2320 3864 2559 3924 pressus
2587 3848 2776 3909 fuerat
2807 3846 3239 3925 indigentia,ad
3272 3859 3593 3910 extremam

1956 3933 2216 4014 inepiam
2272 3935 2644 4012 postmodum
2706 3937 3017 4017 recidisse,
3070 3947 3135 3999 ut
3167 3938 3595 4000 etdcbilorum

1958 4023 2338 4084 multitudine
2359 4024 2930 4107 circumvallaretur,
2957 4035 3015 4088 et
3044 4029 3377 4089 innumeris
3399 4028 3561 4089 fusae
3580 4061 3595 4073 ι

1955 4111 2253 4173 ratoribus
2285 4122 2600 4194 suspectus
2630 4126 2808 4190 esset,
2836 4136 2905 4178 ac
2970 4118 3124 4179 velut
3172 4119 3296 4181 fera
3324 4116 3594 4199 quaedam

1956 4218 1987 4260 a
2020 4209 2186 4279 tergo
2211 4202 2501 4281 sagaciter
2528 4201 2984 4282 investigaretur
3026 4206 3098 4267 ab
3129 4205 3246 4267 illis
3277 4215 3331 4268 et
3394 4205 3594 4286 inqui-

1955 4301 2211 4366 reretur,
2245 4310 2314 4352 ac
2343 4291 2401 4351 in
2436 4291 2694 4370 ipsarum
2728 4311 2929 4357 rerum
2958 4296 3429 4357 necessariarum
3464 4294 3597 4355 iuo-

1955 4379 2050 4457 pia
2081 4388 2413 4458 vagaretur.
2468 4383 2539 4442 At
2591 4383 2751 4444 enim
2813 4402 2947 4445 cum
3008 4383 3235 4464 pudore
3288 4402 3465 4463 quem
3518 4383 3592 4445 ob

1952 4466 2379 4531 faeneratorum
2411 4473 2756 4534 exactiones
2788 4473 3007 4535 misere
3061 4473 3414 4547 sustinebat,
3471 4475 3592 4553 jam

1953 4557 2129 4619 etiam
2157 4560 2576 4622 necessitatem
2607 4561 3019 4641 exindigentia
3038 4582 3153 4624 non
3171 4563 3373 4625 ferens
3393 4565 3594 4636 homo,

215 4650 497 4732 ἐπειρᾶτο,
545 4653 597 4708 εἴ
653 4676 765 4720 πως
825 4654 922 4710 κᾶν
967 4656 1063 4723 τὴν
1125 4656 1301 4711 πενίαν
1347 4654 1574 4711 ἐντεῦθεν
1625 4657 1710 4711 καὶ
1769 4655 1867 4721 τὴν

1962 4646 2023 4707 ad
2058 4655 2309 4708 mortem
2344 4650 2605 4713 decrevit
2636 4651 2979 4730 confugere,
3038 4652 3220 4731 idque
3269 4652 3596 4715 conabatur

213 4746 317 4796 τῶν
382 4742 566 4818 χρεῶν
622 4742 825 4810 πληθὺν
880 4743 1194 4803 διαλόσειεν.
1248 4743 1395 4801 Ἐπεὶ
1437 4743 1489 4799 δέ
1520 4744 1669 4808 οὗτος
1708 4746 1867 4800 αὐτό-

215 4850 393 4896 ματος
449 4832 510 4886 οὗ
563 4837 763 4909 παρῆν,
850 4833 1104 4905 ἐπίτομόν
1176 4856 1293 4889 τινα
1372 4832 1490 4889 ὁδὸν
1551 4833 1634 4889 ἐπὶ
1690 4840 1871 4889 τοῦτον

215 4917 421 4996 ἐξεῦρε,
485 4920 571 4975 καὶ
602 4923 659 4976 ὃν
704 4921 936 4996 μάλιστα
995 4921 1111 4999 ᾔδει
1159 4920 1462 4979 δεινότατον
1504 4924 1598 4987 τὰς
1656 4942 1869 5001 φαρμα-

211 5008 361 5073 κείας
406 5016 698 5073 τηνικαῦτα
728 5013 815 5067 καὶ
864 5012 1060 5087 γόητα,
1107 5013 1207 5079 τὴν
1255 5010 1533 5088 θρησκείαν
1597 5002 1865 5087 Ἐϐραϊον,

213 5099 360 5176 παρὰ
420 5105 607 5155 τοῦτον
670 5099 856 5175 ἐλθὼν,
908 5100 1264 5157 ἆνακαλύπτει
1333 5122 1391 5155 τε
1449 5103 1590 5173 αὖτῴ
1636 5100 1701 5155 τὰ
1771 5104 1867 5164 τῆς

214 5187 477 5263 γνώμης,
536 5190 623 5245 καὶ
680 5187 876 5264 δεῖται,
935 5192 1006 5253 ὡς
1039 5190 1276 5262 δυνατὸν,
1326 5188 1670 5246 συλλαϐέσθαι
1726 5188 1868 5259 αὖτῷ

214 5280 312 5341 τῆς
370 5274 689 5349 ἐπιϐουλῆς,
737 5281 824 5334 καὶ
883 5282 1134 5336 κοινωνὸν
1184 5278 1424 5355 γενέσθαι
1476 5287 1565 5335 τοῦ
1615 5277 1866 5357 σφετέρου

216 5366 470 5424 θκνάτου.
506 5369 609 5425 Καὶ
637 5368 694 5430 ὃς
726 5368 994 5446 ὅπηρὲτης
1054 5370 1200 5432 εὒθὺς
1236 5368 1526 5444 εὕρίσκεται
1572 5369 1862 5445 πρόθυμος,

219 5454 304 5508 καὶ
351 5455 639 5534 φάρμακον
683 5459 826 5531 αὖτῷ
875 5455 1075 5531 δίδωσι,
1123 5459 1208 5513 καὶ
1255 5458 1350 5524 τὴν
1394 5464 1485 5514 τοῦ
1539 5457 1652 5533 βίον)
1693 5478 1865 5513 κατα-

222 5544 459 5624 στροφὴν
491 5545 826 5612 ὑποτίθησιν,
876 5545 936 5604 ’0
979 5545 1056 5625 δὲ,
1118 5543 1316 5621 λαϐὼν,
1376 5544 1555 5607 ἄθλιος
1614 5542 1866 5610 ἐπανήκει

223 5633 348 5713 πρὸς
412 5634 517 5702 τὴν
550 5635 737 5698 οἰκίαν,
803 5634 1040 5702 Πολλατς
1097 5634 1152 5692 δὲ
1197 5634 1435 5693 παλαίων
1491 5634 1734 5708 ἐννοίαις,
1780 5635 1867 5690 καὶ

1957 4746 2019 4795 ut
2045 4737 2168 4797 haec
2199 4740 2552 4817 quantocius
2594 4740 2665 4801 ad
2693 4760 2758 4802 se
2790 4745 3096 4813 veniret,si
3129 4744 3285 4804 forte
3344 4743 3482 4804 hinc
3539 4750 3597 4803 et

1956 4835 2274 4901 egestatem
2301 4835 2359 4888 et
2382 4827 2718 4890 debitorum
2747 4830 3188 4892 multitudinem
3214 4832 3592 4893 dissolveret.

1961 4917 2176 4974 Verum
2209 4918 2486 4995 quoniam
2518 4919 2646 4979 haec
2677 4917 2831 4979 ultro
2892 4938 3007 4980 non
3067 4920 3363 4991 veniebat,
3425 4939 3592 4983 com-

1957 5003 2301 5082 pendiesam
2337 5006 2480 5066 viam
2514 5007 2587 5066 ad
2646 5008 2797 5068 hanc
2848 5008 3074 5068 invenit
3109 5030 3121 5067 :
3158 5018 3217 5069 et
3246 5027 3420 5089 quem
3456 5016 3594 5070 tunc

1955 5093 2381 5169 peritissimum
2416 5113 2546 5155 esse
2579 5094 2804 5156 sciebat
2833 5097 3222 5158 conficiendis
3253 5098 3497 5158 venenis
3527 5116 3595 5157 ac

1957 5181 2467 5260 praastigiaturem,
2526 5185 2687 5246 cultu
2737 5184 3077 5259 Hebraeum,
3132 5186 3289 5247 hunc
3319 5185 3591 5266 acceSsit,

1955 5270 2130 5350 eique
2163 5272 2383 5333 revelat
2410 5275 2548 5353 quid
2586 5275 2642 5333 in
2670 5274 2868 5334 animo
2904 5273 3249 5354 haberet,ac
3280 5283 3408 5336 orat
3430 5294 3588 5348 eum,

1955 5369 2016 5420 ut
2046 5360 2147 5438 qui
2196 5371 2387 5440 posset
2420 5364 2534 5424 sibi
2584 5363 2801 5425 auxilio
2835 5381 2968 5425 esse
3001 5365 3059 5424 in
3093 5381 3165 5427 eo
3198 5364 3355 5445 quod
3391 5372 3594 5426 mente

1952 5460 2331 5533 conceperat,
2367 5460 2424 5513 et
2453 5471 2576 5515 sum
2601 5452 2812 5515 mortis
2842 5453 2974 5514 ﬁeri
3026 5454 3345 5533 particeps.
3396 5453 3590 5535 Atque

1951 5536 2048 5599 hic
2077 5539 2386 5602 confestim
2441 5536 2750 5623 promptus
2809 5542 3111 5605 invenitur
3163 5542 3486 5618 minister,-
3519 5561 3590 5605 ac

1950 5645 2243 5693 venenum
2278 5630 2365 5694 illi
2393 5622 2889 5719 tradit,vita:que
2937 5632 3389 5698 subversionem
3438 5651 3583 5705 eon-
