4022 6146
478 265 598 336 699

1788 278 2069 344 MENSIS
2114 277 2542 343 DEGEMBER.

3691 286 3792 356 700

478 409 639 502 sulit.
673 411 858 475 Porro
919 411 1103 477 miser
1149 412 1254 476 ille
1299 419 1542 492 accepto
1591 431 1818 476 veneno
1871 413 2107 476 domum

2197 415 2428 494 φροντίσι
2485 412 2698 482 διπλαῖς
2750 417 3118 498 μεριζόμενος,
3167 420 3254 477 καὶ
3295 427 3381 478 νῦν
3429 421 3522 497 μὲν
3549 437 3657 488 τοῖς
3685 425 3792 502 τῇδε

477 501 655 564 redit.
689 502 834 564 Cum
865 505 1046 566 variis
1093 511 1288 565 autem
1338 504 1565 565 luctans
1625 503 2110 583 cogitationibus,

478 591 759 672 curisque
789 593 1127 672 duplicibus
1156 592 1364 655 anxius
1395 601 1492 656 :et
1515 611 1672 654 nunc
1695 593 1937 674 quidem
1964 612 2112 673 prae-

479 680 752 744 sentibus
798 682 1291 745 delectationibus
1337 683 1632 762 hujusque
1664 684 1796 744 vita;
1825 683 2112 762 concupi-

480 770 706 832 scentia
747 770 1016 848 allectus,
1053 791 1208 834 nunc
1258 788 1398 834 vero
1449 773 1804 835 fmnaturum
1840 773 2111 834 multitu-

477 863 952 940 dinem,aliasque
981 884 1048 926 ex
1082 854 1396 940 indigentia
1434 869 1802 937 procedentes
1827 867 2115 925 molestias

475 951 883 1032 considerans,
920 952 1147 1013 medius
1181 951 1370 1013 stabat
1400 951 1555 1013 inter
1604 960 1932 1014 extremam
1966 970 2111 1012 con-

476 1037 596 1100 silii
629 1039 908 1120 inopiam.
969 1039 1276 1122 Siquidem
1336 1060 1469 1102 cum
1531 1041 1607 1102 ad
1671 1041 1912 1103 dulcem
1962 1041 2114 1102 hanc

477 1127 669 1190 lucem
702 1130 1081 1211 respiciebat,
1116 1150 1408 1193 venenum
1459 1131 1817 1212 respuebat;
1873 1130 2112 1207 quando

472 1235 612 1280 vero
642 1219 716 1281 ad
747 1219 1230 1282 circnmstantem
1284 1220 1550 1296 undique
1595 1229 1942 1300 egestatem,
1979 1220 2110 1282 ani-

474 1327 688 1389 moque
740 1308 1099 1372 insidentem
1155 1310 1535 1389 anxietatem,
1571 1328 1778 1371 ausum
1841 1308 2112 1372 sumebat

470 1398 754 1461 adversus
784 1401 1275 1463 mortemVictus
1299 1410 1499 1461 tamen
1533 1409 1621 1461 est
1647 1419 1681 1462 a
1715 1401 2107 1476 necessitate;

473 1497 532 1550 et
561 1498 624 1550 ut
653 1489 793 1553 hinc
819 1490 1174 1553 liberaretur
1203 1509 1237 1552 ε
1287 1490 1594 1569 molestiis,
1629 1490 1806 1568 elegit
1851 1488 1924 1550 ab
1981 1489 2110 1569 ipsa

470 1585 586 1640 vita
615 1579 878 1643 liberari.
914 1580 1182 1661 Denique
1237 1580 1432 1642 infuso
1463 1597 1716 1652 veneno,
1753 1587 2108 1660 sumptoque

2196 517 2472 581 τερπνοῖς,
2551 507 2636 562 καὶ
2716 512 2786 582 τῇ
2868 512 2963 574 τῆς
3037 509 3306 577 παρούσης
3375 510 3510 582 ζωῆς
3578 511 3793 590 ἐπιθυμία

2195 592 2546 670 θελγόμενος,
2606 601 2694 652 νῦν
2771 593 2824 650 δὲ
2909 599 2971 654 τὸ
3041 601 3146 653 τῶν
3199 596 3412 655 δανείων
3481 599 3670 669 πλῆθος
3723 606 3795 661 καὶ

2195 679 2364 738 τᾶλλα
2406 683 2472 738 τὰ
2533 683 2593 739 ἐκ
2651 689 2746 750 τῆς
2775 684 2968 749 ἐνδείας
3001 683 3236 766 δυσχερῆ
3270 689 3638 763 σκοπούμενος,
3668 692 3796 764 ἀμη-

2198 771 2391 849 χανίας
2435 769 2596 846 μέσος
2624 774 2865 852 ἒσχάτης
2922 774 3135 837 ἵστατο.
3170 774 3310 833 ’Ὀτε
3354 778 3450 851 μὲν
3479 778 3573 856 γὰρ
3603 779 3722 852 πρὸς
3749 783 3799 836 τὸ

2197 858 2362 936 γλυκὺ
2415 863 2571 918 τοῦτο
2629 868 2739 937 φῶς
2791 861 3030 936 ἀπεῖδεν,
3097 865 3426 942 ἀπεγίνωσκε
3479 874 3567 922 τοῦ
3607 868 3799 946 φαρμά-

2197 970 2291 1005 κου
2326 964 2338 978 ⁶
2388 948 2475 1006 ὅτε
2531 948 2585 1006 δὲ
2643 954 2771 1029 πρὸς
2829 954 2929 1020 τὴν
2972 955 3330 1031 περιεστῶσαν
3389 957 3631 1014 πάντοθεν
3677 956 3802 1014 ἀπο-

2196 1039 2310 1116 ρίαν
2343 1087 2359 1112 ,
2419 1040 2509 1096 καὶ
2584 1040 2682 1109 την
2751 1042 3121 1118 ἐγκαθημένην
3193 1049 3259 1121 τῇ
3338 1049 3490 1125 ψυχῇ
3545 1069 3798 1124 μεριμναν,

2195 1127 2504 1203 κατετόλμα
2557 1131 2654 1196 τῆς
2714 1130 2991 1198 τελευτῆς.
3044 1132 3243 1208 ’Ὅμως
3304 1137 3505 1204 ἡττήθη
3533 1137 3626 1203 τῆς
3653 1136 3801 1214 ἀνάγ-

2195 1239 2318 1290 κης,
2381 1219 2469 1275 καὶ
2531 1221 2679 1285 ὃπως
2738 1228 2844 1278 τῶν
2901 1221 3133 1280 ἐντεῦθεν
3191 1223 3522 1301 ἀπαλλαγείη
3576 1225 3801 1304 ἀνιαρῶν,

2196 1309 2283 1363 καὶ
2342 1308 2502 1375 αὗτῆς
2559 1308 2937 1388 ἀπαλλαγῆναι
3008 1311 3106 1380 τῆς
3164 1313 3304 1383 ζωῆς
3357 1312 3554 1372 εἵλετο.
3612 1312 3801 1388 Ἀμέλει

2195 1397 2280 1452 καὶ
2339 1399 2399 1453 τὸ
2469 1398 2745 1477 φάρμακον
2811 1400 3032 1480 ἐγχέας,
3100 1405 3187 1458 καὶ
3253 1401 3431 1478 ἄκροις
3486 1404 3580 1471 τὴν
3636 1403 3800 1459 κύλικα

2191 1485 2466 1552 δακτύλοις
2529 1486 2729 1569 λαϐὼν,
2793 1491 3006 1561 ἐπείπερ
3063 1493 3096 1559 ἡ
3141 1493 3296 1571 ψυχὴ
3355 1492 3493 1566 αὖτῷ
3545 1496 3602 1550 οὗ
3649 1513 3798 1568 προσ-

2193 1575 2322 1655 ίετο,
2382 1576 2518 1634 ἀλλά
2586 1580 2673 1634 καὶ
2731 1578 2925 1659 σφόδρα
2981 1581 3108 1659 εἶχε
3153 1580 3430 1659 περιδεῶς,
3477 1583 3559 1638 καἰ
3607 1580 3799 1659 συνεχές

470 1669 751 1732 extremis
779 1670 981 1750 digitis
1010 1679 1264 1740 cratere,
1324 1668 1809 1749 quandoquidem
1870 1668 2106 1729 animus

2192 1663 2333 1720 ἔνδον
2380 1668 2415 1733 ἡ
2487 1667 2669 1746 καρδία
2727 1669 3015 1748 ἐπάτασσε,
3101 1669 3256 1734 τέλος
3300 1673 3398 1738 τὴν
3444 1673 3632 1740 συνήθη
3688 1678 3801 1748 Χρι-

470 1758 540 1819 ad
571 1759 627 1820 id
674 1777 792 1821 non
837 1745 1186 1833 accedebat,
1249 1745 1358 1820 sed
1410 1745 1617 1820 timide
1670 1757 1990 1818 admodum
2045 1777 2107 1819 se

2195 1769 2432 1820 στιανοῒς
2489 1764 2584 1812 τοῦ
2646 1767 2868 1834 σταυροῦ
2922 1758 3184 1839 σφραγῖδα
3244 1767 3320 1833 τῷ
3361 1760 3615 1840 φαρμάκῳ
3642 1757 3798 1815 διατυ-

471 1847 748 1931 habebat,
772 1850 1052 1930 intusque
1110 1850 1221 1912 sibi
1253 1868 1356 1910 cor
1414 1849 1695 1910 continue
1747 1846 2106 1926 palpitabat:

470 1937 712 2002 tandem
738 1940 938 2002 crucis
970 1939 1273 2018 signaculo
1306 1937 1658 2001 Christianis
1686 1946 1974 2000 consueto
2007 1956 2109 1997 ve-

474 2044 693 2089 nenum
727 2030 1057 2109 consignat,
1119 2027 1445 2108 statimque
1497 2026 1600 2088 ubi
1655 2027 1874 2088 clausis
1924 2027 2114 2088 oculis

473 2113 744 2192 bibisset,
806 2123 859 2189 (ο
919 2137 1192 2196 magnam
1236 2137 1303 2180 ac
1359 2115 1794 2192 admirandam,
1851 2116 2108 2189 Christe,

473 2212 630 2266 tuam
665 2207 1061 2288 potentiam!)
1120 2208 1338 2269 illaesus
1391 2205 1737 2287 permansit,
1792 2223 1971 2267 cruce
2018 2224 2114 2267 ve-

470 2313 626 2358 neno
651 2315 819 2360 suam
854 2298 1098 2376 tollente
1145 2297 1282 2358 vim.
1336 2295 1480 2358 Cum
1524 2305 1731 2356 autem
1769 2294 1948 2356 simili
1979 2313 2112 2356 rur--

468 2403 598 2446 sum
630 2388 984 2449 necessitate
1019 2387 1481 2467 opprimeretur,
1517 2395 1574 2446 et
1633 2383 1707 2446 ab
1740 2384 1884 2466 ipsis
1913 2383 2112 2446 credi-

469 2475 697 2538 toribus
725 2476 1122 2553 obsideretur,
1182 2477 1562 2554 animamque
1612 2473 1862 2535 haberet
1923 2473 2104 2552 priori

469 2583 814 2646 oppressam
837 2567 1058 2646 inopia,
1096 2575 1155 2626 et
1197 2584 1326 2646 quae
1351 2563 1712 2625 omnimodo
1735 2572 2029 2642 quaereret
2075 2582 2108 2624 e

468 2656 866 2734 prmsentibus
887 2651 1800 2725 liberationem,lahefactabatur
1822 2661 2016 2712 tamen
2033 2652 2104 2712 ad

466 2743 823 2806 sumendum
858 2745 1118 2806 alterum
1153 2760 1476 2822 venenum,
1502 2753 1560 2802 et
1609 2741 1680 2801 ad
1715 2749 1968 2802 mortem
2003 2761 2104 2803 ac-

465 2831 683 2895 cedere
712 2832 1044 2896 recusabat.
1081 2832 1308 2895 Verum
1339 2849 1473 2893 cum
1505 2851 1538 2893 e
1570 2830 1968 2911 praesentibus
1990 2851 2109 2893 non

465 2921 828 2984 liberaretur
879 2921 1365 2997 difﬁcultatibus,
1421 2921 1662 2998 gravius
1705 2938 1838 2982 esse
1891 2922 2108 2982 malum

461 3011 739 3090 judicans
759 3012 968 3074 iterata
980 3012 1157 3074 etiam
1184 3010 1638 3086 morte,accedit
1659 3009 1730 3071 ad
1755 3011 2080 3071 veneﬁcum

465 3118 821 3182 rursumque
869 3101 942 3163 ab
995 3101 1096 3162 illo
1159 3102 1347 3180 poscit
1405 3099 1568 3161 aliud
1603 3101 2014 3180 pharmacum,
2050 3103 2114 3160 ut

468 3190 686 3252 malum
713 3191 867 3252 male
892 3190 1396 3264 mederetur,cum
1425 3189 1482 3250 id
1510 3189 1668 3264 quod
1695 3189 1858 3269 prius
1873 3207 2114 3267 accepe-

462 3290 583 3360 rat,
611 3279 758 3341 nihil
787 3279 860 3342 ad
892 3280 948 3340 id
985 3279 1140 3360 quod
1174 3295 1422 3340 necesse
1462 3286 1588 3339 erat
1615 3277 1845 3338 tulisset
1878 3277 2106 3350 auxilii,

465 3377 669 3450 utpote
691 3389 797 3431 sua
829 3377 1042 3432 natura
1067 3369 1210 3430 illud
1242 3368 1554 3428 vincente:
1587 3385 1720 3428 nam
1754 3366 1811 3427 id
1846 3367 2107 3446 impedi-

467 3467 665 3521 mento
688 3459 868 3522 fuisse
891 3458 1104 3521 veneni
1127 3457 1406 3520 efﬁcaciae
1426 3456 1676 3519 demens
1697 3455 1957 3528 dicebat,
1990 3475 2108 3516 non

465 3548 805 3628 intelligens
835 3565 1075 3610 crucem
1099 3546 1284 3608 fuisse
1307 3564 1437 3626 quae
1483 3546 1581 3606 hic
1620 3553 1869 3607 mortem
1899 3543 2106 3606 abstu-

462 3637 651 3713 lisset,
685 3657 816 3714 quae
847 3637 1028 3698 etiam
1063 3645 1236 3698 antea
1286 3643 1628 3716 serpentem
1678 3635 1849 3712 longe
1881 3633 1993 3694 hoc
2017 3653 2109 3696 ve,

465 3749 622 3791 neno
654 3728 1054 3810 potentiorem
1089 3725 1430 3789 sustulerat.
1483 3727 1689 3806 Itaque
1723 3725 2113 3806 praestigiator

461 3819 561 3880 ille
608 3839 676 3881 ac
733 3819 1056 3888 veneﬁcus,
1113 3825 1172 3877 et
1219 3817 1348 3896 ipse
1406 3815 1708 3896 pharmaci
1743 3815 2108 3877 debilitatem

463 3910 777 3980 damnans,
811 3906 971 3968 aliud
1031 3906 1139 3986 ipsi
1190 3906 1443 3986 porrigit
1490 3905 1648 3985 quod
1687 3905 1886 3984 priore
1921 3905 2109 3966 multo

465 3997 764 4059 efﬁcacius
797 4005 940 4058 erat.
973 3997 1240 4076 Cumque
1289 4013 1525 4056 rursum
1551 3994 1792 4054 domum
1826 3999 2108 4074 venisset,

463 4105 530 4147 ac
553 4085 698 4148 illud
731 4085 1029 4148 bibiturus
1056 4092 1236 4160 esset,
1271 4102 1406 4144 cum
1433 4083 1615 4164 priori
1647 4082 1861 4143 timore
1892 4092 1950 4144 et
1971 4102 2112 4162 ago-

463 4174 1047 4257 nia,duplicibusque
1079 4174 1197 4234 illis
1229 4172 1631 4234 anxietatibus
1665 4170 2019 4251 luctabatur,
2055 4181 2111 4234 et

461 4265 679 4327 sudore
696 4265 955 4345 undique
975 4263 1426 4326 circumfluebat
1465 4278 1534 4322 ac
1566 4260 2114 4324 tremebat.Deinde

461 4354 561 4416 ubi
579 4373 815 4417 rursum
841 4361 1128 4418 consueto
1155 4352 1349 4413 crucis
1373 4350 1678 4428 signaculo
1703 4350 1952 4411 calicem
1975 4369 2112 4412 con-

2093 3059 2171 3115 ΞΟ

2197 1846 2404 1919 πώσας,
2466 1849 2552 1902 καὶ
2609 1849 2914 1922 καταμύσας
2978 1851 3147 1922 εὐθὺς,
3193 1851 3279 1906 καὶ
3309 1852 3467 1924 πιὼν,
3509 1849 3556 1929 (ὁ
3585 1849 3674 1917 τῆς
3714 1869 3801 1923 με·

2197 1934 2368 2008 γάλης
2398 1938 2492 1992 καί
2520 1939 2824 2011 θαυμαστῆς
2869 1961 2983 2013 σου,
3041 1939 3254 2016 Χριστὲ,
3288 1937 3557 2014 δυνάμεως
3613 1937 3649 2002 ll
3679 1939 3799 1993 ἀπα·

2195 2025 2290 2092 θὴς
2347 2024 2521 2100 ἔμενε,
2564 2048 2656 2083 του
2712 2037 2933 2106 σταυροό
2989 2028 3088 2094 τὴν
3133 2035 3226 2085 τοῦ
3298 2029 3573 2106 φαρμάκου
3615 2025 3800 2100 δύναμιν

2195 2111 2496 2179 ἀνελόντος.
2548 2107 2638 2180 Ὧς
2681 2117 2735 2173 δὲ
2785 2123 2854 2193 τῇ
2907 2117 3064 2191 ὁμοίᾳ
3109 2120 3195 2174 καὶ
3238 2119 3380 2183 αὖθις
3410 2117 3610 2194 ἀνάγκη
3652 2115 3799 2175 συνεί-

2196 2225 2347 2281 χετο,
2384 2205 2469 2260 καὶ
2499 2219 2615 2269 ¹ιοῖς
2649 2207 2826 2269 αὐτοῖς
2860 2204 3167 2270 δανεισταῖς
3201 2205 3587 2279 ἐπολιορνεττο,
3615 2207 3693 2260 καὶ
3720 2204 3800 2270 τὴν

2194 2295 2380 2372 ψυχὴν
2411 2293 2557 2351 οὐδὲν
2583 2296 2743 2364 ἦττον
2775 2297 2905 2374 εἶχε
2943 2295 3009 2371 τῇ
3041 2296 3266 2373 προτέρᾳ
3297 2294 3612 2370 πιεζομένην
3639 2292 3798 2367 ἐνδείᾳ,

2194 2385 2279 2438 καὶ
2322 2383 2643 2463 ἀπαλλαγὴν
2701 2385 2798 2458 μὲν
2843 2385 2904 2442 ἐκ
2947 2388 3147 2451 παντὸς
3197 2388 3397 2464 τρόπου
3429 2392 3533 2442 τῶν
3563 2386 3800 2463 παρόντων

2195 2471 2571 2553 ἐπιζητοίἱσαν,
2631 2475 2958 2546 ὀκλάζουσαν
3028 2474 3082 2530 δὲ
3141 2477 3272 2552 πρὸς
3330 2473 3568 2554 δεύτερον
3615 2474 3796 2554 φάρμα-

2193 2583 2286 2616 κον
2332 2561 2425 2617 καί
2495 2567 2623 2640 πρὸς
2679 2566 2772 2620 τὸν
2801 2566 3024 2622 θάνατον
3053 2564 3439 2639 ἁναδυομένην,
3479 2563 3610 2620 ἀλλὰ
3646 2565 3698 2618 τὸ
3734 2561 3795 2635 μὴ

2192 2655 2298 2705 τῶν
2354 2651 2406 2706 ὲν
2482 2652 2638 2731 χερσὶ
2706 2651 2979 2732 δυσχερῶν
3051 2653 3472 2729 ἕλε’δθερωοῆναι
3556 2652 3797 2730 βαρύτερον

2193 2743 2333 2796 εἶναι
2377 2744 2538 2798 κακὸν
2581 2743 2668 2798 καὶ
2726 2742 2882 2802 αὐτοῦ
2927 2742 3092 2799 πάλιν
3134 2747 3365 2799 θανατου
3415 2743 3608 2819 κρίνας,
3659 2739 3797 2818 πρόσ-

2194 2850 2296 2886 εισι
2354 2838 2430 2904 τῷ
2501 2832 2682 2909 γόητι,
2749 2833 2849 2891 Καὶ
2907 2833 3052 2897 αὖθις
3113 2831 3296 2907 ἐκείνῳ
3340 2834 3430 2889 καὶ
3487 2830 3614 2888 ἄλλο
3666 2829 3795 2887 πάλιν

2195 2921 2334 2977 αἰτεῖ
2377 2920 2675 3000 φάρμακον,
2737 2925 2887 2994 κακῷ
2943 2923 3004 2978 τὸ
3056 2921 3218 2978 κακὸν
3281 2921 3534 2997 ἰώμενος,
3594 2919 3680 2976 οἶα
3728 2925 3798 2974 τοῦ

2194 3007 2551 3086 προλαϐόντος
2611 3009 2754 3068 οὒδὲν
2817 3012 2947 3089 πρὸς
3006 3011 3105 3078 τὴν
3150 3011 3338 3089 χρείαν
3386 3011 3688 3086 ὀνήσαντας,
3723 3006 3796 3060 άτι

2193 3105 2291 3166 τῆς
2373 3101 2575 3179 φύσεως
2664 3103 2821 3157 αὐτοῦ
2917 3100 3363 3179 περιγενομένης.
3452 3099 3648 3164 Ταύτην
3721 3094 3798 3173 γὰρ

2195 3187 2437 3264 ἐμποδὼν
2507 3190 2746 3266 γενέσθαι
2840 3196 2908 3266 τῇ
2979 3197 3070 3247 τοῦ
3165 3189 3450 3270 φαρμάκου
3509 3187 3722 3265 ἐνεργείᾳ
3776 3183 3798 3237 ὃ

2195 3278 2416 3352 μάταιος
2460 3277 2632 3355 ἔλεγε,
2689 3281 2766 3354 μὴ
2817 3281 3030 3356 συνιεὶς,
3093 3279 3173 3334 ὅτι
3210 3281 3434 3356 σταυρὸς
3467 3279 3533 3346 ἦν
3576 3275 3800 3332 κάνταῦθα

2194 3369 2281 3423 τὸν
2325 3367 2548 3427 θάνατον
2578 3368 2832 3448 ἀναιρῶν,
2869 3371 2895 3424 ὁ
2946 3370 3032 3426 καὶ
3065 3370 3153 3424 τὸν
3213 3366 3400 3443 πολλῷ
3442 3369 3620 3427 τούτου
3671 3362 3801 3418 δυνα-

2193 3457 2418 3534 τώτερον
2493 3457 2612 3537 ὅφιν
2688 3459 2924 3515 καθελὼν
2989 3457 3266 3535 πρότερον,
3342 3456 3404 3516 Ὀ
3478 3457 3607 3534 γόης
3661 3451 3803 3510 τοίνυν

2193 3544 2399 3610 ἐκεῖνος
2444 3547 2530 3602 καὶ
2585 3549 2861 3625 φαρμακὸς
2920 3545 3213 3625 ἅνθρωπος,
3277 3556 3374 3606 τοῦ
3417 3545 3687 3625 φαρμάκου
3733 3538 3804 3596 καὶ

2194 3637 2347 3698 αὐτὸς
2393 3635 2662 3692 ἀσθένειαν
2718 3636 3012 3713 καταγνοὺς
3048 3683 3064 3714 ,
3127 3635 3366 3713 δεύτερον
3427 3635 3595 3714 ὀρέγει
3635 3629 3802 3703 τούτῳ,

2195 3733 2288 3782 τοῦ
2349 3727 2606 3804 προτέρου
2650 3724 2835 3799 πολλῷ
2874 3723 3312 3802 δραστικωτερον.
3367 3718 3458 3788 Ὠς
3506 3723 3558 3780 δὲ
3609 3721 3688 3778 καὶ
3715 3718 3806 3774 πά-

2195 3813 2276 3870 λιν
2334 3814 2478 3870 οἴκοι
2536 3815 2842 3891 γενόμενος,
2905 3824 2990 3870 καί
3058 3815 3226 3870 πίνειν
3286 3813 3415 3870 αὐτὸ
3473 3810 3692 3888 μέλλων,
3745 3810 3807 3876 τῷ

2195 3904 2432 3982 προτέρῳ
2464 3901 2566 3961 δέει
2600 3907 2687 3960 καὶ
2739 3910 2806 3980 τῇ
2837 3905 3032 3981 ἀγωνίᾳ
3091 3905 3178 3960 καὶ
3233 3916 3356 3966 ταῖς
3417 3901 3628 3964 διπλαῖς
3684 3895 3806 3954 ἐκεί-

2195 4017 2303 4055 ναις
2360 3994 2625 4072 φροντίσιν
2682 3993 2926 4067 ἐπάλαιε,
2986 3995 3076 4049 καὶ
3119 3991 3302 4069 ἰδρῶτι
3351 3988 3683 4070 πανταχόθεν
3724 4005 3809 4041 πε·

2194 4083 2475 4162 ριεῤῥεῖτο,
2524 4086 2612 4139 καὶ
2653 4082 2950 4160 ὑπότρομος
2996 4083 3087 4156 ἦν,
3145 4083 3268 4139 εἶτα
3299 4084 3390 4138 καὶ
3417 4087 3486 4155 τῇ
3529 4088 3617 4138 τοῦ
3664 4097 3806 4132 σταυ-

2193 4173 2285 4249 ροῦ
2369 4171 2617 4251 σφραγῖδι
2702 4174 2936 4242 συνήθως
3016 4172 3400 4250 ἐπισφραγίσας
3459 4170 3557 4236 τὴν
3613 4164 3802 4233 κύλικα,

2192 4265 2280 4320 καὶ
2333 4265 2495 4342 πιὼν,
2559 4272 2723 4321 κακοῦ
2779 4263 2990 4330 ἀπαθὴς
3058 4263 3122 4329 ἦν
3190 4262 3289 4333 ἔτι,
3343 4260 3689 4328 ἐξεπλήττετο
3727 4253 3810 4328 μὲν

2192 4354 2280 4409 καὶ
2337 4355 2516 4421 αὒτὸς,
2577 4351 2872 4426 συμϐαλεῖν
2934 4353 3030 4418 τὴν
3091 4353 3258 4408 αἰτίαν
3323 4350 3442 4408 οὐδέ
3513 4348 3652 4427 ἔχων
3682 4361 3696 4377 ⁸
3739 4341 3812 4397 καὶ

462 4443 754 4521 signasset
774 4463 841 4505 ac
867 4442 1362 4512 bibisset,iterum
1388 4421 1608 4500 illaesus
1639 4441 1998 4520 permansit;
2024 4447 2106 4521 ip-

2192 4439 2374 4504 δεινῶς
2433 4456 2550 4504 τοῖς
2607 4421 2707 4510 της
2736 4443 3045 4521 ἀμηχανίας
3091 4440 3325 4518 κέντροις
3358 4421 3633 4496 ἐϐάλλετο.
3666 4429 3810 4491 0535'—

461 4550 646 4611 seque
670 4532 972 4611 obstupuit
1001 4548 1146 4591 sane
1181 4548 1315 4590 cum
1350 4547 1586 4590 causam
1622 4529 1956 4609 conjectare
1991 4549 2107 4592 non

2192 4553 2277 4586 πω
2319 4531 2418 4608 γὰρ
2462 4529 2690 4588 συνιδεῖν
2740 4530 2899 4610 εἶχεν
2960 4532 3030 4593 ὡς
3089 4530 3123 4596 ἡ
3188 4535 3279 4584 τοῦ
3323 4532 3548 4605 σταυροῦ
3603 4523 3812 4611 ἂνέργεια

463 4603 664 4701 posset
689 4638 704 4694 ;
727 4639 794 4682 ac
819 4603 1036 4681 mirum
1069 4621 1130 4680 in
1159 4618 1402 4680 modum
1427 4603 1861 4698 desperationis
1891 4619 2106 4680 stimu-

2192 4621 2252 4687 ἦν
2296 4622 2330 4687 ἡ
2391 4618 2754 4676 ἀποσϐεννῦσα
2795 4626 2887 4675 τοῦ
2932 4619 3211 4698 φαρμάκου
3281 4617 3381 4684 τὴν
3440 4614 3675 4692 δύναμιν,
3730 4603 3810 4662 ἄν·

459 4710 534 4772 lis
559 4709 901 4790 jactabatur
935 4727 948 4772 :
982 4710 1244 4772 nondum
1295 4709 1456 4770 enim
1511 4709 1847 4788 intelligere
1876 4717 2107 4789 poterat

2192 4713 2394 4786 θρωπος
2449 4717 2522 4783 τῷ
2578 4713 2678 4778 τῆς
2721 4710 2940 4784 ἀθυμίας
2989 4707 3209 4785 πελάγει
3242 4708 3338 4763 καί
3389 4713 3464 4781 τῷ
3495 4709 3598 4761 τῶν
3627 4717 3811 4798 cup???

460 4782 618 4881 quod
638 4799 833 4862 crucis
854 4798 1116 4861 efﬁcacia
1139 4807 1298 4860 esset
1320 4817 1451 4879 quae
1463 4798 1678 4860 veneni
1702 4782 1858 4860 vires
1878 4782 2104 4860 exstin-

2192 4782 2292 4875 ριῦν
2353 4782 2762 4873 βαπτιζόμενος,
2799 4782 2886 4854 καὶ
2938 4795 3076 4872 μηδὲ
3128 4782 3400 4871 ἀνανῆψαι
3445 4797 3652 4869 μικρὸν,
3685 4782 3803 4862 μηδέ

457 4897 684 4970 gueret.
712 4889 976 4970 Cumque
1009 4889 1185 4950 homo
1215 4888 1398 4949 animi
1430 4888 1716 4966 angustiae
1751 4906 1818 4948 ac
1851 4887 2102 4949 calami-

459 4988 648 5041 tatum
679 4979 882 5059 pelago
915 4978 1257 5052 immersus,
1295 4997 1406 5040 nec
1437 4978 1530 5039 vel
1566 4977 1871 5053 paululum
1905 4977 1976 5039 ad
2010 4997 2099 5039 sa-

456 5066 687 5129 niorem
717 5076 974 5129 mentem
1005 5066 1350 5140 redire,nec
1383 5085 1454 5127 ea
1485 5075 1706 5146 quam
1738 5065 1926 5138 aiunt,
1962 5076 2101 5128 ante

466 5157 645 5236 pedes
675 5166 843 5217 erant
883 5174 1247 5234 cognoscere
1281 5163 1479 5232 posset
1513 5174 1527 5214 :
1567 5153 1705 5217 hinc
1738 5156 1946 5216 iterato
1977 5156 2102 5216 abit

461 5246 532 5307 ad
558 5245 897 5324 Hebraeum,
932 5253 991 5306 et
1033 5247 1239 5307 eajem
1271 5265 1400 5325 quae
1433 5244 1594 5324 prius
1627 5245 1889 5325 eXponit.
1949 5248 2097 5305 Cum

457 5343 649 5395 autem
697 5343 756 5395 et
799 5335 896 5396 ille
928 5343 1342 5394 consternatus
1403 5343 1580 5408 esset,
1612 5334 1906 5415 longoque
1943 5347 2096 5394 lem-

459 5441 601 5501 pore
629 5442 815 5498 super
843 5442 914 5485 ea
945 5441 1012 5484 re
1068 5422 1320 5483 consilio
1369 5423 1819 5502 destitueretur,
1878 5424 2098 5486 deinde

458 5511 632 5572 etiam
665 5529 901 5574 causam
934 5511 1188 5591 aliquam
1220 5511 1676 5591 deprehendere
1702 5521 1949 5592 cuperet
1971 5532 2098 5593 pro-

456 5607 591 5685 pter
615 5617 794 5682 quam
823 5601 886 5663 in
907 5618 1136 5664 veneno
1158 5599 1339 5665 falsus
1363 5611 1522 5667 esset
1545 5602 1698 5686 (ipse
1729 5602 1890 5665 enim
1921 5620 2101 5666 vene-

2186 4910 2291 4944 τιυν
2348 4887 2402 4942 ὲν
2464 4890 2616 4944 ποσὶν
2675 4888 2936 4944 αἰσθέσθαι
2993 4884 3279 4960 δυνάμενος
3315 4903 3331 4918 ’
3395 4883 3540 4939 ἔνθεν
3603 4902 3678 4936 τοι
3745 4892 3813 4928 κα

2184 4977 2326 5055 παρὰ
2369 4979 2460 5032 τὸν
2521 4969 2768 5055 Ἐϐρατον
2826 4974 3004 5037 ἄπεισι
3059 4997 3147 5030 και
3204 4975 3370 5044 αὖθις,
3433 4975 3518 5028 καὶ
3579 4969 3640 5025 τὰ
3694 4960 3806 5020 αότά

2183 5080 2300 5127 τοῖς
2346 5087 2599 5143 προτερον
2655 5063 3003 5144 ἀπαγγέλλει.
3038 5071 3141 5123 Τοῦ
3183 5062 3261 5144 δέ,
3316 5065 3402 5119 καὶ
3452 5058 3608 5118 αἶ)τοῦ
3648 5073 3800 5112 κατα·

2182 5154 2495 5233 πλαγέντος,
2566 5155 2659 5211 καί
2741 5154 2907 5210 πολὺν
2995 5153 3192 5233 χρόνον
3257 5154 3342 5209 ἐπὶ
3409 5159 3486 5226 τῷ
3554 5146 3800 5226 πράγματι

2181 5244 2616 5323 διαπορουμένου,
2704 5244 2828 5301 εἶτα
2885 5245 2972 5299 καί
3049 5265 3167 5298 τινα
3227 5249 3466 5321 φωρᾶσαι
3539 5233 3798 5323 ζητοῦντος

2181 5335 2372 5412 αἰτίαν,
2435 5333 2502 5390 δι’
2553 5335 2614 5403 ἢν
2659 5334 2823 5395 οὕτως
2881 5333 3145 5413 ἆστοχοίη
3211 5335 3272 5388 τὸ
3323 5332 3593 5411 φάρμακον
3661 5319 3799 5422 (γόηξ

2179 5425 2280 5502 γὰρ
2323 5424 2529 5490 ἐκεῖνος
2579 5445 2667 5480 και
2725 5425 2791 5480 τὰ
2835 5425 3049 5481 τοιαῦτα
3103 5419 3407 5502 τεχνίτης),
3447 5418 3588 5478 ὅπως
3619 5433 3673 5470 τε
3711 5418 3796 5462 καὶ

2179 5515 2295 5571 τίνα
2353 5515 2546 5593 τρόπον
2597 5515 2670 5576 εἰς
2714 5513 2812 5578 τὴν
2877 5513 3044 5569 οἰκίαν
3093 5519 3185 5569 τοῦ
3238 5509 3512 5590 φαρμάκου
3542 5499 3805 5593 μεταλαμ·

2181 5601 2332 5661 ϐάνοι
2383 5605 2520 5665 κατὰ
2546 5603 2704 5682 μέρος
2750 5601 2950 5661 ἕκαστα
3007 5600 3396 5663 διεπυνθάνετο.
3427 5598 3520 5660 Ὣς
3571 5591 3645 5667 δὲ,
3707 5583 3813 5647 ω’
