4020 6142
244 312 356 380 701

1451 317 1635 381 VITA
1679 317 1738 380 S.
1786 317 2104 382 JOANNIS
2142 318 2429 383 EVANG.

3495 323 3614 394 702

239 448 327 507 δὲν
358 449 546 527 πλέον,
585 449 759 524 οὗτος,
807 453 880 517 εἰς
938 453 1038 519 τὴν
1091 454 1260 510 οὶκίαν
1301 452 1684 534 ἀφικνούμενος
1713 452 1875 532 πράτ‹

1973 453 2120 515 ficus
2159 461 2289 519 erat
2319 460 2377 517 et
2406 455 2750 537 hujnsmodi
2780 475 2980 522 rerum
3013 456 3264 533 artifex),
3298 476 3413 538 quo
3446 469 3614 539 pacto

236 561 414 619 τοιμι,
464 541 590 621 ἔφη,
653 541 794 609 πλην
847 540 926 598 ὅτι
956 541 1022 609 δὴ
1054 547 1121 618 τῇ
1146 541 1318 598 κύλικι
1361 541 1560 621 ἐγχέας
1589 544 1649 599 τὸ
1679 541 1860 622 φάρμα
1879 577 1894 588 ο

235 650 358 702 κον,
435 631 560 686 εἶτα
630 631 718 687 καὶ
802 631 964 707 μικρά
1043 630 1300 711 ὀκλάσας,
1372 633 1458 688 καὶ
1526 633 1726 710 ἀγωνίᾳ
1793 633 1892 700 τὴν

231 716 454 797 καρδίαν
512 716 820 792 διασεσθεὶς,
878 721 955 795 τῷ
1024 730 1117 779 τοῦ
1198 728 1418 794 σταυροῦ
1489 722 1719 802 σημείῳ,
1795 723 1890 779 οἷα

228 804 300 873 δὴ
337 808 572 876 συνήθως
607 814 941 886 Χριστιανοτς
979 807 1127 888 φιλεῖ
1179 809 1434 885 γίνεσθαι,
1497 807 1581 865 διὰ
1638 810 1734 877 τὴν
1775 808 1884 866 δει-

229 895 355 952 λίαν
413 896 511 964 τῆν
567 894 758 952 κύλικα
829 898 1278 976 σφραγισάμενος,
1354 899 1442 954 καὶ
1526 899 1694 972 μύσας
1766 899 1884 964 τοὺς

225 981 536 1062 ὀφθαλμοὺς
565 985 721 1041 τοῦτο
772 984 997 1060 πίνοίμι·
1061 987 1132 1050 ὡς
1189 987 1352 1062 μόνον
1413 995 1637 1066 σταυροῦ
1692 986 1884 1055 κλῆσιν

222 1072 454 1130 ἐνταῦθα
509 1075 536 1130 ὁ
596 1063 841 1152 Ἐϐραῖος
911 1075 1172 1150 ἀκούσειέ,
1247 1081 1474 1143 συνῆκεν
1539 1063 1685 1140 εὐθὺς
1753 1075 1882 1154 ὅπερ

223 1161 320 1236 ῆν,
382 1162 474 1219 τὸν
542 1164 784 1246 σταυρὸνκ
820 1163 963 1220 εἶναι
1021 1166 1113 1223 τόν
1169 1165 1480 1244 ἀνθαιροῦντα
1527 1176 1618 1226 τοῦ
1665 1168 1880 1246 φαρμά-

219 1273 327 1307 κου
353 1252 454 1319 τὴν
479 1237 718 1327 δύναμιν,
764 1237 871 1310 οινα
903 1251 956 1308 δὲ
987 1255 1065 1330 μὴ
1131 1254 1265 1330 ψιλὴ
1294 1237 1384 1310 ’τό
1443 1237 1689 1334 πρᾶγμα.
1723 1237 1883 1331 μόνον

221 1339 506 1420 ὁπόληχις
535 1342 594 1421 ἧ,
628 1343 714 1398 καὶ
750 1342 974 1407 πίστεως
1019 1341 1187 1400 δεῖταί
1245 1367 1409 1410 τινος.
1469 1346 1565 1403 Καὶ
1629 1367 1726 1402 τινι
1778 1348 1881 1401 τῶν

220 1437 405 1487 κυνῶν
463 1429 660 1490 ἐκείνου
715 1430 970 1505 μεταδοὺς
1026 1441 1120 1489 τοῦ
1173 1434 1474 1513 φαρμάκου,
1543 1444 1726 1493 τοῦτον
1785 1433 1881 1508 μὲν

220 1521 445 1598 ἀναιρεῖ
515 1521 718 1579 αὐτίκα·
801 1523 828 1578 ὁ
898 1521 1146 1598 Ἐϐραῖος
1221 1521 1273 1578 δὲ
1359 1523 1552 1598 μηκέτι
1619 1522 1880 1580 πλειόνων

219 1609 436 1677 δεηθεὶς
489 1608 827 1685 ἀποδειξεων,
889 1611 989 1679 τὴν
1046 1613 1268 1691 πάτριον
1323 1612 1708 1688 ἐξομοσάμενος
1783 1613 1878 1670 α’ί-

220 1721 398 1778 ρεσιν,
454 1705 522 1776 τῇ
577 1698 796 1772 ἀληθείᾳ
857 1700 1213 1778 προστίθεται,
1279 1703 1376 1759 Καὶ
1441 1709 1598 1760 τοῦτο
1667 1703 1879 1781 πρῶτον

1979 553 2039 604 et
2059 544 2118 605 in
2142 563 2317 625 quem
2345 546 2584 608 modum
2609 547 2708 608 ubi
2739 549 2981 610 domum
3013 546 3290 610 rediisset
3321 566 3617 612 venenum

1975 636 2295 713 acciperet,
2332 634 2606 696 minutim
2641 654 2748 716 per
2781 637 3016 716 singula
3047 635 3472 716 interrogabat.
3509 639 3620 702 Hic

1972 731 2169 784 autem
2203 739 2216 784 :
2251 722 2429 799 Nihil,
2466 723 2683 805 inquit,
2715 724 2873 787 aliud
2924 745 3032 806 ago
3065 727 3311 788 domum
3345 727 3615 805 veniens,

1973 829 2149 890 quam
2166 813 2323 893 quod
2349 812 2544 875 infuso
2565 815 2779 876 cratori
2803 833 3052 891 veneno,
3073 816 3293 878 deinde
3313 817 3618 898 paululum

1968 899 2145 962 etiam
2202 899 2610 975 labefactatus,
2666 911 2720 964 et
2770 905 3070 968 anxietate
3119 905 3180 966 in
3240 905 3422 968 corde
3463 924 3616 968 con-

1965 1007 2202 1069 cussus,
2225 991 2420 1052 crucis
2443 991 2636 1069 signo,
2661 1000 2722 1054 ut
2745 994 2901 1076 quod
2924 1014 2958 1056 a
2987 995 3341 1059 Christianis
3363 1013 3430 1056 ex
3461 1014 3614 1058 con-

1965 1079 2283 1142 suetudine
2315 1081 2445 1143 fieri
2470 1081 2643 1157 solet,
2672 1092 2914 1162 prepter
2933 1085 3206 1147 timorem
3231 1085 3413 1147 calice
3444 1085 3609 1146 obsi-

1966 1175 2168 1249 gnato,
2195 1169 2386 1232 oculis
2403 1170 2620 1233 clausis
2641 1171 2787 1234 illud
2815 1172 2975 1238 bibo.
3007 1173 3116 1238 Ubi
3140 1175 3393 1255 primum
3419 1175 3614 1236 crucis

1967 1277 2185 1320 nomen
2211 1258 2306 1320 hic
2331 1259 2594 1321 audisset
2617 1259 3226 1343 llehraeusﬁntellexit
3239 1264 3431 1325 statim
3457 1262 3611 1344 quod

1966 1356 2116 1420 erat,
2139 1366 2354 1428 nempe
2382 1367 2618 1411 crucem
2655 1369 2786 1413 esse
2807 1371 2938 1433 quae
2967 1354 3080 1415 vim
3116 1353 3351 1416 tolleret
3373 1353 3608 1415 veneni.

1965 1437 2152 1499 Porro
2206 1455 2280 1498 ne
2329 1456 2426 1499 res
2480 1438 2655 1500 nudae
2709 1440 2900 1502 solum
2956 1443 3210 1504 haereret
3257 1442 3610 1522 suspicioni.

1964 1526 2280 1606 quamdam
2309 1527 2485 1588 etiam
2509 1529 2762 1608 requirit
2783 1530 2962 1592 fidem
2987 1553 3000 1590 :
3036 1532 3269 1594 cuidam
3297 1531 3458 1593 illius
3479 1532 3612 1594 cani

1965 1615 2180 1678 tradito
2213 1634 2464 1692 veneno,
2493 1618 2650 1678 hunc
2686 1619 2950 1699 pri-tinus
2981 1621 3292 1684 interimit.
3325 1619 3611 1683 Hebraeus

1961 1713 2158 1768 autem
2195 1707 2384 1769 nullas
2421 1707 2674 1788 amplius
2703 1710 3018 1790 requirens
3047 1711 3604 1786 demonstrationes,

215 1791 440 1868 ἀναιρεῖ
521 1791 619 1858 τὴν
697 1789 928 1865 ἀπάτην,
1001 1791 1088 1847 καὶ
1157 1791 1436 1872 φάρμακον
1520 1795 1594 1856 ὡς
1666 1791 1875 1859 ἀληθῶς

1961 1796 2232 1874 abjurata
2265 1796 2453 1876 patria
2485 1805 2649 1858 secta
2677 1797 2748 1859 ad
2783 1789 3091 1862 veritatem
3124 1801 3377 1864 accedit.
3420 1800 3606 1882 quue

216 1880 430 1958 γίνεται
462 1879 539 1954 τῷ
569 1878 894 1959 κεχρημένῳ
943 1881 1136 1957 τρόπον
1202 1880 1402 1958 ἕτερον,
1463 1886 1560 1948 τῆς
1624 1881 1878 1960 προτέρας

214 1969 432 2026 ἐκείνου
488 1969 737 2048 γοητείας
789 1970 961 2048 φανὴν
1019 1968 1369 2050 δηλητήριον,
1437 1973 1726 2050 τεκμήριον
1782 1977 1880 2038 τῆς

214 2057 536 2135 μεταϐολῆς
585 2059 797 2117 ἱπανόν.
856 2057 1099 2137 Πρόσεισι
1132 2067 1208 2134 τῷ
1237 2068 1329 2117 τοῦ
1387 2068 1612 2139 Χριστοῦ
1637 2063 1873 2138 μαθητῇ,

210 2155 297 2217 τῷ
354 2154 466 2205 τῶν
522 2146 883 2216 πλανωμένων
956 2147 1157 2226 ὁδηγῷ.
1222 2156 1300 2226 Τῇ
1373 2149 1724 2229 πολυφθογγῳ
1789 2157 1879 2207 τοῦ

212 2238 536 2313 Πνεύματος
620 2236 877 2316 σάλπιγγι
961 2239 1292 2314 καταμηνύει
1383 2240 1482 2307 τὴν
1565 2238 1875 2313 ἐπιϐουλὴν,

214 2327 442 2406 ἐλέγχει
501 2327 600 2394 τὴν
673 2325 878 2402 ἄνοιαν,
936 2324 1240 2402 δημοσιεύει
1296 2330 1357 2385 τὸ
1413 2329 1645 2407 πονηρὸν
1704 2329 1878 2386 ἐκεῖνο

215 2415 544 2494 μυστήριον,
615 2413 919 2494 θριαμϐεύει
989 2418 1088 2485 τὴν
1161 2423 1255 2486 τῆς
1341 2418 1594 2497 προτέρας
1667 2418 1876 2486 ἀπσίτης

219 2504 519 2568 ἀσθένειαν,
585 2497 642 2564 Ὀ
702 2504 756 2561 δὲ
815 2507 902 2562 καὶ
957 2505 1176 2586 δέχεται
1234 2506 1546 2587 προσιόντα,
1624 2508 1710 2564 καὶ
1778 2510 1878 2576 τῆν

220 2595 513 2667 μετάνοιαν
595 2593 829 2674 ἐπαινεῖ,
909 2596 994 2652 καὶ
1085 2595 1452 2675 παραινέσεσιν
1545 2597 1699 2653 αὐτὸν
1791 2598 1876 2653 καὶ

219 2681 556 2758 συμϐουλαῖς
615 2683 978 2762 ἀσφαλίζεται.
1035 2685 1173 2742 Εἶτα
1224 2688 1312 2743 καὶ
1369 2685 1627 2762 ἀναγεννᾷ
1673 2685 1756 2742 διά
1786 2689 1878 2742 τοῦ

215 2775 622 2854 βαπτίσματος,
677 2775 763 2830 καὶ
817 2774 893 2848 τῷ
947 2776 1056 2847 τῶν
1115 2774 1250 2832 ὅλων
1281 2777 1568 2832 οἰκειοῦται
1603 2774 1872 2852 Δεσπότῃ,

215 2862 391 2921 Ἀλλά
449 2863 558 2939 μὴν
616 2861 731 2920 οὑδὲ
785 2864 876 2920 τὸν
934 2864 1010 2939 τῷ
1064 2855 1288 2944 Ἐϐραίῳ
1317 2865 1412 2933 τῆς
1443 2863 1744 2941 μεταϐολῆς
1780 2866 1872 2922 αἴ-

213 2976 331 3011 τιον
391 2955 421 3009 ὁ
480 2954 578 3020 τῆς
639 2956 820 3022 κοινῆς
878 2953 1156 3029 οἰκονόμος
1207 2955 1470 3032 σωτηρίας
1517 2955 1654 3012 οὕτω
1694 2961 1873 3020 κακῶς

212 3043 420 3124 ’έχοντά
478 3039 763 3122 περιεῖδεν
827 3041 962 3099 ἀλλά
1016 3044 1116 3111 τὴν
1160 3044 1325 3101 αττίαν
1373 3047 1553 3119 μαθῶν
1606 3042 1722 3112 ἥτις
1772 3049 1871 3104 αὖ*

214 3135 306 3190 τὸν
340 3133 414 3195 εἷς
448 3137 604 3189 τοῦτο
662 3129 898 3188 κινδύνου
954 3131 1147 3210 ἤγαγε,
1209 3134 1295 3189 καὶ
1351 3132 1417 3188 δι’
1477 3133 1542 3202 ἢν
1597 3134 1730 3189 ἑκών
1788 3135 1872 3190 καὶ
1890 3178 1930 3227 C

217 3224 386 3288 αὒτῆς
453 3219 640 3285 αθλίως
701 3221 1125 3299 ἀποστερηθῆναι
1176 3226 1273 3290 τῆς
1319 3224 1461 3294 ζωῆς
1509 3222 1722 3299 ἔμελλε,
1760 3246 1868 3280 πα-

215 3323 442 3389 τρικαῖς
496 3329 553 3364 τε
606 3309 765 3366 αὐτὸν
824 3309 1053 3385 ὁμιλίαις
1124 3309 1507 3386 ἀναλαμϐάνει,
1569 3314 1655 3369 καὶ
1713 3334 1872 3369 κατα-

217 3406 492 3456 πεσοῦσαν
548 3397 647 3466 ἧδη
707 3399 808 3466 τὴν
865 3399 1064 3458 ἐκείνου
1119 3400 1302 3480 ψυχὴν
1350 3402 1582 3480 ἀνορθοϊ,
1639 3405 1725 3459 καὶ
1773 3404 1872 3468 τὴν

218 3488 444 3563 ἀθυμίαν
478 3485 719 3544 ἐκϐάλλει
769 3489 857 3545 καὶ
913 3491 1013 3553 τὴν
1071 3488 1397 3569 ἀπόγνωσιν.
1460 3491 1594 3548 Εἶτα
1655 3493 1746 3548 καὶ
1774 3493 1873 3559 τὴν

213 3576 302 3635 διὰ
356 3584 465 3635 τῶν
514 3577 684 3655 ἔργων
741 3578 927 3658 ἐπάγει
985 3579 1339 3658 παράκληςιν,
1402 3578 1716 3660 ἐργάσασθαι
1784 3583 1872 3638 καὶ

209 3676 371 3726 τοῦτο
424 3665 648 3731 δυνατὸς
705 3669 804 3726 ὢν.
870 3665 1092 3736 Ἐπειδὴ
1149 3669 1248 3747 γὰρ
1301 3675 1370 3744 τῇ
1424 3691 1480 3726 τε
1539 3674 1644 3725 τῶν
1695 3677 1871 3750 χρεῶν

209 3758 528 3836 ἀπαιτήσει,
593 3760 681 3813 καὶ
740 3763 808 3833 τῇ
863 3764 970 3814 τῶν
1018 3757 1318 3836 ἀναγκαίων
1365 3756 1532 3830 ἒνδείᾳ
1563 3760 1871 3835 πιεζόμενον

212 3848 372 3904 αὖτὸν
431 3845 573 3920 εἶδε,
628 3851 718 3903 καί
763 3845 843 3903 διὰ
898 3853 1054 3904 τοῦτο
1109 3848 1198 3903 καὶ
1257 3849 1420 3915 αὗτῆν
1477 3847 1666 3912 ἀθλίως
1697 3870 1868 3905 κατα-

208 3934 538 4014 προτέμενον
610 3936 708 4002 τὴν
772 3937 934 4009 ζωὴν,
1001 3937 1050 3992 τί
1082 3949 1278 4012 natet;
1333 3935 1434 3994 Καί
1469 3939 1720 3994 σκοπεϊτέ
1779 3962 1872 4013 μοι

208 4025 437 4082 ἰνταῦτα
517 4025 712 4081 ὁποίων
787 4026 992 4090 ἐκεῖνος
1070 4033 1176 4083 τῶν
1231 4026 1584 4106 χαρισμάτωο
1655 4026 1872 4094 ἠξίωτο,

206 4115 386 4192 ’Ὅπερ
445 4115 546 4192 γάρ
606 4114 724 4190 μετ’
779 4117 936 4173 αὑτοῦ
991 4116 1243 4192 πρότερον
1303 4119 1330 4172 ὁ
1380 4116 1574 4194 Πέτρος
1623 4118 1683 4174 τὸ
1735 4119 1874 4195 ἱερὸν

207 4204 392 4260 εἰσιὼν
423 4204 565 4260 κατά
619 4204 717 4270 τὴν
781 4203 922 4282 ὥραν
983 4205 1080 4272 τῆς
1135 4206 1442 4285 προσευχῆς
1499 4207 1595 4272 τὴν
1628 4208 1874 4286 ἒννάτην,

204 4294 444 4374 ᾒφησιν
507 4295 534 4349 ὃ
593 4299 819 4374 Λουκᾶς,
880 4293 965 4350 ἐπὶ
1024 4293 1115 4348 τοῦ
1162 4294 1463 4368 καθημένου
1523 4295 1664 4373 παρά
1691 4301 1759 4371 τῇ
1794 4299 1873 4352 ὡ-

206 4384 325 4460 ραία
381 4379 528 4457 πύλῃ
587 4381 793 4461 χωλοῦ,
853 4384 940 4438 καὶ
997 4380 1362 4456 ἐλεημοσύνην
1422 4385 1712 4465 αἰτοῦντος,
1761 4387 1872 4454 εἷρ-

205 4472 442 4550 γάσατο,
493 4471 766 4549 Ἀργύριον
837 4467 872 4539 ἢ
945 4471 1188 4551 χρυσίον,
1249 4473 1432 4552 εἰπὼν,
1514 4477 1617 4553 οὐχ
1699 4475 1870 4551 ὑπάρ-

205 4581 296 4640 χει
327 4582 455 4635 μοι,
490 4560 518 4614 ὃ
547 4557 601 4614 δὲ
633 4561 784 4639 εἶχε,
835 4566 992 4616 τοῦτο
1050 4558 1191 4634 δοὺς,
1254 4564 1342 4618 καὶ
1385 4560 1503 4624 δοὺς
1535 4561 1698 4627 πόδας
1731 4567 1872 4638 αὐτῷ

204 4651 480 4726 ὑγιώσας,
535 4651 691 4705 τοῦτο
749 4647 881 4716 δῆτα
929 4662 1080 4706 ποιεῖ
1131 4651 1216 4706 καὶ
1249 4649 1400 4714 οὗτος
1431 4650 1669 4716 ἐνταῦθα,
1711 4652 1869 4717 Εἰδὼς

205 4739 331 4818 γάρ,
401 4738 478 4800 ὠς
537 4735 682 4795 οὖδέν
740 4737 847 4794 οὔτ’
907 4737 1153 4816 ἀργυρίου
1223 4737 1386 4812 αὒτῷ,
1465 4737 1581 4797 οὔτε
1652 4741 1870 4819 χρυσίου

207 4829 506 4906 περίεστιν,
579 4822 655 4880 ’ἔν’
727 4825 958 4884 ἐντεῦθεν
1030 4827 1129 4894 τὴν
1199 4826 1398 4884 ἐκείνου
1481 4834 1578 4896 τῆς
1649 4830 1868 4907 ἀπορίας

207 4917 460 4994 ἀνάγκην
519 4916 982 4991 παραμυθήσαιτο,
1039 4923 1132 4972 τοῦ
1190 4917 1572 4992 παρακειμένου
1643 4917 1871 4985 πλησίον

205 5007 440 5085 χόρτου,
499 5002 625 5062 ὅσον
673 5004 1000 5085 ἀμφοτέραις
1053 5003 1362 5083 περιλαϐεῖν
1412 5005 1651 5080 δυνατὸν,
1697 5029 1870 5065 κατα-

203 5107 377 5175 σχεῖν
435 5093 645 5151 ἐκέλευε
704 5101 780 5169 τῷ
840 5093 1119 5174 ἀνθρώπῳ,
1176 5102 1280 5152 Τοῦ
1338 5095 1417 5176 δὲ,
1468 5097 1564 5165 τὴν
1619 5100 1786 5154 αἰτίαν
1814 5119 1871 5155 τε

202 5183 322 5250 ἥτις
388 5181 506 5254 εἴη,
571 5185 658 5239 καὶ
713 5184 741 5236 ὃ
803 5205 852 5240 τι
909 5183 1040 5239 ποτὲ
1098 5190 1174 5258 τῷ
1225 5183 1507 5261 ἀποστόλῳ
1547 5188 1608 5244 τὸ
1643 5193 1862 5265 πρᾶγμα

1962 1883 2222 1965 primum
2281 1885 2433 1947 tollit
2476 1904 2766 1959 errorem,
2809 1897 2866 1951 et
2916 1909 3207 1952 venenum
3260 1891 3315 1952 ei
3346 1891 3443 1970 qui
3491 1890 3608 1952 alio

1963 1975 2143 2036 modo
2175 1993 2317 2036 usus
2349 1975 2561 2051 fuerat,
2598 1995 2733 2039 vere
2765 1979 3137 2042 mortiferum
3187 1987 3488 2042 ostensum
3521 1988 3613 2042 est

1963 2061 2180 2142 prioris
2230 2065 2502 2126 veneficii
2545 2065 2760 2146 ipsius,
2797 2068 3029 2146 signum
3082 2069 3424 2131 mutationis
3473 2069 3609 2130 ido-

1964 2169 2166 2215 neum.
2203 2152 2446 2215 Accedit
2477 2154 2549 2215 ad
2585 2155 2802 2217 Christi
2838 2157 3220 2238 discipulum,
3254 2157 3465 2220 ducem
3508 2176 3608 2219 er-

1961 2247 2237 2302 rantium.
2262 2245 2437 2303 Tuba;
2462 2247 2746 2304 variarum
2777 2249 3014 2321 spiritus
3048 2251 3372 2320 linguarum
3405 2251 3609 2309 mentis

1962 2337 2321 2410 conceptum
2381 2331 2628 2411 indicat,
2663 2334 2859 2411 arguit
2885 2335 3308 2413 insipientiam.
3344 2335 3612 2398 Publicat

1961 2435 2202 2498 pravum
2225 2419 2372 2481 illud
2390 2421 2762 2500 mysterium,
2795 2423 3357 2503 manifestatprioris
3388 2424 3611 2485 erroris

1960 2505 2504 2570 insensibilitatem.
2539 2512 2726 2572 Porro
2757 2511 2859 2572 ille
2889 2512 3348 2574 etaccedentem
3368 2514 3612 2593 suscipit

1961 2611 2012 2655 et
2046 2600 2243 2658 laudat
2272 2603 2749 2673 resipiscentiam,
2777 2605 3082 2676 ipsumque
3120 2604 3608 2664 adhortationibus

1961 2687 2154 2746 munit
2183 2705 2252 2748 ac
2282 2686 2579 2751 consiliis.
2617 2689 2843 2751 Deinde
2874 2699 2934 2752 et
2965 2689 3318 2770 baptismate
3349 2709 3606 2770 regene-

1959 2782 2070 2848 rat,
2100 2782 2158 2836 et
2189 2775 2601 2838 universorum
2637 2776 2890 2840 Domino
2917 2779 3214 2842 conciliat.
3247 2778 3468 2841 Verum
3503 2798 3608 2841 ne-

1957 2880 2076 2939 que
2090 2868 2421 2926 communis
2440 2865 2652 2927 salutis
2682 2866 3062 2948 dispensator
3075 2885 3213 2930 eum
3237 2867 3339 2948 qui
3358 2868 3605 2932 Hebraeo

1956 2951 2147 3014 fuerat
2177 2954 2409 3016 occasio
2443 2956 2810 3032 mutationis,
2846 2956 2927 3018 ita
2970 2956 3126 3019 male
3154 2957 3471 3020 habentem
3495 2975 3607 3020 ne-

1956 3040 2135 3130 glexit
2161 3062 2174 3104 :
2203 3043 2306 3104 sed
2342 3062 2522 3105 causa
2549 3046 2787 3124 cognita
2809 3065 2940 3126 quac
2960 3046 3150 3127 ipsum
3171 3047 3243 3109 ad
3275 3046 3335 3110 id
3358 3047 3608 3130 periculi

1957 3129 2230 3205 duxerat,
2268 3141 2324 3192 et
2374 3141 2621 3213 propter
2653 3152 2828 3214 quam
2882 3135 3040 3196 ultro
3073 3135 3313 3216 propria
3362 3129 3607 3217 quoque

1955 3219 2072 3280 vita
2095 3221 2314 3283 misere
2339 3222 2662 3302 privandus
2687 3233 2834 3299 erat,
2860 3232 2920 3286 et
2951 3225 3223 3306 paternis
3240 3225 3434 3306 ipsum
3453 3226 3608 3288 refo-

1953 3319 2047 3370 vet
2080 3309 2423 3392 colloquiis,
2457 3320 2515 3372 et
2540 3312 2698 3373 illius
2722 3313 3157 3395 animam,quaa
3179 3316 3305 3394 jam
3332 3316 3606 3378 concide-

1953 3406 2067 3473 rat,
2117 3399 2314 3478 erigit,
2350 3419 2416 3462 ac
2450 3401 2744 3463 tristitiam
2782 3412 2840 3464 et
2869 3403 3350 3484 desperationem
3382 3403 3604 3485 abjicit,

1955 3486 2185 3550 Deinde
2207 3507 2391 3570 opere
2417 3491 2590 3552 etiam
2621 3493 2794 3555 aifert
2815 3493 3312 3567 consolationem,
3337 3494 3607 3573 quando-

1956 3576 2197 3654 quidem
2237 3587 2297 3639 et
2328 3579 2438 3640 hoc
2471 3588 2701 3659 poterat
2731 3581 2992 3643 efficere.
3031 3581 3322 3654 Quoniam
3355 3581 3515 3642 enim
3548 3591 3606 3644 et

1955 3668 2278 3727 debitorum
2311 3672 2651 3740 repetizione
2682 3683 2734 3728 et
2767 3687 2961 3729 rerum
2992 3673 3442 3730 necessariarum
3475 3674 3605 3730 ino-

1955 3753 2047 3832 pia
2084 3772 2435 3834 oppressum
2488 3755 2654 3817 illum
2688 3757 2852 3830 vidit,
2883 3767 2944 3818 et
2968 3757 3043 3818 ob
3099 3758 3155 3818 id
3188 3756 3375 3837 ipsam
3428 3757 3602 3820 vitam

1957 3839 2177 3901 misere
2211 3840 2626 3924 abjicientem,
2659 3845 2800 3924 quid
2836 3845 3018 3906 facit?
3045 3848 3239 3925 Atque
3271 3844 3412 3907 hinc
3457 3838 3604 3908 mihi

1955 3927 2334 3990 considerate
2371 3931 2588 4010 quibus
2618 3931 2790 3992 donis
2821 3933 2924 3994 ille
2955 3933 3188 3996 dotatus
3215 3933 3599 4007 fuerat.Quod

1958 4017 2116 4078 enim
2142 4027 2314 4081 antea
2349 4021 2561 4082 Petrus
2593 4039 2728 4082 cum
2762 4024 2890 4102 ipso
2912 4023 3195 4104 templum
3228 4023 3604 4101 ingressurus

1955 4106 2028 4167 ad
2077 4107 2284 4168 horam
2317 4109 2680 4189 precationis
2712 4129 2958 4186 nonam,
2992 4131 3127 4192 qua,
3162 4120 3226 4174 ut
3265 4113 3457 4194 inquit
3485 4113 3606 4175 Lu-

1959 4213 2082 4270 cas,
2109 4215 2251 4258 usus
2282 4207 2372 4259 est
2416 4198 2475 4259 in
2511 4198 2718 4261 claudo
2751 4199 2856 4278 qui
2905 4201 2977 4262 ad
3013 4200 3353 4282 Speciosam
3405 4203 3607 4283 templi

1960 4294 2186 4364 portam
2222 4287 2473 4350 sedebat
2496 4307 2564 4350 ac
2596 4287 3032 4372 elcemosynam
3067 4290 3322 4372 petebat,
3355 4291 3602 4354 dicens:

1957 4381 2258 4451 Argentum
2287 4389 2336 4438 et
2381 4397 2580 4439 aurum
2612 4399 2720 4441 non
2758 4392 2832 4439 est
2876 4385 3027 4441 mihi.
3063 4384 3200 4457 quod
3227 4389 3404 4442 autem
3445 4384 3605 4442 habeo

1957 4467 2050 4524 hoc
2075 4468 2258 4526 libido
2279 4471 2344 4538 η,
2379 4471 2548 4529 simul
2572 4483 2625 4528 et
2649 4472 2818 4543 pedes
2848 4475 2954 4543 ipsi
2986 4487 3156 4530 sanos
3179 4471 3458 4530 reddens:
3497 4474 3606 4531 hoc

1897 4538 2098 4612 Dsane
2129 4561 2186 4614 et
2234 4553 2348 4614 iste
2381 4552 2478 4615 hic
2527 4538 2690 4616 facit.
2725 4538 2936 4616 Sciens
2966 4556 3124 4616 enim
3172 4555 3320 4616 nihil
3352 4554 3467 4617 sibi
3498 4573 3600 4617 ar-

1953 4643 2114 4719 genti
2134 4661 2265 4706 esse
2290 4643 2380 4705 vel
2407 4645 2559 4722 auri,
2586 4654 2648 4706 ut
2679 4646 2819 4708 hinc
2845 4646 3002 4709 illius
3031 4646 3370 4727 indigentia:
3400 4665 3606 4710 neces-

1953 4736 2183 4792 sitatem
2219 4733 2514 4794 conSolari
2580 4743 2801 4812 posset.
2837 4735 3038 4798 herba
3071 4755 3202 4817 quae
3232 4737 3290 4797 in
3339 4735 3603 4815 proximo

1957 4827 2083 4882 erat
2115 4831 2397 4902 quantum
2431 4821 2722 4884 ambabus
2757 4825 3030 4885 manibus
3087 4825 3604 4904 comprehendere

1956 4920 2154 4989 posset
2175 4910 2357 4990 jussit
2380 4911 2604 4972 homini
2633 4912 2932 4991 accipere.
2963 4911 3070 4974 Ille
3113 4931 3249 4974 vero
3271 4931 3404 4975 cum
3441 4915 3601 4991 igno-

1951 5006 2114 5060 raret
2141 5018 2412 5079 quamam
2446 5009 2599 5061 esset
2623 5017 2822 5077 causa,
2853 5010 2912 5061 et
2941 5001 3224 5081 quidnam
3255 5002 3365 5063 hac
3391 5019 3456 5062 re
3486 4999 3602 5063 sibi

1952 5087 2127 5148 vellet
2152 5089 2486 5167 apostolus,
2511 5107 2576 5150 ac
2599 5088 2844 5149 herbam
2869 5096 3152 5170 quantum
3169 5091 3305 5150 tntis
3329 5088 3601 5151 manibus

1951 5177 2380 5257 assequebatur
2403 5177 3004 5257 comprehendisset,i
3013 5197 3116 5258 pse
3135 5178 3284 5240 facta
3309 5178 3600 5240 duntaxat

203 5272 456 5346 βούλεται
485 5272 823 5352 ἀγνοοῦντος,
857 5274 944 5329 καὶ
970 5273 1168 5352 χόρτον
1217 5271 1340 5330 ὅσον
1397 5273 1545 5340 ὅλαις
1604 5275 1861 5341 ἐξικνεῖτο

1960 5266 2212 5328 )ratione
2235 5284 2302 5328 ac
2327 5267 2494 5346 signo
2529 5267 2751 5339 crucis.
2787 5265 2974 5347 ipsam
3007 5267 3281 5342 restituit,
3319 5277 3377 5329 et
3407 5266 3598 5348 proti-

204 5352 491 5429 παλάμαις
525 5351 930 5430 περιλαϐόντος,
978 5351 1123 5432 εὐχῇ
1174 5353 1333 5426 μόνον
1365 5354 1543 5413 ἐκεῖνο
1599 5359 1684 5413 καί
1715 5358 1861 5430 τύπῳ

1960 5374 2057 5417 ωε
2087 5364 2418 5436 correptam
2453 5356 2702 5418 herbam
2754 5374 2967 5418 aurum
3003 5374 3134 5420 esse
3182 5357 3461 5437 ostendit,
3495 5375 3598 5419 au-

205 5441 433 5519 σταδροῦ
483 5439 714 5521 ἀμείϐει,
779 5443 866 5498 καὶ
919 5444 1119 5521 χρυσὸν
1171 5442 1352 5499 αὐτίκα
1389 5445 1482 5501 τὸν
1521 5443 1855 5528 συλληφθέν-

1960 5463 2192 5528 'umque
2219 5445 2630 5526 purissimum:
2652 5455 2829 5530 atque
2851 5447 3011 5509 hunc
3034 5445 3348 5510 confestim
3370 5446 3583 5510 tollere

283 5630 333 5674 “
371 5632 510 5696 Act.
544 5644 638 5706 Ill,
672 5629 701 5691 1
736 5645 910 5713 seqq.
