4020 6142
413 292 530 360 707

1727 282 2010 354 MENSIS
2050 283 2478 355 DECEMBER.

3667 282 3780 358 708

412 445 670 502 amores,
707 435 766 490 et
795 443 940 507 quas
969 424 1126 486 inter
1150 443 1211 486 se
1243 423 1540 504 agitarunt
1564 424 1911 498 seditiones,
1944 444 2046 506 pu-

2144 430 2267 495 τῶν,
2342 427 2428 481 καὶ
2487 425 2938 502 διαπληκτισμοὺς
2999 428 3087 483 καὶ
3172 426 3370 501 ἔριδας,
3440 426 3555 485 οὖδὲ
3611 428 3784 506 βραχὺ

413 535 677 597 gnasque
707 524 764 577 et
793 515 948 590 lites,
985 513 1232 576 minime
1267 513 1638 577 dubitarunt.
1673 513 1810 576 Haec
1859 524 2056 578 autem

413 606 698 687 quidnam
725 604 1046 666 conferunt
1067 603 1139 664 ad
1178 621 1410 664 morum
1436 605 1810 666 honestatem
1845 623 1910 666 ac
1938 624 2058 665 nio-

421 697 788 757 derationem
824 702 884 755 et
912 693 1126 754 anima
1174 691 1485 753 utilitatem
1535 711 1546 752 :
1604 701 1661 753 et
1711 712 1826 754 non
1865 695 2060 774 potius

420 785 844 848 detrimentum
878 783 1154 862 afferunt,
1191 789 1247 842 et
1278 783 1548 842 vitiorum
1586 783 1768 843 malas
1801 782 2055 862 impres-

411 874 612 936 siones
642 873 986 953 insculpunt
1017 873 1077 932 in
1109 871 1326 932 animis
1375 890 1582 932 eorum
1615 872 1716 948 qui
1748 881 2060 933 versantur

414 964 476 1025 in
510 964 582 1024 iis
613 961 934 1043 legendis?
964 960 1104 1023 Mihi
1140 960 1298 1022 enim
1335 960 1481 1022 nihil
1517 961 1834 1040 persuadet
1865 960 2059 1022 inanis

414 1053 583 1116 labor
613 1071 821 1114 eorum
852 1052 950 1132 qui
985 1051 1110 1114 hac
1139 1053 1343 1112 volunt
1371 1050 1630 1112 absurda
1666 1051 1960 1128 mitigare,
2000 1062 2059 1112 et

410 1161 482 1206 ea
499 1140 880 1204 reducuntad
906 1139 1191 1202 alimenta
1213 1152 1272 1201 et
1297 1149 1493 1220 partes
1516 1139 1873 1202 anima.Aut
1894 1141 2051 1201 enim

410 1251 544 1294 cum
600 1250 718 1292 non
751 1231 997 1309 fuerint,
1034 1229 1254 1290 frustra
1291 1239 1350 1290 et
1399 1229 1546 1291 falso
1579 1229 1900 1309 dicuntur;
1958 1238 2054 1289 aut

407 1321 583 1384 etiam
614 1321 663 1382 si
697 1321 940 1393 fuerint,
977 1337 1080 1399 par
1111 1331 1198 1380 est
1235 1337 1302 1380 ea
1334 1318 1528 1398 potius
1575 1319 1772 1380 ridere
1806 1328 1865 1381 et
1917 1321 2052 1380 odio

405 1410 655 1486 habere,
689 1428 863 1490 quam
900 1409 1169 1471 laudare.
1206 1407 1492 1470 Existimo
1545 1416 1743 1470 autem
1781 1409 1916 1472 boni
1945 1410 2054 1471 viri

405 1502 606 1576 vitam,
640 1501 741 1581 qui
777 1500 896 1578 legi
962 1499 1064 1560 Dei
1126 1497 1275 1558 vixit
1325 1498 1773 1579 convenienter,
1811 1499 2050 1578 dignam

404 1609 538 1654 esse
568 1609 700 1670 qua
730 1588 1166 1667 elaboretur,et
1199 1587 1413 1649 litteris
1448 1588 1804 1668 mandetur;
1843 1608 1910 1650 ex
1943 1607 2055 1668 qua

405 1679 536 1760 ipse
566 1679 668 1756 qui
727 1677 1055 1758 componit,
1121 1687 1232 1738 tam
1290 1677 1400 1738 sibi
1465 1695 1640 1756 quam
1699 1679 1830 1739 aliis
1865 1686 2056 1758 potest

2142 515 2413 581 ὤκνησαν,
2474 526 2647 576 Ταῦτα
2691 516 2743 572 δὲ
2788 517 2838 572 τί
2879 538 3009 572 ποτε
3054 517 3150 594 ἄρα
3187 517 3314 594 πρὸς
3370 516 3528 584 ἤθους
3586 518 3783 591 κόσμον

2143 605 2228 660 καὶ
2287 609 2470 684 ψυχῆς
2507 606 2768 683 ὠφέλειαν
2800 605 3066 686 συντελεῖ³
3119 608 3209 662 καὶ
3257 607 3378 686 οὒχὶ
3409 605 3614 683 βλάϐην
3647 606 3783 682 μᾶλο

2142 692 2234 749 λον
2286 695 2374 750 καὶ
2435 696 2628 758 τύπους
2673 700 2850 752 παθῶν
2883 708 3002 759 ταῖς
3052 701 3157 751 τῶν
3189 696 3480 770 μετιόντων
3525 697 3790 775 ἐγχαράτ-

2141 805 2218 838 τει
2276 785 2490 861 ψυχαῖς
2531 804 2548 859 ἰ
2607 784 2736 859 ἘΡ-ὲ
2787 787 2885 862 γάρ
2936 785 3108 840 πείθει
3157 783 3302 843 ὠδὶν
3347 788 3528 849 καινὸς
3585 786 3790 863 μόχθος

2141 877 2246 929 τῶν
2302 876 2721 952 παραμυθεῖσθαι
2777 874 2843 931 τὰ
2885 873 3060 928 ἄτοπα
3090 874 3237 929 ταυτὶ
3295 872 3659 949 βουλομένων,
3712 876 3792 929 καὶ

2141 968 2270 1040 πρὸς
2335 965 2394 1021 τὰ
2453 978 2702 1041 στοιχεῖα
2759 965 2846 1019 καὶ
2892 962 3030 1040 μέρη
3075 966 3172 1030 τῆς
3218 962 3400 1041 ψυχῆς
3457 964 3789 1041 ἀναγόντων,

2139 1052 2224 1109 ’Ἦ
2286 1056 2385 1132 γὰρ
2446 1059 2522 1128 μή
2584 1053 2836 1130 γεγονότα
2906 1053 3081 1127 μάτην
3134 1053 3219 1107 καὶ
3252 1051 3451 1127 ψευδως
3484 1052 3726 1132 λέγεται,

2137 1145 2224 1200 καὶ
2281 1145 2564 1220 γεγονότα,
2596 1142 2847 1220 γελᾶσθαι
2907 1143 2994 1198 καὶ
3045 1155 3319 1216 μισεῖσσαι
3375 1141 3613 1220 μᾶλλον,
3672 1139 3789 1197 ἀλλ’

2138 1232 2232 1288 οὒκ
2317 1232 2645 1288 ἐπαινεῖσθαι
2719 1229 2832 1286 δέον
2915 1228 3029 1286 οὖδέ
3085 1231 3459 1301 θαυμάζεσθαι,
3523 1223 3788 1309 ’Πγοῦμαι

2138 1322 2300 1379 πόνου
2367 1324 2452 1376 καὶ
2510 1321 2817 1400 συγγραφῆς
2874 1318 3017 1384 ἄξιον
3077 1319 3259 1398 ἀνδρὸς
3319 1318 3628 1400 φιλαρέτου,
3706 1321 3788 1376 καὶ

2136 1411 2272 1467 κατᾶ
2323 1411 2449 1466 Θεὸν
2495 1408 2752 1479 ζιξσαντος
2797 1410 2930 1486 βίον,
2981 1407 3030 1473 ἐξ
3091 1408 3250 1486 οὗπερ
3309 1409 3460 1469 αὐτός
3505 1429 3563 1464 τε
3596 1410 3625 1465 ὁ
3657 1430 3787 1464 συν-

2137 1501 2292 1563 τιθεὶς
2354 1499 2610 1576 ὠφέλειαν
2684 1499 2854 1571 ἑαυτῷ
2911 1497 3004 1554 καί
3075 1511 3190 1560 τοῖς
3277 1499 3514 1571 μετιοῦσι
3575 1497 3787 1565 πολλὴν

2138 1589 2270 1656 ὅσην
2331 1587 2539 1644 δύναται
2605 1585 2902 1667 προξενεῖν,
2945 1587 3078 1652 Οἷος
3123 1585 3187 1654 δὴ
3215 1588 3310 1642 καί
3373 1590 3399 1642 ὁ
3457 1595 3552 1644 τοῦ
3579 1592 3791 1664 θαυμα-

2139 1681 2262 1735 στοῦ
2316 1675 2624 1754 Μαρκέλλου
2667 1679 2848 1755 σαφῶς
2886 1675 3144 1732 δείκνυται
3184 1693 3196 1706 ⁸
3244 1673 3302 1740 ὅς
3352 1674 3412 1731 ἐκ
3445 1675 3659 1740 πόλεως
3699 1677 3796 1752 μὲν

407 1787 678 1848 magnam
702 1767 1030 1829 conciliare
1054 1767 1393 1828 utilitatem.
1425 1765 1628 1838 Qualis
1659 1777 1748 1828 est
1775 1769 1888 1829 vita
1912 1767 2046 1830 Mar-

2139 1770 2353 1844 ὡρμᾶτο
2387 1766 2676 1842 Ἀπαμέων
2711 1783 2726 1800 ⁸
2761 1766 2868 1839 ἑῴα
2928 1764 2982 1821 δὲ
3035 1765 3187 1830 πόλις
3217 1763 3371 1837 αὕτη,
3410 1764 3642 1828 πολλοῖς
3697 1789 3792 1823 κο·

407 1857 953 1936 celliadmirabilis,
988 1856 1086 1936 qui
1135 1865 1301 1919 ortus
1324 1857 1566 1936 quidem
1603 1866 1691 1917 est
1716 1875 1783 1918 ex
1817 1857 2046 1919 civitate

2138 1863 2292 1930 μῶσα
2355 1869 2468 1920 τοῖς
2525 1855 2770 1934 ἀγαθοῖς.
2839 1853 2926 1920 Ἐξ
2977 1852 3298 1932 εὔπατριδῶν
3353 1853 3407 1910 δὲ
3471 1856 3786 1932 γενόμενος,

406 1948 708 2028 Apamea;
730 1965 799 2009 ea
825 1954 1133 2008 estautem
1161 1947 1368 2008 civitas
1402 1945 1742 2020 Orientalis,
1778 1965 1909 2029 qua
1941 1947 2046 2009 bo-

2136 1944 2201 2001 δι’
2261 1947 2446 2002 ἑαυτοῦ
2503 1945 2709 2020 μᾶλλον
2761 1944 3129 2023 εὖγενεστέραν
3187 1942 3382 2000 ἐδείκνυ
3433 1944 3533 2011 τὴν
3564 1966 3660 2001 του
3689 1946 3790 2023 γέ-

407 2035 503 2098 nis
533 2035 798 2098 abundet
826 2035 1119 2116 plurimis.
1153 2034 1353 2098 Nobili
1385 2054 1523 2097 vero
1559 2035 1688 2097 loco
1720 2048 1915 2111 natus,
1949 2056 2046 2118 per

2146 2058 2254 2100 ,μους
2301 2037 2500 2112 σειράν.
2549 2035 2719 2111 ’Ἄρτι
2773 2035 2872 2114 γὰρ
2917 2033 2972 2090 ἐν
3031 2031 3173 2090 ἄνθει
3210 2037 3485 2109 νεότητος,
3520 2035 3644 2098 τοὺς
3690 2056 3789 2113 γε-

411 2143 474 2186 se
503 2128 745 2186 reddidit
776 2129 1120 2186 nobiliorem
1146 2130 1350 2185 seriem
1383 2130 1468 2186 sui
1495 2130 1883 2200 generis.Nam
1921 2145 2046 2187 cum

2135 2127 2456 2205 γεννηκότας
2501 2123 2809 2205 ἀποϐαλὼν,
2875 2126 2959 2181 καὶ
3009 2123 3138 2180 αὒτὸ
3199 2129 3296 2191 τῆς
3367 2124 3580 2192 ἡλικίας
3643 2123 3788 2202 ἄγων

401 2213 530 2295 jam
561 2213 622 2274 in
657 2214 788 2294 ipso
818 2215 963 2274 ﬂore
977 2213 1308 2292 juventutis
1330 2213 1628 2275 amisisset
1658 2223 1958 2295 parentes,
1994 2222 2046 2276 et

2135 2217 2194 2270 τὸ
2251 2214 2628 2295 χαριέστατον,
2692 2219 2794 2294 οὔχ
2864 2213 3043 2291 ὥσπερ
3086 2213 3199 2276 νέος
3260 2215 3332 2276 εἷς
3377 2211 3572 2282 ἡδονὰς
3630 2213 3786 2270 ἔκλι-

411 2310 638 2364 atatem
657 2303 1520 2382 ageretjucundissimam,nm
1541 2303 1793 2382 sicutjut
1810 2304 2046 2365 enisde-

2255 2319 2267 2332 .
2355 2302 2431 2336 ae:
2518 2305 2528 2318 ε
2641 2303 2661 2334 1
2791 2303 2804 2322 ν
3224 2327 3237 2335 .
3470 2301 3498 2326 ιν
3565 2300 3587 2323 ν
3627 2301 3653 2324 ν

2135 2325 2220 2359 νεν
2319 2319 2435 2360 ουοτ.
2468 2327 2576 2379 μην
2609 2326 2738 2360 νέων
2782 2315 3142 2382 αναστροφαῖς
3196 2301 3435 2381 ἔχαιρεν,
3468 2302 3588 2369 ηλις
3621 2302 3784 2370 ηλικα

409 2393 644 2456 clinavit
667 2393 737 2454 ad
765 2392 1325 2473 voluptates,neque
1344 2391 2045 2474 delectabaturjuvenum

2135 2393 2340 2471 τέρπειν
2394 2394 2465 2452 ὡς
2518 2395 2544 2448 ὁ
2606 2392 2765 2470 λόγος
2810 2393 3155 2468 βουλόμενος,
3205 2390 3324 2448 ἀλλ’
3356 2393 3408 2447 ὲν
3440 2396 3614 2470 νεαρῷ
3672 2394 3782 2448 σώ-

397 2484 856 2558 consuetudine,
890 2482 1136 2564 aqualis
1187 2482 1399 2564 aquali
1454 2484 1657 2546 volens
1690 2483 1951 2562 placere,
1987 2490 2048 2543 ut

398 2571 748 2648 dicitur,sed
770 2574 827 2634 in
847 2572 1098 2651 juvenili
1132 2589 1407 2652 corpore,
1443 2571 1785 2632 imitabatur
1806 2571 2047 2632 canitiei

399 2663 777 2744 prudentiam
833 2670 891 2722 et
932 2662 1066 2723 vita
1116 2659 1576 2724 institutionem.
1610 2659 1957 2740 Quanquam
1991 2661 2047 2722 ei

397 2752 650 2815 aderant
681 2750 922 2823 divitia,
961 2767 1093 2829 quae
1121 2755 1259 2809 sunt
1291 2749 1539 2810 materia
1597 2748 1666 2810 ad
1723 2749 2048 2830 explendas

397 2840 730 2920 voluptates
752 2839 875 2917 igni
901 2838 1341 2900 adolescentia.
1371 2837 1487 2900 Sed
1521 2838 1673 2901 nihil
1708 2840 1917 2900 horum
1966 2838 2041 2902 il-

2133 2504 2259 2556 ματι
2316 2481 2516 2538 πολιῶν
2571 2481 2762 2552 ἐζήλου
2814 2481 3060 2561 φρόνημά
3089 2503 3142 2538 τε
3177 2483 3264 2537 καὶ
3294 2481 3543 2559 ἀγωγήν,
3603 2482 3782 2539 καίτοι

2131 2573 2218 2627 καὶ
2266 2569 2493 2635 πλοῦτος
2551 2572 2694 2645 αὒτῷ
2741 2574 2939 2646 παρῆν,
2974 2570 3076 2637 ὕλη
3131 2572 3259 2650 πρὸς
3321 2569 3510 2635 ἡδονὰς
3557 2572 3639 2646 τῷ
3667 2573 3783 2651 πυρὶ

2129 2665 2225 2726 τῆς
2279 2662 2557 2726 νεότητος.
2607 2660 2754 2718 Ἀλλ’
2805 2657 2950 2716 οὒδεν
3010 2661 3208 2718 τούτων
3240 2659 3450 2717 ἐκεῖνον
3480 2661 3783 2740 ἠνάγκασεν

2130 2747 2396 2824 ἀμελῆσαι
2457 2754 2556 2816 τῆς
2613 2751 2675 2805 ὲκ
2743 2745 2942 2806 παίδων
3001 2748 3160 2828 φίλης
3203 2749 3346 2823 αὖτῷ
3403 2751 3780 2829 σωφροσύνης.

2131 2836 2298 2895 Ἀλλὰ
2328 2840 2416 2895 καὶ
2447 2839 2665 2919 ὀρφανία
2697 2840 2782 2894 καὶ
2813 2836 2992 2907 ἡλικία
3045 2839 3131 2894 καὶ
3191 2844 3414 2900 πλοῦτος
3467 2841 3559 2896 καὶ
3613 2841 3780 2898 πάντα

396 2929 520 2990 lum
551 2927 748 3010 coegit
778 2927 1082 3008 negligere
1133 2928 1614 3008 temperantiam,
1670 2947 1799 3009 qua
1831 2935 1957 2992 erat
1988 2927 2044 2991 ei

2135 2930 2261 3003 ί)μοῦ
2314 2933 2411 2996 τῆς
2471 2930 2630 2985 αὐτοῦ
2685 2928 2897 3004 βαθείας
2956 2928 3140 3006 φρενὸς
3168 2925 3424 2994 ἥττηντο.
3464 2926 3691 3006 ’Ἔρωτι
3734 2929 3780 2984 δὲ

399 3018 631 3081 charaa
654 3017 931 3099 pueritia.
969 3016 1086 3081 Sed
1147 3025 1204 3079 et
1228 3016 1476 3091 orbitas,
1511 3026 1569 3081 et
1599 3027 1762 3095 atas,
1798 3027 1858 3080 et
1887 3019 2044 3082 divi-

2135 3015 2365 3080 παιδείας
2397 3017 2491 3085 τῆς
2551 3016 2737 3083 ἔξωθεν
2794 3018 2865 3078 εἷς
2902 3015 3145 3094 μεγοίλην
3196 3015 3542 3096 Ἀντιόχειαν
3603 3041 3782 3099 παρα-

399 3109 656 3189 tia,hac
680 3106 880 3170 omnia
896 3107 1073 3169 simul
1096 3125 1130 3168 a
1157 3106 1455 3188 profunda
1486 3108 1876 3171 vincebantur
1899 3127 2044 3190 pru-

2135 3107 2352 3186 γίνεται,
2391 3107 2482 3164 καί
2533 3131 2634 3164 τινι
2690 3105 2830 3164 καλὰ
2878 3106 3173 3182 ἠσκημένῳ
3215 3106 3486 3186 ἐπιφοιτᾷ.
3518 3109 3689 3173 Φύσις
3733 3108 3782 3165 δὲ

398 3183 622 3259 (lentia.
655 3196 906 3277 Propter
951 3183 1258 3258 externam
1319 3214 1462 3259 vero
1521 3183 1946 3274 eruditionem,
1985 3198 2046 3258 in

2135 3183 2333 3275 ταχεῖα
2389 3199 2636 3276 συνεργὸν
2689 3193 3066 3274 παραλαϐοῦσα
3127 3198 3214 3254 καὶ
3270 3183 3366 3265 την
3411 3195 3674 3274 σπουδήν,
3727 3197 3780 3254 ἐν

397 3304 670 3366 magnam
731 3285 894 3347 venit
957 3284 1366 3347 Antiochiam.
1401 3284 1670 3349 Ventitat
1718 3294 1912 3349 autem
1970 3286 2043 3349 ad

398 3381 724 3454 quemdam,
759 3380 816 3436 in
843 3379 1066 3438 dicendi
1093 3379 1357 3436 facultate
1377 3379 1620 3450 pulchre
1645 3381 2040 3439 exercitatum.

2129 3287 2312 3430 ἐράνῳ
2342 3287 2544 3366 βραχεῖ
2572 3288 2639 3343 τὰ
2669 3286 2881 3365 μεγάλα
2911 3292 3008 3354 τῆς
3041 3288 3226 3367 σοφίας
3255 3287 3425 3362 ,αὐτῷ
3469 3290 3776 3368 χαρίζονται

2158 3397 2290 3430 ωοα.

2158 3397 2290 3453 ωρα.

398 3461 630 3541 Ingenii
658 3479 799 3523 vero
831 3459 1131 3535 celeritas,
1160 3478 1196 3523 a
1224 3460 1560 3523 vehementi
1592 3463 1721 3542 ejus
1754 3462 1947 3524 studio
1981 3461 2204 3544 adjuta,
2238 3463 2295 3526 ei
2327 3463 2489 3525 brevi
2518 3463 2765 3545 largitur
2795 3484 3000 3545 magna
3028 3465 3184 3528 dona
3213 3465 3543 3548 sapientia.

478 3550 553 3616 Il.
587 3555 899 3633 Postquam
925 3558 1120 3613 autem
1145 3557 1407 3613 externa
1424 3552 1729 3630 sapientia
1761 3551 1920 3614 visus
1951 3560 2040 3614 est

2200 3553 2281 3612 B'.
2318 3553 2460 3612 Ἐπεὶ
2515 3552 2568 3610 δὲ
2625 3556 2922 3612 ἁυκούντωζ
2969 3554 3138 3612 ἐδόκει
3183 3563 3283 3612 τῆς
3339 3559 3556 3612 θυραίας
3625 3558 3666 3612 ἕ-

2268 3556 2460 3616 ,Ἐπεὶ
2515 3556 2568 3610 δὲ
2625 3556 2922 3634 ἀρκούντως
2969 3556 3138 3613 ἐδόκει
3183 3563 3283 3625 τῆς
3339 3559 3556 3638 θυραίας
3625 3558 3773 3639 ἔχειν

397 3640 516 3704 sibi
543 3640 767 3703 habere
799 3639 958 3722 quod
989 3641 1334 3704 sufﬁceret:
1377 3660 1572 3722 neque
1624 3642 1780 3703 enim
1814 3661 1882 3703 ea
1916 3652 2043 3704 erat

2135 3643 2308 3722 Impia:
2340 3660 2353 3674 '
2417 3641 2533 3701 οὒδέ
2595 3645 2694 3724 γὰρ
2753 3645 2816 3713 ἦν
2861 3648 3002 3720 αὐτῷ
3049 3652 3206 3703 τοῦτο
3249 3647 3674 3725 προηγουμένως
3717 3651 3779 3705 τὸ

399 3733 533 3812 ejus
565 3731 898 3814 principale
929 3729 1213 3806 studium,
1265 3731 1379 3792 nisi
1409 3731 1482 3792 ad
1517 3732 1650 3808 hoc,
1687 3741 1748 3794 ut
1780 3731 2043 3795 externis

398 3821 516 3883 illis
545 3821 831 3896 imbutus,
887 3819 1110 3882 deinde
1165 3820 1506 3883 initiaretur
1535 3820 1594 3882 in
1654 3820 1728 3882 iis
1758 3840 1889 3903 qua
1919 3823 2042 3885 sola

398 3919 538 3972 sunt
561 3928 729 3972 sacra
752 3909 1033 3990 mysteria
1058 3927 1070 3972 :
1096 3927 1313 3991 nempe
1337 3919 1568 3986 vera,et
1592 3929 1725 3989 qua
1747 3912 1822 3974 ad
1853 3911 2042 3974 Deum

397 3996 661 4078 deducit,
725 3997 1060 4079 sapientia;
1114 4000 1264 4081 vita,
1310 4000 1578 4078 inquam,
1642 4001 2038 4076 institutione,

398 4106 531 4169 qua
558 4098 832 4149 versatur
857 4088 916 4149 in
939 4088 1367 4153 exercitatione
1390 4098 1450 4150 et
1469 4109 1606 4152 vera
1639 4090 2038 4172 philosophia,

398 4195 548 4258 opus
579 4185 776 4240 autem
809 4177 866 4240 ei
897 4196 1138 4258 quoque
1191 4188 1317 4241 erat
1365 4178 1562 4260 aliquo
1590 4180 1663 4242 ad
1698 4198 1825 4241 eam
1861 4179 2039 4242 duce.

396 4269 545 4334 Cum
568 4285 705 4331 vero
737 4285 872 4330 eum
901 4286 1019 4329 non
1045 4267 1364 4349 praeberet,
1400 4275 1463 4328 ut
1493 4269 1548 4331 ei
1583 4267 1875 4350 placebat,
1913 4271 2038 4330 An-

395 4356 1037 4437 tiochia,cogitavitire
1068 4357 1394 4437 Ephesum,
1429 4376 1562 4418 cum
1591 4358 1854 4421 audisset
1879 4359 1938 4420 in
1973 4377 2042 4421 ea

2125 3731 2577 3810 σπουδαζόμενον,
2611 3731 2731 3790 ἀλλ’
2777 3733 2901 3790 ὅσον
2957 3747 3074 3800 τοῖς
3127 3735 3224 3801 ἔξω
3272 3736 3481 3798 τούτοις
3513 3739 3776 3816 προτελε-

2126 3823 2337 3899 σθῇναι,
2371 3824 2496 3880 εἶτα
2537 3828 2804 3900 μυηθῆναι
2858 3826 2945 3882 καὶ
2988 3827 3053 3882 τὰ
3098 3824 3308 3903 μεγάλα
3360 3825 3460 3894 τῆν
3491 3827 3668 3900 μόνην
3697 3831 3777 3884 ἱε-

2127 3914 2218 3992 ρὰν
2262 3913 2484 3980 τελετὴν
2525 3915 2614 3971 καὶ
2658 3914 2832 3982 ἀληθῆ
2863 3915 3072 3994 σοφίαν,
3107 3916 3193 3970 καὶ
3251 3917 3389 3994 πρὸς
3448 3917 3582 3972 Θεὸν
3642 3916 3776 3974 ἀνα-

2127 4002 2382 4082 φέρουσαν
2420 4022 2432 4037 ·
2528 4004 2624 4070 τὴν
2709 4003 3006 4071 ἂσκητικὴν
3097 4003 3238 4082 λέγω
3315 4006 3401 4061 καὶ
3482 4004 3772 4086 φιλόσοφον

2126 4090 2368 4171 ἀγωγήν,
2431 4089 2639 4149 Ἐδεϊτο
2685 4089 2737 4148 δὲ
2797 4093 2886 4148 καί
2929 4115 3062 4156 τινος
3121 4098 3214 4148 τοῦ
3270 4093 3398 4169 πρὸς
3441 4091 3608 4160 αυτὴν
3640 4091 3773 4161 ὁδη-

2124 4183 2404 4259 γήσοντος.
2465 4179 2624 4238 Ἐπεί
2686 4182 2763 4258 μὴ
2823 4193 3089 4262 παρεῖχεν
3132 4183 3205 4245 ὡς
3261 4187 3401 4256 αὺτῷ
3458 4181 3682 4259 ἀρέσκον
3740 4183 3773 4249 ἡ

2124 4267 2455 4350 Ἀντιόχεια,
2512 4272 2586 4336 εἰς
2636 4271 2734 4339 τὴν
2767 4269 3009 4352 ’Ἔφεσον
3054 4272 3303 4352 οἴχεσθαι
3355 4269 3639 4346 διενοεῖτο,
3673 4273 3770 4329 ἆν-

2124 4354 2256 4432 δρῶν
2288 4361 2534 4437 εὔπορεϊν
2579 4359 2784 4430 ἐκείνην
2831 4362 3037 4435 μαθὼν,
3084 4364 3256 4419 αὐτῶν
3313 4358 3368 4415 δὲ
3426 4361 3556 4436 πρὸς
3615 4361 3769 4439 ἀκρί-

395 4463 529 4508 esse
575 4416 844 4526 magdam
899 4416 1164 4508 virorum
1222 4446 1476 4527 copiam,
1515 4447 1615 4528 qui
1642 4447 1714 4510 ad
1747 4466 2038 4511 summam

2154 4416 2163 4432 .
2328 4416 2431 4437 κ.
2726 4416 2754 4430 -.
2831 4416 2842 4435 .
3022 4416 3216 4435 ,ννη
3468 4416 3556 4436 ι-
3658 4416 3708 4439 ης

2135 4443 2269 4502 ειαν
2320 4447 2512 4524 ἀρετῆς
2569 4448 2911 4524 πεφθακότων
2943 4498 2958 4529 ,
3031 4451 3119 4506 καὶ
3189 4449 3380 4514 ἄλλους
3440 4450 3504 4506 τὰ
3559 4449 3770 4528 μεγάλα

393 4534 672 4596 virtutem
734 4543 1156 4616 pervenerant.
1218 4534 1424 4598 Statim
1475 4555 1615 4616 ergo
1673 4539 2043 4620 contemptui

2135 4535 2353 4616 ὠφελεῖν
2403 4536 2726 4614 δυναμένων.
2802 4539 2996 4598 Αὖτίκα
3054 4546 3180 4618 γοῦν
3251 4538 3508 4615 ἠμελεῖτο
3567 4537 3666 4613 μὲν
3735 4541 3769 4606 ἡ

398 4623 636 4704 quidem
673 4631 767 4686 est
796 4622 999 4685 habita
1017 4623 1264 4704 pulchra
1295 4624 1611 4688 Antiochia
1643 4646 1658 4684 :
1695 4627 2040 4708 despectum

2135 4625 2266 4693 καλῆ
2324 4625 2633 4707 Ἀντιόχεια
2673 4649 2685 4662 ⁶
2720 4634 3031 4707 παρεωρᾶτο
3073 4627 3125 4684 δὲ
3169 4631 3230 4686 τὸ
3259 4627 3353 4698 ἡδὺ
3385 4633 3478 4696 τῆς
3524 4627 3771 4708 πατρίδος

395 4719 594 4774 autem
620 4711 733 4774 fuit
756 4711 1089 4793 jucundum
1126 4712 1316 4776 solum
1351 4715 1876 4796 patria,neglecta
1906 4736 2044 4780 vero

2135 4713 2339 4796 ἔδαφος,
2389 4715 2610 4793 ἅμιλλαι
2645 4719 2699 4774 δὲ
2757 4717 2954 4797 λόγων,
2989 4720 3076 4775 καὶ
3104 4721 3138 4787 ἡ
3196 4716 3401 4795 ματαία
3444 4715 3651 4797 σχολὴ,
3684 4719 3773 4774 καὶ

396 4801 716 4865 verborum
749 4802 1192 4881 contentiones,
1229 4812 1284 4866 et
1338 4805 1517 4867 inane
1573 4807 1784 4883 otium,
1819 4815 1878 4870 et
1927 4815 2046 4870 tota

2135 4805 2194 4860 τὰ
2251 4811 2350 4873 τῆς
2385 4812 2589 4875 σκηνῆς
2648 4809 2820 4865 πάντα
2863 4821 3260 4888 κατεφρονεῖτο.
3331 4808 3668 4885 Διεμερίζετο
3725 4805 3778 4863 δὲ

397 4902 652 4957 externa
678 4891 781 4954 illa
809 4911 1014 4955 scena.
1053 4893 1264 4956 Divisa
1287 4902 1487 4958 autem
1519 4905 1656 4959 sunt
1688 4897 2047 4978 pauperibus

396 5001 536 5059 opes
560 4984 668 5043 illa
693 4986 953 5059 ingentes
977 4997 1032 5047 et
1052 4989 1449 5061 magniﬁca,et
1474 5005 1605 5049 eum
1629 4993 1850 5064 excepit
1872 4991 2052 5062 Ephe-

395 5088 496 5132 sus
519 5073 740 5130 nudum
767 5073 888 5131 aliis
911 5075 1351 5134 omnibus.Cum
1374 5077 1457 5133 sic
1480 5075 1861 5144 adventasset,
1891 5079 2054 5135 inve-

395 5158 484 5219 nit
513 5157 630 5218 sibi
674 5160 1045 5220 conveniens
1095 5160 1444 5241 hospitium.
1502 5160 1648 5223 Nam
1685 5162 1772 5223 vir
1803 5162 2047 5242 quidem

395 5265 531 5308 cum
567 5266 754 5309 uxore
784 5267 919 5310 eum
955 5249 1189 5330 accepit
1230 5250 1510 5332 hospitio,
1561 5252 1659 5332 qui
1709 5268 1827 5314 non
1861 5251 2049 5330 magis

395 5337 733 5399 communis
769 5356 992 5400 mensa
1021 5345 1081 5401 et
1130 5337 1272 5400 salis
1305 5342 1357 5400 ei
1413 5349 1583 5403 erant
1637 5342 1808 5416 socii,
1869 5360 2045 5422 quam

396 5442 630 5487 morum
663 5425 996 5503 etvirtutis,
1033 5433 1094 5488 et
1125 5426 1186 5487 in
1219 5427 1382 5490 omni
1415 5448 1482 5492 re
1514 5430 1960 5494 moderationis.

479 5512 578 5575 IlI.
607 5512 760 5576 Huic
783 5523 978 5576 autem
1000 5515 1262 5596 pulchra
1284 5516 1436 5597 biga
1453 5528 1576 5582 erat
1607 5523 1783 5584 etiam
1817 5539 2041 5600 servus,

397 5602 502 5688 qui
535 5603 768 5665 virtutis
796 5605 1032 5669 ratione
1069 5613 1195 5669 erat
1217 5607 1394 5671 etiam
1431 5609 1692 5674 dominis
1723 5611 1910 5676 multo
1938 5631 2044 5674 ve-

2134 4907 2251 4958 τοῖς
2313 4895 2500 4964 πένησι
2544 4898 2632 4954 καὶ
2676 4897 2703 4952 ὃ
2749 4897 2907 4962 πολὺς
2953 4900 3040 4955 καὶ
3096 4897 3376 4979 φιλότιμος
3407 4896 3658 4971 πλοῦτος,
3693 4898 3778 4954 καὶ

2133 4985 2168 5052 ἦ
2228 4983 2470 5065 ’Ἔφεσος
2503 4988 2605 5045 τῶν
2659 4985 2833 5044 ἄλλων
2883 4989 3091 5046 πάντων
3120 4990 3317 5068 γυμνὸν
3350 4988 3554 5046 ἐκεῖνον
3584 4985 3778 5069 ἐδέχε-

2135 5097 2218 5135 το.
2307 5074 2486 5142 Οὕτως
2571 5077 2923 5158 ἐπιφοιτήσας
2957 5126 2973 5159 ,
3053 5078 3427 5156 προσήκουσαν
3494 5079 3637 5153 αὐτῷ
3696 5079 3782 5135 καὶ

2134 5165 2236 5234 τὴν
2295 5164 2464 5230 ξενίαν
2523 5167 2771 5246 εὑρίσκει,
2827 5165 2992 5248 ’Λνὴρ
3051 5169 3151 5249 γάρ
3198 5191 3279 5232 τις
3310 5169 3466 5225 αὗτὸν
3509 5168 3646 5244 μετὰ
3679 5190 3781 5247 γυ-

2135 5257 2316 5320 ναικὸς
2350 5253 2566 5328 ἐξένιζεν
2599 5259 2658 5314 οὗ
2688 5256 2892 5334 μᾶλλον
2948 5261 3132 5326 κοινῆς
3176 5255 3439 5336 τραπέζης
3499 5257 3587 5314 καὶ
3636 5255 3784 5313 ἆλῶν

2132 5347 2274 5422 αὒτῷ
2331 5354 2705 5410 κοινωνοῦντες
2765 5346 2799 5414 ἢ
2859 5347 3069 5427 τρόπων
3125 5347 3211 5404 καὶ
3271 5347 3472 5425 ἀρετῶν
3534 5348 3624 5403 καὶ
3683 5343 3780 5414 τῆς

2133 5434 2202 5492 δι’
2233 5436 2478 5496 ἁπάντων
2511 5437 2819 5500 ἐπιεικείας.

2211 5523 2290 5587 Γ’.
2343 5513 2441 5584 Ἠν
2499 5525 2553 5583 δὲ
2583 5532 2651 5603 τῇ
2679 5524 2820 5604 καλῇ
2871 5523 3104 5607 ξυνωρίδι
3163 5527 3330 5604 ταύτῃ
3369 5527 3458 5584 καὶ
3491 5523 3678 5592 δοῦλος
3725 5522 3779 5583 ἒν

2130 5615 2322 5695 ἀρετῆς
2392 5615 2536 5696 λόγῳ
2597 5614 2784 5691 πολλῷ
2857 5622 2964 5675 τῶν
3023 5614 3289 5678 δεσποτῶν
3342 5616 3656 5697 τιμιώτερος
3730 5617 3774 5693 ᾦ
