4020 6142
195 296 315 369 709
1157 299 1341 368 VITA
1387 305 1448 366 S.
1496 293 1886 367 MARCELLI
1928 291 2620 367 ARCHIMANDRIT/E.
3445 305 3564 373 7l0

190 441 430 508 τοσαύτη
475 446 668 518 περιῆν
727 441 822 508 τῆς
883 443 1068 519 ψυχῆς
1113 438 1373 517 ἐλευθερία
1428 460 1486 494 τε
1543 439 1630 494 καὶ
1689 438 1834 516 εύγέ-

1928 435 2294 500 nerabilior:
2331 439 2424 500 cui
2473 446 2632 499 tanta
2681 437 2873 500 inerat
2914 438 3098 500 animi
3147 439 3480 519 ingenuitas
3509 452 3566 504 et

191 551 330 609 νεια,
367 532 442 594 ὼς
471 529 560 586 καί
590 530 786 595 ταύτης
845 526 1014 598 δήπου
1065 533 1163 592 τῆς
1221 533 1326 583 τῶν
1383 525 1651 582 δεσποτῶν
1707 529 1834 602 ἀρε-

189 624 296 685 τῆς
357 619 566 675 ἐκεῖνον
598 618 836 696 γενέσθαι
868 619 1022 696 φασὶν
1055 617 1250 696 αἴτιον,
1302 619 1388 673 καὶ
1435 614 1619 672 δοῦλον
1664 616 1834 694 ὀφθῆ-

161 730 277 772 ,ναι
340 706 624 769 δεσπόταις
684 707 936 762 τοιούτων
996 709 1204 784 ἀγαθῶν
1283 705 1554 783 πρόξενον.
1620 705 1692 762 Οὗ
1749 708 1835 760 καὶ

189 795 332 852 ἀλλά
394 797 643 872 ὑμνεῖται
700 795 894 870 πολλὰ,
933 797 1064 872 πρὸς
1123 793 1176 850 δὲ
1223 796 1306 851 καὶ
1351 794 1430 849 ὅτι
1491 793 1748 855 πολλάκις
1783 793 1836 848 ἐν

187 899 314 950 τοῖς
370 889 490 964 περὶ
541 887 642 952 τὴν
702 885 856 941 πόλιν
905 884 1254 961 ἀσκητηρίοις
1301 890 1406 939 τῶν
1441 882 1618 939 πυλῶν
1650 883 1836 947 αὐταῖς

188 975 397 1030 κλεισὶν
454 977 511 1030 εὖ
563 973 941 1050 ἡρμοσμένων,
1003 973 1154 1036 οὗτος
1226 972 1352 1050 ἀωρὶ
1427 978 1533 1027 τῶν
1608 977 1832 1042 νυκτῶν,

189 1060 425 1136 μηδενὸς
485 1062 626 1136 αύτῷ
683 1061 1083 1141 διανοίγοντος,
1173 1061 1334 1137 μέσος
1397 1060 1643 1138 ἐφίστατο
1717 1072 1834 1124 τοϊς

189 1153 462 1218 hex-qut;
493 1149 692 1222 ᾅδουσι,
731 1150 834 1207 Καῖ
885 1149 1037 1206 τοῦτο
1079 1150 1176 1229 οὔχ
1232 1149 1391 1224 ἅπαξ,
1439 1148 1576 1204 ἀλλὰ
1628 1148 1836 1205 πολλά-

185 1263 274 1302 κις
329 1243 634 1318 γινόμενον,
680 1239 902 1319 φανερόν
958 1261 1014 1295 τε
1064 1239 1388 1310 καθίσταιτο,
1438 1240 1532 1294 καί
1575 1245 1666 1296 τοῦ
1722 1239 1840 1316 περὶ

189 1331 353 1387 αὐτοῦ
381 1329 545 1408 λόγου
574 1331 672 1396 τὴν
701 1328 855 1385 πόλιν
886 1329 1142 1406 ἐπλήρου.
1189 1326 1402 1403 ’Ὄνομα
1445 1327 1499 1383 δὲ
1557 1330 1633 1400 τῷ
1682 1331 1839 1404 εὖγε-

189 1440 270 1475 νει
321 1420 512 1494 τούτῳ,
576 1417 782 1494 μᾶλλον
839 1416 893 1473 δὲ
952 1425 1029 1492 τῷ
1088 1417 1280 1485 ἀληθεῖ
1335 1425 1428 1475 τοῦ
1471 1425 1601 1474 Θεοῦ
1643 1415 1835 1491 δούλῳ,

185 1507 494 1586 Πρόμοτος.
531 1507 694 1573 Οὗτος
725 1509 791 1574 ἧν
825 1509 852 1563 6
883 1507 1157 1585 Πρόμοτος
1188 1509 1284 1564 οὔκ
1335 1506 1518 1585 ὀλίγας
1556 1509 1642 1564 καὶ
1684 1513 1836 1584 Μαρ-

186 1595 374 1671 κέλλῳ
404 1595 571 1660 διδοὺς
603 1599 734 1673 πρὸς
789 1597 983 1674 ἀρετὴν
1041 1597 1306 1676 ἀφορμάς,
1337 1603 1499 1654 Τοῦτο
1530 1598 1630 1675 γὰρ
1686 1598 1836 1676 ἔργον

187 1687 340 1761 αύτῷ
398 1687 734 1767 πανταχόθεν
779 1687 843 1742 τὰ
901 1685 1039 1743 καλά
1083 1685 1381 1764 συλλέγειν,
1425 1687 1512 1742 καὶ
1555 1686 1734 1762 ὥσπερ
1777 1687 1838 1742 ἐκ

1918 529 2212 603 nobilitas,
2269 537 2332 590 ut
2390 529 2567 607 hujus
2612 527 2992 589 dominorum
3033 533 3263 591 virtutis
3311 531 3440 604 ille,
3503 541 3566 593 ut

1915 620 2102 694 aiunt,
2137 637 2268 682 esse
2302 627 2530 697 auctor,
2583 625 2645 678 et
2693 618 2854 678 visus
2885 623 2960 678 sit
2990 635 3203 680 servus
3233 626 3349 680 tam
3383 619 3567 682 multa

1915 708 2178 771 dominis
2231 708 2384 769 bona
2415 705 2792 768 conciliasse.
2842 705 3026 786 Cujus
3073 715 3134 768 et
3177 705 3292 768 alia
3321 708 3562 788 quidem

1919 799 2102 860 multa
2135 798 2472 869 laudantur,
2507 803 2564 856 et
2590 797 2700 858 hoc
2721 797 2881 858 inter
2902 805 3137 878 caetera,
3170 798 3330 878 quod
3353 798 3413 860 in
3438 817 3566 859 mo-

1919 888 2222 962 nasteriis,
2257 904 2389 966 qua;
2421 894 2589 946 erant
2647 885 2706 946 in
2745 885 3001 961 civitate,
3059 888 3245 967 portis
3299 887 3568 951 clavibus

1917 985 2084 1039 recte
2107 977 2346 1053 clausis,
2383 976 2432 1036 is
2459 975 2820 1053 intempesta
2843 984 3036 1054 nocte,
3069 976 3312 1038 nemine
3338 977 3391 1038 ei
3417 994 3564 1058 ape-

1918 1065 2132 1137 riente,
2171 1065 2402 1127 astabat
2433 1071 2491 1125 in
2517 1063 2714 1125 medio
2739 1065 3165 1126 monachorum
3195 1066 3562 1128 canentium.

1925 1153 2107 1234 [dque
2131 1174 2264 1216 cum
2293 1173 2409 1216 non
2431 1153 2638 1225 semel,
2676 1153 2783 1214 sed
2815 1171 2972 1234 saepe
3005 1154 3198 1230 fieret,
3226 1155 3410 1216 evasit
3433 1174 3562 1217 ma-

1923 1245 2224 1318 nifestum,
2260 1253 2314 1306 et
2345 1243 2419 1304 de
2451 1245 2555 1304 hac
2587 1262 2650 1305 re
2681 1260 2880 1304 sermo
2912 1251 3089 1304 totam
3124 1243 3392 1324 implevit
3415 1245 3560 1306 civi-

1925 1341 2125 1395 tatem.
2180 1333 2328 1395 Huic
2377 1341 2578 1395 autem
2626 1332 2910 1412 ingenuo,
2942 1333 3034 1394 vel
3064 1350 3204 1395 vero
3237 1334 3431 1414 potius
3462 1335 3565 1397 Dei

1922 1439 2116 1503 servo,
2152 1441 2370 1484 nomen
2390 1431 2516 1484 erat
2545 1426 2874 1482 Promotus.
2912 1421 3020 1484 Hic
3049 1439 3194 1501 ergo
3224 1425 3561 1500 Promotus,

1921 1508 2199 1575 Marcello
2228 1529 2462 1594 quoque
2495 1529 2613 1573 non
2658 1529 2845 1592 pauca
2874 1511 2944 1573 ad
2977 1510 3254 1574 virtutem
3285 1512 3453 1575 dedit
3479 1513 3566 1576 in-

1921 1602 2258 1663 citamenta.
2295 1601 2357 1664 In
2392 1602 2505 1664 hoc
2537 1601 2695 1663 enim
2729 1601 2802 1662 ab
2859 1619 2930 1662 eo
2982 1600 3314 1682 ponebatur
3356 1620 3561 1683 opera,

1921 1697 1984 1751 ut
2014 1709 2144 1771 quae
2177 1693 2423 1754 honesta
2453 1698 2589 1753 sunt
2639 1691 2882 1771 indique
2941 1691 3269 1770 colligeret,
3321 1699 3382 1753 et
3427 1700 3564 1753 tan-

182 1774 413 1833 πολλῶν
443 1774 640 1832 ἀνθέων
685 1775 899 1833 πλέκειν
942 1775 1113 1848 ἑαυτῷ
1169 1777 1260 1832 τὸν
1312 1777 1410 1842 τῆς
1466 1776 1656 1854 ἀρετῆς
1708 1776 1834 1833 στέ-

1925 1798 2098 1860 quam
2127 1801 2194 1844 ex
2229 1780 2428 1842 multis
2447 1778 2694 1843 ﬂoribus
2717 1780 2831 1841 sibi
2857 1780 3094 1842 virtutis
3116 1798 3396 1843 coronam
3415 1800 3564 1844 con-

186 1885 385 1945 φανον.
423 1866 566 1921 Μετὰ
621 1863 676 1921 δὲ
733 1873 839 1922 τῶν
885 1863 1062 1922 ἄλλων
1104 1864 1286 1922 καλῶν
1332 1866 1406 1921 ὧν
1437 1864 1553 1944 ἔχει
1587 1865 1835 1938 Μάρκελ-

185 1954 284 2034 λο,
317 1954 566 2033 ὑπῆρχεν
611 1954 752 2029 αὒτῴ
795 1956 882 2011 καὶ
917 1956 974 2010 τὸ
1011 1956 1230 2034 γράφειν
1276 1955 1348 2018 είς
1379 1953 1596 2020 κάλλος,
1632 1954 1840 2032 ’Ἔγρα-

185 2064 286 2122 φεν
353 2043 444 2099 οὖν
474 2056 598 2108 ταῖς
655 2045 811 2124 χερσὶ
866 2045 954 2100 καὶ
999 2043 1199 2124 ἐπόνει,
1254 2047 1462 2100 καὶτοῦ
1492 2043 1696 2100 ἐκεῖθεν
1739 2046 1834 2100 a3-

184 2139 266 2207 τῷ
311 2133 662 2208 ποριζομένου
719 2136 907 2209 μισθοῦ
952 2133 1110 2212 μέρος
1167 2155 1217 2190 τι
1267 2134 1396 2210 πρὸς
1441 2135 1533 2197 τὰς
1577 2140 1668 2190 τοῦ
1724 2133 1836 2188 σώ-

187 2242 365 2295 ματος
427 2219 723 2278 ἀναλίσκων
779 2223 988 2302 χρείας,
1046 2225 1109 2279 τὸ
1178 2221 1366 2279 λοιπὸν
1424 2236 1656 2301 παρεῖχε
1719 2234 1838 2286 τοῖς

185 2306 492 2385 δεομένοις,
539 2309 760 2368 Ἢνύετο
818 2310 872 2367 δὲ
917 2313 1059 2386 αύτῷ
1088 2313 1178 2367 σὺν
1207 2318 1284 2386 τῷ
1335 2310 1470 2383 ἐλέῳ
1517 2314 1605 2368 καὶ
1661 2310 1838 2368 δικαιε-

191 2401 392 2465 οσύνης
461 2400 802 2478 κατόρθωμα.
863 2403 918 2458 Εἰ
962 2401 1061 2479 γὰρ
1121 2400 1312 2457 πλεῖον
1353 2401 1498 2473 αὒτῷ
1553 2407 1644 2457 τοῦ
1701 2422 1836 2477 γρα-

195 2488 387 2569 φέντος
432 2491 459 2546 6
519 2490 704 2564 μισθὸς
763 2487 1091 2570 κατεϐλήθη,
1129 2491 1156 2546 6
1197 2489 1251 2545 δὲ
1284 2490 1379 2547 οῦκ
1410 2491 1684 2570 ἠνεῖχετο,
1723 2487 1840 2546 ἀλλ’

199 2577 258 2633 εἴ
315 2599 363 2634 τι
407 2585 706 2658 περιττεῦον
754 2577 844 2657 ἧν,
879 2579 1193 2658 ἀντέστρεφε
1250 2581 1381 2658 πρὸς
1424 2581 1516 2636 τὸν
1548 2577 1839 2638 δεδωγότα.

198 2668 301 2724 Καὶ
359 2666 500 2723 οὕτω
541 2665 779 2742 διέμενεν
832 2669 1033 2746 ἡμέρας
1094 2670 1191 2744 μὲν
1252 2674 1322 2744 τῇ
1378 2674 1557 2748 γραφῇ
1599 2691 1840 2747 προστα-

191 2755 507 2836 λαιπωρῶν,
559 2759 648 2814 καὶ
689 2759 762 2822 ὣς
793 2758 858 2815 τὰ
899 2757 1020 2816 θεῖά
1075 2779 1202 2839 φασι
1251 2758 1430 2836 λόγια,
1463 2759 1524 2814 τὸ
1555 2757 1706 2836 ἔργον
1736 2759 1842 2817 τῶν

194 2853 398 2925 χειρῶν
453 2848 614 2903 αὐτοῦ
669 2849 800 2926 πρὸς
883 2849 1013 2904 Θεὸν
1101 2848 1428 2903 κατευθύνων
1465 2865 1478 2882 ⁸
1539 2848 1728 2912 νύκτας
1785 2847 1840 2903 δὲ

195 2934 396 3016 σχεδὸν
423 2936 600 3000 πάσας
660 2937 731 2999 εἰς
778 2935 948 3016 εὐχὴν
1001 2935 1322 3010 ἀναλίσκων,
1356 2938 1445 2993 καὶ
1501 2934 1584 2992 διὰ
1640 2937 1839 3004 ταύτης

191 3023 362 3094 ἡδέως
395 3023 600 3102 ὁμιλῶν
644 3025 760 3100 Θεῷ
798 3027 885 3083 καὶ
942 3025 1241 3101 ἑνούμενος.
1307 3026 1364 3082 Ei
1393 3024 1448 3082 δέ
1477 3048 1580 3084 που
1609 3028 1698 3083 καὶ
1741 3050 1838 3103 μι-

194 3115 318 3187 κρόν
349 3135 402 3170 τι
457 3118 536 3186 τῷ
591 3112 738 3187 ὕπνῳ
793 3113 1048 3190 ἀπένειμε
1106 3111 1177 3170 δι’
1233 3113 1398 3182 αὐτὴν
1454 3113 1691 3194 ἀνάγκην
1750 3123 1901 3216 τοῦα

195 3201 472 3277 σώματος,
523 3199 643 3258 ἀλλ’
699 3199 815 3258 οὐδὲ
873 3205 1016 3276 αύτῷ
1071 3201 1255 3260 ἄνετον
1303 3205 1392 3278 ἦν,
1427 3201 1547 3260 ἀλλ’
1591 3204 1840 3262 ἐπίπονον

197 3292 288 3347 καὶ
343 3289 758 3366 κεκολασμένον.
820 3291 970 3349 Οὕτω
1014 3298 1120 3357 πᾶς
1166 3294 1192 3348 6
1249 3292 1444 3372 χρόνος
1492 3294 1635 3367 αὐτῷ
1663 3295 1840 3351 πόνων

205 3399 265 3434 τε
295 3378 386 3434 καὶ
416 3379 588 3436 κόπων
617 3381 706 3437 καὶ
737 3380 957 3459 ἀγώνων
988 3383 1184 3458 μεστὸς
1214 3381 1304 3450 ἧν,

277 3556 363 3621 Δ’,
411 3556 666 3623 Ἀκούσας
698 3557 753 3616 δέ
795 3581 912 3617 τινα
955 3558 1298 3639 Ἀλέξανδρον
1351 3563 1483 3639 πρὸς
1519 3562 1613 3630 τὴν
1644 3562 1838 3638 ἀρετὴν

192 3645 589 3726 ἀπαράμιλλον,
636 3651 818 3726 πλήρη
879 3649 978 3726 μὲν
1010 3648 1217 3730 σοφίας,
1264 3649 1447 3728 πλήρη
1503 3651 1554 3706 δὲ
1599 3673 1834 3724 ποιμαν-

189 3741 349 3805 τικῆς
382 3734 649 3815 ἀκριϐείας
696 3741 782 3796 καὶ
833 3743 1026 3819 ψυχῶν
1076 3741 1420 3818 προστασίας,
1477 3741 1564 3796 ἰπὶ
1623 3739 1837 3796 πολλῶν

189 3827 311 3883 τότε
370 3827 610 3904 σωτηρίᾳ
636 3833 706 3904 τῇ
737 3827 996 3898 Βύζαντος
1029 3827 1480 3908 ἐπιχωριάζοντα,
1509 3830 1682 3888 οὐκέτι
1713 3841 1830 3892 τοῖς

187 3918 417 3998 παροῦσι
477 3918 654 3994 μένειν
731 3919 935 3998 ἠγάπα,
1010 3918 1146 3976 ἀλλά
1205 3920 1497 3998 κρείττονος
1559 3919 1832 4000 ἐφιέμενος

187 4007 433 4086 ἀγωγῆς,
466 4007 495 4062 ὅ
525 4030 574 4064 τι
623 4006 858 4088 τάχιστα
905 4009 1035 4088 πρὸς
1083 4009 1240 4066 αὑτὸν
1295 4011 1499 4090 εφοίτα,
1565 4011 1663 4068 Καὶ
1713 4010 1834 4066 τότε

186 4097 281 4171 μὲν
346 4100 374 4153 6
419 4100 564 4162 θεῖος
595 4095 934 4176 Ἀλέξανδρος
986 4107 1118 4173 πρὸς
1169 4103 1246 4171 τῷ
1273 4099 1398 4176 ἱερῷ
1429 4098 1569 4173 οἴκῳ
1610 4108 1701 4159 τοῦ
1729 4120 1833 4175 με.

187 4185 355 4264 γάλου
387 4185 444 4242 ἐν
490 4187 712 4265 μάρτυσι
769 4188 863 4256 τὴν
910 4186 1138 4255 ἄσκησιν
1181 4187 1512 4247 ἐπεδείκνυτο
1545 4206 1558 4221 '
1615 4188 1830 4268 ὕστερον

182 4272 236 4330 δὲ
323 4276 459 4353 πρὸς
539 4277 680 4349 αύτῷ
763 4279 839 4350 τῷ
907 4288 1000 4334 του
1070 4278 1271 4336 Πόντου
1329 4279 1559 4355 στόματι
1635 4282 1828 4355 σεμνὸν

184 4363 418 4444 ἱδρύεται
501 4367 926 4446 φροντιστήριον,
1011 4368 1175 4431 Οὗτος
1251 4369 1340 4424 καὶ
1414 4371 1577 4445 νόμον
1633 4371 1832 4446 εἰσάγει

184 4455 371 4511 καινὸν
415 4455 536 4529 μὲν,
569 4453 706 4511 ἀλλά
747 4458 853 4512 τῶν
895 4455 1216 4534 ἁπανταχοῦ
1269 4457 1557 4516 κάλλιστον
1591 4475 1608 4492 ⁶
1669 4459 1830 4532 μηδέ-ν

185 4565 318 4600 ποτε
377 4550 485 4600 τῶν
528 4545 601 4608 εἰς
651 4545 781 4601 Θεὸν
821 4543 1000 4620 ὕμνων
1043 4547 1105 4602 τὸ
1147 4547 1372 4627 συνεχὲς
1429 4548 1824 4625 διακόπτεσθαι,

184 4632 326 4690 ἀλλά
368 4639 438 4710 τῇ
489 4635 624 4691 κατὰ
680 4632 938 4714 διαδοχὴν
995 4641 1101 4691 τῶν
1161 4639 1610 4716 λειτουργούντων
1651 4640 1826 4699 ὑπαλ-

183 4719 330 4801 λαγῇ
391 4723 490 4790 τὴν
556 4722 810 4801 ἀσίγητον
869 4725 1067 4792 ταύτην
1127 4727 1213 4782 καὶ
1264 4725 1530 4787 ἄπαυστον
1588 4731 1664 4804 τῷ
1725 4740 1829 4786 Δε-

183 4814 361 4889 σπότῃ
436 4817 821 4892 περιποιεῖσθαι
907 4812 1235 4894 δοξολογίαν.
1319 4817 1404 4892 Τῷ
1478 4821 1600 4892 θείῳ
1658 4820 1828 4876 τοίνυν

183 4900 512 4982 Ἀλεξάνδρῳ
583 4904 674 4959 τὸν
746 4903 1052 4973 Μάρκελλον
1135 4905 1312 4963 ἐκεῖσε
1396 4909 1828 4988 παραγενόμενον

183 4993 210 5048 6
257 4993 506 5073 χρηστὸς
556 4996 768 5051 συνίστα
827 4991 1104 5074 Ἰάκωϐος,
1139 4995 1195 5059 ὃς
1253 4997 1482 5066 συνήθης
1541 4997 1638 5072 μὲν
1691 4999 1830 5076 πρό-

184 5101 342 5158 τερον
403 5080 630 5159 ἐγενήθη
689 5082 1004 5162 Μαρκέλλῳ,
1071 5081 1400 5164 Ἀλεξάνδρῳ
1458 5083 1512 5141 δὲ
1571 5088 1830 5166 φοιτήσας

182 5178 396 5250 πρῶτος
466 5172 608 5246 αὒτῷ
666 5171 721 5227 ἐν
780 5176 1049 5248 μαθηταῖς
1105 5173 1196 5240 ἦν.
1259 5174 1424 5241 Οὗτος
1484 5175 1673 5256 ἔχαιρε
1733 5178 1828 5252 μὲν

186 5256 515 5338 Ἀλεξάνδρῳ
565 5262 1018 5342 μαθητευόμενος,
1081 5263 1202 5330 ἡνία
1273 5260 1329 5318 δέ
1396 5266 1555 5322 αῦτὸν
1616 5265 1696 5322 ὅτι
1753 5267 1830 5342 μὴ

184 5352 264 5409 καὶ
296 5349 611 5431 Μάρκελλον
640 5351 767 5432 εἶχε
800 5353 1194 5430 συμφοιτητήν.

261 5530 345 5590 E’.
381 5528 647 5589 Ἐπεὶοῦν
677 5531 766 5588 καὶ
822 5529 1023 5598 ἥκοντα
1074 5528 1241 5611 εἶδεν,
1290 5528 1522 5610 ἅσμενος
1569 5537 1825 5616 προσάγει

190 5624 262 5696 τῷ
295 5618 621 5697 διδασκάλῳ,
669 5621 781 5696 καὶ,
832 5619 996 5684 Οὗτός
1044 5618 1179 5703 ἔστι,
1212 5619 1380 5701 λέγει,
1413 5625 1601 5707 πάτερ,
1637 5625 1695 5690 ὃς
1726 5625 1825 5708 ἄρα

1923 1878 2166 1934 tereret.
2226 1870 2372 1932 Cum
2429 1870 2563 1933 aliis
2624 1877 2820 1931 autem
2881 1869 3077 1950 bonis,
3132 1887 3264 1951 qum
3309 1869 3568 1932 habebat

1924 1959 2253 2036 Marcellus,
2303 1961 2416 2021 hoc
2447 1977 2686 2040 quoque
2720 1959 2777 2021 ei
2827 1959 3044 2033 inerat,
3077 1959 3235 2040 quod
3267 1959 3569 2022 scribebat

1925 2049 2347 2128 pulcherrime.
2389 2047 2697 2110 Scribebat
2732 2067 2896 2127 ergo,
2947 2057 3006 2110 et
3038 2048 3342 2112 laborabat
3375 2051 3570 2112 mani-

1923 2136 2072 2201 bus:
2108 2149 2165 2200 et
2196 2139 2516 2211 mercedis,
2556 2155 2688 2218 qua:
2746 2138 2909 2199 illinc
2947 2137 3003 2198 ei
3057 2139 3568 2220 suppeditabatur,

1926 2237 2153 2306 partem
2201 2227 2461 2308 aliquam
2509 2227 2904 2288 consumebat
2953 2226 3024 2287 ad
3077 2245 3221 2288 usus
3277 2232 3570 2309 corporis,

1923 2316 2209 2396 reliquam
2231 2333 2367 2377 vero
2389 2316 2690 2396 praebebat
2707 2315 3041 2393 egentibus.
3069 2315 3197 2378 Una
3213 2325 3408 2378 autem
3435 2336 3570 2380 cum

1925 2405 2359 2481 misericordia,
2393 2423 2457 2466 se
2489 2415 2650 2468 recte
2676 2423 2918 2484 quoque
2949 2405 3193 2485 gerebat
3227 2407 3286 2466 in
3312 2407 3568 2484 justitia.

1925 2492 2069 2556 Nam
2102 2496 2149 2555 si
2185 2495 2375 2575 major
2403 2497 2456 2556 ei
2488 2495 2680 2556 soluta
2732 2503 2896 2555 esset
2947 2510 3204 2570 merces,
3254 2512 3430 2574 quam
3464 2513 3570 2576 pro

1926 2585 2236 2664 scripturaa
2263 2601 2466 2664 opera,
2499 2583 2600 2646 ille
2633 2602 2752 2645 non
2802 2583 3132 2645 sustinebat
3160 2603 3174 2647 :
3209 2584 3316 2645 sed
3344 2584 3396 2646 si
3425 2585 3571 2665 quid

1925 2683 2053 2735 erat
2090 2675 2366 2754 amplius,
2397 2671 2685 2735 reddebat
2715 2672 2770 2735 ei
2803 2673 2906 2754 qui
2951 2673 3225 2736 dederat.
3257 2671 3328 2734 Et
3355 2673 3442 2735 sic
3472 2675 3568 2736 in-

1927 2763 2119 2825 terdiu
2147 2763 2386 2844 quidem
2408 2761 2825 2844 perseverabat
2846 2759 3118 2824 laborare
3136 2762 3198 2823 in
3219 2760 3566 2840 scribendo,

1925 2861 1984 2914 et
2013 2853 2166 2915 sicut
2195 2852 2360 2913 aiunt
2389 2851 2590 2913 divina
2616 2849 2887 2932 Eloquia,
2922 2868 3071 2931 opus
3115 2869 3397 2914 manuum
3426 2869 3570 2914 sua-

1924 2960 2056 3003 rum
2088 2941 2354 3020 dirigens
2386 2962 2400 2999 :
2437 2950 2617 3003 totam
2643 2949 2838 3002 autem
2882 2939 3006 3002 fere
3057 2948 3292 3002 noctem
3343 2959 3568 3004 consu-

1925 3030 2124 3093 mebat
2153 3031 2215 3091 in
2246 3031 2536 3106 oratione,
2572 3037 2630 3091 et
2660 3047 2767 3110 per
2805 3047 2935 3092 eam
2986 3047 3122 3093 cum
3155 3029 3278 3095 Deo
3301 3030 3570 3110 jucunde

1925 3120 2301 3202 loquebatur,
2355 3128 2413 3183 et
2442 3121 2498 3182 ei
2531 3119 2876 3183 uniebatur.
2922 3119 2982 3182 SI
3013 3137 3152 3182 vero
3183 3137 3392 3200 parum
3422 3121 3565 3202 quid

1924 3227 2134 3272 somno
2157 3227 2394 3292 quoque
2418 3209 2712 3271 tribueret
2736 3217 2981 3290 propter
3003 3209 3418 3272 necessitatem
3440 3227 3571 3273 cor-

1925 3299 2111 3380 poris,
2150 3318 2226 3362 ne
2249 3301 2361 3363 hoc
2391 3298 2632 3381 quidem
2665 3299 3151 3373 eratremissum,
3183 3298 3288 3360 sed
3313 3298 3572 3362 laborio-

1922 3407 2053 3450 sum
2083 3399 2143 3453 et
2172 3391 2546 3469 castigatum.
2579 3387 2679 3452 Sic
2711 3389 2766 3450 ei
2795 3389 3136 3451 universum
3168 3395 3403 3470 tempus
3441 3397 3568 3452 erat

1919 3477 2223 3541 laboribus
2256 3479 2496 3560 plenum
2526 3487 2584 3540 et
2613 3478 3066 3542 certaminibus.

2000 3566 2097 3629 ιν.
2134 3568 2278 3630 Cum
2310 3577 2504 3631 autem
2561 3567 2852 3630 audiisset
2905 3567 3327 3643 Alexandrum,
3371 3567 3562 3628 virum

1919 3658 2237 3739 quemdam
2257 3659 2468 3720 virtute
2491 3656 3296 3737 incomparabilem,plenum
3320 3655 3564 3737 quidem

1919 3745 2230 3828 sapientia,
2260 3747 2500 3828 plenum
2534 3754 2595 3809 et
2622 3747 2902 3827 pastorali
2933 3745 3337 3807 sollicitudine
3357 3745 3564 3807 etdili-

1917 3837 2117 3916 gentia
2139 3853 2398 3916 curaque
2421 3835 2777 3908 animarum,
2799 3835 2870 3896 ad
2905 3833 3224 3895 multorum
3249 3846 3391 3896 tunc
3410 3832 3564 3896 salu-

1915 3935 2033 3987 tem
2066 3924 2284 4004 degere
2315 3925 2595 4006 Bysantii,
2632 3943 2752 3986 non
2787 3923 2956 3986 duxit
2997 3941 3132 3985 esse
3164 3922 3276 3985 sibi
3313 3940 3562 3985 manen-

1915 4015 2055 4076 dum
2105 4017 2162 4078 in
2213 4014 2651 4095 praesentibus:
2685 4013 2788 4075 sed
2839 4013 3192 4076 desiderans
3252 4012 3562 4074 meliorem

1915 4104 2047 4166 vitae
2076 4105 2532 4179 institutionem,
2566 4103 2636 4165 ad
2669 4121 2808 4165 eum
2830 4103 2990 4165 venit
3018 4121 3195 4184 quam
3217 4101 3560 4167 celerrime.

1913 4193 1983 4255 Et
2041 4201 2182 4255 tunc
2242 4193 2482 4274 quidem
2523 4193 2758 4254 divinus
2817 4192 3164 4256 Alexander
3220 4191 3282 4254 in
3344 4193 3564 4272 templo

1915 4283 2113 4362 magni
2143 4283 2417 4365 martyris
2446 4285 2638 4346 Mena;
2665 4283 3059 4345 exercebatur
3093 4299 3109 4357 ;
3139 4289 3344 4362 postea
3366 4290 3562 4343 autem

1913 4372 1975 4434 in
2029 4374 2160 4454 ipso
2218 4391 2455 4454 quoque
2511 4373 2664 4434 ostio
2718 4372 2887 4434 Ponti
2915 4369 3321 4433 venerandum
3363 4371 3565 4436 statuit

1917 4463 2375 4525 monasterium.
2433 4463 2496 4524 In
2530 4482 2648 4544 quo
2695 4481 2905 4524 novam
2951 4460 3219 4543 quidem,
3253 4459 3359 4522 sed
3391 4461 3566 4540 longe

1918 4553 2180 4614 omnium
2203 4553 2694 4632 pulcherrimam,
2715 4552 2906 4631 legem
2927 4550 3304 4632 imposuit,ut
3325 4551 3567 4632 hymno-

1913 4658 2044 4703 rum
2071 4641 2144 4702 ad
2167 4639 2352 4701 Deum
2379 4643 3233 4722 nunquaminterrumperetur
3255 4640 3562 4720 perpetui-

1916 4738 2024 4805 tas,
2059 4730 2162 4792 sed
2194 4727 2300 4810 pEr
2327 4731 2488 4791 vices
2507 4731 2744 4791 mutatis
2767 4731 3079 4809 ministris,
3110 4731 3232 4791 haec
3257 4746 3560 4806 nunquam

1912 4819 2096 4882 silens
2129 4828 2186 4880 et
2217 4838 2519 4900 nunquam
2555 4820 2991 4899 conquiescens
3025 4818 3389 4880 tribueretur
3436 4819 3560 4881 Deo

1913 4908 2284 4988 gloriﬁcatio.
2307 4910 2513 4971 Divino
2529 4926 2674 4987 ergo
2692 4907 3032 4970 Alexandro
3048 4907 3559 4980 Marcellum,cum

1913 4999 2054 5060 illuc
2082 4998 2453 5078 accessisset,
2491 4998 2681 5059 bonus
2712 4996 3097 5058 commendat
3125 4995 3382 5059 Jacobus
3411 5016 3425 5058 :
3461 4992 3563 5075 qui

1915 5085 2078 5166 prius
2101 5085 2340 5166 quidem
2364 5085 2638 5147 Marcello
2664 5083 2855 5146 luerat
2877 5084 3190 5146 familiaris
3214 5105 3226 5145 :
3261 5102 3395 5144 cum
3414 5100 3560 5145 ven-

1915 5173 2139 5236 titasset
2169 5182 2364 5236 autem
2392 5174 2465 5235 ad
2498 5172 2923 5247 Alexandrum,
2960 5181 3086 5234 erat
3117 5172 3171 5234 ei
3199 5172 3425 5252 primus
3459 5171 3556 5233 in-

1915 5273 2004 5326 ter
2035 5263 2379 5344 discipulos.
2415 5266 2471 5327 ls
2502 5282 2638 5325 vero
2669 5262 2962 5342 gaudebat
3017 5261 3257 5344 quidem
3316 5279 3381 5324 se
3428 5279 3562 5324 esse

1911 5352 2226 5417 Alexandri
2258 5353 2619 5435 discipulum
2646 5375 2662 5427 ;
2691 5353 2846 5414 male
2869 5361 3066 5415 autem
3092 5369 3226 5415 eum
3277 5350 3558 5427 habebat,

1910 5443 2067 5525 quod
2097 5461 2218 5504 non
2248 5442 2321 5505 ad
2351 5443 2548 5525 ipsum
2580 5451 2819 5524 quoque
2863 5441 3185 5506 ventitaret
3211 5441 3556 5504 Marcellus.

1991 5531 2062 5596 V.
2089 5531 2406 5611 Postquam
2429 5551 2568 5614 ergo
2591 5550 2728 5595 eum
2751 5531 2896 5594 vidit
2919 5532 3286 5614 venientem,
3317 5549 3456 5595 eum
3483 5531 3560 5593 li-

1910 5623 2126 5688 benter
2155 5621 2397 5689 adducit
2428 5622 2500 5686 ad
2535 5621 2906 5704 magistrum,
2943 5628 3027 5705 et,
3060 5620 3168 5685 llic
3236 5631 3350 5704 est,
3380 5620 3576 5704 inquit

3972 2005 4017 2069 κ

3972 2080 4018 2161 ὲ

3973 2169 4018 2303 ἒ

3974 2308 4018 2474 ἒ

3974 2598 4018 2728 Ξ

3974 2739 4020 2803 L'.

3973 2814 4020 2937 Ξ

3973 2993 4020 3108 Ξ

3973 3171 4020 3247 ἑ

3973 3354 4020 3451 ἰ

3973 3479 4020 3637 Ξ

3972 3658 4020 3799 ἒ

3973 3812 4020 3913 Ξ

3973 4023 4020 4154 Ξ

3974 4157 4020 4214 ο.-
